4046 6440
348 402 445 469 561

1529 405 1627 466 DE
1670 407 1908 468 SACRA
1952 406 2453 472 PRECATIONE.

3528 399 3632 464 562

347 520 570 590 ἡμέραν
615 517 850 590 λέγομεν
900 515 1140 574 ἐνταῦθά
1184 537 1266 583 τε,
1313 518 1406 573 καὶ
1458 521 1525 590 τῇ
1587 520 1745 588 τρίτη
1793 519 1966 590 ὥρᾳ..

2073 535 2129 572 er
2188 519 2246 574 in
2306 521 2394 575 die
2440 522 2781 576 recitamus:
2823 531 2969 572 nunc
3021 491 3241 586 quidem
3295 527 3360 568 ac
3391 512 3443 566 in
3495 510 3627 564 hora

351 618 448 670 καὶ
482 616 550 685 τῇ
583 613 692 667 τῶν
715 611 1383 683 ἁποδείπνωνδοξολογίᾳ,
1432 612 1556 681 ἥτις
1621 613 1716 665 καὶ
1784 610 1939 680 παρὰ

351 711 466 774 τοῖς
497 707 752 769 παλαιοῖς
789 704 1028 776 ᾁδομένη
1085 703 1422 772 εὑρίσκεται,
1491 702 1566 765 ὡς
1616 702 1712 756 καὶ
1763 703 1820 755 ὲν
1873 703 1941 773 τῇ

357 800 587 866 ἀθλήσει
627 797 724 850 τοῦ
769 796 1262 867 μεγαλομάρτυρος
1292 795 1631 865 Εὐστρατίου
1676 794 1757 859 τὸ,
1789 811 1808 845 ι
1846 794 1948 846 Δέο

356 908 534 948 σιτοτα
559 889 660 944 Θεδ
691 891 875 961 Πάτερ
905 889 1308 960 παντοκράτορ,
1339 887 1514 957 Κύριε
1567 886 1669 940 Yth
1719 902 1946 956 μονογε-

354 986 442 1041 vi:
485 983 663 1052 Ἰησοῦ
694 984 926 1055 Χριστὲ,
966 983 1064 1038 καὶ
1092 983 1246 1049 ἅγιον
1271 982 1522 1050 Πνεῦμα,
1560 981 1660 1052 μία
1711 979 1937 1050 Θεότης,

361 1072 462 1144 μία
495 1073 746 1142 δύναμις,
785 1092 804 1126 ι
840 1072 936 1127 καὶ
985 1072 1053 1128 τὰ
1112 1073 1262 1139 ἑξῆς.
1309 1073 1530 1142 Ταύτης
1575 1069 1945 1139 τελεσθείσης,

245 1177 266 1186 '
357 1163 457 1218 καὶ
487 1163 549 1216 τὸ
589 1162 780 1232 ὥσπερ
817 1163 1092 1232 μεσώριον
1121 1163 1348 1231 λέγεται
1372 1161 1468 1216 τοῦ
1525 1157 1946 1230 μεσονυκτικοῦ,

360 1252 508 1306 καθά
527 1270 674 1314 τινες
704 1253 918 1306 ποιοῦσι
947 1253 1043 1307 καὶ
1077 1253 1138 1305 ἐν
1163 1255 1285 1316 ταῖς
1343 1253 1454 1306 τῶν
1505 1252 1668 1322 ὡρῶν
1723 1249 1948 1306 ἀκολου-

363 1345 532 1409 θίαις.
577 1345 721 1398 Ἀλλ’
746 1346 944 1398 ἐκεῖνοι
977 1345 1076 1414 μὲν
1107 1345 1183 1407 ὡς
1213 1344 1439 1414 θελητδν
1481 1345 1668 1407 αὐτοῖς
1727 1342 1804 1405 ὡς
1856 1343 1950 1396 καὶ

361 1438 530 1499 ἄλλας
583 1437 908 1500 ἀκολουθίας
950 1436 1238 1514 προθυμίᾳ
1285 1437 1496 1490 ἑαυτῶν
1539 1436 1636 1489 καὶ
1679 1434 1948 1505 διακρίσει

363 1530 624 1598 Πατάρων
648 1529 1142 1598 διενεργείτωσαν’
1201 1527 1274 1580 τὰ
1328 1526 1697 1596 νενομισμένα
1735 1527 1793 1580 δέ
1842 1526 1949 1578 εἰσι

363 1619 559 1694 ταῦτα.
609 1618 755 1688 Ἐγὼ
778 1618 837 1673 δὲ
867 1618 1029 1674 τοῦτο
1069 1619 1236 1690 εὐχὴν
1265 1619 1407 1688 ὑπὲρ
1460 1618 1570 1672 τῶν
1618 1619 1676 1672 ὲν
1726 1614 1952 1684 Χριστῷ

363 1715 707 1772 ἀπελθόντων
776 1713 986 1784 νομίζω
1049 1706 1446 1766 συντεθεῖσθαι.
1505 1713 1637 1776 Διὶ),
1701 1731 1718 1762 ι
1759 1710 1946 1772 Δεῦτε,

366 1796 856 1878 προσκυνήσωμεν,
897 1823 916 1858 ι
949 1800 1105 1867 αὖθις
1154 1804 1388 1874 λέγομεν
1441 1803 1576 1872 μετὰ
1595 1801 1696 1872 τὴν
1760 1800 1950 1869 εὐχὴν,

291 1963 294 1966 ,
367 1901 458 1956 καὶ
481 1899 576 1954 δύο
621 1899 897 1970 ψαλμοὺς,
931 1897 1028 1951 καὶ
1057 1896 1397 1967 Τρισαργίου
1432 1894 1622 1965 εὐχὴν,
1663 1895 1757 1947 καὶ
1786 1891 1950 1955 εὐθὺς

371 1995 510 2063 ὑπὲρ
565 1992 676 2045 τῶν
727 1989 1154 2062 κεκοιμημένων
1201 1989 1495 2058 τροπάρια,
1559 1988 1639 2047 τὸ,
1691 2004 1709 2037 ι
1749 1984 1948 2054 Κύριε,

366 2085 613 2154 ἐλέησον,
647 2104 667 2137 ι
700 2081 1025 2144 δωδεκάκις,
1067 2081 1164 2135 καὶ
1191 2081 1292 2152 τὴν
1321 2079 1463 2149 ὑπὲρ
1531 2078 1713 2134 αὐτῶν
1760 2078 1951 2147 εὐχὴν,

364 2177 446 2244 τὸ,
490 2197 508 2230 ι
546 2177 859 2248 Μνήσθητι,
893 2177 1088 2246 Κύριε,
1128 2192 1148 2226 ι
1178 2175 1275 2228 καὶ
1296 2173 1469 2236 οὕτως
1499 2172 1763 2234 ἀπόλυσις
1810 2169 1956 2237 γίνε-

370 2287 486 2324 ται.
520 2270 848 2335 Ἀναγκαῖον
874 2268 985 2337 γὰρ
1015 2269 1112 2324 καὶ
1143 2268 1285 2337 ὑπὲρ
1333 2266 1443 2320 τῶν
1491 2264 1806 2318 τεθνεώτων
1856 2279 1955 2333 με·

379 2363 865 2433 μνῆσθαι,ὂτικαὶ
890 2363 1052 2430 ἡμεῖς
1105 2358 1500 2428 τεθνηξόμεθα,
1560 2357 1658 2410 καὶ
1721 2355 1957 2426 μάλιστα

377 2454 602 2509 κατὰτὸ
633 2453 989 2522 μεσονύκτιον
1023 2450 1386 2518 ἐλπιζομένης
1434 2450 1536 2517 τῆς
1586 2449 1694 2501 τῶν
1748 2447 1958 2516 νεκρῶν

373 2547 751 2610 ἀναστάσεως,
788 2547 885 2602 καὶ⁹
907 2545 1051 2614 ὑπὲρ
1077 2546 1187 2600 τῶν
1225 2546 1370 2600 κατὰ
1403 2545 1585 2611 σάρκα
1617 2541 1676 2595 δὲ
1739 2541 1960 2594 οἰκείων

373 2640 469 2694 καὶ
503 2640 724 2693 πάντων
745 2638 1090 2700 ἀπελθόντων
1135 2636 1398 2706 εὔχεσθαι
1429 2634 1755 2702 ἀναγκαίως
1782 2650 1798 2666 ο
1824 2633 1961 2700 ἀγά-

373 2747 452 2799 πη
479 2731 611 2802 γάρ.
644 2727 777 2784 Εἶτα
804 2731 837 2800 ἡ
862 2730 1006 2800 ὑπὲρ
1066 2728 1290 2784 πάντων
1348 2727 1505 2794 κοινὴ
1557 2725 1691 2795 εὐχή
1745 2742 1807 2778 τε
1841 2723 1964 2776 καὶ

371 2823 559 2893 δέησις
597 2821 833 2893 γίνεται,
862 2822 957 2877 τοῦ
994 2822 1192 2892 ἰερέως
1254 2819 1589 2891 ἀρχομένου,
1642 2819 1862 2872 πάντων
1909 2817 1966 2870 δὲ

379 2916 795 2986 συνευχομένων
868 2914 1010 2984 ὑπὲρ
1073 2914 1182 2968 τῶν
1229 2911 1446 2966 πιστῶν
1504 2910 1789 2980 βασιλέων,
1859 2907 1968 2961 τῶν

370 3004 669 3075 ὁρθὸδόξων
690 3005 1016 3077 ἀρχιερέων,
1039 3005 1133 3058 τοῦ
1162 3002 1584 3073 καθηγουμένου
1612 3002 1846 3072 Πατρδς,
1875 3000 1971 3054 καὶ

374 3099 560 3165 πάσης
589 3099 689 3166 τῆς
713 3099 770 3150 ὲν
798 3096 1016 3166 Χριστῷ
1036 3095 1198 3166 ἡμῶν
1231 3094 1596 3165 ἀδελφότητος
1628 3091 1725 3146 καὶ
1759 3090 1972 3145 λοιπῶν

1980 1859 2026 1918 Β

2049 612 2206 665 tertia
2254 619 2419 682 atque
2457 611 2509 665 in
2559 609 2739 666 oﬂicio
2779 607 3134 677 Completorii
3166 604 3308 674 quod
3342 611 3466 674 post
3519 615 3628 656 cm-

2049 717 2172 758 nam
2231 703 2535 774 peragitur,
2598 717 2721 773 qua:
2771 702 2934 756 etiam
2999 699 3068 754 ab
3108 697 3351 767 antiquis
3410 703 3629 751 cantata

2053 796 2227 851 fuisse
2277 796 2580 865 invenitur,
2610 796 2751 850 sicut
2780 803 2834 848 et
2866 795 2917 847 in
2955 806 3129 862 agone
3154 789 3335 850 magni
3368 787 3625 857 martyris

2053 886 2316 943 Eustratii
2352 888 2447 957 qui
2475 887 2690 942 dicebat
2723 904 2736 941 :
2769 902 2788 936 ι
2821 883 3052 937 Domine
3087 881 3232 936 Deus
3261 883 3423 937 Pater
3454 879 3631 934 omni-

2048 989 2263 1048 potens,
2289 980 2512 1035 Domine
2534 979 2636 1033 Fili
2662 977 2938 1049 unigenite
2964 975 3091 1030 Jesu
3111 975 3351 1033 Christe,
3369 983 3426 1027 et
3445 981 3636 1026 sancte

2057 1071 2317 1141 Spiritus,
2352 1085 2462 1126 una
2494 1071 2696 1135 Deitas,
2733 1086 2841 1124 una
2875 1069 3076 1129 virtus,
3115 1086 3133 1118 ι
3167 1075 3222 1121 et
3253 1075 3469 1120 caetera.
3516 1062 3646 1128 Qua

2053 1161 2225 1226 tlnita,
2283 1161 2458 1216 media
2497 1161 2700 1216 dicitur
2752 1160 2912 1214 officii
2972 1157 3230 1212 nocturni
3295 1154 3635 1225 deprecatio;

2052 1254 2513 1324 quemadmodum
2548 1254 2757 1310 faciunt
2794 1253 3019 1322 quidam
3053 1253 3106 1304 in
3155 1249 3442 1305 ordinibus
3476 1247 3640 1300 hora-

2054 1361 2199 1411 rum,
2241 1347 2335 1401 sed
2377 1344 2472 1400 isti.
2500 1345 2715 1413 quidem
2773 1345 3004 1399 libenter
3050 1341 3178 1395 illud
3211 1341 3356 1395 sicut
3411 1346 3467 1392 et
3500 1336 3638 1391 alios

2052 1438 2274 1493 ordines
2299 1453 2397 1507 pro
2428 1453 2537 1492 suae
2573 1437 2792 1506 pietatis
2831 1434 3024 1488 ardore
3072 1443 3126 1488 et
3165 1432 3385 1485 Patrum
3432 1427 3638 1494 iudicio

2053 1531 2346 1586 observant
2372 1547 2385 1595 ;
2417 1530 2531 1584 haec
2557 1539 2736 1582 autem
2769 1528 2874 1580 ista
2907 1534 3032 1580 sunt.
3063 1531 3353 1593 praecepta.
3380 1519 3490 1589 Ego
3510 1533 3640 1574 vero

2056 1621 2198 1676 hanc
2238 1621 2541 1675 orationem
2603 1632 2803 1673 censeo
2845 1631 2943 1686 pro
2997 1615 3248 1669 fidelibus
3300 1611 3356 1666 in
3415 1610 3640 1663 Christo

2054 1715 2329 1770 defunctis
2358 1713 2568 1784 peragi.
2595 1710 2723 1764 ldeo
2755 1724 2975 1763 rursum
3007 1715 3131 1777 post
3159 1705 3470 1761 orationem
3508 1702 3642 1757 dici-

2057 1824 2180 1863 mus
2228 1824 2243 1862 :
2303 1805 2496 1860 Venite
2555 1805 2865 1867 adoremus,
2904 1811 3065 1870 atque
3099 1799 3238 1853 duos
3294 1787 3540 1866 psalmos
3587 1804 3645 1847 et

2056 1904 2424 1972 precationem
2461 1897 2720 1968 Trisagii,
2754 1897 3052 1965 statimque
3087 1907 3188 1961 pro
3236 1888 3643 1945 dormientibus

2053 1991 2356 2048 versiculos
2389 1989 2706 2050 recitantus,
2744 2006 2762 2039 ι
2793 1985 2976 2056 Kyrie,
3014 1977 3272 2038 eleison‘i
3313 1979 3638 2039 duodecies.

2054 2095 2111 2140 et
2163 2083 2468 2137 orationem
2529 2093 2628 2148 pro
2663 2077 2799 2146 ipsis
2831 2094 2846 2130 :
2885 2095 2902 2127 ι
2933 2075 3224 2135 Memento,
3256 2071 3485 2126 Domine
3512 2089 3530 2121 ι
3583 2079 3640 2124 et

2056 2177 2126 2231 ita
2191 2173 2519 2230 absolvitur.
2568 2168 2703 2224 Nam
2761 2167 3133 2224 necessarium
3186 2173 3270 2219 est
3329 2162 3648 2218 meminisse

2057 2269 2224 2322 etiam
2258 2275 2599 2320 mortuorum
2623 2257 2894 2333 'quoniam
2934 2273 3035 2313 nos
3067 2271 3287 2328 quoque
3317 2255 3647 2318 moriemur,

2059 2366 2114 2413 ct
2145 2357 2422 2424 praecipue
2455 2355 2634 2408 media
2664 2362 2824 2407 nocte
2855 2357 3075 2421 sperata
3099 2358 3440 2403 mortuorum
3463 2361 3648 2400 resur-

2062 2450 2327 2514 rectione,
2359 2456 2415 2501 ct
2458 2459 2682 2501 necesse
2727 2451 2811 2500 est
2847 2457 2944 2512 pro
2979 2440 3302 2510 propinquis
3333 2438 3639 2494 secundum

2071 2557 2293 2598 carnem
2329 2556 2392 2595 ac
2427 2554 2527 2608 pro
2573 2537 2834 2592 omnibus
2885 2532 3160 2588 defunctis
3208 2545 3483 2588 exorare:
3547 2530 3651 2582 hoc

2064 2635 2212 2690 enim
2249 2642 2336 2688 est
2369 2631 2633 2687 charitas.
2673 2627 2874 2683 Deinde
2913 2625 2969 2679 fit
3003 2625 3317 2680 communis
3349 2637 3445 2692 pro
3471 2621 3652 2675 omni-

2067 2729 2169 2783 bus
2204 2726 2384 2780 oratio
2436 2733 2492 2778 et
2542 2721 2856 2792 postulatio,
2915 2719 3212 2787 incipiente
3267 2715 3553 2772 sacerdote
3601 2723 3656 2766 et

2068 2815 2324 2870 omnibus
2355 2813 2518 2869 simul
2555 2809 2980 2880 deprecantibus
3011 2822 3108 2878 pro
3131 2806 3350 2875 regibus
3381 2804 3653 2864 fidelibus.

2071 2925 2170 2980 pro
2199 2908 2522 2974 orthodoxis
2557 2903 2928 2976 pontificibus,
2951 2915 3056 2980 pro
3085 2908 3241 2968 patre
3283 2895 3534 2966 praeside,
3559 2909 3661 2964 pro

2075 3002 2332 3059 universa
2389 3005 2708 3054 nostrorum
2767 2994 2820 3048 in
2873 2977 3098 3048 Christo
3151 2989 3382 3044 fratrum
3441 2985 3652 3041 familia

2077 3103 2515 3162 ceterorumque
2550 3088 3019 3149 Christianorum,
3073 3093 3236 3151 atque
3265 3095 3367 3151 pro
3408 3078 3660 3148 patribus

373 3187 551 3242 ἄλλων
585 3187 950 3256 Χριστιανῶν,
977 3185 1071 3240 καὶ
1116 3185 1228 3238 τῶν
1289 3183 1589 3250 ὀρθοδόξως
1624 3180 1966 3251 κεκοιμημέ-

2079 3194 2131 3242 et
2165 3183 2430 3238 fratribus
2465 3179 2667 3234 nostris
2699 3178 2791 3246 qui
2849 3176 2980 3232 olim
3015 3175 3069 3228 in
3119 3171 3226 3227 fide
3271 3169 3612 3226 dormierunt
3641 3185 3657 3226 :

2157 3279 2168 3284 -
2486 3273 2518 3284 ..
2650 3271 2705 3284 κ.
2782 3270 2807 3284 η
3024 3281 3127 3284 γ
3176 3264 3232 3284 ,,
3274 3263 3523 3284 “an,”
3553 3274 3638 3284 MA

373 3296 481 3332 νων
509 3277 676 3338 πάλιν
702 3278 966 3348 Πατέρων
991 3278 1086 3331 καὶ
1117 3275 1366 3344 ἀδελφῶν
1395 3275 1579 3344 ήμῶν,
1609 3273 1972 3345 χρειωδέστα-

376 3387 472 3422 τον
507 3369 616 3438 γὰρ
685 3372 744 3428 ὲν
799 3369 878 3440 τῷ
931 3370 1044 3424 τῶν
1109 3369 1286 3441 εὐχῶν
1335 3368 1477 3427 τέλει
1525 3368 1664 3439 ὑπὲρ
1717 3367 1978 3422 ἁπάντων

379 3461 714 3532 μεμνῆσθαι.
754 3463 876 3520 Ὀτι
919 3461 1081 3516 τοῦτο
1135 3463 1415 3524 ποιοῦντες
1445 3460 1688 3523 ἄπαντες
1723 3458 1975 3512 ἅπαντα·-

375 3553 495 3626 χοῦ,
528 3554 668 3622 ὑπὲρ
721 3554 967 3624 ἀλλήλων
1031 3553 1308 3623 εὐχόμεθα
1336 3596 1351 3616 ,
1406 3552 1503 3605 καὶ
1525 3551 1668 3604 οὕτω
1694 3549 1838 3606 κατὰ
1885 3549 1978 3601 τὸν

377 3645 681 3714 Θεάδελφον
715 3647 865 3698 ἔσται
894 3645 1111 3714 ἰαθῆναι
1140 3647 1286 3714 ἡμᾶς
1308 3645 1402 3699 καὶ
1431 3643 1668 3710 σωθῆναι
1694 3643 1786 3694 καὶ
1813 3637 1973 3693 ἑκόν-

380 3757 477 3801 τας
511 3739 606 3794 καὶ
631 3741 891 3801 ἄκοντας.
929 3739 1041 3800 Τὰς
1073 3737 1258 3798 κοινὰς
1293 3735 1349 3790 δὲ
1375 3734 1540 3804 εὐχὰς
1564 3733 1659 3787 καὶ
1697 3734 1726 3785 ὁ
1762 3731 1978 3800 πρῶτος

385 3833 773 3902 ὲπισφραγίζει
794 3874 808 3899 ,
841 3832 930 3887 διὰ
972 3832 1082 3888 τῶν
1106 3831 1288 3901 εὐχῶν
1315 3830 1422 3886 τῶν
1457 3829 1628 3896 ἁγίων
1661 3827 1820 3895 ἡμῶν
1868 3826 1976 3877 Πα-

380 3926 554 3999 τέρων
574 3927 808 3997 Χριστὸν
827 3927 919 3980 τὸν
941 3925 1072 3979 Θεὸν
1108 3925 1306 3996 ἡμῶνε
1320 3926 1364 3986 ἱς
1382 3921 1532 3974 ἔλεον
1551 3919 1977 3986 ἐκκαλούμενος.

971 4041 1229 4095 ΚΕΦΛΛ.
1258 4037 1359 4092 ΤΘ(
1369 4077 1384 4092 .

336 4202 342 4207 .
381 4159 519 4229 Περί
541 4159 655 4227 τῆς
680 4159 787 4213 τοῦ
811 4157 1030 4226 ὄρθρου
1048 4155 1437 4229 ἀκολουθίας,
1459 4154 1557 4229 καὶ
1575 4150 1891 4229 aptatos}!
1913 4149 1980 4203 τὸ

450 4221 802 4298 ἃνοίγὲσθαι
832 4221 952 4282 idne
976 4226 1190 4298 πυλῶν
1206 4225 1318 4298 τοῦ
1339 4225 1489 4298 ναοῦ
1531 4227 1603 4298 τὰ
1628 4221 1977 4288 βηλόθυρα,

454 4302 555 4357 καὶ
579 4295 969 4369 ἑίσέρχεσθαι
990 4297 1194 4361 ἔνδον,
1224 4295 1326 4348 καί
1350 4295 1416 4349 τό
1443 4297 1726 4365 θυμίαμα.

454 4393 566 4446 Καὶ
588 4391 762 4455 οὕτως
795 4393 824 4445 ὁ
853 4389 953 4462 μὲν
1010 4387 1406 4458 μεσονυκτικδς
1441 4385 1610 4454 ὕμνος
1637 4384 1975 4440 τετέλεσται.

381 4485 452 4538 Δί
475 4484 644 4542 πύλαι
673 4483 729 4538 δὲ
748 4482 843 4536 τοῦ
876 4479 1006 4535 ναοῦ
1042 4481 1354 4553 ἀνοίγονται
1385 4479 1458 4541 ὡς
1491 4481 1519 4533 ὁ
1570 4477 1827 4546 οὐρανὸς,
1880 4473 1979 4528 καὶ

2079 3279 2282 3348 quippe
2325 3273 2554 3345 perutile
2581 3283 2667 3328 est
2693 3271 2747 3325 in
2779 3270 2883 3324 line
2913 3281 3134 3338 precum
3169 3264 3237 3320 de
3269 3263 3526 3318 omnibus
3552 3274 3665 3314 me-

2080 3371 2311 3426 moriam
2346 3367 2549 3432 facere,
2599 3364 2856 3433 quoniam
2915 3363 2987 3415 ita
3044 3357 3298 3414 faciendo
3363 3368 3556 3409 omnes
3606 3351 3663 3406 in

2079 3463 2227 3519 omni
2275 3462 2396 3516 loco
2449 3476 2545 3528 pro
2582 3458 2814 3513 invicem
2850 3469 3094 3518 oramus,
3139 3459 3194 3506 et
3220 3451 3321 3515 sic,
3362 3447 3664 3503 secundum

2082 3556 2304 3611 fratrem
2346 3551 2578 3613 Domini,
2615 3548 2935 3604 sanabimur
2959 3558 3150 3601 omnes
3179 3550 3235 3597 et
3265 3541 3403 3600 salvi
3456 3541 3665 3594 erimus

2082 3648 2312 3702 libentes
2343 3653 2397 3698 et
2425 3642 2604 3697 inviti.
2665 3639 3004 3695 Communes
3042 3644 3223 3691 autem
3262 3648 3452 3704 preces
3506 3647 3665 3701 supe-

2082 3741 2196 3796 rior
2219 3737 2428 3808 perficit
2457 3735 2713 3804 precibus
2744 3744 3060 3787 sanctorum
3092 3738 3410 3784 nostrorum
3437 3725 3662 3780 Patrum

2081 3833 2288 3888 Christi
2324 3830 2416 3885 Dei
2453 3828 2624 3883 nostri
2663 3823 3098 3881 misericordiam
3126 3820 3448 3892 ﬂagitaudo.

2629 4020 2859 4078 CAPUT
2908 4019 3136 4076 CCCIX.

2087 4144 2164 4197 De
2214 4141 2394 4196 ordine
2428 4138 2684 4194 matutini
2713 4135 2886 4204 oﬁicii,
2913 4145 2960 4189 et
2995 4137 3222 4203 primum
3258 4130 3383 4201 quid
3413 4098 3673 4204 signiﬁcci

2155 4213 2280 4267 vela
2321 4219 2601 4278 portarum
2640 4201 2818 4275 templi
2851 4201 3083 4275 aperiri,
3120 4213 3276 4272 atque
3316 4218 3408 4271 per
3438 4203 3559 4256 illas
3591 4201 3674 4254 in-

2153 4283 2337 4345 troire,
2366 4291 2413 4334 et
2441 4279 2665 4348 utilitas.

2161 4375 2225 4430 Et
2259 4373 2338 4428 sic
2369 4381 2698 4430 nocturnum
2729 4368 3009 4437 perficitur
3036 4367 3296 4424 oﬂicinm.
3334 4365 3512 4420 Porta:
3542 4379 3672 4419 vero

2086 4467 2276 4536 templi
2313 4464 2642 4539 aperiuntur
2669 4475 2926 4531 tanquam
2961 4460 3184 4524 cmlum,
3215 4469 3271 4515 et
3296 4458 3442 4514 velut
3471 4473 3500 4511 a
3529 4467 3670 4512 terra

380 4576 458 4641 ὡς
484 4577 593 4631 ἀπὸ
625 4577 724 4646 τῆς
745 4576 848 4647 γῆς
870 4575 947 4636 εἰς
987 4572 1151 4626 αὐτὸν
1178 4549 1566 4640 εἰσερχόμεθα.
1600 4567 1760 4622 mea
1788 4566 1852 4636 δὴ
1881 4565 1966 4620 καί

2085 4560 2140 4615 in
2195 4557 2332 4614 illud
2385 4555 2747 4627 ingredimur,
2790 4553 3252 4626 quemadmodum
3303 4559 3360 4607 et
3402 4561 3530 4606 tunc
3579 4549 3672 4619 qui

385 4669 509 4725 τότε
559 4668 982 4738 ἁρπαγήσονται
1037 4665 1086 4718 οἰ
1136 4663 1232 4719 τοῦ
1300 4659 1542 4732 Χριστοῦ
1597 4661 1656 4712 ὲν
1696 4658 1974 4728 νεφέλαις.

317 4748 320 4750 ⁷
391 4763 503 4816 Καὶ
532 4760 674 4816 οὕτω
705 4761 938 4816 πάντοτε
972 4757 1070 4812 σὺν
1124 4755 1314 4826 Κυρίῳ
1344 4752 1582 4823 ἐσόμεθα
1616 4769 1629 4782 ο
1670 4753 1764 4808 καὶ
1793 4752 1867 4813 ὡς
1893 4767 1979 4804 νε-

392 4855 530 4926 φέλη
561 4853 618 4907 δὲ
650 4853 710 4906 τὸ
749 4851 1021 4922 θυμίαμα,
1055 4848 1116 4903 τὸ
1141 4846 1365 4918 Πνεῦμα
1394 4846 1453 4899 τὸ
1475 4846 1629 4913 ᾇγιον
1683 4841 1976 4899 ἐκτυποῦν·

387 4946 526 5001 ἀλλὰ
557 4945 649 5002 καὶ
683 4945 744 4996 τὸ
778 4939 1132 5014 μεταδοτικὸν
1153 4940 1254 5008 τῆς
1291 4936 1444 5000 θείας
1472 4934 1640 4990 αὐτοῦ
1671 4934 1892 5006 χάριτός
1920 4950 1980 4994 τε

390 5041 488 5093 καὶ
515 5037 772 5106 εὐῳδίας.
806 5035 983 5098 Εὐθὺς
1019 5035 1128 5104 γὰρ
1161 5031 1519 5091 εἰσελθόντων
1547 5030 1830 5094 ἁπάντων,
1885 5026 1979 5082 τοῦ

393 5133 492 5203 μὲν
513 5129 933 5198 καθηγουμένου
965 5127 1052 5181 διὰ
1100 5128 1204 5197 τῆς
1275 5123 1565 5195 βασιλικῆς
1597 5121 1766 5190 218
1799 5119 1983 5186 Πύλης

393 5227 470 5289 ὡς
492 5223 589 5277 τοῦ
619 5222 856 5294 Χριστοῦ
888 5218 984 5274 τοῦ
1015 5219 1106 5276 διὰ
1132 5217 1305 5285 πύλης
1343 5212 1683 5276 εἰσελθόντος
1745 5211 1804 5264 ἐν
1850 5211 1984 5280 ἡμῖν

392 5316 811 5386 κεκλεισμένης,
845 5313 945 5383 τῆς
975 5310 1268 5374 Θεοτόκου,
1309 5306 1406 5362 καὶ
1433 5305 1543 5365 τῶν
1571 5304 1632 5357 οὐ
1645 5301 1823 5375 ρσνῶν
1849 5302 1984 5371 ἡμῖν

396 5408 497 5472 τὰς
521 5406 696 5468 πύλας
727 5403 1064 5468 ἀνοίξαντας,
1109 5400 1218 5456 τῶν
1248 5397 1306 5460 δὲ
1353 5395 1558 5450 λοιπῶν
1604 5396 1668 5447 ὲκ
1725 5391 1984 5460 πλαγίου,

402 5503 478 5566 ὡς
508 5502 614 5554 ὑπὸ
635 5500 733 5562 τὰς
760 5498 1037 5568 πτέρυγας
1059 5495 1228 5550 ὄντων
1251 5491 1416 5546 αὐτοῦ
1444 5489 1543 5542 καὶ
1557 5485 1762 5542 δούλων
1786 5483 1978 5550 αὐτοῦ,

403 5591 433 5642 ὁ
480 5589 662 5660 ἰερεὺς
715 5586 833 5640 ἀπὸ⁹
877 5586 972 5638 τοῦ
1033 5581 1424 5650 θυσιαστηρίου
1481 5578 1716 5644 εὐλογεῖ,
1767 5575 1843 5638 ὼς
1892 5571 1999 5627 τοῦ·

402 5679 640 5752 Χριστοῦ
675 5679 970 5751 ὑπουργὸς,
1005 5676 1172 5732 αὐτὸν
1217 5675 1456 5740 εὐλογῶν
1489 5672 1629 5742 μετὰ
1662 5670 1876 5739 Πατρός
1927 5684 1988 5722 τε

407 5775 504 5832 καὶ
533 5773 851 5846 Πνεύματος
886 5769 1121 5826 ἐνώπιον
1146 5767 1241 5822 τοῦ
1287 5765 1481 5838 θρόνου
1522 5763 1619 5818 καὶ
1649 5763 1757 5816 τῶν
1815 5760 1992 5830 ᾴγίων

410 5867 600 5924 αἱτοῦ.
626 5867 734 5924 Καὶ
751 5866 800 5920 οἰ
837 5864 938 5934 μὲν
969 5864 1172 5925 πάντες
1204 5859 1395 5931 ᾄδουσι
1426 5857 1514 5915 τὸν
1538 5856 1856 5926 Τρισάγιον,
1896 5855 1989 5909 καὶ

2088 4658 2220 4709 sunt
2245 4649 2452 4707 Christi
2495 4647 2776 4717 rapientur
2823 4646 2877 4700 in
2929 4645 3190 4708 nubibus,
3228 4651 3280 4696 et
3331 4644 3412 4699 sic
3459 4634 3676 4710 semper

2086 4759 2212 4800 cum
2245 4741 2478 4796 Domino
2525 4739 2776 4805 erimus;
2829 4737 3046 4794 sullitus
3098 4744 3279 4792 autem
3312 4734 3468 4804 quasi
3504 4733 3677 4788 nubes

2087 4851 2203 4906 quo
2245 4833 2488 4904 Spiritus
2540 4841 2766 4886 sanctus
2823 4829 3170 4901 exprimitur,
3225 4840 3435 4881 necnon
3475 4825 3675 4880 divina:

2087 4928 2209 4998 ejus
2238 4927 2429 4996 gratiae
2451 4925 2692 4992 bonique
2720 4920 2908 4974 odoris
2931 4916 3382 4974 communicatio.
3411 4913 3677 4971 Omnibus

2089 5001 2234 5072 enim
2273 5014 2562 5084 ingressis,
2595 5010 2826 5081 prmside
2875 5006 3094 5078 quidem
3129 5021 3221 5076 per
3257 5015 3470 5082 portam
3526 5021 3682 5076 rega-

2089 5111 2222 5176 lem,
2267 5109 2415 5164 velut
2463 5107 2688 5162 Christo
2723 5119 2819 5172 per
2867 5109 3082 5172 portam
3123 5099 3368 5170 intrante
3414 5097 3467 5152 in
3520 5096 3695 5176 nobis

2090 5204 2358 5268 clausam,
2383 5200 2587 5262 scilicet
2609 5197 2873 5266 Dciparre,
2901 5195 3274 5262 malorumque
3301 5191 3460 5246 nobis
3478 5189 3679 5260 jauuas

2090 5295 2459 5362 adaperieute,
2493 5289 2706 5344 caeteris
2741 5303 2871 5340 vero
2903 5302 2930 5340 a
2973 5286 3140 5342 latere
3173 5285 3330 5362 quasi
3364 5293 3550 5340 essent
3576 5282 3682 5336 sub

2095 5388 2200 5442 alis
2227 5387 2350 5458 ejus
2379 5395 2432 5440 et
2458 5384 2604 5438 illius
2633 5382 2803 5446 servi,
2827 5378 3086 5436 sacerdos
3118 5377 3186 5432 ab
3218 5376 3374 5432 altari
3407 5373 3695 5449 benedici;

2095 5489 2278 5550 utpote
2302 5476 2509 5532 Christi
2546 5475 2820 5537 minister,
2847 5485 2971 5525 eum
3010 5469 3338 5525 benedicens
3360 5483 3484 5528 cum
3522 5467 3678 5519 Patri.-

2095 5580 2150 5626 et
2191 5569 2396 5640 Spiritu
2435 5568 2490 5622 in
2526 5573 2826 5636 conspectu
2861 5562 3041 5618 throni
3080 5571 3136 5616 et
3167 5571 3483 5622 Sanctorum
3536 5559 3679 5628 ejus.

2095 5664 2162 5718 Et
2194 5676 2385 5718 omnes
2417 5667 2640 5714 cantant
2673 5657 2962 5724 Trisagion
3015 5670 3076 5709 ac
3123 5653 3284 5708 Pater
3323 5661 3528 5717 noster,
3563 5649 3684 5703 Tri-

2097 5757 2324 5813 nitatem
2379 5751 2725 5806 celebrantes
2760 5763 2885 5803 eum
2935 5747 3168 5816 angelis;
3199 5753 3252 5798 et
3302 5742 3556 5798 traditam
3607 5743 3688 5795 di-

2099 5859 2282 5915 centes
2313 5849 2638 5904 orationem.
2677 5843 2748 5898 De
2774 5858 2878 5913 qua
2911 5840 3147 5911 Trisagii
3179 5841 3428 5895 oratione
3455 5837 3686 5910 dignum
