4046 6448
357 337 461 399 5θὸ

1512 345 1611 405 DE
1653 344 1895 408 SACRA
1938 345 2445 413 PRECATIONE.

3494 340 3605 403 5C6

350 454 445 507 καὶ
467 453 576 507 ἀπὸ
589 453 683 506 τοῦ
706 456 890 523 Ἀγιου
915 456 1023 509 τῶν
1049 454 1219 524 ἁγίων
1236 458 1330 509 τοῦ
1348 456 1737 530 θυσιαστηρίου
1760 460 1922 530 ἀρχό-

2064 478 2181 515 ans.
2248 463 2589 532 Quapropter
2649 481 2677 520 a
2737 465 2937 521 Sancto
2995 472 3344 534 sanctorum,
3406 473 3617 527 Scilicet

355 566 537 619 μενος,
564 548 781 604 ἅπαντα
814 553 955 604 κατὰ
975 551 1127 617 τάξιν
1148 552 1454 623 θυμιᾷ,ξούχ
1474 553 1659 615 ἁπλῶς
1687 553 1855 607 ποιῶν
1872 556 1930 606 τὸ

352 642 626 711 θυμίαμα,
653 643 786 695 ἀλλά
820 644 1156 713 σφραγίζων,
1183 647 1276 698 καὶ
1300 646 1675 713 ἀγιάζων,καὶ
1698 648 1774 717 τῷ
1803 649 1938 719 Χρι-

354 737 464 805 στῷ
501 737 568 789 δι’
590 737 755 807 εὐχῆς
781 738 1057 801 ἀνατιθεὶς
1111 740 1205 793 καὶ
1228 741 1683 813 προσφέρων,καὶ
1705 744 1935 813 προσδε-

354 828 552 898 χθῆναι
580 829 691 883 ἄνω
714 828 914 900 ζητῶν,
932 834 1025 885 καὶ
1050 836 1518 904 καταπεμφθῆναι
1546 838 1679 904 ἡμῖν
1704 837 1805 907 τὴν
1833 838 1934 906 χά-

357 939 440 991 ριν
462 922 557 975 τοῦ
579 923 849 991 παναγίου
872 925 1191 993 ῐῐνεύματος
1216 941 1231 957 ο
1264 926 1404 980 ὥστε
1423 929 1509 982 διὰ
1534 929 1629 982 τοῦ
1653 930 1939 998 θυμιάμα-

353 1029 444 1074 τος
466 1012 566 1081 τὴν
588 1012 746 1081 χάριν
767 1013 1121 1084 λαμϐάνομεν
1151 1034 1164 1047 ·
1192 1018 1283 1071 καὶ
1315 1018 1505 1088 μηδεὶς
1548 1019 1818 1088 ἀμελείτω
1844 1022 1935 1074 τοῦ

356 1105 580 1175 θυμιᾷν.
602 1106 763 1160 ’Ὁλον
777 1103 869 1161 οῦν
885 1108 1109 1163 διελθὼν
1153 1112 1453 1180 ταχύτερον
1470 1112 1558 1166 τὸν
1586 1114 1732 1180 ναὸν,
1751 1116 1846 1167 καὶ
1872 1116 1938 1168 τὰ

356 1194 519 1263 219
557 1194 682 1261 ἔξω,
722 1199 850 1267 περὶ
882 1198 941 1250 τὸ
973 1199 1121 1262 τέλος
1141 1200 1244 1268 τῆς
1271 1204 1584 1272 προσευχῆς
1616 1204 1733 1268 τοῦ,
1773 1223 1792 1255 ι
1824 1206 1935 1258 Πά-

356 1304 452 1356 τερ
487 1287 668 1355 ἡμῶν,
709 1307 728 1339 ι
765 1290 1079 1359 εἰσέρχεται
1143 1292 1242 1355 τὰς
1290 1293 1489 1358 πύλας,
1552 1297 1646 1347 καὶ
1702 1299 1939 1365 σταυρὸν

358 1377 546 1428 τυπῶν
566 1378 653 1430 διὰ
680 1379 774 1431 τοῦ
806 1380 1194 1452 θυμιατηρίου,
1232 1385 1423 1453 φησὶν,
1465 1403 1483 1435 ι
1519 1384 1644 1438 Ὅτι
1683 1387 1939 1441 σοῦὲστιν

366 1470 399 1535 ἡ
462 1468 733 1539 βασιλεία,
773 1490 792 1523 ι
858 1474 1276 1543 ὲπισφραγίζων
1322 1477 1419 1545 τὴν
1467 1478 1657 1548 εὐχὴν,
1706 1479 1781 1542 ὡς
1835 1481 1938 1549 ἔφη

364 1560 621 1631 Χριστὸς,
660 1564 755 1615 καὶ
781 1564 879 1634 τὴν
920 1567 1127 1635 Τριόιδα
1154 1568 1474 1636 δοξολογῶν.
1506 1565 1640 1624 Εἶτα
1672 1573 1764 1625 τὸν
1801 1574 1941 1627 καθ-

367 1650 673 1720 ηγούμενον
699 1652 870 1725 θυμιᾷ
906 1657 968 1709 ὲκ
1013 1658 1297 1730 δευτέρου,
1344 1662 1519 1730 τιμὴν.
1545 1662 1721 1724 διδοὺς
1762 1665 1833 1727 ὡς
1864 1665 1942 1733 τῷ

371 1743 611 1813 Χριστῷ,
666 1746 761 1798 καὶ
808 1747 909 1808 τὰς
947 1751 1004 1803 ὲν
1060 1752 1211 1820 μέσῳ
1266 1753 1418 1822 ἱερὰς
1471 1755 1673 1822 ὁμοίως
1705 1758 1941 1822 εἰκόνας,

370 1836 545 1889 καὶτὸ
574 1837 963 1911 θυσιαστήριον
986 1842 1276 1908 εἰσελθὼν,
1316 1844 1635 1915 ἔμπροσθεν
1663 1850 1761 1916 τῆς
1779 1849 1943 1916 ἁγίας

365 1926 648 1997 ’τραπέζης
688 1930 842 1996 στὰς,
882 1931 959 1995 ὡς
1003 1934 1096 1986 ἐπὶ
1154 1936 1252 1987 τοῦ
1296 1935 1442 1990 θείου
1476 1939 1666 2007 θρόνου
1703 1940 1798 1991 καὶ
1850 1942 1946 1994 τοῦ

371 2018 516 2087 ίεροῦ
550 2020 788 2089 Χριστοῦ
829 2026 1137 2094 μνήματος,
1169 2027 1287 2093 τοῦ,
1325 2048 1344 2080 ‹
1373 2030 1704 2102 Εὐλόγησον,
1740 2034 1943 2104 Πάτερ,

370 2115 524 2181 ποιρά
545 2113 653 2167 τῶν
676 2114 780 2182 ἔξω
810 2117 1132 2188 λεγομένου,
1174 2123 1414 2190 ἐκφωνεῑ
1475 2127 1615 2194 μετἰ
1658 2127 1948 2191 εὐλαϐείας

368 2203 465 2255 καὶ
498 2203 688 2270 πόθου,
727 2226 747 2258 ι
790 2206 928 2275 Δόξα
960 2213 1024 2281 τῇ
1078 2212 1214 2284 ἁγίᾳ
1238 2215 1334 2268 καὶ
1384 2216 1656 2288 ὁμοουσίῳ
1684 2219 1781 2273 καὶ
1815 2222 1951 2283 ζωο-

371 2295 511 2363 ποιῷ
543 2299 638 2352 καὶ
667 2298 963 2371 ἀδιαιρέτῳ
988 2304 1081 2356 καὶ
1122 2306 1527 2377 παντοδυνάμῳ
1559 2308 1752 2377 Τριάδι
1811 2309 1952 2363 πάν-

371 2404 515 2452 τοτε,
560 2407 578 2440 ι
606 2389 699 2442 τὸν
733 2390 909 2444 αἴτιον
943 2394 1161 2447 πάντων
1198 2397 1288 2449 καὶ
1318 2400 1623 2468 Δεσπότην,
1665 2406 1758 2453 τὸν
1792 2402 1950 2469 μόνον

371 2479 479 2531 τῶν
504 2480 640 2535 ὂλων
669 2486 724 2537 ἐν
755 2485 948 2554 Τριάδι
980 2486 1114 2542 Θεὸν
1134 2490 1240 2557 πρὸ
1274 2491 1457 2560 πάσης
1480 2492 1626 2561 ᾠδῆς
1648 2493 1947 2562 θεολογῶν,

372 2569 469 2623 καὶ
515 2570 837 2643 δοξολογῶν,
878 2579 975 2632 καὶ
1028 2579 1202 2649 ἀρχὴν
1246 2582 1359 2634 τῶν
1422 2581 1609 2652 ὕμνων
1646 2586 1948 2655 τιθέμενος,

375 2663 472 2716 καὶ
504 2663 578 2726 ὡς
603 2665 780 2735 ἀρχὴν
803 2666 933 2723 ὄντα
968 2672 1191 2724 πάντων
1223 2672 1317 2725 καὶ
1340 2673 1517 2737 τέλος.
1544 2676 1655 2729 Καὶ
1679 2675 1824 2729 οὕτω
1851 2676 1948 2730 τοῦ
1968 2696 1977 2699 ί

384 2754 576 2823 Ἀμὴν
599 2758 920 2829 λεγομένου,
953 2762 1092 2832 ὅπερ
1127 2764 1244 2816 ἐστὶ
1302 2764 1660 2835 βεϐαιωτικὸν
1704 2768 1799 2821 καὶ
1831 2769 1951 2821 ἀντὶ

374 2849 469 2900 τοῦ
492 2849 625 2914 Ναὶ,
655 2852 877 2906 πάντων
906 2855 1210 2922 σιγώντων,
1236 2856 1334 2928 τὴν
1359 2856 1542 2912 ἔνθεον
1572 2861 1950 2930 σημαινόντων

378 2938 680 3007 ἀφθεγξίαν
709 2940 820 2995 τῶν
845 2944 1096 3012 ἀγγέλων
1139 2947 1196 2999 ὲν
1224 2948 1340 3010 τοῖς
1374 2948 1466 3002 τοῦ
1499 2950 1639 3002 Θεοῦ
1696 2954 1951 3021 φρικτοῖς

379 3030 819 3098 καὶεύλάϐειαν,
860 3030 944 3100 εἷς
1003 3036 1111 3090 τῶν
1171 3038 1483 3109 ἱσταμένων
1530 3042 1706 3095 ὲκεῖσε
1742 3044 1839 3097 καὶ
1866 3060 1953 3096 τεο

2040 550 2199 607 altari
2234 556 2523 623 incipiens,
2572 560 2757 613 omnia
2792 562 3089 613 secundum
3125 559 3373 615 ordinem
3432 564 3617 615 incen-

2039 656 2144 712 sat,
2196 662 2302 700 non
2345 649 2518 702 solum
2569 649 2808 703 sumtum
2873 652 3097 714 faciens,
3139 652 3230 706 sed
3288 661 3341 707 et
3397 653 3618 719 signans

2038 750 2093 794 et
2123 741 2499 813 sanctiﬁcans,
2526 742 2856 807 Christoque
2882 758 2976 810 per
3009 744 3314 797 orationem
3352 742 3619 795 adhibens

2039 842 2092 887 et
2128 832 2387 895 offerens,
2424 848 2489 887 ac
2521 834 2839 902 deprecans
2863 844 2919 887 ut
2969 835 3183 888 caelitus
3218 835 3518 903 accipiatur
3563 843 3620 886 et

2040 928 2279 996 desuper
2304 928 2461 981 nobis
2479 928 2651 998 gratia
2674 928 3002 982 sanctissimi
3028 926 3265 995 Spiritus
3282 926 3617 987 demittatur,

2040 1021 2193 1074 itaut
2223 1036 2314 1089 per
2349 1022 2629 1076 incensum
2669 1022 2897 1091 gratiam
2932 1021 3300 1086 accipiamus;
3329 1035 3487 1071 nemo
3524 1019 3619 1086 igi-

2043 1121 2130 1164 tur
2171 1110 2543 1166 suiﬁtnentum
2576 1115 2832 1182 negligat.
2869 1112 3057 1181 itaque
3086 1122 3201 1165 toto
3235 1110 3440 1178 templo
3473 1109 3620 1161 velo-

2040 1204 2158 1257 cius
2196 1213 2495 1271 permeato,
2542 1216 2595 1257 et
2623 1204 2768 1259 foras
2815 1220 3089 1271 egressus,
3120 1205 3263 1257 circa
3299 1203 3455 1255 tinem
3496 1216 3623 1254 ora-

2042 1294 2255 1348 tionis:
2290 1293 2451 1347 Pater
2515 1304 2724 1357 noster,
2773 1309 2956 1362 portas
3014 1296 3220 1360 intrat,
3285 1302 3338 1347 et
3401 1308 3619 1346 crucem

2042 1382 2300 1449 efﬁngens
2326 1385 2376 1437 in
2404 1385 2738 1439 incensando
2760 1386 2891 1439 dicit
2920 1402 2934 1438 :
2973 1404 2988 1435 ι
3022 1384 3195 1438 Tuum
3221 1392 3303 1438 est
3324 1397 3571 1452 regnum,
3601 1399 3622 1430 ι

2043 1475 2344 1543 obsignans
2402 1477 2706 1529 orationem
2768 1493 2931 1545 quam
2991 1477 3246 1530 Christus
3307 1476 3511 1535 docuit,
3570 1481 3624 1525 et

2044 1566 2366 1621 Trinitatem
2417 1567 2753 1638 gloriﬁcans.
2811 1567 3013 1621 Deinde
3065 1568 3347 1634 ptmsidem
3402 1579 3621 1619 rursum

2046 1659 2314 1725 incensat,
2340 1659 2604 1714 honorem
2634 1661 2881 1714 tribuens
2911 1661 3152 1733 Christo,
3179 1674 3389 1713 necnon
3426 1659 3628 1727 pariter

2047 1765 2236 1806 sacras
2267 1752 2532 1821 imagines
2559 1751 2611 1804 in
2649 1752 2827 1806 medio
2853 1753 3095 1821 positas;
3126 1750 3323 1805 deinde
3355 1750 3421 1804 ad
3457 1751 3629 1803 altare

2049 1859 2398 1913 progressus,
2439 1855 2701 1913 stansque
2746 1844 2798 1897 in
2858 1852 3156 1911 conspectu
3198 1858 3399 1895 mensae
3438 1856 3629 1906 sat-ne,

2051 1944 2312 2001 tanquam
2349 1946 2474 1989 ante
2512 1938 2771 1989 thronum
2812 1936 2901 1988 Dei
2931 1946 2985 1988 et
3016 1949 3233 1988 sacrum
3267 1933 3469 1987 Christi
3510 1949 3626 2001 ιιιυτ

2051 2035 2397 2088 numentum,
2422 2025 2634 2079 caeteris
2660 2026 2751 2093 qui
2780 2024 2912 2078 l'oris
2939 2033 3067 2078 sunt
3091 2022 3392 2091 prolocutis
3427 2037 3441 2071 :
3482 2040 3498 2071 ι
3529 2020 3632 2072 Be-

2052 2117 2310 2181 nedicite,
2344 2117 2526 2182 Pater,
2564 2136 2580 2168 i
2616 2116 2887 2170 eiu-laniat
2917 2131 3041 2170 cum
3081 2115 3279 2183 pietate
3308 2122 3361 2169 et
3400 2128 3584 2166 amore
3618 2127 3631 2163 :

2057 2230 2075 2261 ι
2123 2209 2305 2265 Gloria
2337 2217 2541 2265 sancta;
2590 2218 2643 2263 et
2690 2207 3148 2262 consubstantiali
3198 2217 3250 2260 et
3296 2205 3542 2268 viviﬁcze,
3578 2215 3635 2257 et

2055 2302 2374 2358 indivisibili
2401 2313 2565 2373 atque
2586 2300 2947 2367 omnipotenti
2978 2298 3232 2353 Trinitati
3258 2299 3330 2351 sit
3359 2312 3627 2364 semper,»

2052 2399 2294 2451 omnium
2325 2407 2607 2451 auctorem
2638 2410 2705 2450 ac
2729 2395 3015 2449 Dominum
3043 2394 3219 2447 solum
3252 2391 3631 2445 universorum

2052 2491 2108 2544 in
2151 2489 2423 2543 Trinitate
2455 2489 2623 2543 Demn
2660 2498 2786 2541 ante
2836 2485 3121 2556 quodlibet
3168 2499 3388 2537 carmen
3438 2482 3634 2551 praedi-

2052 2597 2186 2637 cans
2217 2591 2271 2635 et
2302 2581 2637 2650 glorilicans.
2678 2593 2915 2647 eumque
2947 2578 3268 2647 hymnorum
3308 2574 3631 2642 principium

2053 2690 2265 2745 ponens
2298 2681 2487 2743 utpote
2535 2671 2865 2741 principium
2917 2669 3190 2737 ﬁnemque
3225 2668 3632 2721 universorum.

2054 2769 2258 2837 Sicque
2294 2768 2437 2821 dicto
2472 2782 2491 2817 ι
2529 2764 2727 2827 Amen,
2775 2780 2793 2812 ι
2851 2759 2997 2828 quod
3043 2768 3129 2814 est
3166 2759 3548 2812 aliirmativum
3581 2773 3637 2809 t-t.

2054 2861 2175 2916 loco
2206 2860 2356 2914 vocis
2390 2873 2402 2908 :
2439 2876 2457 2908 ι
2486 2855 2666 2909 Etiam
2700 2872 2719 2905 ι
2753 2852 3014 2922 pusitum,
3042 2851 3296 2905 omnibus
3322 2848 3637 2910 silentibus,

2056 2967 2169 3021 quo
2220 2965 2438 3005 sacrum
2497 2949 2837 3016 signiﬁcatur
2870 2945 3186 3014 angelorum
3225 2941 3502 2996 silentium
3540 2956 3637 2993 co-

2060 3059 2291 3112 rumque
2344 3043 2517 3109 pietas
2566 3042 2707 3094 inter
2740 3039 3023 3093 tremenda
3068 3036 3157 3090 Dei
3210 3033 3463 3103 mysteria
3496 3047 3638 3084 unus

378 3138 484 3188 ταγ
494 3122 693 3190 μένων,
716 3124 887 3180 τύπον
906 3126 1142 3195 ἀγγέλου
1171 3129 1354 3197 φέρων
1378 3131 1779 3196 ἀποσταλέντος
1805 3134 1954 3201 ποιρά

2062 3154 2125 3192 ex
2157 3137 2433 3193 stantibus
2467 3134 2649 3204 ibique
2677 3132 2733 3187 in
2768 3131 2960 3186 ordine
2994 3128 3404 3186 assistentibus.
3444 3126 3638 3192 imagi-

380 3212 543 3277 Θεοῦ,
574 3217 644 3267 τὰ
666 3215 775 3268 τῶν
808 3217 1062 3285 ἀγγέλων
1109 3221 1559 3290 προοιμιάζεται,
1609 3223 1677 3278 τὰ
1716 3226 1957 3296 ἀνυμνη-

382 3306 541 3359 θέντα
566 3308 622 3359 ὲν
651 3310 718 3378 τῇ
751 3308 846 3361 τοῦ
884 3310 1091 3380 Κυρίου
1121 3314 1394 3383 γεννήσει,
1416 3314 1560 3383 ἅπερ
1589 3309 1671 3376 εἷς
1709 3316 1807 3386 μὲν
1825 3320 1960 3388 πρό-

382 3415 540 3468 τερον
568 3399 801 3468 ἄγγελος
832 3404 1207 3486 τοῖςποιμέσι
1259 3408 1448 3475 φανεὶς
1477 3411 1738 3480 προῇδεν.
1777 3411 1959 3474 Εὐθὺς

382 3492 439 3544 δὲ
466 3492 669 3561 πλῆθος
697 3497 965 3564 στρατιᾶς
998 3496 1255 3567 οὐρανίου
1303 3500 1488 3569 ὀφθὲν,
1544 3504 1828 3573 ἀνύμνησε
1876 3506 1958 3571 τὸ,

389 3604 408 3637 ι
455 3588 594 3653 Δόξα
625 3591 683 3642 ὲν
714 3590 963 3659 ὑψίστοις
990 3592 1136 3662 Θεῷ.
1184 3613 1202 3646 ι
1262 3594 1292 3648 ὃ
1324 3595 1422 3649 καὶ
1476 3598 1702 3670 ἀπαρχὴ
1748 3599 1958 3664 δοξολο-

386 3679 510 3745 γίας
544 3679 661 3733 ἐστὶ
693 3682 789 3735 καὶ
831 3683 945 3743 τοῖς
983 3683 1239 3751 ἀγγέλοις
1270 3685 1365 3738 ἐπὶ
1396 3688 1461 3756 τῇ
1487 3687 1648 3756 ἡμῶν
1690 3689 1959 3760 σωτηρίᾳ.

390 3772 479 3823 Διὸ
514 3770 610 3823 καὶ
634 3764 735 3825 ὦδε
766 3768 846 3833 εἷς
872 3774 1291 3842 προοιμιάζεται
1331 3776 1513 3844 τοῦτο,
1547 3780 1641 3832 καί
1670 3795 1807 3849 φησι
1842 3784 1965 3850 τρὶς

388 3867 466 3927 είς
502 3864 662 3928 δόξαν
689 3865 789 3935 τῆς
817 3865 1181 3936 ὐπερενδόξου
1220 3868 1475 3938 Τριάδος,
1520 3888 1539 3922 ι
1579 3872 1716 3938 Δόξα
1757 3874 1813 3925 ὲν
1844 3873 1967 3943 ὑψί-

389 3972 536 4021 στοις
572 3957 714 4028 Θεῷ.
749 3976 767 4009 ι
804 3960 917 4012 Καὶ
946 3959 1028 4022 δὶς
1078 3959 1247 4013 εἰπὼν
1279 3962 1439 4027 αὖθις
1469 3963 1551 4025 τὸ,
1610 3983 1628 4016 ι
1667 3967 1864 4035 Κύριε,
1898 3969 1965 4020 τὰ

390 4048 542 4119 χείλη
580 4067 683 4119 μου
712 4051 968 4117 ἁνοίξοις,
1015 4071 1033 4104 ι
1070 4055 1130 4105 τὸ
1159 4055 1342 4123 τρίτον
1371 4056 1535 4109 πάλιν
1567 4059 1754 4127 φησὶν,
1783 4061 1864 4123 είς
1886 4077 1967 4113 τι·

396 4140 502 4210 μὴν
520 4143 632 4195 ικαὶ
660 4143 820 4196 τοῦτο
870 4145 970 4214 τῆς
1016 4132 1329 4216 Τριάδος,’‹
1363 4149 1560 4220 Κύριε,
1614 4153 1669 4203 τί
1700 4153 1968 4223 ἐπληθύν-

394 4231 566 4300 θησαν
616 4235 666 4287 οἱ
702 4235 978 4299 θλίϐοντές
1020 4255 1111 4307 με,
1154 4257 1172 4291 ι
1228 4240 1322 4291 καὶ
1371 4241 1610 4312 καθεξῆς
1656 4243 1804 4312 λέγει
1842 4247 1969 4310 τοὺς

392 4322 451 4388 ἒξ
489 4325 584 4377 τοῦ
641 4323 841 4394 ὄρθρου
872 4326 1146 4397 ψαλμοὺς,
1172 4329 1296 4382 καθ’
1324 4330 1563 4400 ἑκάστην
1595 4333 1799 4403 Τριάὸα
1831 4335 1969 4404 ψαλ-

402 4415 517 4483 μῶν
546 4415 861 4485 δοξολογίαν
896 4420 1086 4485 ποιῶν,
1118 4422 1199 4483 είς
1231 4422 1540 4492 ἀνύμνησιν
1582 4425 1681 4492 τῆς
1711 4427 1961 4495 Τριάδος,

393 4508 482 4558 ὅτε
531 4508 627 4560 καὶ
663 4507 691 4559 ό
746 4507 921 4578 ἱερεὺς
954 4510 1054 4572 τὰς
1115 4510 1345 4573 ἑωθινὰς
1375 4513 1542 4582 εὐχὰς
1600 4515 1723 4568 καθ’
1778 4519 1968 4570 ἑαυτὸν

398 4599 475 4667 τῷ
498 4599 619 4670 Θεῷ
650 4602 937 4672 ἀναφέρει,
987 4603 1218 4672 μεσίτης
1249 4605 1340 4657 ἐπὶ
1372 4608 1484 4669 τοῖς
1519 4607 1833 4675 λεγομένοις
1868 4611 1974 4663 δει-

400 4693 691 4761 τινύμενος,
727 4695 822 4747 καὶ¹
860 4697 1062 4766 ἐνεργά
1092 4697 1262 4750 τελῶν
1297 4698 1366 4751 τὰ
1417 4698 1679 4768 ᾀδόμενα,
1720 4706 1785 4772 τῇ
1823 4704 1979 4773 ίερωο

402 4784 538 4857 σύνῃ
582 4785 692 4856 γὰρ
722 4787 942 4840 ἅπαντα
995 4787 1328 4843 τελειοῦται.
1374 4789 1541 4844 Ὅθεν
1578 4793 1671 4844 καὶ
1723 4794 1750 4844 ό
1801 4794 1982 4865 ἱερεὺς

399 4876 690 4946 ἆρχεται,·
727 4880 821 4931 καὶ
887 4879 916 4930 ὁ
955 4879 1137 4949 ἱερεὺς
1174 4881 1388 4934 τελειοῖ.
1424 4882 1599 4946 Εὐθὺς
1652 4879 1747 4939 οῦν
1787 4887 1814 4937 ό
1866 4864 1976 4955 ’μὲν

403 4970 575 5023 ποιῶν
607 4970 708 5035 τὰς
745 4971 978 5033 ἑωθινὰς
1012 4972 1178 5041 εὐχάς
1208 4972 1305 5025 τοῦ
1353 4974 1490 5028 Θεοῦ
1522 4976 1781 5041 ὲνώπιον,
1806 4978 1875 5031 τὰ
1908 4980 1984 5029 εἱ-

405 5063 604 5131 ρηνικὰ
640 5064 781 5131 μετά
814 5064 872 5117 τὸ
895 5051 1047 5127 τέλος
1079 5066 1173 5118 τοῦ
1207 5064 1526 5136 έξαψὰλμου
1563 5068 1732 5136 λέγει,
1767 5070 1986 5123 πάντων

403 5153 842 5223 ὑπερευχόμενος
875 5170 889 5185 ·
950 5157 1047 5209 καὶ¹
1107 5157 1286 5210 πάντα
1353 5159 1654 5211 ἀνάπτεται
1692 5159 1755 5211 τὰ
1805 5159 1985 5227 φῶτα,

403 5246 494 5299 διὰ
530 5248 611 5309 τὸ,
660 5266 679 5299 ‹
710 5247 847 5311 Δόξα
876 5250 1084 5318 Κυρίου
1135 5251 1510 5322 περιέλαμψεν
1545 5253 1766 5315 αὐτούς.
1814 5271 1831 5303 ι
1875 5253 1986 5304 Καὶ

406 5340 466 5392 τὸ
500 5359 517 5392 ι
571 5339 705 5402 Θεὸς
752 5340 977 5410 Κύριος,
1020 5360 1037 5392 ι
1073 5343 1209 5411 μετά
1246 5344 1446 5411 μέλους
1494 5344 1755 5411 ἐκφὼνως
1798 5342 1987 5413 ᾅδεται

409 5429 554 5483 κατά
603 5430 838 5500 μίμησιν
861 5432 969 5483 τῶν
997 5432 1425 5499 δοξολογούντων
1454 5433 1724 5502 ἀγγέλων.
1766 5433 1872 5487 Καὶ
1901 5436 1986 5486 οίσ-

410 5522 686 5574 κειότατον
710 5522 769 5573 τὸ
803 5522 1114 5592 λεγόμενον,
1157 5543 1175 5576 ι
1207 5524 1340 5586 Θεὸς
1376 5523 1598 5595 Κύριος,
1636 5526 1732 5578 καὶ
1767 5525 1978 5593 ἐπέφα-

423 5628 501 5662 ιεν
535 5612 691 5680 ἡμῖν,
728 5614 755 5663 ό
781 5612 875 5664 τοῦ
910 5613 1046 5666 Θεοῦ
1082 5615 1259 5680 Λόγος
1309 5614 1634 5685 σαρκωθείς.
1667 5615 1988 5684 Εὐλογημέ-

416 5716 505 5761 νος
544 5702 571 5752 ὁ
598 5701 914 5770 ἐρχόμενος,
948 5702 1109 5766 αὐτὸς
1141 5703 1215 5764 ὡς
1279 5703 1412 5766 Θεὸς
1449 5704 1538 5756 διὰ
1592 5704 1814 5774 σαρκὸς,
1846 5722 1864 5756 ι
1899 5704 1990 5758 Ἐν

417 5790 642 5857 ὀνόματι
688 5793 920 5859 Κυρίου,
962 5810 979 5845 ι
1017 5793 1113 5848 τοῦ
1164 5796 1374 5859 [Ιατρὸς
1410 5795 1576 5851 αὐτοῦ
1628 5797 1721 5849 καὶ
1767 5794 1989 5848 ἑαυτοῦ.

2060 3244 2185 3282 nem
2227 3215 2408 3280 ferens
2447 3223 2624 3293 angeli
2670 3234 2699 3274 a
2735 3222 2846 3275 Deo
2879 3219 3056 3282 missi,
3084 3219 3385 3288 angelicum
3419 3215 3644 3268 inchoat.

2061 3320 2335 3376 canticum
2373 3319 2427 3371 in
2475 3315 2762 3372 nativitate
2788 3314 3002 3369 Domini
3036 3320 3335 3374 cantatum,
3367 3307 3511 3378 quod
3544 3324 3641 3359 an-

2064 3412 2218 3481 geius
2249 3426 2392 3465 unus
2421 3423 2696 3478 apparens
2726 3406 3044 3475 pastoribus
3074 3403 3221 3473 prius
3251 3403 3468 3471 quidem
3509 3416 3644 3465 prte-

2064 3494 2232 3569 cinit,
2301 3503 2487 3558 statim
2543 3515 2671 3555 vero
2729 3498 3023 3552 multitudo
3076 3497 3317 3551 cmlestis
3375 3493 3647 3548 exercitus

2065 3596 2184 3653 visa
2249 3607 2335 3652 est
2386 3594 2727 3649 eoncinens:
2762 3609 2781 3643 ι
2823 3590 3004 3644 Gloria
3060 3590 3113 3643 in
3169 3588 3407 3642 excelsis
3453 3589 3578 3650 Deo,
3623 3606 3641 3635 ι

2065 3690 2210 3767 quod
2242 3699 2325 3742 est
2357 3687 2571 3740 initium
2606 3682 2941 3738 laudationis
2988 3680 3056 3734 ab
3107 3681 3238 3748 ipsis
3282 3680 3487 3747 angelis
3524 3692 3650 3744 pro-

2068 3792 2189 3852 pter
2241 3783 2476 3835 salutem
2540 3784 2787 3830 nostram
2853 3783 3108 3840 peractai.
3166 3769 3460 3838 Propterea
3520 3776 3647 3821 tunc

2072 3889 2213 3926 unus
2270 3868 2401 3923 illud
2456 3868 2695 3929 inchoat,
2743 3875 2795 3919 et
2837 3873 2916 3918 ter
2966 3862 3099 3915 dicit
3154 3862 3207 3915 in
3248 3860 3476 3931 gloriam
3533 3858 3651 3927 ejus

2072 3979 2191 4033 quae
2222 3959 2305 4015 est
2328 3973 2493 4028 super
2524 3971 2740 4010 omnem
2790 3954 3017 4025 gloriam
3052 3951 3373 4006 Trinitatis:
3412 3968 3429 4001 ι
3464 3949 3654 4004 Gloria

2072 4056 2124 4110 in
2156 4052 2388 4109 excelsis
2420 4049 2547 4115 Deo,
2582 4066 2600 4099 ι
2637 4048 2831 4115 bisque
2883 4061 3099 4100 rursum
3137 4045 3323 4098 dicens
3357 4059 3372 4098 :
3404 4042 3651 4108 Domine,

2022 4161 2030 4169 '
2072 4148 2214 4201 labia
2252 4159 2370 4199 mea
2422 4141 2663 4213 aperics,
2718 4159 2736 4192 ι
2790 4142 2950 4193 tertio
3000 4138 3132 4193 dicit
3176 4138 3397 4198 iterum.
3443 4146 3498 4191 ct
3553 4136 3656 4190 hoc

2073 4255 2295 4314 quoque
2352 4238 2405 4291 in
2465 4236 2726 4290 honorem
2784 4232 3068 4287 Trinitatis
3107 4246 3121 4284 :
3168 4249 3186 4281 ι
3232 4229 3480 4295 Domine,
3523 4229 3653 4298 quid

2076 4331 2420 4404 multiplicati
2467 4337 2597 4383 sunt
2646 4327 2737 4396 qui
2793 4325 3062 4379 tribuiant
3100 4321 3231 4377 me?
3268 4341 3285 4373 ι
3323 4329 3659 4391 εωιθτοεψιυ

2078 4430 2275 4486 recitat
2311 4425 2556 4495 psalmos
2593 4437 2657 4476 ex
2693 4419 2870 4475 oﬁicio
2915 4416 3167 4482 diluculi,
3206 4416 3509 4472 secundum
3544 4413 3661 4467 sin-

2085 4520 2239 4591 gulos
2269 4526 2378 4570 tres
2424 4512 2658 4582 psalmos
2704 4509 3051 4577 doxologiam
3086 4506 3311 4569 iaciens,
3345 4505 3400 4558 in
3450 4504 3659 4558 laudem

2081 4608 2391 4671 Trinitatis,
2426 4602 2651 4674 quando
2686 4601 2944 4656 sacerdos
2979 4598 3277 4653 matutinas
3301 4610 3487 4665 preces
3512 4609 3663 4650 seor-

2080 4706 2183 4759 sim
2220 4701 2331 4755 Deo
2370 4705 2670 4765 nuneupat,
2712 4696 2765 4748 in
2807 4694 2968 4749 dictis
3016 4692 3279 4747 mediator
3314 4704 3581 4759 apparens
3611 4696 3665 4740 et

2082 4809 2248 4864 opere
2298 4797 2515 4846 cantata
2576 4786 2901 4856 pct'liciens;
2960 4800 3083 4837 nam
3139 4783 3321 4836 omnia
3356 4784 3665 4836 sacerdotio

2082 4895 2207 4942 sunt
2236 4882 2595 4938 sanctiﬁcata.
2616 4878 2768 4933 Unde
2796 4876 3058 4931 sacerdos
3091 4873 3302 4942 incipit,
3324 4880 3377 4927 et
3408 4872 3665 4927 sacerdos

2085 4976 2320 5046 perﬁcit.
2369 4972 2566 5025 Statim
2599 4983 2731 5037 ergo
2760 4967 2855 5035 qui
2887 4979 3074 5033 preces
3107 4964 3407 5017 matutinas
3451 4961 3577 5016 facit
3611 4963 3663 5015 in

2085 5074 2384 5134 conspectu
2423 5063 2540 5125 Dei,
2568 5061 2735 5114 ﬁnitis
2768 5075 2859 5114 sex
2888 5056 3141 5125 psalmis,
3168 5056 3328 5109 verba
3362 5055 3509 5121 pacis
3538 5053 3669 5107 facit

2086 5174 2184 5229 pro
2216 5156 2473 5211 omnibus
2501 5154 2829 5220 deprecans,
2874 5158 2928 5201 et
2954 5148 3140 5201 omnia
3173 5146 3553 5199 accenduntur
3584 5146 3668 5197 lu-

2088 5254 2233 5303 mina
2280 5255 2504 5317 propter
2538 5244 2717 5297 illud:
2760 5261 2779 5293 ι
2823 5241 3008 5295 Gloria
3061 5239 3272 5292 Domini
3306 5236 3669 5292 circumfulsit

2086 5356 2201 5394 eis.
2241 5358 2259 5390 ι
2303 5338 2501 5391 Deinde
2534 5336 2663 5389 illud
2704 5352 2718 5388 :
2759 5353 2775 5385 ι
2813 5331 3257 5387 Deusdiominus
3301 5349 3320 5382 ι
3357 5345 3480 5385 cum
3508 5335 3670 5383 cantu

2094 5446 2226 5486 voce
2257 5430 2362 5484 alta
2390 5428 2594 5483 dicitur
2625 5426 2691 5481 ad
2728 5429 2903 5481 instar
2932 5424 3268 5480 laudantium
3315 5423 3630 5492 angelorum
3654 5408 3679 5485 ;Δ

2094 5531 2149 5579 et
2203 5519 2781 5576 convenientissimum
2814 5525 2896 5571 est
2934 5517 3075 5586 quod
3129 5525 3381 5571 cantatur
3416 5530 3430 5567 :
3473 5531 3491 5564 ι
3531 5510 3673 5567 Deus

2098 5613 2363 5669 Dominus
2398 5613 2577 5666 illuxit
2606 5610 2785 5672 nobis,
2822 5628 2840 5661 ι
2878 5625 3073 5678 nempe
3103 5609 3338 5662 Verbum
3375 5604 3466 5657 Dei
3501 5604 3672 5658 incar-

2094 5712 2323 5758 nattttn:
2366 5720 2383 5753 ι
2420 5702 2751 5756 Benedictus
2775 5699 2868 5769 qui
2901 5700 3069 5764 venit,
3101 5717 3118 5749 ι
3156 5698 3271 5765 ipse
3301 5695 3510 5747 scilicet
3540 5693 3674 5747 Dens

2096 5812 2192 5855 Der
2226 5810 2486 5856 carnem:
2524 5814 2541 5845 ι
2570 5794 2627 5850 in
2656 5792 2873 5870 DOniine
2905 5790 3139 5852 Domini,
3185 5806 3203 5839 ›
3238 5799 3430 5850 nempe
3457 5786 3538 5840 sui
3562 5785 3674 5837 Ya-
