4046 6476
477 332 578 396 5ἶῖ

1269 335 1415 396 SY.\I
1428 335 1652 419 EOle
1709 336 2468 404 THESSALONICENSIS
2511 340 2868 402 ARCHIEP.

3575 284 3600 300 ’
3635 341 3725 405 ιιι

481 447 580 500 tris
609 461 816 515 suoque
844 444 1088 501 nomine.
1121 443 1183 500 Et
1217 447 1289 501 ita
1321 448 1369 502 si
1399 445 1597 502 festum
1626 449 1847 516 quidem
1879 448 2064 511 fuerit,

2171 452 2285 506 Kal
2333 452 2510 515 οὕτως
2558 453 2606 505 εί
2641 455 2742 521 μὲν
2772 452 2958 524 ἑορτὴ,
3005 452 3073 506 τὰ
3107 453 3237 522 περὶ
3268 452 3366 521 τῆς
3405 454 3596 523 ἐορτῆς
3624 455 3728 526 ᾆδε-

483 541 597 593 ltzee
637 539 702 594 de
743 539 880 594 festo
923 551 1217 595 cantantur
1244 556 1261 608 ;
1287 541 1334 596 si
1389 555 1520 596 vero
1554 540 1728 595 sancti
1777 540 2063 610 cujusdam

396 651 398 653 ν
484 630 575 681 ﬂat
608 630 891 692 memoria,
930 631 996 684 de
1024 640 1218 687 sant-to
1248 631 1642 696 concinuntur,
1679 634 1939 701 quoniam
1969 646 2067 702 per

480 721 827 776 incarnatum
871 731 1068 777 natura
1098 722 1196 779 fuit
1227 723 1590 778 salictillcata.
1623 723 1691 778 Et
1722 723 1916 778 merito
1951 739 2068 794 my-

478 815 644 870 steria
679 814 999 870 Nativitatis
1029 827 1085 872 et
1126 817 1447 888 Epiphania:
1481 819 1780 876 Salvatoris
1822 835 1916 888 per
1946 835 2068 874 car-

482 919 605 959 nem
643 905 698 960 in
733 915 894 962 nocte
925 911 1242 977 apparentis
1288 921 1769 979 repraasentantur,
1803 911 2065 980 quoniam

481 1000 535 1052 in
567 1007 731 1055 nocte
773 1000 918 1057 istud
973 1001 1184 1058 factum
1219 1013 1337 1068 est;
1374 1003 1448 1057 ait
1499 1004 1644 1058 enim
1685 1002 1858 1058 lsaias
1892 1022 1905 1058 :
1950 1021 1968 1056 ι
2006 1003 2064 1058 ln

482 1094 727 1149 tenebris
762 1103 816 1149 et
858 1097 910 1149 in
945 1098 1137 1150 umbra
1184 1098 1510 1165 ignorantiae
1559 1097 1720 1152 nobis
1748 1097 2067 1152 sedentibus

487 1187 581 1241 lux
623 1203 818 1257 magna
848 1190 1117 1257 apparuit.
1157 1207 1175 1241 ι
1204 1187 1330 1243 Ideo
1356 1198 1411 1244 et
1437 1205 1539 1244 nos
1568 1191 1660 1260 qui
1689 1189 1741 1243 in
1769 1200 1930 1244 nocte
1961 1191 2066 1243 bu-

475 1278 570 1348 jus
603 1279 786 1332 mundi
818 1278 1091 1348 degimus,
1127 1280 1305 1334 media
1335 1290 1497 1335 nocte
1532 1291 1823 1335 venturum
1871 1296 2068 1350 exspe-

481 1379 697 1426 ctamus
727 1370 988 1424 dilectum
1057 1371 1374 1426 animarum
1425 1383 1742 1426 nostrarum
1798 1387 2064 1438 sponsum

480 1469 895 1530 anmtoremque
929 1473 1201 1517 nostrum.
1238 1463 1444 1532 Sicque
1475 1464 1673 1519 deinde
1705 1463 1958 1519 Psalterii
1987 1479 2066 1520 reo

481 1554 668 1606 citatio
700 1553 1014 1618 coniicitur,
1065 1563 1121 1609 et
1169 1564 1292 1623 post
1347 1555 1594 1625 singulos
1649 1565 1758 1612 tres
1807 1556 2067 1624 psalmos,

480 1645 630 1700 dicto
661 1663 680 1697 ι
729 1645 980 1712 Alleluia,
1017 1664 1036 1698 ι
1059 1648 1144 1724 ,ιιι
1172 1627 1504 1717 ιῐοιοιοςὶςίε
1537 1649 1825 1706 Trinitatis
1849 1652 2068 1720 quidem

480 1754 603 1805 quae
644 1753 739 1808 per
762 1738 865 1794 has
904 1755 1065 1795 voces
1103 1757 1118 1796 :
1157 1759 1174 1792 (
1211 1740 1395 1796 Gloria
1430 1741 1576 1796 Patri
1609 1753 1661 1798 et
1694 1744 1831 1798 Filio
1862 1753 1918 1799 et
1946 1744 2071 1812 Spi-

2171 562 2264 599 ται
2285 560 2300 575 '
2332 546 2383 598 εί
2410 545 2454 597 δ’
2488 543 2647 614 ἁγίου
2681 547 2871 615 μνήμη
2915 546 3087 608 τινος,
3142 546 3211 599 τὰ
3241 543 3335 597 τοῦ
3372 545 3553 613 ἁγίου.
3593 547 3730 602 Ἐπεὶ

2167 636 2259 690 διὰ
2298 635 2393 690 τοῦ
2427 637 2802 706 σαρκωθέντος
2838 639 2870 706 ἡ
2922 635 3084 704 φύσις
3111 638 3395 706 ἡγίασται.
3445 639 3555 691 Kal
3601 639 3730 692 είκό-

2164 743 2278 790 τως
2309 727 2376 780 τὰ
2402 726 2503 795 τῆς
2546 729 2856 797 γεννήσεως
2883 727 2979 781 καὶ
3007 729 3332 796 ἐπιφανείας
3357 727 3454 781 τοῦ
3489 728 3724 797 Σωτῆρος

2171 818 2236 872 τδ
2276 819 2419 872 κατὰ
2458 819 2638 890 σάρκα
2667 824 2724 872 ἐν
2770 823 2835 889 τῇ
2871 821 3030 872 νυκτὶ
3083 819 3449 873 ἐκτυποῦται·
3501 819 3619 872 ἐπεὶ
3647 820 3730 872 καὶ

2167 911 2225 960 ἐν
2259 911 2413 964 νυκτὶ
2455 912 2784 980 γεγέννηται
2811 930 2824 944 ο
2878 913 2962 965 ὅτι
3019 914 3116 966 καὶ
3167 915 3279 974 τοῖς
3320 913 3377 965 ἐν
3428 912 3608 964 σκότει
3653 912 3734 964 καὶ

2169 1005 2298 1074 σκιᾷ
2329 1004 2428 1070 τῆς
2459 1003 2738 1069 ἀγνωσίας
2795 1003 3129 1074 καθημένοις
3179 1005 3313 1074 ἡμῖν
3369 1003 3485 1071 φῶς
3517 1003 3576 1054 τὸ
3613 1003 3734 1071 μέγα

2168 1093 2460 1160 ἐπέρανε-θ,
2493 1096 2522 1146 ό
2579 1093 2811 1156 Ἡσαΐας
2852 1097 3006 1166 φησί.
3041 1095 3132 1149 Διὸ
3167 1096 3261 1148 καὶ
3301 1095 3350 1147 oi
3375 1093 3453 1156 ὡς
3497 1095 3555 1145 ἐν
3599 1095 3734 1146 νυκτὶ

2166 1187 2250 1254 τῷ
2289 1185 2388 1256 βίῳ
2429 1185 2626 1256 τούτῳ,
2677 1187 2736 1240 ἐν
2762 1186 2842 1257 τῷ
2869 1186 3155 1258 μέσῳ,τῆς
3202 1186 3398 1248 νυκτὸς
3453 1185 3626 1238 ἐλθεῖν
3659 1187 3736 1237 τὸν

2168 1277 2444 1346 ἐρώμενον
2462 1277 2592 1345 ἡμῖν
2611 1277 2722 1329 τῶν
2745 1277 2936 1346 ψυχῶν
2955 1277 3192 1346 νυμφίον
3219 1276 3316 1328 καὶ
3339 1277 3370 1345 ἠ
3382 1275 3503 1343 μῶν
3530 1275 3728 1343 ἐρῶντα

2169 1371 2614 1441 ἀπεκδεχόμεθα.
2651 1373 2762 1425 Kal
2793 1370 2940 1424 οὕτω
2963 1369 3264 1439 καθεξῆςῆ
3308 1384 3369 1448 τε
3416 1367 3514 1420 τεῦ
3551 1367 3736 1436 Orchi}-

2173 1480 2267 1530 ρος
2331 1463 2646 1533 στιχολογία
2705 1463 2970 1529 τελεῖται,
3029 1463 3174 1518 κατὰ
3205 1464 3354 1533 τρεῖς
3401 1479 3461 1515 τε
3501 1462 3736 1529 ψαλμοὺς

2168 1555 2450 1624 δοξολογία
2483 1556 2625 1626 μετὰ
2671 1557 2734 1609 τδ
2781 1557 3107 1627 Ἀλληλούῖα
3142 1556 3376 1624 γίνεται,
3401 1557 3499 1624 τῆς
3530 1556 3736 1623 Τριάδος

2177 1648 2278 1719 μέν
2309 1647 2400 1702 διὰ
2428 1648 2524 1701 τοῦ
2572 1648 2712 1713 Δόξα
2748 1648 2926 1719 Πατρὶ
2983 1647 3077 1701 καὶ
3122 1649 3238 1716 Υίῷ
3266 1649 3359 1701 καὶ
3411 1647 3553 1716 ἁγίῳ
3585 1645 3734 1698 Ilvati-

2177 1757 2308 1810 ματι
2343 1739 2834 1808 δοξολογουμένης,
2874 1738 2974 1805 τῆς
3028 1740 3360 1811 σαρκώσεως
3408 1739 3466 1792 δὲ
3516 1738 3608 1791 τοῦ
3649 1737 3736 1791 Λό-

482 1829 611 1883 ι·ἰιυί
653 1841 870 1897 sancto,
905 1849 926 1882 ι
964 1831 1292 1894 celebratur.
1329 1833 1488 1887 Verbi
1523 1851 1650 1889 Vero
1679 1836 2072 1893 incarnationis

2175 1851 2273 1901 γου
2299 1833 2388 1886 διὰ
2411 1832 2508 1886 τοῦ
2551 1833 2895 1903 ’Δλληλούϊα,
2929 1830 2984 1887 ό”
3006 1833 3138 1895 Θεὸς
3168 1831 3394 1903 ἔρχεται
3451 1833 3734 1902 ἑρμηνευο-

480 1933 578 1986 per
606 1920 736 1975 illud
778 1939 797 1972 ι
846 1921 1078 1976 Alleluia
1117 1940 1134 1973 ι
1175 1924 1319 1992 quod
1360 1924 1504 1978 Deus
1558 1927 1704 1979 venit
1737 1927 2067 1996 interpreta-

480 2025 606 2080 tur;
631 2015 776 2084 quod
813 2008 936 2086 ejus
970 2017 1025 2070 in
1065 2025 1262 2072 terram
1296 2017 1589 2072 adventum
1625 2017 1918 2087 signiﬁCat,
1952 2028 2064 2073 tum

479 2107 718 2176 priorem
777 2121 876 2176 per
927 2121 1149 2162 carnem
1204 2109 1256 2162 in
1310 2119 1632 2178 paupertate
1689 2109 1913 2174 factum,
1951 2121 2064 2165 tum

476 2200 838 2269 posteriorem
878 2214 1042 2268 quem
1092 2199 1146 2253 in
1178 2200 1347 2268 gloria
1382 2200 1698 2254 faciendum
1737 2216 1764 2253 a
1799 2202 1938 2255 caelo
1965 2215 2065 2256 ex-

478 2303 817 2362 spectamus.
865 2290 1064 2348 Postea
1115 2293 1378 2348 lectiones
1425 2307 1708 2348 sacrorum
1745 2309 2062 2348 sermonum

478 2393 784 2453 ponuntur,
818 2385 872 2440 in
931 2385 1336 2440 institutionem
1379 2385 1616 2455 mysterii
1653 2393 1707 2437 et
1752 2386 2064 2438 ent-omium

476 2486 795 2532 sanctorum
831 2491 1064 2544 quorum
1098 2477 1367 2532 solemnia
1400 2477 1770 2539 celebrantur,
1805 2475 2063 2544 quoniam

481 2569 536 2623 in
573 2567 666 2623 illo
690 2567 864 2622 futuri
896 2569 1082 2623 seculi
1115 2570 1445 2637 panegyrico
1473 2576 1529 2621 et
1556 2569 1814 2638 mysteria
1855 2566 1967 2631 Dei,
2001 2580 2066 2620 ac

477 2661 777 2728 praesertim
813 2663 1218 2717 incarnationis
1248 2662 1702 2726 celebrabuntur,
1731 2671 1792 2716 et
1819 2676 1944 2715 cum
1981 2661 2065 2715 cis

475 2766 679 2823 agentes
705 2767 894 2807 eorum
927 2753 1020 2822 qui
1053 2769 1154 2824 pro
1185 2753 1276 2809 illo
1307 2763 1680 2819 certaverunt,
1705 2753 2067 2823 quemadmo-

473 2847 601 2900 dum
640 2845 693 2900 in
737 2847 987 2916 epinieiis
1032 2847 1179 2916 regis
1207 2857 1260 2901 et
1296 2848 1370 2901 illi
1416 2848 1506 2916 qui
1545 2862 1646 2918 pro
1681 2863 1748 2902 eo
1782 2863 2064 2917 pugnave-

475 2949 608 2994 runt
661 2941 1081 2993 commemorati
1141 2952 1516 3006 coronantur,
1572 2951 1630 2994 ut
1674 2940 1876 3007 saepius
1928 2939 2067 2993 dixit

472 3033 872 3104 Cbrysologus.
900 3030 1105 3086 Verum
1139 3047 1263 3101 post
1295 3034 1584 3086 lectionem
1626 3043 1876 3086 cantatur
1907 3033 2068 3102 bym-

2173 1923 2359 1994 μένου,
2389 1923 2418 1977 δ
2461 1924 2560 1991 τὴν
2597 1923 2691 1975 ἐπὶ
2743 1921 2848 1992 γῆς
2895 1920 3063 1977 αὑτοῦ
3113 1923 3428 1993 παρουσίαν
3473 1920 3732 1989 σημαίνει,

2169 2018 2271 2088 τήν
2300 2034 2360 2070 τε
2392 2017 2663 2087 πρότερον
2691 2015 2780 2070 διὰ
2820 2016 3026 2082 σαρκὸς
3050 2018 3111 2069 ἐν
3143 2014 3394 2086 πτωχείᾳ.
3451 2009 3733 2080 γεγενημέ-

2168 2087 2290 2179 νην,
2327 2109 2423 2162 καὶ
2447 2106 2548 2178 τὴν
2597 2107 2826 2176 ὕστερον
2857 2105 3022 2160 πάλιν
3052 2105 3193 2176 μετὰ
3230 2087 3407 2175 δόξης
3463 2102 3556 2158 ἀπ’
3587 2100 3732 2171 οὖρα-

2174 2203 2267 2255 νοῦ
2300 2203 2392 2268 ὑφ’
2418 2202 2577 2271 ἡμῶν
2607 2199 3079 2270 ἀπεκδεχομένην.
3129 2198 3244 2252 Καὶ
3283 2196 3622 2266 ἀναγνώσεις
3671 2196 3732 2245 Ξε-

2173 2295 2281 2365 ρῶν
2308 2294 2484 2362 λόγων
2512 2294 2782 2359 τίθενται,
2810 2295 2889 2354 είς
2912 2291 3270 2345 διδασκαλίαν
3290 2291 3388 2344 τοῦ
3426 2289 3728 2358 μυστηρίου,

2170 2386 2268 2440 xal
2318 2387 2598 2456 ἐγκώμιον
2673 2384 2785 2438 τῶν
2840 2384 3277 2454 ἁνυμνουμένων
3343 2382 3521 2450 ἁγίων
3551 2397 3565 2410 ’
3624 2378 3732 2431 ἐπεὶ

2169 2483 2268 2536 καὶ
2295 2483 2354 2534 ἐν
2385 2484 2452 2552 τῇ
2509 2480 2822 2551 πανηγύρει
2865 2480 3050 2550 ἐκείνῃ
3103 2478 3199 2531 τοῦ
3249 2477 3545 2548 μέλλοντος
3594 2474 3624 2543 ἦ
3675 2472 3731 2524 τὰ

2172 2574 2452 2646 μυστήρια
2482 2572 2701 2626 ἔσονται
2751 2570 3181 2640 δοξολογούμενα
3212 2568 3307 2624 τοῦ
3349 2568 3494 2622 Θεοῦ
3555 2569 3639 2620 καὶ
3675 2565 3731 2617 τὰ

2167 2667 2270 2737 τῆς
2305 2666 2780 2736 ἐνανθρωπήσεως
2829 2662 3118 2734 μᾶλλον,ῆ
3172 2661 3270 2714 σὺν
3301 2661 3496 2722 αὐτοῖς
3541 2657 3629 2712 καὶ
3674 2657 3731 2710 τὰ

2168 2758 2309 2816 ἆθλα
2345 2761 2454 2813 τῶν
2481 2759 2910 2832 ἀγωνισαμένων
2947 2757 3090 2823 ὑπὲρ
3121 2753 3309 2819 αὑτοῦ,
3342 2753 3513 2823 220
3544 2751 3616 2814 ὡς
3647 2751 3728 2800 καὶ

2168 2855 2226 2906 ἐν
2258 2855 2372 2915 τοῖς
2404 2849 2702 2913 ἐπινικίοις
2753 2849 2847 2903 τοῦ
2893 2848 3186 2918 βασιλέως,
3238 2847 3334 2899 καὶ
3379 2847 3431 2898 οἱ
3479 2844 3545 2898 δι’
3587 2841 3727 2896 αὐτὸν

2168 2943 2570 3010 ἐναθλήσαντες
2634 2941 3108 3011 ἀναγορευόμενοι
3176 2936 3598 3007 στεφανοῦνται,
3654 2932 3718 2994 ὡς

2169 3033 2438 3096 πολλάκις
2465 3035 2493 3084 ό
2525 3031 2954 3104 Χρυσορῤήμων
2986 3029 3142 3099 φησί.
3190 3027 3349 3082 Μετὰ
3382 3026 3479 3097 τὴν
3504 3025 3724 3089 ἀνάγνω-

471 3139 582 3180 nus
610 3123 681 3178 ab
713 3124 800 3178 bis
831 3123 1105 3191 incipiens
1148 3139 1164 3178 :
1210 3140 1231 3174 ι
1272 3122 1502 3177 Multum
1538 3123 1877 3189 misericors,
1911 3144 1930 3176 ι
1973 3121 2067 3193 qui

2178 3142 2262 3179 σιν
2291 3125 2347 3178 δέ
2380 3126 2476 3179 κα)⁴
2507 3126 2536 3178 ό
2573 3124 2669 3178 τοῦ
2701 3122 2996 3177 πολυελέου
3033 3121 3226 3193 ᾄδεται
3261 3120 3455 3190 ὕμνος,
3489 3115 3728 3176 ἐπινίκιός

473 3223 561 3270 est
601 3215 747 3268 velut
799 3213 1076 3284 quoddam
1128 3213 1401 3282 epinicion
1455 3213 1548 3268 Dei
1610 3215 1874 3269 mirabilia
1905 3229 2063 3269 enar-

474 3321 629 3372 rans,
658 3315 712 3360 et
740 3305 794 3359 in
827 3306 1020 3375 primis
1051 3308 1355 3361 animarum
1387 3318 1701 3363 nostrarum
1738 3324 1802 3362 ex
1828 3306 2062 3379 Egypto

476 3409 676 3466 nempe
704 3408 929 3465 peccato
949 3408 1004 3453 et
1027 3413 1217 3454 errore
1241 3399 1306 3454 ad
1331 3398 1491 3454 [idem
1519 3399 1720 3454 Christi
1744 3401 2058 3464 transitum,

479 3490 861 3546 liberationem
925 3503 1170 3547 nostram
1226 3506 1257 3546 a
1315 3493 1600 3546 Pharaone
1652 3500 1705 3545 et
1767 3491 2059 3562 Egyptiis,

475 3581 699 3636 diabolo
735 3581 946 3637 scilicet
995 3592 1050 3636 et
1080 3581 1445 3646 daemonibus.
1495 3585 1599 3636 iter
1649 3583 1958 3650 expeditum
1993 3597 2062 3635 ex

476 3674 611 3727 mari
659 3675 1025 3727 tentatiouum
1077 3672 1198 3727 vita:
1251 3673 1398 3743 quod
1435 3673 1488 3727 in
1543 3673 1714 3737 sicco,
1765 3673 1889 3726 forti
1951 3674 2060 3727 vita

477 3765 758 3836 nullisque
796 3764 1057 3820 ﬂuctibus
1085 3765 1285 3835 agitata
1314 3766 1368 3819 in
1402 3765 1606 3819 virtute
1631 3766 1721 3821 Dei
1756 3776 1805 3820 et
1850 3766 2063 3835 patir-u-

477 3860 550 3913 tia
590 3859 1008 3913 tribulationum
1044 3859 1188 3913 velut
1232 3858 1384 3925 virga
1425 3859 1606 3913 crucis
1643 3861 1842 3913 virtute
1877 3860 1929 3912 in
1963 3860 2061 3914 ba-

476 3954 680 4023 ptismo
727 3951 967 4006 roborati
1020 3951 1274 4013 facimus,
1329 3951 1706 4005 liberationem
1757 3967 1786 4004 a
1841 3951 2060 4007 deserto

477 4046 685 4116 peccati
747 4047 800 4099 in
851 4061 966 4115 quo
1023 4045 1386 4098 versabamur
1437 4052 1657 4114 propter
1704 4053 1946 4098 nostram
2005 4044 2057 4098 in

368 4165 376 4173 -
477 4144 840 4212 adimplendis
892 4141 1182 4210 preceptis
1229 4131 1548 4208 ignaviam,
1605 4151 1936 4210 nostrasque
1961 4141 2061 4195 ad-

476 4247 673 4287 versus
704 4231 875 4285 Deum
919 4231 1168 4284 laborum
1206 4245 1370 4285 causa
1425 4233 1915 4296 murmurationes,
1963 4233 2056 4301 qui

479 4330 663 4378 tamen
726 4324 913 4377 nutriti
970 4339 1192 4378 eramus
1245 4323 1416 4378 Verbo
1470 4326 1594 4378 vitae
1635 4325 1804 4380 multo
1858 4342 2085 4382 manna'

479 4414 844 4482 prarst-au-tiori
895 4422 946 4466 et
989 4414 1157 4480 putati
1198 4413 1400 4469 lluerito
1435 4416 1722 4483 sanguinis
1770 4432 1837 4470 es
1893 4416 2060 4472 latere

2173 3235 2258 3280 τις
2287 3218 2384 3282 ὢν,
2446 3219 2542 3270 καὶ
2601 3217 2670 3270 τὰ
2698 3215 2795 3269 τοῦ
2830 3213 2968 3268 Θεοῦ
3025 3212 3307 3292 θαυμάσια
3367 3211 3722 3280 διηγούμενος,

2171 3307 2268 3363 καὶ
2304 3309 2547 3379 μάλιστα
2571 3307 2672 3378 τὴν
2706 3307 2766 3372 ἐξ
2795 3307 3072 3376 Λίγύπτου
3097 3306 3196 3374 τῆς
3230 3303 3511 3373 ἁμαρτίας
3544 3300 3716 3370 δηλον·

2171 3401 2253 3455 ότι
2325 3401 2420 3454 καὶ
2468 3400 2678 3471 πλάνης
2730 3399 2840 3452 τῶν
2898 3397 3088 3468 ψυχῶν
3118 3395 3278 3468 ἡμῶν
3333 3395 3476 3467 πρὸς
3513 3393 3608 3464 τὴν
3649 3386 3725 3442 τοῦ

2170 3493 2413 3563 Χριστοῦ
2449 3493 2636 3546 πίστιν
2664 3492 2938 3554 διὰὕασιν,
2991 3487 3088 3544 καὶ
3121 3489 3220 3560 τὴν
3285 3489 3351 3542 ἐκ
3409 3486 3504 3541 τοῦ
3549 3481 3726 3552 Φαραὼ

2171 3587 2410 3641 καὶτῶν
2434 3584 2781 3654 Αἰγυπτίων,
2813 3582 2910 3636 τοῦ
2956 3581 3206 3636 διαϐόλου
3256 3579 3464 3650 δηλαδὴ
3507 3577 3595 3630 καὶ
3635 3573 3726 3626 τῶν

2169 3679 2464 3750 δαιμόνων,
2508 3677 2831 3750 ἐλευθερίαν
2865 3675 3049 3747 ἡμῶν,
3085 3673 3300 3744 καὶτὴν
3335 3673 3404 3725 ἐκ
3424 3672 3520 3740 τῆς
3551 3667 3722 3722 θαλάσ-

2171 3790 2271 3842 σης
2303 3771 2414 3825 τῶν
2448 3771 2776 3840 πειρασμῶν
2805 3769 2900 3824 τοῦ
2937 3768 3077 3840 βίου,
3105 3767 3195 3821 διὰ
3223 3766 3423 3836 ξηρᾶς,
3463 3764 3561 3834 τῆς
3592 3763 3722 3829 ἰσχυ-

2175 3867 2274 3934 ρᾶς
2295 3865 2390 3918 καὶ
2412 3864 2736 3932 ἀκυμάντου
2772 3862 2917 3932 ζωῆς
2949 3862 3006 3914 ἐν
3046 3858 3194 3929 ἰσχύῖ
3226 3856 3365 3911 Θεοῦ
3389 3859 3455 3928 τῇ
3485 3850 3721 3924 καρτερίᾳ

2167 3958 2279 4010 τῶν
2345 3956 2581 4024 θλίψεων
2635 3953 2878 4023 εὐσταλῆ
2937 3951 3210 4021 πορείαν,
3273 3948 3349 4012 ὡς
3412 3946 3586 4019 ῥάϐδῳ
3641 3937 3720 3994 τοῦ

2174 4050 2416 4118 σταυροῦ
2451 4051 2516 4118 τῇ
2546 4047 2778 4117 δυνάμει
2793 4045 3180 4115 ἐνισχυθέντας
3203 4043 3262 4095 ἐν
3282 4041 3362 4112 τῷ
3387 4037 3718 4112 βαπτίσματι.

2170 4141 2265 4192 καὶ
2293 4141 2394 4208 τὴν
2424 4139 2535 4193 ἀπὸ
2559 4139 2658 4206 τῆς
2715 4135 2993 4206 ἐρημικῆς
3029 4131 3332 4195 κακώσεως
3382 4130 3473 4184 διὰ
3530 4127 3621 4196 τὴν
3674 4121 3721 4198 ὲῩ

2167 4231 2304 4299 ἡμῖν
2330 4228 2611 4298 ρᾳθυμίαν
2633 4229 2692 4280 ἐν
2716 4227 2783 4296 τῇ
2812 4217 3167 4294 ἐκπληρώσει
3204 4222 3315 4274 τῶν
3366 4216 3614 4279 ἐντολῶν,
3642 4208 3720 4265 καὶ

2167 4321 2260 4375 τὸν
2295 4322 2375 4382 είς
2407 4320 2542 4372 Θεὸν
2569 4317 2893 4387 γογγυσμὸν
2930 4317 3019 4369 διὰ
3052 4316 3182 4378 τοὺς
3216 4314 3439 4377 πόνους,
3472 4309 3639 4364 καίτοι
3667 4316 3719 4368 γε

2167 4417 2523 4485 τρεφομένων
2548 4415 2707 4486 ἡμῶν
2737 4413 2825 4483 τῷ
2872 4411 3019 4480 ζωῆς
3055 4411 3209 4481 ἄρτῳ
3266 4408 3409 4478 ὑπὲρ
3455 4405 3512 4458 τὸ
3546 4401 3718 4472 μάννα.

475 4503 681 4559 Christi
708 4502 1002 4566 manantis,
1035 4511 1292 4573 tauquam
1332 4521 1396 4558 ex
1440 4506 1538 4559 hac
1570 4507 1675 4560 vita
1704 4507 2060 4572 solutionem,

2169 4507 2281 4561 Kal
2311 4504 2693 4575 ποτιζομένων
2730 4505 2809 4574 τῷ
2861 4505 3067 4574 νάματι
3123 4501 3219 4555 τοῦ
3251 4502 3316 4553 ἐκ
3369 4499 3470 4569 τῆς
3503 4489 3717 4558 πλευρᾶς

479 4596 741 4652 Ecclesiae
800 4596 1233 4664 redemptionem
1290 4600 1358 4650 ab
1401 4593 1661 4664 'Amalec,
1695 4600 1839 4655 Seon
1891 4609 1948 4654 et
1983 4599 2064 4670 Og

479 4685 677 4754 hisque
706 4684 999 4748 similibus,
1039 4685 1398 4754 Diocletiano,
1429 4688 1750 4757 Maximino,
1799 4691 2062 4760 Apostata

479 4775 746 4860 (Iuliano)
797 4778 1123 4847 ceterisque
1160 4783 1410 4850 tyrannis
1460 4781 1829 4850 impiissimis,
1877 4791 2066 4851 utpote

479 4869 768 4926 destructo
795 4872 1012 4926 illorum
1043 4873 1342 4927 infidelium
1368 4887 1557 4941 regno,
1588 4875 1661 4928 ita
1695 4881 1749 4928 et
1777 4875 2064 4944 tyrannide

479 4961 792 5017 dmmouum
825 4963 1028 5032 quibus
1071 4965 1457 5020 tribulationes
1486 4951 1746 5018 accidunt
1772 4967 1978 5020 sanctis
2009 4965 2062 5021 iu

483 5054 588 5108 hac
632 5054 742 5107 vita
774 5064 827 5109 et
861 5056 1022 5110 varia
1061 5057 1418 5119 teutationes,
1454 5069 1666 5109 necnon
1719 5057 2060 5112 mansionem

481 5147 534 5200 in
557 5155 704 5200 terra
733 5149 1142 5216 promissionis,
1173 5159 1226 5202 et
1251 5147 1624 5203 haereditatcm
1657 5149 1934 5204 cmlestem
1969 5168 2064 5219 per

479 5237 666 5293 Jesum
702 5237 900 5292 Filium
952 5239 1045 5294 Dei
1109 5239 1214 5293 vivi
1265 5241 1356 5308 qui
1407 5250 1492 5293 est
1531 5253 1657 5306 pars
1688 5251 1742 5294 et
1775 5242 2062 5300 litereditas

485 5337 699 5396 nostra,
729 5331 820 5398 qui
873 5347 974 5384 nos
1001 5331 1070 5384 ab
1111 5328 1419 5385 inﬁdelibus
1451 5344 1764 5399 segregatos
1799 5336 1865 5388 ad
1899 5338 2065 5390 cmic-

480 5425 624 5494 stem'
646 5411 1088 5488 Hierosolymam
1123 5420 1397 5488 perducit,
1431 5424 1726 5476 sacerdotii
1763 5437 1814 5478 et
1853 5429 2064 5480 sacriti-

481 5511 551 5564 cii
585 5510 821 5565 viventis
856 5515 1000 5564 dona
1046 5521 1306 5580 tanquam
1347 5530 1573 5583 magnus
1608 5517 1845 5585 pontifex
1898 5519 2062 5589 largi-

482 5611 593 5670 tus,
628 5609 684 5658 et
721 5613 986 5669 tanquam
1038 5603 1192 5658 solus
1239 5620 1331 5658 rex
1386 5623 1480 5676 per
1517 5619 1768 5663 naturam
1830 5625 2058 5679 regnum

483 5694 731 5748 futurum
775 5692 938 5748 nobis
981 5691 1304 5764 largiturus,
1355 5709 1407 5752 et
1448 5702 1596 5769 regni
1644 5703 1763 5769 ejus
1795 5718 1901 5756 nou
1953 5704 2060 5756 erit

483 5785 630 5842 ﬁnis.
662 5781 732 5838 At
749 5793 876 5852 post
898 5786 998 5844 hos
1024 5801 1241 5860 cantus,
1273 5781 1544 5851 electi’alii
1573 5797 1767 5866 psalmi
1795 5804 1848 5852 et
1873 5795 2060 5866 hymni

2167 4596 2408 4667 Χριστοῦ
2439 4598 2696 4666 αἵματος,
2731 4597 2807 4660 ὡς
2831 4595 2941 4650 ἀπὸ
2974 4595 3071 4648 τοῦ
3102 4593 3220 4664 βίου
3275 4593 3467 4646 τούτου
3525 4582 3716 4639 ἐλευθε-

2170 4692 2318 4762 ρίαν,
2343 4691 2436 4743 καὶ
2461 4695 2561 4760 τὴν
2588 4691 2652 4742 ἐκ
2677 4689 2774 4742 τοῦ
2798 4687 3050 4758 Ἀμαλὴκ
3077 4688 3172 4740 καὶ
3206 4685 3362 4754 Σηὼν
3395 4682 3486 4736 καὶ
3518 4680 3609 4745 ’Ὠγ
3640 4671 3718 4726 καὶ

2166 4781 2280 4835 τῶν
2307 4781 2513 4851 ὁμοίων
2549 4780 2809 4844 ἐκείνοις,
2843 4777 3240 4847 Διοκλητιανοῦ
3272 4793 3333 4828 τε
3377 4776 3470 4827 καὶ
3499 4764 3714 4834 Magni-ir

2168 4891 2260 4928 vou
2301 4875 2396 4926 καὶ
2425 4873 2738 4927 ἀποστάτου
2773 4873 2869 4926 καὶ
2914 4870 3024 4925 τῶν
3055 4869 3261 4923 λοιπῶν
3305 4861 3716 4920 δυσσεϐεστὰτων

2168 4949 2496 5035 τυράννων,
2553 4967 2654 5036 τῆς
2720 4964 3053 5034 Ἐκκλησίας
3095 4959 3476 5030 ἀπολύτρωσιν
3525 4955 3592 5014 ὡς
3633 4949 3714 5014 ’τῆς

2171 5058 2457 5123 βασιλείας
2494 5059 2722 5111 ἐκείνων
2747 5058 2856 5110 τῶν
2881 5056 3133 5110 ἀπίστων
3165 5049 3592 5116 καταπεσούσης.
3615 5040 3713 5104 ἅμα

2170 5151 2237 5217 τῇ
2271 5148 2546 5218 τυραννίδι
2573 5148 2684 5201 τῶν
2721 5148 3020 5217 δαιμόνων,
3079 5145 3148 5198 δι’
3199 5137 3272 5196 ὧν
3307 5145 3362 5194 αί
3402 5138 3594 5206 θλίψεις
3619 5130 3711 5188 τοῖς

2171 5241 2351 5308 ἁγίοις
2383 5241 2442 5294 ἐν
2470 5241 2610 5310 τῷδε
2641 5241 2722 5311 τῷ
2755 5240 2856 5310 βίῳ
2893 5240 2988 5300 καὶ
3021 5239 3091 5292 τά
3129 5235 3352 5288 ποικίλα
3381 5231 3487 5284 τῶν
3514 5233 3710 5311 “up”.

2172 5336 2310 5406 μῶν,
2332 5335 2428 5388 καὶ
2475 5334 2574 5405 τὴν
2598 5335 2666 5388 ἐκ
2698 5333 2808 5388 τῶν
2839 5317 3182 5403 πειρασμῶν
3215 5345 3275 5382 τε
3307 5325 3400 5379 καὶ
3428 5321 3614 5378 πόνων,
3643 5309 3712 5390 εἷς,

2167 5427 2267 5497 τὴν
2295 5426 2400 5495 γῆν
2427 5426 2525 5495 τῆς
2559 5425 2900 5495 ἐπαγγελίας
2924 5423 3350 5493 κατασκήνωσιν
3415 5412 3505 5469 καὶ
3534 5407 3708 5474 κληροο

2167 5523 2366 5593 νομίαν
2399 5523 2493 5576 τὸν
2522 5524 2756 5594 οὐρανὸν
2779 5524 2869 5577 διὰ
2911 5521 3088 5594 Ἰησοῦ
3119 5520 3215 5574 τοῦ
3251 5515 3380 5571 Υίοῦ
3407 5511 3495 5564 τοῦ
3532 5506 3704 5603 ζῶντῑξξ

2167 5615 2328 5670 Θεοῦ.
2369 5614 2469 5679 ’ος
2527 5618 2623 5670 καὶ
2681 5616 3015 5689 κληροδότης
3067 5614 3246 5676 ἔσται,
3282 5610 3376 5662 καὶ
3406 5601 3702 5696 κληρῷψξξ

2169 5711 2326 5778 ἡμῖν,
2358 5711 2454 5764 καὶ
2483 5711 2736 5781 χωρίζων
2769 5712 2918 5781 ἡμᾶς
2951 5709 3064 5762 τῶν
3089 5707 3362 5768 ἀπίστων,
3397 5695 3487 5750 καὶ
3516 5690 3587 5782 εἰς
3620 5690 3700 5782 sitv

2183 5803 2544 5875 Ἰερουσαλὴμ
2576 5805 2894 5874 ἐμϐιϐάζων
2919 5803 3018 5875 τὴν
3050 5797 3393 5872 ἐπουράνιον,
3423 5785 3513 5842 καὶ
3531 5781 3591 5834 τὰ
3617 5781 3698 5842 τῆς
