4046 6426
255 353 361 407 .563

1434 358 1534 417 DE
1581 358 1821 417 SACRA
1860 359 2356 423 PBECATIOAE.

3423 360 3527 423 5Το

259 465 567 534 ἱερωσύνης
600 470 695 521 καλ⁸
728 468 918 533 Θυσίας
944 471 1044 539 τῆς
1079 467 1268 541 ζώσης
1305 471 1384 536 ὥς
1432 474 1607 542 μέγας
1642 476 1834 546 ἱεράρ-

1941 476 2095 532 festis
2116 480 2518 533 accommodati
2547 480 2628 533 ve’
2654 464 2860 533 san‘ctis
2890 476 3246 531 modulantur
3272 476 3364 545 qui
3393 484 3525 530 sunt

258 574 363 627 χης
399 559 713 621 διδοὺς,κα“ι
751 562 829 625 ὡς
852 561 1017 632 μόνος
1068 561 1326 630 βασιλεὺς
1356 565 1501 617 κατὰ
1535 565 1693 633 φύσιν
1718 567 1839 620 δια-

262 649 441 703 θεῖναι
485 651 703 719 μέλλων
733 653 833 721 τὴν
858 653 1141 723 βασιλείαν
1193 657 1296 725 τὴν
1354 656 1684 725 μέλλουσαν.
1726 660 1839 713 Καὶ

256 743 359 809 τῆς
382 744 663 812 βασιλείας
696 745 865 797 αὑτοῦ
901 746 1003 798 οὐκ
1040 746 1196 800 ἔσται
1221 747 1396 809 τέλος.
1446 750 1602 802 Μετὰ
1660 749 1717 803 δὲ
1771 752 1840 806 τὰ

258 832 483 905 ᾅσματα
515 836 708 902 ταῦτα,
733 839 828 891 καὶ
855 839 1075 906 ἐκλογαὶ
1104 840 1291 910 ἐτεραι
1333 841 1518 911 ὕμνων
1545 843 1841 912 ψαλμικῶν

256 927 601 998 ἁρμόξουσαι
645 931 767 992 ταῖς
801 931 1079 1002 ἐορταίςῆ
1122 933 1235 995 τοῖς
1288 933 1469 1000 ἁγίαις
1524 936 1838 1006 ἐπᾴδονται,

1943 572 2369 640 praalicationes
2406 573 2739 626 mirabilium
2795 573 2912 625 Dei.
2959 571 3158 638 Sicque
3202 570 3528 640 prazdiratur

1945 663 2298 733 Evangt-liutn
2362 665 2506 733 quod
2567 666 2749 717 omnia
2804 665 3054 732 obsignat
3112 673 3165 717 et
3205 662 3410 731 perficit
3461 675 3522 713 ac

1944 757 2206 824 mysteria
2238 757 2373 825 prof:
2398 768 2477 822 rt;
2536 773 2631 825 per
2676 757 2852 825 ipsum
2889 756 3037 820 quod
3075 756 3380 810 celebratur
3413 767 3525 823 my-

1944 849 2172 903 sterium
2235 851 2436 905 chorea
2490 852 2668 921 agitur
2720 859 2772 902 et
2816 866 2910 919 per
2945 864 3188 902 canones
3230 854 3524 899 cantautur

1946 941 2196 1007 epinicia.

257 1017 706 1089 προκηρύγματα
756 1016 914 1072 οὖσαι
982 1021 1093 1072 τῶν
1144 1021 1471 1091 θαυμασίων
1522 1025 1619 1077 τοῦ
1670 1024 1970 1080 Θεοῦ.Κα“ι
2003 1029 2148 1083 οὕτω
2174 1034 2234 1083 τὸ
2269 1035 2446 1087 πάντα
2505 1033 2841 1105 σφραγίζον
2868 1035 2961 1088 καὶ
3014 1033 3255 1087 τελειοῦν
3315 1034 3414 1088 καὶ
3452 1032 3523 1085 τὰ

260 1113 544 1180 μυστήρια
607 1112 899 1182 παριστῶν
975 1114 1722 1183 κηρύττεταιεΕύαγγέλιον.
1786 1120 1890 1180 ζΔι’
1944 1122 2117 1175 αὐτοῦ
2188 1124 2247 1177 δὲ
2320 1127 2415 1178 τοῦ
2491 1128 2798 1199 μυστηρίου
2863 1127 3275 1198 φανερωθέντος
3329 1129 3363 1197 ὴ
3428 1144 3522 1196 χο-

259 1206 381 1278 ρεία
413 1206 749 1273 συνίσταται,
793 1208 889 1258 καὶ
925 1206 1014 1259 διὰ
1057 1206 1169 1259 τῶν
1223 1207 1465 1261 κανόνων
1492 1210 1559 1263 τὰ
1583 1210 1832 1265 ἐπινίκια
1851 1213 2060 1286 ἅδετᾳι.

852 1324 1106 1376 ΚΕΦΔΛ.
1138 1325 1241 1377 τιν.

258 1417 402 1487 Περὶ
469 1414 591 1471 τῶν
640 1414 713 1471 ἐν
789 1415 917 1482 τοῖς
949 1418 1228 1539 ἐκαέόσιν
1280 1416 1593 1487 ᾀδομένων

983 1504 1058 1539 νν
1092 1504 1150 1539 a.

983 1504 1128 1540 ννεα
1136 1526 1150 1540 ο

331 1565 546 1633 Διδ’καὶ
572 1580 744 1634 πᾶσαι
785 1579 940 1647 παρὰ
987 1579 1097 1633 τῶν
1132 1579 1305 1648 ἁγίων
1335 1580 1631 1650 προφητῶν
1664 1580 1842 1650 μελῳ-

260 1671 513 1742 δηθεῖσαι
542 1672 810 1743 πρότερον
840 1673 1259 1741 ἁναμέ).πονται
1289 1672 1423 1743 ᾠδαί
1445 1689 1460 1704 ο
1511 1675 1604 1727 καὶ
1640 1674 1833 1744 πρώτη

266 1766 367 1833 μὲν
399 1765 435 1835 ἠ
458 1767 560 1835 τῆς
591 1765 825 1836 Μαριὰμ
856 1764 951 1819 τοῦ
985 1765 1264 1829 Μωῦσέως
1323 1769 1415 1819 ἐπὶ
1463 1770 1527 1837 τῇ
1584 1767 1837 1820 διαϐάσει

1669 1415 1842 1480 ᾠδῶν

262 1858 358 1914 τοῦ
407 1859 653 1930 Ίσραήλυ
682 1859 913 1927 δευτέρα
948 1858 1005 1911 δὲ
1038 1861 1071 1927 ἡ
1106 1859 1198 1912 τοῦ
1247 1858 1529 1920 Μωῦσέως
1564 1859 1704 1928 μετὰ
1738 1860 1839 1929 τὴν
1871 1856 1913 1911 Β

263 1951 363 2021 τῆς
397 1953 611 2022 ἐρήμου
641 1952 893 2006 διάϐασιν
920 1968 936 1984 ο
960 1953 1174 2021 τρίτηή
1206 1951 1305 2020 τῆς
1328 1951 1534 2027 Ἀννῃς
1568 1952 1709 2020 μετὰ
1739 1952 1838 2020 τῆς

267 2043 609 2113 στειρώσεως
650 2045 805 2098 λύσιν
854 2048 950 2100 καὶ
1008 2047 1100 2100 τὸν
1135 2046 1282 2118 ἱερὸν
1338 2048 1552 2117 καρπὸν
1598 2047 1693 2099 τοῦ
1728 2048 1839 2100 Σα-

266 2137 443 2205 μουὴλ
464 2138 891 2209 εὐχαριστήριος
922 2141 1204 2210 προσευχὴ
1241 2141 1322 2203 είς
1348 2141 1707 2211 προτύπωσιν
1738 2140 1835 2210 τῆς

261 2229 655 2300 στειρευούσης
692 2232 961 2300 πρότερον
1025 2231 1379 2301 Ἐκκλησίας.
1415 2232 1524 2283 Καὶ
1586 2248 1841 2303 γεωργη-

264 2322 437 2393 σάσης
470 2323 595 2376 κατ’
626 2323 985 2391 ἐπαγγελίαν,
1010 2327 1107 2377 καὶ
1124 2324 1393 2394 τεκούσης
1421 2325 1648 2395 ’ὕστερον
1671 2325 1839 2393 ἱερεῖς

261 2430 321 2468 τε
357 2412 434 2478 ὡς
462 2404 554 2467 τὸν
588 2413 869 2483 Σαμουὴλ,
901 2414 999 2467 καὶ
1028 2414 1117 2467 διά
1146 2415 1340 2484 ἱερέων
1375 2414 1618 2485 βασιλεῖς
1651 2415 1727 2474 ὡς
1743 2414 1838 2467 τὸν

262 2507 450 2572 Δαϐἰδ,
478 2508 575 2559 καὶ
602 2508 731 2569 τοὺς
760 2508 819 2573 ἐξ
844 2506 1033 2571 αὐτοῦ,
1067 2507 1196 2569 τοὺς
1230 2509 1569 2569 ἀποστόλους
1613 2508 1707 2559 καὶ
1764 2506 1840 2559 ίε-

264 2600 497 2671 ράρχας,
527 2601 622 2654 καὶ
650 2599 723 2652 δι’
754 2600 940 2654 αὐτῶν
970 2602 1098 2664 τοὺς
1140 2600 1488 2671 Χριστιανῶν
1538 2600 1782 2670 βασιλεῖς
1817 2615 1831 2630 ·

261 2691 496 2761 τετάρτη
530 2692 644 2761 τεὴ
673 2690 769 2744 τοῦ
796 2692 1136 2761 Ἀϐϐακοὺμ,
1179 2691 1240 2755 ὃς
1274 2692 1365 2745 τὸν
1423 2692 1560 2745 Θεὸν
1589 2694 1653 2745 ἐκ
1697 2692 1836 2745 Θαιο

263 2782 371 2852 μὰν
406 2778 545 2836 εἶδεν
577 2783 635 2850 ἐξ
666 2783 828 2855 ὅρους
881 2785 1178 2856 ἐρχόμενον
1224 2786 1548 2850 κατασκίου,
1607 2786 1728 2852 ἦτοι
1776 2784 1837 2848 ἐξ

272 2876 575 2929 ’Δνατολῶν
604 2876 695 2930 τὸν
727 2877 918 2930 ἄδυτον
942 2878 1133 2930 Ἥλιον
1164 2877 1400 2946 Χριστὸν
1429 2878 1493 2929 ἐκ
1517 2877 1798 2947 Παρθένου
1817 2893 1831 2908 ·

261 2967 493 3038 πέμπτη
525 2969 560 3038 ἡ
586 2967 684 3021 τοῦ
724 2968 975 3031 Ἡσαΐου,
1005 2968 1063 3033 ὃς
1122 2971 1182 3022 τὸ
1231 2970 1399 3041 τέρας
1447 2970 1832 3040 προήγγειλεν,

258 3060 335 3123 ὡς
372 3079 392 3113 ι
431 3061 566 3114 Ἰδοὺ
596 3063 628 3129 ἡ
661 3062 941 3129 Παρθίνος
975 3065 1033 3115 ἐν
1060 3063 1264 3134 γαστρὶ
1312 3063 1577 3133 λήψεται,
1610 3064 1706 3116 κοιλ⁸
1743 3063 1835 3118 τὸν

269 3146 623 3225 Ἐμμανουὴλ
679 3156 919 3224 τέξεται,
959 3175 979 3210 ι
1028 3158 1122 3211 καὶ
1169 3157 1240 3211 τὰ
1291 3158 1459 3212 λοιπά
1499 3157 1859 3229 προήγγειλεί

257 3246 356 3300 τοῦ
384 3246 699 3318 ἀγαπητοῦ,
736 3251 829 3302 καὶ
862 3248 961 3320 τὴν
1020 3248 1130 3302 τῶν
1168 3249 1380 3317 νεκρῶν
1433 3249 1791 3312 ἐξανάστασιν
1816 3265 1852 3287 ’-

258 3339 393 3410 ἓκτη
422 3340 479 3393 δὲ
506 3343 538 3409 ἠ
570 3341 665 3393 τοῦ
690 3341 845 3395 Ἰωνᾶ
870 3342 1004 3413 ᾠδὴ,
1024 3342 1086 3405 ὃς
1109 3342 1204 3395 τὸν
1235 3360 1360 3413 τριη
1372 3342 1555 3414 μέρως
1582 3343 1828 3411 ταφέντα

258 3434 356 3483 καὶ
392 3431 708 3515 ἀναρτάντα
737 3432 828 3486 διὰ
876 3432 972 3486 τοῦ
1033 3434 1235 3501 κήτους
1267 3434 1583 3504 προέγραψε
1606 3451 1621 3466 ·
1663 3434 1759 3487 καὶ
1800 3437 1832 3505 ἡ

256 3522 370 3581 τῶν
412 3522 582 3595 τριῶν
619 3525 830 3579 παίδων
862 3525 1065 3597 ἑϐδόμη
1092 3526 1229 3596 πρὸς
1288 3526 1421 3579 Θεδν
1450 3527 1711 3597 μελῳδία,
1774 3530 1835 3581 ἐν

255 3620 325 3689 τῇ
349 3619 566 3690 καμίνῳ
618 3621 693 3691 μὴ
735 3620 1114 3689 φλεγομένων,
1169 3621 1252 3684 εἱς
1303 3620 1475 3673 τύπον
1525 3621 1624 3690 τῆς
1681 3620 1835 3683 Θείας

261 3711 592 3783 σαρκώσεως
616 3726 633 3744 ⁸
659 3714 755 3767 καὶ
777 3713 811 3783 ἡ
852 3712 1134 3780 δοξολογία
1162 3713 1343 3766 αὐτῶν
1363 3712 1545 3782 ὀγδόη,
1592 3712 1660 3784 ἢν
1695 3714 1835 3783 μετά

264 3805 445 3874 πάσης
483 3804 769 3858 ἐποιοῦντο
810 3805 909 3868 τῆς
938 3804 1196 3869 κτίσεως,
1226 3804 1327 3875 τὴν
1359 3805 1460 3875 τῆς
1504 3807 1836 3875 οίκουμένης

258 3894 478 3965 ἁπάσης
504 3894 693 3964 σαφῶς
726 3893 1013 3965 δηλοῦντες
1066 3895 1364 3960 ἐπίγνωσιν
1408 3896 1487 3956 είς
1508 3895 1601 3947 τὸν
1633 3911 1838 3962 συγκα-

257 3987 500 4042 ταϐάντα
540 3989 697 4055 Θεὸν,
742 3988 839 4040 καὶ
882 3988 939 4041 ἐν
988 3990 1054 4057 τῇ
1115 3989 1335 4057 καμίνῳ
1375 3986 1600 4050 τούτους
1653 3988 1837 4058 δροσίο

260 4096 451 4146 σαντα,
506 4081 647 4135 κατὰ
694 4080 865 4133 τύπον
912 4080 1006 4134 τοῦ
1061 4082 1356 4150 ἱερωτάτου
1416 4081 1833 4152 βαπτίσματος

259 4174 356 4227 καὶ
410 4174 605 4242 ἐννάτη
655 4175 714 4227 δὲ
764 4176 798 4245 ἡ
840 4173 935 4227 τοῦ
990 4175 1267 4243 Ζαχαρίου
1336 4174 1426 4227 ἐπὶ
1454 4174 1531 4244 τῷ
1569 4173 1667 4243 υίῴ
1702 4192 1836 4245 προ-

263 4265 468 4334 φητεία
499 4268 555 4318 ἐν
587 4268 655 4337 τῇ
706 4266 965 4335 γεννήσει
991 4266 1087 4319 τοῦ
1133 4266 1251 4320 υἱοῦ
1287 4267 1452 4321 αὑτοῦ
1499 4268 1596 4321 τοῦ
1638 4268 1839 4321 Βαπτιο

264 4359 414 4425 ατοῦ,
447 4360 504 4423 ὃς
539 4362 682 4414 κατὰ
711 4360 809 4428 τὴν
841 4360 1039 4429 κλῆσιν
1061 4361 1350 4431 προοίμιον
1400 4362 1497 4414 καὶ
1525 4361 1838 4433 πρόδρομος

256 4451 411 4521 221,
448 4446 517 4524 ἦν
545 4454 642 4521 τῆς
663 4452 884 4523 χάριτος
907 4467 919 4483 ⁸
953 4454 1043 4505 καὶ
1072 4454 1168 4506 σὺν
1201 4455 1337 4523 αὐτῇ
1370 4455 1462 4507 καὶ
1491 4454 1598 4523 πρὸ
1632 4456 1837 4525 ταύτης

2490 1336 2719 1392 CAPUT
2772 1337 2968 1393 CCCX.

1944 1428 2018 1482 De
2049 1444 2227 1481 novem
2254 1429 2462 1497 hymnis
2482 1428 2693 1482 Bibliris
2721 1433 2809 1499 qui
2836 1446 2898 1481 ea:
2923 1430 3195 1483 Canonum
3215 1431 3522 1499 prwscripto

2592 1514 2879 1552 C(HHUUMT.

2013 1592 2219 1645 Idcirco
2259 1591 2417 1661 prius
2464 1603 2762 1648 cantanlur
2812 1594 3025 1647 cantica
3084 1610 3113 1648 a
3156 1596 3363 1650 sanctis
3400 1611 3524 1664 pro-

1943 1685 2125 1755 phetis
2186 1685 2458 1741 modulata
2498 1701 2513 1751 ;
2549 1686 2782 1755 primum
2848 1685 3069 1755 quidem
3127 1684 3312 1741 Mariae
3366 1701 3526 1740 soroe

1946 1780 2021 1832 ris
2055 1778 2276 1847 Moysis,
2328 1778 2455 1832 dum
2495 1779 2663 1833 Israel
2712 1794 2864 1833 mare
2908 1780 3189 1845 transiret,
3225 1781 3522 1837 secundum

1944 1888 2073 1927 vero
2112 1872 2314 1943 Moysis
2366 1880 2488 1943 post
2541 1874 2877 1939 transitum;
2916 1874 3136 1928 tertium
3176 1876 3347 1930 Anna:
3397 1882 3524 1943 post

1946 1964 2180 2020 solutam
2232 1966 2578 2021 sterilitatem
2632 1965 3075 2036 productumque
3106 1976 3357 2021 sanctum
3404 1965 3525 2020 fru-

1945 2064 2115 2120 ctum,
2147 2070 2339 2124 nempe
2376 2054 2685 2109 Samuelem
2722 2056 3025 2123 gratiarum
3062 2056 3296 2111 actionis
3323 2055 3520 2121 oratio,

1946 2148 2001 2201 in
2031 2150 2257 2217 ﬁguram
2292 2148 2550 2216 Ecdin
2605 2148 2755 2215 prius
2788 2146 2993 2201 sterilis
3025 2149 3297 2216 posterius
3340 2157 3524 2203 autem

1945 2242 2304 2309 parturientis
2338 2253 2390 2295 ct
2429 2241 2665 2294 ﬁliorum
2721 2240 2976 2304 laetantis,
3031 2256 3225 2310 nempe
3271 2242 3529 2295 sacerdo-

1944 2344 2059 2388 tum
2093 2332 2368 2388 Samuelis
2404 2334 2597 2396 instar,
2649 2343 2704 2387 et
2736 2340 2850 2401 'per
2885 2332 3201 2389 sacerdotes
3246 2349 3433 2403 regum
3466 2342 3527 2386 ut

1946 2422 2135 2489 David,
2172 2432 2227 2477 et
2262 2423 2489 2478 seminis
2522 2424 2663 2491 ejus,
2699 2425 3183 2493 apostolorumque
3215 2433 3270 2477 et
3303 2424 3526 2491 pontifi-

1943 2532 2089 2581 cum,
2111 2525 2166 2571 et
2204 2532 2299 2586 per
2323 2532 2415 2571 eos
2451 2531 2632 2585 regum
2662 2515 3122 2571 Christianorum.
3145 2514 3412 2580 Quartum
3438 2521 3527 2569 est

1944 2609 2226 2673 Habacuc,
2262 2610 2353 2678 qui
2386 2609 2521 2663 vidit
2556 2607 2726 2663 Deum
2776 2624 2840 2662 ex
2888 2608 3145 2661 Thmman
3188 2611 3520 2669 venientem,

1942 2698 2010 2752 de
2059 2709 2243 2752 monte
2276 2698 2603 2753 obumbrato
2637 2698 3039 2767 procedentem.
3092 2697 3272 2751 Solem
3312 2697 3523 2752 scilicet

1942 2786 2037 2856 qui
2070 2788 2245 2842 nescit
2271 2802 2527 2842 occasum
2557 2804 2621 2841 ex
2654 2787 2875 2842 Oriente
2896 2788 2962 2843 de
2990 2786 3215 2856 Virgine
3240 2787 3521 2843 Christum

1945 2878 2405 2948 progredientem.
2437 2880 2702 2945 Quintum
2748 2880 2904 2934 Isaia:
2934 2880 3025 2950 qui
3061 2882 3274 2951 signum
3309 2896 3524 2934 annun-

1943 2972 2099 3025 tiat'it
2133 2971 2365 3049 dicensf
2411 2991 2429 3023 ι
2480 2970 2621 3026 Ecce
2658 2955 2818 3039 Virgo
2853 2972 3127 3042 concipiet
3168 2973 3220 3025 in
3256 2980 3428 3037 utero,
3467 2980 3524 3027 ct

1943 3064 2117 3133 parEet
2142 3063 2497 3129 Emmanuel;
2544 3074 2848 3133 caeteraque
2876 3065 2939 3117 de
2983 3065 3296 3118 desiderato
3327 3064 3521 3133 prmdi-

1944 3158 2021 3210 xit
2075 3172 2136 3211 ac
2191 3164 2536 3212 mortuorum
2576 3158 3065 3213 resurrectionem.
3115 3159 3343 3212 Sextum
3372 3157 3524 3212 Jome

1937 3248 2029 3318 qui
2079 3263 2175 3317 per
2214 3249 2457 3303 triduum
2523 3250 2770 3319 sepultus
2802 3251 2857 3304 in
2894 3257 3019 3305 ceto
3057 3251 3520 3305 rcsurn-ctioutm

1940 3341 2330 3409 praaliguravit.
2390 3340 2695 3411 Septimum
2751 3352 2837 3397 est
2890 3343 3055 3397 trium
3106 3357 3403 3411 puerorum
3453 3343 3522 3396 ad

1937 3433 2106 3487 Deum
2141 3434 2422 3486 canticum
2456 3434 2510 3487 in
2544 3433 2769 3489 fornace
2793 3449 3136 3504 nequaquam
3175 3437 3522 3496 adustorum,

1939 3525 1991 3577 in
2038 3528 2264 3594 ﬁguram
2312 3525 2511 3579 divina:
2545 3526 2962 3580 incarnationis.
2997 3525 3265 3580 Octavum
3303 3536 3387 3581 est
3421 3542 3522 3581 eo-

1940 3632 2060 3670 rum
2089 3617 2416 3686 gloriﬁcatio
2455 3632 2618 3687 quam
2642 3631 2767 3670 cum
2805 3626 2917 3670 tota
2939 3619 3217 3672 creatione
3250 3616 3520 3682 fceerunl,

1940 3717 2086 3762 recte
2140 3708 2529 3777 patefacientes
2590 3710 2957 3777 cognitionem
3030 3710 3302 3764 universa:
3362 3718 3522 3763 terra:

1940 3800 2032 3855 Dei
2080 3802 2174 3869 qui
2220 3816 2345 3855 cum
2394 3803 2473 3857 eis
2506 3802 2935 3872 perambulabat,
2968 3816 3172 3873 eosque
3219 3802 3274 3856 in
3304 3801 3521 3856 camino
3626 3858 3633 3863 ,

1942 3908 2066 3946 rore
2108 3893 2420 3961 spargebat.
2474 3891 2689 3946 Nonum
2738 3893 2974 3962 denique
3007 3901 3091 3947 est
3134 3890 3416 3947 Zacharia:
3455 3892 3523 3946 de

1942 3984 2054 4038 ﬁlio
2083 3983 2479 4053 prephetantis,
2522 3984 2574 4035 in
2612 3983 2895 4037 nativitate
2936 3981 3058 4036 Filii
3089 3982 3206 4051 ejus
3238 3982 3518 4051 Baptista;

1941 4076 2034 4144 qui
2072 4075 2376 4129 secundum
2412 4076 2756 4129 vocationem
2788 4084 2906 4128 erat
2936 4074 3259 4143 proemium
3293 4082 3347 4126 et
3384 4087 3520 4141 pra:-

1939 4181 2133 4222 cursnr
2161 4170 2371 4237 gratiae,
2427 4182 2639 4221 necnon
2698 4183 2819 4219 cum
2870 4167 2965 4219 illo
3012 4176 3062 4220 et
3115 4176 3242 4219 ante
3295 4164 3426 4218 illud
3461 4174 3518 4217 et

1941 4273 2109 4327 super
2148 4257 2356 4322 omnia,
2387 4257 2660 4311 canticum
2693 4257 2812 4325 ejus
2839 4274 2959 4325 qua:
2987 4257 3188 4310 eximie
3213 4267 3266 4311 et
3294 4256 3408 4309 sola
3436 4264 3521 4309 est

1942 4366 2167 4419 prorsus
2214 4351 2540 4403 intemerata
2590 4364 2655 4402 ac
2697 4349 3067 4412 sanctissima,
3095 4357 3262 4402 castae
3307 4348 3519 4402 scilicet

1941 4443 2188 4511 Deiparte
2219 4442 2403 4496 Mariae
2442 4442 2591 4495 omni
2640 4443 2844 4496 licuore
2873 4441 3229 4511 dignissinne,
3263 4440 3407 4510 quod
3435 4449 3520 4494 est

255 4545 350 4597 καὶ
402 4544 594 4597 πασῶν
646 4546 960 4613 ἐξαιρέτως,
1014 4547 1113 4614 τῆς
1160 4546 1451 4616 ἐξαιρέτως
1506 4549 1600 4598 καὶ
1657 4547 1827 4616 μόνης

1942 4536 2321 4607 propheticum
2353 4533 2625 4602 simulque
2659 4534 3022 4604 tltcologiculn
3063 4544 3429 4602 sauciumque
3465 4542 3521 4586 el.

258 4637 599 4707 παναμὼμου
627 4640 720 4692 καὶ
752 4638 1061 4707 ὑπεραγίας
1091 4637 1265 4707 άγνῆς
1296 4634 1409 4708 ᾠδῆ
1434 4640 1531 4705 τῆς
1564 4638 1830 4691 Θεοτὸκου

257 4727 352 4778 καὶ
378 4726 736 4795 ύπερενδόξου
773 4728 1013 4797 Μαρίας,
1058 4728 1373 4797 προφητική
1415 4743 1471 4779 τε
1509 4728 1604 4779 καὶ
1647 4728 1832 4779 05020-

254 4815 384 4884 γικὴ
416 4816 512 4869 καὶ
543 4817 855 4886 ἡγιασμένη
893 4816 985 4869 καὶ
1015 4818 1262 4885 μακαρία
1290 4814 1518 4867 τελοῦσα
1550 4818 1700 4883 παρὰ
1728 4810 1833 4868 πάὲ

258 4924 373 4971 σας,
406 4908 480 4970 ὡς
530 4908 624 4961 ἐπὶ
682 4908 760 4975 τῷ
809 4907 1160 4977 ἀπειράνδρῳ
1193 4908 1338 4975 τόκῳ
1383 4907 1553 4975 αὐτῆς
1580 4908 1830 4978 ῥηθεῖσι.

273 4999 359 5054 'Ev
381 4992 425 5067 ᾧ
446 5000 602 5069 ἡμῶν
631 4999 723 5053 τοῦ
763 5000 886 5052 νέου
916 4998 1131 5068 Ἰσραὴλ
1160 5000 1188 5051 ό
1216 4998 1273 5063 ἐξ
1302 4998 1470 5067 αὐτῆς
1502 5002 1831 5068 σαρκωοεκς,

253 5090 328 5152 ὡς
379 5092 747 5162 ἐπηγγείλατο
788 5092 866 5159 τῷ
909 5091 1181 5161 Ἀϐραάμ,
1224 5090 1577 5145 ἀντελάϐετο.
1613 5092 1831 5155 Ταύτας

252 5180 437 5234 τοίνυν
464 5181 563 5246 τὰς
593 5182 747 5235 ἐννέα
774 5181 937 5252 ᾠδὰς,
974 5186 1054 5244 εἰς
1078 5184 1301 5252 τρισσδν
1330 5184 1501 5235 τύπον
1527 5182 1629 5251 τῆς
1656 5184 1829 5255 ὑπερο

254 5271 381 5325 θέου
425 5274 675 5343 Τριάδος,
707 5276 739 5345 η
784 5275 1080 5345 Ἐκκλησία
1109 5276 1234 5327 καθ’
1266 5274 1509 5343 ἑκάστην
1538 5274 1614 5337 ὠς
1652 5275 1830 5328 ἐπινίο

254 5364 355 5419 κιά
408 5380 468 5417 τε
519 5366 614 5419 καὶ
664 5369 994 5437 χαριστήρια
1032 5367 1122 5420 διὰ
1153 5366 1262 5418 τῶν
1296 5367 1537 5418 κανόνων
1577 5368 1829 5436 μελῳδεῖ.

254 5457 368 5510 Καὶ
395 5460 543 5528 τρεῖς
574 5461 629 5512 ἐν
649 5460 857 5522 τούτοις
882 5462 1114 5513 ποιεῖται
1140 5460 1379 5524 στάσεις,
1403 5460 1507 5512 κάν
1530 5459 1705 5530 τούτῳ
1728 5460 1828 5531 τὴν

1937 4642 2048 4698 pra:
2082 4626 2341 4681 omnibus
2387 4640 2734 4695 prosperum,
2785 4634 2970 4694 utpote
2999 4624 3067 4677 de
3094 4633 3359 4692 conceptu
3400 4623 3533 4691 ejus:

1939 4722 2059 4775 sine
2105 4719 2314 4773 setnine
2347 4718 2544 4773 allecto
2591 4719 3030 4787 pronuntiatum,
3069 4716 3125 4769 in
3154 4732 3264 4785 quo
3293 4729 3392 4769 nos
3425 4729 3521 4767 no-

1938 4829 2064 4867 rum
2110 4813 2277 4867 Israel
2310 4811 2450 4866 Deus
2477 4827 2541 4866 ex
2584 4826 2647 4865 ea
2687 4811 3027 4874 incarnatus,
3058 4806 3518 4877 quetnadmodum

1940 4905 2214 4958 Abraham
2256 4906 2592 4973 promissum
2650 4900 2846 4964 fuerat,
2890 4897 3155 4965 suscepit.
3204 4895 3327 4948 Ilaec
3356 4894 3522 4963 igitur

1939 5014 2135 5053 novem
2164 4998 2401 5062 cantica,
2444 4997 2499 5050 in
2529 4995 2727 5063 triplex
2764 4994 2979 5063 signum
3012 4990 3371 5045 divinissimm
3400 4988 3522 5041 Tri-

1939 5092 2148 5155 nitatis,
2184 5089 2451 5153 Ecclesia,
2482 5088 2715 5156 singulis
2746 5085 2963 5145 diebus,
3006 5083 3153 5137 velut
3198 5082 3431 5152 epinicia
3466 5092 3521 5135 et

1937 5184 2236 5253 gratiarum
2272 5184 2537 5246 actiones,
2575 5196 2639 5233 ex
2673 5186 2944 5248 praecepto
2968 5191 3240 5231 canonum
3274 5175 3521 5228 modula-

1939 5284 2068 5340 tur;
2102 5281 2326 5342 tresque
2380 5273 2433 5326 in
2473 5273 2552 5327 eis
2578 5271 2844 5325 stationes
2873 5269 3025 5335 facit,
3055 5283 3164 5338 quo
3206 5268 3369 5322 etiam
3401 5267 3520 5320 Tri-

1938 5368 2162 5421 nitatem
2201 5367 2457 5428 honorat,
2492 5378 2724 5434 quarum
2751 5378 2915 5416 unam
2968 5363 3077 5432 agit
3116 5363 3192 5416 in.
3217 5362 3325 5416 line
3372 5359 3517 5415 tertii

1941 5459 2167 5526 cantici,
2203 5457 2492 5514 sacerdote
2524 5456 2870 5525 doxologiam
2902 5456 3137 5510 dicente.

260 5550 467 5619 Τριάδα
518 5553 758 5623 τιμῶσα,
810 5552 940 5622 μίαν
968 5552 1067 5621 μὲν
1100 5552 1243 5605 κατὰ
1285 5552 1346 5605 τὸ
1374 5552 1527 5615 τέλος
1586 5553 1687 5623 τῆς
1715 5555 1906 5623 τρίτης
1938 5553 2102 5624 ᾠδῆς,
2137 5550 2233 5607 τοῦ
2268 5552 2457 5621 ἱερέως
2485 5549 2916 5617 δοξολογοῦντος.

842 5648 1096 5701 ΚΕΦΔΛ.
1128 5647 1278 5701 TIA'.

752 5739 890 5807 Περὶ
933 5739 1334 5808 καθισμάτων.

329 5826 459 5886 Εῐτα
494 5831 820 5895 καθημένων
853 5834 945 5886 καὶ
976 5833 1379 5898 ἀνυμνούνιων,
1413 5831 1470 5886 τὸ
1504 5832 1600 5898 μὲν
1624 5834 1716 5889 καί
1742 5832 1828 5888 διὰ

2482 5646 2712 5704 CAPUT
2763 5646 2987 5701 CCCXL

1944 5739 2018 5795 De
2035 5738 2264 5793 Psalmis
2282 5740 2602 5807 canticisque
2634 5755 2747 5808 qum
2767 5755 2797 5791 a
2814 5737 3115 5792 sedentibus
3145 5741 3517 5790 cnncmuntur.

2009 5835 2215 5891 Deinde
2270 5833 2594 5888 sedentibus
2641 5832 2910 5900 sitnulquc
2955 5828 3328 5896 laudantibus,
3384 5826 3519 5885 illud
