4046 6468
524 350 624 410 571

1390 342 1779 406 SYMEONIS
1819 342 2586 411 THESSALONICENSIS
2617 352 2975 416 ARCiilEP.
3683 358 3773 424 5'32

524 462 742 531 quidem
774 469 995 531 propter
1028 459 1296 514 modicam
1330 459 1577 534 corporis
1623 459 1866 529 requiem
1893 499 1908 524 ,
1964 456 2108 512 istttd

2219 462 2426 532 μικρὰν
2467 464 2568 534 τῆς
2602 467 2804 536 σαρκὸς
2838 466 3170 532 ἀνάπαυσιν,
3198 466 3263 522 τὸ
3297 456 3358 522 δὲ
3404 467 3490 523 ὅτι
3520 464 3612 524 καὶ
3636 473 3786 542 καθη-

527 551 949 625 veroquon’ram
976 558 1034 605 et
1083 551 1342 604 sedentes
1374 559 1430 604 et
1461 558 1673 603 stantes
1696 558 1906 617 oportet
1940 549 2113 604 Demn

527 642 764 705 laudare,
802 656 832 695 e
861 628 1178 696 sauciorum
1221 641 1445 709 Scriptis
1497 653 1820 708 argumenta
1870 640 1937 696 de
1975 639 2116 697 festo

420 745 424 747 ‘
525 734 581 788 in
617 749 966 789 communem
1006 733 1314 788 doctrinam
1354 735 1629 804 leguntur.

1084 848 1316 903 CAPUT
1353 849 1579 903 CCCX“
1593 889 1605 902 .

531 941 606 995 De
632 942 771 996 brevi
798 950 847 994 et
885 939 1166 1009 diﬁ‘usiore
1194 942 1266 1015 (in
1300 953 1545 996 sanctum
1580 943 1658 997 rel
1685 943 1873 1012 festum
1901 936 2141 1015 aliquod)

1201 1014 1393 1081 hymno
1404 1053 1415 1065 .

602 1105 784 1160 Finito
808 1113 963 1161 sexto
993 1106 1210 1160 cantico
1234 1107 1291 1159 lit
1326 1107 1601 1168 similiter,
1626 1108 1907 1162 sacerdote
1945 1107 2116 1162 doso-

531 1200 730 1269 logiam
780 1201 1031 1265 dicente,
1079 1209 1135 1253 et
1181 1201 1381 1254 dicitur
1436 1200 1595 1254 lectio
1641 1202 1820 1255 brevis
1863 1217 1984 1270 quae
2034 1211 2114 1255 est

530 1294 682 1347 Velut
721 1293 841 1347 laus
901 1293 1022 1348 festi
1073 1294 1131 1346 in
1180 1291 1456 1347 versiculo
1490 1301 1793 1354 contracta,
1851 1305 1903 1345 et
1957 1292 2116 1347 lectio

526 1400 746 1454 quoque
773 1386 1037 1455 appellata
1068 1381 1217 1445 οίκος
1254 1400 1348 1438 seu
1378 1384 1596 1444 domus.
1635 1392 1824 1455 utpote
1877 1385 2117 1453 comple-

526 1487 681 1534 ctens
718 1480 771 1532 in
801 1479 1096 1547 semetipsa
1134 1485 1304 1531 totam
1339 1476 1460 1531 festi
1493 1478 1803 1542 materiam,
1828 1477 1909 1531 vel
1939 1480 2105 1532 vitam

527 1574 796 1641 cujusque
846 1579 1202 1633 sanctorum,
1257 1580 1311 1623 ct
1362 1568 1416 1623 in
1469 1568 1574 1621 line
1619 1568 1874 1621 lectionis
1927 1568 2110 1623 brevis

528 1679 682 1717 mora
719 1662 1087 1730 interponitur
1119 1676 1214 1730 per
1256 1660 1474 1715 brevem
1520 1660 1814 1715 melodium
1848 1660 1991 1729 quod
2057 1661 2118 1715 lit

527 1757 690 1811 etiam
723 1757 941 1825 quando
972 1754 1171 1825 legitur
1220 1752 1455 1822 hymnus
1498 1754 1586 1807 cui
1632 1769 1833 1807 notuen
1884 1753 2117 1818 συναξά-

530 1866 669 1918 ριον,
711 1851 762 1902 in
814 1864 923 1917 quo
961 1847 1277 1904 summatim
1332 1836 1592 1901 dicuntur
1627 1860 1749 1914 qua:
1799 1847 1864 1898 ad
1917 1844 2114 1900 festum

529 1953 779 2011 spt'tlant
809 1943 889 1996 vel
924 1942 1060 1995 Arta
1113 1949 1430 1995 sanctorum
1468 1953 1700 2007 quorum
1743 1938 1796 1991 in
1829 1938 1916 1992 die
1939 1938 2117 2008 agitur

529 2034 822 2095 festivitas,
840 2035 1116 2103 simulque
1134 2030 1684 2100 comprehenduntur
1699 2038 1761 2084 ut
1785 2031 1836 2085 in
1859 2045 2120 2100 compen-

529 2128 620 2183 dio
644 2122 851 2195 agones
891 2126 1009 2193 ejus
1031 2126 1125 2195 qui
1166 2125 1473 2180 celebratur
1493 2135 1549 2178 et
1589 2132 1934 2188 caeterorum,
1965 2139 2029 2178 ac
2062 2124 2115 2178 in

536 2222 774 2276 iambico
809 2222 1053 2276 carmine
1088 2221 1288 2289 singuli
1345 2234 1533 2273 eorum
1563 2218 1813 2273 laudibus
1841 2233 2114 2273 exornan-

538 2324 651 2368 tur.
702 2314 772 2368 At
823 2324 946 2383 post
989 2323 1242 2367 octavum
1270 2312 1546 2365 canticum
1596 2325 1741 2365 nono
1790 2310 2109 2380 incipiente,

534 2402 851 2472 ntaguilirat
900 2403 1156 2471 sacerdos
1211 2400 1643 2471 praestantiorem
1688 2400 1943 2454 omnibus
1987 2414 2114 2454 san-

531 2496 636 2549 ctis
679 2493 988 2563 Deiparam,
1018 2494 1107 2548 cui
1141 2494 1283 2547 Deus
1315 2508 1439 2547 vere
1477 2491 1605 2546 fecit
1638 2500 1834 2561 magna
1863 2501 1918 2545 et
1950 2491 2116 2545 mira-

528 2584 681 2647 bilia,
714 2592 899 2653 utpote
925 2599 990 2637 ex
1021 2599 1083 2637 ea
1107 2583 1514 2651 iucarnatusJet
1542 2597 1705 2647 quam
1735 2579 2018 2651 Serapltim
2048 2596 2114 2636 ac

522 2676 820 2731 Clternliim
873 2676 1270 2745 prmcellentem
1321 2674 1712 2740 manifestavit,
1750 2675 1908 2743 cujus
1937 2675 2109 2744 gratia

2222 553 2424 635 μένους
2484 555 2579 609 καὶ
2611 557 2938 627 ἱσταμένους
2979 559 3062 614 δεῖ
3106 559 3197 614 τὸν
3239 560 3382 615 Θεὸν
3411 562 3683 633 ἁνυμνεῖν,
3706 566 3783 619 ὅτε

2217 644 2313 697 καὶ
2346 647 2417 698 τὰ
2446 646 2576 718 περὶ
2618 649 2717 718 τῆς
2763 650 2961 720 έορτῆς
3003 652 3087 715 είς
3125 652 3492 708 διδασκαλίαν
3518 655 3694 725 κοινὴν
3729 657 3784 711 ἐκ

2219 736 2325 789 τῶν
2359 737 2531 806 ἁγίων
2561 740 3024 809 ἀναγινώσκεται.
3060 764 3063 775 ι

2801 837 3056 891 ΚΕΦΑΛ.
3099 836 3247 895 ΤῐΒ’.

2572 948 2717 1018 Περὶ
2752 949 3078 1004 κοντακίου
3113 949 3212 1004 καὶ
3250 950 3452 1007 οἶκον.

2293 1108 2403 1162 Καὶ
2456 1106 2593 1177 μετὰ
2627 1107 2729 1181 τῂν
2765 1107 2933 1177 ἕκτην
2975 1109 3264 1176 ὡσαύτως,
3307 1111 3410 1166 τοῦ
3445 1112 3634 1185 ἱερέως
3660 1115 3785 1182 Gaio-

2218 1198 2528 1266 λογοῢντος,
2570 1200 2632 1253 τὸ
2666 1202 2956 1255 κοντάκιον
2986 1201 3227 1270 λέγεται,
3262 1201 3344 1266 ὡς
3386 1207 3786 1277 συνεπτυγμένη

2220 1294 2279 1346 ἐν
2307 1293 2590 1363 τρυπαρίῳ
2620 1291 2864 1361 εὐφημία
2893 1293 2992 1361 τῆς
3027 1294 3224 1364 ἑορτῆς
3249 1307 3265 1326 ⁸
3313 1294 3413 1361 καὶ
3455 1297 3485 1349 ὀ
3521 1296 3787 1366 λεγόμενος

2218 1378 2392 1448 οἶκος,
2421 1384 2498 1447 ὡς
2547 1384 2822 1455 περιέχων
2871 1385 2930 1438 ὲν
2971 1385 3148 1454 ἑαυτῷ
3193 1388 3411 1451 πάντας
3454 1388 3581 1452 τοὺς
3617 1389 3786 1457 λόγους

2219 1476 2322 1545 τῆς
2341 1476 2613 1549 ἐορτῆς,ἧ
2640 1477 2740 1546 τὴν
2774 1476 2960 1547 βιοτὴν
2980 1477 3089 1531 τῶν
3119 1478 3296 1546 ἁγίων
3320 1480 3585 1545 ἑκάστου,
3610 1482 3697 1545 καὶ
3719 1483 3787 1546 είς

2218 1570 2280 1622 τὸ
2298 1569 2448 1633 τέλος
2472 1568 2658 1639 λήγων
2681 1568 2774 1622 τοῦ
2797 1570 3110 1636 κοντακίου,
3136 1571 3195 1623 έν
3220 1571 3410 1641 μικρῷ
3437 1572 3784 1643 μελῳδήματι’

2220 1663 2309 1716 ὅτε
2342 1663 2439 1716 καὶ
2468 1662 2531 1716 τὸ
2555 1662 2851 1732 λεγόμενον
2881 1664 3324 1734 ἀναγινώσκεται
3353 1665 3700 1737 Συναξάριον,
3722 1666 3786 1730 ὡς

2222 1757 2254 1826 ἢ
2289 1755 2357 1809 τὰ
2391 1757 2521 1823 περὶ
2550 1756 2651 1822 τῆς
2682 1758 2878 1828 ἑορτῆς
2912 1758 2971 1810 έν
3006 1757 3231 1827 συνόψει
3275 1757 3478 1827 λέγων,
3511 1760 3545 1832 ᾗ
3588 1759 3652 1812 τὰ
3677 1759 3785 1829 περὶ

2219 1848 2329 1901 τῶν
2356 1847 2758 1902 τελειωθέντων
2791 1850 2849 1900 ὲν
2880 1850 2946 1918 τῇ
2976 1850 3166 1922 ἡμέρᾳ
3205 1849 3407 1918 ἁγίων,
3441 1850 3557 1921 ἅμα
3585 1853 3673 1905 καὶ
3703 1849 3782 1904 τοῦ

2216 1938 2616 2016 ὲορταζομένου
2652 1940 2748 1992 καὶ
2790 1939 2900 1992 τῶν
2931 1939 3138 1993 λοιπῶν
3173 1941 3233 1994 ὲν
3272 1941 3518 2011 ἐπιτομῇ
3554 1942 3784 2011 περιέχον

2214 2030 2286 2084 τὰ
2321 2030 2645 2100 σκάμματα,
2697 2030 2795 2084 καὶ
2827 2032 2886 2084 ὲν
2927 2031 3146 2099 ἰάμϐοις
3201 2031 3442 2085 ἕκαστον
3493 2030 3668 2084 αὐτῶν
3703 2031 3782 2084 ἀν-

2214 2123 2427 2194 υμνῶν.
2459 2122 2619 2177 Μετὰ
2639 2122 2696 2175 δὲ
2735 2122 2836 2193 τὴν
2862 2121 3057 2192 ὀγδόην
3083 2124 3141 2175 ὲν
3172 2124 3240 2194 τῇ
3271 2126 3375 2195 τῆς
3409 2123 3633 2190 ὲννάτης
3656 2122 3779 2192 ἀρχῇ

2220 2211 2515 2284 μεγαλύνει
2547 2212 2646 2285 τὴν
2689 2212 2837 2284 ὑπὲρ
2861 2213 2988 2275 τοὺς
3018 2213 3209 2283 ἁγίους
3239 2213 3497 2277 ἅπαντας
3525 2214 3778 2269 Θεοτόκον.

2217 2300 2297 2376 ’ᾘ
2328 2305 2595 2373 μεγαλεῖα
2627 2305 2921 2375 θαυμαστὰ
2953 2308 2981 2360 ὀ
3010 2307 3146 2371 Θεὸς
3178 2309 3445 2383 ἐποίησεν
3472 2309 3694 2381 άληθῶς,
3716 2308 3779 2371 ὡς

2219 2397 2279 2464 ὲξ
2312 2398 2484 2467 αὐτῆς
2521 2397 2851 2467 σαρκωθεὶς,
2883 2401 2979 2453 καὶ
3017 2402 3127 2454 τῶν
3158 2403 3423 2473 Σεραφὶμ
3459 2404 3556 2456 καὶ
3596 2404 3776 2471 Χερου-

2221 2487 2325 2558 ϐὶμ
2378 2488 2651 2553 ἀνέδειξεν
2709 2490 3041 2562 ὑπερτέραν,
3073 2493 3128 2545 ὲν
3168 2486 3201 2565 ᾖ
3235 2494 3333 2546 καὶ
3365 2492 3560 2564 μέλπει
3590 2494 3654 2546 τὰ
3693 2491 3776 2559 τῆς

2223 2580 2372 2644 θείας
2399 2581 2541 2651 ᾠδῆς
2575 2582 2769 2651 αὐτῆς.
2811 2582 2903 2637 Ἐν
2930 2582 3008 2652 τῷ
3040 2584 3186 2638 τέλει
3214 2585 3274 2638 δὲ
3298 2588 3398 2656 τῆς
3422 2586 3641 2656 ὲννάτης
3661 2584 3779 2637 alvei

2218 2672 2317 2742 τὴν
2340 2672 2548 2744 Τριάδα
2585 2674 2723 2743 μετὰ
2757 2676 2867 2730 τῶν
2895 2676 3147 2744 ἀγγέλων
3177 2679 3205 2731 ὁ
3237 2677 3439 2747 ίερεύς.

527 2772 770 2826 divinum
809 2772 933 2842 ejus
962 2774 1235 2828 canticum
1277 2773 1608 2829 modulatur.
1646 2774 1912 2842 Deinceps
1938 2774 1992 2827 in
2017 2772 2124 2827 line
2154 2769 2285 2826 noni
2313 2772 2512 2828 cantici
2544 2770 2864 2829 Trinitatem
2908 2775 3092 2829 laudat
3122 2791 3246 2831 cum
3270 2775 3480 2846 angelis
3525 2772 3773 2831 sacerdos.

1045 2861 1276 2917 CAPUT
1314 2864 1585 2920 CCCXIII.

532 2952 609 3008 De
643 2954 835 3027 hymno
874 2954 927 3027 in
959 2969 1061 3027 quo
1106 2970 1203 3007 rea:
1233 2956 1614 3027 εξαποστειλον
1650 2957 2033 3027 frequentatur,
2063 2968 2114 3013 et

795 3022 860 3076 de
880 3022 1125 3077 laudibus
1152 3034 1200 3077 et
1223 3024 1287 3078 de
1318 3042 1508 3094 magna
1533 3022 1831 3098 άοπὸίορἰα.

599 3114 866 3184 Deinceps
926 3116 1126 3170 dicitur
1197 3118 1435 3185 hymnus
1499 3123 1721 3176 nomine
1793 3121 2114 3178 emissarios

526 3218 751 3279 propter
786 3209 916 3262 illud
947 3225 962 3263 :
990 3228 1008 3262 ι
1041 3209 1242 3264 Emitte
1275 3211 1460 3265 lumen
1483 3223 1658 3276 tuum,
1692 3233 1712 3265 ι
1747 3216 1904 3283 quasi
1934 3215 2112 3271 lucem

529 3301 829 3358 infundens
881 3303 1065 3358 dictus
1124 3312 1252 3361 ante
1321 3305 1562 3374 psalmos
1628 3306 1953 3365 laudativos.
2009 3308 2112 3375 Qui

529 3396 756 3450 laudum
788 3396 984 3465 psalmi
1018 3404 1184 3452 totam
1218 3406 1525 3452 convocant
1550 3408 1604 3453 et
1637 3399 1917 3455 adducunt
1959 3416 2117 3457 crea-

530 3488 759 3553 tionem,
794 3487 1017 3559 angelos
1048 3488 1260 3542 scilicet
1288 3487 1535 3557 aliasque
1565 3500 1850 3546 creaturas
1882 3491 1946 3545 ad
1996 3492 2115 3546 lau-

530 3579 771 3634 dandum
799 3595 922 3633 eum
954 3579 1048 3649 qui
1088 3579 1214 3633 fecit
1240 3595 1330 3644 ea,
1366 3594 1489 3635 cum
1527 3581 1781 3638 universa
1828 3582 1918 3636 Dei
1946 3596 2114 3652 opera

531 3681 802 3726 testentur
835 3686 897 3727 se
916 3666 981 3726 hin
1016 3670 1195 3727 Verbo
1220 3682 1274 3728 et
1309 3673 1517 3743 Spiritu
1552 3690 1675 3730 esse
1712 3684 1916 3730 creata.
1967 3675 2117 3731 Dixit

524 3763 697 3827 enim,
726 3772 780 3818 et
808 3763 953 3819 facta
978 3774 1125 3831 sunt,
1149 3764 1357 3835 inquit;
1394 3766 1510 3835 ipse
1542 3767 1913 3832 mandavit,et
1931 3782 2113 3824 creata

526 3863 702 3922 sunt;
759 3856 923 3923 dixit,
975 3869 1199 3926 propter
1231 3857 1513 3922 Verbum,
1566 3859 1843 3913 mandavit
1897 3870 2116 3928 propter

527 3950 904 4016 operationem
955 3947 1219 4017 Spiritus.
1253 3951 1320 4002 Et
1365 3959 1489 4019 post
1521 3960 1630 4005 tres
1671 3953 2115 4010 accommodatus

529 4041 751 4094 laudum
788 4041 1055 4109 psalmos,
1086 4056 1307 4095 rursum
1334 4042 1535 4096 dicitur
1563 4042 1732 4109 gloria
1760 4045 1812 4096 in
1847 4045 2112 4099 honorem

527 4135 834 4200 Trinitatis,
859 4150 956 4189 seu
989 4149 1180 4202 magna
1212 4135 1503 4193 coniicitur
1525 4135 1838 4206 doxologia.
1868 4135 1992 4191 llaec
2028 4145 2115 4192 est

526 4242 649 4289 quae
699 4228 767 4280 ab
804 4226 960 4280 initio
1008 4226 1118 4293 jam
1171 4227 1314 4281 dicta
1364 4229 1527 4281 estin
1571 4230 1838 4296 prooemio
1884 4230 2111 4299 operis:

533 4340 553 4371 ‹
577 4318 756 4373 Gloria
788 4318 839 4371 in
870 4319 1154 4373 altissimis
1183 4317 1324 4385 Deo;
1354 4337 1374 4370 ι
1399 4335 1545 4374 nunc
1577 4335 1705 4375 vero
1737 4321 1949 4390 integra
1985 4337 2110 4376 cum

527 4418 691 4463 cantu
723 4410 793 4462 ab
835 4409 1091 4462 omnibus
1137 4409 1304 4463 simul
1351 4410 1576 4477 dicitur,
1613 4425 1736 4465 cum
1792 4413 2111 4483 mysterium

528 4502 583 4555 itt
617 4508 731 4552 toto
763 4499 967 4561 mundo
1001 4499 1166 4553 fuerit
1198 4500 1610 4556 manifestatum
1645 4517 1752 4557 non
1802 4504 2112 4573 pastoribus

527 4601 763 4653 tantum,
789 4589 883 4644 sed
930 4599 985 4644 et
1037 4592 1291 4661 gentibus
1334 4592 1628 4647 universis.
1668 4592 1794 4649 Ideo
1824 4582 1829 4587 ’
1857 4595 2106 4651 dicitur:
2145 4614 2192 4671 ο

537 4703 556 4733 ι
593 4682 907 4736 Laudamus
945 4693 1018 4746 te,
1062 4682 1439 4736 benedicimtts
1467 4694 1539 4748 te,
1571 4684 1866 4740 adoramus
1895 4696 1966 4753 te,
1996 4687 2113 4756 glo-

530 4774 810 4828 rilicamus
858 4784 929 4838 te,
983 4773 1184 4839 gratias
1213 4771 1424 4840 agimus
1464 4762 1558 4826 tib'i
1611 4785 1830 4843 propter
1862 4789 2113 4845 maguum

525 4868 755 4938 gloriam
795 4876 985 4931 tuam,-
1021 4883 1040 4917 ι
1078 4864 1222 4934 pleni
1248 4865 1394 4918 enim
1428 4873 1556 4919 sunt
1586 4866 1709 4921 εαξη
1741 4876 1794 4921 et
1822 4874 1966 4920 tet-ra
1997 4868 2116 4936 glo-

529 4961 608 5013 ria
638 4958 776 5028 ejus.
813 4956 1028 5026 anus?
1064 4957 1156 5011 Dei
1213 4957 1424 5011 scilicet
1466 4957 1519 5011 in
1553 4957 1854 5016 Trinitate:
1879 4975 2118 5029 quapro-

529 5061 649 5117 pter
698 5051 763 5103 tle
811 5048 1012 5117 divinis
1064 5047 1308 5117 loquitur
1350 5045 1589 5103 Ecclesia
1637 5049 1924 5104 clamans:
1962 5068 1980 5100 t
2012 5048 2116 5102 Do-

492 5136 696 5203 'miue,
765 5153 859 5191 rex
918 5136 1165 5192 cwlestis
1203 5174 1219 5199 ,
1288 5136 1428 5193 Deus
1481 5136 1641 5193 Pater
1700 5139 2047 5207 omnipotens
2097 5155 2126 5204 ;-

531 5228 780 5292 Domine,
805 5226 904 5281 Fili
938 5229 1213 5295 uoigeuite
1229 5227 1354 5285 Jesu
1383 5230 1618 5296 Christe,
1645 5237 1700 5284 et
1720 5242 1911 5284 sancte
1937 5228 2116 5298 Spiri-

533 5333 641 5377 tus.
672 5338 693 5373 ι
741 5320 817 5374 Eu
853 5330 961 5376 trcs
992 5336 1251 5388 personas
1278 5323 1595 5393 praedicavit
1630 5325 1867 5394 hymnus
1912 5324 1963 5376 in
2010 5337 2117 5376 una

525 5415 759 5476 lluitate,
784 5429 906 5467 nam
931 5413 1161 5468 dicendo
1194 5432 1209 5469 :
1247 5433 1267 5466 ι
1294 5415 1350 5470 ltt
1386 5400 1670 5473 altissimis
1695 5417 1820 5480 Deo,
1852 5426 1904 5469 et
1932 5416 2118 5471 lauda-

533 5520 656 5559 mus
686 5513 757 5567 te,
802 5524 819 5556 ι
860 5506 1115 5575 patefecit
1164 5507 1453 5571 unitatem,
1502 5521 1730 5560 numero
1779 5517 1957 5560 autem
1990 5523 2111 5576 per-

526 5612 691 5652 sonas
740 5598 1119 5667 proclamavit.
1186 5597 1389 5652 Deinde
1462 5596 1554 5650 Dei
1623 5595 1788 5651 Verbi
1856 5598 2110 5651 incarna-

532 5691 734 5743 tionem
775 5690 938 5745 claris
974 5690 1157 5744 verbis
1190 5688 1428 5745 celebrat
1466 5688 1713 5744 clamans
1743 5707 1758 5745 :
1820 5705 1841 5743 ι
1876 5688 2107 5746 Domine

533 5781 694 5848 Deus,
738 5798 911 5856 agnus
961 5782 1076 5849 Dei,
1112 5800 1129 5832 ι
1185 5781 1332 5852 quod
1383 5781 1449 5836 ab
1494 5781 1628 5836 Isaia
1679 5791 1729 5838 et
1768 5798 2108 5855 praecursorc

2796 2866 3047 2921 ΚΕΦΑΛ.
3100 2865 3250 2923 ἸΊΓ’.

2216 2955 2358 3026 Περὶ
2391 2956 2976 3027 ἐξαποστελλαρίου,
3019 2959 3119 3012 καὶ
3151 2958 3273 3012 τῶν
3306 2960 3519 3027 αινων,
3554 2958 3646 3016 καί
3682 2954 3771 3024 τῆς

2316 3058 2321 3059 ν
2678 3028 2956 3099 μεγάλης
2988 3028 3375 3099 δοξοᾷογίας.

2293 3120 2399 3173 Kal
2432 3121 2492 3173 τδ
2522 3119 3016 3193 ὲξαποστελλάριον
3048 3122 3271 3191 λέγεται
3302 3124 3394 3179 διὰ
3423 3122 3483 3177 τὺ
3512 3141 3533 3174 ι
3572 3116 3770 3187 Ἐξαπό-

2220 3212 2433 3266 στειλον
2472 3212 2533 3265 τὸ
2557 3212 2672 3279 φῶς
2705 3230 2825 3279 σου,
2860 3232 2880 3266 ι
2915 3214 2991 3278 ὡς
3020 3215 3424 3286 ιρωταγωγικὸν
3452 3214 3555 3285 πρὸ
3577 3213 3675 3266 τῶν
3699 3209 3767 3262 αἱ·

2218 3320 2325 3356 νων
2360 3303 2673 3372 λεγόμενον.
2726 3305 2838 3358 Καὶ
2866 3303 3011 3360 οὕτω
3062 3306 3132 3360 τὰ
3186 3307 3303 3362 τῶν
3341 3307 3508 3362 αῐνων
3530 3304 3767 3372 ἐπάγεται

2220 3396 2408 3447 πᾶσαν
2429 3396 2889 3465 συγκαλουμένων
2913 3396 3011 3467 τὴν
3036 3397 3241 3465 κτίσιν,
3270 3399 3535 3469 ἀγγέλους
3559 3397 3665 3467 ἅμα
3689 3392 3766 3447 καὶ

2219 3485 2397 3539 πάντα
2422 3485 2491 3537 τὰ
2517 3485 2818 3555 κτίσματα,
2852 3486 2932 3553 είς
2960 3487 3057 3552 τὴν
3085 3488 3294 3542 αῐνεσιν
3320 3488 3414 3542 τοῦ
3439 3482 3765 3555 πεποιηκότος

2217 3575 2379 3639 αὐτὰ,
2420 3575 2514 3629 καὶ
2544 3575 2727 3630 πάντα
2754 3573 2891 3645 ἔργα
2921 3575 3058 3630 Θεοῦ
3094 3577 3522 3648 μαρτυρούντων
3550 3576 3608 3628 ὲν
3643 3572 3764 3638 λόγῳ

2217 3666 2313 3718 καὶ
2381 3664 2661 3735 Πνεύματι
2718 3668 3004 3735 γεγονότα.
3070 3685 3088 3718 ι
3124 3668 3302 3733 Λύτὸς
3350 3668 3461 3738 γὰρ
3507 3659 3642 3731 εἶπε,
3685 3659 3763 3715 καὶ

2219 3757 2579 3827 ἐγενήθησαν,
2635 3759 2822 3826 φησὶν,
2881 3758 3045 3821 αὐτὸς
3076 3759 3383 3814 ἐνετείλατο
3413 3759 3505 3813 καὶ⁵
3544 3752 3764 3819 ἐκτίσθη⁴

2219 3862 2340 3912 σαν,
2382 3864 2401 3898 ι
2439 3848 2519 3912 τὺ,
2564 3843 2734 3912 Eius,
2771 3846 2862 3901 διὰ
2890 3847 2982 3901 τὸν
3005 3849 3182 3918 λόγον,
3214 3849 3277 3903 τὸ
3317 3849 3672 3906 Ἐνετείλατο
3690 3839 3762 3893 διὰ

2215 3938 2316 4010 τὴν
2344 3940 2629 4009 ἐνέργειαν
2659 3940 2754 3994 τοῦ
2793 3939 3133 4010 Πνεύματος.
3162 3941 3275 3994 Kal.
3317 3942 3459 4009 μετὰ
3479 3939 3598 3999 τοὺς
3616 3936 3763 4002 ἁρμο-

2215 4031 2362 4094 δίους
2390 4031 2599 4101 ὕμνους
2634 4032 2742 4086 τῶν
2775 4034 2963 4098 αίνων,
3002 4035 3097 4088 καὶ
3124 4032 3206 4099 τὸ,
3247 4051 3267 4085 ι
3303 4035 3457 4099 Δόξα
3484 4031 3577 4086 καί
3602 4027 3720 4088 νῦν,
3740 4039 3757 4072 ι

2216 4123 2296 4185 είς
2325 4124 2495 4194 τιμὴν
2521 4124 2620 4193 τῆς
2653 4123 2908 4195 Τριάδος,
2935 4126 2969 4195 ἡ
2995 4117 3206 4195 μεγάλη
3224 4125 3505 4193 δοξολογία
3534 4121 3759 4175 τελεῖται.

2214 4216 2365 4287 Αὕτη
2392 4216 2446 4270 δέ
2475 4220 2621 4273 ἐστιν
2653 4220 2691 4289 ή
2721 4220 2818 4273 καὶ
2842 4217 3077 4291 ἐξαρχῆς
3114 4219 3349 4290 ρηθείσα
3381 4223 3437 4274 ὲν
3468 4210 3759 4287 προοιμίοις,

2216 4307 2298 4372 τὸν
2338 4326 2357 4359 ⁸
2381 4308 2518 4372 Δόξα
2566 4312 2625 4363 ὲν
2666 4310 2915 4381 ὑψίστοις
2958 4312 3100 4383 Θεῷ,
3145 4330 3165 4364 ι
3220 4312 3319 4368 νῦν
3365 4312 3422 4366 δὲ
3456 4302 3760 4370 τελεωτέρως

2216 4399 2310 4453 καὶ
2351 4402 2492 4469 μετὰ
2541 4403 2738 4472 μέλους
2775 4404 2873 4458 καὶ
2904 4404 3059 4476 παρὰ
3094 4405 3315 4460 πάντων
3364 4399 3589 4477 ᾁδομένη
3625 4386 3760 4462 ὁμοῦ,

2216 4492 2292 4555 ὡς
2327 4493 2425 4546 τοῦ
2461 4497 2767 4567 μυστηρίου
2801 4499 2861 4550 ὲν
2891 4498 3001 4569 ὅλῳ
3043 4498 3452 4569 φανερωθέντος
3478 4492 3552 4562 τῷ
3577 4488 3757 4552 κόσμῳυ

2218 4584 2313 4636 καὶ
2371 4584 2432 4638 οὐ
2489 4587 2602 4648 τοῖς
2650 4587 2875 4657 ποιμέσι
2941 4588 3126 4658 μόνον,
3183 4589 3325 4643 ἀλλὰ
3368 4588 3461 4640 καὶ
3489 4582 3615 4636 πᾶσι
3666 4572 3760 4630 τοῖς
3804 4644 3811 4649 θ

2207 4674 2420 4728 νέθνεσι.
2476 4677 2568 4730 Διὸ
2618 4680 2737 4742 καὶ,
2771 4697 2790 4731 ι
2831 4678 3144 4749 ’Υμνοῦμέν
3178 4694 3260 4746 σε,
3294 4697 3314 4731 ι
3363 4676 3543 4747 φησὶν,
3581 4687 3599 4721 t
3635 4663 3761 4718 εὐλο-

2218 4767 2424 4837 γοῦμέν
2460 4787 2543 4835 σε,
2574 4770 2994 4841 προσκυνοῦμέν
3030 4789 3112 4837 σε,
3162 4766 3547 4840 δοξολογοῦμέν
3591 4777 3664 4820 σει
3688 4752 3761 4806 εὖ·

2218 4864 2597 4936 χαριστοῦμέν
2659 4882 2764 4929 σοι,
2815 4865 2906 4918 διὰ
2955 4865 3058 4935 τὴν
3115 4865 3360 4936 μεγάλην
3409 4877 3500 4915 σου
3547 4851 3705 4915 δόξαν.
3737 4857 3754 4892 ι

2222 4958 2442 5028 Πλήρης
2468 4956 2578 5027 γὰρ
2606 4944 2634 5009 ὃ
2674 4957 2905 5028 οὐρανὸς
2954 4958 3049 5011 καὶ
3091 4960 3124 5028 ἡ
3157 4957 3231 5026 γῆ
3264 4959 3453 5025 γέγονε
3499 4947 3589 5040 τῆᾳς
3623 4936 3759 5040 ξόξηξ

2220 5051 2411 5103 αὐτοῦ.
2444 5049 2601 5114 Τίνος
2626 5066 2642 5116 ;
2676 5050 2783 5103 Τοῦ
2811 5051 2868 5103 ἑν
2899 5050 3094 5121 Τριάδι
3118 5049 3281 5103 Θεοῦ.
3309 5047 3400 5102 Διὸ
3433 5042 3524 5097 καὶ
3549 5032 3756 5095 θεολογεῐ

2216 5144 2250 5210 ὴ
2290 5140 2611 5210 Ἐκκλησία,
2662 5140 2865 5210 βοῶσα,
2922 5158 2942 5192 ι
2993 5140 3167 5210 Κύριε
3213 5124 3432 5213 βασιλεῦ
3477 5124 3753 5213 ἐπουράνιῆ

2217 5231 2318 5284 Θεὲ
2351 5233 2532 5299 Πάτερ
2571 5231 2953 5303 παντοκράτορ
2974 5247 2989 5264 ⁸
3028 5211 3333 5303 ΚύριεήΥίὲ
3365 5218 3633 5297 μονογενὲς
3667 5211 3756 5303 ἾξΓ

2219 5321 2314 5375 σού
2358 5324 2585 5394 Χριστὲ,
2621 5325 2718 5377 καὶ
2767 5300 2935 5393 διγιονν
2970 5300 3218 5393 Πνεῦμα.
3257 5342 3276 5375 ι
3331 5320 3455 5375 Ἰδοὺ
3500 5314 3593 5374 τὰς
3624 5300 3751 5394 τρεῖς

2218 5391 2489 5484 ἐκήρυξεν
2524 5391 2853 5478 ὑποστάσεις
2886 5417 2946 5469 ἐν
2968 5416 3068 5486 μιᾷ
3103 5391 3347 5486 Θεότητι.
3380 5410 3466 5479 Τῷ
3498 5403 3616 5474 γὰρ,
3648 5391 3751 5486 «Ἐν

2222 5478 2466 5575 ὖψίᾶτονις
2512 5507 2654 5577 θεῷ,
2686 5526 2704 5560 ι
2755 5507 2937 5576 λέγειν
2968 5478 3086 5574 καί,
3129 5526 3148 5559 t
3197 5478 3498 5594 ’Υμνοῦμέν
3543 5510 3617 5594 σε,
3653 5504 3670 5539 ι
3701 5478 3751 5594 ἷδ

2218 5601 2419 5653 ὲνιαῖον
2482 5600 2742 5670 ἐδήλωσε.
2773 5599 2935 5669 222
2965 5598 3055 5669 Τῷ
3083 5598 3140 5653 δὲ
3170 5595 3406 5671 ἀριθμῷ,
3428 5585 3523 5651 τὰς
3545 5585 3751 5671 ὑποστα-

2220 5708 2333 5756 σεις
2395 5668 2969 5763 κατήγγειλενίΕίτα
3010 5668 3107 5745 καὶ
3146 5668 3245 5763 τὴν
3289 5685 3381 5742 τοῦ
3427 5677 3553 5736 Θεοῦ
3594 5668 3744 5763 Λόγθίξ

2216 5787 2497 5856 σάρκωσιν
2549 5787 2780 5855 ἀνυμνεῖ
2827 5771 3119 5857 λαμπρῶς,
3169 5781 3430 5842 ὲκὸοῶσα,
3475 5792 3492 5824 ι
3533 5750 3745 5832 Κύριεδ
