4046 6420
289 371 396 433 573

1460 371 1559 429 DE
1600 368 1841 429 SACBA
1877 370 2396 437 PBECATIONE.

3461 365 3568 427 574

288 483 422 546 Θεὸς
463 481 490 534 6
527 479 696 551 ἀμνὸς
729 480 818 535 τοῦ
861 478 1022 545 Θεοῦ,
1063 501 1081 534 ι
1113 481 1222 536 ἀπὸ
1265 480 1361 536 τοῦ
1405 482 1630 536 Ἡσαΐου
1661 483 1755 538 καὶ
1781 481 1876 536 τοῦ

2007 484 2180 552 ιορῑῃτι
2216 495 2437 554 propter
2480 484 2791 553 pasSionem
2838 494 2896 540 et
2939 481 3312 548 occisionem;
3350 501 3368 534 ι
3396 478 3569 533 Filius

295 573 614 644 Προδρόμου
652 573 918 637 λαϐοῦσα,
946 574 1036 628 διὰ.
1070 574 1132 626 τὸ
1167 573 1340 636 πάθος
1375 574 1469 627 καὶ
1498 573 1596 644 τὴν
1637 573 1875 644 σφαγὴν,

296 687 315 719 ι
339 668 396 720 ’0
429 666 553 728 Υἱὸς
589 665 679 717 τοῦ
713 665 948 737 Πατρὸς,
982 684 1003 718 r
1046 665 1156 718 ἀπὸ
1192 666 1288 718 τοῦ
1328 666 1668 734 Εὑαγγελίου
1713 665 1882 716 πλου-

295 760 486 825 τοῦσα,
517 779 532 810 ι
559 758 619 813 Ὀ
657 761 833 828 αἴρων
859 757 958 829 τὴν
983 760 1265 828 ἁμαρτίαν
1293 759 1386 812 τοῦ
1410 760 1638 826 κὸσμου,
1659 759 1882 825 ἐλέησον

301 857 472 924 ἡμᾶς.
499 872 517 906 ι
565 872 584 905 ι
604 853 666 906 Ὀ
700 853 874 923 αἴρων
897 852 994 914 τὰς
1027 852 1306 922 ἁμαρτίας
1333 851 1426 906 τοῦ
1453 852 1680 920 κόσμου.
1709 851 1880 921 πρόσ-

296 943 448 1007 δεξαι
476 943 574 1012 τὴν
604 944 792 1012 δέησιν
829 942 1010 1013 ἡμῶν,
1050 962 1068 993 ι
1107 942 1216 996 ἀπὸ
1260 941 1356 994 τοῦ
1404 943 1628 995 Ἠσαῒολ
1659 941 1880 1011 ἔχουσα.

304 1057 322 1087 ι
370 1035 432 1090 '0
485 1035 799 1104 καθήμενος
850 1035 915 1087 ὲκ
968 1035 1160 1101 δεξιῶν
1216 1033 1310 1088 τοῦ
1372 1035 1604 1104 Πατρὸς,
1657 1033 1884 1101 ἐλέησον

300 1127 470 1195 ἡμᾶς,
506 1143 524 1176 ι
562 1125 670 1177 ἀπὸ
700 1124 794 1176 τοῦ
831 1126 1166 1194 Εὑαγγελέου
1189 1141 1203 1156 '
1241 1144 1259 1177 ι
1315 1125 1372 1178 τὸ
1401 1125 1480 1186 δὲ,
1522 1124 1881 1192 Πρόσδεξαι,

300 1217 393 1269 καὶ
425 1217 506 1279 τὸ,
545 1216 870 1281 Ἐλέησον,
900 1217 1008 1270 ἀπὸ
1031 1217 1127 1269 τοῦ
1159 1217 1342 1270 Δαϐίδ.
1370 1236 1387 1268 ι
1420 1217 1541 1270 Ὀτι
1568 1217 1630 1269 σὺ
1658 1213 1708 1268 εἷ
1729 1218 1887 1285 μ’ῐνος

300 1311 478 1375 ἅγιος.
513 1309 576 1362 σὺ
611 1305 661 1360 εἴ
695 1311 852 1377 μόνος
876 1309 1106 1376 Κύριος,
1141 1309 1318 1378 Ἰησοῦ
1356 1309 1584 1378 Χριστὲ,
1614 1311 1695 1372 εἰς
1725 1309 1885 1372 δόξαν

300 1403 435 1457 Θεοῦ
501 1404 732 1473 Πατρός.
784 1405 982 1474 Ἀμήν’
1021 1423 1038 1456 ι
1083 1402 1192 1456 ἀπὸ
1241 1402 1335 1455 τοῦ
1386 1403 1598 1455 Παύλου
1626 1419 1639 1432 ·
1685 1420 1704 1452 r
1745 1400 1886 1454 Καθ’

305 1496 541 1562 ἑκάστην
573 1493 790 1563 ἡμέραν
830 1493 1112 1562 εὐλογήσω
1141 1508 1222 1556 σε,
1251 1491 1344 1544 καὶ
1373 1491 1574 1543 αἰνέσω
1620 1489 1680 1542 τὸ
1714 1487 1889 1556 ὄνομά

306 1605 400 1642 σου
419 1591 498 1651 εἰς
517 1587 608 1641 τὸν
630 1587 802 1639 αἰῶνα
823 1587 917 1639 καὶ
941 1588 1019 1648 εἰς
1041 1586 1132 1638 τὸν
1151 1586 1326 1659 αἰῶνα
1351 1583 1445 1636 τοῦ
1479 1582 1697 1643 αἰῶνοςο
1729 1599 1748 1634 ι
1778 1583 1889 1636 ἀπὸ

304 1682 396 1734 τοῦ
427 1682 574 1734 θείου
600 1679 766 1733 Aucta
785 1696 799 1710 ·
829 1679 899 1733 τὰ
927 1679 1092 1731 λοιπᾶ
1120 1657 1364 1749 δὲέὐχῆς
1389 1677 1484 1730 καὶ
1505 1675 1767 1741 δεήσεως,
1792 1657 1889 1727 καὶ

309 1770 647 1841 προφητικά.

870 1859 1123 1914 ΚΕΦΔΛ.
1170 1859 1314 1912 ΤῐΔν.

657 1953 798 2024 Περὶ
835 1949 941 2008 τοῦ
968 1953 1281 2022 τρισαγίου
1306 1953 1518 2018 ὕμνου.

375 2052 488 2106 Καὶ
507 2051 818 2104 τελευταῖον
842 2051 870 2102 6
902 2048 1196 2116 ἁγγελικὸς
1227 2047 1415 2116 ὕμνος,
1449 2045 1505 2106 6;
1537 2045 1600 2112 δὴ
1631 2045 1724 2097 καὶ
1753 2059 1890 2096 παν-

304 2145 394 2204 τὸς
420 2144 592 2212 ὕμνου
630 2139 868 2208 σφραγίς
895 2152 909 2166 ⁸
942 2140 1024 2192 ὅτι
1060 2140 1152 2192 καὶ
1179 2140 1259 2200 εἰς
1285 2138 1379 2188 τὸν
1409 2137 1569 2210 μονον
1594 2137 1727 2188 Θεὸν
1759 2136 1892 2188 ἀνα·

307 2237 531 2304 φέρεται
572 2224 679 2301 τῆν’
715 2232 881 2300 ἁγίαν
930 2230 1137 2299 Τριὰδα
1164 2269 1177 2284 .
1214 2248 1232 2279 ι
1262 2229 1452 2296 Ἄγιος
1489 2231 1516 2281 6
1546 2227 1702 2292 Θεὸς,
1734 2227 1889 2294 ἆγιος

311 2327 552 2398 ἰσχυρὸς,
576 2325 731 2393 ἃγιος
763 2324 1049 2385 ἀθάνατος,
1078 2322 1300 2390 ἐλέησον
1329 2322 1497 2390 ἡμᾶς.
1529 2340 1547 2372 ›
1578 2321 1747 2380 Οὗτος
1772 2320 1830 2371 δὲ
1863 2320 1890 2371 ὁ

309 2420 497 2487 ὕμνος,
543 2418 615 2480 ὡς
647 2418 738 2470 καὶ
768 2417 1202 2486 προειρήκαμεν,
1237 2413 1447 2467 ἄνωθεν
1478 2411 1891 2478 συντεθειμένος

307 2513 458 2564 ἐστὶν
490 2512 598 2564 ἀπὸ
643 2509 754 2563 τῶν
787 2510 1043 2578 Πατέρων
1087 2511 1180 2560 καὶ
1225 2508 1436 2576 μεγάλη
1473 2505 1775 2571 δοξολογία,
1812 2504 1889 2566 ὡς

308 2603 542 2671 ἐξημεν,
569 2601 790 2670 λέγεται
816 2618 830 2632 ⁶
861 2603 955 2655 καὶ
990 2601 1168 2652 πάντα
1194 2600 1388 2650 πιστὸν
1431 2599 1513 2651 δεῖ
1543 2598 1772 2667 μελετᾷν
1796 2595 1892 2648 καὶ

308 2695 604 2764 γινώσκειν
627 2695 818 2766 αὐτὴν,
850 2697 944 2748 καὶ
977 2695 1099 2748 καθ’
1133 2695 1372 2762 ἑκάστην
1411 2691 1624 2761 ἡμέραν
1651 2692 1796 2760 πρωϊ
1831 2707 1891 2743 τε

309 2791 402 2842 καὶ
428 2788 667 2856 ἑσπέρας
707 2787 784 2856 τῷ
815 2786 936 2856 Θεῷ
974 2786 1344 2853 ἀναπέμπειν,
1383 2784 1465 2836 ὃτι
1499 2783 1594 2835 καὶ
1629 2780 1894 2850 ὁμολογία

309 2879 406 2931 καὶ
451 2876 732 2945 δοξολογία
782 2877 880 2946 τῆς
935 2876 1098 2944 ἁγίας
1157 2875 1388 2944 Τριάδος
1433 2873 1550 2926 ἐστὶ
1593 2873 1685 2926 τοῦ
1726 2873 1890 2940 μόνου

311 2971 469 3036 Θεοῦ,
506 2973 602 3025 καὶ
631 2972 731 3040 τῆς
763 2969 1098 3039 σαρκώσεως
1138 2971 1233 3022 καὶ
1265 2968 1603 3036 οἰκονομίας,
1648 2965 1888 3036 σταυρώ-

314 3065 452 3128 σεώς
492 3082 551 3117 τε
597 3063 690 3118 καὶ
726 3062 1062 3132 άνυψὼσεως
1104 3061 1199 3114 τοῦ
1235 3061 1356 3124 ἐνὸς
1389 3065 1488 3130 τῆς
1531 3060 1765 3130 Τριάδος
1797 3058 1892 3111 τοῦ

1984 575 2193 630 Patris:
2217 593 2280 631 ex
2309 577 2600 647 Evangelio
2622 577 3004 646 locupletatus.
3028 575 3160 641 «Qui
3187 573 3330 628 tollis
3349 580 3568 642 peccata

1988 669 2200 735 mundi,
2241 671 2501 725 miserere
2537 671 2738 738 nobis;
2773 672 2864 740 qui
2913 669 3060 723 tollis
3099 677 3318 738 peccata
3351 663 3563 726 mundi,

1985 761 2201 831 suscipe
2229 763 2668 830 deprecationem
2720 773 2991 825 nostram,
3025 779 3043 812 ι
3087 758 3231 828 quod
3287 757 3455 810 sumit
3502 754 3571 808 ab

1985 854 2144 908 Isaia.
2200 855 2349 921 «Qui
2406 856 2566 910 sedes
2619 855 2683 908 ad
2735 853 3018 907 dexteram
3073 851 3274 914 Patris,
3307 849 3572 902 miserere

1986 949 2210 1010 nobis,»
2279 950 2382 1002 hoc
2440 950 2508 1002 ab
2568 947 2862 1013 Evangelia
2927 947 3203 1008 sumitur;
3245 944 3334 996 illa
3396 956 3562 996 vero:

1989 1039 2216 1108 Suscipe
2251 1049 2306 1094 et
2334 1042 2618 1103 miserere,
2652 1057 2680 1093 a
2724 1040 2945 1094 Davide.
2979 1057 2996 1087 ι
3025 1038 3294 1102 Quoniam
3330 1043 3384 1087 tu
3419 1035 3568 1086 solus

1987 1141 2232 1196 sanctus,
2284 1143 2336 1186 tu
2367 1134 2516 1186 sulus
2559 1133 2841 1194 Duminus,
2879 1129 3008 1184 Jcsu
3043 1128 3279 1190 Christe,
3315 1126 3367 1178 in
3400 1125 3571 1194 gloria

1991 1224 2083 1279 Dei
2119 1223 2317 1277 Patris.
2357 1226 2549 1288 Amen,
2583 1243 2601 1274 ›
2639 1224 2782 1292 quod
2825 1239 2853 1276 a
2889 1223 3054 1277 Paulo
3087 1222 3377 1288 accipitur.
3420 1239 3436 1270 ι
3474 1218 3578 1271 Per

1989 1317 2236 1387 singulos
2285 1317 2400 1371 dies
2462 1316 2777 1370 benedicam
2832 1317 3035 1376 tibi,et
3091 1313 3317 1367 laudabo
3372 1327 3572 1364 nomen

1994 1417 2146 1461 tuum
2196 1407 2249 1460 iu
2283 1407 2542 1460 srcrulum
2595 1416 2647 1458 et
2680 1408 2730 1460 in
2764 1407 3020 1460 saeculum
3049 1405 3231 1459 εωοιιΙί
3272 1423 3289 1454 ι
3333 1420 3358 1456 a
3388 1403 3575 1456 divino

1992 1499 2194 1554 Davide
2241 1509 2544 1554 mutuatur.
2597 1498 2802 1552 Caetera
2853 1510 3032 1551 autem
3083 1497 3146 1549 ad
3201 1494 3470 1550 orationis
3523 1502 3577 1547 et

1990 1591 2397 1660 deprecationis
2454 1589 2675 1645 modum
2713 1589 2954 1644 referunt
3007 1598 3059 1642 ct
3109 1587 3176 1642 ad
3235 1587 3575 1657 prophetiam

1991 1694 2264 1755 spectant.

2517 1859 2746 1917 CAPUT
2795 1860 3070 1917 CCCXIV.

2493 1954 2570 2008 De
2617 1956 2807 2025 hymno
2844 1955 3086 2024 trisagio.

2071 2051 2358 2104 Postremo
2409 2056 2665 2102 cantatur
2720 2047 2954 2118 hymnus
3012 2045 3292 2116 angelicus
3343 2044 3436 2114 qui
3497 2051 3584 2098 est

2002 2142 2298 2211 cujuslibet
2332 2140 2516 2209 hymni
2558 2139 2821 2208 sigillum,
2851 2139 3112 2206 quoniam
3169 2137 3424 2192 Deosolo
3457 2149 3586 2191 san-

1996 2245 2097 2290 cta‘.
2127 2232 2388 2287 Trinitati
2435 2233 2728 2286 exhibetur
2762 2235 2780 2284 ξ
2833 2249 2852 2282 ι
2886 2230 3122 2286 Sanctus
3154 2229 3316 2295 Deus,
3358 2238 3583 2285 sanctus

2005 2329 2188 2391 fortis,
2226 2327 2819 2389 sanctusimmortalis,
2853 2328 3114 2382 miserere
3153 2326 3332 2382 nobis.
3369 2344 3386 2378 ι
3416 2324 3579 2390 Atqui

2007 2423 2244 2490 hymnus
2288 2421 2408 2480 iste,
2446 2433 2595 2486 prout
2625 2419 2740 2488 jam
2766 2435 2931 2486 supra
2954 2419 3215 2480 diximus,
3241 2417 3583 2484 compositus

1999 2520 2176 2566 estex
2215 2511 2394 2564 verbis
2429 2509 2674 2573 Patrum,
2703 2520 2758 2564 et
2799 2525 2994 2579 magna
3035 2509 3236 2563 dicitur
3269 2509 3584 2577 doxologia,

2000 2605 2460 2674 quemadmodum
2512 2603 2677 2657 locuti
2741 2618 2952 2667 smnus,
3007 2601 3326 2671 ﬁdelemque
3368 2617 3584 2668 omnem

2001 2706 2216 2766 Oportet
2277 2710 2396 2748 eam
2459 2695 2708 2747 meditari
2758 2708 2820 2746 ac
2878 2708 3231 2759 cognoscere,
3288 2692 3590 2761 diebusque

2002 2789 2234 2857 singulis
2289 2802 2448 2841 mane
2510 2795 2563 2840 et
2621 2801 2844 2854 vespere
2893 2801 3012 2838 eam
3065 2785 3173 2838 Deo
3235 2773 3587 2848 conservare,

2002 2882 2260 2962 quoniam
2294 2879 2568 2933 confessio
2596 2886 2680 2932 est
2701 2886 2754 2931 et
2783 2877 3106 2947 gloriﬁcatio
3129 2885 3331 2930 sancta!
3353 2875 3593 2929 Tl'illila-

1999 2974 2068 3028 tis
2121 2972 2292 3026 solius
2346 2971 2461 3035 Dei,
2517 2985 2729 3024 necnon
2785 2969 3204 3028 incarnationis,
3244 2966 3588 3033 oeconomiae,

2007 3065 2386 3121 cruciﬁxionis
2444 3073 2499 3118 et
2532 3062 2876 3119 ascensionis
2910 3062 3074 3115 unius
3107 3078 3136 3115 e
3167 3058 3438 3114 Trinitate
3467 3075 3594 3128 per-

309 3155 446 3208 Θεοῦ
491 3155 664 3222 Λόγου
705 3153 1032 3224 ἀνύμνησις,
1073 3153 1168 3206 καὶ
1221 3152 1405 3206 ἱκεσία
1454 3153 1800 3222 εὐχάριστος,
1837 3155 1893 3206 ὲν

2007 3174 2174 3223 sonte,
2211 3157 2300 3211 Dei
2350 3156 2516 3212 Verbi
2563 3156 2824 3219 laudatio}
2861 3165 2915 3209 et
2965 3155 3240 3209 invocatio
3293 3168 3416 3208 cum
3467 3168 3596 3222 gra-

309 3247 497 3318 ήμέρα
545 3264 604 3300 τε
648 3246 740 3299 καὶ
787 3246 944 3299 νυκτὶ
982 3245 1130 3316 πάσῃ
1176 3245 1536 3315 ἐξαιτουμένη
1579 3247 1896 3317 ἀναμαρτή-

310 3360 432 3405 τους
480 3340 822 3410 φνλαχθῆναι
856 3342 1023 3409 ἡμᾶς.
1055 3340 1152 3394 καὶ
1197 3339 1258 3392 τὸ
1302 3339 1452 3400 ἕλεος
1491 3339 1586 3390 τοῦ
1629 3338 1766 3392 Θεοῦ
1799 3341 1897 3404 (ὡς

310 3433 626 3503 ἐλπίζομεν)
660 3437 717 3487 ἐν
758 3435 890 3502 ἡμῖν
928 3433 1208 3502 γενέσθαι,
1252 3434 1348 3485 καὶ
1379 3433 1708 3502 καταφυγὴν
1737 3432 1897 3501 ἡμῶν

311 3527 576 3594 γεγονότα
610 3527 702 3578 τὸν
736 3527 944 3596 Κύριον
971 3525 1058 3578 διὰ
1088 3528 1186 3594 τῆς
1210 3524 1712 3594 ἐνανΘρωπήσεως,
1747 3525 1900 3594 ἐλεῆ-

314 3636 409 3672 σαι
444 3620 614 3688 ἡμᾶς,
655 3617 714 3670 τὸ
752 3636 770 3670 r
795 3619 1072 3688 Ἐλέησον,
1105 3635 1124 3668 ›
1166 3617 1304 3686 μετὰ
1334 3615 1427 3668 τοῦ
1468 3615 1633 3695 Δαᾷὶδ
1664 3615 1900 3668 ἐκϐοῶν-

317 3729 440 3773 τας,
466 3712 560 3764 καὶ
598 3730 616 3763 ι
652 3712 800 3764 ἴασαι
835 3711 932 3781 τὴν
961 3711 1139 3779 ψυχήν
1176 3727 1301 3779 μου,
1333 3710 1412 3762 ὅτι
1446 3709 1694 3779 ἦμαρτόν
1734 3725 1838 3761 σοι.
1873 3725 1893 3759 ι

334 3806 463 3859 ’ἰδοὺ
509 3804 681 3858 ταῦτα
707 3803 1100 3873 ἐξομολόγησις
1129 3817 1144 3834 ⁶
1183 3807 1274 3855 καὶ
1311 3803 1393 3855 ὅτι
1431 3820 1448 3853 ι
1482 3803 1623 3872 Πρὸς
1657 3801 1714 3854 σὲ
1739 3802 1904 3853 κατέ-

317 3915 492 3965 φυγον
520 3896 617 3968 τὴν
640 3895 748 3949 τῶν
775 3895 910 3949 ὅλων
939 3896 1262 3963 καταφυγήν
1283 3913 1298 3926 ο
1342 3913 1358 3943 ι
1395 3895 1510 3958 καὶ,
1537 3913 1554 3943 ι
1581 3893 1798 3957 stactng
1833 3909 1900 3963 με

316 3989 414 4042 τοῦ
443 3991 623 4042 ποιεῖν
670 3986 732 4050 τὺ
759 3986 974 4056 θέλημὰ
1019 4002 1112 4037 σου
1139 4001 1155 4016 ο
1183 3985 1264 4038 ὅτι
1301 3984 1363 4036 σὺ
1409 3978 1463 4036 εἴ
1496 3983 1524 4036 6
1554 3983 1687 4045 Θεός
1722 4001 1848 4052 μου,
1876 3984 1904 4035 ὁ

318 4084 508 4154 Πατὴρ
528 4083 624 4135 σὺν
643 4081 720 4150 τῷ
741 4080 849 4150 Υἱῲ
872 4079 966 4132 καὶ
986 4078 1061 4146 τῷ
1084 4076 1384 4147 Πνεῦματι.
1409 4095 1426 4128 ι
1454 4076 1545 4129 Διὸ
1566 4075 1660 4128 καὶ
1682 4076 1900 4143 ἐπάγει,

326 4179 489 4232 ςὈτι
529 4175 682 4247 παρὰ
728 4174 807 4227 σοὶ
851 4171 1004 4243 πηγὴ
1041 4171 1210 4239 ζωῆς,
1245 4188 1263 4221 ι
1295 4170 1356 4222 τὸ
1383 4169 1608 4236 Πνεῦμα
1634 4167 1695 4221 τὸ
1725 4167 1903 4234 ἅγιον.

323 4293 346 4325 ι
377 4272 470 4326 Ἐν
525 4269 602 4338 τῷ
649 4266 788 4337 φωτὶ
829 4282 948 4328 σου,
982 4283 1000 4315 ι
1050 4263 1130 4330 τῷ
1172 4263 1454 4332 Πνεύματι
1487 4261 1686 4330 τούτῳ,
1723 4279 1740 4312 ι
1775 4260 1906 4330 6'66-

324 4365 466 4436 μεοα,
493 4363 632 4433 φῶς,
665 4379 683 4412 ι
739 4358 833 4412 τὸν
869 4357 1021 4413 Υἱόν.
1061 4375 1078 4408 ι
1120 4356 1458 4425 Παράτεινον
1504 4353 1565 4406 τὸ
1607 4353 1758 4418 ἔλεός
1811 4370 1904 4406 σου

319 4459 434 4520 τοῖς
470 4451 806 4523 γινώσκουσί
858 4465 942 4513 σε,
976 4447 1066 4499 τὸν
1092 4444 1347 4514 ἀληθινὸν
1373 4445 1507 4498 θεὸν
1553 4445 1650 4498 καὶ
1687 4447 1910 4514 Πατέρα

2006 3252 2201 3306 tiarum
2243 3249 2475 3312 actione,
2506 3264 2614 3323 qua
2645 3248 2792 3302 omni
2836 3248 2922 3302 die
2955 3262 3019 3301 ac
3053 3255 3212 3300 nocte
3243 3245 3597 3299 obsecramus

2010 3355 2069 3400 ut
2129 3344 2248 3399 sine
2294 3352 2520 3412 peccato
2561 3341 2959 3405 custodiantur,
3005 3349 3175 3408 utque
3220 3336 3595 3392 misericordia

2018 3437 2114 3491 Dei
2146 3437 2314 3505 (sicut
2349 3435 2660 3503 speramus)
2707 3434 2802 3487 ﬁat
2847 3447 3015 3501 super
3064 3448 3190 3497 nos,
3239 3441 3292 3486 et
3331 3429 3598 3484 Dominus

2012 3526 2287 3594 refugium
2321 3535 2565 3579 nostrum
2603 3537 2698 3591 per
2731 3524 3162 3576 incarnationem
3223 3523 3396 3575 lactus
3440 3519 3601 3572 mise-

2011 3629 2198 3674 reatur
2228 3618 2436 3680 nostri,
2472 3617 2774 3669 clamantes
2821 3624 2946 3684 post
2983 3614 3266 3676 Davidem,
3294 3631 3312 3664 ι
3338 3612 3597 3665 Miserere

2023 3713 2129 3766 mei
2187 3720 2242 3765 et
2276 3725 2408 3764 sana
2469 3711 2708 3763 animam
2758 3724 2958 3771 meam,
2991 3710 3119 3776 quia
3155 3706 3374 3774 peccavi
3416 3705 3535 3758 tibi.
3572 3723 3592 3756 ι

2014 3803 2154 3858 Ecce
2185 3805 2238 3857 in
2277 3802 2359 3855 his
2398 3800 2692 3864 coniessio,
2724 3807 2778 3854 et
2806 3801 3028 3868 insuper
3064 3814 3082 3866 ;
3131 3797 3212 3851 Ad
3267 3787 3318 3852 te
3355 3795 3598 3864 confugi,

2015 3897 2107 3968 qui
2148 3912 2205 3951 es
2240 3897 2622 3950 universorum
2673 3895 2962 3964 refugium,
2998 3902 3051 3947 et
3100 3891 3235 3946 doce
3283 3905 3369 3944 me
3421 3889 3602 3943 facere

2017 3989 2358 4044 voluntatem
2425 3995 2601 4051 tuam,
2668 3986 2928 4055 quoniam
3005 3986 3145 4038 Deus
3197 3999 3352 4037 meus
3406 3997 3466 4036 es
3521 3991 3600 4034 tu.

2016 4080 2178 4134 Pater
2203 4097 2325 4134 cum
2354 4077 2493 4133 Filio
2537 4087 2592 4133 et
2628 4077 2854 4148 Spiritu.
2885 4094 2906 4128 ι
2936 4076 3059 4129 Ideo
3099 4075 3274 4144 pergit
3323 4071 3555 4127 dicendo
3586 4090 3598 4125 :

2021 4188 2041 4223 ι
2074 4171 2228 4240 Apud
2266 4180 2318 4224 te
2342 4179 2426 4226 est
2454 4170 2577 4223 fons
2608 4168 2750 4234 vitae,
2779 4168 3017 4238 Spiritus
3044 4175 3290 4220 sanctus.
3317 4165 3371 4217 In
3398 4164 3602 4216 lumine

2023 4272 2138 4325 tuo,
2176 4276 2389 4329 nempe,
2421 4262 2527 4314 isto
2560 4257 2791 4324 Spiritu,
2817 4258 3122 4312 videbimus
3146 4255 3353 4319 lumen,
3378 4251 3602 4307 Filium.

2024 4354 2268 4408 Extende
2317 4353 2750 4407 misericordiam
2789 4361 2936 4405 tuam
2991 4352 3072 4404 eis
3125 4349 3218 4418 qui
3259 4355 3605 4418 cognoscunt

1979 4443 1981 4445 ’
2023 4454 2075 4501 te
2112 4462 2300 4502 verum
2336 4445 2504 4498 Deum
2535 4453 2586 4499 et
2627 4443 2846 4498 Patrem
2881 4457 3008 4497 cum
3047 4440 3222 4496 Verbo
3259 4449 3355 4494 tuo
3393 4447 3447 4493 et
3485 4436 3608 4506 Spi-

322 4551 423 4604 σὺν
454 4547 532 4617 τῷ
563 4545 724 4614 Λόγῳ
757 4559 850 4595 σου
884 4541 974 4592 καὶ
1005 4537 1081 4608 τῷ
1111 4538 1390 4606 Πνεύματι
1414 4537 1503 4590 διὰ
1531 4538 1630 4608 τῆς
1652 4539 1746 4590 τοῦ
1776 4538 1897 4592 Υἱοί

2015 4537 2121 4590 ritu
2159 4552 2253 4604 per
2284 4536 2719 4589 incarnationem
2756 4534 2878 4588 Filii
2922 4535 2997 4588 tui
3024 4549 3040 4598 ;
3067 4543 3399 4603 quaprOpter
3423 4532 3607 4586 statim

323 4660 421 4695 σου
455 4636 809 4709 σαρκώσεως.
849 4651 867 4684 ι
903 4629 996 4683 Διὸ
1028 4630 1123 4682 καὶ
1168 4629 1330 4692 εὐθὺς
1382 4630 1580 4698 ἐπάγει
1619 4629 1712 4683 τὸν
1746 4629 1912 4700 Τρισ-

323 4737 482 4805 άγιον
511 4731 702 4797 ὕμνον.

893 4847 1147 4902 ΚΕΦΑΛ.
1191 4845 1344 4902 TIE'.

328 4943 480 5009 Ὅρα
509 4947 590 5008 τις
623 4942 660 5011 ἡ
683 4925 908 5012 γνῶσιᾷ
933 4941 1040 4996 τοῦ
1070 4941 1407 5012 Τρισαγίου,
1440 4959 1457 4992 ι
1486 4938 1701 5008 Ἄγιος,
1723 4935 1916 5006 ἅγιος,

790 5012 978 5081 ἅγιος,
1009 5032 1025 5061 ι
1063 5010 1160 5064 καὶ
1183 5011 1253 5063 τὰ
1278 5011 1448 5078 ἑξῆς.

411 5107 574 5162 Ἀλλά
604 5105 758 5176 παρᾶ
797 5107 899 5172 μὲν
931 5105 1042 5158 τῶν
1071 5105 1326 5172 ἀγγέλων
1368 5108 1394 5157 ὁ
1431 5103 1622 5174 ὕμνος,
1655 5103 1730 5166 ὡς
1761 5101 1919 5172 παρὰ

233 5257 244 5268 ,
330 5199 423 5255 τοῦ
487 5199 722 5253 Ἡσαΐου
787 5196 1075 5264 ἔγνωμεν,
1127 5193 1304 5257 οὕτως
1361 5193 1584 5266 ᾄδεται·
1649 5195 1918 5262 «Ἄγιος,

331 5295 510 5363 ἆγιος,
547 5292 702 5359 ἅγιος
730 5289 937 5359 Κύριος
963 5287 1215 5342 Σαϐαὼθ.
1248 5288 1469 5356 Πλήρης
1509 5287 1537 5338 6
1563 5286 1796 5356 οὐρανὸς
1825 5287 1921 5338 καὶ

337 5388 372 5458 ἡ
409 5387 482 5456 γῆ
520 5387 619 5455 τῆς
653 5385 814 5454 δόξης
843 5381 1033 5436 αὑτοῦ.
1075 5401 1093 5431 ›
1124 5382 1330 5433 Τούτου
1365 5381 1421 5433 δὲ
1467 5381 1500 5449 ἡ
1527 5379 1728 5446 γνῶσις
1757 5377 1921 5446 αὕτη,

333 5483 406 5544 ὡς
437 5480 566 5548 παρ’
589 5477 913 5531 Ἀθανασίου
945 5475 1167 5529 καὶτῶν
1194 5474 1400 5526 λοιπῶν
1429 5473 1688 5543 Πατέρων
1723 5471 1922 5541 ἐμάθο-

335 5588 477 5644 μενο
518 5589 535 5622 ι
567 5571 760 5637 ’Ἄγιος
816 5570 844 5621 ὁ
901 5566 1112 5636 Πατὴρ,
1173 5566 1332 5633 ἅγιος
1393 5566 1422 5617 6
1471 5564 1620 5625 Υἱὸς,
1663 5561 1819 5630 ἆγιος
1862 5561 1922 5614 τὸ

334 5665 564 5733 Πνεῦμα
622 5661 682 5714 τὸ
741 5662 969 5728 ᾶγιον.»
1044 5659 1171 5712 Ἰδοὺ
1234 5659 1289 5712 αἱ
1357 5659 1506 5725 τρεῖς
1567 5655 1919 5716 ὑποστάσεις.

341 5775 361 5804 ε
389 5757 596 5826 Κύριος
626 5751 882 5807 Σαϐαὼθ.
919 5771 937 5804 ι
983 5751 1113 5804 Ἰδοὺ
1148 5751 1209 5802 τὸ
1254 5745 1457 5817 ἕν’τῆς
1493 5747 1784 5817 Θεό;ητος,
1825 5745 1922 5800 καὶ

336 5851 439 5914 τῆς
475 5847 804 5914 (eliciendo
838 5845 1147 5911 μοναδικὸν,
1181 5844 1276 5898 καὶ
1325 5844 1523 5898 ἑνιαῖον
1571 5841 1672 5906 τῆς
1729 5841 1910 5905 δόξης,

2023 4645 2250 4700 quoque
2279 4629 2429 4684 addit
2465 4629 2727 4700 hymnum
2767 4625 3082 4696 Trisagion.

2568 4837 2608 4889 C
2623 4834 2798 4892 APUT
2826 4831 3074 4889 CCCXV.

2029 4935 2288 5002 Qua'nam
2331 4931 2591 4986 sententia
2618 4927 2868 4995 Trisagii,
2907 4944 2924 4975 ι
2951 4923 3201 4989 Sanctus,
3227 4933 3462 4986 sanctus,
3484 4941 3610 4976 san-

2662 5009 2796 5056 ctus.
2830 5014 2848 5046 ι
2872 5005 2972 5050 etc.

2102 5097 2242 5152 Tum
2277 5096 2517 5164 hymnus
2555 5093 2622 5148 ab
2663 5072 2875 5161 angelis
2899 5088 3140 5160 quidem,
3179 5099 3341 5158 prout
3375 5088 3441 5142 ab
3474 5088 3613 5143 Isaia

2025 5181 2336 5250 didicimus,
2359 5187 2436 5240 sic
2460 5193 2750 5247 cantatur;
2785 5200 2804 5233 ι
2832 5180 3092 5244 Sanctus,
3116 5189 3360 5245 sanctus,
3390 5189 3616 5235 sanctus

2032 5279 2296 5336 Dominus
2329 5276 2608 5342 Sabaoth;
2647 5274 2790 5343 pleni
2823 5281 2954 5327 sunt
3001 5271 3126 5326 εαξιί
3175 5280 3232 5327 et
3257 5281 3402 5326 terra
3442 5271 3614 5342 gloria

2031 5375 2188 5442 ejus;
2217 5389 2235 5422 ι
2268 5371 2388 5439 ejus
2419 5376 2602 5422 autem
2639 5366 2755 5422 haec
2778 5375 2864 5422 est
2890 5365 3043 5420 notio
3076 5381 3238 5434 quam
3275 5365 3346 5421 ab
3379 5367 3620 5421 Athana-

2031 5466 2115 5520 sio
2167 5463 2490 5530 caaterisque
2548 5460 2807 5515 Patribus
2859 5459 3174 5528 accepimus
3231 5463 3247 5514 ε
3317 5476 3337 5511 ι
3383 5457 3620 5514 Sanctus

2032 5557 2218 5621 Pater,
2261 5564 2490 5610 sanctus
2523 5554 2714 5616 Filius.
2747 5563 2972 5608 sanctus
3017 5553 3256 5623 Spiritus
3313 5561 3557 5608 sanctus.
3592 5570 3614 5604 ι

2033 5651 2114 5705 En
2147 5660 2257 5704 tres
2287 5663 2568 5719 personas.
2620 5668 2638 5700 ι
2678 5649 2937 5703 Dominus
2969 5647 3237 5713 Sabaoth,
3269 5665 3290 5698 ι
3341 5660 3470 5700 ecce
3499 5645 3621 5699 uni-

2031 5755 2114 5800 tas
2144 5743 2394 5805 Deitatis,
2433 5742 2618 5797 unitas
2662 5751 2890 5806 naturze,
2927 5743 3112 5796 unitas
3142 5739 3349 5810 gloriae.
3387 5737 3512 5793 Ideo
3540 5749 3621 5794 ter

2025 5839 2174 5904 dicit,
2215 5848 2464 5902 sanctus,
2493 5845 2713 5905 prepter
2757 5843 2866 5890 tres
2929 5847 3212 5897 personas.
3239 5839 3295 5889 et
3317 5830 3487 5888 semel
3519 5831 3618 5886 Do-
