4046 6434
598 307 703 370 579

1353 293 1654 358 SYMEON
1665 293 1738 354 IS
1770 292 2546 355 THESSALUNICENSIS
2587 296 2959 361 ARCHIEP.

3729 314 3815 379 58)

601 394 845 478 secundo
895 426 1250 484 personarum
1306 423 1599 464 numerum
1654 413 1878 478 propter
1933 405 2182 476 proprie-

2300 405 2469 475 ἡμῶν,
2530 425 2549 460 ι
2607 405 2704 462 τοῦ
2751 409 2906 476 Υίοῦ,
2965 430 2984 464 ι
3037 413 3303 480 Δέσποτα,
3355 377 3688 492 συγχωρήσω
3739 377 3819 488 τας

603 522 780 575 tates,
829 507 1011 563 Patris
1061 505 1273 562 scilicet
1314 523 1329 558 :
1371 521 1389 555 ι
1431 501 1660 557 Domine
1687 541 1701 566 ,
1748 500 2019 570 propitius
2069 508 2188 554 esto

606 606 848 677 peccatis
885 601 1124 664 nostris;
1166 617 1185 650 ι
1222 597 1346 652 Filii
1379 612 1394 650 :
1429 613 1448 646 ι
1478 595 1730 658 Domine,
1779 594 2000 663 ignosce
2060 606 2190 662 pec-

603 702 740 756 eatis
776 696 1020 761 nostris;
1063 713 1081 745 ι
1123 691 1301 748 sancti
1336 701 1517 744 autem
1564 687 1848 757 Spiritus:
1886 705 1903 738 ι
1945 684 2146 740 Sancte
2171 723 2187 750 ,

605 794 816 857 inspice
856 797 910 842 ct
961 802 1096 842 sana
1148 782 1500 839 intirmitates
1541 791 1795 845 nostras;
1853 797 1872 830 ι
1929 787 1983 834 et
2031 779 2190 833 tertio

606 886 770 938 trium
828 895 1190 951 personarum
1248 877 1514 930 unitatem
1560 889 1626 927 ex
1673 873 1759 927 his
1813 890 1827 926 :
1880 889 1898 923 ι
1962 870 2192 940 Propter

609 990 807 1028 nomen
847 982 1037 1036 tuum,
1089 989 1106 1022 ι
1145 969 1410 1022 Dominus
1443 964 1660 1036 quidem
1704 963 1894 1026 Pater,
1927 964 2187 1031 quoniam

609 1066 874 1121 Dominus
905 1063 1097 1124 Filius,
1134 1061 1398 1114 Dominus
1429 1060 1664 1128 Spiritus
1703 1067 1929 1111 sanctus
1963 1066 2187 1125 propter

609 1156 1131 1212 consubstantialem
1159 1163 1448 1219 naturam;
1475 1166 1582 1204 una
1599 1149 1745 1205 enim
1777 1150 1944 1202 trium
1977 1157 2060 1202 est
2085 1147 2188 1200 do-

614 1250 844 1306 minatio
889 1258 942 1302 et
987 1264 1130 1301 unus
1163 1248 1426 1314 solusque
1465 1247 1606 1298 Dcus
1647 1252 1732 1298 est
1765 1241 2042 1308 Trinitas;
2084 1240 2191 1293 Do-

609 1342 794 1396 minus
825 1341 989 1394 etiaui
1026 1321 1222 1402 Filius,
1244 1337 1505 1406 quoniam
1539 1335 1701 1390 Pater
1735 1334 1992 1388 omnibus
2017 1333 2193 1386 domi-

537 1474 554 1482 -
608 1447 792 1500 natur,
831 1449 1042 1488 necnon
1099 1433 1342 1502 Spiritus
1401 1440 1661 1494 sanctus;
1728 1436 1950 1480 sanctus
2006 1433 2188 1478 autem

609 1529 896 1594 Spiritus,
926 1527 1192 1596 quoniam
1248 1526 1424 1579 sancti
1483 1534 1612 1577 sunt
1669 1522 1825 1574 Pater
1882 1530 1934 1572 et
1990 1518 2188 1571 FlliUS.

607 1620 756 1674 Istud
802 1620 1025 1689 quidem
1063 1636 1077 1672 :
1123 1636 1142 1670 ι
1198 1618 1468 1682 Domine,
1516 1616 1777 1670 miserere
1824 1613 2015 1677 nobis,
2063 1629 2082 1662 ι
2123 1626 2190 1666 ex

606 1718 778 1773 Dat-id
820 1718 1093 1783 sumitur,
1147 1716 1281 1771 illud
1317 1731 1446 1770 vero
1487 1734 1498 1768 :
1539 1733 1557 1765 ι
1603 1712 1876 1782 Propitius
1906 1723 2026 1766 esto
2067 1725 2192 1780 pec-

606 1815 745 1868 catis
779 1813 987 1867 nostris
1013 1852 1028 1878 ,
1067 1830 1086 1864 ›
1124 1826 1226 1865 vox
1257 1820 1342 1865 est
1377 1808 1654 1879 publicani
1689 1823 1755 1860 ex
1786 1806 1971 1859 divino
2003 1805 2189 1858 Evan-
2223 1783 2266 1841 Β

606 1908 744 1977 gelio
790 1917 1057 1976 accepta;
1109 1905 1272 1958 verba
1322 1912 1508 1957 autem
1570 1919 1584 1957 :
1641 1919 1660 1952 ‹
1719 1899 1891 1954 Parce
1949 1896 2190 1966 peccatis

605 2000 850 2065 nostris;
896 2019 914 2050 ι
957 2008 1068 2051 tam
1109 2013 1176 2051 ex
1223 1995 1511 2063 evangelio
1561 1995 1778 2048 dicente
1831 2009 1844 2045 :
1902 2009 1920 2042 ι
1968 1989 2191 2043 Dimitte

606 2090 767 2144 nobis
791 2127 804 2152 ,
841 2107 859 2139 ι
893 2103 1057 2158 quam
1090 2087 1154 2142 de
1187 2085 1466 2156 pr0phetis
1504 2092 1557 2138 ct
1596 2081 1852 2137 Patribus
1880 2095 2184 2148 excitarpun-

613 2194 735 2250 tur;
769 2189 825 2238 at
857 2183 948 2237 illa
984 2198 999 2234 :
1045 2199 1061 2232 ι
1103 2181 1316 2250 Inspice
1345 2189 1398 2233 et
1426 2194 1558 2234 sana
1591 2178 1936 2232 inﬁrmitates
1970 2183 2190 2229 nostras

611 2289 722 2331 tum
743 2279 809 2332 ab
829 2275 1141 2345 Evangelio,
1160 2283 1273 2328 tum
1303 2288 1332 2326 a
1364 2271 1587 2343 psalmis
1605 2270 1914 2340 colligitur;
1941 2281 2006 2320 ex
2035 2265 2183 2334 psal-

608 2371 713 2426 mis
751 2385 878 2424 vero
908 2368 1076 2432 istud,
1106 2375 1331 2436 praptcr
1366 2377 1564 2417 nomen
1595 2372 1770 2415 tuum.
1805 2359 2072 2426 Deinceps
2108 2364 2189 2411 ter

610 2466 868 2518 recitatur
900 2480 916 2519 :
960 2479 978 2514 ι
1020 2460 1274 2521 Domine,
1313 2459 1597 2520 miserere,
1638 2474 1656 2507 ι
1687 2462 1907 2523 propter
1943 2460 2188 2506 sanctam

607 2559 958 2614 Trinitatem.
984 2554 1142 2611 Unus
1167 2552 1312 2607 enim
1351 2551 1610 2604 Dominus
1636 2547 1901 2607 Trinitas,
1932 2544 2190 2615 quoniam

609 2669 736 2707 vero
786 2651 1054 2714 Sanctus,
1084 2657 1344 2712 sanctus,
1378 2652 1605 2699 sanctus
1653 2642 1947 2698 Dominus.
1992 2649 2072 2692 ter
2108 2637 2196 2691 di-

608 2745 748 2798 citur
786 2741 962 2810 gratia
1014 2747 1220 2792 sancta:
1254 2735 1564 2790 Trinitatis.
1625 2734 1690 2790 Et
1748 2745 1940 2786 rursus
1998 2730 2185 2784 statim

2291 499 2527 568 ἀνομίας
2579 501 2735 570 ἡμῖν,
2790 521 2810 554 ι
2867 505 2962 558 τοῦ
3021 506 3178 574 ἁγίου
3234 508 3567 580 Πνεύματος,
3609 534 3628 568 ι
3675 517 3822 588 ’Δγιε,

2292 591 2614 664 ἐπίσκεψαι,
2650 595 2747 649 καὶ
2782 596 2933 650 ῐασαι
2966 599 3067 661 τὰς
3116 601 3404 666 ἀσθενείας
3442 605 3592 675 ήμῶν
3615 623 3630 640 ⁸
3679 627 3697 662 ι
3749 615 3824 666 καὶ

2293 687 2459 740 πάλιν
2519 685 2680 752 αὖθις
2734 689 2793 742 τὸ
2833 692 3037 746 ἑνιαῖον
3089 693 3197 746 τῶν
3235 696 3422 765 τριῶν,
3465 717 3484 750 ι
3524 700 3727 756 Ἕνεκεν
3753 707 3824 759 τοῦ

2291 777 2560 848 ὀνόματός
2594 797 2710 835 σου.
2771 800 2789 834 ι
2836 785 2945 846 Καὶ
2975 787 3003 836 6
3038 787 3134 854 μὲν
3170 787 3360 859 Πατὴρ
3390 791 3606 862 Κύριος,
3640 795 3713 847 ὅτι
3754 799 3824 850 καὶ

2293 874 2501 944 Κύριος
2526 877 2554 928 ὀ
2583 875 2730 940 Υἱὸς,
2763 879 2857 929 καὶ
2885 877 3086 948 Κύριος
3115 879 3176 932 τὸ
3204 881 3451 952 Πνεῦμα,
3477 885 3562 938 διὰ
3588 886 3644 939 τὸ
3667 890 3824 955 6.10mi-

2295 980 2430 1028 σιον,
2465 966 2590 1017 ἐπεὶ
2648 966 2745 1030 μία
2802 967 3064 1038 κυριότης
3111 970 3220 1022 τῶν
3251 972 3444 1041 τριῶν,
3495 977 3581 1028 καὶ
3617 972 3687 1040 εἷς
3735 981 3825 1033 ἐστι

2296 1057 2501 1126 Κύριος
2532 1060 2563 1123 ἠ
2599 1059 2766 1126 Τριὰς
2812 1059 2968 1129 μόνος
2992 1075 3009 1091 ⁶
3033 1064 3059 1114 6
3090 1061 3148 1116 δὲ
3184 1066 3308 1127 Υίὸς
3333 1067 3624 1139 Δεσπότης,
3655 1072 3726 1124 ὅτι
3752 1075 3826 1126 καὶ

2291 1153 2320 1204 6
2359 1152 2822 1223 Πατὴρ’δεσπ⁴5ζει
2852 1156 3092 1221 πάντων,
3117 1159 3212 1210 καὶ
3242 1159 3301 1211 τὸ
3331 1161 3548 1230 Πνεῦμα
3573 1165 3628 1216 τὸ
3653 1165 3787 1230 ἆγιον
3813 1181 3826 1198 ~

2294 1246 2388 1297 καὶ
2428 1245 2584 1312 ἅγιον
2627 1247 2687 1299 16
2723 1248 2968 1316 Πνεῦμα,
3008 1252 3090 1304 ὅτι
3116 1252 3209 1304 καὶ
3242 1255 3268 1304 6
3308 1255 3505 1324 Πατὴρ·
3531 1258 3622 1311 καὶ
3669 1261 3693 1310 6
3727 1259 3828 1320 Tib;

2293 1337 2468 1405 ἆγιος.
2507 1339 2618 1391 Καὶ
2673 1340 2734 1391 16
2787 1341 2906 1409 μὲν,
2955 1360 2974 1393 ι
3018 1341 3212 1412 Κύριε,
3255 1344 3477 1416 ἐλέησον
3509 1348 3667 1417 ἡμᾶς,
3700 1368 3716 1401 ι
3747 1351 3829 1402 ἀπὸ

2293 1429 2388 1481 τοῦ
2439 1431 2623 1495 Δαϐὶδ,
2672 1431 2766 1485 καὶ
2820 1433 2902 1499 16,
2974 1453 2993 1487 ι
3066 1436 3339 1507 Ἰλάσθητι
3391 1442 3514 1503 ταῖς
3569 1442 3828 1512 ἁμαρτίαις

2294 1523 2474 1592 ἡμῶν,
2525 1543 2542 1574 ι
2581 1523 2814 1577 τελώνου
2865 1527 3019 1596 φωνὴ
3074 1529 3139 1581 ἐκ
3181 1528 3275 1582 τοῦ
3317 1531 3462 1584 θείου
3499 1533 3828 1601 Εὐαγγελίου·

2293 1617 2354 1668 τὸ
2385 1617 2442 1669 δὲ
2475 1637 2494 1667 α
2535 1617 2903 1688 Συγχώρησον
2931 1623 3031 1684 τὰς
3061 1622 3291 1691 ἀνομίας
3324 1625 3477 1694 ἡμῖν,
3517 1644 3534 1677 ι
3576 1628 3663 1678 καὶ
3692 1629 3826 1691 5-317-

2294 1709 2511 1776 τελικὸν
2538 1711 2602 1762 ἐκ
2641 1710 2734 1763 τοῦ
2769 1729 2787 1762 ι
2826 1711 2998 1780 Ἀφες
3031 1715 3183 1783 ἡμῖν,
3222 1734 3240 1768 ι
3273 1717 3370 1770 καὶ
3397 1721 3736 1787 προφητικὸν,
3758 1720 3826 1771 καὶ

2293 1803 2402 1855 τῶν
2436 1803 2700 1871 Πατέρων
2722 1820 2736 1834 ·
2769 1805 2831 1857 16
2865 1805 2943 1867 δὲ,
3007 1824 3025 1857 t
3072 1807 3398 1879 Ἐπίσκεψαι
3446 1811 3539 1864 καὶ
3589 1812 3726 1864 ἴασαι
3754 1813 3827 1873 τὰς

2293 1896 2584 1959 ἀσθενείας
2612 1897 2793 1966 ἡμῶν,
2843 1916 2860 1949 ι
2914 1897 3009 1952 τοῦ
3053 1900 3397 1969 Εὐαγγελίου
3433 1907 3525 1958 καὶ
3552 1904 3823 1974 ψαλμικόν·

2293 1989 2388 2041 καὶ
2435 1988 2518 2051 16,
2553 1989 2782 2043 Ἕνεκεν
2829 1989 2922 2044 τοῦ
2966 1991 3235 2060 ὀνόματός
3268 2012 3390 2062 σου,
3428 1994 3826 2066 ψαλμικόν.Είτα

2292 2081 2373 2147 τὸ,
2416 2101 2436 2134 t
2474 2082 2924 2154 Κύριε,ὲλέησον,
2965 2103 2984 2136 ι
3021 2087 3178 2154 τρίς·
3207 2087 3368 2141 τοῦτο
3400 2089 3456 2143 δὲ
3487 2093 3566 2154 είς
3592 2089 3682 2160 τὴν
3703 2089 3826 2158 ἁγίαν

2293 2176 2550 2245 Τριάδα·
2607 2173 2688 2240 εἷς
2754 2178 2864 2247 γὰρ
2936 2178 3142 2249 Κύριος
3194 2183 3227 2250 ἡ
3285 2182 3478 2252 Τριάς.
3551 2184 3690 2237 Ἐπεὶ
3741 2186 3827 2245 καὶ,

2292 2267 2508 2336 Ἄγιος,
2558 2267 2736 2335 ἅγιος,
2770 2271 2924 2338 ἆγιος
2973 2271 3176 2342 Κύριος
3199 2290 3214 2304 ·
3240 2278 3337 2329 καὶ
3377 2277 3497 2345 τρὶς
3538 2276 3736 2343 λέγεται
3763 2275 3826 2325 διὰ

2287 2360 2390 2431 τὴν
2422 2361 2585 2430 ἁγίαν
2615 2361 2838 2432 Τριάδα.
2882 2365 2990 2416 Καὶ
3017 2365 3181 2428 εὐθὺς
3208 2366 3367 2430 αὖθις
3409 2369 3488 2435 τὸ,
3532 2387 3550 2419 t
3584 2368 3708 2433 Δόξα
3737 2367 3825 2419 Πα-

2292 2459 2405 2525 τρὶ,
2449 2473 2468 2508 ι
2505 2457 2598 2509 καὶ
2649 2457 2719 2510 τὰ
2757 2455 2907 2526 ἑξῆς,
2939 2458 3032 2512 διὰ
3073 2459 3134 2511 16
3181 2460 3443 2528 ὁμόδοξον
3489 2461 3587 2531 τῆς
3613 2459 3762 2530 Τριάδ
3788 2476 3825 2521 ς.

2296 2549 2406 2601 Καὶ
2452 2550 2511 2602 τὸ
2541 2549 2853 2603 τελευταῖον
2890 2554 2922 2622 ή
2960 2552 3113 2622 παρὰ
3150 2553 3245 2606 τοῦ
3279 2555 3534 2624 Σωτῆρος
3573 2551 3824 2624 προσευχὴ.

2295 2632 2364 2708 ἦς
2395 2640 2489 2693 καὶ
2518 2640 2619 2710 τὴν
2652 2641 2862 2697 ἔννοιαν
2894 2643 2970 2706 ὡς
2996 2645 3222 2698 δυνατὸν
3250 2646 3387 2716 ἡμῖν
3416 2644 3823 2710 συνοπτικώτερον

2301 2730 2426 2802 ἐροῦ
2437 2749 2558 2802 μεν.

608 2835 790 2891 Gloria
822 2835 995 2896 Patri,
1040 2842 1094 2886 et
1122 2844 1344 2895 caetera,
1380 2838 1600 2900 propter
1634 2841 1988 2883 communem
2031 2821 2320 2879 Trinitatis
2379 2826 2635 2895 gloriam.
2706 2827 2953 2900 Denique
2989 2831 3048 2887 ﬁt
3117 2831 3421 2890 Saivatoris
3468 2833 3669 2898 oratio,
3713 2828 3822 2899 cuiu!

597 2929 960 2991 sententiam,
987 2937 1252 2998 quantum
1278 2927 1330 2978 in
1358 2925 1516 2978 nobis
1540 2923 1670 2986 erit,
1700 2921 1784 2976 vel
1812 2919 2194 2975 brevissimam
2216 2917 2443 2989 jamjam
2478 2923 2806 2993 explicaturi
2843 2939 3056 2981 sumus.

1141 3041 1370 3097 CAPUT
1411 3039 1664 3096 CCCXX.
1750 3061 1772 3087 ·-

2863 3047 3121 3101 ΚΕΦΑΛ.
3188 3050 3319 3104 TK'.

612 3133 890 3189 Succincta
915 3134 1279 3202 interpretatio
1307 3135 1658 3188 sanctissima:
1682 3131 1959 3195 orationis,
1994 3129 2186 3184 «Pater

2300 3134 2648 3203 Συνοπτικὴ
2699 3136 2985 3212 ἑρμηνεία
3037 3140 3146 3206 τῆς
3183 3126 3290 3195 τοῦ
3358 3163 3376 3195 ι
3417 3144 3597 3211 Πάτερ
3634 3139 3825 3212 ἡμῶν,’

1286 3214 1484 3257 noster.
1501 3223 1519 3256 ι

693 3316 712 3349 ι
751 3297 909 3352 Pater
940 3305 1126 3351 noster
1149 3335 1164 3360 ,
1209 3315 1228 3348 ι
1264 3305 1378 3349 tum
1425 3294 1551 3364 quia
1585 3306 1770 3348 noster
1807 3301 1891 3348 est
1924 3293 2194 3358 conditor,

615 3391 707 3461 qui
739 3406 838 3444 nos
867 3405 932 3444 ex
968 3390 1138 3443 nihilo
1167 3388 1458 3457 plasmavit
1485 3429 1498 3450 ,
1543 3397 1659 3440 tum
1709 3387 1838 3455 quia
1891 3386 2195 3440 secundum

617 3483 846 3555 gratiam
894 3479 1057 3534 Pater
1107 3495 1202 3548 per
1237 3478 1432 3532 Filium
1467 3477 1586 3547 ejus
1619 3477 1714 3546 qui
1751 3477 2051 3531 secundum
2087 3491 2197 3530 na-

617 3584 791 3627 turam
831 3571 1008 3626 factus
1035 3582 1117 3625 est
1151 3571 1307 3624 nobis
1339 3570 1556 3626 similis.
1595 3590 1612 3621 ι
1643 3569 1743 3637 Qui
1778 3585 1836 3624 es
1863 3571 1916 3623 in
1947 3569 2138 3635 ccelis;
2173 3587 2191 3620 ι

614 3683 740 3720 nam
776 3665 829 3720 iu
875 3664 1079 3718 sanctis
1131 3664 1426 3732 requiescit
1462 3663 1555 3732 qui
1602 3674 1826 3718 sanctus
1857 3674 1941 3716 est
1969 3703 1984 3727 ,
2035 3668 2198 3731 prout

613 3761 876 3828 scriptum
907 3767 1032 3821 est,
1069 3758 1230 3810 nobis
1269 3768 1450 3809 autem
1489 3756 1780 3810 sanctitate
1813 3763 2072 3822 prwstant
2105 3756 2196 3824 qui

616 3854 668 3903 in
701 3851 843 3904 coelo
891 3856 1020 3902 Sunt
1067 3849 1245 3914 angeli
1273 3887 1288 3911 ,
1320 3856 1573 3914 terraque
1607 3849 1797 3916 purius
1839 3857 1923 3901 est
1954 3848 2152 3901 C(Blllllt
2180 3861 2195 3910 ;

618 3944 742 3996 ideo
768 3943 819 3994 iu
849 3941 1001 3995 caelis
1028 3940 1206 4008 potius
1231 3947 1315 3993 est
1341 3938 1506 3991 Deus.
1540 3957 1558 3989 ι
1585 3939 1972 3992 Sanctiﬁcetur
1998 3953 2197 3991 nomen

615 4046 770 4090 tuum
802 4050 814 4094 ;
846 4052 866 4086 ι
897 4032 1154 4102 quoniam
1179 4040 1403 4084 sanctus
1425 4045 1506 4093 es,
1541 4032 1594 4082 in
1622 4031 1780 4083 nobis
1800 4031 1964 4083 etiam
1999 4044 2198 4084 nomen

617 4140 772 4181 tuum
829 4125 1155 4190 sam-tilica;
1207 4139 1308 4177 nos
1358 4138 1574 4191 quoque
1623 4126 1951 4185 sanctillca,
2009 4134 2069 4177 ut
2120 4123 2195 4176 tui

619 4221 769 4280 facti,
807 4233 1002 4272 nomen
1036 4225 1190 4268 tuum
1223 4213 1658 4280 sanctiticemus,
1693 4227 1744 4270 et
1776 4227 2034 4284 tanquam
2071 4230 2198 4291 san-

619 4327 766 4365 t'tttm
795 4310 1139 4378 praedicetur,
1177 4317 1231 4360 et
1261 4321 1290 4360 a
1324 4307 1482 4360 nohis
1514 4307 1872 4377 glorilicetur,
1899 4321 2078 4375 neque
2105 4321 2199 4374 per

621 4419 723 4456 nns
775 4400 1203 4469 hiasphemetur.
1261 4418 1279 4450 ι
1330 4399 1598 4453 Adveniat
1641 4415 1869 4468 reguqu
1927 4408 2135 4464 tuum;
2174 4417 2191 4448 ι

2727 3210 3049 3276 ἱερωτάτης
3089 3213 3467 3284 προσευχῆς.

2377 3317 2396 3350 ι
2439 3297 2629 3369 Πάτερ
2662 3300 2842 3370 ἡμῶν.
2885 3320 2902 3351 ι
2945 3303 3066 3356 Ὀτι
3101 3304 3445 3376 δημιουργὸς
3477 3307 3648 3378 ήμῶν,
3678 3307 3731 3358 ὲκ
3762 3301 3820 3355 τοῖ

2301 3391 2377 3461 μὴ
2406 3391 2560 3454 ὄντος
2604 3393 2755 3462 ἡμᾶς
2787 3394 3045 3463 ποιήσας,
3077 3397 3171 3448 καὶ
3215 3397 3296 3450 ὅτι
3329 3400 3473 3454 κατὰ
3504 3399 3652 3469 χάριν
3682 3392 3821 3460 Πατήρ

2297 3481 2388 3534 διὰ
2450 3480 2544 3534 τοῦ
2591 3483 2736 3536 κατὰ
2787 3485 2952 3554 φύσιν
3012 3486 3145 3539 Υίοῦ
3201 3489 3321 3542 καθ’
3381 3493 3524 3562 ἡμᾶς
3578 3486 3832 3556 γεγονότος-

2305 3589 2325 3623 (
2371 3571 2432 3625 '0
2475 3574 2530 3625 ὲν
2595 3575 2706 3636 τοῖς
2759 3575 3041 3647 οὐρανοῖς.
3087 3595 3106 3629 ι
3159 3579 3268 3631 Καὶ
3307 3582 3420 3651 γὰρ
3476 3584 3532 3634 ὲν
3561 3583 3662 3641 τοῖς
3695 3575 3832 3645 ἁγίοις

2299 3666 2794 3736 ἐπαναπαυόμενός
2839 3670 3011 3733 ἐστιν,
3069 3669 3225 3738 ἅγιος
3279 3671 3382 3738 ὣν,
3425 3674 3497 3737 ὡς
3549 3674 3833 3741 γέγραπται,

2300 3758 2592 3826 ἁγιώτεροι
2616 3759 2672 3812 δὲ
2704 3759 2860 3829 ἡμῶν
2889 3761 2939 3812 οἱ
2973 3761 3031 3813 ὲν
3065 3762 3283 3832 οὖρανῷ
3307 3764 3551 3834 ἄγγελοι,
3585 3765 3671 3819 καὶ
3699 3759 3834 3814 καθι-

2302 3851 2540 3921 ρὼτερθς
2569 3851 2666 3921 τῆς
2699 3851 2804 3920 γῆς
2850 3853 2879 3904 6
2929 3853 3181 3924 οὐρανός.
3216 3857 3308 3909 Λιδ
3366 3861 3459 3912 καὶ
3493 3860 3548 3912 ὲν
3577 3859 3680 3918 τοῖς
3705 3855 3834 3920 οὐρα-

2299 3945 2412 4007 νοῖς
2443 3945 2470 3994 6
2502 3943 2636 4006 Θεὸς
2670 3943 2895 4013 μᾶλλον.
2951 3965 2968 3998 ι
3017 3946 3370 4020 Ἀγιασθήτω
3400 3952 3460 4004 16
3501 3950 3660 4020 ὄνομα
3697 3959 3830 4000 σου.»

2311 4036 2580 4107 Ἐπείπερ
2611 4038 2767 4106 ἅγιος
2797 4034 2867 4104 εἴ,
2885 4042 2981 4093 καὶ
3003 4041 3060 4092 ὲν
3086 4043 3218 4112 ἡμῖν
3239 4043 3298 4095 τὸ
3318 4043 3490 4114 ὄνομα
3517 4061 3605 4097 σου
3653 4043 3834 4104 ἁγίασον

2300 4130 2397 4183 καὶ
2428 4131 2574 4217 ἡμᾶς
2607 4131 2864 4198 ἁγίασον,
2898 4131 2974 4196 ὡς
3030 4133 3095 4186 ἂν
3161 4135 3283 4189 ἴδιοί
3336 4155 3432 4190 σου
3475 4135 3755 4194 τελοῦντες,
3787 4128 3830 4179 τὸ

2299 4221 2472 4289 ὖνομά
2498 4239 2592 4274 σου
2624 4223 2970 4293 ἁγιάζωμεν,
2999 4227 3090 4279 καὶ
3119 4228 3194 4290 ὡς
3243 4229 3405 4297 ἅγιον
3448 4229 3830 4301 κηρυττόμενοι,

2300 4313 2384 4380 εἴη
2404 4311 2565 4381 225
2592 4314 2686 4366 καὶ
2713 4314 3070 4387 δοξαζόμενον
3094 4321 3188 4372 καὶ
3211 4320 3278 4372 δι’
3301 4322 3480 4392 ἡμῶν,
3508 4324 3598 4376 καὶ
3625 4321 3692 4390 μὴ
3713 4317 3836 4387 βλασ-
3861 4337 3874 4358 ο

2302 4406 2553 4472 φημῆται
2611 4405 2680 4459 δι’
2707 4408 2874 4474 ἡμᾶς·
2916 4429 2934 4460 ί
2977 4411 3210 4464 Ἐλθέτω
3241 4415 3272 4484 ἡ
3309 4415 3553 4483 βασιλεία
3605 4429 3706 4466 σου.
3738 4428 3753 4459 ι
3785 4406 3836 4456 Σὺ

619 4506 738 4546 esto
781 4506 871 4544 rex
909 4507 1073 4559 super
1113 4503 1212 4543 nos
1245 4503 1342 4558 per
1382 4490 1522 4543 bona
1561 4505 1725 4558 opera
1755 4529 1769 4553 ,
1817 4490 2039 4543 minime
2072 4504 2201 4542 vero

2310 4495 2566 4563 βασύεὺς
2598 4499 2690 4550 ἔσο
2723 4500 2807 4566 ἐφ’
2844 4503 2994 4571 ἡμᾶς
3023 4504 3113 4556 διὰ
3155 4481 3271 4557 τῶν.
3308 4481 3528 4575 ἀγαθῶν
3559 4507 3740 4574 ἔργων,
3770 4499 3839 4550 καὶ

625 4584 884 4637 inimicus
941 4582 1346 4638 int‘ensissimus
1400 4591 1622 4652 pr0pter
1691 4597 1855 4651 opera
1919 4582 2200 4650 nequitiae.

629 4694 646 4727 ι
689 4675 958 4730 Atheniat
1000 4690 1226 4744 regnum
1276 4678 1428 4729 tuu‘m
1459 4715 1473 4738 ,
1518 4697 1536 4725 ι
1576 4675 1765 4727 ultima
1809 4687 2005 4742 nempe
2045 4672 2201 4739 dies,

622 4772 883 4840 quoniam
923 4785 1088 4838 super
1121 4783 1311 4822 omnes
1347 4777 1401 4824 et
1432 4768 1485 4820 in
1529 4768 1676 4834 ipSUS
1725 4765 1980 4819 inimicos
2012 4779 2206 4833 regna-

624 4865 731 4928 his,
760 4873 814 4917 et
844 4879 1067 4932 regnum
1103 4870 1251 4913 tuutn
1283 4861 1385 4913 erit
1417 4869 1704 4923 mternum,
1732 4857 1893 4910 sicuti
1923 4866 2042 4922 est;
2074 4856 2205 4911 illud

622 4968 804 5010 autem
838 4955 1089 5008 adveniet
1117 4955 1323 5007 sanctis
1356 4961 1409 5005 et
1438 4951 1502 5003 ad
1533 4951 1676 5003 hanc
1702 4947 2074 5003 haereditatem
2108 4965 2204 5018 pa-

622 5050 775 5102 ratis.
811 5067 828 5097 I
857 5045 975 5100 Fiat
1001 5047 1252 5099 voluntas
1277 5052 1368 5096 tua
1394 5044 1536 5096 sicut
1562 5043 1615 5095 iu
1639 5043 1778 5096 caelo
1805 5053 1858 5094 et
1886 5040 1938 5093 in
1964 5051 2105 5094 terra
2129 5059 2144 5099 :
2178 5057 2199 5091 ι

621 5140 772 5194 velut
808 5140 1032 5207 angelos
1075 5152 1171 5189 nos
1207 5136 1508 5196 constitue,
1536 5145 1593 5188 ut
1645 5132 2105 5200 quemadmolum
2151 5133 2203 5186 iu

621 5232 702 5285 eis
727 5270 742 5294 ,
777 5231 848 5282 ita
882 5239 935 5281 et
965 5232 1018 5282 in
1048 5227 1210 5280 nobis
1243 5243 1304 5280 ac
1336 5241 1433 5294 per
1467 5241 1568 5280 nos
1606 5227 1855 5280 voluntas
1903 5236 1992 5279 tua
2033 5226 2207 5278 adim-

626 5324 874 5390 pleatur,
923 5322 1004 5374 vel
1038 5311 1204 5372 etiam
1256 5334 1324 5372 ne
1357 5335 1519 5388 prava
1559 5321 1906 5387 humanaque
1951 5320 2206 5372 voluntas

624 5424 833 5477 nostra,
875 5414 967 5466 sed
1004 5423 1091 5466 tua
1131 5413 1220 5466 fiat
1249 5429 1383 5482 pura
1413 5429 1476 5468 ac
1501 5422 1709 5468 'sancta
1735 5456 1750 5480 ,
1789 5426 1846 5468 ut
1889 5414 2112 5482 perinde
2146 5427 2208 5466 ac

623 5518 837 5562 terrena
867 5506 1183 5559 cmlestihus
1214 5506 1484 5571 adunati,
1534 5509 1613 5561 sic
1658 5517 1710 5561 et
1748 5505 1800 5559 in
1839 5505 1996 5559 nobis
2025 5504 2116 5572 qui
2153 5506 2207 5557 in

623 5611 767 5653 terra
802 5614 995 5652 smnus
1022 5599 1262 5652 cmlestia
1295 5598 1616 5670 coniungas.
1661 5619 1679 5651 ι
1721 5599 1921 5653 Panem
1961 5610 2206 5651 nostrum

620 5691 1196 5761 Supersuhstantialem
1235 5693 1300 5746 da
1342 5694 1500 5746 nobis
1541 5692 1743 5758 hodie;
1788 5710 1806 5743 ›
1843 5692 1946 5746 etsi
1985 5691 2209 5744 caeleste

623 5800 762 5850 opus
790 5771 1135 5852 petierimus,
1159 5784 1416 5841 mortales
1445 5794 1625 5842 tamen
1652 5800 1864 5850 smnus,
1897 5798 2207 5858 panemque

2314 4586 2390 4656 μὴ
2423 4588 2614 4658 ἐχθρὸς
2643 4593 2670 4641 6
2696 4590 2787 4653 σὸς
2810 4591 2900 4644 διὰ
2931 4593 3039 4645 τῶν
3069 4593 3249 4664 ἔργων
3274 4598 3372 4666 τῆς
3401 4598 3675 4668 πονηρίας.
3710 4613 3725 4644 σ
3758 4587 3839 4643 Καὶ

2312 4679 2514 4732 ἐλθέτω
2561 4682 2874 4751 ήβασι).εία
2929 4701 3046 4750 σου,
3099 4705 3117 4736 ι
3171 4689 3519 4757 ήτελευταὲα
3563 4688 3747 4757 ἡμέρα.
3779 4683 3839 4732 ὅτι

2314 4771 2532 4824 πάντων
2565 4771 2933 4841 βασιλεύσεις,
2984 4777 3077 4828 καὶ
3107 4779 3216 4830 τῶν
3269 4780 3503 4848 ἐχθρῶν,
3537 4781 3624 4832 καὶ
3657 4779 3686 4846 ἡ
3719 4774 3839 4843 βασι·

2312 4863 2433 4915 λεία
2465 4882 2558 4916 σου
2585 4866 2736 4917 ἔσται
2765 4865 3006 4929 αἰώνιος.
3028 4868 3104 4931 ὼς
3139 4869 3276 4924 ἔστι.
3305 4871 3478 4926 Τοῦτο
3503 4872 3556 4924 δὲ
3580 4865 3840 4930 τοῖςὰξίοις

2315 4960 2407 5008 καὶ
2442 4957 2579 5025 πρὸς
2609 4959 2702 5009 τὶν
2753 4959 2944 5027 καιρὸν
2992 4963 3201 5014 ἐκεῖνον
3235 4963 3494 5032 ἑτοίμοις.
3534 4981 3553 5014 ι
3598 4958 3840 5027 Γενηθήτω

2313 5051 2374 5098 τὸ
2404 5047 2620 5117 θέλημὰ
2663 5065 2754 5100 σου
2790 5049 2865 5111 ὡς
2915 5053 2974 5103 ὲν
3021 5053 3237 5124 οὐρανῷ
3285 5057 3376 5108 καὶ
3419 5056 3512 5108 ἐπὶ
3558 5053 3650 5121 τῆς
3691 5048 3837 5117 γῆς-ι

2329 5137 2414 5201 ’δὶς
2459 5141 2586 5201 τοὺς
2624 5141 2889 5207 ἀγγέλους
2940 5144 3087 5211 ἡμᾶς
3141 5147 3519 5217 κατάστησον,
3576 5145 3657 5196 ἵνα
3697 5140 3762 5198 ὡς
3802 5134 3842 5183 ἐν

2315 5232 2565 5294 ἐκείνοις,
2601 5234 2694 5285 καὶ
2726 5236 2783 5286 ὲν
2813 5237 2945 5303 ἡμῖν
2976 5237 3034 5288 16
3063 5237 3275 5306 θέλημὰ
3307 5258 3420 5303 σου,
3456 5239 3543 5291 καὶ
3576 5225 3840 5302 παρ’ήμῶν

2317 5324 2614 5393 ἐνεργῆται
2639 5340 2652 5354 °
2686 5328 2779 5378 καὶ
2810 5327 2891 5380 ὅτι
2926 5329 2999 5398 μὴ
3034 5329 3092 5382 τὸ
3118 5332 3276 5399 ἡμῶν
3312 5333 3521 5401 θέλημα
3550 5330 3608 5380 τὸ
3637 5317 3842 5391 ἐμπαθὲς

2317 5419 2413 5468 καὶ
2442 5417 2809 5485 ἀνθρώπινον,
2848 5421 2984 5472 ἀλλὰ
3016 5425 3074 5473 τὸ
3109 5423 3200 5475 σὺν
3229 5423 3470 5489 γενέσθω
3503 5420 3561 5472 16
3587 5410 3771 5470 ἀπαθές
3797 5419 3841 5454 τε

2317 5509 2411 5559 καὶ
2447 5509 2602 5574 ἅγιον
2625 5526 2638 5538 ·
2675 5515 2768 5562 καὶ
2802 5513 2984 5583 ἐπειδὴ
3021 5515 3237 5584 ἦνωσας
3266 5516 3331 5568 τὰ
3361 5517 3417 5566 ἐν
3445 5516 3505 5583 τῇ
3552 5512 3616 5578 γῇ
3646 5505 3749 5564 τοῖς
3778 5497 3841 5548 οὗ·

2319 5600 2548 5669 ρανίοιῖν
2595 5603 2689 5654 καὶ
2741 5605 2798 5656 ἐν
2833 5609 2943 5667 τοῖς
2978 5608 3035 5658 ὲν
3067 5610 3134 5676 γῇ
3177 5610 3310 5678 ἡμῖν
3339 5603 3456 5659 οὖσι
3487 5606 3550 5656 1’1.
3587 5591 3841 5661 ἐπουράνιι

2317 5691 2589 5758 γενέσθω»
2624 5712 2641 5742 ¹
2690 5694 2794 5747 Τὸν
2822 5695 2988 5766 ἄρτον
3021 5700 3177 5769 ἡμῶν
3212 5701 3301 5753 τὸν
3333 5699 3599 5750 ἐπιούσιον
3631 5690 3710 5750 δὺς
3738 5678 3840 5769 ἡξλῖῗ

2324 5785 2391 5844 σή
2406 5801 2569 5838 mea?"
2633 5803 2650 5833 ι
2694 5787 2749 5837 Εἰ
2775 5791 2869 5840 καὶ
2898 5791 2955 5841 τὸ
2989 5791 3239 5858 οὐράνιον
3269 5793 3426 5863 ἔργον
3452 5789 3732 5860 ᾐτήσαίςῖινι
3756 5761 3840 5824 ἀλλ’
