4046 6458
331 349 429 414 581

1497 347 1595 409 DE
1639 348 1885 410 SACRA
1925 345 2441 410 PRECATIONE.

3501 354 3606 417 582

238 452 243 456 ”
320 469 470 536 ὅμως
502 464 722 535 θνητοί·
761 466 857 520 καὶ
909 465 1002 519 τὸν
1039 463 1134 518 ἐπὶ
1178 465 1250 535 ’τῇ
1293 463 1558 518 συστάσει
1587 464 1688 535 τῆς
1719 463 1902 527 οὐσίας

2018 461 2140 516 vitae
2167 471 2372 517 nostrae
2406 461 2687 518 servandae
2719 464 3094 520 necessarium
3139 465 3382 535 petimus
3412 476 3473 524 ut
3510 471 3609 524 lio-

319 559 480 628 ἡμῶν
504 559 670 627 ἄρτον
698 559 964 628 αἰτοῦμεν
995 559 1072 622 ὡς
1099 559 1400 628 ἄνθρωποι,
1432 556 1639 619 εἰδότες
1691 557 1774 610 ὅτι
1811 557 1904 608 καὶ

317 644 478 714 οὗτος
527 650 679 719 παρά
713 651 831 716 σοῦ,
872 652 966 704 καὶ
1003 650 1068 703 σὺ
1122 651 1282 720 μόνος
1326 649 1605 718 ἀνενδεὴς,
1638 648 1800 718 ἡμεῖς
1848 646 1906 700 δὲ

318 745 570 806 ἐπιδεεῖς.
611 745 722 796 Καὶ
758 746 819 797 ὲν
854 742 937 796 σοὶ
986 742 1321 814 θαρροῦντές
1375 743 1564 810 ἔσμεν.
1617 741 1764 809 Πλὴν
1813 737 1908 809 ζη-

316 835 542 898 τοῦντες
571 836 665 900 τὸν
694 836 880 904 ἄρτον,
920 835 982 887 οὐ
1028 835 1258 906 περιττά
1291 833 1588 905 ζητοῦμεν,
1633 833 1768 887 ἀλλὰ
1815 833 1907 886 τὸν

318 930 398 992 είς
429 929 620 998 χρείαν
647 928 806 997 ἡμῶν
833 928 1074 998 σήμερον
1094 943 1109 960 ·
1147 927 1271 980 ἐπεὶ
1302 928 1395 980 καὶ
1423 927 1551 996 περὶ
1582 927 1684 996 τῆς
1716 925 1942 996 αὔριον-

324 1025 401 1093 μὴ
437 1021 774 1092 μεριμνῆσαι
816 1021 1213 1092 ἐδιδάχθημεν
1255 1023 1350 1074 καὶ
1395 1020 1476 1073 ὅτι
1533 1022 1596 1076 σὺ
1633 1018 1683 1074 εἷ
1734 1023 1762 1075 ὁ
1815 1023 1908 1076 καὶ

320 1118 564 1186 σήμερον
593 1114 845 1183 κηδεμὼν
877 1115 970 1167 καὶ
1013 1112 1202 1182 αῠριον
1230 1114 1325 1167 καὶ
1355 1115 1446 1168 ἀεὶ
1476 1114 1758 1183 ἐσόμενος.
1799 1113 1909 1167 Καὶ

318 1208 399 1260 ἔτι
423 1207 512 1260 τὸν
545 1209 708 1276 ἄρτον
740 1207 900 1276 ἡμῶν
927 1209 1018 1260 τὸν
1051 1207 1327 1260 ἐπιούσιον
1353 1207 1440 1269 δδς
1475 1209 1608 1278 ἡμῖν
1643 1210 1905 1278 σήμερον,

317 1300 413 1354 τὸν
451 1299 630 1363 ζῶντα
670 1300 835 1370 ἄρτον
859 1300 950 1353 τὸν
978 1300 1322 1370 ἐπουράνιον,
1347 1301 1442 1355 τοῦ
1484 1302 1689 1366 ζῶντος
1725 1302 1902 1368 Λόγου

317 1393 381 1445 τὸ
419 1393 686 1459 πανάγιον
731 1393 914 1461 σῶμα,
955 1394 1095 1464 ὅπερ
1148 1397 1175 1448 ὁ
1221 1393 1296 1462 μὴ
1338 1393 1528 1461 φαγὼν
1561 1393 1620 1446 οὐ
1679 1393 1907 1461 ζήσεται

319 1485 460 1547 ὅλως
492 1485 649 1538 ποτέ.
671 1484 796 1539 ’Καὶ
824 1485 1100 1548 έπιούσιος
1132 1480 1310 1549 οὗτος,
1344 1486 1418 1548 ὡς
1455 1486 1552 1555 τήν
1584 1484 1764 1554 ψυχὴν
1811 1484 1908 1535 καὶ

323 1578 385 1628 τὸ
419 1577 580 1645 σῶμα
629 1577 902 1645 στηρίζων
935 1579 1028 1630 καὶ
1082 1577 1346 1645 ἁγιάζων,
1395 1579 1490 1630 καὶ
1537 1578 1620 1630 ὅτι
1671 1596 1689 1628 ι
1735 1576 1795 1628 '0
1833 1575 1904 1644 μὴ

319 1665 513 1732 φαγὼν
555 1663 716 1717 αὐτὸν
749 1667 848 1718 οὐκ
887 1665 998 1734 ἔχει
1034 1665 1182 1735 ζωὴν
1216 1667 1272 1718 έν
1304 1666 1451 1732 αὐτῷ
1478 1683 1490 1696 ·
1525 1669 1551 1718 ὁ
1583 1667 1641 1718 δὲ
1675 1665 1906 1734 τρώγων

319 1755 483 1808 αὑτὸν
535 1755 761 1826 ζήσεται
792 1759 873 1821 είς
915 1757 1008 1810 τὸν
1053 1759 1244 1811 αἰῶνα.
1288 1777 1305 1810 ι
1367 1759 1473 1810 Καὶ
1505 1758 1640 1826 ἄφες
1671 1760 1804 1830 ἡμῖν
1839 1757 1905 1808 τὰ

2014 554 2190 607 mines
2226 569 2366 622 quos
2413 571 2520 610 non
2570 557 2700 611 latet
2739 559 2891 613 illum
2927 575 2956 613 a
2993 570 3044 614 te
3087 560 3283 614 donari
3315 578 3330 626 ;
3365 570 3423 616 tu
3460 564 3606 618 enim

2009 646 2159 700 solus
2191 647 2343 702 dives
2372 663 2449 712 es,
2484 664 2586 705 nos
2615 661 2794 704 autem
2840 653 3052 720 inopes,
3084 664 3139 708 et
3190 654 3243 709 in
3286 662 3338 710 te
3375 657 3609 710 conlidi-

2011 753 2156 794 mus.
2192 737 2423 810 Insuper
2455 742 2584 795 dum
2619 758 2812 811 panem
2847 747 3154 813 poscimus.
3189 763 3297 802 non
3329 748 3605 818 superﬂua

2008 830 2286 900 petimus,
2341 831 2438 886 sed
2491 845 2686 902 patum
2740 835 2897 888 nobis
2959 837 3119 890 hodie
3175 840 3595 900 necessarium,

2009 921 2272 988 quoniam
2321 920 2390 976 de
2423 924 2668 977 crastino
2707 939 2772 976 ne
2806 926 3028 979 Solliciti
3063 928 3236 983 simus
3267 929 3563 985 didicimus
3591 972 3606 996 ,

2009 1023 2063 1066 et
2109 1012 2232 1080 quia
2263 1022 2316 1066 tu
2365 1030 2424 1069 es
2458 1025 2734 1085 protector
2768 1005 2980 1085 noster,
3021 1020 3114 1087 qui
3148 1036 3269 1074 cras
3301 1031 3356 1075 et
3392 1037 3608 1091 semper

2009 1105 2140 1160 eris.
2184 1104 2412 1176 Insuper
2455 1125 2649 1178 panem
2699 1123 2946 1164 nostrum
3016 1114 3601 1180 supersbbstantialem

2011 1198 2079 1250 da
2127 1199 2286 1252 nobis
2332 1200 2495 1255 hodie
2521 1245 2536 1267 ,
2574 1203 2830 1257 videlicet
2872 1205 3054 1258 vivum
3090 1221 3285 1273 panem
3319 1205 3479 1273 et'eli,
3523 1207 3603 1260 vi—

2010 1292 2190 1344 ventis
2222 1290 2388 1345 Verbi
2434 1308 2635 1361 corpus
2677 1296 3125 1362 sanctissimum,
3159 1297 3307 1367 quod
3353 1299 3447 1366 qui
3497 1314 3605 1352 non
3670 1323 3673 1326 ·

2014 1387 2449 1450 tnandncaverit,
2486 1403 2592 1440 non
2626 1387 2770 1443 vivet
2799 1405 3081 1459 unquam;
3117 1400 3168 1444 et
3211 1393 3299 1447 hic
3333 1401 3417 1447 est
3452 1395 3608 1461 panis

2012 1476 2592 1544 Supersubstantialis,
2625 1487 2812 1547 utpote
2845 1484 3084 1536 animam
3116 1492 3168 1537 et
3195 1499 3397 1552 corpus
3430 1487 3603 1540 susti-

2013 1583 2149 1622 nens
2169 1584 2230 1622 ac
2252 1569 2630 1636 sanetiﬁcans,
2657 1581 2710 1625 et
2743 1572 2834 1642 qui
2867 1589 2972 1626 non
2999 1576 3292 1630 manducat
3331 1592 3454 1631 eum
3499 1593 3604 1631 non

2012 1659 2175 1714 liabet
2204 1660 2369 1714 vitam
2400 1662 2451 1716 in
2483 1663 2814 1730 semetipso;
2849 1666 2940 1735 qui
2971 1681 3097 1721 vero
3129 1683 3252 1721 cum
3283 1671 3604 1740 manducat,

2018 1753 2175 1806 vivet
2209 1754 2262 1806 in
2307 1756 2531 1808 smcula.
2572 1775 2590 1808 ι
2629 1756 2694 1809 Ει
2723 1758 2940 1812 dimitte
2972 1761 3132 1815 nobis
3163 1762 3342 1817 debila
3387 1775 3568 1818 nostra
3592 1805 3606 1826 ,

319 1819 660 1919 ὀφειλήματα
687 1819 865 1920 ήμῶν,
901 1851 978 1914 ὡς
1011 1850 1106 1904 καὶ
1143 1852 1304 1921 ἡμεῖς
1336 1851 1573 1920 ἀφίεμεν
1614 1819 1726 1912 τοῖς
1759 1849 1902 1917 ὀφει-

2017 1843 2162 1898 sicut
2189 1857 2242 1898 et
2275 1860 2374 1899 nos
2407 1847 2737 1902 dimittimus
2771 1851 3116 1907 debitoribus
3160 1857 3386 1910 nostris.
3426 1877 3444 1909 ι
3485 1855 3608 1912 llaec

321 1943 503 2006 λέταις
530 1943 716 2011 ἡμῶν.
757 1962 774 1994 ι
808 1943 980 1997 Τοῦτο
1008 1945 1040 2014 ἠ
1074 1943 1170 1996 τοῦ
1201 1943 1348 1996 θείου
1381 1941 1716 2008 Εὑαγγελίου
1760 1944 1914 1995 πᾶσα

321 2037 523 2103 γνῶσις
559 2036 652 2088 καὶ
699 2035 954 2104 δύναμις.
1002 2037 1100 2088 Διά
1153 2039 1260 2106 γὰρ
1297 2035 1357 2088 τδ
1392 2036 1615 2102 ἀφιέναι
1654 2035 1755 2097 τὰς
1791 2035 1912 2086 ἀνο-

321 2129 446 2198 μίας
483 2108 660 2200 ἡμῶν
684 2128 777 2182 καὶ
813 2129 1091 2199 ἁμαρτίας
1124 2129 1153 2182 ό
1184 2128 1278 2182 τοῦ
1315 2127 1452 2181 Θεοῦ
1495 2129 1666 2200 Λόγος
1711 2131 1790 2191 εἰς
1821 2127 1914 2179 τὸν

320 2227 529 2294 κόσμον
565 2223 812 2293 ἐλήλυθε,
837 2223 931 2276 καὶ
971 2221 1298 2293 σαρκωθεὶς,
1339 2222 1520 2275 πάντα
1560 2219 1787 2292 ἔπραξε,
1817 2222 1911 2273 καὶ

319 2316 473 2378 τέλος
507 2316 570 2368 τὺ
604 2309 744 2384 αἷμα
788 2314 1010 2385 ἐξέχεε*
1049 2314 1143 2368 καὶ
1183 2314 1271 2367 διὰ
1321 2313 1481 2368 τοῦτο
1524 2315 1595 2366 τά
1631 2316 1912 2384 μυστήρια

233 2419 236 2422 ’
318 2407 552 2461 δέδωκεν
578 2406 654 2468 είς
689 2406 886 2476 ἄφεσιν
914 2405 1204 2476 ἁμαρτιῶν
1229 2421 1246 2438 ο
1278 2408 1370 2458 καὶ
1395 2406 1554 2459 τοῦτο
1579 2404 1783 2469 ἐδίδαξε
1815 2406 1910 2457 καὶ

323 2499 776 2569 νενομοθέτηκεν.
819 2515 838 2550 ι
902 2499 1031 2553 Ἐὰν
1082 2500 1279 2568 ἀφῆτε,
1327 2500 1423 2554 καὶ
1474 2499 1841 2569 ἀφεθήσεσθε,
1887 2521 1902 2550 ι

322 2594 476 2663 φησί.
503 2593 613 2646 Καὶ
637 2592 715 2662 τῷ
748 2593 940 2662 Πέτρῳ
967 2594 1196 2654 ποσάκις
1221 2592 1582 2663 ἐρωτήσει-ηε,
1623 2613 1641 2644 ι
1683 2594 1908 2662 Ἀφήσω

316 2686 398 2754 τῷ
462 2686 850 2756 ἁμαρτήσαντι
880 2685 981 2751 τῆς
1005 2685 1240 2754 ἡμέρας,
1278 2705 1296 2738 ι
1330 2685 1477 2748 Ἕως
1509 2686 1909 2757 ἑϐδομηκοντά-

316 2795 429 2841 κις,
458 2777 659 2847 ἔφησεν
687 2777 860 2830 ἑπτά·
899 2777 1020 2830 ἀντὶ
1065 2777 1158 2829 τοῦ
1197 2776 1528 2841 ἀπαύστως·
1571 2782 1666 2831 καὶ
1709 2780 1908 2848 κριτὴν

315 2872 410 2924 τὸν
462 2871 905 2939 προσευχόμενον
963 2868 1226 2939 καθιστᾷ·
1291 2869 1364 2931 ὡς
1428 2871 1478 2921 εί
1533 2867 1905 2937 καταλλαγείη

315 2963 820 3029 καταλλαγήσεται.
858 2962 970 3014 Καὶ
1000 2963 1047 3014 εἰ
1080 2960 1320 3028 ἀφῆκεν,
1358 2961 1696 3030 ἀφεθήσεται
1732 2961 1902 3031 αὐτῷ·

311 3058 413 3110 καὶ
446 3056 519 3118 ὼς
547 3041 758 3122 ἀφῆκέν
790 3053 1150 3122 ἀφεθήσεται.
1192 3053 1301 3104 Καὶ
1329 3053 1395 3106 τὰ
1433 3055 1512 3117 είς
1539 3054 1634 3107 τὸν
1676 3053 1904 3123 ἀδελφὸν

2017 1945 2099 1990 est
2132 1935 2303 1990 divini
2353 1937 2629 2008 Evangelii
2661 1941 2906 1995 doctrina
2956 1953 3118 2009 atque
3160 1947 3426 2014 putentia.
3470 1946 3604 2000 Nam

2018 2035 2076 2079 ιιι
2129 2028 2480 2083 dimittantur
2524 2031 2722 2085 delicta
2768 2040 2822 2085 et
2866 2047 3090 2102 peccata
3131 2046 3315 2091 nostra
3365 2037 3600 2092 Verbum

2016 2119 2109 2174 Dei
2143 2121 2196 2175 in
2226 2122 2371 2176 hunc
2400 2124 2668 2178 mundum
2702 2125 2848 2179 venit
2879 2165 2893 2190 ,
2927 2135 2980 2180 et
3024 2128 3370 2183 incarnatum
3417 2131 3600 2185 omnia

2014 2211 2182 2277 fecit,
2221 2230 2286 2286 at;
2324 2215 2560 2285 denique
2596 2219 2919 2287 sanguinem
2942 2219 3148 2274 .eﬂ‘udit
3173 2263 3188 2284 ,
3228 2230 3282 2275 et
3319 2231 3606 2293 propterea

2017 2307 2273 2377 mysteria
2317 2307 2467 2362 dedit
2501 2311 2552 2362 in
2599 2309 2983 2365 remissionem
3011 2322 3381 2381 peccatorum
3409 2357 3422 2379 ,
3460 2317 3604 2385 quod

2014 2399 2201 2452 docuit
2231 2413 2296 2452 ac
2329 2400 2612 2454 mandavit
2637 2401 2829 2457 dicens
2864 2421 2877 2456 :
2911 2403 2965 2457 Si
2998 2405 3345 2466 dimiseritis.
3369 2407 3606 2461 dimitte-

2014 2498 2103 2544 tur
2133 2491 2309 2556 vobis,
2339 2502 2392 2545 et
2424 2491 2588 2547 Petro
2615 2495 2916 2549 sciscitanti
2950 2497 3171 2564 quoties
3200 2497 3498 2553 oﬂ‘endenti
3527 2501 3608 2554 di-

2013 2582 2222 2637 mittam
2256 2584 2308 2638 in
2339 2586 2446 2648 die,
2482 2583 2665 2652 Usque
2715 2587 2780 2640 ad
2810 2588 3124 2658 Septuagies
3155 2590 3377 2658 septies,
3405 2594 3604 2660 inquit,

2010 2676 2062 2732 id
2096 2688 2179 2732 est
2208 2695 2423 2748 semper
2447 2721 2460 2743 ,
2489 2689 2540 2734 et
2577 2690 2916 2747 precatorem
2951 2685 3242 2739 constituit
3270 2687 3512 2756 judicent
3547 2700 3606 2743 ut

2011 2771 2052 2824 si
2087 2771 2376 2840 ignoverit,
2408 2774 2513 2842 ipsi
2546 2790 2767 2843 quoque
2792 2777 3135 2846 ignoscatur,
3159 2791 3212 2836 et
3238 2783 3282 2838 si
3312 2783 3606 2848 dimiserit,

2010 2863 2111 2932 ipsi
2145 2865 2308 2916 etiam
2345 2865 2682 2928 dimittatur,
2716 2875 2769 2920 et
2797 2868 2937 2921 sicut
2969 2869 3274 2930 dimiserit.
3319 2874 3391 2928 ita
3425 2885 3477 2928 et
3519 2875 3605 2929 di-

2011 2957 2257 3008 mittatur
2288 2957 2376 3020 ei;
2429 2968 2482 3010 et
2527 2959 2693 3012 simul
2736 2959 3068 3017 oﬂ'ensiones
3102 2979 3229 3032 erga
3260 2965 3500 3026 fratrem
3544 2984 3607 3022 ac

2009 3048 2318 3102 Creatorem
2361 3049 2615 3114 adducit,
2647 3053 2789 3120 quod
2840 3053 3014 3107 voluit
3069 3053 3373 3126 Dominus;
3415 3074 3605 3116 omnes

317 3149 415 3202 καὶ
453 3149 531 3209 εἰς
563 3147 655 3200 τὸν
687 3147 1028 3215 πεποιηκότα
1062 3147 1350 3214 ἀνάγεται,
1381 3147 1546 3200 τοῦτο
1570 3145 1902 3216 θελήσαντος

2007 3143 2152 3196 enim
2187 3159 2378 3198 sumus
2408 3154 2604 3196 natura
2639 3161 2830 3213 pares,
2863 3149 3123 3218 servique
3157 3166 3378 3216 omnes,
3413 3169 3606 3208 omnes

314 3239 414 3294 τοῦ
463 3242 762 3292 Δεσπότου.
812 3238 1021 3301 Πάντες
1066 3238 1174 3307 γὰρ
1209 3237 1313 3290 ἴσοι
1343 3241 1409 3308 τῇ
1445 3239 1604 3308 φύσει
1635 3238 1729 3290 καὶ
1763 3238 1900 3306 ὁμοῦ

313 3333 496 3388 δοῦλοι
527 3333 731 3394 πάντες
770 3373 784 3394 ,
814 3331 906 3384 καὶ
938 3331 1140 3394 πάντες
1173 3331 1534 3401 σφαλλόμενοι
1566 3371 1580 3397 ,
1617 3333 1709 3385 καὶ
1743 3331 1900 3398 ὀλίγα

313 3427 597 3495 ἀφιέντες,
627 3425 854 3479 πλεῖστα
883 3424 1279 3495 λαμϐάνοντες,
1306 3427 1399 3477 καὶ
1430 3425 1743 3493 ἀνθρώποις
1771 3441 1900 3490 συγ-

313 3520 566 3591 χώρησιν
613 3519 911 3589 νέμοντες,
964 3520 1028 3571 ὲκ
1061 3517 1198 3571 Θεοῦ
1229 3517 1691 3586 συγχωρούμενοι.
1735 3535 1753 3567 ι
1793 3515 1901 3568 Καὶ

317 3612 398 3681 μὴ
440 3610 760 3679 εἰσενέγκῃς
810 3609 957 3678 ἡμᾶς
989 3608 1068 3670 είς
1098 3607 1426 3675 πειρασμόν.
1465 3626 1482 3658 ι
1527 3608 1650 3660 Ὅτι
1685 3608 1732 3658 οἱ
1762 3609 1900 3674 ἐπη-

314 3692 548 3772 ρεασταὶ
582 3702 852 3762 πλεῖστοι,
887 3699 979 3753 καὶ
1019 3700 1220 3772 φθόνου
1265 3699 1517 3769 πλήρεις,
1551 3698 1644 3750 καὶ
1675 3698 1761 3749 ἀεὶ
1809 3701 1901 3767 έχ-

316 3797 464 3866 θροὶ,
497 3796 592 3848 καὶ
623 3795 812 3848 πολλοὶ
840 3795 888 3846 οἱ
919 3791 1248 3862 πειρασμοὶ,
1282 3793 1344 3843 ἐκ
1387 3790 1681 3859 δαιμόνων,
1721 3789 1778 3855 ἐξ
1807 3790 1901 3841 ἀν-

317 3889 576 3960 θρώπων,
610 3889 673 3940 ἐκ
705 3885 982 3955 σώματος,
1015 3885 1073 3950 ἐξ
1101 3885 1434 3955 ἀπροσεξίας
1467 3882 1646 3953 ψυχῆς
1667 3900 1680 3913 ·
1719 3887 1809 3936 καὶ
1841 3885 1899 3938 ἐν

311 3984 486 4036 πᾶσιν
525 3973 672 4034 οὗτοι
700 3978 1132 4048 ἀγωνιζομένοις
1176 3995 1234 4030 τε
1269 3977 1363 4030 καὶ
1397 3975 1685 4046 ῥᾳθύμοις,
1720 3977 1770 4028 εἰ
1805 3978 1900 4029 καὶ

312 4074 577 4143 ἔμμισθοι
633 4073 836 4143 μᾶλλον
864 4071 914 4124 οἱ
957 4071 1066 4124 τῶν
1099 4069 1323 4123 δικαίων
1356 4069 1491 4139 πρὸς
1524 4069 1754 4137 δοκιμὴν
1803 4069 1898 4122 καὶ

309 4167 578 4220 ἀνάϐασιν
602 4182 615 4196 ³
653 4154 745 4219 καὶ
767 4164 916 4217 οὗτοι
951 4163 1152 4233 μᾶλλον
1186 4163 1467 4231 ὑπομονῆς
1509 4161 1698 4231 χρείαν
1746 4162 1898 4230 ἕλον,-

309 4276 405 4322 τες
427 4275 441 4290 ⁸
478 4260 560 4313 ὅτι
585 4259 700 4322 καὶ,
740 4276 757 4308 ι
788 4257 871 4328 Τὸ,
897 4255 995 4326 μὲν
1026 4255 1244 4324 πνεῦμα
1277 4253 1582 4324 πρόθυμον,
1613 4257 1645 4324 ἡ
1674 4255 1729 4308 δὲ
1763 4253 1899 4325 σάρξ

309 4352 567 4420 ἀσθενής.
605 4369 624 4402 ι
672 4349 835 4402 Ἀλλά
864 4349 959 4402 καὶ
985 4348 1166 4416 ἕτεροι
1202 4349 1523 4416 πειρασμοὶ,
1562 4348 1612 4398 εί
1649 4347 1898 4416 περιίδης

309 4445 408 4496 τὸν
433 4441 680 4510 ἀδελφὺν,
705 4441 754 4494 εί
790 4438 1144 4510 ἐπηρεάσεις,
1172 4441 1220 4491 εί
1252 4437 1484 4507 θλίψεις,
1519 4438 1610 4492 καὶ
1640 4438 1698 4491 τὸ
1730 4456 1898 4492 κατα-

2011 3251 2284 3299 erramus,
2311 3246 2364 3290 et
2395 3251 2567 3304 pauca
2598 3239 2938 3294 dimittentes
2970 3256 3033 3294 ac
3063 3243 3215 3312 plura
3243 3246 3604 3314 accipientes.

2011 3326 2335 3404 hominibus.
2367 3329 2709 3397 ignoscentes
2746 3343 2799 3387 et
2828 3349 2855 3386 a
2893 3333 3003 3390 Deo
3042 3337 3439 3408 indulgentiam
3469 3357 3606 3396 cou-

2009 3433 2322 3490 sequentes.
2362 3439 2381 3474 ι
2430 3422 2496 3497 Ει
2545 3441 2611 3478 ne
2644 3441 2744 3482 nos
2779 3429 3009 3485 inducas
3040 3431 3092 3485 in
3137 3433 3494 3488 lentationem
3521 3477 3535 3499 ,
3582 3454 3600 3487 ι

2010 3514 2272 3583 quoniam
2333 3530 2689 3584 aggressores
2753 3520 2906 3574 multi
2977 3531 3106 3576 sunt
3177 3525 3320 3594 pleni
3384 3528 3605 3583 invidia:

2009 3619 2335 3675 semperque
2371 3607 2622 3672 inimici,
2666 3620 2717 3664 et
2748 3614 3084 3670 tentationes
3119 3617 3303 3670 multa:
3335 3634 3364 3670 e
3397 3619 3600 3672 daemo-

2009 3699 2193 3765 nibus,
2228 3713 2293 3753 ex
2322 3681 2667 3767 Ibominibus,
2705 3717 2734 3758 e
2767 3719 3019 3773 corpore,
3054 3716 3108 3761 et
3138 3723 3199 3761 ex
3231 3709 3597 3779 imprudentia

2009 3791 2230 3856 animm,
2263 3806 2385 3858 qua:
2415 3793 2673 3849 omnibus
2703 3796 2964 3850 accidunt
2999 3807 3106 3852 tam
3143 3799 3361 3856 fortiter
3386 3815 3605 3858 certan-

2011 3882 2158 3937 tibus
2203 3898 2368 3952 quam
2420 3883 2668 3954 ignavis,
2718 3887 2823 3942 nisi
2870 3892 3015 3957 quod
3053 3891 3190 3960 justi
3237 3895 3420 3961 potius
3457 3913 3604 3952 mer-

1986 3973 2200 4028 cedem
2250 3973 2523 4044 accipient
2577 3976 2646 4031 ob
2694 3987 3010 4046 superatam
3069 3982 3492 4054 probationem,
3546 3989 3600 4043 lii

2008 4081 2138 4121 vero
2170 4069 2342 4137 magis
2374 4067 2623 4139 indigent
2654 4072 2958 4125 constantia
2993 4076 3250 4140 quoniam
3300 4096 3318 4129 ι
3367 4080 3599 4148 spiritus

2007 4169 2292 4228 promptus
2319 4169 2402 4214 est
2425 4199 2442 4224 ,
2475 4175 2605 4214 caro
2633 4171 2816 4215 autem
2851 4161 3091 4219 inﬁrma.
3130 4184 3148 4217 ι
3203 4167 3431 4237 insuper
3470 4184 3599 4225 sunt

2007 4252 2126 4306 alia:
2164 4255 2530 4319 tentationes,
2582 4270 2780 4324 nempe
2829 4256 2873 4309 si
2928 4255 3150 4313 fratrem
3195 4259 3508 4330 despicias,
3551 4267 3596 4318 si

2007 4344 2366 4413 aggrediaris,
2417 4345 2464 4398 si
2512 4355 2792 4412 conteras,
2842 4345 2887 4400 si
2927 4346 3112 4401 divina
3162 4359 3488 4407 contemnas
3543 4364 3599 4408 et

1985 4435 2273 4506 negligas.
2307 4435 2436 4490 Ideo
2487 4451 2831 4506 quaecunque
2866 4436 3201 4496 olIendimus
3239 4441 3291 4494 in
3335 4441 3504 4496 Deum
3543 4456 3599 4498 et

310 4535 580 4607 φρονῆσαι
607 4533 718 4600 τῶν
752 4531 913 4584 θείων
949 4533 1043 4582 καὶ
1086 4529 1387 4598 ἀμελῆσαι.
1437 4530 1530 4582 Διὸ
1574 4529 1678 4582 κᾶν
1720 4531 1895 4584 ὁπόσα

2007 4527 2224 4583 fratrem
2258 4567 2272 4592 ,
2324 4528 2528 4582 dimitti
2563 4531 2846 4598 poscimus
2894 4547 2956 4585 ex
3006 4549 3070 4585 eo
3118 4537 3260 4602 quod
3309 4553 3408 4592 nos
3447 4539 3599 4609 igne-

309 4627 601 4696 πταίωμεν
633 4625 712 4687 εἰς
741 4623 872 4676 Θεὸν
905 4625 1000 4676 καὶ
1040 4622 1132 4674 τὸν
1169 4621 1422 4690 ἀδελφὸν,
1463 4621 1756 4692 ἐλεηθῆναι
1797 4622 1896 4698 ζηέ

307 4719 537 4788 τοῦμεν,
562 4717 626 4768 ὲκ
645 4715 738 4768 τοῦ
766 4713 984 4782 ἐλεῆσαι
1011 4712 1106 4765 καὶ
1137 4712 1380 4780 ἀφιέναι*
1411 4713 1504 4766 καὶ
1530 4713 1604 4782 μὴ
1630 4713 1897 4766 εἰσελθεῖν

311 4811 396 4872 εἰς
449 4807 780 4878 πειρασμόν.
814 4807 875 4858 Εἰ
921 4805 978 4856 δὲ
1023 4804 1116 4856 καὶ
1151 4803 1358 4866 δίκαιός
1395 4820 1476 4864 τις
1508 4805 1569 4856 οὑ
1610 4805 1714 4874 χρὴ
1761 4804 1897 4877 0αρ-

312 4900 431 4969 ρεἰν
465 4895 667 4966 ἑαυτῷ,
702 4896 784 4947 ὅτι
819 4895 916 4949 καὶ
945 4895 1009 4946 ὲκ
1037 4891 1132 4945 τοῦ
1163 4892 1555 4946 ταπεινοῦσθαι
1598 4897 1690 4946 καὶ
1725 4897 1896 4947 ἐλεεῖν

313 4991 413 5044 καὶ
437 4992 658 5059 ἀφιέναι
691 4987 846 5040 ἔσται
876 4987 936 5039 τὸ
969 4986 1178 5039 δίκαιον
1217 4981 1378 5039 εἶναι.
1442 5005 1460 5036 ι
1533 4987 1693 5038 Ἀ).ὶά
1730 4986 1896 5056 ρὖαι

309 5083 466 5151 ἡμᾶς
497 5081 606 5134 ἀπὸ
635 5079 730 5132 τοῦ
767 5077 1033 5148 πονηροῦ.
1087 5095 1106 5128 ι
1159 5077 1284 5129 Ὅτι
1317 5077 1411 5129 καὶ
1446 5077 1535 5140 σὸς
1577 5079 1770 5148 ἐχθρὸς
1805 5081 1896 5132 καὶ

311 5169 494 5240 ήμῶν,
529 5168 626 5221 καὶ
654 5168 918 5230 ἄσπονδος
943 5168 1037 5219 καὶ
1066 5168 1372 5236 ἀκάματος,
1402 5169 1494 5220 καὶ
1526 5169 1693 5240 μανίᾳ
1729 5172 1895 5240 φῑρό-

314 5280 478 5333 μενος
502 5277 516 5292 ·
550 5261 644 5313 καὶ
675 5261 919 5323 ἀσθενεῖς
951 5261 1111 5328 ἡμεῖς
1140 5261 1279 5329 πρὸς
1313 5260 1500 5324 αὑτὸν,
1532 5260 1613 5312 ὅτι
1641 5260 1896 5316 λεπτοτέ-

312 5370 416 5424 ρας
451 5352 545 5404 καὶ
574 5349 861 5420 ἀγρύπνου
899 5347 1056 5412 οὗτος
1089 5351 1186 5420 τῆς
1223 5352 1460 5419 φύσεως,
1498 5352 1593 5403 καὶ
1636 5357 1892 5425 πονηρὸς,

312 5444 486 5515 μυρία
519 5441 864 5511 Aesopiawa
891 5443 985 5494 καὶ
1014 5441 1254 5503 πλέκων,
1291 5443 1383 5493 καὶ
1406 5441 1557 5494 δεινὰ
1589 5443 1708 5494 καθ’
1737 5445 1893 5516 ἡμῶν

307 5540 398 5592 ἀεὶ
431 5534 852 5607 μηχανώμενος.
897 5535 1008 5587 Καὶ
1043 5536 1091 5586 εί
1128 5535 1202 5604 μὴ
1239 5535 1300 5586 σὺ
1336 5532 1673 5604 ἐξαρπάσεις
1695 5539 1724 5590 ὁ
1757 5540 1891 5592 πάνυ

303 5643 436 5689 των,
469 5626 566 5678 καὶ
596 5623 762 5677 αὑτοῦ
796 5624 889 5676 τοῦ
941 5623 1182 5692 πονηροῦ
1234 5624 1483 5677 διαϐόλου
1520 5629 1614 5678 καὶ
1649 5629 1756 5680 τῶν
1796 5633 1894 5684 σὺν

305 5718 455 5788 αὐτῷ
487 5720 817 5786 δημιουργὸς
839 5719 932 5772 καὶ
959 5719 1258 5788 Δεσπότης,
1284 5718 1357 5777 ὡς
1383 5720 1476 5770 καὶ
1503 5719 1610 5771 τῶν
1644 5722 1892 5788 ἀγγέλων

305 5813 398 5864 καὶ
432 5811 613 5881 ήμῶν,
647 5811 727 5874 τίς
757 5810 1057 5882 ἐξισχύσειε
1088 5811 1395 5880 (iniusta;
1429 5811 1488 5864 οὐ
1520 5813 1626 5884 γὰρ
1658 5814 1889 5886 δύναμις

2001 4620 2208 4674 scimus
2252 4635 2316 4673 ac
2365 4619 2738 4686 dimittimus,
2792 4632 2847 4675 et
2900 4639 3008 4677 non
3059 4625 3268 4679 intrare
3318 4626 3373 4680 in
3425 4638 3599 4683 lenta-

2001 4711 2231 4764 tionem.
2260 4708 2462 4765 Verum
2493 4711 2538 4765 si
2566 4713 2689 4782 quis
2713 4714 2892 4783 justus
2923 4713 3109 4780 fuerit,
3142 4733 3245 4768 non
3273 4717 3433 4772 debet
3462 4720 3598 4774 sibi-

2004 4805 2226 4874 metipsi
2264 4806 2565 4866 conlidere,
2596 4809 2852 4876 quoniam
2881 4807 3066 4875 justus
3097 4825 3204 4861 non
3239 4820 3320 4864 est
3359 4813 3463 4866 nisi
3500 4814 3592 4881 qui

1999 4911 2060 4950 se
2107 4897 2396 4963 liumiliat,
2436 4899 2527 4967 qui
2567 4899 2999 4952 misericordiam
3042 4899 3175 4954 facit
3231 4915 3296 4955 ac
3344 4905 3586 4958 dimittit.

2003 5007 2023 5040 ι
2061 4988 2164 5044 Sed
2197 4992 2362 5045 libera
2393 4991 2492 5049 nos
2520 5006 2550 5044 a
2584 4991 2750 5053 malo,
2786 5010 2804 5042 ι
2837 4995 3096 5060 quoniam
3132 5002 3256 5048 tuus
3305 5011 3370 5050 ac
3404 5011 3593 5051 nos:er

1997 5095 2079 5136 εει.
2114 5082 2371 5137 inimicus
2413 5083 2842 5146 infcnsissimus,
2870 5083 3247 5152 infatigabilis,
3282 5087 3466 5144 l‘urore
3504 5106 3590 5145 ac-

1998 5189 2221 5239 census,
2254 5191 2352 5228 nos
2383 5184 2564 5228 autem
2599 5192 2707 5245 prae
2741 5177 2832 5228 illo
2865 5176 3092 5240 intirmi,
3125 5180 3386 5247 quoniam
3421 5182 3592 5238 subti-

2001 5268 2153 5321 lioris
2201 5283 2264 5320 ae
2307 5267 2489 5336 yigilis
2531 5279 2610 5321 est
2657 5275 2904 5334 naturae,
2957 5284 3168 5324 neeum:
3212 5273 3301 5328 ille
3343 5285 3425 5328 est
3469 5291 3588 5344 per-

1999 5375 2189 5414 versus
2239 5370 2497 5414 sexcenta
2553 5360 2786 5414 moliens
2849 5372 3224 5438 et’struens,
3277 5365 3590 5438 damnaque

1998 5451 2286 5505 adversum
2322 5467 2424 5506 nos
2455 5467 2669 5520 semper
2699 5455 3049 5524 inacliinans,
3101 5474 3128 5513 a
3160 5476 3268 5527 quo
3303 5461 3348 5515 si
3391 5470 3588 5516 lu‘nus

1999 5559 2104 5598 non
2131 5545 2340 5598 erueris
2368 5545 2460 5613 qui
2487 5546 2730 5599 euntium
2761 5563 2822 5600 es
2845 5558 2897 5602 et
2926 5550 3099 5617 ipsius
3126 5553 3326 5607 diaboli
3356 5571 3584 5623 nequam

1998 5639 2230 5707 ejusque
2269 5638 2618 5692 consciorum
2671 5651 2888 5695 creator
2935 5652 2990 5697 et
3029 5642 3318 5712 Dominus,
3354 5648 3496 5703 sicut
3535 5658 3586 5702 et

1998 5730 2314 5800 angelorum
2361 5746 2425 5785 ac
2472 5732 2778 5797 hominum,
2807 5733 2930 5802 quis
2967 5751 3068 5790 nos
3119 5753 3309 5791 eruere
3345 5739 3586 5808 poterit?

1999 5819 2117 5875 Non
2161 5822 2304 5877 enim
2341 5822 2628 5880 colluctari
2666 5840 2957 5894 possumus
2986 5837 3177 5885 contra
3208 5827 3584 5888 adversarium

3631 3974 3654 4004 I
