4046 6476
479 273 582 337 587

1334 268 1717 333 SYMEONIS
1778 242 2536 330 TllESSALOXlCdN'SlS
2581 256 2936 328 maxime.

3630 262 3743 336 Υ)δέ

476 406 591 447 una
621 388 839 460 quidem
886 395 969 446 cst
1011 386 1353 458 simplexque
1390 385 1486 444 Dei
1532 386 1724 443 vivens
1753 386 2051 457 sapientia,
2081 407 2094 446 λ

2181 387 2304 455 ιπλῆ
2345 387 2376 457 ἡ
2405 383 2499 438 τοῦ
2524 384 2657 438 Θεοῦ
2689 385 2839 447 ζῶσα
2872 385 3056 453 σοφίαν
3091 385 3150 437 έν
3184 386 3323 456 αὖτῇ
3353 386 3406 439 δὲ
3440 387 3487 439 οἱ
3530 378 3745 455 Onam)"

480 487 574 541 sed
637 485 692 539 in
751 484 869 555 ipsa
924 490 1053 538 sunt
1101 497 1293 538 omnes
1336 481 1585 537 thesauri
1638 479 1927 552 sapientiae
1999 489 2060 532 et

480 577 744 633 scientiae.
776 578 846 629 At
873 584 994 646 post
1026 575 1404 630 continentem
1428 575 1891 644 deprecationem,
1924 572 2063 627 fiunt

468 668 774 741 petitiones
810 683 874 723 ac
926 668 1130 739 capitis
1198 667 1507 731 inclinatio,
1563 667 1824 721 omnibus
1876 664 2061 732 capita

464 754 876 815 inclinantibus
934 768 988 814 et
1046 775 1171 813 cum
1250 759 1472 815 silentio
1540 759 1835 822 stantibus,
1917 756 2061 825 quod

469 852 674 907 eximie
719 851 964 908 debitam
1017 852 1085 908 ad
1141 851 1312 907 Deum
1342 852 1599 921 pietatem
1650 862 1706 906 et
1735 850 2062 906 servitutem

480 934 837 998 manifestat:
907 944 1181 1000 Sacerdos
1242 943 1410 1014 igitur
1469 959 1500 997 a
1560 941 1679 997 solo
1755 949 2062 1010 sanctoque

480 1034 715 1091 Domino
770 1036 864 1105 qui
926 1036 980 1090 in
1016 1036 1170 1091 caelis
1201 1036 1422 1105 quidem
1475 1050 1573 1105 per
1623 1034 1852 1104 gloriam
1903 1048 2061 1089 suam

481 1128 769 1194 inhabitat,
828 1138 1026 1183 cuncta
1084 1136 1268 1182 autem
1327 1129 1613 1197 prospicit.
1675 1126 1763 1183 cui
1823 1126 2064 1180 animam

484 1236 612 1276 cum
660 1235 890 1289 corpore
941 1220 1296 1285 inclinamus,
1333 1218 1774 1275 benedictionem
1816 1218 2061 1274 divinam

482 1323 536 1368 et
564 1323 912 1383 peccatorum
940 1313 1142 1383 quibus
1173 1313 1430 1368 voluntas
1458 1314 1745 1369 consensit
1784 1313 1868 1368 vel
1894 1312 2065 1368 etiam

481 1414 535 1459 et
566 1419 595 1457 a
621 1405 823 1474 quibus
854 1403 1031 1458 abfuit
1052 1403 1573 1467 \'eniam,i)onorum
1594 1411 1700 1457 tam
1719 1417 1912 1457 eorum
1945 1416 2068 1471 qua:

483 1497 538 1551 in
582 1496 787 1551 mundo
834 1513 1156 1566 quamquae
1208 1510 1383 1565 super.
1413 1495 1677 1549 mundum
1721 1504 1852 1550 sunt
1904 1493 2068 1563 largi-

483 1590 691 1644 tionem
724 1590 1075 1658 deprecatus,
1101 1588 1357 1655 exsurgit
1389 1587 1536 1641 velut
1585 1602 1615 1640 a
1662 1584 1771 1640 Deo
1801 1586 2068 1641 corrobo-

484 1691 657 1747 ratus,
690 1690 744 1736 et
767 1693 990 1736 erectus
1020 1695 1146 1735 cum
1170 1679 1370 1750 populo
1398 1678 1603 1750 gratias
1634 1693 1799 1749 agens
1829 1678 2028 1734 clamat
2054 1695 2066 1732 :

2170 480 2253 548 poi.
2285 477 2389 548 τῆς
2418 477 2614 547 σοφίας
2644 477 2751 530 είσὶ
2786 477 2885 530 καὶ
2928 477 3030 545 τῆς
3057 475 3336 544 γνώσεως.
3370 479 3525 532 Μετὰ
3560 480 3615 533 δὲ
3651 485 3747 549 τὴν

2166 572 2359 639 ἐκτενῆ
2392 569 2578 639 δέησιν
2601 570 2657 623 αί
2684 569 2953 638 αἰτήσεις,
2997 569 3093 623 καὶ
3119 570 3152 636 ή
3180 570 3279 639 τῆς
3305 570 3748 637 κεφαλοκλισίας,

2167 665 2462 719 κλινόντων
2506 665 2726 719 πάντων
2783 665 2881 725 τὰς
2944 665 3210 734 κεφαλὰς,
3247 666 3342 719 καί
3392 667 3535 733 μετὰ
3588 672 3748 734 σιγῆς

2170 759 2482 829 ἱσταμένων
2502 774 2518 790 ο
2549 757 2579 810 δ
2607 756 2671 828 δὴ
2698 758 2798 826 τὴν
2833 757 2957 811 καθ’
2989 756 3301 829 ὑπερϐολὴν
3329 761 3588 828 σημαίνει
3619 761 3753 828 πρὸς

2167 850 2260 903 τὸν
2295 850 2430 904 Θεὸν
2473 849 2840 919 ὀφειλομένην
2903 849 3218 917 εὐλάϐειαν,
3250 853 3345 904 καὶ
3394 850 3494 920 τὴν
3525 850 3754 915 ἔνδειξιν

2168 945 2267 1013 τῆς
2299 942 2569 1003 δουλείας.
2602 942 2982 1010 Αἰτησάμενος
3002 940 3094 995 οὖν
3124 943 3276 1010 παρὰ
3307 941 3401 994 τοῦ
3432 942 3592 1012 μόνου
3632 945 3750 996 Κυ-

2171 1035 2290 1104 ρίου
2335 1036 2429 1087 καὶ
2466 1034 2623 1102 ἁγίου
2657 1036 2684 1087 ὁ
2718 1034 2923 1105 ἱερεὺς,
2958 1034 3053 1088 τοῦ
3081 1036 3140 1087 έν
3171 1035 3397 1105 ὑψηλοῖς
3433 1036 3533 1102 μὲν
3573 1054 3757 1089 κατοι-

2165 1127 2393 1184 κοῦντος
2426 1127 2526 1196 τῆς
2570 1126 2738 1180 αὐτοῦ
2788 1127 2973 1196 δόξης,
3009 1127 3190 1181 πάντα
3223 1126 3280 1180 δὲ
3331 1129 3664 1197 ἐφορῶντος,
3708 1121 3753 1194 ᾧ

2170 1220 2265 1272 καὶ
2289 1219 2386 1279 τὰς
2407 1217 2583 1287 ψυχὰς
2616 1220 2713 1271 σὺν
2745 1221 2857 1281 τοῖς
2890 1218 3141 1288 σώμασιν
3169 1218 3573 1289 ὐπεκλίναμεν,
3600 1221 3757 1271 εὐλοι-

2169 1313 2298 1380 γίαν
2351 1311 2504 1365 θείαν
2551 1313 2646 1364 κοιλ⁵
2694 1312 2793 1380 τὴν
2847 1308 2991 1365 τῶν-
3020 1313 3288 1366 ἑκουσίων
3338 1315 3432 1365 καὶ
3485 1314 3759 1367 ἀκουσίων

2170 1404 2591 1475 ἁμαρτημάτων
2628 1404 3005 1474 συγχώρησιν,
3038 1405 3132 1458 καὶ
3175 1405 3274 1475 τὴν
3308 1406 3417 1458 τῶν
3444 1409 3757 1474 ἑγκοσμέων
3788 1472 3796 1483 ⁸

2172 1492 2394 1562 ἀγαθῶν
2433 1495 2530 1548 καὶ
2562 1494 2673 1547 τῶν
2710 1494 3104 1564 ὐπερκοσμίων
3131 1496 3424 1566 χορηγίαν,
3464 1496 3757 1562 ἐξανίστα-

2172 1601 2261 1637 ται
2289 1585 2362 1646 ὡς
2395 1584 2705 1655 ὲνισχυθεὶς
2735 1586 2887 1655 παρὰ
2938 1585 3099 1651 Θεοῦ,
3130 1586 3224 1640 καὶ
3257 1587 3578 1655 άνεγερθεὶς
3617 1587 3758 1654 μετά

2172 1675 2266 1728 τοῦ
2315 1674 2444 1728 λαοῦ
2475 1678 2571 1730 καὶ
2619 1675 2962 1747 εὐχαριστῶν
2998 1678 3255 1746 ἐκφωνεῖ,
3297 1697 3314 1729 ι
3354 1678 3453 1731 Σὸν
3484 1679 3592 1748 γάρ
3639 1681 3759 1731 ἐστι
3821 1712 3825 1716 ›

490 1792 509 1824 ι
536 1770 713 1826 Tuum
745 1780 832 1827 est
860 1771 1008 1825 enim
1038 1770 1286 1825 misereri
1317 1779 1373 1824 et
1397 1782 1647 1837 parcere.
1685 1785 1703 1821 ι
1741 1766 1899 1829 Tunc
1944 1766 2068 1822 facit

2181 1767 2237 1820 τὸ
2278 1767 2451 1822 ἐλεεῖν
2483 1770 2580 1821 καὶ
2636 1769 2854 1832 σώζειν.
2902 1790 2921 1823 ι
2960 1771 3070 1824 Καὶ
3101 1771 3222 1825 τότε
3272 1775 3508 1825 ποιεῖται
3565 1774 3632 1825 τὰ
3658 1774 3761 1839 τῆς

484 1856 825 1919 dimissionis
875 1864 1066 1917 ritum.
1128 1860 1194 1917 Et
1223 1860 1422 1913 iterum
1475 1860 1715 1913 clan‘tat:
1770 1858 2066 1928 Sapientia,

487 1965 712 2027 propter
729 1956 971 2011 additam
1013 1955 1345 2016 orationem,
1377 1963 1433 2006 ut
1467 1952 1787 2009 audiamus.
1827 1953 1933 2009 Sed
1951 1969 2074 2023 qua;

486 2059 569 2103 est
600 2048 745 2105 ista?
809 2066 828 2100 ι
859 2047 963 2115 Qui
994 2063 1054 2102 es
1093 2047 1416 2102 benedictus
1466 2044 1609 2100 Deus
1660 2056 1849 2100 noster
1882 2046 1937 2099 in
1974 2062 2075 2102 sat-

486 2139 631 2207 cula,
667 2159 686 2193 ›
730 2140 874 2210 quod
909 2155 978 2196 ex
1003 2139 1145 2194 libro
1175 2137 1370 2209 Moysis
1412 2137 1681 2201 sumitur,
1708 2137 2073 2192 mternitatem

448 2224 547 2290 ‘ct
595 2235 1101 2291 immutabilitatem
1137 2232 1228 2289 Dei
1283 2232 1621 2303 signiﬁcans,
1676 2234 1745 2287 ab
1797 2233 1916 2302 ipso
1966 2233 2074 2287 Deo

490 2326 737 2383 dictum:
790 2346 808 2379 ι
835 2326 945 2397 Ego
967 2342 1090 2382 sum
1126 2326 1219 2397 qui
1244 2342 1390 2392 sum,
1420 2344 1439 2378 ι
1473 2334 1528 2380 et
1559 2342 1572 2380 :
1610 2344 1628 2378 ι
1664 2324 1765 2391 Qui
1799 2333 1885 2381 est
1923 2326 2077 2381 misit

489 2432 600 2473 me.
633 2437 651 2470 ι
709 2418 921 2474 Deinde
996 2418 1208 2489 angelis
1282 2416 1736 2473 venerabilioretn
1784 2417 2071 2488 Deiparam

490 2510 749 2566 invncant
783 2526 994 2578 omnes,
1033 2520 1222 2581 utpote
1249 2526 1371 2580 quae
1399 2521 1483 2566 est
1531 2525 1697 2580 super
1729 2524 1921 2564 omnes
1975 2523 2074 2579 pro

490 2604 653 2658 nobis
682 2600 996 2667 mcdiatrix,
1029 2603 1317 2659 sacerdote
1347 2603 1600 2659 dicente:
1667 2623 1681 2654 ι
1713 2604 2072 2659 Sanctissima

491 2686 757 2766 Deipara,
800 2711 1065 2751 succurre
1124 2695 1304 2751 nobis.
1335 2715 1355 2748 ι
1407 2697 1474 2751 Ει
1512 2696 1783 2766 denique:
1845 2695 2074 2750 «Gloria

492 2787 643 2842 Patri
692 2797 745 2844 et
797 2787 937 2843 Filio
1010 2797 1065 2844 et
1123 2787 1354 2858 Spiritui
1407 2799 1619 2852 sancto,
1650 2809 1671 2841 ι
1735 2792 1789 2844 in
1826 2790 2071 2843 ultimam

495 2881 869 2937 laudationem
941 2888 1148 2935 sanctae
1202 2879 1491 2936 Trinitatis
1546 2882 1785 2935 clamant
1835 2889 2071 2935 sxantes.

497 2972 770 3029 Sacerdos
804 2972 968 3027 linem
1005 2972 1238 3041 imponit
1291 2987 1386 3040 per
1429 2975 1761 3037 orationem,
1790 2973 1935 3043 quod
1993 2971 2079 3026 dis

2176 1862 2654 1926 άπολύσεως.’Καί
2679 1863 2740 1915 τὸ
2768 1863 2961 1932 Σοφία
2984 1866 3146 1917 πάλιν
3178 1865 3347 1936 ἐκϐοᾷ
3377 1866 3465 1919 διὰ
3494 1867 3590 1936 τὴν
3621 1869 3760 1918 επα-

2174 1954 2413 2024 γομένην
2479 1954 2666 2026 εὐχὴν,
2703 1955 2788 2008 ενα
2847 1956 3275 2027 ἀκροασώμεθα.
3331 1958 3424 2022 Τίς
3471 1959 3527 2011 δὲ
3574 1959 3758 2027 αὖτης

2181 2066 2199 2097 ι
2245 2046 2305 2099 Ὃ
2339 2047 2414 2100 ὣν
2445 2047 2736 2116 εὐλογητὸς
2764 2045 2905 2109 Θεὸς
2944 2046 3105 2116 ἡμῶν
3134 2048 3387 2104 πάντοτε.
3437 2068 3456 2100 ι
3489 2051 3661 2104 Τοῦτο
3697 2055 3764 2105 ἐκ

2174 2141 2275 2210 τῆς
2319 2139 2507 2210 βίϐλου
2563 2110 2661 2192 τοῦ
2690 2110 3145 2201 Μωῢσέωςῖστὶ,
3176 2140 3238 2192 τὸ
3262 2141 3350 2193 ἀεὶ
3375 2140 3434 2193 ὃν
3462 2143 3557 2194 καὶ
3591 2144 3763 2195 ἀναλ-

2175 2228 2401 2283 λοίωτον
2429 2226 2524 2280 τοῦ
2569 2226 2706 2280 Θεοῦ
2737 2228 3028 2296 σημαῖνον,
3078 2229 3211 2297 παρ’
3240 2229 3407 2282 αὐτοῦ
3442 2230 3631 2300 λεχθὲν
3664 2227 3761 2284 τοῦ

2176 2318 2346 2375 Θεοῦ’
2382 2340 2399 2370 ι
2450 2318 2594 2387 Ἐγώ
2622 2318 2739 2387 είμι
2776 2321 2804 2371 ὁ
2837 2318 2936 2384 ὢν,
2972 2338 2991 2371 ι
3027 2321 3147 2384 καὶ,
3181 2336 3202 2371 t
3241 2322 3300 2374 '0
3334 2322 3410 2374 ὣν
3440 2324 3760 2377 ἀπέσταλκέ

2179 2429 2267 2483 με.
2313 2431 2331 2464 ι
2368 2406 2501 2466 Εἶτα
2540 2411 2640 2480 τὴν
2678 2410 2787 2465 τῶν
2829 2411 3084 2480 ἀγγέλων
3121 2415 3458 2483 τιμιωτέραν
3490 2416 3759 2468 Θεοτόκον

2176 2503 2569 2560 ἄπικαλοῦνται
2607 2503 2810 2567 πάντες
2831 2504 2905 2570 ὡς
2934 2504 3074 2575 ὑπὲρ
3112 2505 3321 2569 πάντας
3354 2486 3563 2575 μεσίτιν
3582 2503 3753 2559 οὖσαν

2176 2598 2317 2667 ὑπὲρ
2342 2594 2526 2666 ἡμῶν,
2550 2593 2644 2650 τοῦ
2666 2596 2878 2667 ἱερέως,
2915 2613 2935 2648 ι
2959 2595 3266 2668 Ὺπεραγία
3289 2596 3543 2664 Θεοτόκε,
3577 2597 3761 2668 βοήθει

2176 2691 2331 2759 ἡμῖν,
2369 2708 2387 2740 ι
2420 2689 2696 2756 λέγοντοςο
2736 2687 2848 2742 Καὶ
2886 2688 3200 2743 τελευταῖον
3245 2689 3328 2756 τὸ,
3361 2708 3382 2741 r
3413 2691 3551 2756 Δόξα
3585 2691 3761 2762 "arpi.

2177 2783 2274 2836 καὶ
2306 2780 2421 2850 Υίῷ
2452 2781 2542 2835 καὶ
2575 2780 2720 2851 ἁγίῳ
2744 2778 3049 2851 Πνεῦματι,
3083 2797 3103 2833 ι
3139 2782 3220 2844 είς
3251 2782 3418 2852 228
3447 2782 3763 2850 δοξολογίαν

2175 2875 2500 2929 τελευταίαν
2534 2875 2633 2944 τῆς
2664 2874 2827 2943 ἁγίας
2867 2861 3098 2945 Τρὶάδος
3142 2876 3617 2945 άναφωνησάντων
3653 2877 3760 2928 τῶν

2183 2969 2509 3038 ἱσταμένων,
2539 2971 2567 3023 ὁ
2610 2969 2791 3040 ίερεὺς
2825 2970 2886 3024 τὸ
2920 2970 3075 3033 τέλος
3119 2970 3319 3039 ἐπάγει
3378 2970 3444 3023 δι’
3500 2970 3693 3040 εὐχῆς,
3736 2970 3763 3023 ὃ

497 3065 693 3121 missio
740 3064 1071 3134 appellatur,
1141 3065 1400 3134 quoniam
1456 3066 1591 3119 nulli
1650 3065 1799 3128 licet,
1865 3065 2074 3119 relictis

2181 3063 2274 3115 καὶ
2307 3063 2567 3126 ἀπόλυσις
2598 3062 2819 3132 λέγεται
2840 3079 2856 3095 ο
2892 3062 3194 3134 ἐπειδήπερ
3225 3064 3330 3118 οὐκ
3364 3062 3510 3116 ἔστιν
3543 3062 3763 3128 ἐξουσία

497 3156 719 3226 hymnis
746 3154 949 3211 divinis
988 3156 1158 3222 exire,
1197 3157 1292 3212 sed
1333 3156 1459 3210 data
1489 3157 1795 3213 sacer-doris
1831 3157 2072 3212 licentia.

2181 3156 2289 3208 τινὶ
2323 3155 2451 3220 τοὺς
2509 3155 2689 3219 θείους
2746 3155 2957 3226 ὕμνους
3005 3132 3357 3210 καταλιπόντι
3402 3156 3761 3228 πορεύεσθαι,

496 3244 868 3314 Quamobrem
900 3247 1357 3317 quemadmodum
1407 3261 1511 3306 iste
1563 3251 1799 3318 hymnos
1851 3251 2074 3317 incepit,

501 3337 578 3393 ita
616 3338 758 3393 idem
789 3334 845 3394 et
877 3339 1038 3395 linem
1089 3339 1220 3395 facit
1248 3356 1548 3413 precesque
1582 3340 1855 3411 obsignat.

1000 3540 1230 3599 CAPUT
1256 3542 1578 3600 CCCXXIII.

500 3629 578 3685 De
622 3633 923 3701 precatione
956 3634 1011 3687 in
1060 3633 1168 3701 ﬁne
1202 3635 1328 3715 sive.
1362 3634 1678 3713 dimissione
1715 3636 1866 3706 oﬂ'icii
1917 3640 2082 3694 eccle-

1176 3712 1402 3764 siastict'.

500 3869 505 3873 ἢ
578 3792 647 3848 Et
704 3795 916 3850 nullum
970 3805 1056 3854 est
1096 3795 1242 3851 aliud
1278 3795 1519 3865 sigillum
1567 3798 1675 3853 nisi
1723 3801 1817 3869 qui
1856 3810 2079 3871 propter

505 3901 613 3940 nos
649 3886 716 3939 ad
764 3903 864 3943 nos
892 3887 1039 3943 venit
1068 3902 1164 3957 per
1194 3902 1437 3942 carnem.
1500 3889 1627 3959 Ipso
1672 3891 1837 3961 igitur
1864 3894 2085 3951 Christo

502 3993 633 4032 vero
662 3977 792 4044 Deo,
837 3989 899 4034 ut
930 3979 1072 4049 dixit
1104 3978 1407 4048 discipulus
1438 3980 1560 4055 ejus
1582 3978 1847 4040 Joannes
1875 4005 1889 4039 :
1923 4005 1942 4038 ι
1978 3987 2084 4043 Hic

505 4076 587 4123 est
642 4084 805 4124 verus
864 4068 1012 4125 Deus
1071 4077 1127 4124 et
1183 4068 1295 4123 vita
1345 4078 1629 4138 aterna,»
1687 4074 1944 4132 invocato
1991 4092 2087 4144 per

505 4160 971 4216 intercessiOnem
1027 4169 1233 4217 sanctae
1262 4162 1381 4231 eius
1416 4162 1633 4233 “atris,
1665 4182 1735 4222 ex
1768 4184 1873 4238 qua
1903 4170 2087 4223 incar-

506 4264 673 4310 natus
721 4262 828 4320 est,
871 4254 1232 4322 omniumque
1285 4250 1603 4312 sanctorum
1637 4258 1801 4327 ejus;
1835 4274 1962 4313 nam
2020 4261 2087 4314 ad

505 4346 902 4402 ostendendam
961 4360 1235 4403 summam
1272 4347 1664 4425 benignitatem
1714 4364 1871 4405 suam
1924 4351 2090 4406 homo

2180 3247 2296 3302 ἀλλ’
2323 3248 2526 3301 ἐνδόσει
2551 3247 2645 3302 τοῦ
2673 3248 2884 3318 ἱερέως.
2906 3247 3009 3302 Διὰ
3031 3247 3190 3302 τοῦτο
3213 3248 3405 3319 ὥσπερ
3433 3249 3540 3303 τῶν
3572 3247 3766 3318 ὕμνων

2180 3338 2335 3402 οὗτος
2360 3339 2665 3410 ἁπήρξατο,
2705 3341 2800 3392 καὶ
2828 3339 2895 3394 τὸ
2932 3338 3086 3402 τέλος
3136 3332 3293 3402 οὗτός
3328 3341 3476 3394 ἐστιν
3504 3342 3532 3392 ό
3575 3336 3770 3394 ἀποδι-

2180 3431 2326 3499 δοὺς,
2357 3432 2455 3487 καὶ
2489 3430 2908 3502 ὲπισφραγίζων
2942 3433 3013 3486 τά
3044 3430 3155 3485 τῶν
3194 3430 3390 3503 εὐχῶν.

2738 3547 2991 3601 ΚΕΦΑΔ.
3023 3547 3200 3602 ΤΚΓ¹.

2445 3641 2581 3710 Περί
2619 3639 2726 3710 τῆς
2754 3640 2944 3710 εὐχῆς
2972 3640 3085 3712 τῆς
3112 3641 3495 3710 ἀπολύσεως.

2256 3802 2366 3856 Καὶ
2415 3802 2450 3871 ἠ
2500 3803 2738 3870 σφραγὶς
2772 3802 2925 3857 οὐδὲν
2958 3802 3086 3857 ἄλλο
3139 3804 3190 3856 εί
3249 3804 3324 3873 μὴ
3352 3803 3381 3857 ό
3424 3803 3566 3873 ὑπὲρ
3610 3802 3763 3876 ἡμῶν

2188 3891 2359 3945 ἐλθὼν
2386 3891 2521 3962 πρὸς
2562 3894 2713 3962 ἡμᾶς
2766 3892 2857 3947 διὰ
2890 3895 3115 3963 σαρκός.
3152 3893 3333 3949 Αὐτὸν
3362 3889 3456 3948 οὗν
3502 3893 3599 3950 τὸν
3633 3898 3765 3967 Xpt—

2187 3982 2313 4036 στὸν
2342 3982 2435 4036 τὸν
2458 3982 2715 4051 ἀληθινὸν
2741 3983 2895 4049 Θεὸν,
2927 3982 3002 4047 ὥς
3042 4001 3209 4053 φησιν
3251 3985 3280 4037 ό
3318 3983 3569 4055 μαθητὴς
3598 3980 3762 4041 αὐτοῦ

2199 4073 2475 4144 Ἰωάννης,
2517 4091 2536 4125 t
2577 4067 2745 4136 Οὗτός
2774 4075 2924 4126 ἐστιν
2980 4075 3009 4126 ό
3065 4074 3319 4144 ἀληθινὸς
3355 4075 3489 4136 Θεὸς
3520 4081 3623 4130 καὶ
3655 4078 3765 4146 ζωὴ

2189 4164 2431 4228 αἰώνιος,
2469 4182 2488 4214 ι
2527 4163 2998 4233 ἐπικαλεσάμενος
3037 4165 3126 4218 διὰ
3177 4166 3287 4219 τῶν
3323 4167 3641 4238 πρεσϐειῶν
3670 4170 3763 4238 τῆς

2191 4254 2355 4321 ἁγίας
2380 4253 2546 4306 αὐτοῦ
2578 4255 2822 4324 Μητρὸς,
2853 4253 2913 4319 ἐξ
2949 4250 3018 4326 ἦς
3064 4256 3383 4329 ὲσαρκώθη,
3422 4259 3520 4314 καὶ
3549 4264 3764 4315 πάντων

2189 4342 2299 4395 τῶν
2329 4342 2504 4412 ἁγίων
2536 4344 2728 4398 αὐτοῦ’
2786 4347 2881 4399 καὶ
2911 4346 3022 4416 γὰρ
3049 4348 3248 4419 δεῖγμα
3279 4351 3377 4429 τῆς
3419 4351 3604 4425 ἄκρας
3638 4369 3763 4424 χρη-

507 4435 687 4491 factus
713 4446 817 4502 est,
839 4443 896 4491 et
914 4445 1143 4507 matrem
1173 4436 1367 4493 habuit
1396 4439 1742 4509 chorumque
1765 4448 2083 4494 sanctorum

2196 4433 2458 4504 στότητος
2489 4436 2656 4490 αὐτοῦ
2690 4437 2749 4490 τὸ
2789 4437 3232 4510 ὲνανθρωπῆσαι,
3265 4443 3358 4495 καὶ
3395 4444 3612 4512 μητέρα
3640 4446 3766 4511 κτή-

508 4529 602 4605 qui
670 4528 717 4584 ei
776 4529 1143 4601 placuerunt:
1211 4528 1521 4586 «Miserere
1572 4530 1747 4585 nostri
1800 4539 1855 4584 et
1906 4530 2089 4586 salvos

2196 4524 2414 4589 σασθαι,
2473 4527 2570 4579 καί⁸
2628 4526 2791 4597 χορὸν
2827 4528 2999 4597 άγίων
3051 4532 3541 4603 εὐαρεστησάντων
3595 4535 3760 4605 αὐτῷ,

510 4622 615 4684 fac.
648 4641 666 4673 ›
743 4622 964 4693 inquit;
1020 4622 1158 4677 nihil
1214 4623 1360 4676 enim
1397 4639 1425 4676 a
1459 4622 1621 4677 nobis
1685 4621 1951 4678 habemus
1982 4623 2088 4678 nisi

509 4715 658 4787 quod
682 4715 798 4786 ipse
828 4724 1054 4788 propter
1078 4730 1235 4771 suam
1255 4713 1556 4785 bonitatem
1590 4712 1769 4768 factus
1796 4722 1885 4769 est
1903 4714 2086 4782 homo,

2197 4633 2220 4668 ι
2260 4614 2514 4688 Ἐλεήσαι
2565 4620 2713 4691 ἡμᾶς
2761 4621 2857 4674 καὶ
2888 4621 3082 4687 σώσαι,
3122 4640 3141 4675 ι
3181 4626 3367 4695 φησίν.
3405 4625 3480 4677 Οὐ
3532 4628 3639 4698 γάρ
3676 4621 3765 4695 ἀφ’

2193 4710 2400 4765 ἑαυτῶν
2423 4728 2475 4763 τι
2502 4712 2845 4784 κεκτήμεθα,
2882 4714 2915 4784 ἢ
2957 4714 3017 4768 τὸ
3053 4715 3303 4784 γενέσθαι
3334 4717 3495 4771 αὐτὸν
3521 4722 3592 4772 δι’
3628 4723 3763 4788 ἀγα-

509 4817 567 4863 et
599 4806 772 4862 Mater
794 4808 1083 4876 sanctique
1112 4807 1260 4861 illius
1290 4819 1318 4859 a
1355 4804 1515 4861 nobis
1536 4811 1684 4859 sunt.
1713 4800 1780 4859 Et
1807 4804 1881 4859 ita
1906 4808 2089 4863 statim

2194 4803 2396 4874 θότητα
2435 4804 2751 4876 ἄνθρωπον,
2786 4807 2883 4860 καὶ
2915 4806 3014 4875 τὴν
3059 4808 3291 4877 Μητέρα
3316 4810 3485 4863 αὐτοῦ
3517 4811 3578 4878 ἐξ
3606 4812 3759 4882 ἡμῶν

509 4914 705 4969 preces
736 4915 834 4970 pro
861 4899 1132 4955 defunctis
1182 4896 1549 4966 persolvimus
1598 4905 1714 4950 tum
1767 4900 2091 4966 proceribus

512 5007 577 5047 ac
607 4993 878 5062 patrihus,
907 5001 1019 5045 tum
1052 4985 1354 5045 secundum
1406 5001 1629 5041 carnem
1676 4989 2007 5059 conjunctis,
2036 5003 2091 5048 et

512 5066 592 5139 eis
616 5085 817 5154 quibus
844 5084 1120 5139 debitores
1148 5093 1365 5134 sumus.
1401 5077 1573 5132 Porro
1605 5082 1977 5137 necessarium
2006 5092 2092 5139 est

514 5162 711 5230 horum
748 5173 1087 5237 meminisse,
1120 5168 1387 5239 quoniam
1416 5184 1519 5224 nos
1566 5184 1633 5224 ex
1686 5170 1822 5241 ipsis
1852 5181 1908 5227 et
1963 5189 2092 5229 cum

515 5265 651 5334 ipsis
696 5260 1121 5324 collocabimur,
1175 5259 1567 5329 Dorninusque,
1596 5261 1738 5315 sicut
1794 5278 1898 5333 pro
1928 5264 2087 5330 vivis,

518 5354 595 5409 ita
630 5362 684 5408 et
711 5368 807 5422 pro
839 5351 1072 5406 mortuis
1099 5364 1293 5418 passus
1322 5360 1407 5408 est
1433 5366 1497 5407 ac
1521 5363 1795 5420 mortuus,
1826 5365 1992 5425 atque
2026 5370 2092 5409 ex

517 5444 625 5498 hoc
652 5444 824 5495 multa
853 5450 940 5495 est
975 5441 1183 5496 utilitas
1213 5443 1440 5509 tumeis
1470 5459 1701 5514 quorum
1742 5446 2093 5511 recordatur,

519 5545 633 5589 tum
691 5532 823 5601 ipsis
859 5534 1296 5592 recordantibus.
1360 5535 1500 5605 Quae
1548 5538 2007 5594 commemoratio
2035 5540 2096 5593 ﬁt

519 5634 739 5695 quoque
769 5632 890 5691 post
926 5625 1189 5696 hymnum
1220 5628 1410 5698 prima:
1446 5628 1615 5685 horae.

2191 4891 2381 4957 οὖσαν,
2405 4894 2502 4947 καὶ
2535 4896 2662 4958 τοὺς
2692 4895 2884 4958 ἁγίους
2920 4897 3109 4951 αὐτοῦ.
3138 4900 3247 4953 Καὶ
3295 4900 3466 4965 οὕτως
3502 4904 3665 4966 εὐθὺς
3694 4902 3759 4954 τὰ

2196 4984 2335 5051 ὑπὲρ
2365 4985 2472 5039 τῶν
2497 4986 2844 5039 ἀπελθόντων
2869 4987 3251 5060 ἐπιτελοῦμεν,
3289 4994 3555 5063 κτιτόρων
3581 5013 3640 5049 τε
3671 4993 3759 5045 καὶ

2194 5077 2451 5146 πατέρων
2493 5078 2808 5147 ἡμῶν,·καὶ
2852 5078 2963 5133 τῶν
2999 5082 3140 5134 κατὰ
3175 5083 3353 5153 σάρκα
3383 5086 3621 5147 οἰκείων,
3672 5084 3762 5137 καὶ

2197 5161 2272 5223 ὧν
2292 5170 2608 5239 ὀφείλομεν.
2655 5170 2980 5239 Ἀναγκαῖον
3006 5172 3064 5225 δὲ
3095 5173 3158 5226 τὸ
3190 5175 3500 5244 μεμνῆσθαι
3524 5177 3722 5229 τούτων
3743 5216 3757 5239 ,

2197 5262 2279 5316 ὅτι
2314 5265 2408 5315 καὶ
2438 5263 2498 5328 εξ
2527 5263 2707 5316 αὐτῶν
2755 5265 2935 5336 ἡμεῖς,
2996 5265 3093 5318 καὶ
3129 5267 3227 5320 σὺν
3265 5268 3449 5332 αὐτοῖς
3499 5268 3762 5340 ταχθησὸ-

2201 5354 2375 5424 μεθα·
2407 5355 2501 5406 καὶ
2531 5356 2557 5406 ὁ
2584 5355 2774 5424 Σωτὴρ
2819 5353 3010 5426 ὥσπερ
3040 5356 3182 5424 ὑπὲρ
3235 5356 3475 5425 ζώντων,
3500 5362 3594 5413 καὶ
3624 5358 3761 5426 ὑπὲρ

2198 5446 2512 5499 τεθνεώτων
2545 5447 2788 5500 πέπονθε
2844 5449 2942 5500 καὶ
2971 5448 3201 5520 τέθνηκε
3227 5465 3243 5480 ο
3274 5452 3368 5503 καὶ
3414 5454 3525 5515 τοῖς
3561 5465 3762 5522 μνημο-

2200 5536 2511 5606 νευομένοις
2543 5538 2771 5606 πλείστη
2816 5540 2882 5613 ἐκ
2937 5540 3129 5594 τούτου
3164 5542 3197 5610 ἡ
3229 5541 3492 5612 ὠφέλεια,
3522 5544 3610 5597 καὶ
3657 5541 3761 5602 τοῖς

2208 5628 2811 5700 μνημονεύουσινήμῖν.
2841 5629 2990 5701 Αὕτη
3023 5632 3077 5684 δὲ
3103 5634 3132 5702 ἡ
3159 5636 3350 5707 μνήμη
3386 5638 3481 5689 καὶ
3511 5634 3646 5705 μετὰ
3670 5630 3759 5685 τὸν

2205 5717 2372 5786 ὕμνον
2401 5719 2499 5782 τῆς
2534 5718 2760 5789 πρώτης
2797 5720 3005 5787 γίνεται
3035 5721 3204 5792 ὥρας.
