4046 6430
955 348 1210 406 ΚΕΦΔΛ.
1248 353 1419 407 ΤΚΔ’.

815 465 953 534 Περὶ
992 465 1103 532 τῆς
1137 469 1376 536 πρώτης
1395 467 1571 536 ὥρας.

484 578 549 631 Ἥ
585 579 641 632 δέ
696 598 757 647 γε
818 580 1099 649 δοξολογία
1151 584 1252 648 τῆς
1288 585 1515 654 πρώτης
1552 583 1702 653 ὥρας
1749 585 1987 636 τελεῖται

399 672 432 740 ἦ
467 672 607 741 μετὰ
638 672 736 741 τὴν
768 674 1034 726 ἀπόλυσιν
1081 676 1174 728 τοῦ
1206 676 1405 745 ὄρθρου
1443 679 1627 743 εὐθὺς,
1661 678 1856 746 ἑορτῆς
1896 677 1990 730 ού-

402 781 522 832 σης,
556 764 588 832 ἦ
626 764 918 829 συναπτῶς
968 768 1046 834 τῷ
1077 768 1285 838 ὄρθρῳ,
1342 769 1568 836 ὕστερον
1621 770 1720 837 τῆς
1777 770 1985 824 ἀπολύ-

402 875 540 919 σεως
566 859 882 928 γινομένης,
926 859 1251 929 ἐπειδήπερ,
1307 863 1384 925 ὼς
1415 864 1852 933 προειρήκαμεν,
1889 861 1988 933 μία

404 953 502 1002 σὺν
559 951 850 1022 τῷῦρθρῳ
904 953 1205 1023 ύμνολογία
1256 957 1395 1010 ἐστί.
1456 958 1705 1026 Λέγομεν
1760 955 1857 1010 οὖν
1903 957 1987 1020 τὸ,

408 1063 426 1094 ι
461 1043 651 1110 Δεῦτε,
675 1048 1156 1116 προσκυνήσωμεν
1202 1048 1280 1119 τῷ
1317 1049 1531 1119 βασιλεί
1568 1051 1724 1118 ἡμῶν
1765 1033 1989 1124 Χριστῷ

401 1139 479 1201 τῷ
501 1138 645 1207 Θεῷ,
685 1159 703 1190 ι
737 1139 880 1209 τρὶς,
914 1142 997 1194 ὅτι
1027 1134 1181 1205 οὗτος
1232 1148 1366 1212 ἡμῖν
1401 1144 1562 1212 μόνος
1595 1146 1852 1216 βασιλεὺς
1894 1149 1989 1200 καὶ

403 1230 642 1296 αἰώνιος,
701 1233 776 1296 ὡς
831 1237 926 1288 καὶ
993 1237 1156 1304 φύσει
1209 1240 1489 1308 Δεσπότης
1545 1241 1642 1293 σὺν
1679 1241 1854 1309 Πατρὶ
1894 1243 1989 1294 καὶ

407 1327 688 1394 Πνεύματι
747 1329 933 1394 μόνος,
966 1333 1056 1383 καὶ
1088 1333 1150 1384 τι
1203 1335 1405 1396 κράτος
1467 1334 1556 1385 τοῦ
1597 1334 1850 1386 διαϐόλου
1898 1335 1990 1387 καὶ

405 1419 504 1488 τὴν
537 1422 830 1488 τυραννίδα
883 1425 1234 1491 καταίαλὼν,
1277 1428 1372 1479 καὶ
1430 1427 1808 1494 ἐλευθερώσας
1841 1429 1991 1498 ἡμᾶς

407 1515 500 1566 τοῦ
534 1515 764 1577 σκύτους
795 1518 889 1570 καὶ
918 1518 1014 1570 τοῦ
1051 1517 1307 1573 θανάτου.
1348 1515 1483 1573 Εἶτα
1535 1520 1628 1572 καὶ
1670 1520 1878 1589 ψαλμοὶ
1904 1520 1992 1570 λέ-

407 1631 595 1680 γονται
629 1617 775 1683 τρεῖς
806 1617 886 1674 εἰς
935 1617 1104 1685 τιμὴν
1137 1619 1238 1684 τῆς
1277 1617 1533 1686 Τριάδὶς,
1581 1617 1722 1668 κατά
1753 1617 1811 1668 τδ
1845 1615 1990 1683 πρωῒ

407 1706 695 1774 λεχθέντες
737 1707 864 1759 ποτὲ
1009 1709 1194 1767 Δαϐὶδ,
1227 1709 1584 1778 εὐχαριστίαν
1617 1703 1753 1760 Θεοῦ
1795 1708 1989 1778 περιέ.-

409 1816 620 1866 χοντες,
672 1801 766 1854 καὶ
801 1801 860 1852 τὸ
924 1800 1098 1852 ἐλθεῖν
1158 1801 1242 1870 ἐφ’
1299 1802 1448 1868 ἡμᾶς
1486 1799 1655 1852 αὐτοῦ
1693 1801 1792 1870 τὴν
1844 1801 1996 1852 θείαν
2030 1780 2070 1833 Β

408 1895 796 1966 λαμπρότητα,
827 1896 921 1948 καὶ
948 1896 1016 1948 τὰ
1049 1895 1187 1963 ἔργα
1218 1894 1377 1964 ἡμῶν
1404 1895 1864 1961 κατευθυνθῆναι.
1898 1893 1997 1945 καὶ

410 1987 650 2058 πονηρὸν
712 1988 809 2055 μὲν
870 1988 1020 2040 ἅπαν
1083 1987 1390 2055 ἀποστῆναι
1440 1986 1623 2056 ἡμῶν,
1680 1986 1889 2051 ἀγαθοῦ
1940 1985 1998 2036 δὲ

413 2080 616 2141 παντδς
667 2079 817 2150 ἡμᾶς
865 2080 1245 2148 πληρωθῆναι.
1294 2079 1451 2133 Μετὰ
1487 2080 1613 2140 τοὺς
1658 2074 1906 2148 ψαλμοὺς
1941 2077 1998 2128 δὲ

411 2171 686 2240 τροπὰρια
723 2171 823 2241 τῆς
877 2171 1053 2240 αὐτῆς
1107 2169 1342 2238 ἑννοίας,
1391 2171 1488 2223 καὶ
1537 2169 1730 2239 ἕτερον
1771 2175 1850 2229 είς
1898 2167 1997 2238 τὴν

411 2263 754 2332 θεομήτορα,
787 2265 1238 2334 κεχαριτωμένην
1264 2264 1438 2329 αὐτὴν
1464 2263 1602 2331 μετὰ
1635 2262 1727 2315 τοῦ
1763 2262 1996 2328 ἀγγέλου

414 2355 708 2425 κηρύττων,
745 2356 842 2409 καὶ
901 2357 1158 2424 οὐρανὸν,
1211 2348 1287 2418 ὥς
1345 2356 1438 2406 τὴν
1497 2357 1596 2423 τῆς
1647 2354 1999 2420 δικαιοσύνης

416 2447 569 2515 ἥλιον
595 2444 981 2510 ἁνατείλασαν,
1010 2448 1106 2501 καὶ
1142 2446 1472 2519 παράδεισον
1512 2447 1587 2510 ὡς
1619 2446 1678 2499 τὸ
1708 2445 1862 2509 ξύλον
1895 2442 1996 2512 τῆς

414 2539 561 2609 ζωῆς
591 2539 832 2608 Χριστὸν
859 2541 1167 2604 τετοκυῖαν,
1197 2542 1290 2592 καὶ
1340 2539 1632 2608 Παρθένον,
1663 2536 1739 2599 ὡς
1766 2534 2000 2603 ἂειπὰρ-

415 2635 567 2687 θενον
603 2631 892 2702 μένουσαν.
924 2631 1156 2695 Οἱκείως
1191 2631 1248 2684 δὲ
1304 2630 1461 2684 τοῦτο
1493 2630 1712 2695 λέγεται
1739 2629 1880 2689 τότε,
1911 2626 2000 2678 διὰ

413 2726 512 2794 τὴν
551 2722 818 2796 αἰσθητὴν
851 2725 946 2778 τοῦ
999 2723 1153 2794 ἡλίου
1205 2722 1491 2790 ἀνατολὴν,
1528 2722 1624 2773 καὶ
1672 2721 1732 2773 τὸ
1773 2719 1865 2772 τὸν
1894 2737 1998 2772 πα-

419 2821 664 2890 ράδεισον
687 2819 834 2873 κατὰ
867 2819 1135 2882 ἀνατολὰς
1155 2813 1318 2871 εἶναι.
1347 2813 1482 2870 Εἶτα
1511 2818 1544 2885 ή
1579 2815 1670 2869 τοῦ
1699 2814 1998 2884 Τρισαγίου

413 2914 510 2968 καὶ
539 2913 633 2966 τοῦ
661 2933 680 2964 ι
714 2911 893 2981 Πάτερ
916 2911 1075 2981 ἡμῶν
1108 2929 1126 2962 ι
1165 2909 1470 2981 προσευχὴ,
1501 2910 1584 2962 ὅτι
1615 2910 1675 2962 οὗ
1697 2905 1924 2962 δυνατὸν
1943 2905 2029 2957 sv‘

417 3007 583 3060 παντὶ
613 3005 790 3076 καιρῷ
841 3005 915 3074 μὴ
955 3005 1264 3075 μνησθῆναι
1302 3001 1529 3072 ταύτης.

969 3144 1012 3194 Κ
1022 3142 1196 3195 ΕΦΑΑ
1213 3183 1225 3196 .
1262 3141 1441 3198 TKE'.

416 3246 576 3312 Διατί
605 3258 673 3310 ἐν
704 3255 934 3321 ἑκάστῃ
978 3253 1100 3323 ὣρςι
1147 3254 1246 3308 καί
1280 3255 1410 3320 ταῖς
1443 3245 1690 3318 λοιπαῖς
1745 3251 2002 3307 ἀκολου-

489 3329 646 3394 οΙαις
676 3326 764 3392 τὸ,
803 3345 822 3378 ι
863 3324 1363 3394 Κύριε,ἐλέησον,
1401 3344 1418 3375 ι
1443 3324 1928 3394 τεσσαράκοντα.

490 3513 601 3564 Καὶ
646 3512 732 3577 τὸ,
774 3530 792 3562 ι
835 3511 1031 3578 Κύριε,
1074 3511 1322 3580 ἐλέησον,
1373 3530 1392 3563 ι
1427 3509 1869 3576 τεσσαράκοντα,
1923 3508 2004 3568 εἰς

424 3603 695 3672 ἁγιασμὸν
718 3602 813 3655 τοῦ
861 3601 1056 3670 καιροῦ
1094 3601 1301 3664 παντὸς
1356 3601 1455 3671 τῆς
1485 3600 1632 3669 ζωῆς
1671 3599 1850 3669 ἡμῶν.
1884 3596 2005 3650 Τῶν

351 3756 366 3775 δ
421 3697 530 3768 γὰρ
563 3694 899 3768 τριακοσίων
947 3696 1217 3762 ἐξήκοντα
1249 3692 1412 3747 πέντε
1463 3692 1693 3762 ἡμερῶν
1734 3690 2007 3744 ἀποδεκὰ-

420 3808 608 3853 τωσις,
647 3789 723 3853 ῶς
752 3789 884 3858 φασί
915 3806 1082 3851 τινες,
1110 3789 1165 3840 αἱ
1185 3787 1698 3856 τεσσαράκοντα,ὲν
1725 3781 1812 3847 αἷς
1836 3785 1868 3854 ἡ
1905 3801 2005 3854 με·

421 3883 562 3954 γάλη
587 3883 836 3952 νηστεία,
875 3885 970 3935 καὶ
1000 3885 1056 3934 ὲν
1085 3881 1303 3950 ἑκάστῳ
1339 3879 1517 3950 καιρῷ
1560 3877 1897 3950 προσευχῆς,
1923 3877 2005 3941 τὸ,

429 3984 446 4027 t
481 3975 677 4045 Κύριε,
708 3975 953 4042 ἐλέησον,
991 3989 1009 4023 ι
1038 3971 1473 4041 τεσσαράκοντα,
1503 3971 1582 4034 είς
1604 3969 1882 4038 ἐξάλειψιν
1902 3969 2008 4021 τῶν

423 4071 481 4122 ὲν
533 4070 686 4138 πάσῃ
722 4050 912 4138 ἡμέρᾳ
945 4065 1041 4119 καὶ
1076 4063 1197 4135 ὥρᾳ
1257 4062 1559 4132 ἀμυθήτων
1609 4061 1770 4130 ἡμῶν
1821 4061 2010 4129 ἁμαρ.

421 4162 575 4215 τιῶν.
617 4161 708 4214 Διὸ
765 4160 861 4212 καὶ
922 4159 1062 4228 μετὰ
1113 4159 1196 4222 τὸ,
1241 4173 1260 4208 ι
1304 4155 1504 4226 Κύριε,
1554 4155 1800 4225 ἐλέησον,
1855 4173 1873 4203 ι
1913 4152 2012 4224 τὴν

423 4252 865 4322 ἀναγκαιοτάτην
931 4251 1162 4320 λέγομεν
1215 4250 1448 4304 πάντοτε
1514 4246 1703 4317 εὐχὴν,
1759 4245 1819 4298 τὺ
1849 4244 2015 4315 229

429 4364 450 4398 ι
493 4345 551 4398 Ὀ
604 4347 660 4397 ὲν
693 4344 856 4396 παντὶ
886 4339 1065 4411 καιρῷ
1092 4341 1189 4394 καὶ
1231 4339 1382 4410 πάσῃ
1441 4337 1580 4408 ὥρα,
1615 4355 1634 4389 ι
1672 4336 1854 4389 πάντα
1916 4348 2015 4386 πε-

1570 234 1666 294 DE
1712 235 1952 295 saeua
1999 211 2502 300 PRECATIONE.

2014 404 2062 463 Α

3579 249 3687 314 590

2590 356 2819 411 CAPUT
2855 333 3186 415 cccxxtv.

2665 471 2740 526 De
2769 473 2944 539 prima
2962 478 3112 530 hora.

2170 585 2279 640 Sed
2319 586 2467 639 enim
2517 588 2664 641 horae
2698 587 2888 656 primae
2945 587 3241 661 d‘oxologia
3289 591 3571 660 perﬁcitur
3603 594 3688 648 vel

2097 679 2283 735 statim
2324 693 2449 748 p05t
2475 679 2636 733 ﬁnem
2672 696 2766 734 seu
2798 682 3180 738 dimissionem
3211 686 3466 739 matutini
3501 688 3684 752 cilicii,

2097 773 2184 827 vel
2215 771 2513 839 conjuncte
2557 787 2681 827 eum
2740 774 2843 828 hoc
2884 774 3084 840 oﬂicio,
3133 776 3299 832 dilata
3341 779 3684 842 dimissionc,

2099 867 2384 936 quoniam.
2419 876 2587 934 prout
2621 867 2887 933 diximus,
2933 874 3041 923 una
3077 885 3202 924 cum
3238 873 3528 926 matutinis
3563 890 3688 940 prc-

2098 960 2252 1013 cibus
2279 968 2365 1013 est
2395 959 2661 1014 laudatio.
2693 959 2798 1013 Ter
2826 975 2954 1030 ergo
2975 960 3249 1018 dicimus:
3282 981 3299 1012 ι
3326 963 3536 1025 Venite,
3559 965 3689 1016 ado-

2098 1065 2287 1105 remus
2325 1057 2506 1118 regem
2545 1060 2793 1106 noStrum
2823 1051 3106 1107 Christum
3137 1052 3327 1116 Dentri,
3357 1073 3374 1106 ι
3427 1056 3683 1123 quoniam

2101 1143 2190 1198 hic
2217 1143 2379 1198 nobis
2407 1143 2558 1199 solus
2597 1160 2687 1202 rex
2744 1153 2796 1198 et
2829 1155 3093 1209 aeternus,
3125 1145 3314 1215 utpote
3365 1147 3516 1202 solus
3561 1162 3684 1200 cum

2102 1237 2259 1290 Patre
2281 1245 2337 1290 et
2361 1237 2571 1306 Spiritu
2595 1237 2884 1315 Dominus,
2915 1238 3008 1306 qui
3031 1236 3321 1308 imperium
3355 1249 3408 1293 et
3425 1240 3685 1310 tyranni.

2101 1331 2225 1386 dem
2257 1331 2462 1385 diaboli
2499 1331 2793 1400 confregit,
2830 1346 3038 1400 nosque
3068 1347 3096 1385 a
3131 1332 3380 1387 tenebris
3419 1341 3472 1385 et
3507 1342 3684 1385 morte

2100 1424 2374 1480 liberavit.
2407 1424 2674 1492 Deinceps
2696 1435 2806 1480 trcs
2829 1423 3092 1481 dicuntur
3113 1426 3310 1490 psalmi
3340 1427 3392 1480 in
3419 1429 3685 1480 honorem

2102 1519 2387 1573 Trinitatis
2420 1536 2448 1573 a
2502 1519 2668 1573 David
2703 1519 2830 1573 olim
2887 1536 3047 1575 mane
3082 1522 3235 1584 dicti,
3265 1518 3464 1590 quibus
3500 1519 3687 1587 gratiae

2102 1621 2340 1677 aguntur
2389 1606 2521 1675 Deo,
2572 1618 2626 1664 et
2680 1611 3004 1664 obseCratur
3039 1621 3096 1665 ut
3153 1626 3321 1680 super
3358 1628 3457 1668 nos
3508 1614 3691 1666 veniat

2102 1698 2323 1753 divinus
2351 1700 2616 1767 Splendor
2644 1699 2787 1770 ejus,
2818 1711 2869 1754 et
2906 1716 3074 1768 opera
3125 1713 3313 1757 nostra
3355 1703 3688 1776 dirigantur,

2101 1807 2164 1845 ac
2199 1807 2362 1845 otnue
2408 1789 2630 1862 quidem
2669 1809 2697 1846 a
2749 1793 2904 1848 nobis
2942 1795 3144 1847 malum
3199 1803 3475 1858 arceatur,
3534 1796 3684 1850 omni

2102 1894 2287 1938 autem
2330 1885 2477 1939 bono
2519 1885 2848 1954 repleamur.
2891 1886 3090 1941 Verum
3129 1898 3252 1955 post
3298 1888 3542 1958 psalmos
3607 1888 3691 1943 di-

2102 1985 2306 2031 cuntur
2337 1978 2596 2033 versiculi
2629 1977 2874 2047 ejusdem
2903 1980 3212 2044 sententiae,
3238 1989 3294 2034 et
3329 1966 3471 2036 alius
3507 1982 3560 2034 in
3590 1981 3691 2034 lin-

2103 2085 2294 2124 norem
2331 2069 2424 2125 Dei
2458 2067 2760 2126 GeuitriCis
2805 2075 2970 2140 quam
3018 2087 3143 2126 cum
3187 2073 3381 2144 angelo
3427 2056 3692 2142 praedicat

2103 2164 2275 2232 gratia
2303 2164 2518 2232 plenam
2556 2165 2890 2234 coelumque,
2931 2171 3120 2232 utpote
3167 2180 3232 2219 ex
3269 2181 3377 2234 qua
3417 2175 3571 2221 ortus
3607 2177 3693 2221 cst

2106 2257 2184 2311 sol
2211 2254 2463 2323 iustitiae,
2495 2266 2660 2325 atque
2693 2256 3013 2324 paradisum
3047 2265 3306 2326 tanquam
3333 2271 3454 2326 quae
3480 2257 3689 2326 lignum

2104 2346 2230 2401 vita:
2279 2345 2563 2401 Christum
2597 2343 2809 2416 genuit,
2846 2359 3061 2400 necnon
3117 2344 3412 2416 virginem,
3462 2356 3521 2401 ut
3573 2358 3692 2414 quae

2103 2446 2324 2507 semper
2352 2437 2506 2509 virgo
2537 2439 2860 2506 permansit.
2885 2439 3024 2509 Apte
3051 2455 3183 2494 vero
3207 2440 3352 2494 istud
3392 2437 3522 2493 tu'nc
3558 2440 3692 2492 dici-

2105 2538 2215 2594 tur,
2248 2529 2319 2583 ob
2337 2529 2656 2583 seusibilem
2693 2529 2825 2583 solis
2851 2527 3033 2585 Ortum
3067 2538 3121 2586 et
3146 2531 3275 2599 quia
3306 2532 3594 2600 paradisws
3623 2532 3690 2583 ad

2105 2621 2372 2676 orientem
2412 2636 2608 2676 versus
2640 2622 2876 2677 exstitit.
2919 2621 3123 2676 Deinde
3151 2623 3358 2676 dicitur
3397 2621 3690 2690 Trisagion

2103 2726 2167 2766 ac
2216 2712 2416 2778 oratio,
2460 2711 2934 2779 «Paternoster,»
2987 2717 3252 2782 quoniam
3281 2715 3401 2782 eius
3434 2717 3486 2769 in
3543 2717 3690 2769 oniul

2106 2811 2344 2873 tempore
2373 2817 2480 2859 non
2524 2807 2843 2861 meminisse
2875 2809 2981 2861 non
3017 2809 3333 2877 possumus.

2615 3099 2845 3176 CAPUT
2880 3099 3180 3177 CCCXXV.

2109 3232 2282 3299 Quare
2312 3236 2443 3289 liora
2478 3237 2728 3306 qualibet.
2765 3248 2811 3291 et
2853 3239 2908 3291 in
2945 3241 3149 3292 ca’teris
3211 3237 3482 3292 ordinibus
3544 3235 3696 3306 oﬂicii

2175 3307 2540 3372 ecclesiastici,
2573 3324 2810 3373 oramus,
2842 3309 3098 3362 «Domine
3121 3309 3420 3375 miserere”
3461 3307 3700 3377 quadra-

2165 3379 2327 3448 .ginla
2363 3377 2546 3448 (dies).

2179 3489 2373 3562 Postea
2414 3491 2744 3560 quadragies
2785 3491 3030 3547 dicitur:
3067 3511 3083 3544 ι
3112 3493 3278 3564 Kyrie
3305 3493 3542 3557 cleison,
3578 3512 3597 3546 ι
3630 3493 3698 3548 ad

2111 3585 2568 3638 sanetilicandum
2602 3594 2773 3638 totum
2830 3593 3045 3653 tempus
3079 3587 3202 3638 vita:
3254 3593 3493 3650 nostrae;
3567 3601 3692 3640 nam

2112 3686 2489 3733 trecentorum
2526 3691 2580 3734 et
2629 3679 2915 3748 sexaginta
2949 3679 3192 3748 quinque
3222 3679 3435 3736 dierum
3487 3681 3700 3735 decima

2113 3787 2262 3840 pars,
2321 3781 2380 3827 ut
2429 3772 2655 3842 quidam
2703 3771 2880 3836 aiunt,
2931 3772 3300 3842 quadraginta
3348 3783 3590 3838 constat,
3647 3774 3701 3829 in

2113 3863 2314 3931 quibus
2369 3877 2628 3932 maguum
2673 3863 2974 3933 jejunium,
3004 3873 3059 3919 et
3090 3863 3143 3916 in
3201 3863 3436 3934 singulis
3476 3878 3701 3933 precum

2115 3955 2288 4019 ltor’s,
2309 3954 2504 4026 tKyrie
2527 3955 2793 4023 eleison,»
2829 3955 3159 4025 quadragies
3178 3957 3444 4010 recitatur
3462 3957 3516 4011 in
3548 3957 3702 4011 dele-

2115 4050 2326 4103 tionem
2369 4056 2720 4117 peccatorum
2754 4063 2876 4117 quae
2907 4049 3032 4102 sine
3056 4062 3287 4104 numero
3324 4047 3378 4102 in
3415 4049 3566 4102 omni
3615 4049 3702 4102 die

2117 4155 2181 4217 ac
2236 4140 2370 4194 hora
2404 4149 2811 4209 perpetramus.
2866 4134 3234 4206 Quamobrem
3267 4152 3391 4209 post
3421 4175 3436 4209 ,-
3487 4159 3505 4193 ι
3535 4140 3701 4212 Kyric

2117 4233 2347 4299 eleison,
2382 4252 2398 4285 ι
2439 4233 2594 4288 valde
2625 4231 3003 4288 necessariam
3053 4248 3270 4302 semper
3311 4233 3548 4290 dicimus
3579 4249 3702 4290 ora-

2118 4324 2345 4396 tionem,
2382 4337 2602 4393 nempe,
2664 4321 2813 4388 «Qui
2859 4323 2912 4376 in
2962 4322 3112 4377 omni
3166 4331 3418 4394 tempore
3447 4325 3705 4394 Omnique

431 4443 737 4513 ριέχουσαν,
771 4439 867 4493 καὶ
927 4436 1069 4506 ὑπὲρ
1127 4434 1345 4490 πάντων
1389 4429 1555 4486 οὖσαν
1591 4431 1698 4484 τῶν
1731 4429 2005 4500 ἡμετέρων

2123 4415 2282 4477 hora,
2312 4435 2329 4466 ι
2394 4429 2517 4485 quae
2559 4414 2744 4469 omnia
2808 4413 3197 4484 complectitur
3227 4424 3281 4468 et
3333 4416 3400 4470 de
3447 4416 3705 4469 omnibus

2643 4506 2905 4527 __-=-_:-_--
2948 4515 2991 4527 _.
3032 4507 3349 4527 _-__-__.L_--
3390 4516 3430 4527 -.

427 4539 519 4589 καὶ
552 4534 744 4604 ψυχῶν
768 4532 863 4585 καὶ
897 4529 1189 4600 σωμάτων,
1225 4527 1320 4580 καὶ
1350 4524 1627 4594 λογισμῶν
1674 4525 1767 4576 καὶ
1797 4521 2016 4575 ἐννοιῶν

429 4629 521 4682 καὶ
552 4627 749 4698 ἔργων,
784 4625 1002 4679 ἅπαντα
1058 4621 1356 4687 αἰτουμένη
1415 4614 1877 4682 καθαγιὰξεσθαι,
1923 4613 2017 4665 καὶ

433 4721 636 4782 παντὸς
682 4716 1011 4787 λυτροῦσθαι
1043 4711 1380 4782 πειρασμοῦ,
1407 4710 1504 4762 καὶ
1533 4708 1637 4760 ὑπὸ
1680 4707 1791 4760 τῶν
1846 4705 2018 4772 ἁγίων

429 4811 676 4881 ἀγγέλων
701 4806 1034 4878 τειχίζεσθαι
1076 4807 1170 4857 καὶ
1222 4800 1617 4872 φυλάττεσθαι,
1668 4799 1763 4852 καὶ
1795 4799 1853 4852 ἐν
1895 4800 2017 4851 ἐπι-

427 4902 624 4972 γνώσει
659 4899 909 4970 γίνεσθαι
944 4899 1040 4968 τῆς
1066 4894 1160 4949 τοῦ
1187 4893 1322 4947 Θεοῦ
1354 4893 1534 4963 δόξης,
1569 4891 1688 4960 ἦτοι
1713 4889 1836 4942 κατ’
1871 4889 2020 4960 ἐνέρ-

427 5014 585 5066 γειαν
617 4993 924 5052 ἀπολαύειν
951 4991 1052 5059 τῆς
1083 4990 1176 5043 τοῦ
1209 4987 1348 5042 Θεοῦ
1402 4986 1706 5055 ἀπροσίτου
1775 5000 1996 5051 φωτοκυ

431 5091 546 5153 σίας
575 5090 670 5143 καὶ
702 5087 948 5158 χάριτος,
976 5087 1034 5147 ὅς
1087 5085 1236 5136 ἐστιν
1281 5079 1572 5149 εὐλογητὸς
1608 5080 1688 5141 είς
1725 5077 1850 5138 τοὺς
1887 5073 2019 5128 αἰῶ-

428 5200 543 5246 νας.
569 5177 706 5236 Εἷτα.
737 5179 837 5250 τὴν
861 5177 1121 5232 Θεοτόκον
1149 5174 1224 5237 ὡς
1292 5171 1630 5242 τιμιωτέραν
1679 5168 1788 5220 τῶν
1841 5167 2020 5234 Σερα-

431 5275 536 5344 φὶῤ.
565 5271 918 5341 ἁνυμνοῦμεν
941 5287 956 5302 θ
991 5268 1087 5321 καὶ
1127 5266 1280 5336 παρὰ
1313 5265 1406 5317 τοῦ
1440 5261 1633 5332 ἱερέως
1690 5262 1724 5329 ἡ
1760 5258 1838 5328 τῷ
1893 5259 2020 5310 Ἀα-

432 5367 544 5438 ρὼν
575 5364 794 5418 δοθεῖσα
815 5361 956 5432 ὑπὲρ
989 5360 1084 5414 τοῦ
1119 5358 1250 5413 λαοῦ
1281 5355 1562 5425 προσευχὴ
1590 5353 1835 5418 λέγεται,
1867 5351 2019 5419 ήκαὶ

431 5459 587 5526 παρὰ
613 5453 709 5510 τοῦ
750 5455 912 5508 Δαὸὶδ
941 5451 1256 5514 ἐκτεθεῖσα,
1289 5449 1370 5513 τὸ,
1404 5462 1422 5498 ι
1477 5445 1536 5497 '0
1577 5444 1709 5506 Θεὸς
1741 5443 2019 5512 οἰκτειρή-

432 5568 522 5604 σαι
556 5551 730 5621 ἡμᾶς.
771 5567 790 5600 ι
821 5549 934 5602 Καὶ
964 5545 1127 5607 εὐθὺς
1160 5544 1193 5614 ἡ
1247 5532 1382 5610 εύχὴ
1412 5536 1649 5610 ἁρμοδία
1706 5537 1773 5606 τῇ
1827 5531 2020 5604 πρώτῃ

431 5643 573 5715 ὥρα,
628 5662 647 5694 ι
681 5641 886 5712 Χριστὲ
936 5640 996 5691 τὸ
1048 5637 1163 5706 φῶς
1206 5635 1268 5687 τὸ
1319 5627 1573 5704 ἀληθινόν
1611 5643 1627 5660 ⁶
1673 5646 1693 5680 ι
1744 5625 1841 5681 καὶ
1875 5623 2020 5678 οὓτω

436 5734 587 5804 παρὰ
610 5731 703 5786 τοῦ
734 5729 927 5798 ἱερέως
964 5727 1244 5790 ἀπόλυσις.

2123 4507 2322 4562 nostris
2361 4512 2610 4561 versatur
2639 4506 2908 4587 animisve
2943 4515 2995 4560 et
3026 4507 3352 4575 corporibus
3382 4516 3436 4562 et
3461 4508 3708 4564 consiliis

2120 4612 2174 4656 et
2235 4600 2666 4670 cogitationibus
2711 4607 2876 4670 atque
2941 4601 3222 4670 operibus,
3285 4600 3586 4669 deprecans
3652 4613 3709 4655 ut

2121 4694 2304 4749 omnia
2351 4691 2793 4756 sanctiticentur,
2829 4699 2886 4746 et
2917 4691 2986 4746 ab
3025 4693 3176 4746 omni
3225 4691 3532 4747 teutatione
3567 4692 3706 4744 libe-

2123 4803 2328 4854 remur,
2359 4795 2523 4856 alque
2551 4801 2580 4839 a
2611 4785 2819 4839 sanetis
2850 4784 3058 4853 angelis
3083 4784 3276 4838 muniti
3300 4785 3704 4849 custodiamur,

2125 4894 2337 4934 necnon
2386 4879 2439 4932 in
2473 4877 2702 4933 scientia
2732 4875 2921 4946 gloria:
2969 4874 3062 4930 Dei
3104 4876 3465 4939 instruamur,
3498 4875 3550 4929 id
3601 4884 3710 4941 est,

2122 4970 2464 5024 abundanter
2498 4969 2778 5038 potiamur
2811 4967 3096 5022 inaccesso
3134 4966 3228 5020 Dei
3259 4967 3463 5022 lumine
3493 4982 3556 5021 ac
3586 4984 3711 5036 gra-

2126 5065 2221 5126 tia,
2264 5063 2356 5132 qui
2399 5070 2482 5116 est
2513 5059 2834 5115 benedictus
2866 5060 2919 5113 in
2952 5060 3170 5114 saecula.
3235 5060 3363 5114 Dein
3387 5061 3396 5066 ’
3420 5061 3513 5115 Dei
3550 5060 3716 5116 Geni-

2125 5155 2314 5208 tricem
2377 5136 2565 5222 utpote
2601 5151 2890 5220 Seraphim
2953 5152 3164 5221 majore
3223 5151 3441 5223 dignam
3501 5153 3714 5206 honore

2123 5253 2504 5317 celebramus;
2560 5261 2614 5308 et
2662 5269 2693 5308 a
2729 5252 3016 5307 sacerdote
3069 5250 3274 5306 dicitur
3305 5253 3482 5306 oratio
3525 5251 3711 5306 Aaron

2125 5345 2249 5399 data
2275 5359 2374 5414 pro
2424 5346 2647 5415 populo;
2683 5355 2737 5401 ct
2765 5345 3086 5415 deprecatio
3115 5362 3143 5398 τι
3191 5345 3365 5399 David
3408 5345 3704 5399 instituta:

2131 5436 2315 5492 «Deus
2348 5439 2672 5494 misereatur
2701 5439 2899 5494 nostri.
2932 5456 2949 5488 ι
2988 5439 3050 5492 Et
3079 5437 3264 5493 statim
3285 5435 3534 5493 ﬁtoratio
3567 5437 3716 5490 horae

2127 5530 2314 5601 primm
2351 5531 2796 5586 accommodata:
2829 5549 2848 5583 ι
2878 5529 3118 5597 Christe,
3142 5531 3236 5586 lux
3265 5544 3415 5597 vera,
3448 5547 3467 5582 ι
3501 5536 3555 5584 ct
3578 5529 3652 5582 ita
3677 5542 3711 5583 ει

2129 5623 2416 5683 sacerdote
2451 5624 2773 5679 absolvitur.
