4046 6460
403 231 502 298 591

894 369 1120 426 CAPUT
1156 369 1478 427 CCCXXVI.

401 487 478 542 De
505 488 713 543 ceteris
750 486 910 554 horis,
941 489 1120 550 tertia,
1151 499 1300 571 sexta
1332 497 1383 542 et
1415 505 1552 542 nona
1581 504 1600 544 :
1632 507 1694 544 ac
1731 491 1892 545 simul
1916 491 1978 546 de

1083 575 1277 626 prima.

473 650 662 722 itaque
708 653 795 708 ille
829 660 913 708 est
939 653 1078 708 ordo
1112 653 1260 709 horae
1289 651 1528 724 primas;
1565 655 1633 711 ad
1671 655 1890 710 tertiam
1926 663 1981 709 et

400 751 609 800 sextam
637 744 887 802 similiter
908 745 1159 818 psallitur
1185 762 1281 816 per
1307 748 1574 812 diversos.
1595 749 1688 805 sed
1713 747 1801 804 his
1823 748 1976 803 horis

397 846 695 892 consuetos
730 839 967 908 psalmos
1013 848 1068 894 et
1123 839 1448 905 versiculos.
1500 837 1791 910 Trisagion
1848 853 1976 893 vero

399 937 607 984 tantum
629 930 699 984 ad
731 931 969 996 tertiam,
1002 939 1291 1000 postquam
1324 930 1663 986 benedixcrit
1696 933 1972 993 sacerdos,

398 1017 619 1080 dicitur.
655 1027 710 1073 et
739 1019 1035 1075 duodecies
1067 1035 1081 1074 :
1147 1039 1165 1072 ‹
1193 1020 1353 1092 Kyrie
1385 1021 1612 1084 eleison,
1643 1040 1662 1074 ι
1700 1020 1792 1088 qui
1833 1021 1976 1076 ritus

397 1109 564 1160 etiam
592 1111 646 1163 in
679 1110 808 1164 hora
842 1125 1008 1173 nona,
1029 1113 1082 1166 in
1112 1112 1484 1181 Completorio
1525 1119 1578 1166 et
1601 1112 1656 1167 in
1693 1111 1975 1167 Matutinis

397 1199 657 1268 precibus
700 1200 754 1255 in
807 1201 1071 1258 honorem
1125 1213 1332 1260 sancta:
1365 1204 1653 1258 Trinitatis
1694 1212 1972 1268 servatur,

398 1301 560 1358 prout
610 1307 861 1348 seorsum
929 1293 1139 1349 dictum
1197 1305 1282 1350 est
1344 1295 1414 1350 de
1489 1295 1658 1350 simili
1722 1294 1973 1350 oratione

399 1379 654 1449 Trisagii.
680 1381 1113 1452 Dieiturautem,
1151 1403 1170 1437 ι
1200 1369 1652 1456 ΚΥι-ῑεειιείεοηξι
1683 1385 1975 1442 duodecies

398 1481 621 1544 prOpter
660 1473 952 1530 duodecim
993 1476 1102 1531 diei
1148 1486 1202 1532 et
1231 1475 1521 1534 duodecim
1554 1477 1733 1531 noctis
1783 1477 1971 1544 horas,

400 1565 453 1619 in
485 1567 980 1622 sanctiticationem
1011 1577 1257 1624 nostram
1291 1578 1343 1622 et
1375 1569 1442 1622 ad
1473 1566 1774 1636 expiandas
1802 1567 1975 1622 oti‘en-

399 1671 488 1712 sas
533 1657 584 1712 in
637 1658 718 1713 eis
761 1659 1108 1724 commissas,
1141 1659 1597 1730 quemadmodum
1643 1659 1972 1729 quadragies

1187 236 1564 297 svuroxts
1603 213 2360 308 rnessammeensrs
2403 241 2757 312 ARCHIEP.

2008 365 2049 420 Α

3560 245 3664 320 ill}

2636 369 2888 425 ΚΕΦΛΛ.
2923 366 3112 440 τκςτν.

2090 483 2226 550 Περὶ
2263 481 2378 536 τῶν
2413 483 2646 538 λοιπῶν
2680 485 2865 556 ὠρῷν,
2895 487 3117 554 τρίτης,
3149 488 3334 556 ἕκτης
3361 479 3463 543 καὶ
3495 485 3666 544 ἐννά-

2397 571 2530 619 της,
2555 555 2705 622 μετὰ
2722 553 2847 622 τῆς
2869 553 3107 624 πρώτης
3132 560 3308 627 ὁμοῦ.

2155 643 2304 713 Αὕτη
2333 640 2426 698 οὖν
2448 647 2481 714 ἡ
2511 646 2608 714 τῆς
2635 647 2859 716 πρώτης
2887 649 3034 718 ὥρας
3054 649 3378 715 ἀκολουθία,
3407 655 3504 707 καὶ
3527 655 3664 708 κατά

2081 737 2182 805 τὴν
2203 739 2396 808 τρίτην
2431 737 2582 806 ὥραν
2642 741 2738 794 καὶ
2769 741 2938 809 ἕκτην
2965 742 3172 811 ὁμοίως
3200 745 3472 814 ψάλλεται
3531 748 3666 817 μετά

2081 829 2360 900 διαφόρων
2404 829 2640 898 ψαλμῶν
2683 831 2793 884 τῶν
2855 834 3102 902 συνήθων
3154 836 3248 888 καλ⁵
3322 839 3665 908 τροπαρίων,

2082 921 2384 991 Τρισαγίου
2426 924 2588 993 μόνον
2629 926 2738 992 πρὸ
2767 925 2870 994 τῆς
2900 925 3094 995 τρίτης
3131 926 3284 999 ὥρας
3305 929 3451 997 μετά
3485 930 3547 983 τὸ
3577 931 3664 984 ef:-

2079 1014 2311 1084 λογῆσαι
2363 1016 2638 1086 τδνίερέα
2688 1017 3012 1086 λεγομένου,
3066 1019 3162 1072 καὶ
3219 1020 3341 1085 τοῦ,
3381 1038 3405 1080 ς
3472 1020 3663 1089 Κύριε,

2081 1107 2328 1178 ἐλέησον,
2375 1128 2393 1160 ›
2426 1108 2634 1162 δώδεκα
2666 1127 2681 1142 ο
2716 1110 2862 1164 ὅκαὶ
2903 1113 2962 1163 ἐν
3011 1114 3076 1182 τῇ
3136 1113 3340 1184 ἔννάτῃ
3392 1115 3512 1183 ὥρᾳ
3578 1119 3667 1168 καὶ

2079 1198 2190 1260 τοῖς
2213 1197 2561 1261 ἀποδείπνοις
2589 1198 2782 1269 καὶτῷ
2835 1199 3020 1272 ὄρθρῳ
3082 1201 3205 1265 ἔθος
3245 1202 3408 1256 ἐστὶν
3455 1203 3535 1267 ὥς
3591 1208 3669 1266 είς

2077 1287 2178 1356 τὴν
2205 1288 2366 1354 ἁγίαν
2388 1289 2618 1358 Τριάδα,
2675 1290 2750 1354 ὥς
2796 1291 3038 1361 εἴρηται,
3097 1292 3206 1364 [δίᾳ
3259 1294 3366 1362 τῆς
3411 1293 3668 1360 τοιαύτης

2078 1380 2174 1434 τοῦ
2209 1381 2508 1450 Τρισαγίου
2561 1384 2983 1454 ἀναφερομένης
3047 1388 3392 1455 προσευχῆς.
3455 1386 3566 1438 Καὶ
3590 1387 3666 1446 τδ,

2086 1490 2103 1523 ι
2141 1471 2337 1543 Κύριε,
2367 1474 2614 1543 ἐλέησον,
2663 1493 2682 1526 ι
2707 1475 3012 1540 δωδεκάκις
3043 1476 3268 1544 λέγεται
3301 1475 3394 1529 διὰ
3424 1478 3485 1528 τὸ
3509 1477 3668 1530 δωδε-

2078 1566 2296 1634 κάωρον
2321 1569 2419 1637 τῆς
2448 1567 2682 1635 ἡμέρας,
2715 1567 2808 1620 καὶ
2841 1568 2902 1622 τὸ
2932 1569 3284 1638 δωδεκάωρον
3314 1569 3412 1635 τῆς
3453 1569 3665 1630 νυκτίς.

2083 1655 2161 1716 είς
2185 1655 2457 1726 ἁγιασμόν
2483 1657 2638 1736 huth
2670 1657 2762 1730 καὶ
2789 1657 3060 1729 κάθαρσιν
3085 1660 3191 1712 ἀπὸ
3220 1677 3332 1712 των
3361 1659 3420 1712 ἐν
3445 1658 3666 1720 ταύταις

399 1748 617 1816 dicitur,
663 1767 680 1801 ι
719 1748 886 1820 Kyrie
923 1751 1153 1816 eleisrm,
1188 1770 1203 1799 ι
1258 1750 1327 1805 ob
1375 1765 1470 1805 eas
1520 1765 1658 1820 quas
1693 1751 1979 1805 retulimus

2085 1745 2461 1817 πταισμάτων,
2486 1748 2560 1812 ὡς
2585 1751 2678 1803 καὶ
2695 1751 3104 1820 τεσσαράκοντα
3132 1751 3212 1813 τὸ,
3247 1771 3266 1802 ι
3295 1753 3497 1822 Κύριε,
3522 1751 3668 1820 ἐλέηο

395 1854 617 1897 causas.

860 1933 1091 1991 CAPUT
1161 1933 1512 1990 CCCXXV".

577 2025 652 2081 De
686 2025 918 2081 Psalmis
958 2029 1099 2083 hora:
1124 2031 1309 2094 tertia,
1348 2037 1510 2083 sexta:
1535 2036 1584 2082 et
1617 2043 1794 2083 nonat.

472 2118 640 2191 Igitur
690 2121 743 2174 in
785 2120 933 2175 boris
979 2121 1233 2192 singulis,
1266 2122 1463 2190 prima,
1499 2121 1681 2188 tertia,
1713 2128 1868 2178 sexta
1919 2128 1974 2176 et

403 2230 546 2268 nona
588 2213 730 2269 istud
766 2214 1014 2279 :Venite,
1054 2214 1366 2280 adoremus,
1404 2224 1712 2284 sequuntur
1750 2223 1977 2286 propter

400 2316 642 2362 sanctam
676 2306 1004 2364 Trinitatem
1041 2316 1150 2363 tres
1189 2308 1387 2374 psalmi
1437 2309 1502 2363 ad
1540 2309 1732 2364 horam
1764 2321 1980 2364 accom-

401 2399 611 2452 modati
642 2399 694 2452 in
721 2400 984 2456 honorem
1011 2399 1296 2458 Trinitatis
1321 2411 1374 2456 et
1405 2401 1692 2457 scientiam
1718 2402 1968 2473 mysterii

398 2492 622 2561 quodin
649 2492 746 2546 hac
772 2493 902 2548 hora
938 2493 1234 2563 recolitur;
1269 2502 1323 2548 et
1347 2493 1806 2564 quemadmodum
1840 2494 1974 2548 hora

399 2582 571 2648 prima
607 2582 848 2650 psalmos
881 2584 1389 2639 habetmatutinum
1425 2594 1641 2654 tempus
1669 2600 1975 2640 memoran-

405 2681 484 2725 tes
540 2671 906 2742 divinumque
962 2674 1309 2744 splendorem
1374 2675 1681 2731 indicantes
1749 2684 1975 2744 propter

398 2761 762 2817 radiationem
835 2762 990 2826 solis,
1049 2764 1126 2818 ita
1185 2774 1239 2819 et
1283 2765 1456 2820 tertia:
1509 2764 1703 2834 psalmi
1749 2773 1977 2820 narrant

396 2855 550 2910 dolos
579 2853 895 2910 Judaeorum
933 2857 1185 2928 malaque
1206 2873 1397 2913 eorum
1437 2859 1491 2913 in
1517 2858 1798 2914 Christum
1840 2873 1977 2913 cono

396 2947 564 3015 sitia;
597 2946 829 3004 ultimus
854 2963 986 3003 vero
1036 2959 1227 3019 utpote
1267 2949 1760 3020 quinquagesimus
1799 2951 1974 3005 divini

2086 1855 2197 1904 σον,
2244 1857 2262 1890 ι
2297 1839 2354 1892 ὲν
2393 1839 2600 1912 ἑκάστῃ
2621 1839 2740 1912 ὥρᾳ
2771 1842 2842 1895 δι’
2870 1841 2934 1904 ἃς
2971 1844 3196 1912 εἴπομεν
3241 1842 3451 1906 αἰτίας.

2639 1933 2892 1986 ΚΕΦΑΛ.
2921 1933 3013 1988 ΤΚ
3023 1935 3096 1990 Z'.

2086 2024 2224 2092 Περὶ
2256 2023 2373 2078 τῶν
2400 2022 2666 2094 Ψαλμῶν
2692 2023 2802 2093 τῆς
2820 2025 3041 2094 τρίτης,
3060 2025 3244 2093 ἕκτης
3263 2025 3367 2081 καὶ
3389 2025 3663 2092 ἐννάτης.

2157 2113 2249 2171 Ἐν
2266 2115 2471 2186 ἑκάστῃ
2490 2114 2582 2168 οὖν
2601 2113 2720 2185 ὥρα
2744 2115 2960 2188 πρώτῃ,
2992 2133 3019 2168 τ
3029 2116 3174 2186 ρίτῃ,
3194 2115 3334 2187 ἕκτῃ
3355 2119 3452 2170 καὶ
3475 2117 3664 2185 ὲννὰτῃ

2085 2207 2168 2272 τί),
2213 2224 2232 2258 ι
2274 2204 2436 2260 Δεῦτε
2491 2206 2989 2277 προσκυνήσωμεν,
3026 2226 3044 2259 ι
3094 2207 3208 2277 ἔχει
3266 2209 3391 2278 τρὶς
3437 2209 3527 2262 διὰ
3571 2209 3665 2280 τὴν

2089 2302 2255 2370 ἁγίαν
2289 2302 2494 2374 Τριάδα
2519 2301 2770 2372 ψαλμοὺς
2830 2303 2981 2371 τρεῖς
3031 2301 3125 2355 καὶ
3176 2300 3478 2371 ἀρμοδίους
3532 2298 3664 2369 πρὸς

2086 2395 2185 2463 τὴν
2210 2393 2378 2465 ὥραν,
2403 2395 2490 2449 διὰ
2523 2395 2690 2466 τιμὴν
2728 2393 2828 2464 τῆς
2892 2393 3126 2462 Τριάδος
3169 2394 3267 2449 καὶ⁸
3316 2395 3420 2465 τὴν
3467 2391 3665 2462 γνῶσιν

2088 2490 2181 2544 τοῦ
2208 2491 2266 2543 ὲν
2295 2492 2357 2560 τῇ
2391 2489 2510 2560 ὥρᾳ
2544 2486 2872 2559 μυστηρίου,
2901 2489 2994 2540 καὶ
3017 2487 3094 2550 ὡς
3125 2491 3156 2556 ἠ
3183 2485 3384 2557 πρώτη
3403 2485 3523 2554 ὥρα
3539 2484 3663 2546 τοὺς

2090 2581 2473 2649 μεμνημένους
2495 2578 2591 2633 τοῦ
2622 2577 2770 2652 πρωῒ
2791 2578 3045 2650 ψαλμοὺς
3075 2579 3167 2632 καὶ
3202 2579 3308 2648 τῆς
3338 2578 3494 2642 θείας
3522 2576 3662 2646 λαμ-

2087 2673 2365 2744 πρότητος
2400 2673 2508 2726 ἀπὸ
2534 2672 2634 2742 τῆς
2665 2671 3039 2741 ἀναλάμψεως
3067 2672 3168 2741 τῆς
3202 2671 3467 2740 ἡλιακῆς,
3493 2667 3662 2731 οὕτως

2085 2768 2133 2820 oi
2163 2767 2262 2832 τῆς
2290 2765 2506 2836 τρίτης,
2549 2763 2619 2818 τὰ
2643 2766 2775 2834 περὶ
2801 2762 2900 2816 τοῦ
2930 2761 3085 2816 δόλου
3126 2762 3236 2816 τῶν
3256 2762 3535 2818 Ἰουδαίων
3574 2758 3661 2812 καὶ

2083 2859 2183 2926 τῆς
2215 2857 2514 2926 ὲπιόουλῆς
2547 2856 2644 2925 τῆς
2669 2857 2752 2919 είς
2791 2855 3050 2926 Χριστόν.
3103 2854 3165 2907 '0
3194 2855 3252 2908 δὲ
3299 2853 3606 2915 τελευταῖος
3634 2853 3660 2903 ό

2087 2949 2455 3016 πεντηκοστὸς
2510 2947 2608 3011 ὢν,
2639 2950 2707 3001 τὰ
2738 2947 2865 3017 περὶ
2897 2947 2997 3016 τῆς
3039 2947 3348 3016 ἐπιδημίας
3388 2946 3484 3000 τοῦ
3518 2944 3660 2997 θείου

401 3037 646 3106 Spiritus
674 3036 973 3092 adventum
1015 3039 1308 3109 signiticet.
1348 3039 1551 3096 Psalmi
1589 3051 1776 3096 autem
1813 3051 1980 3096 sexta:

2094 3042 2440 3110 Πνεύματος.
2474 3042 2536 3094 Oi
2566 3039 2622 3092 δὲ
2653 3043 2751 3108 τῆς
2784 3039 2950 3108 ἕκτης
2983 3039 3134 3110 ὥρας
3156 3039 3259 3109 τὴν
3293 3039 3661 3092 ἐπανάστασιν

403 3130 551 3184 horae
611 3129 830 3185 Iudaeos
871 3131 1174 3186 ostendunt
1231 3133 1506 3188 irruentes
1567 3141 1621 3188 et
1666 3141 1975 3202 quaerentes

399 3225 637 3278 animam
704 3223 943 3286 Domini,
1018 3237 1254 3294 eumque
1311 3225 1649 3288 occidentes,
1710 3224 1974 3294 quoniam

401 3317 546 3369 circa
612 3316 802 3370 horam
850 3324 1060 3371 sextam
1112 3314 1510 3372 crucifixeruut
1563 3329 1711 3377 eum,
1761 3328 1977 3368 necnon

399 3424 524 3463 eum
559 3407 858 3463 allicientes
882 3408 1148 3464 conviciis
1179 3419 1229 3462 et
1264 3407 1482 3475 injuriis
1519 3420 1583 3460 ac
1607 3406 1661 3459 in
1716 3406 1793 3460 ira
1819 3420 1976 3476 gras-

400 3513 494 3552 san
506 3507 609 3562 tes,
642 3506 845 3552 terram
871 3513 1091 3570 quoque
1116 3508 1445 3555 commotam
1473 3506 1527 3551 et
1551 3495 1792 3552 tenebris
1815 3511 1981 3566 oper-

402 3602 537 3657 tam,
571 3604 634 3645 ac
674 3597 897 3647 caetera.
940 3592 1181 3648 Ultimus
1215 3602 1398 3644 autem
1449 3589 1714 3643 auxilium
1751 3604 1782 3643 a
1821 3591 1979 3644 Patre

399 3684 527 3735 dunt
595 3683 950 3737 tribularetur
991 3684 1297 3754 praestitum
1359 3679 1629 3747 exhibet;
1681 3683 1760 3736 ait
1789 3681 1977 3736 enim:

405 3792 422 3824 ο
457 3773 560 3840 ριιὶ
587 3776 797 3830 habitat
837 3776 893 3828 in
924 3775 1206 3843 adjutorio
1227 3773 1518 3839 Alti‘ssimi,
1549 3792 1568 3825 ι
1613 3781 1668 3828 et
1696 3774 1977 3830 victoriam

401 3885 466 3923 ex
511 3869 728 3924 inferno
773 3877 1106 3938 reportatam
1140 3869 1192 3922 in
1231 3867 1320 3923 his
1346 3886 1359 3922 :
1385 3887 1402 3920 ι
1430 3869 1605 3938 Super
1633 3870 1878 3940 aspidem
1926 3879 1982 3924 et

406 3958 717 4015 basiliscum
763 3960 1098 4024 ambulabis,
1139 3977 1159 4012 ι
1211 3969 1270 4016 ει
1319 3967 1538 4017 eaztera.
1596 3960 1766 4017 Porro
1821 3976 1982 4018 nonat

405 4052 598 4122 psalmi
647 4053 884 4108 salutem
931 4061 1179 4109 nostram
1229 4052 1566 4124 patefaciunt
1614 4069 1712 4126 per
1741 4065 1978 4111 mortem

403 4143 614 4200 Christi
667 4156 722 4202 et
776 4144 1216 4203 interiectionem
1256 4149 1431 4202 sancti
1464 4149 1584 4217 ejus
1638 4147 1979 4203 tabernaculi

404 4246 804 4306 comparatam,
863 4248 920 4294 et
987 4239 1250 4308 quoniam
1285 4239 1424 4296 Deus
1466 4241 1622 4307 vivit,
1658 4241 1762 4296 etsi
1813 4254 1981 4296 carne

405 4336 628 4395 propter
692 4341 791 4382 nos
848 4336 1096 4384 mortuus
1120 4327 1307 4395 fuerit,
1354 4339 1408 4385 et
1438 4331 1612 4385 altare
1668 4343 1772 4400 pro
1817 4330 1983 4385 nobis

2076 3129 2299 3204 δηλοῦσι
2333 3133 2442 3186 τῶν
2477 3131 2777 3196 Ἰουδαίων,
2811 3131 2908 3185 καὶ
2939 3132 2998 3185 τὸ
3031 3131 3270 3202 ζητῆσαι
3323 3131 3424 3203 τὴν
3488 3131 3661 3200 ψυχὴν

2075 3223 2170 3277 τοῦ
2204 3224 2436 3293 Κυρίου.
2471 3225 2565 3277 καὶ
2586 3222 2902 3277 θανατῶσαι
2933 3223 3118 3288 αὐτὸν,
3150 3224 3278 3275 ἐπεὶ
3310 3223 3474 3276 αὐτὸν
3527 3223 3661 3274 κατὰ

2077 3319 2175 3388 τὴν
2205 3317 2377 3386 ἕκτην
2414 3316 2770 3387 ἐσταύρωσαν
2797 3317 2968 3387 ὥραν,
3016 3317 3109 3370 καὶ
3164 3316 3226 3368 τὸ
3269 3316 3466 3370 λυπεῖν
3505 3313 3660 3367 αὑτὸν

2079 3414 2136 3466 ὲν
2165 3415 2280 3474 τοίς
2307 3413 2638 3482 χλευασμοῖς
2658 3411 2751 3464 καὶ
2781 3414 2901 3474 ταῖς
2933 3410 3150 3482 ὕϐρεσι,
3177 3411 3273 3464 καὶ
3308 3412 3364 3462 ὲν
3394 3410 3529 3479 ὀργῇ
3574 3407 3660 3472 ἐγ-

2078 3505 2282 3566 κοτεῖν,
2311 3505 2406 3558 καὶ
2429 3505 2490 3556 τὸ
2518 3503 2726 3573 τρόμον
2757 3503 3016 3571 γενέσθαι
3051 3504 3109 3556 ὲν
3138 3505 3204 3572 τῇ
3237 3505 3341 3573 γῇ,
3383 3503 3477 3553 καὶ
3539 3498 3659 3551 σκό-

2080 3613 2172 3659 τος
2206 3595 2377 3664 αὐτὴν
2407 3593 2668 3663 καλύψαι,
2701 3594 2798 3647 καὶ
2825 3592 2896 3646 τὰ
2928 3593 3115 3647 λοιπά.
3169 3592 3228 3645 '0
3257 3593 3320 3645 δὲ
3353 3590 3659 3648 τελευταῖος

2078 3692 2179 3762 τὴν
2231 3691 2336 3745 ἀπὸ
2380 3691 2476 3745 τοῦ
2530 3691 2748 3760 Πατρδς
2805 3692 2864 3744 ὲν
2925 3689 3006 3761 τῷ
3043 3689 3333 3742 θλίϐεσθαι
3390 3686 3657 3758 βοήθεια-θ,

2084 3798 2104 3832 ι
2128 3781 2188 3836 Ὀ
2217 3779 2491 3834 κατοικῶν
2521 3780 2649 3848 γὰρ.
2674 3781 2859 3848 φησὶν,
2881 3781 2939 3832 ὲν
2967 3778 3192 3848 βοηθείᾳ
3213 3777 3312 3831 τοῦ
3346 3776 3652 3844 Ὑψίστουρ

2081 3871 2174 3924 καὶ
2208 3872 2308 3938 τὴν
2335 3872 2475 3923 κατὰ
2492 3872 2585 3923 τοῦ
2614 3870 2743 3940 ᾅδου
2785 3868 2964 3940 νίκην,
3001 3869 3076 3931 ὥς
3110 3887 3127 3920 ι
3175 3867 3301 3920 Ἐπὶ
3333 3867 3532 3921 ἀσπίδα
3569 3862 3662 3915 καὶ

2083 3962 2399 4032 βασιλίσκον
2439 3962 2782 4031 ἐπιϐήσεται,
2818 3979 2838 4014 ι
2876 3962 2971 4013 καὶ
3004 3961 3073 4013 τὰ
3104 3959 3254 4027 ἑξῆς.
3295 3961 3412 4028 Τῆς
3438 3955 3660 4022 ἐννάτης

2081 4055 2139 4108 δὲ
2174 4057 2223 4108 οἱ
2253 4055 2484 4124 ψαλμοὶ,
2515 4055 2614 4124 τὴν
2634 4054 2723 4106 διὰ
2755 4053 2990 4106 θανάτου
3029 4049 3272 4118 Χριστοῦ
3302 4050 3401 4104 καὶ
3445 4048 3540 4115 τῆς
3578 4060 3660 4095 νε·-

2083 4147 2344 4217 κρώσεως
2367 4145 2461 4198 τοῦ
2501 4145 2659 4212 ἅγίςυ
2688 4143 3052 4212 σκηνώματος
3076 4139 3243 4194 αὐτοῦ
3296 4139 3462 4210 ἡμῶν
3490 4149 3660 4200 σωτη-

2087 4241 2209 4310 ρίαν
2241 4255 2254 4269 ·
2292 4241 2387 4292 καὶ
2421 4239 2504 4291 ὅτι
2531 4238 2665 4300 Θεὸς
2687 4234 2797 4300 ζῶν
2827 4231 3001 4298 ἐστιν,
3023 4235 3072 4288 ει
3101 4233 3199 4288 καὶ
3230 4234 3464 4303 τέθνηκε
3497 4227 3660 4295 σαρκὶ

2083 4332 2154 4384 δι’
2188 4333 2336 4402 ἡμᾶς
2372 4347 2384 4360 ·
2439 4329 2538 4384 καὶ
2579 4311 2970 4399 θυσιαστήριον
3025 4329 3254 4395 γέγονεν
3313 4324 3453 4395 mp
3507 4313 3662 4390 ἡμῶν

408 4419 584 4472 factus
615 4428 720 4484 est,
735 4426 793 4473 et
823 4419 1156 4490 adiutorium
1193 4431 1303 4476 tam
1325 4422 1466 4477 vivis
1487 4437 1648 4491 quam
1679 4421 1736 4475 in
1766 4419 1980 4477 inferno

2088 4425 2180 4476 καὶ
2197 4421 2482 4491 ἀντίληψις
2501 4422 2614 4482 τοῖς
2634 4437 2692 4472 τε
2734 4419 2868 4483 ζῶσι
2904 4418 2998 4471 καὶ
3037 4421 3092 4470 ὲν
3142 4417 3221 4487 τῷ
3285 4417 3391 4490 ᾅδῃ
3450 4415 3530 4476 εἰς
3570 4408 3661 4462 τδν

406 4511 462 4566 in
501 4511 622 4566 loco
659 4511 887 4567 ﬂetuum
940 4514 1308 4582 gementibus,
1346 4530 1566 4570 necnon
1605 4515 1747 4570 bona
1799 4513 1984 4569 factus

406 4609 492 4655 est
517 4601 569 4656 in
600 4612 743 4657 terra
776 4607 1149 4674 exspectatio;
1209 4614 1264 4662 et
1295 4607 1677 4675 captivitatem
1732 4613 1980 4661 nostram

406 4696 700 4758 convertit,
721 4695 932 4760 scilicet
955 4697 1168 4752 animas
1195 4708 1435 4761 nostras,
1457 4705 1512 4752 et
1539 4706 1767 4767 peccata
1791 4708 1985 4752 nostra

409 4787 655 4854 remisit;
715 4796 769 4843 et
793 4804 1096 4846 conversus
1122 4789 1419 4845 viviﬁcavit
1449 4802 1566 4852 nos,
1601 4797 1655 4840 et
1686 4786 1840 4858 plebs
1865 4789 1987 4858 ejus

409 4877 585 4932 laetata
604 4889 692 4934 est
741 4881 796 4935 in
831 4895 918 4948 eo,
974 4897 1165 4950 nempe
1213 4881 1270 4934 in
1305 4879 1715 4934 resurrectione
1743 4881 1894 4946 ejus;
1932 4889 1989 4936 et

409 4985 601 5039 pacem
657 4970 878 5026 locutus
930 4983 1034 5040 est,
1071 4986 1286 5026 necnon
1342 4969 1718 5023 misericordia
1769 4978 1825 5024 et
1883 4987 1986 5042 pax

409 5063 681 5117 osculata:
710 5075 859 5130 sunt,
911 5075 966 5120 et
995 5064 1207 5133 iustitia
1249 5063 1316 5117 de
1344 5060 1482 5117 coelo
1509 5063 1813 5131 prospexit,
1849 5080 1988 5134 quo-

422 5155 571 5208 niam
622 5172 718 5226 per
745 5159 975 5210 mortem
1003 5155 1257 5210 Christus
1289 5161 1521 5210 mortem
1566 5153 1881 5219 interfecit;
1934 5167 1991 5209 et

416 5255 561 5301 terra
580 5248 728 5303 dabit
750 5249 987 5302 fructum
1009 5261 1196 5310 suum,
1217 5245 1470 5300 videlicet
1506 5245 1795 5300 Dominum
1823 5260 1988 5301 carne

410 5348 806 5408 resurgentem.
851 5338 1090 5394 Ultimus
1129 5347 1314 5394 autem
1364 5337 1609 5408 psalmus
1642 5355 1656 5391 :
1707 5355 1726 5388 ι
1755 5337 1981 5403 lnelina,

411 5431 667 5496 Domine,
704 5451 722 5484 ι
764 5433 881 5484 haec
908 5430 1091 5484 omnia
1114 5430 1405 5499 significat,
1435 5438 1489 5485 et
1513 5431 1772 5500 quoniam
1800 5434 1990 5500 justus

415 5533 499 5578 est
526 5531 582 5577 et
621 5523 828 5592 absque
859 5529 1089 5592 peccato
1113 5524 1205 5592 qui
1243 5540 1341 5594 pro
1379 5524 1537 5580 nobis
1573 5524 1872 5580 cruciﬁxus
1901 5532 1990 5580 est

415 5621 770 5682 etmortuus,
805 5624 859 5668 et
894 5614 1187 5671 miseratur
1224 5629 1278 5672 et
1319 5619 1551 5673 multum
1583 5617 1900 5672 misericors
1933 5623 1990 5672 et

415 5717 606 5764 verax,
637 5706 691 5754 et
730 5702 879 5763 dedit
911 5704 1072 5763 nobis
1119 5706 1496 5766 fortitudinem
1527 5723 1593 5764 ac
1654 5705 1984 5774 sibimetipsi

2088 4515 2255 4566 τόπον
2285 4507 2407 4568 οὖσι
2437 4510 2532 4565 τοῦ
2557 4510 2914 4580 κλαυθμῶνος
2951 4526 2964 4541 ⁸
3023 4509 3121 4564 καὶ
3169 4509 3389 4563 εὐδοκία
3445 4505 3658 4573 γέγονεν

2089 4608 2147 4660 ὲν
2177 4609 2249 4676 τῇ
2279 4607 2352 4675 γῇ
2384 4623 2397 4636 ·
2431 4605 2526 4658 καὶ
2557 4604 2655 4674 τὴν
2684 4602 3068 4673 αίχμαλωσίαν
3103 4601 3260 4671 ἡμῶν
3331 4593 3652 4665 ἀπέστρεψε.

2088 4701 2186 4763 τὰς
2261 4699 2537 4769 ἡμετέρας
2601 4696 2780 4766 ψυχάς
2815 4712 2828 4727 ο
2887 4694 2983 4746 καὶ
3053 4694 3154 4756 τὰς
3217 4694 3448 4762 ἀνομίας
3504 4685 3656 4754 ἡμῶν

2091 4793 2272 4861 ἀφῆκε
2301 4805 2315 4818 ⁸
2342 4791 2437 4843 καὶ
2466 4787 2798 4859 ἐπιστρέψας
2843 4785 3094 4849 ὲζὼωσεν
3117 4785 3289 4854 ἡμᾶς,
3328 4784 3420 4836 καὶ
3455 4779 3655 4849 ηὔφρα-

2091 4903 2149 4938 νε
2171 4884 2262 4936 τὸν
2301 4882 2428 4936 λαὸν
2459 4879 2624 4934 αὑτοῦ
2656 4883 2722 4950 τῇ
2756 4878 3052 4931 ἀναστάσει
3081 4876 3248 4929 αὐτοῦ
3278 4893 3290 4905 ·
3323 4876 3417 4928 καὶ
3450 4874 3548 4939 τὴν
3584 4867 3655 4919 ei-

2095 4977 2263 5045 ρήνην
2292 4973 2545 5043 ἐλάλησε,
2581 4971 2675 5022 καὶ
2714 4969 2863 5032 ἕλεος
2896 4970 2991 5022 καὶ
3053 4967 3284 5035 ἀλήθεια
3313 4966 3602 5033 συνήντησε
3635 4961 3651 4986 ⁴

2092 5069 2187 5121 καὶ
2215 5065 2536 5136 δικαιοσύνη
2564 5067 2628 5117 ὲκ
2658 5064 2756 5117 τοῦ
2814 5061 3046 5131 οὐρανοῦ
3094 5060 3371 5126 διέκυψεν,
3403 5057 3520 5108 ἐπεὶ
3571 5046 3654 5101 διὰ

2093 5159 2329 5211 θανάτου
2360 5156 2594 5226 Χριστὸς
2623 5155 2715 5208 τὸν
2740 5155 2977 5206 θάνατον
3007 5152 3166 5204 ἔλυσε
3206 5168 3220 5182 ⁶
3275 5151 3372 5206 καὶ
3401 5150 3433 5215 ἡ
3467 5145 3538 5212 γῆ
3559 5138 3652 5193 δώο

2096 5269 2178 5305 σει
2223 5251 2314 5304 τὸν
2344 5248 2560 5319 καρπὸν
2592 5247 2786 5314 αὐτῆς,
2809 5246 2904 5298 τὸν
2928 5246 3092 5314 σαρκὶ
3119 5242 3455 5296 ἀναστάντα.
3489 5232 3594 5288 Καὶ
3627 5229 3652 5279 ὁ

2093 5343 2410 5404 τελευταῖος
2431 5341 2489 5393 δὲ
2507 5339 2602 5405 τὸ,
2639 5358 2658 5391 ‹
2697 5339 2912 5402 κλῖνον,
2945 5338 3144 5406 Κύριε,
3184 5354 3202 5386 ι
3231 5335 3431 5387 πάντα
3489 5323 3652 5378 ταῦτα

2096 5435 2377 5505 σημαίνει,
2421 5433 2516 5486 καὶ
2561 5433 2645 5484 ὅτι
2699 5433 2848 5492 ὅσιος
2883 5430 2978 5482 καὶ
3028 5427 3413 5498 ἀναμάρτητος
3459 5421 3486 5472 ὁ
3521 5413 3653 5479 ὑπὲρ

2094 5526 2254 5596 ἡμῶν
2307 5523 2647 5594 σταυρωθεὶς
2695 5523 2815 5576 καῖ’
2853 5520 3166 5583 ἀποθανὼν,
3202 5521 3297 5572 καὶ
3337 5511 3649 5596 οἰκτίρμων,

2095 5593 2190 5672 ia
2213 5593 2518 5682 πολυέλεος,
2555 5617 2653 5670 καὶ
2681 5615 2971 5685 ἀληθινάςο
3007 5613 3103 5665 καὶ
3122 5612 3326 5665 ἔδωκεν
3355 5606 3484 5677 ἡμῖν
3511 5593 3641 5667 κρά-

2094 5726 2187 5773 τος
2212 5725 2227 5740 ⁹
2453 5707 2549 5763 καὶ
2579 5705 2779 5778 δαυτῷ,
2813 5706 2914 5777 υξῷ
2937 5705 3038 5774 τῆς
3063 5704 3356 5773 παιδίσκης
3378 5689 3534 5752 αὑτοῦ
3561 5699 3650 5754 γε·
3733 5732 3739 5741 .
