4046 6434
433 411 555 475 593.

1584 417 1959 477 DE'SACRA’
1990 419 2503 482 PRECATIONE.

3593 422 3701 486 E94

430 530 650 598 νομένῳ
679 527 777 594 τῆς
822 526 1193 598 Θεομήτορος,
1226 527 1322 580 καὶ
1374 532 1602 597 σημεῖον
1654 532 1734 594 είς
1784 534 2015 599 ἀγαθὸν,

2129 534 2235 591 lilio
2268 535 2461 604 puellae
2499 548 2612 589 sua
2645 533 2787 589 iacto
2816 533 3079 604 Deiparm,
3113 533 3443 605 signumque
3463 533 3693 602 praebuit

431 621 527 672 τὸν
554 619 790 687 σταυρὸν
814 619 981 671 αὐτοῦ
1018 620 1113 672 καὶ
1132 619 1233 690 τὴν
1258 620 1501 691 ἔγερσιν,
1532 622 1600 675 δι’
1633 617 1694 675 οὗ
1725 625 1816 676 καὶ
1837 642 2013 696 κατῃ-

434 712 748 781 σχύνθησαν
779 713 828 766 οί
866 711 1052 782 ἐχθροὶ
1082 712 1272 767 αὐτοῦ.
1308 711 1441 767 Εἶτα
1468 715 1562 767 καὶ
1596 716 1894 787 τροπάρια,
1922 718 2016 770 καὶ

430 804 500 856 τὰ
538 803 773 871 καθεξῆς
801 820 815 835 ο
862 805 959 858 καὶ
981 805 1296 857 τελευταῖον
1330 807 1427 867 τὰς
1463 806 1652 875 εὐχὰς,
1683 807 1759 871 ὡς
1786 808 2015 878 εἰρήκα-

437 913 559 963 μεν,
596 897 737 948 κατὰ
761 896 858 965 τὴν
883 895 1032 966 ῶραν
1068 896 1392 965 ἁρμοδίως.
1437 898 1495 950 '0
1528 898 1583 949 δέ
1613 915 1674 966 γε
1726 900 2017 969 ἐσπερινδς

434 986 644 1053 γίνεται
673 987 816 1040 οὕτω
849 1006 862 1019 ·
902 988 1107 1055 μᾶλλον
1131 990 1185 1041 δὲ
1211 990 1483 1060 πρότερον
1518 992 1617 1060 μὲν
1655 986 1772 1060 ἅμα
1800 994 1866 1061 τῇ
1898 1009 2016 1058 τρι⁹

436 1081 601 1148 θέκτῃ
637 1079 701 1131 τὰ
734 1080 1015 1149 λεγόμενα
1037 1082 1247 1134 τυπικά
1276 1080 1561 1150 ψάλλεται.
1620 1083 1731 1136 Καὶ
1780 1085 1882 1153 ὅρα
1929 1086 2016 1138 εὖ-

436 1170 743 1238 ταξίαὶοκαὶ
767 1173 971 1237 γνῶσιν
1002 1174 1202 1243 εὐσεϐῆ
1231 1178 1326 1229 καὶ
1358 1177 1629 1246 μεγίστην
1650 1178 1749 1245 τῆς
1787 1178 2019 1247 Ἐκκλη-

439 1265 581 1326 σίας.
631 1266 843 1336 Ἐπειδὴ
867 1269 973 1336 γὰρ
1006 1267 1064 1320 τὸ
1093 1267 1333 1338 συνεχῶς
1369 1269 1514 1323 κατά
1544 1269 1896 1340 διαστήματα
1922 1276 2017 1324 καὶ

434 1357 709 1425 διακοπὴν
776 1357 939 1426 ὡρῶν
980 1358 1110 1422 τοὺς
1144 1359 1349 1429 ὕμνους
1382 1362 1705 1431 ἀναφέρειν,
1756 1360 1833 1424 ὥς
1893 1378 2018 1414 τινα

438 1448 717 1518 ρᾳθυμίαν
773 1450 950 1501 τίκτει
1009 1452 1107 1503 καὶ
1147 1451 1404 1519 ἀκηδίαν,
1455 1453 1551 1506 καὶ
1594 1452 1834 1522 μάλιστα
1896 1455 2016 1518 ταῖς

433 1542 542 1593 τῶν
572 1542 946 1615 ἀτελεστέρων
1004 1544 1230 1613 ψυχαῖς,
1285 1546 1333 1598 oi
1359 1544 1494 1599 θεῖοι
1530 1546 1775 1617 Πατὲρες
1835 1546 2018 1616 ήμῶν,

434 1636 564 1703 θείῳ
598 1635 908 1705 κινούμενοι
938 1635 1239 1706 Πνεύματι,
1266 1637 1452 1701 καλῶς
1509 1639 1572 1693 τὸ
1629 1639 2016 1710 ῥηθησόμενον

434 1730 757 1795 ἐπενόησαν,
792 1728 908 1797 ἅμα
952 1731 1055 1799 μὲν
1088 1732 1185 1785 καὶ
1228 1732 1413 1795 πάσας
1450 1732 1595 1786 κατά
1647 1732 1901 1802 διαδοχὴν
1929 1734 2017 1800 γί-

434 1823 624 1875 νεσθαι
659 1824 759 1885 τὰς
794 1823 1107 1891 δοξολογίας
1139 1825 1617 1895 προμηθούμενοι,
1648 1825 1768 1895 ἅμα
1812 1825 1869 1879 δὲ
1925 1825 2019 1879 καὶ

432 1914 663 1981 ἀκηδίας
692 1917 781 1967 καὶ
816 1917 1082 1986 ἀμελείας
1120 1919 1301 1987 σοφῶς
1321 1918 1724 1989 διορθούμενοι.

991 2031 1239 2084 ΚΕΦΑΛ.
1282 2032 1465 2085 TKH’.

435 2138 552 2191 Ὀτι
585 2139 775 2214 στῆσαι
810 2145 869 2214 at
898 2142 1249 2214 ᾀκολουθίαι
1278 2146 1348 2196 ἐν
1378 2148 1534 2212 τρισὶ
1570 2146 1796 2214 καιροῖς
1821 2146 2022 2213 καλῶς

504 2211 806 2285 τελεῖσθαι
837 2211 1205 2285 ἐτάχθησαν,
1247 2214 1345 2267 διά
1379 2211 1441 2268 τε
1480 2211 1679 2285 τιμὴνί
1707 2216 1815 2285 τῆς
1862 2211 2022 2285 1‘1)th-

504 2281 631 2345 δος,
660 2283 758 2335 καὶ
795 2284 964 2350 τὸμὴ
986 2285 1283 2352 ῥᾳθυμεῖν
1315 2285 1496 2353 ἡμᾶς.

504 2438 594 2488 Ach
626 2440 719 2489 καὶ
756 2440 815 2490 ἐν
847 2441 1055 2509 καιροῖς
1077 2442 1257 2508 τρισὶν
1280 2442 1688 2510 ἀπαραιτήτοις
1717 2445 1808 2496 καὶ
1846 2445 2021 2510 ἀναγ-

434 2527 743 2595 καιοτέροις
766 2529 844 2591 είς
870 2529 1031 2593 δόξαν
1069 2532 1163 2583 καὶ
1185 2531 1351 2602 τιμὴν
1384 2531 1477 2584 τοῦ
1528 2532 1667 2585 Θεοῦ
1701 2533 1863 2601 ἡμῶν
1921 2535 2020 2601 τῆς

434 2621 767 2689 ὕπερουσίου
822 2621 1057 2691 Τριάδος
1114 2624 1301 2686 πάσας
1377 2623 1693 2689 διετάξαντο
1745 2625 2018 2691 γίνεσθαι.

436 2712 544 2765 Καὶ
602 2712 823 2782 πρῶτον
884 2714 983 2783 μὲν
1034 2714 1127 2766 τὸν
1194 2714 1335 2784 μετά
1396 2718 1456 2770 τὸ
1504 2717 1861 2786 μεσονύκτιον
1892 2718 2044 2789 ἄχριλ

436 2806 653 2875 πρωίας
702 2806 920 2875 καιρὸν.
971 2807 1067 2859 καὶ
1097 2810 1248 2876 τρεῖς
1303 2808 1489 2876 λέγειν
1544 2811 1892 2873 ἀκολουοίας.
1928 2813 2023 2865 xui.

438 2898 601 2951 τοῦτο
636 2902 715 2961 είς
754 2900 1099 2970 ἀνακήρυξιν
1131 2901 1232 2968 τῆς
1265 2903 1496 2971 Τριάδος
1524 2903 1817 2970 καὶδόξαν.
1852 2899 2025 2958 Δῦται

438 2992 497 3044 δέ
532 2994 674 3044 είσιν
706 2994 740 3063 ἡ
775 2991 869 3046 τοῦ
903 2994 1335 3063 μεσονυκτικοῦ,
1387 2996 1419 3064 ἡ
1471 2995 1566 3048 τοῦ
1598 2996 1819 3066 ὄρθρου,
1869 2999 1962 3051 καὶ
1991 2999 2027 3068 ἠ

436 3086 539 3154 τῆς
568 3086 797 3156 πρώτης
830 3086 1000 3158 ὥρας,
1039 3088 1160 3141 καθ’
1190 3090 1392 3158 ἑαυτὴν
1420 3091 1522 3158 μὲν
1562 3086 1718 3155 οὖσα,
1760 3094 2025 3160 ἐνουμένη

438 3179 494 3232 δέ
525 3195 587 3247 γε
621 3177 699 3247 τῷ
722 3177 927 3248 ὄρθρῳ.
953 3182 1047 3234 καὶ
1078 3180 1152 3250 μὴ
1182 3183 1258 3245 είς
1291 3181 1392 3243 τὰς
1423 3184 1565 3236 ἑπτὰ
1597 3184 1834 3247 αίνέσεις
1863 3183 2025 3253 ἀριθ-

2125 627 2181 681 in
2218 628 2445 690 bonum,
2476 642 2696 680 crucem
2725 642 2878 681 suam
2914 637 2968 681 et
2992 626 3475 692 resurrectionem,
3501 627 3701 695 quibus

2124 718 2449 773 confusione
2480 719 2656 787 operti
2687 725 2814 773 sunt
2862 718 3072 773 inimici
3109 718 3250 789 ejus.
3315 716 3510 773 Postea
3565 719 3700 772 ﬁunt

2123 810 2378 864 versiculi
2408 817 2462 862 et
2489 818 2709 873 caetera,
2737 825 2801 864 ac
2847 809 3067 864 tandem
3104 824 3313 879 preces,
3348 821 3403 864 ut
3438 811 3696 875 diximus,

2124 900 2275 955 horis
2313 899 2767 956 accommodatae.
2822 901 3092 977 Similiter
3146 911 3383 972 aguntur
3426 917 3695 971 vesperae,

2124 987 2270 1042 dicta
2321 998 2502 1043 autem
2558 990 2737 1060 typica
2772 991 3075 1059 praesertim
3112 990 3169 1044 in
3220 992 3380 1045 tertia
3439 1002 3700 1060 sextaque

2122 1080 2254 1133 liora
2273 1089 2588 1135 camantur.
2622 1081 2759 1135 Vide
2789 1084 3069 1152 egregium
3100 1083 3348 1139 ordinem
3377 1086 3628 1153 piamque
3651 1096 3704 1139 et

2121 1172 2377 1227 eximiam
2418 1172 2675 1228 Ecclesiae
2709 1174 3037 1245 scientiam;
3091 1190 3217 1231 nam
3263 1174 3393 1242 quia
3439 1176 3704 1230 continuo

2123 1265 2428 1321 secundum
2463 1267 2747 1323 intervalla
2766 1280 2820 1323 et
2847 1270 3144 1324 discrimen
3170 1270 3433 1323 horarum
3468 1270 3704 1339 hymnos

2122 1356 2353 1427 psallere
2379 1360 2672 1426 quamdam
2704 1370 2930 1433 generat
2962 1363 3249 1433 segnitiem
3288 1370 3342 1417 et
3364 1364 3713 1430 vecordiam,

2122 1455 2178 1500 et
2221 1450 2495 1518 prmeipue
2529 1452 2582 1503 in
2628 1450 3077 1518 imperiectornm
3113 1454 3312 1509 animis
3340 1454 3450 1507 divi
3508 1454 3703 1508 Patres

2126 1538 2503 1593 nostridivino
2525 1543 2656 1595 moti
2683 1541 2888 1611 Spiritu
2917 1554 3067 1598 recte
3095 1545 3324 1598 dicenda
3349 1544 3700 1603 invenerunt.

2124 1630 2286 1685 simul
2316 1632 2532 1701 quidem
2562 1644 2827 1688 curantes
2858 1643 2914 1688 ut
2937 1650 3133 1690 omnes
3162 1636 3511 1689 Laudationes
3541 1638 3702 1690 vicis-

2124 1727 2226 1781 sim
2274 1725 2428 1790 ﬁant,
2464 1727 2738 1796 simulque
2769 1727 3039 1783 vecordiae
3096 1737 3150 1782 et
3185 1728 3524 1799 negligentiae
3575 1744 3701 1798 pru-

2124 1816 2313 1873 denter
2345 1826 2720 1874 occurrentes.

2580 2018 2810 2076 CAPUT
2858 2020 3232 2077 CCCXXVIII.

2126 2137 2276 2205 Quod
2310 2139 2539 2193 universi
2586 2155 2859 2193 sacrorum
2905 2140 3225 2206 agendorum
3272 2140 3480 2193 ordines
3538 2138 3715 2190 tribus

2202 2213 2523 2277 temporibus
2574 2210 2797 2262 obeundi
2846 2208 2971 2263 bene
3022 2210 3295 2264 constituti
3337 2220 3456 2263 sunt
3500 2220 3707 2275 propter

2199 2282 2450 2363 honorem
2497 2277 2595 2333 SS.
2624 2279 2926 2343 Trinitatis,
2964 2297 3023 2332 ac
3077 2296 3140 2333 ne
3190 2281 3345 2333 otiosi
3388 2280 3705 2350 negligentes

2196 2367 2383 2404 simus.

2202 2444 2325 2495 Ideo
2358 2444 2410 2497 in
2444 2444 2622 2499 tribus
2656 2443 2998 2511 temporibus
3032 2442 3478 2496 ineluctabilihns
3513 2443 3700 2497 val-le-
3748 2460 3754 2465 '

2130 2550 2235 2603 que
2272 2538 2601 2590 necessariis
2649 2536 2700 2589 in
2729 2536 2957 2603 gloriam
2990 2546 3044 2591 et
3074 2536 3335 2589 honorem
3396 2535 3486 2589 Dei
3532 2536 3706 2590 nostri

2128 2628 2674 2695 supersubslantialis
2706 2626 2989 2681 Trinitatis
3011 2641 3203 2683 omnes
3233 2626 3348 2681 ﬁeri
3382 2626 3571 2681 laudes
3594 2625 3709 2681 dis—

2133 2730 2469 2788 posuerunt;
2522 2719 2757 2787 primum
2804 2718 3020 2787 quidem
3055 2734 3083 2771 a
3118 2717 3293 2772 media
3332 2730 3490 2772 nocte
3534 2734 3707 2787 usque

2127 2812 2194 2866 ad
2228 2825 2385 2865 mane
2419 2820 2528 2865 tres
2553 2811 2814 2865 dicuntur
2845 2810 3177 2880 agendorum
3214 2811 3436 2865 ordines
3461 2811 3525 2864 ad
3564 2826 3706 2879 pra:-

2130 2902 2416 2958 dicandam
2462 2912 2517 2957 et
2555 2902 2965 2972 gloriﬁcandam
3008 2901 3333 2956 Trinitatem
3366 2920 3379 2965 ;
3414 2918 3535 2972 qua:
3586 2916 3711 2958 sunt

2131 3006 2417 3051 nocturnae
2468 3006 2522 3049 et
2575 2996 2859 3049 matutina:
2908 2994 3102 3048 laudes
3151 3004 3312 3063 atque
3362 2995 3535 3064 prima
3576 2995 3708 3047 hora

2130 3102 2253 3156 quae
2286 3103 2380 3155 per
2423 3102 2482 3141 se
2529 3085 2747 3155 quidem
2795 3096 2900 3149 est,
2953 3085 3048 3140 sed
3106 3086 3393 3141 matutinis
3453 3087 3711 3140 laudibus

2130 3179 2379 3249 jungitur
2414 3194 2593 3248 neque
2624 3180 2769 3232 inter
2808 3186 3015 3247 septem
3070 3179 3236 3232 horas
3279 3187 3703 3230 annumeratur.

443 3273 717 3343 μουμὲνη.
772 3274 930 3327 Μετά
974 3274 1031 3326 δὲ
1080 3276 1180 3340 τὴν
1236 3274 1427 3344 τρίτην
1482 3276 1581 3344 τῆς
1611 3275 1824 3347 ἡμέρας
1874 3277 2023 3347 ὥραν

2136 3271 2331 3326 Verum
2364 3280 2483 3341 post
2514 3272 2728 3325 tertiam
2767 3270 2874 3326 diei
2903 3270 3116 3332 horam,
3157 3270 3274 3337 ipse
3306 3269 3361 3322 lit
3415 3272 3564 3322 bene
3596 3278 3709 3322 ter-

441 3367 581 3434 αὑτὴ
608 3364 672 3436 δὴ
708 3368 738 3433 ή
776 3366 871 3432 τῆς
908 3367 1103 3435 τρίτης
1153 3365 1303 3435 ὥρας
1336 3366 1651 3430 ἀκολουθία,
1687 3367 1781 3420 καὶ
1836 3370 1869 3437 ἠ
1922 3369 2026 3437 τῆς

439 3457 605 3526 ἕκτης
673 3456 811 3525 μετά
869 3458 963 3508 καὶ
1000 3445 1103 3525 τῆξ
1156 3456 1478 3519 ἀκολουθίας
1523 3459 1634 3511 τῶν
1686 3459 1934 3513 τοπικῶν
1966 3462 2055 3530 ἐι

441 3552 617 3619 τούτῳ
649 3552 724 3619 τῷ
752 3550 930 3619 καιρῷ
954 3548 1275 3619 ψάλλονται,
1311 3550 1505 3617 τριάδα
1554 3552 1878 3620 δοξολογιῶν
1930 3552 2027 3605 καὶ

440 3638 604 3699 αὗται
638 3645 948 3716 πληροῦσαι
976 3647 1056 3707 είς
1119 3643 1286 3714 τιμὴν
1332 3646 1431 3712 της
1484 3645 1807 3714 Τριάδος,εί
1856 3646 1948 3699 καὶ
1991 3647 2025 3718 ἡ

440 3740 551 3792 τῶν
580 3738 827 3792 τοπικῶν
861 3736 1016 3801 τάξις
1042 3740 1162 3798 ταῖς
1188 3737 1329 3789 ἑπτὰ
1364 3738 1636 3790 αίνέσεσιν
1656 3738 1716 3789 οὐ
1756 3739 2026 3792 συνάπτε-

442 3848 530 3883 ται
552 3832 662 3884 ,σὺν
692 3832 758 3899 τῇ
785 3829 921 3900 ἕκτῃ
948 3828 979 3899 ἢ
1011 3832 1079 3899 τῇ
1136 3829 1332 3899 ὲννάτῃ
1366 3828 1600 3881 πάντοτε
1651 3829 1973 3903 ψαλλομένη
2005 3846 2024 3866 ο

443 3924 688 3989 καίτοιγε
731 3921 834 3975 ίδία
867 3923 986 3974 ἐστὶ
1009 3921 1101 3974 καὶ
1159 3922 1277 3973 καθ’
1310 3920 1511 3990 ἑαυτὴν
1550 3924 1643 3976 καὶ
1670 3923 1834 3993 αὕτη,
1896 3926 2026 3993 περὶ

442 4008 508 4085 ἦς
543 4015 636 4067 καὶ
672 4012 807 4082 πρὸς
837 4011 1021 4077 ὀλίγον
1050 4009 1308 4083 ὲρούμεν.
1369 4011 1503 4079 Περὶ
1532 4010 1588 4062 δὲ
1625 4010 1687 4062 τὸ
1716 4011 1869 4073 τέλος
1923 4011 2024 4079 τῆς

441 4108 655 4176 ἡμέρας
691 4107 726 4173 ἡ
759 4105 857 4173 τῆς
911 4102 1138 4172 ἐννὰτης
1164 4102 1333 4171 ὥρας,
1379 4104 1409 4170 ή
1444 4101 1539 4153 τοῦ
1581 4103 1871 4172 ἑσπερινοῦ
1931 4105 2025 4157 καὶ

441 4199 550 4253 τῶν
589 4197 952 4260 ἀποδείπνων,
986 4194 1273 4256 συναπτῶς
1309 4196 1391 4256 εἰς
1421 4194 1550 4261 τρία
1584 4194 1895 4264 διῃρημένη
1931 4197 2026 4249 καὶ

447 4293 608 4361 αὕτη,
644 4291 739 4343 καὶ
769 4288 1193 4356 ἀλλεπαλλήλως
1222 4289 1278 4339 ὲν
1318 4286 1398 4337 ἐνὶ
1461 4287 1634 4354 καιρῲ
1686 4285 2023 4357 ψαλλομένη,

445 4388 543 4457 τὴν
569 4384 775 4452 Τριάδα
811 4384 905 4436 καὶ
936 4382 1075 4450 αὕτη
1110 4382 1479 4450 σημαίνουσα,
1505 4380 1599 4431 καὶ
1628 4382 1777 4450 τρεῖς
1821 4382 1920 4449 μὲν
1973 4383 2024 4434 οἱ

444 4479 535 4531 τ-ιῦ
575 4474 979 4547 ἡμερονυκτίου
1010 4474 1215 4541 καιροὶ,
1250 4476 1399 4541 τρεῖς
1428 4472 1483 4523 δὲ
1513 4474 1571 4525 ὲν
1594 4473 1810 4544 ἑκάστῳ
1845 4474 2026 4545 καιρῷ

445 4574 537 4625 καὶ
563 4574 610 4625 οἱ
640 4573 800 4640 ὕμνοι
837 4584 851 4598 ⁶
881 4568 955 4631 ὼς
996 4566 1139 4622 κατά
1177 4565 1275 4635 μὲν
1308 4567 1434 4628 τοὺς
1463 4567 1614 4633 τρεῖς
1671 4567 1901 4637 καιροὺς
1934 4585 2023 4636 μι-

2129 3364 2219 3416 tia:
2241 3364 2376 3417 ordo
2411 3372 2573 3433 atque
2605 3375 2774 3418 senae
2823 3378 2947 3417 cum
2994 3361 3187 3415 ordine
3231 3364 3534 3429 typicornm
3582 3376 3711 3429 qua:

2131 3454 2183 3508 in
2220 3456 2321 3509 hoc
2352 3463 2599 3524 tempore
2629 3457 2974 3524 psalluntur;
3003 3455 3117 3523 ipsa
3147 3456 3366 3523 quidem
3398 3458 3555 3509 trinis
3579 3471 3714 3509 eon-

2130 3556 2276 3602 stant
2308 3548 2612 3616 doxologiis
2654 3557 2707 3601 et
2729 3547 3106 3616 adimplentur
3148 3548 3207 3599 in
3234 3546 3497 3599 honorem
3530 3546 3711 3600 Trini-

2131 3640 2280 3705 tatis,
2306 3642 2409 3694 Clai
2441 3641 2746 3709 typicornm
2773 3640 2909 3693 ordo
2932 3648 3137 3707 septem
3160 3638 3569 3691 laudationibus
3604 3654 3708 3691 non

2129 3746 2360 3784 numero
2400 3731 2781 3801 eonjnngatur,
2838 3732 3053 3798 semper
3088 3745 3212 3783 cum
3247 3739 3400 3783 sexta
3459 3746 3711 3797 nonaque

2130 3823 2264 3876 hora
2295 3822 2638 3885 decantatus,
2664 3820 2791 3874 licet
2830 3822 2945 3887 ipse
2986 3821 3239 3890 proprius
3270 3819 3343 3873 sit
3366 3821 3499 3875 ordo
3526 3836 3621 3888 per
3652 3838 3711 3873 se

2129 3923 2409 3975 constans,
2444 3912 2511 3967 de
2542 3928 2651 3981 quo
2693 3926 2815 3965 mox
2860 3913 3127 3968 dicemus.
3162 3912 3331 3967 Porro
3369 3915 3513 3966 circa
3546 3913 3709 3966 tinent

2127 4007 2234 4062 diei
2272 4006 2475 4060 dicitur
2501 4006 2637 4061 ordo
2667 4021 2825 4059 nonae
2861 4006 3032 4071 hora},
3063 4004 3426 4075 Vesperarum
3461 4014 3515 4059 et
3546 4007 3711 4059 Corn-

2128 4099 2367 4171 pletorii,
2409 4098 2525 4167 ipse
2559 4112 2774 4167 quoque
2805 4098 2859 4151 in
2899 4107 3006 4152 tres
3042 4107 3227 4168 partes
3255 4099 3551 4153 continuas
3589 4099 3710 4153 dis-

2126 4196 2333 4248 tinctus
2395 4207 2458 4246 ac
2488 4192 2607 4247 sine
2645 4192 3055 4246 intermissione
3101 4192 3153 4243 in
3191 4208 3299 4247 uno
3342 4202 3586 4262 tempore
3618 4208 3710 4246 ce-

2127 4286 2396 4351 lebratus,
2421 4287 2539 4355 ipse
2572 4287 2735 4339 etiam
2765 4285 3085 4339 Trinitatem
3110 4285 3429 4351 ostendens,
3448 4289 3710 4356 quemad-

2131 4376 2352 4430 modum
2384 4376 2488 4431 tria
2521 4376 2773 4431 nocturni
2808 4374 2967 4429 oﬂicii
3002 4386 3248 4446 tempora
3280 4385 3500 4446 tresque
3528 4378 3710 4448 hymni

2132 4468 2185 4521 in
2211 4468 2457 4537 quolibet
2485 4478 2734 4539 tempore
2759 4469 2958 4524 cantati
2984 4485 2999 4537 ;
3033 4470 3105 4524 ita
3134 4481 3192 4523 ut
3215 4485 3307 4541 per
3332 4470 3431 4525 tria
3467 4481 3709 4539 tempora

2132 4576 2391 4631 magnum
2435 4561 2713 4616 Danielem
2751 4562 2994 4618 imitetur
3022 4561 3264 4619 Ecclesia
3299 4564 3391 4633 qui
3437 4572 3516 4618 ter
3544 4563 3596 4617 in
3624 4562 3712 4617 die

404 4733 420 4747 Δ
448 4634 793 4730 μεῖσθαι-τὴν
824 4660 1155 4729 Ἐκκλησίαν
1208 4658 1300 4710 τὸν
1334 4656 1593 4725 μέγιστον
1652 4634 1873 4729 Δανιὴλ,
1906 4634 2023 4728 τρὶς

2138 4653 2504 4722 precabatur,
2554 4663 2710 4724 prout
2746 4655 2802 4708 in
2838 4654 3145 4711 visionibus
3190 4656 3452 4725 scriptum
3503 4667 3606 4710 est.
3644 4657 3713 4709 At

446 4755 799 4821 καθεκὰστην
842 4751 917 4821 τῷ
957 4751 1077 4820 Θεῷ
1140 4750 1604 4821 προσευχόμενον,
1667 4751 1743 4813 ὡς
1792 4752 1850 4803 ὲν
1901 4754 2024 4816 ταῖς

444 4847 670 4916 ὁράσεσι
699 4845 1012 4914 γέγραπται
1045 4859 1057 4872 ⁸
1093 4841 1235 4898 κατά
1262 4841 1319 4894 δὲ
1356 4842 1415 4895 τὸ
1465 4841 1647 4895 τελεῖν
1694 4844 1846 4911 τρεῖς
1880 4844 2026 4912 ξάκο-

444 4939 663 5001 λουθίας
687 4941 745 4991 ὲν
772 4938 989 5005 ἑκάστῳ
1022 4937 1199 5006 καιρῷ
1228 4934 1338 4987 τῶν
1372 4933 1562 5002 τριῶν,
1602 4934 1672 4987 τὰ
1714 4934 1871 4988 ἐννέα
1935 4953 2025 5005 μι-

449 5030 671 5102 μεῖσθαι
701 5029 981 5097 τάγματα,
1017 5029 1093 5089 είς
1116 5029 1267 5099 τρεῖς
1284 5027 1508 5095 τριάδας
1527 5028 1657 5080 ὄντα
1679 5025 1756 5093 τῷ
1779 5026 2023 5099 ἀριθμῷ,

446 5126 540 5177 καὶ
575 5123 854 5193 ἀσιγήτως
885 5120 1017 5175 Θεὸν
1047 5120 1456 5190 ἀναμέλποντα.
1888 5122 1893 5125 ’

1002 5235 1254 5288 ΚΕΦΑΛ.
1286 5232 1461 5287 ΤΚΘ’.

446 5330 585 5398 Περὶ
611 5329 725 5399 τῆς
772 5330 1138 5392 ἀκολουθίας
1187 5326 1305 5381 τῶν
1351 5328 1697 5395 λεγομένων
1734 5326 2023 5383 τυπικῶν.

528 5422 592 5474 Ἡ
626 5422 682 5475 δέ
729 5439 792 5490 γε
826 5423 933 5474 τῶν
960 5419 1210 5474 τυπικῶν
1236 5419 1529 5474 ἀκολουθία
1552 5421 1702 5474 τόνδε
1737 5422 1830 5473 τὸν
1857 5421 2026 5472 τύπον

448 5512 580 5583 ἔχει,
642 5513 719 5572 είς
777 5514 962 5567 εἰκόνα
1006 5514 1126 5566 τινὰ
1168 5511 1267 5581 τῆς
1320 5513 1478 5582 ἱερᾶς
1532 5511 1899 5582 λειτουργίας,
1935 5514 2024 5566 ὅτε

447 5604 707 5671 ψάλλεται
731 5605 899 5672 χωρὶς
929 5601 1277 5672 λειτουργίας
1298 5618 1312 5633 ο
1353 5604 1400 5655 εἰ
1431 5601 1487 5653 δέ
1543 5617 1607 5669 γε
1637 5601 1875 5655 τελεῖται
1932 5606 2024 5655 καὶ

448 5696 505 5745 ἐν
528 5697 593 5765 τῇ
658 5693 990 5764 λειτουργίᾳ,
1064 5692 1238 5746 ταῦτα
1285 5692 1637 5763 προλέγεται.
1717 5694 2024 5748 Ψὰλλονται

449 5789 557 5855 γὰρ
586 5788 823 5858 ὲξαρχῆς
859 5788 959 5857 μὲν
991 5784 1087 5840 δύο
1125 5786 1331 5855 ψαλμοὶ
1358 5785 1677 5852 δοξολογίαν
1706 5787 1842 5855 πρὸς
1890 5788 2025 5840 Θεὸν

451 5879 688 5949 ἔχοντες,
724 5881 816 5936 καὶ
859 5880 967 5936 τῶν
1020 5879 1245 5949 ἀγαθῶν
1301 5878 1466 5933 αὑτοῦ
1515 5881 1855 5951 μεμνημένοι
1917 5879 2026 5934 τῶν

2134 4745 2264 4799 dum
2300 4756 2411 4802 tres
2438 4746 2659 4803 ordines
2696 4748 2959 4817 persolvit
3006 4749 3059 4802 in
3092 4747 3325 4818 singulis
3366 4747 3531 4802 trium
3566 4756 3706 4801 tem-

2132 4838 2385 4908 poribus,
2412 4854 2606 4895 novem
2642 4839 2896 4894 imitatur
2934 4839 3247 4908 angelorum
3284 4838 3503 4892 ordines
3534 4837 3706 4903 quiin

2128 4939 2242 4986 tres
2273 4932 2478 4987 triadcs
2513 4948 2745 4989 numero
2773 4932 3017 4986 distincti
3065 4931 3233 4986 Deum
3269 4930 3388 4985 sine
3416 4930 3526 4983 line
3575 4945 3707 4984 con-

2132 5028 2345 5085 celebra
2356 5038 2429 5081 nt.

2619 5235 2850 5291 CAPUT
2884 5233 3207 5291 CCCXXlX.

2596 5329 2672 5383 De
2701 5331 2891 5384 ordine
2921 5330 3235 5400 typicorum.

2199 5422 2299 5477 Iste
2329 5436 2458 5475 vero
2487 5421 2791 5489 typicorum
2827 5419 2963 5472 ordo
3008 5419 3113 5472 hoc
3143 5419 3255 5490 typi
3294 5419 3517 5473 nomine
3568 5432 3705 5487 gau-

2128 5515 2240 5576 det,
2266 5513 2522 5583 quoniam
2561 5513 2852 5581 quamdam
2887 5512 3051 5566 habet
3082 5504 3387 5581 imaginem
3412 5512 3585 5566 sancti
3618 5514 3707 5566 sa-

2130 5607 2343 5668 eriiicii,
2371 5604 2602 5673 quando
2655 5613 2951 5657 cantantur
2982 5614 3134 5658 eXIra
3166 5603 3519 5667 sacriﬁcium,
3554 5606 3697 5672 quod

2130 5701 2175 5753 si
2209 5702 2261 5751 in
2314 5687 2590 5749 sal-i-ilir-io
2620 5696 2998 5764 perficiuntur,
3030 5706 3160 5749 tunc
3199 5694 3350 5763 prius
3391 5694 3696 5762 praecinun-

2132 5801 2241 5843 tur.
2272 5787 2406 5841 Nam
2450 5788 2517 5840 ab
2557 5787 2713 5843 initio
2757 5788 2866 5841 duo
2894 5786 3207 5856 psalluntur
3244 5784 3437 5855 psalmi
3466 5784 3703 5841 doxolo-

2132 5883 2274 5952 giam
2305 5881 2569 5937 habentes
2604 5881 2667 5935 ad
2704 5878 2875 5935 Deum
2905 5920 2921 5946 ,
2952 5887 3005 5933 et
3059 5877 3444 5935 beneﬁciorum
3479 5877 3599 5948 ejus
3632 5876 3704 5932 ad
