4046 6430
301 407 402 475 601

747 469 774 486 ο

1447 409 1545 471 DE
1587 409 1833 468 SACRA
1872 406 2378 468 I’RECATlONE.

3479 397 3586 464 602

305 528 559 599 συνατιτὴ
597 528 854 598 Mys-rat;
895 520 1185 594 Ἀπαντας
1218 528 1446 597 συνάγει
1479 529 1561 592 είς
1611 527 1692 592 ἓν,
1729 527 1894 582 καθά-

2019 529 2134 583 haec
2169 523 2382 581 oratio?
2414 522 2716 580 Universos
2769 518 3056 590 coniungit
3099 517 3156 573 in
3205 530 3394 581 unum,
3426 524 3593 586 prout

305 640 412 694 περ
438 624 466 675 ὁ
501 621 699 692 Σωτὴρ
727 620 951 692 ηὔξατο.
983 620 1140 674 Μετὰ
1168 619 1267 674 τοῦ
1315 619 1449 674 λαοῦ
1507 622 1610 689 μὲν
1657 615 1756 675 οὖν
1799 621 1897 674 καὶ

304 716 430 779 τοὺς
480 713 726 785 βασιλεῖς
762 713 969 783 συνῆψε
1023 717 1121 767 καὶ
1175 715 1447 784 ἄρχοντας
1495 715 1588 767 καὶ
1640 709 1894 784 στρατόν.

315 805 462 861 Ἀλλ’
489 808 616 860 ἐπεὶ
647 807 792 876 ὑπὲρ
831 807 927 860 τοῦ
964 804 1149 859 κοινοῦ
1195 805 1592 876 ἀγωνιζόμενοξ
1628 807 1770 860 εἰσιν
1803 806 1895 861 0'3-

303 919 408 966 τοι,
435 903 532 955 καὶ
572 901 679 971 ίδίᾳ
711 901 922 954 τούτων
958 903 1264 970 μέμνηται,
1299 901 1540 953 εύδεϐῶν
1575 901 1742 970 μόνον
1767 918 1898 970 τυγ-

309 994 597 1064 χανόντων.
654 993 801 1062 Πλὴν
840 995 945 1063 ὅρα
999 992 1076 1056 ὡς
1109 993 1207 1047 καὶ
1246 994 1502 1048 ἐνταῦθα’
1529 994 1626 1048 καὶ
1674 996 1732 1048 ὲν
1773 997 1897 1058 ταῖς

307 1086 598 1150 μυστικαῖς
636 1084 824 1154 εὐχαῖς
858 1085 960 1154 τῆς
990 1085 1327 1155 ἱερουργίας,
1356 1085 1451 1137 καὶ
1480 1086 1538 1136 ὲν
1563 1087 1678 1147 τοῖς
1702 1082 1896 1137 διπτύ·

303 1194 442 1248 χοις,
467 1170 570 1230 καὶ
597 1179 657 1229 ἐν
680 1179 748 1248 τῇ
783 1177 1072 1249 τελευταίᾳ
1116 1178 1275 1249 εὐχῇ,
1307 1179 1430 1249 ἥτις
1464 1178 1895 1247 όπισθάμδωνος

301 1259 543 1337 λέγεται,
584 1267 972 1341 προτίθησινὴ
1019 1270 1322 1341 Ἐκκλησία
1360 1270 1486 1336 τούς
1518 1274 1798 1344 ἀρχιερεῖς
1829 1289 1891 1328 τε

304 1366 398 1416 καὶ
439 1363 638 1429 ἱερεῖς,
692 1362 790 1415 καὶ
840 1363 1024 1417 πάντα
1077 1363 1172 1416 τὸν
1205 1363 1428 1435 κλῆρον.
1472 1360 1604 1418 Εἶτα
1635 1367 1890 1437 ἐπιφέρει

301 1455 428 1518 τοὺς
456 1452 724 1522 βασιλεῖς,
767 1453 865 1507 καὶ
895 1453 1058 1507 τοῦτο
1099 1456 1338 1525 νόμιμον
1367 1456 1512 1509 θεῖον
1557 1456 1792 1512 ἄνωθεν.
1830 1455 1892 1510 Ὀ

299 1546 408 1613 γὰρ
442 1545 698 1615 χορηγῶν
750 1545 821 1598 τὰ
873 1545 970 1600 τοῦ
1017 1547 1301 1618 ἁγιασμοῦ
1350 1549 1751 1620 προτιμότερος
1780 1551 1893 1603 τῶν

302 1639 685 1709 ἁγιαζομένων
736 1639 890 1692 ἐστί’
925 1639 990 1692 τὸ
1036 1640 1259 1693 ἔλαττον
1295 1642 1405 1710 γὰρ
1442 1641 1548 1694 ὑπὸ
1574 1641 1669 1695 τοῦ
1701 1641 1890 1710 κρείτ-

303 1748 455 1794 τονος
481 1731 812 1800 εὐλογεῖται.
857 1732 1000 1786 Ἀλλ’
1030 1734 1132 1786 οὐκ
1159 1730 1254 1786 οἶδ’
1280 1733 1430 1797 ὅπως
1464 1733 1524 1786 εν
1550 1751 1663 1787 τισι
1690 1735 1760 1786 τὰ
1791 1734 1892 1802 τῆς

305 1823 510 1890 τάξεως
549 1823 728 1893 πάντη
761 1823 1061 1895 ἠλλοιώθη,
1109 1827 1207 1877 καὶ
1241 1824 1352 1877 τῶν
1405 1825 1690 1896 κοσμικῶν
1727 1829 1779 1880 οῖ
1814 1829 1892 1879 ίε-

2002 631 2257 691 precatus
2290 630 2376 672 est
2429 616 2704 672 Salvator.
2753 615 2923 685 igitur
2974 627 3102 670 cum
3157 610 3317 683 plebe
3365 607 3591 678 quidem

1999 728 2155 782 reges
2199 709 2488 780 cotijniuit
2536 706 2928 777 principesque
2978 713 3032 760 et
3087 701 3394 760 exercitum
3424 737 3441 766 ,
3493 697 3591 754 sed

2000 819 2124 858 eum
2161 804 2250 859 isti
2293 818 2394 873 pro
2429 801 2712 859 communi
2749 799 2895 858 bono
2927 797 3227 860 luctentur,
3254 791 3589 864 peculiarem

1999 897 2198 950 borum
2234 895 2566 950 mentionem
2611 891 2779 954 facit,
2815 903 3006 944 eorum
3033 897 3216 944 autem
3252 893 3464 939 tantum
3495 879 3591 951 qui

2005 991 2095 1059 pie
2121 989 2341 1043 vivunt.
2367 989 2643 1044 Caeterum
2675 984 2860 1055 aspice
2880 980 3157 1052 quomodo
3188 979 3274 1032 hic
3301 986 3354 1032 et
3383 976 3439 1030 in
3474 990 3592 1045 my-

1999 1083 2155 1140 sticis
2174 1083 2352 1137 sancti
2377 1079 2634 1138 sacriﬁcii
2665 1077 3038 1140 orationibus,
3065 1075 3119 1128 in
3147 1069 3426 1142 diptychis
3457 1067 3590 1122 etin

1999 1175 2191 1229 ultima
2227 1172 2616 1242 drpreratione
2649 1186 2773 1241 quae
2801 1184 2870 1224 cx
2903 1165 3170 1223 cathedra
3191 1162 3420 1225 dicitur,
3447 1172 3589 1229 pra:-

1997 1267 2153 1338 ponit
2191 1265 2450 1321 Ecclesia:
2495 1263 2783 1334 pontillces
2809 1271 2864 1316 et
2907 1260 3227 1317 sacerdotes
3256 1264 3592 1321 omnemque

1995 1360 2227 1424 ciorum,
2270 1356 2469 1413 deinde
2499 1355 2752 1425 adiungit
2799 1367 2975 1423 rcges.
3010 1351 3128 1406 Hoc
3179 1348 3326 1403 enim
3373 1346 3586 1416 justum

1995 1463 2082 1510 est
2107 1460 2162 1507 et
2193 1451 2458 1506 divinitus
2483 1451 2799 1504 institutum
2827 1464 2843 1515 ;
2881 1461 3005 1500 nam
3033 1445 3128 1514 qui
3162 1440 3354 1496 tribuit
3378 1453 3444 1492 ea
3469 1450 3592 1506 quae

1995 1546 2346 1602 sanctitatem
2368 1541 2664 1600 conferunt
2681 1536 3042 1596 sanctiﬁcatis
3063 1545 3153 1590 est
3177 1530 3551 1588 honorabilior
3572 1543 3588 1594 ;

1994 1636 2143 1707 quod
2187 1635 2334 1692 enim
2365 1633 2550 1688 minus
2596 1642 2686 1688 est
2729 1645 2764 1685 a
2811 1628 3024 1698 majore
3067 1621 3439 1707 benedicitur.
3481 1617 3591 1672 Sed

1998 1704 2185 1786 nescio
2215 1741 2387 1798 quare
2418 1725 2755 1798 quibusdam
2784 1723 2840 1776 in
2867 1720 3007 1778 locis
3038 1720 3137 1775 hic
3161 1704 3302 1774 ordo
3345 1719 3592 1769 mutatus

1999 1821 2227 1881 Omnino
2268 1821 2456 1887 fuerit,
2487 1828 2543 1875 et
2573 1830 2954 1888 saepenumero
3001 1808 3324 1869 sacerdotes
3372 1805 3430 1862 in
3481 1804 3590 1858 mi-

313 1917 540 1986 ρωμένοι
572 1917 632 1969 ὲν
657 1918 904 1971 ἐλάττονι
932 1919 1202 1982 πολλάκις
1233 1919 1547 1973 δείκνυνται
1587 1921 1764 1985 τάξει,
1792 1921 1891 1991 οὐχ

2000 1913 2119 1966 nori
2149 1911 2346 1967 ordine
2382 1925 2546 1980 quam
2595 1909 2720 1964 laici
2757 1909 3014 1964 videntur
3037 1945 3055 1970 ,
3088 1901 3312 1958 minime
3343 1898 3474 1968 quia
3506 1896 3588 1950 in-

308 2011 610 2081 ύφειμένης
637 2011 848 2074 τάξεως
875 2011 1054 2077 ὄντες,
1093 2011 1231 2066 ἀλλὰ
1265 2014 1893 2082 καταδυναστευόμενοι,

303 2103 380 2165 ὡς
406 2105 503 2156 καὶ
523 2105 582 2156 ὲν
610 2103 792 2167 ἄλλοις
826 2105 1113 2159 κάνταῦθα
1140 2107 1270 2175 περὶ
1295 2106 1363 2158 τὰ
1393 2107 1514 2160 θεῖά
1537 2123 1706 2160 τινων
1735 2125 1893 2180 περι-

301 2199 559 2269 φρονήσει
580 2203 901 2271 χρωμένων.
936 2199 1173 2272 Εὕχεται
1195 2198 1336 2272 οῦνὴ
1371 2203 1690 2274 Ἐκκλησία,
1710 2204 1895 2268 καλῶς

301 2293 396 2344 τὸν
413 2292 507 2345 τοῦ
529 2292 744 2347 Παύλου
771 2294 936 2362 νόμον
953 2294 1223 2365 τηροῦσα,
1243 2297 1385 2367 ύπέρ
1415 2314 1474 2350 τε
1492 2297 1602 2348 τῶν
1622 2297 1893 2366 βασιλέων

301 2384 398 2437 καὶ
445 2384 556 2437 τῶν
589 2386 647 2438 ὲν
681 2384 950 2458 ὑπεροχῇ.
989 2390 1085 2441 καὶ
1144 2389 1387 2458 μάλιστα
1436 2389 1554 2455 νῦν,
1589 2391 1893 2444 τελούντων

297 2477 514 2531 τούτων
554 2480 807 2544 πιστῶν,
874 2483 966 2535 καὶ
1009 2483 1153 2555 ὑπὲρ
1202 2483 1300 2534 τοῦ
1351 2484 1734 2553 συμπολεμεῖν
1793 2486 1892 2538 αύ-

298 2571 414 2634 τοῖς
440 2571 532 2624 τὸν
559 2571 714 2638 Θεὸν,
748 2574 1079 2628 ὑποτάττειν
1109 2593 1168 2628 τε
1200 2576 1384 2639 αὐτοῖς
1413 2577 1542 2640 τοὺς
1571 2577 1891 2648 πολεμίους,

300 2663 391 2716 [va
415 2664 508 2717 καὶ
541 2664 704 2735 ἡμεῖς
735 2665 948 2737 ἤρεμον
975 2667 1072 2722 καὶ
1103 2669 1335 2740 ἡσύχιον
1367 2668 1484 2738 βίον
1533 2669 1782 2740 ἄγωμεν,
1822 2671 1893 2726 τὰ

298 2757 400 2826 τῆς
432 2758 714 2822 εὐσεϐείας
746 2761 805 2812 ὲν
851 2760 1146 2831 σεμνότητι
1184 2761 1605 2833 συντηροῦντες.
1652 2764 1808 2818 Ἐπεὶ
1835 2764 1894 2818 δὲ

301 2851 397 2902 καὶ
424 2851 690 2922 φρουρίου
729 2852 890 2923 χρεία
923 2854 1082 2926 ημῖν,
1129 2853 1207 2918 ὡς
1235 2855 1467 2908 καὶτῶν
1505 2857 1895 2928 φρουρούντων

302 2943 604 3013 ἀρχόντων,
642 2947 737 2998 καὶ
772 2948 874 3017 τῆς
917 2947 1270 3019 φρουρούσης
1319 2949 1744 3021 ὑπερευχόμεθα
1794 2951 1896 3006 πό·-

300 3033 456 3098 λεως,
479 3037 573 3090 καὶ
603 3035 694 3092 διὰ
718 3039 815 3108 τὴν
844 3039 1092 3111 ἀγάπην,
1113 3041 1210 3095 καὶ
1235 3041 1428 3111 λοιπῆς
1456 3043 1639 3114 πάσης
1663 3042 1891 3107 πόλεως’

301 3127 383 3179 ἔτι
416 3127 474 3180 δὲ
509 3127 695 3200 χώρας
724 3129 972 3202 ἁπάσης,
1001 3132 1206 3186 ὅτιούκ
1237 3135 1293 3186 ὲν
1327 3135 1519 3188 πόλεσι
1551 3136 1734 3204 μόνον,
1760 3135 1897 3190 ἀλλὰ

1999 2005 2215 2060 ferioris
2251 2007 2364 2059 sint
2409 2003 2642 2066 ordinis,
2685 2001 2778 2058 sed
2824 2000 2957 2070 quia
3006 1997 3413 2068 deprimuntur,
3450 2006 3593 2045 nonv

1996 2098 2165 2152 nullis
2194 2098 2340 2153 sicut
2363 2097 2418 2152 in
2441 2096 2566 2151 aliis
2595 2094 2839 2160 casibus,
2877 2095 2951 2148 ita
2977 2103 3031 2150 et
3052 2092 3106 2146 in
3144 2091 3263 2146 istis
3293 2086 3591 2159 quemdam

1996 2194 2142 2246 circa
2183 2192 2366 2246 divina
2386 2200 2762 2260 contemptum
2788 2186 3225 2244 ostentantibus.
3261 2183 3394 2240 Orat
3425 2183 3591 2253 igitur

1998 2285 2270 2350 Ecclesia,
2303 2293 2455 2339 recte
2488 2294 2706 2339 servata
2736 2281 2892 2338 Pauli
2939 2281 3084 2351 lege,
3134 2294 3234 2352 pro
3282 2276 3506 2346 regibus
3537 2283 3593 2328 et

1997 2379 2254 2432 omnibus
2281 2377 2377 2446 qui
2409 2377 2465 2430 in
2488 2375 2826 2432 sublimitate
2850 2382 3005 2438 sunt,
3035 2383 3090 2429 et
3111 2385 3259 2432 nunc
3285 2366 3592 2439 praesertim

1997 2486 2123 2524 cum
2162 2470 2251 2525 isti
2297 2470 2489 2531 ﬁdeles
2545 2470 2682 2534 sint,
2739 2479 2798 2524 ut
2827 2467 2976 2522 Deus
3005 2481 3130 2522 cum
3161 2463 3244 2519 eis
3273 2469 3504 2533 pugnet,
3537 2467 3594 2513 et

1999 2566 2266 2622 iniiieos
2295 2566 2376 2621 eis
2406 2565 2690 2637 subjiciat,
2739 2573 2800 2618 ut
2836 2579 2937 2619 nos
2983 2575 3206 2632 quoque
3250 2558 3492 2627 quietam
3539 2568 3593 2610 ct

1997 2658 2350 2726 tranquillam
2387 2658 2554 2711 vitam
2601 2671 2853 2724 agamus,
2887 2655 3147 2723 pietatem
3181 2660 3234 2706 et
3265 2652 3582 2706 castitatem

1997 2753 2552 2820 servanteansuper
2577 2766 2702 2803 cum
2735 2749 2987 2806 custodia
3025 2746 3395 2814 indigeamus,
3419 2749 3588 2799 etiam
3621 2798 3625 2801 ,

1998 2853 2098 2913 pro
2127 2844 2564 2899 custodientibus
2613 2842 2961 2912 principibus
2991 2850 3048 2896 et
3079 2856 3179 2911 pro
3226 2839 3592 2896 custodienti-

1999 2937 2102 2992 bus
2130 2935 2348 2991 civibus
2375 2937 2736 2992 obsecramus
2761 2974 2778 3000 ,
2810 2934 2879 2990 ad
2914 2935 3018 2990 hoc
3040 2935 3193 2990 enim
3222 2934 3472 2992 cbaritas
3502 2932 3591 2988 in-

1999 3032 2160 3097 vitat,
2195 3045 2414 3087 necnon
2447 3045 2546 3100 pro
2599 3030 2806 3099 reliqua
2838 3029 3096 3095 civitate,
3128 3031 3241 3083 imo
3273 3037 3328 3083 et
3360 3042 3464 3098 pro
3501 3041 3593 3084 re.-

1999 3124 2168 3195 gione
2197 3124 2486 3187 universa,
2519 3123 2780 3192 quoniam
2825 3137 2935 3178 non
2977 3123 3035 3178 in
3081 3121 3310 3178 urbibus
3352 3131 3592 3189 tantum,

303 3219 399 3271 mi.
431 3221 489 3272 ἐν
536 3220 756 3292 κώμαις
801 3222 1089 3296 οἰκοῦμεν.
1142 3225 1297 3279 Ἐπεὶ
1345 3226 1402 3279 δὲ
1434 3227 1640 3291 σκοπὸς
1668 3230 1764 3282 τοῦ
1794 3229 1894 3293 τὰς

2001 3217 2097 3274 sed
2129 3218 2182 3272 in
2216 3217 2353 3272 vicis
2379 3231 2602 3288 quoque
2633 3216 2949 3274 habitamus
2983 3233 2998 3284 ;
3033 3231 3228 3272 verum
3259 3233 3384 3271 cum
3419 3217 3591 3273 urbes

302 3310 488 3374 πόλεις
525 3313 708 3383 μένειν
733 3314 821 3368 διὰ
853 3317 981 3379 τοὺς
1023 3316 1393 3382 ἐνοικοῦντας,
1428 3319 1524 3370 καὶ
1569 3318 1677 3374 τῶν
1708 3319 1892 3372 πίστει

303 3407 472 3474 φησὶν
503 3407 801 3461 οἰκούντων
849 3409 909 3461 ὲν
957 3411 1171 3476 αὑταῖς,
1218 3412 1301 3464 ὅτι
1352 3412 1454 3465 οὐκ
1506 3413 1624 3476 ἐξὸν
1673 3413 1894 3467 ἀσεϐῶν

303 3497 730 3570 ὕπερεύχεσθαι.
778 3500 932 3552 Ἐπεὶ
961 3501 1017 3554 δέ
1053 3519 1118 3570 γε
1155 3503 1318 3558 πάλιν
1362 3503 1471 3556 τῶν
1508 3507 1892 3560 συνιστὼντων

301 3593 373 3646 τὰ
400 3593 631 3663 σώματα
669 3594 970 3666 χρῄζομεν,
1005 3596 1180 3651 ταῦτα
1232 3598 1291 3651 δὲ
1341 3597 1416 3660 ὡς
1475 3600 1570 3653 καὶ
1621 3603 1783 3669 ἡμεῖς
1828 3605 1893 3655 ὲκ

301 3684 458 3746 Θεοῦ,
492 3684 638 3755 ὑπὲρ
666 3686 960 3755 εὐκρασίας
991 3686 1193 3754 ἀέρων,
1239 3689 1395 3756 φησι,
1431 3686 1520 3739 διὰ
1551 3686 1613 3739 τὸ
1653 3688 1892 3756 ὑγιεινὶν

300 3777 409 3830 τῶν
442 3781 736 3848 σωμάτων,
772 3779 1032 3850 εὐφορίας
1063 3779 1172 3832 τῶν
1205 3781 1436 3850 καρπῶν
1475 3783 1576 3849 τῆς
1630 3783 1758 3852 γῆς,
1805 3783 1892 3836 διὰ

300 3871 361 3923 τδ
391 3871 491 3941 τῆς
520 3873 730 3943 τροφῆς
773 3873 1058 3944 χρειῶδες.
1094 3877 1190 3930 καὶ
1223 3875 1430 3946 καιρῶν
1459 3876 1778 3944 εἰρηνικῶν,
1806 3876 1893 3929 διὰ

301 3964 364 4017 τὸ
416 3967 779 4028 συστατικοὺς
815 3965 1042 4029 τούτους
1095 3967 1194 4036 τῆς
1242 3966 1389 4036 ζωῆς
1443 3963 1610 4033 εἶναι,
1648 3967 1742 4020 καὶ
1791 3969 1891 4037 τῆς

300 4059 494 4129 χρείας
551 4060 708 4130 ἡμῶν
759 4060 853 4113 καὶ
906 4059 1223 4123 πολιτείας·
1278 4059 1599 4125 στενώσεως
1635 4061 1746 4132 γὰρ
1795 4064 1892 4115 καὶ

305 4150 512 4222 φθορᾶς
542 4154 596 4205 αί
626 4154 868 4222 ταραχαὶ
901 4153 1178 4222 πρόξ;ν;ι.
1214 4151 1341 4203 Ὅτι
1377 4151 1433 4204 δὲ
1469 4153 1632 4207 πάλιν
1663 4154 1892 4209 πλεῖστα

305 4250 376 4302 τὰ
424 4250 792 4319 συμϐαίνοντα
836 4252 892 4304 ἐν
929 4253 1038 4314 τοῖς
1080 4251 1240 4319 ζῶστ,
1293 4251 1390 4306 real.
1422 4254 1682 4320 διάφορος
1718 4253 1818 4323 μὲν
1857 4255 1892 4324 ἠ

309 4347 462 4417 βιοτὴ
495 4348 591 4399 καὶ
641 4347 701 4398 τὸ
748 4346 1106 4417 ammissum,
1152 4347 1249 4400 καὶ
1295 4349 1363 4402 τὰ
1405 4347 1784 4418 συμϐαίνοντα
1833 4349 1894 4404 δὲ

305 4441 562 4510 διάφορα,
606 4440 749 4512 ὑπὲρ
797 4441 1052 4495 ἁπάντων
1079 4441 1217 4510 ὁμοῦ
1259 4442 1456 4504 κοινῶς
1481 4442 1756 4514 εὐχομένη
1785 4462 1891 4514 φη-

305 4536 412 4599 σὶν,
465 4534 608 4604 ὑπὲρ
645 4536 942 4600 πλεόντων,
995 4535 1084 4587 διὰ.
1118 4536 1247 4599 τοὺς
1279 4537 1337 4588 ὲν
1387 4535 1656 4607 θαλάσσῃ,
1683 4537 1894 4591 660nm-

2000 3326 2110 3366 non
2144 3318 2404 3364 maneant
2436 3311 2538 3364 nisi
2575 3317 2798 3380 propter
2823 3310 3064 3371 incolas,
3095 3323 3391 3380 precamur
3424 3309 3590 3364 etiam

2004 3422 2024 3456 ι
2061 3418 2159 3474 pro
2208 3403 2487 3464 ﬁdelibus,
2524 3403 2723 3472 inquit,
2761 3402 3141 3457 habitantibus
3172 3402 3228 3455 in
3259 3403 3364 3466 eis,
3402 3417 3421 3452 ι
3463 3404 3592 3470 quia

1997 3511 2109 3551 non
2140 3496 2265 3550 licct
2295 3510 2392 3564 pro
2415 3495 2728 3551 inﬁdelibus
2772 3496 3088 3564 deprecari.
3120 3494 3188 3549 Et
3231 3510 3425 3550 rursus
3457 3511 3594 3565 quo-

1999 3588 2145 3641 niam
2171 3588 2259 3642 his
2282 3589 2589 3659 indigemus
2611 3591 2812 3658 quibus
2841 3598 3189 3644 sustentatur
3215 3604 3439 3658 corpus,
3474 3591 3592 3644 hate

1998 3693 2184 3738 autem
2217 3684 2363 3738 sicut
2397 3695 2448 3738 et
2487 3698 2586 3737 nos
2621 3684 2734 3738 sint
2763 3698 2792 3737 a
2826 3683 2975 3750 Deo,
3005 3699 3231 3739 oramus
3268 3703 3287 3736 ι
3319 3700 3419 3754 pro
3451 3693 3590 3740 teni-

2001 3778 2151 3847 perie
2182 3776 2351 3841 aeris,
2387 3775 2592 3845 inquit,
2628 3791 2727 3845 pro
2755 3778 2992 3832 sanitate
3017 3791 3334 3845 corporum,
3368 3792 3465 3848 pro
3495 3793 3591 3835 co-

1996 3873 2087 3942 pia
2127 3871 2403 3926 fructuum
2435 3881 2627 3938 terrae;
2667 3894 2684 3922 ι
2723 3881 2948 3942 propter
2985 3872 3277 3927 utilitatem
3311 3873 3585 3942 ciborum,

1999 3979 2211 4018 necnon
2249 3982 2266 4014 ι
2304 3977 2402 4032 pro
2442 3965 2843 4033 tranquillitate
2889 3950 3198 4036 temporum
3227 4005 3241 4028 ,
3276 3985 3294 4017 ι
3329 3983 3452 4021 cum
3481 3968 3588 4025 ista
3639 3989 3644 3992 ·

1997 4061 2163 4114 vitam
2208 4061 2521 4115 sustineant
2569 4075 2816 4130 ususque
2868 4071 3090 4116 nostros
3121 4071 3174 4116 et
3208 4064 3586 4120 conversatio-

1999 4169 2158 4219 nem;
2197 4155 2482 4224 angustias
2525 4153 2671 4208 enim
2705 4161 3053 4223 mortemque
3081 4161 3344 4222 generant
3375 4155 3584 4208 tumul-

1998 4254 2108 4300 tus.
2137 4245 2334 4302 Verum
2362 4245 2622 4314 quoniam
2649 4245 2818 4299 multa
2851 4253 3122 4315 suntquae
3147 4245 3462 4308 viventibus
3493 4261 3587 4303 ac-

1999 4339 2215 4403 cidunt,
2246 4349 2300 4393 et
2335 4339 2551 4394 diversa
2600 4337 2824 4408 quidem
2857 4337 2971 4392 vita
3005 4353 3294 4408 moresque
3337 4339 3586 4409 diversi,

1998 4436 2221 4491 diversa
2251 4432 2418 4488 etiam
2445 4449 2508 4488 ea
2534 4448 2656 4502 quae
2687 4433 2968 4498 accidunt,
3007 4451 3026 4484 ι
3063 4448 3163 4501 pro
3208 4434 3483 4492 universis
3513 4437 3589 4491 si-

2000 4533 2112 4582 mul
2146 4532 2199 4581 in
2226 4525 2509 4581 communi
2543 4525 2926 4596 deprecemur,
2971 4545 2991 4579 ι
3049 4527 3251 4598 inquit,
3299 4542 3398 4599 pro
3426 4531 3584 4585 navi-

309 4627 567 4698 ρούντων,
599 4628 696 4682 διὰ
715 4631 842 4692 τοὺς
874 4627 1298 4698 ἀποδημοῦντας
1327 4627 1416 4682 διὰ
1447 4606 1644 4698 ξηρᾶς,
1678 4630 1894 4684 νοσούν-

2003 4623 2286 4692 gantibus,
2319 4635 2510 4676 eorum
2541 4619 2716 4690 gratia
2744 4619 2838 4691 qui
2875 4620 2932 4675 in
2975 4622 3112 4676 mari
3147 4629 3300 4686 sunt,
3334 4638 3434 4693 pro
3466 4623 3592 4679 viae

304 4739 434 4787 των,
465 4720 585 4774 οἷαν
620 4738 702 4784 τις
735 4723 886 4774 νοσεῖ
933 4721 1114 4786 νόσον,
1148 4721 1474 4791 καμνόντων
1529 4721 1627 4774 καὶ
1662 4721 1894 4778 τῶνκα-

307 4815 579 4878 πιιῖαντων,
629 4814 726 4868 καὶ
773 4815 883 4868 τῶν
932 4813 1454 4887 περιστατουμένων
1504 4815 1892 4890 αίχμαλώτων,

307 4907 417 4962 τῶν
450 4908 508 4960 ὲν
546 4907 815 4970 δουλείαις
851 4906 1046 4970 ὄντων,
1083 4906 1180 4960 καὶ
1212 4906 1427 4966 πάντας
1479 4905 1893 4974 συναγαγοῦσαι,

306 5001 406 5068 τῆς
439 4998 714 5069 σωτηρίας
748 4998 930 5053 αὐτῶν
976 4995 1370 5068 ύπερεύχεται.
1419 4996 1586 5067 Ὁρᾷς
1627 4998 1728 5066 τὴν
1767 4997 1894 5050 Ἐκ·-

313 5090 543 5161 κλησίαν
590 5091 683 5143 τὸν
738 5089 872 5142 Θεὸν
929 5089 1280 5161 μιμουμένην
1333 5087 1430 5141 καὶ
1480 5089 1898 5160 προνοουμένην

311 5185 605 5251 anitatem;
638 5181 950 5244 Μανθάνεις
975 5182 1032 5234 δὲ
1063 5182 1158 5233 καὶ
1191 5179 1342 5239 ὅπως
1370 5181 1583 5243 πάντας
1607 5183 1895 5246 συνάπτει,

310 5278 407 5330 καὶ
441 5277 584 5345 ὑπὲρ
615 5278 872 5329 ἁπάντων
904 5274 1126 5345 εὔχεται
1145 5274 1295 5342 λΔιὰ
1319 5274 1479 5328 τοῦτο
1511 5274 1620 5344 ἄρα
1651 5274 1899 5346 συναπτὴ

314 5369 454 5439 αὕτη
483 5372 514 5439 ἡ
546 5370 680 5440 εὐχὴ
708 5370 948 5435 λέγεται.

385 5461 521 5516 Εἶτα
554 5462 695 5532 μετὰ
725 5462 783 5515 τὸ
818 5462 982 5534 234
1017 5461 1250 5515 καλέσαι
1277 5462 1488 5522 πάντας
1521 5463 1602 5526 είς
1627 5462 1725 5531 τὴν
1757 5464 1903 5533 ὑπὲρ

313 5557 532 5610 πάντων
605 5557 794 5626 εὐχὴν,
849 5558 944 5607 καὶ
988 5557 1248 5625 δεηθῆναι
1307 5557 1450 5624 ὑπὲρ
1505 5555 1754 5626 ἀλλήλων
1809 5575 1900 5611 κε-

313 5650 525 5715 λεῦσαι,
566 5652 709 5704 κατὰ
741 5655 840 5719 την
892 5647 1260 5718 ἁποστολικὴν
1316 5648 1560 5717 ἐντολὴν,
1611 5649 1748 5718 πρὸς
1806 5650 1898 5704 τὸν

313 5743 612 5813 δυνάμενον
669 5741 855 5796 δοῦναι
903 5743 1082 5795 πάντα
1132 5742 1424 5811 στρέφεται
1477 5743 1572 5794 καὶ
1620 5743 1899 5796 ἀνατείνε-

311 5851 405 5888 ται
455 5834 689 5905 Κύριον·
751 5833 844 5888 καί
909 5851 1096 5904 φησιν,
1149 5851 1168 5886 ι
1215 5832 1568 5888 Ἀντιλαϐοῦο
1611 5852 1631 5886 r
1686 5835 1769 5888 ὅτι
1833 5835 1898 5889 σὺ

317 5930 476 6000 μόνος
539 5929 825 6004 ἀντίληψις
881 5929 1005 5985 τῶν
1037 5927 1290 6003 ¹ἀσθενῶν
1352 5931 1456 5986 καὶ·
1505 5928 1898 6002 ἀπολλυμένων

2003 4715 2237 4783 toribus,
2269 4731 2462 4771 eorum
2492 4715 2666 4786 gratia
2701 4715 2797 4784 qui
2839 4715 2894 4770 in
2944 4726 3092 4771 terra
3124 4718 3584 4787 peregrinantur,

2003 4824 2102 4878 pro
2130 4807 2552 4878 aegrotantibus,
2603 4811 2939 4876 quocunque
2974 4807 3179 4862 morbo
3219 4813 3448 4876 aegrotet
3489 4808 3592 4862 ali-

1958 4914 1961 4916 '
2001 4904 2150 4972 quis,
2184 4917 2284 4974 pro
2317 4900 2700 4956 laborantibus
2732 4909 2786 4952 et
2813 4896 3077 4968 fatigatis,
3109 4912 3208 4966 pro
3259 4898 3490 4968 captivis
3533 4908 3589 4955 et

2000 5010 2099 5065 pro
2132 4994 2307 5049 servis
2333 5009 2349 5061 ;
2381 5009 2503 5063 qua:
2524 4993 2701 5048 oratio
2720 5005 2914 5045 omnes
2942 4990 3230 5058 complexa
3262 5005 3364 5060 pro
3389 5006 3589 5055 eorum

2001 5088 2177 5141 Salute
2211 5085 2557 5153 deprecatur.
2607 5080 2852 5137 Videsne
2901 5079 3203 5135 Ecclesiam
3245 5080 3413 5136 Deum
3466 5083 3598 5142 inii:

2002 5185 2210 5233 tantem
2244 5186 2300 5231 ct
2337 5178 2598 5231 omnibus
2647 5174 3068 5245 providentem?
3121 5173 3374 5231 Discisnc
3418 5176 3584 5232 etiam

2001 5270 2283 5342 quomodo
2332 5285 2526 5325 omnes
2571 5267 2859 5337 conjungit
2900 5275 2954 5321 et
2983 5280 3080 5337 pro
3129 5267 3388 5326 omnibus
3421 5269 3594 5325 orat?

2001 5365 2128 5421 ldco
2161 5367 2328 5438 igitur
2357 5365 2654 5435 conjuncta
2691 5372 2914 5416 vocatur
2944 5363 3061 5418 haec
3087 5365 3286 5422 oratio.

2075 5467 2144 5516 At
2180 5469 2469 5531 postquam
2504 5473 2697 5512 omnes
2727 5457 3011 5511 vocaverit
3061 5455 3129 5510 ad
3171 5461 3439 5512 orandum
3491 5473 3594 5528 pro

2002 5557 2280 5622 omnibus,
2317 5565 2368 5606 et
2394 5552 2622 5622 jusserit
2659 5565 2758 5620 pro
2791 5549 3021 5604 invicem
3055 5551 3362 5619 deprecari,
3397 5565 3594 5606 secun-.

2003 5652 2132 5706 dum
2171 5649 2486 5701 mandatum
2513 5645 2876 5716 Apostoli,ad
2919 5660 3046 5699 eum
3095 5644 3189 5712 qui
3232 5643 3415 5696 omnia
3459 5643 3593 5697 dare

2006 5751 2185 5813 potest
2218 5741 2511 5795 Dominum
2554 5739 2896 5794 convertitur
2944 5746 2999 5793 et
3066 5737 3322 5803 intendit,
3355 5736 3545 5792 dicens
3575 5755 3592 5790 :

2010 5855 2028 5888 ι
2062 5835 2297 5905 Adjuva,
2324 5852 2343 5886 ο
2375 5832 2634 5906 quoniam
2666 5841 2722 5887 tu
2754 5834 2904 5888 solus
2931 5829 3084 5886 nobis
3115 5828 3334 5899 adiutor
3361 5829 3594 5884 csintlr-

2007 5930 2110 5987 niis
2133 5929 2185 5988 et
2215 5930 2574 6002 pereuntibus
2596 5945 2610 5996 ;
2634 5930 2833 5995 «salva,
2852 5946 2869 5979 ι
2906 5925 3167 5998 quoniam
3195 5931 3253 5979 tu
3271 5923 3422 5982 solus
3451 5922 3594 5994 peti-
