4046 6438
469 383 577 445 603

1305 383 1444 442 SYM
1462 379 1608 440 EON
1621 381 1687 438 IS
1713 378 1816 437 ΤΗ
1827 373 2158 436 ESSALON
2172 375 2476 434 ICENSIS
2519 379 2558 433 A
2571 374 2880 436 RCHIEP.

470 503 783 557 clitantium
813 511 864 556 ct
904 501 1315 572 despcratorum
1345 500 1598 555 Salvator
1625 515 1640 566 ;
1672 517 1689 548 ι
1719 497 2006 558 miserere,
2035 513 2054 546 ι

2172 494 2346 562 ἡμῶν.
2390 512 2410 546 ι
2449 493 2656 559 Σῶσον,
2703 513 2722 546 ι
2769 494 2854 548 ὅτι
2902 496 2968 548 σὺ
3030 494 3194 563 μόνος
3243 495 3355 550 τῶν
3414 495 3767 551 κινδυνευόν-

467 597 730 660 quoniam
759 595 896 648 nihil
930 595 1100 650 habes
1145 611 1175 648 a
1215 593 1397 658 nobis,
1437 593 1542 646 nisi
1581 592 1838 644 misertus
1871 587 2066 650 fueris,

465 688 556 751 qui
598 688 913 742 misericors
937 703 1019 750 es,
1046 697 1128 741 «et
1153 688 1389 747 custodi.
1408 706 1426 738 ι
1457 685 1716 755 quoniam
1742 683 1900 736 multi
1936 687 2068 736 sunt

466 782 744 834 irruentes
768 791 821 834 et
851 782 1173 837 tribulantes
1206 780 1388 846 multi,
1449 781 1709 848 solusque
1756 792 1858 832 nos
1914 785 2070 847 potes

467 873 768 937 custodire,
802 873 968 938 Deus,
1015 875 1070 928 in
1106 873 1279 944 gratia
1304 881 1416 936 tua,
1453 871 1675 925 minime
1703 885 1770 925 ex
1809 868 2069 937 operibus

468 966 679 1020 nostris
709 1004 726 1028 ,
758 981 861 1020 nec
891 983 952 1020 ex
981 966 1359 1036 deprecatione
1387 971 1611 1030 nostra;
1643 976 1763 1015 nam
1796 959 2065 1014 immundi

472 1072 689 1122 sumus,
728 1069 1028 1128 nostraque
1058 1067 1187 1112 sunt
1227 1054 1536 1120 immunda,
1575 1054 1670 1108 sed
1723 1054 1778 1105 in
1813 1060 1905 1104 tua
1940 1060 2066 1104 tan-

469 1161 584 1204 tum
619 1151 838 1218 gratia;
897 1152 1229 1220 praecipuum
1293 1157 1474 1202 autem
1521 1145 1726 1200 donum
1785 1141 2068 1214 Unigeniti

471 1247 774 1302 incarnatio
811 1260 932 1313 quae
961 1254 1016 1299 et
1050 1243 1226 1314 gratia
1260 1241 1584 1312 appellatur.
1646 1237 1745 1292 llis
1773 1237 2066 1291 Dominum

467 1335 968 1392 misericordiarum
997 1335 1254 1388 obsecrat
1293 1329 1554 1386 sacerdos
1587 1345 1603 1392 ;
1641 1338 1698 1381 at
1726 1329 1773 1381 si
1806 1328 2068 1381 diaconus

464 1443 525 1481 ea
554 1427 891 1498 pronuntiat,
922 1425 1114 1479 eadem
1156 1439 1253 1493 per
1275 1431 1545 1478 secretam
1579 1422 1883 1475 orationem
1918 1419 2070 1474 intus

461 1520 791 1590 deprecatus
825 1518 1086 1572 sacerdos
1153 1531 1255 1570 nos
1307 1517 1558 1569 hortatur
1599 1522 1658 1567 ut
1705 1528 1833 1581 erga
1900 1511 2064 1567 Deum

463 1607 959 1664 commendationis
979 1608 1086 1661 ritu
1122 1607 1442 1676 fungamur.
1481 1605 1638 1661 Disce
1661 1622 1794 1660 vero
1829 1606 2068 1660 salutare

464 1712 521 1758 ct
551 1703 828 1757 mirabile.
867 1721 885 1752 ι
927 1700 1324 1762 Sanctissimae,
1353 1699 1452 1761 ait,
1501 1708 1556 1752 et
1612 1698 1999 1764 immaculata,
2041 1716 2062 1749 ι
2108 1751 2124 1768 ,

465 1809 520 1851 ct
554 1807 772 1860 czetera,
808 1795 1080 1864 prmconia
1118 1793 1416 1847 admodum
1462 1791 1751 1846 laudabilis
1795 1791 2058 1860 Deiparae,

467 1898 632 1956 prout
663 1888 838 1953 decet,
875 1888 1160 1954 adjicicns.
1236 1885 1537 1954 Postq‘uam
1591 1899 1786 1939 omnes
1839 1893 2063 1938 sanctos

470 1981 983 2043 memoraveriinus,
1048 1979 1306 2033 videlicet
1364 1990 1560 2032 nucem
1627 1984 1944 2029 sanctorum
2011 1984 2066 2029 et

466 2082 749 2128 auctorem
773 2071 1258 2132 sanetilicationis,
1294 2048 1510 2122 necnon
1545 2083 1889 2121 communem
1945 2083 2064 2121 me-

469 2164 754 2218 diatricem
783 2163 1144 2228 divinumque
1169 2161 1604 2214 instrumentum
1638 2174 1732 2228 per
1766 2159 1911 2227 quod
1958 2158 2067 2212 sal-

468 2255 578 2308 vati
615 2269 808 2307 sumus
831 2263 993 2320 atque
1025 2253 1271 2306 omnium
1303 2267 1398 2320 per
1416 2266 1533 2304 eam
1561 2253 2063 2313 sanctilicatorum,

469 2361 594 2400 cum
625 2360 688 2422 ςιι
728 2352 913 2397 nostra
943 2343 1056 2397 εἰηι
1086 2353 1282 2395 natura
1311 2357 1376 2396 ac
1422 2343 1490 2395 de
1524 2343 1702 2396 salute
1733 2352 1925 2395 nostra
1958 2340 2068 2395 801·

470 2439 603 2492 liciti
637 2437 796 2491 nobis
820 2452 1144 2490 succurrere
1178 2436 1391 2504 possint
1421 2435 1514 2503 qui
1574 2449 1673 2503 pro
1741 2434 1912 2502 gloria
1972 2432 2064 2488 Dei

469 2536 839 2590 centavernnt,
867 2528 986 2590 hos,
1010 2527 1212 2594 inquit,
1238 2536 1525 2594 postquam
1551 2526 2063 2588 memoraverimus,

467 2626 590 2677 loco
629 2623 822 2675 vocis:
881 2620 949 2674 ad
1007 2620 1380 2673 auxiliandum
1442 2619 1912 2681 advocaverimus,
1969 2634 2065 2673 seu

470 2715 736 2770 recordati
779 2704 970 2780 eorum
1028 2723 1087 2767 ut
1147 2714 1285 2766 bene
1355 2711 1421 2766 de
1471 2712 1632 2766 nobis
1682 2711 2063 2774 recordentur,

469 2809 858 2874 nosmetipsos,
885 2808 1012 2875 quia
1049 2821 1149 2860 nos
1206 2804 1316 2857 Deo
1347 2805 1608 2858 debemus
1661 2811 1826 2866 totos,
1883 2803 2067 2870 proxi-

405 2963 408 2974 τ
471 2917 716 2971 mosque,
746 2904 874 2971 quia
939 2914 1040 2954 nos
1084 2899 1316 2953 invicem
1375 2898 1602 2965 diligere
1655 2897 1793 2964 jussi
1851 2912 2064 2963 sumus,

469 3011 800 3064 omnemque
836 2995 1004 3048 vitam
1045 3001 1312 3056 nostram,
1351 3002 1543 3060 utpote
1567 2989 1661 3044 cui
1711 2992 1853 3045 Deus
1889 2991 2072 3057 provi-

469 3091 582 3151 det,
628 3096 682 3139 et
713 3090 915 3155 pariter
940 3091 1158 3140 nostras
1186 3087 1237 3138 in
1266 3099 1328 3137 ea
1355 3085 1739 3152 cogitationes,
1783 3099 2067 3139 sermones

2173 605 2282 641 των
2311 587 2408 640 καὶ
2445 587 2885 658 ἀπηλπισμένων
2932 588 3161 660 Σωτήρ’
3205 607 3225 640 ι
3281 589 3578 659 Ἐλέησον,
3616 609 3633 643 ι
3682 593 3772 646 ὅτι

2175 681 2330 734 οὐδὲν
2371 681 2516 750 ἔχεις
2551 681 2647 749 ἀφ’
2697 681 2876 750 ἡμῶν,
2913 683 2964 734 εξ
3015 683 3090 751 μὴ
3143 682 3393 751 ἐλεήσεις
3423 685 3451 736 ό
3485 683 3762 754 ἐλεήμων,

2183 789 2202 823 r
2233 773 2343 824 Kal
2371 771 2700 840 διαφύλαξον
2721 787 2735 802 ο
2779 789 2797 821 ι
2825 771 2908 823 ὅτι
2940 773 3127 824 πολλοὶ
3158 775 3207 826 oi
3233 773 3660 842 ἐτυεμϐαίνοντές
3701 791 3758 826 τε

2176 866 2271 918 καὶ
2313 865 2614 928 θλίϐοντες,
2649 857 2766 918 ’καὶ
2805 864 2964 934 μόνος
2997 864 3224 918 δύνασαι
3262 867 3556 935 φυλάττειν
3585 871 3762 939 ἡμᾶς,

2173 959 2202 1010 ό
2233 956 2390 1020 Θεὸς,
2425 958 2490 1024 τῇ
2527 957 2591 1024 σῇ
2619 954 2835 1026 χάριτιο
2868 955 2970 1008 οὐκ
3001 957 3065 1008 ἐκ
3089 955 3199 1008 τῶν
3235 957 3522 1026 ἡμετέρων
3556 959 3758 1028 ἔργων,

2174 1047 2288 1101 οὐδ’
2348 1049 2412 1100 ἐκ
2471 1048 2570 1115 τῆς
2635 1047 2796 1116 ἡμῶν
2851 1047 3087 1112 ἱκεσίας,
3137 1049 3439 1120 ἀκάθαρτοι
3487 1053 3616 1121 γάρ,
3664 1053 3763 1105 καὶ

2174 1138 2466 1208 ἀκάθαρτα
2495 1139 2563 1190 τά
2585 1139 2766 1208 ἡμῶν,
2794 1138 2933 1190 ἀλλὰ
2964 1141 3031 1209 τῇ
3065 1140 3132 1210 σῇ
3165 1141 3303 1213 μόνῃ
3331 1141 3540 1212 χάριτι.
3578 1143 3761 1209 Ἐξαί-

2179 1248 2337 1302 ρετος
2371 1230 2428 1284 δὲ
2477 1230 2658 1298 δωρεὰ
2713 1231 2744 1300 ἡ
2798 1231 2892 1284 τοῦ
2946 1233 3292 1299 Μονογενοῦς
3326 1234 3758 1304 ἐνανθρώπησις,

2173 1323 2298 1392 ἥτις
2350 1322 2443 1374 καὶ
2495 1323 2658 1393 χάρις
2698 1322 2965 1376 καλεῖται.
3040 1325 3129 1378 Ἐν
3179 1325 3389 1390 τούτοις
3433 1321 3544 1379 οἷον
3599 1328 3758 1381 nam

2176 1414 2409 1484 θέμενος
2439 1415 2467 1467 ὁ
2505 1416 2686 1484 ἱερεὺς
2706 1413 2799 1467 τὸν
2827 1414 2984 1480 Θεὸν,
3013 1419 3062 1470 εί
3094 1418 3152 1470 δέ
3181 1417 3425 1482 διάκονός
3455 1421 3566 1472 ἐστι
3599 1421 3757 1473 τοῦτο

2173 1508 2371 1576 λέγων,
2403 1508 2492 1561 διὰ
2527 1508 2722 1562 τούτου
2753 1526 2816 1562 τε
2847 1509 2943 1564 καὶ
2973 1513 3072 1580 τῆς
3111 1516 3383 1584 μυστικῆς
3415 1505 3560 1568 ἔνδον
3589 1516 3758 1585 εὐχῆς

2172 1601 2200 1654 ό
2243 1601 2446 1669 ἱερεὺς,
2480 1601 2548 1654 τὰ
2585 1600 2686 1668 τῆς
2710 1603 3045 1673 παραθήκης
3073 1603 3213 1672 πρὸς
3247 1604 3381 1658 Θεὸν
3417 1608 3562 1674 ημᾶς
3599 1609 3759 1675 ποιῆ-

2175 1710 2266 1746 σαι
2330 1692 2730 1746 διακελεύεται.
2794 1694 2907 1747 Καὶ
2963 1695 3202 1764 μάνθανε
3265 1699 3607 1768 σωτηριῶδες
3662 1699 3762 1754 καὶ

2174 1784 2517 1855 θαυμαστόν.
2562 1803 2582 1838 ι
2619 1787 2730 1856 Τῆς
2764 1787 3047 1855 Παναγίας
3080 1788 3377 1858 ἁχρὰντου,
3419 1808 3438 1841 ι
3479 1790 3633 1860 φησὶ,
3663 1792 3761 1846 καὶ

2167 1878 2236 1930 τά
2295 1878 2443 1946 ἑξῆς,
2504 1877 2789 1948 ἐπιφέρων
2827 1878 2894 1930 τά
2948 1879 3057 1931 τῶν
3094 1879 3392 1949 ἐγκωμίων
3450 1882 3549 1950 τῆς
3584 1900 3759 1934 πανυ-

2171 1971 2378 2041 μνήτου
2413 1971 2679 2023 Θεοτόκου
2714 1971 2790 2034 ὡς
2845 1971 3102 2040 ἐγχωρεῖ.
3144 1991 3163 2023 ι
3211 1973 3368 2025 Μετὰ
3403 1974 3620 2026 πάντων
3649 1974 3758 2026 τῶν

2169 2065 2343 2132 ἁγίων
2405 2064 2913 2133 μνημονεύσαντες.
2968 2075 3014 2114 »⁸
3057 2065 3191 2117 Ἰδοὺ
3229 2066 3330 2134 τῆς
3370 2067 3615 2136 ἀρχηγοῦ
3649 2069 3759 2121 τῶν

2168 2157 2366 2226 ἁγίων,
2397 2157 2490 2208 καὶ
2519 2160 2616 2226 τῆς
2664 2157 2903 2229 χορηγοῦ
2937 2157 3033 2209 τοῦ
3062 2157 3362 2228 ἁγιασμοῦ,
3395 2164 3490 2212 καὶ
3522 2160 3619 2229 τῆς
3641 2177 3759 2214 κοι-

2169 2251 2267 2318 νῆς
2301 2247 2599 2317 μεσίτιδος,
2634 2248 2728 2300 καὶ
2765 2247 2858 2300 τοῦ
2910 2249 3056 2302 θείου
3088 2250 3326 2318 ὀργάνου
3361 2249 3429 2303 δι’
3471 2251 3532 2303 οὗ
3585 2253 3757 2305 σεσὼ·

2171 2341 2373 2410 σμεθα,
2411 2341 2550 2411 μετά
2585 2341 2692 2393 τῶν
2732 2341 3089 2411 ἡγιασμένων
3118 2341 3188 2395 δι’
3219 2341 3391 2411 αὐτῆς
3415 2345 3652 2410 πάντων,
3683 2346 3758 2410 ὡς

2170 2437 2234 2488 ἐκ
2271 2436 2372 2506 τῆς
2407 2435 2566 2505 ἡμῶν
2597 2435 2770 2488 ὄντων
2817 2435 3056 2503 φύσεως,
3115 2437 3213 2490 καὶ
3246 2438 3562 2509 κηδομένων
3599 2441 3758 2511 ήμῶν

2170 2529 2266 2581 καὶ
2292 2527 2615 2597 δυναμένων
2641 2527 2714 2590 ὡς
2739 2528 3136 2598 ἠγωνισμένων
3181 2530 3321 2601 ὑπὲρ
3347 2531 3447 2600 τῆς
3476 2533 3632 2601 δόξης
3661 2533 3757 2586 τοῦ

2169 2619 2346 2684 Θεοῦ,
2379 2619 2537 2688 φησὶ,
2584 2621 3089 2688 μνημονεύσαντες,
3127 2623 3248 2676 ἀντὶ
3295 2623 3389 2677 τοῦ
3429 2626 3759 2680 ἐπικαλεσά·

2174 2730 2349 2782 μενοι,
2408 2710 2440 2780 ἢ
2485 2710 2580 2764 καὶ
2629 2711 2703 2774 ὡς
2755 2713 2980 2779 άγαθῶς
3030 2717 3402 2785 μεμνημένων
3429 2718 3586 2786 ἡμῶν
3615 2737 3755 2788 μνη-

2174 2804 2418 2866 σθέντες,
2472 2803 2724 2868 ἑαυτοὺς,
2777 2805 2852 2868 ὡς
2895 2806 3211 2874 ὀφείλοντες
3243 2811 3390 2879 ἡμᾶς
3435 2813 3632 2875 αὐτοὺς
3679 2815 3756 2883 τῷ

2171 2893 2312 2962 Θ-ᾦ,
2361 2896 2452 2947 καὶ
2494 2895 2783 2965 ἀλλήλους,
2832 2898 2907 2960 ὡς
2952 2902 3049 2952 καὶ
3093 2901 3316 2972 ἀγαπᾷν
3370 2905 3632 2975 ἀλλήλους
3662 2907 3759 2959 λα-

2173 2985 2359 3050 ϐόντες
2385 2987 2627 3058 ἐντολὴν,
2657 2989 2750 3041 καὶ
2779 2991 2964 3043 πᾶσαν
2991 2991 3091 3061 τὴν
3118 2991 3264 3061 ζωὴν
3297 2996 3473 3064 ἡμῶν,
3497 2999 3571 3060 ὡς
3597 3017 3762 3070 χορη-

2172 3080 2450 3149 γουμένην
2496 3081 2646 3150 πσρὰ
2693 3082 2852 3149 Θεοῦ,
2897 3087 2988 3138 καὶ
3022 3079 3133 3137 οἷον
3163 3087 3232 3139 τά
3258 3089 3316 3139 ἐν
3347 3089 3516 3160 ταύτῃ
3545 3091 3761 3162 διανοή-

470 3193 518 3230 et
557 3191 745 3243 opera,
783 3177 1106 3242 animasque
1137 3188 1201 3227 ac
1227 3188 1459 3241 corpora
1489 3172 1711 3226 Christo
1751 3173 1856 3226 Deo
1914 3187 2060 3225 cum-

2177 3185 2326 3237 ματα
2377 3168 2472 3220 καὶ
2521 3171 2747 3238 ῥήματα
2792 3170 2948 3240 ἡμῶν
2982 3175 3074 3225 καὶ
3119 3175 3217 3237 τὰς
3251 3177 3479 3246 πράξεις
3528 3183 3620 3233 καὶ
3657 3184 3761 3246 τὰς

473 3269 814 3330 ιιτιιιιύοιιιιις,
841 3281 939 3334 pro
972 3265 1128 3318 nobis
1164 3265 1450 3318 immolato
1511 3279 1610 3318 nos
1643 3265 1789 3334 ipsos
1827 3264 2060 3318 hostiam

473 3360 521 3410 vi
543 3365 742 3409 tentent
783 3355 1079 3409 offeramus
1111 3354 1159 3407 ei
1211 3355 1302 3423 qni
1336 3353 1494 3407 nobis
1526 3358 1882 3423 semetipsum
1917 3355 2064 3408 dedit

474 3459 750 3504 nostotos
784 3449 1164 3511 exltibeamus,
1234 3439 1646 3501 committamds
1707 3465 1806 3502 nos
1875 3451 1921 3502 ei
1969 3449 2059 3518 qui

473 3543 710 3592 animam
744 3555 897 3591 suam
926 3554 1021 3607 pro
1053 3539 1209 3591 nobis
1244 3539 1445 3606 posuit,
1475 3553 1528 3591 et
1559 3538 1612 3591 in
1644 3539 1822 3592 cibum
1857 3547 2062 3593 semet-

474 3636 652 3700 ipsum
680 3633 944 3698 donavit;
974 3631 1064 3700 qui
1099 3633 1257 3685 nobis
1297 3632 1550 3698 providet
1618 3647 1828 3702 nosque
1886 3634 2064 3703 diligit

473 3741 690 3796 semper
715 3725 988 3779 sollicitus
1013 3739 1341 3801 semperque
1365 3726 1584 3778 salvans
1611 3733 1664 3778 et
1721 3726 1875 3781 solus
1939 3726 2062 3780 Sal-

472 3831 645 3882 vator,
677 3818 934 3886 quoniam
965 3817 1174 3885 absque
1211 3817 1300 3869 illo
1329 3832 1435 3870 Iltllt
1475 3832 1766 3884 possumus
1793 3833 1937 3882 esse,
1964 3833 2064 3875 nec

471 3911 674 3974 vivere,
709 3923 809 3962 nec
841 3909 1086 3976 cogitare
1119 3922 1217 3961 ncc
1252 3907 1552 3975 quidquam
1619 3923 1848 3976 prorsus
1912 3911 2064 3978 cogi-

475 4014 610 4066 tare,
642 4001 689 4054 ei
715 4013 895 4054 autem
935 4001 1318 4054 commendata
1357 4014 1518 4054 nemo
1549 4009 1728 4068 potest
1753 4001 1965 4072 eripere
1997 4002 2064 4057 de

475 4093 726 4147 inanibus
752 4092 933 4147 Patris
963 4091 1084 4160 ejus
1114 4108 1130 4158 ;
1166 4107 1358 4145 manus
1395 4107 1524 4146 vero
1573 4103 1700 4146 sunt
1731 4093 1908 4161 ipsum
1939 4093 2064 4147 bra-

472 4186 655 4239 chium
692 4186 807 4255 ejus
831 4194 884 4236 ct
938 4191 1159 4238 sanctus
1221 4184 1498 4254 Spiritus;
1527 4199 1596 4238 en
1629 4185 2062 4255 intelligentibns

473 4278 695 4331 maximi
736 4277 1101 4347 omnibusque
1128 4285 1450 4344 praestantes
1512 4278 1744 4332 fructus.
1812 4275 2061 4346 Quapro-

474 4387 592 4441 pter
615 4374 667 4424 in
696 4372 817 4426 aliis
851 4371 1044 4426 ofﬁciis
1068 4381 1308 4427 astantes
1362 4357 1708 4428 solummodo
1772 4373 2012 4443 clamant
2044 4390 2059 4428 :

480 4484 498 4514 ι
532 4464 695 4534 iiyrie
729 4464 956 4528 eleison,
993 4483 1012 4515 ι
1052 4466 1286 4519 divinam
1345 4465 1699 4536 implorantes
1751 4467 2063 4522 misericor-

2173 3258 2351 3328 ψυχάς
2371 3258 2460 3310 καὶ
2485 3259 2551 3312 τὰ
2585 3259 2836 3330 σώματα,
2861 3262 3096 3331 Χριστῷ·
3112 3263 3188 3331 τῷ
3210 3263 3327 3334 Θεῷ
3357 3266 3756 3337 παραϐώμεθα,

2173 3351 2250 3418 τῷ
2281 3350 2497 3404 τυθέντι
2534 3350 2675 3421 ὑπὲρ
2707 3351 2866 3421 ήμῶν
2893 3353 3122 3418 ἑαυτοὺς
3151 3356 3341 3410 θυσίαν
3372 3360 3556 3421 ζῶσαν
3592 3378 3762 3430 προσ-

2175 3441 2414 3511 άξωμεν.
2453 3443 2544 3512 Τῷ
2579 3443 2723 3496 δόντι
2771 3446 2904 3514 ἡμῖν
2950 3447 3166 3513 ἑαυτὸν,
3213 3451 3308 3502 καὶ
3354 3451 3554 3517 αὐτοὺς
3599 3456 3762 3524 ἡμεῖς

2172 3535 2373 3598 ὑλικῶς
2436 3537 2929 3606 προσκομίσωμεν.
3012 3541 3124 3593 Kal
3191 3541 3556 3614 θαρρήσωμεν
3611 3549 3762 3617 ἡμᾶς

2173 3628 2322 3696 αὐτῷ
2357 3628 2435 3697 τῷ
2469 3629 2570 3700 τὴν
2601 3630 2782 3700 ψυχὴν
2832 3631 2973 3702 ὑπὲρ
3009 3632 3169 3703 ήμῶν
3214 3635 3505 3702 τεθεικότι,
3545 3640 3638 3692 καὶ
3677 3643 3759 3704 εἰς

2170 3721 2380 3788 τροφὴν
2434 3721 2626 3773 ἑαυτὸν
2677 3722 2954 3788 δεδωκότι,
3015 3725 3108 3776 καὶ
3166 3730 3552 3800 προνοουμένῳ
3598 3733 3763 3801 ἡμῶν

2173 3811 2269 3864 καὶ
2322 3811 2590 3880 φιλοῦντι,
2652 3816 2744 3867 καὶ
2797 3815 2886 3868 ἀεὶ
2940 3817 3224 3891 κηδομένῳ
3273 3821 3367 3874 καὶ
3404 3821 3630 3888 σώζοντι
3666 3827 3763 3879 καὶ

2176 3909 2323 3976 μόνῳ
2361 3905 2474 3958 ὄντι
2498 3907 2714 3976 Σωτῆρι
2735 3922 2748 3937 ⁸
2786 3909 2868 3960 ὅτι
2893 3909 2988 3962 καὶ
3021 3911 3193 3982 χωρὶς
3224 3914 3391 3968 αὑτοῦ
3442 3918 3503 3971 οὐ
3531 3917 3763 3974 δυνατὶν

2172 3990 2316 4048 εἶναι
2359 3995 2392 4068 ἢ
2432 3995 2552 4068 ζῇν,
2584 3998 2616 4067 ἢ
2649 4000 2812 4064 νοεῖν,
2849 3999 2880 4070 ῆ
2917 4001 3054 4065 ὅλως
3095 4021 3148 4056 τι
3180 4005 3426 4076 ἐνεργεῖν
3451 4022 3464 4036 ·
3517 4011 3636 4064 οὐδὲ
3666 4012 3763 4068 τὸν

2175 4086 2555 4154 παρατεθέντα
2607 4089 2758 4159 αὑτῷ
2806 4091 3033 4147 δύναταί
3073 4111 3158 4158 τις
3209 4098 3482 4167 ἁρπάζειν
3533 4105 3596 4156 ἐκ
3648 4106 3759 4159 τῶν

2172 4179 2378 4248 χειρῶν
2401 4179 2514 4231 τοῦ
2550 4182 2765 4250 Πατρὸς
2811 4185 3004 4243 αὑτοῦ.
3039 4188 3236 4259 Χεῖρες
3265 4190 3322 4243 δὲ
3353 4192 3514 4256 αὐτὸς
3551 4197 3577 4247 ὀ
3621 4195 3759 4266 βρα-

2172 4269 2328 4338 χίων,
2379 4268 2472 4320 καὶ
2506 4269 2568 4322 τὸ
2602 4272 2829 4342 Πνεῦμα
2857 4275 2919 4327 τὸ
2949 4275 3128 4345 ἁγιον.
3189 4279 3320 4333 Ἰδοὺ
3361 4285 3476 4345 τοῖς
3513 4285 3758 4340 συνιοῦσι

2177 4363 2432 4450 μέγιστα.
2463 4365 2531 4417 τὰ
2567 4365 2630 4418 ἐκ
2663 4367 2869 4439 ταύτης
2917 4368 3021 4437 τῆς
3052 4374 3390 4444 προσευχῆς,
3419 4379 3511 4430 καὶ
3568 4380 3637 4432 τὰ
3670 4398 3762 4434 τεο

2172 4453 2419 4508 λεὼτατα
2481 4455 2718 4515 πάντων.
2776 4461 2866 4514 Διὸ
2921 4463 3016 4517 καὶ
3069 4465 3126 4516 ἐν
3185 4465 3286 4536 μὲν
3316 4471 3429 4532 τοῖς
3473 4471 3655 4535 ἄλλοις
3705 4476 3758 4526 οῖ

475 4559 619 4610 diam
651 4572 666 4622 ;
699 4556 788 4610 hic
835 4567 1014 4610 autem
1051 4572 1064 4610 :
1115 4577 1134 4610 ι
1169 4557 1311 4624 Tibi,
1341 4557 1594 4623 Domine,
1637 4576 1656 4610 ι
1697 4557 1980 4628 inquiunt,
2017 4557 2067 4612 id

2175 4549 2525 4620 παρεστῶτες
2573 4551 2658 4615 τὸ,
2720 4571 2738 4604 ι
2784 4551 2982 4622 Κύριε,
3031 4554 3276 4627 ἐλέησον,
3335 4577 3355 4612 ι
3409 4560 3568 4629 μόνον
3621 4563 3760 4632 κρά-

475 4658 559 4703 est
591 4665 607 4705 :
650 4647 770 4703 'l'ibi
802 4664 902 4704 nos
929 4648 1079 4719 ipsos
1129 4650 1601 4715 commendamus,
1626 4649 1846 4707 Christe
1898 4653 2064 4706 Deus.

478 4741 602 4796 llatc
634 4753 720 4798 εει
772 4742 1178 4798 commendatio
1231 4743 1468 4796 maxime
1515 4743 1832 4798 necessario
1885 4743 2068 4824 verbis

475 4835 775 4907 profitenda
805 4853 819 4902 ;
856 4850 982 4889 nam
1007 4849 1212 4890 reetam
1246 4834 1299 4888 in
1327 4835 1606 4889 Christum
1640 4835 1799 4889 fidem
1820 4843 2065 4889 nostram

477 4939 861 4996 acceptamque
888 4926 1050 4980 efﬁcit
1081 4925 1413 4980 oblationem
1464 4924 1514 4980 ei
1565 4941 1631 4980 ex
1690 4925 1796 4979 ﬁde
1843 4925 2062 4999 faetam,

477 5032 577 5071 nos
609 5016 716 5072 Deo
734 5019 957 5081 adunat,
985 5031 1145 5085 opem
1179 5015 1296 5090 ejus
1347 5017 1726 5083 consequitur,
1784 5017 2065 5072 sanctissi-

479 5124 581 5162 mae
617 5108 779 5164 Verbi
803 5107 1071 5163 Genitrici
1099 5107 1418 5177 sanctisque
1468 5109 1774 5176 coniungit,
1804 5111 2064 5166 interces-

478 5199 654 5266 sione
715 5213 902 5253 eorum
927 5197 1202 5252 efficacem
1231 5197 1360 5252 facit
1391 5215 1486 5268 pro
1518 5201 1695 5255 nobis.
1727 5201 1875 5256 Hanc
1898 5203 2060 5257 etiam

483 5214 720 5338 ιηειχὶἓο
753 5286 1064 5338 necessario
1121 5287 1388 5338 debemus
1446 5288 1704 5338 oneribus
1765 5293 2060 5338 nar-licem:

483 5279 720 5340 iiizixitt'te
753 5286 1064 5340 necessario
1121 5287 1388 5341 debemus
1446 5288 1704 5356 operibus
1765 5293 2062 5361 perlicere;

482 5382 742 5448 operibus
769 5387 951 5431 autem
977 5379 1324 5449 perficiemus
1353 5379 1398 5433 si
1448 5392 1592 5436 recte
1646 5383 1958 5454 credamus,
2017 5385 2063 5438 si

483 5469 796 5522 Christiane
829 5470 1075 5524 vivamus
1107 5469 1160 5522 in
1223 5471 1479 5539 puritate,
1515 5474 1566 5527 in
1599 5475 1828 5530 veritate
1863 5485 1919 5528 et
1976 5475 2064 5543 ju-

483 5563 659 5630 stitia;
693 5562 739 5615 si
773 5563 1004 5616 orationi
1037 5576 1311 5630 vacemus,
1345 5564 1601 5634 quoniam
1635 5565 1744 5620 Deo
1765 5567 1945 5620 devoti
1977 5583 2067 5621 su-

485 5672 626 5721 nius,
655 5656 930 5726 mysteriis
966 5655 1313 5720 sanctificati,
1351 5658 1698 5713 confessione
1753 5659 1902 5713 illius
1931 5673 2064 5712 con-

484 5746 700 5811 secrati,
726 5756 920 5801 etcum
945 5745 1167 5802 Christo
1223 5749 1404 5804 traJiti
1463 5750 1635 5803 simus
1684 5758 1846 5819 atque
1887 5749 1955 5805 ab
2000 5764 2066 5803 eo

482 5839 672 5907 empti,
707 5838 843 5895 nihil
879 5842 1025 5897 aliud
1092 5840 1197 5896 nisi
1227 5858 1347 5912 quae
1407 5852 1536 5898 sunt
1583 5842 1790 5897 Christi
1850 5843 2065 5906 operari

2174 4638 2350 4704 ζουσι,
2385 4641 2478 4693 τὸν
2523 4641 2671 4696 θεῖον
2707 4644 3133 4714 ἐπικαλούμενοι
3165 4648 3338 4714 ἔλεον,
3385 4652 3622 4706 ἐνταῦθα
3675 4653 3758 4718 δὲ,

2176 4749 2196 4782 ι
2235 4731 2347 4794 Σοὶ,
2384 4733 2612 4804 Κύριε,ι
2651 4736 2850 4803 φασίν·
2886 4737 3032 4808 ἦτοι,
3077 4741 3162 4792 σοὶ
3203 4741 3455 4809 ἑαυτοὺς,
3486 4745 3690 4813 Χρισντὲ
3735 4748 3764 4798 ὁ

2169 4823 2322 4893 Θεὸς,
2362 4829 2764 4896 παρατίθεμεν.
2817 4828 2967 4902 Αῦτη
3017 4834 3050 4897 ἡ
3112 4833 3422 4903 παράθεσις
3462 4839 3763 4907 ἀναγκαιο-

2167 4916 2306 4986 τάτη
2342 4917 2440 4970 καὶ
2468 4917 2650 4985 λόγοις
2699 4921 3107 4990 ὁμολογεῖσθαι.
3145 4927 3257 4999 Τὴν
3299 4929 3406 4999 γὰρ
3453 4931 3586 5000 πρὶς
3620 4932 3763 4998 Χριο

2171 5010 2294 5061 στὸν
2325 5009 2493 5080 ὀρθὴν
2545 5013 2732 5065 πίστιν
2785 5016 2879 5068 καὶ
2921 5015 3021 5088 τὴν
3049 5021 3132 5084 είς
3177 5019 3345 5074 αὑτὸν
3389 5022 3666 5092 ἡμετέραν
3693 5023 3764 5078 ἐκ

2171 5102 2410 5165 πίστεως
2438 5108 2676 5158 ποιεῖται
2713 5108 2973 5162 ἀνάθεσιν
2996 5127 3009 5140 ·
3045 5113 3138 5164 καὶ
3173 5113 3286 5165 ἑνοῖ
3318 5114 3396 5184 τῷ
3428 5114 3549 5184 Θεῷ
3584 5116 3759 5186 ἡμᾶς,

2170 5197 2266 5247 καὶ
2296 5196 2392 5265 τὴν
2434 5199 2602 5250 αὑτοῦ
2640 5202 2946 5255 ἐπισπᾶται
2979 5204 3257 5274 βοήθειαν,
3305 5207 3396 5258 καὶ
3429 5209 3497 5275 τῇ
3529 5208 3621 5259 τοῦ
3657 5208 3761 5259 Ao-

2169 5301 2269 5351 γου
2303 5287 2584 5357 ὑπεραγίᾳ
2618 5290 2803 5360 Μητρὶ
2834 5291 2933 5345 καὶ
2971 5295 3083 5356 τοῖς
3137 5295 3315 5362 ἁγίοις
3349 5295 3628 5359 συνάπτει,
3660 5297 3760 5349 καὶ

2169 5377 2268 5444 τὴν
2320 5379 2601 5444 μεσιτείαν
2652 5381 2834 5433 αὐτῶν
2868 5384 3096 5452 ἐνεργὸν
3125 5389 3363 5439 ποιεῖται
3404 5387 3544 5455 ὑπὲρ
3575 5385 3757 5455 ἡμῶν.

2172 5469 2282 5521 Καὶ
2306 5469 2493 5538 ἔργοις
2523 5471 2580 5523 δὲ
2609 5474 2952 5530 ἐκτελεῖσθαι
2982 5477 3124 5546 αὕτη
3151 5478 3284 5550 παρ’
3312 5481 3469 5550 ήμῶν
3493 5481 3556 5531 τὸ
3585 5483 3760 5545 ἀναγ-

2171 5560 2465 5615 καιότατον
2493 5567 2704 5634 χρῆμα.
2737 5566 2810 5617 Τὸ
2856 5568 2912 5620 δὲ
2946 5569 3017 5622 δι’
3067 5570 3246 5640 ἔργων
3272 5573 3419 5624 ἐστὶν
3463 5571 3636 5642 ὀρθῶς
3665 5589 3761 5626 πι-

2175 5655 2412 5720 στεύειν,
2451 5660 2547 5710 καὶ
2579 5661 2971 5727 χριστιανικῶς
3017 5663 3076 5716 ἐν
3108 5663 3444 5734 καθαρότητι
3482 5666 3580 5736 ζῇν
3624 5667 3761 5736 άλη-

2173 5745 2294 5816 θείᾳ
2350 5763 2409 5799 τε
2463 5750 2560 5800 καὶ
2602 5751 2943 5824 δικαιοσύνῃ,
2988 5756 3084 5809 καὶ
3116 5755 3403 5826 σχολάζειν
3433 5761 3554 5821 ταῖς
3586 5774 3756 5830 προσ-

2175 5841 2402 5909 ευχαῖςο
2455 5841 2537 5895 ὅτι
2582 5843 3017 5924 ¹ἁνατιεθειμένοι
3078 5848 3199 5920 Θεῷ
3249 5849 3512 5921 τελοῦμεν
3568 5853 3755 5922 ἡμεῖς,

3642 369 3758 434 604
3846 379 3852 382 ’
