4046 6430
265 439 371 502 605

1474 443 1571 502 DE
1615 443 1854 504 SACRA
1885 445 2390 508 PRECATION’E.

3432 448 3538 514 606

264 553 507 616 καὶτοῖς
551 554 874 624 μυστηρίοις
934 554 1290 624 ἡγιασμένοι,
1345 558 1442 610 καὶ
1490 560 1554 627 τῇ
1584 559 1841 626 ὁμολογίᾳ

1968 560 2231 615 tollemus.
2260 563 2332 615 De
2361 564 2460 617 hac
2475 566 2950 631 commendatione
2967 582 3155 622 omnes
3177 568 3542 622 meminerunt

264 645 413 715 αὐτῷ
430 646 826 716 ἀφιερωμένοι,
848 647 941 699 καὶ
958 646 1032 709 ὡς
1050 646 1477 717 παραδεδομένοι
1491 648 1733 716 Χριστῷ,
1753 650 1841 700 καί

263 738 634 807 ἠγορασμένοι
662 739 752 791 ὑπ’
789 738 977 799 αὐτοῦ,
1034 740 1202 808 μηδὲν
1234 740 1362 795 ἄλλο
1400 741 1430 808 ἢ
1466 742 1534 793 τὰ
1565 739 1662 792 τοῦ
1711 740 1844 809 Χρι-

267 829 390 881 στοῦ
436 829 744 896 ὀφείλοντες
780 831 1047 898 ἐνεργεῖν,
1087 831 1222 899 Περὶ
1269 831 1472 899 ταύτης
1519 830 1617 897 τῆς
1669 847 1845 898 παρα-

264 922 438 988 θήκης
486 922 688 983 πάντες
732 923 782 974 ot
837 922 981 988 ἆγιοι
1042 921 1374 991 μέμνηνται,
1409 908 1507 974 καῖ
1545 922 1571 972 6
1609 921 1798 992 Σωτήρ
1827 937 1840 950 ι

264 1014 362 1066 καὶ
396 1013 494 1082 τὴν
528 1013 864 1084 παραθήκην
908 1015 1126 1083 πρῶτος
1159 1014 1460 1084 πεποίηκεν
1491 1012 1654 1075 αὐτὸς
1686 1015 1743 1064 ἐν
1767 1012 1842 1082 τῷ

269 1107 484 1176 μέλλειν
540 1107 817 1176 πάσχειν,
871 1107 1260 1178 παραθέμενος
1313 1108 1460 1176 ἡμᾶς
1507 1105 1586 1176 τῷ
1644 1107 1841 1176 Πατρὶ,

271 1215 288 1247 ι
322 1198 574 1270 Φύλαξον,
599 1199 820 1264 αὐτοὺς,
857 1199 1047 1261 εἰπὼν,
1086 1201 1144 1251 ὲν
1197 1200 1277 1268 τῷ
1308 1199 1534 1269 ὀνόματί
1586 1216 1703 1264 σου,
1750 1201 1842 1252 καὶ

266 1272 493 1353 δίγίασον
526 1291 722 1352 αὐτοὺς
757 1291 814 1343 ἐν
845 1293 908 1360 τῇ
945 1291 1176 1362 ἀληθείᾳ
1215 1309 1334 1359 σου,
1379 1310 1397 1343 ι
1440 1293 1531 1344 καὶ
1577 1293 1642 1344 τὰ
1678 1291 1841 1360 ἐξῆς⁹

235 1382 496 1476 1’ἀλήθεια
528 1380 585 1433 δὲ
633 1382 815 1443 αὑτός.
853 1383 1040 1435 Ταῦτα
1072 1383 1324 1450 τελέσας,
1357 1383 1747 1450 ὲπισφραγίζει
1775 1386 1841 1452 τῇ

231 1477 574 1542 ξέκφωνήσει
605 1477 630 1526 6
666 1475 846 1542 ἱερεὺς
873 1476 970 1540 τὴν
994 1477 1307 1544 δοξολογίαν
1333 1477 1431 1542 τῆς
1467 1475 1728 1546 Τριάδος,
1761 1475 1841 1540 τδν

201 1595 209 1603 -
275 1586 292 1616 ι
333 1567 456 1618 Ὅτι
488 1567 690 1634 πρέπει
728 1583 832 1632 σοι,
881 1567 1143 1636 εἰρηκὼς,
1180 1587 1198 1619 ι
1238 1571 1302 1638 τῇ
1349 1568 1602 1638 θεολογὲα
1635 1569 1730 1619 καὶ
1761 1567 1846 1619 δο-

271 1657 485 1726 ξολογίᾳ
519 1657 652 1726 ὁμοῦ
697 1658 932 1726 βεϐαιῶν
957 1659 1026 1712 τὰ
1060 1661 1463 1730 προειρημένα,
1503 1661 1597 1711 καὶ
1629 1677 1842 1727 μαρτυ-

273 1748 380 1815 ρῶν
414 1748 486 1809 ὡς
540 1748 713 1800 ταῦτα
764 1750 917 1803 ἔσται
951 1752 1084 1818 ἡμῖν
1121 1750 1228 1802 ἀπὸ
1279 1749 1372 1801 τοῦ
1422 1749 1578 1801 Θεοῦ.
1633 1749 1755 1802 Τῶν
1788 1749 1846 1802 δὲ

275 1838 454 1907 ὓμνων
497 1843 554 1892 ἐν
583 1843 903 1912 τροπαρέοις
943 1843 976 1910 ἢ
1013 1843 1302 1912 ξδιομέλοις
1350 1843 1466 1912 ἅμα
1497 1843 1656 1914 235
1691 1844 1846 1911 λεγο-

1958 652 2158 717 sancti,
2189 654 2408 722 ipseque
2450 655 2701 709 Salvator
2731 659 2820 725 qui
2851 659 3375 714 commendationem
3432 659 3542 728 prio

1957 759 2078 796 mus
2117 746 2242 798 fecit
2276 745 2493 812 iamiam
2533 762 2796 814 passurus
2829 763 2843 814 ;
2880 764 2979 804 nos
3009 749 3151 805 enim
3189 751 3331 804 Patri
3390 765 3542 803 com-

1956 834 2231 886 mendavit
2263 834 2448 889 dicens
2480 853 2493 888 :
2528 855 2546 886 ι
2580 835 2744 891 Serva
2803 851 2898 892 eos
2932 837 2987 891 in
3057 840 3277 893 nomine
3320 847 3435 902 tuo,
3488 847 3542 890 et

1957 925 2241 978 sanctiﬁea
2270 940 2366 980 eos
2423 925 2476 979 in
2511 928 2738 985 veritate
2769 936 2878 992 tua,
2916 947 2931 980 ι
2975 928 3091 997 ipse
3124 939 3304 982 autem
3354 939 3539 982 estve—

1956 1015 2110 1069 ritas.
2141 1014 2352 1080 Quibus
2378 1016 2570 1086 jussis,
2597 1020 2842 1074 clamans
2876 1019 3130 1089 obsignat
3155 1020 3411 1074 sacerdos
3441 1021 3542 1072 do-

1953 1108 2223 1174 onOgiam
2287 1107 2574 1164 Trinitatis
2609 1127 2623 1162 :
2665 1128 2684 1159 ι
2726 1108 2802 1164 Te
2864 1110 3056 1174 decet,
3097 1129 3116 1162 ι
3153 1111 3380 1176 dicens,
3445 1109 3541 1163 Dei

1953 1199 2298 1254 confessione
2325 1208 2379 1255 et
2419 1202 2816 1270 gloriﬁcatione
2848 1203 3008 1257 simul
3034 1204 3364 1258 confirmans
3390 1202 3544 1272 prius

1953 1293 2118 1356 dicta,
2153 1301 2479 1363 tcstansque
2510 1294 2613 1348 ista
2637 1310 2665 1348 a
2697 1293 2807 1350 Deo
2850 1295 3007 1351 nobis
3043 1293 3181 1350 fore.
3218 1294 3386 1350 Porro
3460 1294 3546 1347 di-

1952 1384 2056 1436 ctis
2081 1383 2298 1454 hymnis
2323 1384 2375 1438 in
2408 1385 2707 1440 versiculos
2738 1390 3102 1456 stmphaSque
3129 1385 3401 1441 distinctis
3425 1399 3546 1454 qua!

1955 1474 2235 1530 Dominica
2267 1476 2486 1543 quidem
2518 1478 2704 1532 decem
2729 1479 2972 1547 stmphis
3021 1487 3275 1533 constant
3325 1484 3546 1548 propter

1954 1569 2167 1622 numeri
2199 1569 2612 1638 perfectionem,
2671 1570 2808 1624 festo
2871 1581 3053 1625 autem
3118 1582 3434 1626 sanctorum
3491 1571 3545 1623 in

1953 1668 2076 1713 octo
2097 1659 2348 1727 strophas
2370 1659 2726 1730 distinguitur
2744 1674 2964 1730 propter
2987 1672 3233 1715 octavam
3271 1669 3325 1716 et
3351 1660 3544 1714 indeﬁ-

1953 1754 2186 1806 cienletn
2229 1751 2391 1815 diem,
2428 1753 2481 1805 in
2515 1767 2620 1820 qua
2654 1762 2814 1808 erunt
2845 1769 3061 1823 semper
3083 1755 3178 1823 qui
3247 1755 3338 1808 Dei
3394 1760 3542 1819 sunt,

1955 1851 2009 1897 et
2037 1859 2183 1898 nunc
2213 1853 2506 1899 versantur
2531 1845 2728 1899 animae
2753 1861 2874 1899 cum
2899 1845 3137 1910 Christo,
3162 1845 3397 1916 singulis
3416 1859 3548 1900 vero

282 1932 456 2000 μένων
489 1935 599 1995 τοῖς
640 1935 865 2002 στίχοις,
895 1938 957 2004 τῇ
1001 1935 1097 2002 μὲν
1131 1937 1386 2008 Κυριακῇ
1425 1939 1734 2005 ἱσταμένων
1772 1941 1850 2001 είς

1965 1935 2148 1991 diebus
2183 1936 2236 1990 in
2269 1951 2364 1991 sex
2400 1937 2678 2004 strophas,
2705 1937 2965 2007 quoniam
2995 1941 3161 1993 modo
3218 1946 3347 1993 sunt
3371 1936 3548 1992 sancti

276 2023 403 2075 δέκα
427 2024 664 2092 στίχους,
690 2025 779 2076 διὰ
808 2025 868 2076 τὸ
894 2026 988 2077 τοῦ
1015 2025 1251 2096 ἀριθμοῦ
1273 2026 1500 2090 τέλειον,
1527 2029 1585 2078 ὲν
1609 2029 1666 2081 δὲ
1691 2030 1851 2100 ἑορτῇ

275 2133 421 2180 τινος
450 2115 560 2168 τῶν
602 2117 774 2184 ἁγίων
816 2117 896 2180 είς
931 2119 1159 2188 στίχους
1195 2119 1362 2184 ὀκτὼ,
1400 2120 1488 2174 διὰ
1517 2121 1616 2192 τὴν
1661 2121 1855 2189 ὀγδόην

273 2212 368 2262 καὶ
401 2211 825 2264 ἀκατάπαυστον
855 2212 1094 2283 ἡμέραν,
1120 2213 1178 2264 ὲν
1261 2213 1476 2267 ἔσονται
1509 2215 1558 2267 oi
1591 2213 1683 2266 τοῦ
1715 2211 1852 2266 Θεοῦ

270 2303 529 2364 πάντοτε.
568 2305 662 2356 καὶ
701 2303 798 2356 νῦν
834 2307 941 2358 είσι
983 2307 1098 2366 τοῖς
1139 2305 1414 2374 πνεύμασι
1449 2308 1548 2359 σὺν
1586 2306 1810 2376 Χριστῷ
1836 2323 1849 2338 ο

270 2398 355 2458 είς
385 2396 444 2459 ἓξ
465 2397 518 2448 δὲ
547 2397 669 2449 καθ’
693 2397 912 2464 ἡμέραν
943 2395 1034 2448 διὰ
1055 2397 1117 2448 τὸ
1142 2397 1282 2468 ὑπὲρ
1308 2399 1408 2466 τὴν
1435 2388 1690 2468 αἴσθησιν
1713 2395 1853 2452 εἶναι

271 2488 600 2557 πενταδικὴν
618 2484 784 2541 οὖσαν
813 2487 940 2548 τοὺς
959 2489 1145 2554 ἁγίους
1173 2489 1287 2550 νῦν,
1307 2490 1402 2542 καὶ
1419 2489 1500 2550 δὶς
1526 2491 1623 2557 τὴν
1649 2489 1854 2559 Τριάδα

274 2598 341 2648 ar,
353 2582 561 2650 μαίνειν
580 2583 648 2634 τὰ
665 2581 742 2646 ἓξ,
768 2582 1109 2652 ἑκατέρωθεν
1124 2580 1270 2635 οὗτοι
1288 2583 1340 2635 οἱ
1361 2581 1390 2635 ὖ
1402 2601 1522 2649 μνοι
1537 2584 1848 2652 ψάλλονται,

269 2674 382 2724 είτε
415 2674 542 2742 περὶ
588 2675 684 2743 τῆς
732 2675 1086 2734 ἀναστάσεως
1123 2674 1294 2738 ὄντες,
1339 2677 1446 2727 εἴτε
1495 2677 1625 2744 περὶ
1661 2677 1855 2746 ἐτέρας

277 2767 654 2835 προκειμένης
672 2767 865 2835 ἑορτῆς
892 2766 924 2837 ἢ
956 2766 1132 2834 ἁγίου.
1157 2767 1246 2836 Τῷ
1281 2767 1582 2836 τελευταίῳ
1605 2767 1662 2820 δὲ
1687 2769 1856 2838 στίχῳ

273 2859 322 2908 οἱ
377 2858 529 2928 χοροὶ
580 2859 961 2926 συνέρχονται,
1010 2859 1115 2928 τὴν
1167 2861 1489 2928 συμφωνίαν
1540 2860 1852 2929 δηλοῦντες,

271 2952 366 3004 καὶ
393 2953 486 3020 τὴν
520 2951 607 3015 διὰ
631 2951 724 3004 τοῦ
760 2952 1011 3022 Σωτῆρος
1040 2953 1135 3006 τοῦ
1164 2953 1372 3023 κόσμου
1400 2953 1604 3016 παντὸς
1631 2953 1854 3008 ἕνωσιν.

273 3043 442 3095 Ὅθεν
474 3042 609 3111 ὁμοῦ
647 3044 786 3112 πρὸς
820 3043 881 3094 τὸ
913 3044 1304 3115 θυσιαστήριον
1333 3042 1613 3107 κλίνοντες
1655 3043 1860 3098 ἐκϐοῶ-

273 3156 382 3200 σιν,
423 3157 440 3188 ι
479 3137 604 3189 "Ott.
639 3135 987 3205 ὲκραταιώθη
1021 3136 1082 3188 τὸ
1112 3135 1263 3200 ἕλεος
1295 3137 1459 3190 αὑτοῦ
1495 3137 1584 3207 ἐφ’
1613 3139 1761 3208 ἡμᾶς
1785 3155 1798 3168 ο
1832 3156 1850 3189 t

1956 2044 2119 2096 supra
2139 2029 2379 2098 quinque
2410 2044 2627 2094 sensus,
2669 2029 2866 2098 bisque
2919 2027 3241 2084 Trinitatem
3276 2029 3550 2098 signiﬁcat

1956 2129 2143 2176 sextus
2174 2133 2482 2186 numerus;
2524 2122 2613 2190 qui
2654 2121 2842 2193 hymni
2896 2121 3155 2190 utrinque
3217 2121 3548 2191 psalluntur,

1956 2211 2069 2266 sive
2101 2212 2154 2265 in
2181 2215 2603 2279 resurrectione,
2629 2215 2744 2268 sive
2785 2217 2838 2267 tn
2873 2213 2977 2266 alia
3037 2213 3406 2278 solemnitate,
3461 2212 3548 2266 vel

1960 2303 2010 2354 in
2043 2301 2183 2356 {esto
2218 2303 2450 2372 alicujus
2483 2305 2678 2359 sancti.
2712 2305 2782 2358 At
2812 2305 2865 2358 in
2918 2305 3101 2358 ultima
3137 2305 3359 2374 streplia
3390 2303 3545 2359 chori

1957 2397 2318 2458 conveniunt,
2389 2399 2771 2466 symphoniam
2838 2397 3190 2452 ostendentes
3257 2406 3544 2466 totumque

1961 2489 2225 2542 mundum
2260 2504 2356 2556 per
2393 2489 2728 2544 Salvatorem
2785 2487 3104 2543 adunatum.
3168 2487 3320 2543 Unde
3377 2487 3543 2543 simul

1958 2581 2129 2634 altare
2161 2595 2349 2635 versus
2380 2581 2706 2636 inclinantes
2732 2581 2968 2635 clamant
2997 2598 3012 2636 :
3053 2600 3069 2632 ι
3102 2580 3368 2646 Quoniam
3402 2595 3536 2634 cou-

1959 2672 2171 2724 ﬁrmata
2200 2681 2282 2726 est
2311 2687 2475 2741 super
2505 2688 2604 2727 nos
2649 2671 3021 2726 misericordia
3056 2671 3196 2739 ejus,
3233 2689 3250 2722 ι
3294 2671 3538 2742 gentium

1959 2764 2014 2818 in
2039 2763 2258 2820 Christo
2289 2765 2520 2820 salutem
2549 2766 2938 2836 signiﬁcantes,
2973 2765 3231 2834 quoniam
3266 2765 3320 2819 in
3378 2765 3543 2817 mise-

1960 2857 2193 2912 ricordia
2228 2871 2325 2912 sua
2351 2871 2449 2927 pro
2489 2857 2646 2912 nobis
2676 2873 2890 2927 passus,
2919 2857 3120 2912 virtute
3144 2857 3198 2910 in
3225 2870 3389 2912 cruce
3418 2869 3552 2909 con-

1963 2952 2202 3016 ﬁrmata,
2242 2951 2413 3005 victor
2457 2966 2557 3006 nos
2603 2950 2658 3004 in
2704 2950 3000 3019 semetipso
3054 2947 3418 3018 congregavit.
3472 2947 3542 3001 Et

1960 3045 2156 3100 iterum
2190 3043 2354 3098 simul
2397 3044 2556 3096 modo
2609 3043 2769 3096 etiam
2803 3051 3046 3105 cantant,
3084 3060 3100 3091 ι
3129 3039 3335 3103 Gloria,
3373 3059 3390 3091 ιι
3421 3039 3541 3094 sine

1964 3136 2227 3204 temporis
2282 3131 2687 3186 intermissione
2745 3146 2840 3186 seu
2909 3130 3180 3185 divisione
3244 3129 3534 3183 indivisam

268 3227 372 3296 τὴν
407 3229 462 3278 ἐν
493 3225 717 3296 Χριστῷ
748 3225 855 3278 τῶν
896 3226 1065 3278 ἐθνῶν
1099 3225 1389 3296 δηλοῦντες
1420 3231 1698 3299 σωτηρίαν
1718 3247 1735 3265 ο
1763 3231 1857 3282 καὶ

1965 3227 2253 3282 laudantes
2281 3224 2630 3288 Trinitatem,
2667 3239 2730 3278 ac
2781 3225 3005 3293 insuper
3056 3223 3340 3292 Deiparam
3385 3220 3554 3291 virgi-

263 3325 351 3374 ὅτι
380 3323 436 3373 ἐν
467 3319 604 3372 ἐλέει
627 3318 793 3386 αὑτοῦ
817 3320 958 3389 ὑπὲρ
985 3317 1142 3388 ἡμῶν
1170 3318 1382 3386 παθὼν,
1411 3322 1507 3375 καὶ
1529 3320 1606 3391 τῷ
1634 3320 1856 3392 σταυρῷ

266 3412 438 3465 αὐτοῦ
497 3412 700 3483 κράτος
757 3413 1102 3480 στησάμενος
1152 3413 1248 3464 καὶ
1287 3412 1541 3481 νικήσας,
1593 3413 1743 3481 ἡμᾶς
1784 3413 1848 3464 ὲν

265 3504 446 3572 ἑαυτῷ
486 3503 854 3573 συνηγάγετο.
887 3503 999 3556 Καὶ
1023 3503 1162 3572 ὁμοῦ
1206 3504 1368 3556 πάλιν
1411 3503 1494 3567 τὸ,
1535 3522 1553 3555 ι
1589 3503 1725 3567 Δόξα
1762 3505 1858 3558 καὶ

1967 3334 2091 3373 nem
2118 3319 2170 3372 in
2207 3317 2311 3371 ﬁne
2347 3316 2738 3386 gloriﬁcantes,
2772 3316 2897 3371 inde
2934 3315 3242 3370 conﬁtendo
3295 3313 3554 3367 incarna-

1966 3413 2166 3465 tionem
2201 3409 2317 3475 ejus
2346 3409 2439 3478 qui
2471 3424 2534 3463 ex
2565 3423 2630 3462 ea
2689 3408 3006 3463 incarnatus
3053 3416 3137 3461 est
3184 3418 3544 3475 magnamque

1967 3520 2018 3557 et
2053 3512 2446 3572 praepotentem
2497 3501 2616 3568 ejus
2656 3501 3124 3556 intercessionem.

265 3596 388 3659 νῦν,
430 3615 448 3648 ι
491 3595 698 3667 ᾅδουσι,
749 3593 1165 3665 δοξολογοῦντες
1211 3594 1536 3664 ἀδιαιρέτως
1599 3595 1698 3664 τὴν
1744 3595 1946 3666 Τριάδα
1992 3597 2089 3662 τὴν
2145 3595 2489 3661 ἀδιαίρετον
2524 3593 2602 3645 ἔτι
2634 3595 2818 3653 δὲκαὶ
2853 3592 2948 3663 τὴν
2986 3591 3308 3661 Θεομήτορα
3360 3589 3530 3658 κόρην

267 3697 331 3746 ἐν
356 3692 433 3761 τῷ
470 3691 636 3754 τέλει,
664 3691 752 3744 διὰ
787 3691 887 3762 τὴν
930 3690 1222 3762 ὁμολογίαν
1254 3691 1351 3758 τῆς
1404 3690 1731 3758 σαρκώσεως
1790 3690 1883 3742 τοῦ
1938 3692 1994 3755 ἐξ
2057 3693 2117 3740 1-3

272 3789 502 3861 δυνατὴν
534 3789 838 3859 μεσιτείαν.

841 3955 1068 4008 ΚΕΦΑΛ
1113 3953 1285 4007 TAF'.

281 4095 348 4149 τι
369 4095 648 4161 σημαίνει
677 4091 716 4158 ἡ
755 4091 861 4161 τοῦ
889 4088 1214 4161 ἑσπερινσῦ
1262 4089 1526 4153 εἴσοδος·
1563 4087 1660 4161 καί
1711 4088 1858 4161 τίᾲτῤ

350 4157 584 4217 πιθα-ειν
610 4157 717 4216 τεν
747 4160 906 4228 Ιερέα
937 4157 1035 4212 καὶ
1069 4159 1456 4222 ἀνίστασθαι,
1490 4158 1586 4211 καί
1621 4158 1864 4211 ἀναϐαι-

349 4252 480 4288 νειν
500 4236 586 4298 εἰς
616 4234 682 4286 τό
707 4230 1167 4298 θυσιαστήριον,
1194 4229 1291 4283 καὶ
1313 4229 1719 4301 είιτέρχεσθαι.

357 4351 527 4404 Ἴζνθα
558 4351 622 4419 δὴ
653 4349 748 4403 καὶ⁵
771 4349 799 4400 6
838 4348 1021 4419 ἱερεὺς
1081 4348 1315 4401 ποιεῖται
1348 4348 1448 4416 τὴν
1493 4347 1720 4412 εἴσοδον,
1758 4343 1866 4399 ἀπὸ

278 4445 376 4498 τοῦ
414 4441 808 4511 θυσιαστηρίου
848 4439 1097 4511 ἀσκεπής
1123 4441 1479 4511 ἐξερχόμενος
1515 4440 1654 4509 μετὰ
1671 4439 1868 4509 θυμια-

280 4527 464 4588 τοῦ’τε
491 4535 587 4587 καὶ⁹
615 4534 984 4601 θυμιάματος,
1024 4533 1118 4586 καὶ
1154 4532 1319 4602 μέσον
1360 4531 1455 4583 τοῦ
1487 4531 1618 4584 ναοῦ
1667 4531 1870 4585 κλίνων

2131 3692 2217 3756 εἷς
2257 3689 2648 3759 ττιρίωθέντος,
2701 3690 2792 3740 καὶ
2831 3687 2927 3756 τὴν
2968 3687 3140 3754 αὐτῆς
3194 3682 3392 3751 mna-1
3444 3683 3536 3735 καὶ.

2447 3948 2677 4004 CAPUT
2703 3947 3078 4003 CCCXXXHI.

1974 4085 2115 4150 Quid
2137 4086 2430 4155 signi/irent
2464 4085 2740 4150 vespertini
2771 4087 3058 4155 ingrgssus,
3078 4091 3243 4155 e_t_cur
3265 4079 3562 4155 inclinatae

2047 4150 2316 4213 sacerdos.
2369 4165 2416 4208 et
2458 4155 2644 4207 iterum
2677 4150 2846 4225 surgit
2867 4198 2898 4226 ,_
2919 4152 3260 4222 ascenditque
3289 4152 3358 4204 ad
3389 4150 3563 4203 altare

2044 4236 2092 4279 et
2118 4227 2434 4296 ingreditur.

2049 4340 2251 4395 Deinde
2275 4337 2531 4394 sacerdos
2565 4339 2871 4407 ingressum
2933 4337 3085 4400 facit,
3117 4351 3180 4391 ex
3215 4337 3373 4390 altari
3412 4335 3561 4390 nudo

1977 4435 2152 4501 capite
2177 4431 2483 4500 egrediens,
2513 4445 2635 4485 cmn
2667 4429 2946 4484 thuribuio
2973 4439 3025 4484 et
3045 4430 3224 4492 thure,
3257 4437 3312 4482 et
3361 4429 3412 4482 in
3447 4443 3565 4482 me-

1979 4525 2069 4580 dio
2103 4523 2285 4592 templi
2317 4538 2438 4577 sese
2470 4522 2761 4583 inclinans,
2815 4536 2877 4575 ac
2910 4535 3168 4591 surgens,
3236 4521 3568 4591 signansque

283 4629 382 4682 καὶ
407 4627 850 4696 εὐχόμενος,,καὶ
899 4624 1264 4692 ἀνιστάμενος
1306 4625 1400 4676 καὶ
1452 4625 1772 4694 σφραγίζων
1799 4624 1857 4693 τῇ

1976 4633 2138 4672 manu
2165 4623 2218 4669 et
2240 4615 2542 4680 tlutribulo,
2574 4629 2906 4683 rursumque
2937 4613 3003 4667 ad
3046 4614 3218 4669 altare
3259 4622 3563 4668 revertens.

280 4720 433 4792 χειρὶ
463 4721 559 4772 καὶ
593 4720 670 4788 τῷ
727 4718 1060 4787 θυμιάματι,
1114 4715 1210 4769 καὶ
1253 4715 1336 4776 είς
1365 4715 1427 4767 τὸ
1478 4715 1870 4785 θυσιαστήριον

284 4812 723 4881 ἐπανερχόμενος
747 4805 923 4872 αὖθις.
971 4808 1036 4863 Τί
1076 4807 1252 4877 τούτῳ
1285 4807 1461 4877 δηλῶν
1491 4825 1507 4875 ;
1560 4807 1686 4862 Ὀτι
1717 4806 1812 4860 καὶ
1841 4805 1870 4857 6

282 4904 381 4957 τοῦ
412 4904 544 4956 Θεοῦ
573 4902 888 4972 Μονογενὴς
925 4903 1166 4972 μέχριςή
1179 4900 1294 4970 μῶν
1329 4901 1437 4952 ἀπὸ
1461 4899 1569 4953 τῶν
1601 4899 1872 4969 οὐρανίων

284 4991 569 5047 κατελθὼν
594 4993 821 5070 ἀψίδων,
856 4992 1020 5045 πάλιν
1055 4993 1134 5055 είς
1165 4993 1255 5044 τὸν
1293 4992 1520 5064 οὐρανὸν
1572 4991 1872 5061 ἀνελήλυθε

285 5085 383 5137 καὶ
413 5084 558 5152 ἡμᾶς
578 5084 949 5152 ἐπανήγαγεν.
980 5083 1146 5136 Ὅθεν
1171 5086 1260 5135 καὶ
1287 5085 1350 5153 τῇ
1378 5082 1650 5148 ὲξελεύσει
1673 5080 1872 5152 ταύτῃ,

287 5175 386 5228 καὶ
421 5177 484 5244 τῇ
515 5174 690 5226 κλίσει
745 5176 841 5242 τῆς
899 5175 1142 5242 κεφαλῆς
1168 5177 1262 5228 καὶ
1291 5174 1614 5244 ἁνορθώσει,
1651 5174 1744 5226 καὶ
1792 5173 1871 5243 τῷ

290 5269 584 5334 ἐκῖίοῆσαι,
620 5268 820 5336 «Σοφίᾳ
847 5267 1022 5335 ὀρθοῖ,
1055 5286 1072 5317 ι
1108 5268 1201 5318 καὶ
1238 5268 1540 5337 σφραγίσαι
1569 5265 1646 5333 τῷ
1679 5266 1878 5335 θυμια-

289 5358 491 5426 τηρίῳ,
522 5359 553 5426 ἢ
590 5357 877 5426 ανυψῶσαι
915 5359 973 5410 τὸ
1026 5357 1378 5425 Εὐαγγέλιον,
1432 5359 1480 5408 εἰ
1539 5355 1874 5423 Εὑαγγελίου

289 5447 496 5509 εἴσοδός
528 5449 664 5511 ἐστι,
707 5450 800 5502 καὶ
827 5450 904 5509 εἰς
932 5448 992 5500 τὸ
1025 5447 1177 5516 βῆμα
1221 5448 1563 5513 ἐπανελθεῖν,
1596 5447 1780 5500 πάντα
1808 5445 1876 5497 τὰ

287 5541 394 5608 τῆς
418 5540 728 5609 οἰκονομίας
759 5541 946 5611 δηλοῖ·
973 5542 1033 5593 τὸ
1066 5539 1303 5606 ἐξελθεῖν
1339 5541 1438 5610 μὲν
1486 5543 1580 5593 καὶ
1609 5541 1878 5610 κατέρχε-

295 5636 422 5685 aiat:
451 5634 546 5702 τὴν
581 5635 883 5687 κατάὸασιν
912 5631 1152 5704 Χριστοῦ
1185 5634 1279 5686 καὶ
1323 5633 1652 5686 ταπείνωσιν
1673 5649 1685 5661 ·
1714 5633 1772 5685 τὸ
1796 5635 1881 5686 ὲν-

291 5727 585 5795 δεδιμένον
617 5725 672 5779 δὲ
713 5725 856 5780 εἶναι
887 5727 954 5779 τὰ
1013 5727 1290 5795 ίερατικὰ,
1318 5727 1416 5796 τὴν
1469 5728 1750 5796 σὰρκωσιν
1776 5742 1789 5755 ·
1822 5726 1881 5777 τὸ

300 5817 471 5888 μέσον
495 5835 553 5870 τε
585 5818 785 5872 στάντα
821 5821 1001 5872 κλῖναι
1047 5819 1146 5890 τὴν
1177 5821 1445 5889 κεφαλὴν,
1492 5819 1551 5870 τὸ
1587 5820 1750 5888 μέσον
1782 5817 1881 5886 τῆς

297 5909 406 5979 γῆς
454 5909 836 5981 σταυρωθῆναι
882 5911 1021 5981 ὑπὲρ
1072 5912 1229 5981 ήμῶν
1261 5913 1356 5964 καὶ
1410 5909 1728 5973 ἀποθανεῖν,
1786 5911 1880 5962 καὶ

1971 4708 2116 4774 Quid
2173 4708 2259 4761 his
2308 4705 2629 4776 signiﬁcat?
2687 4706 2844 4770 Quod
2891 4707 3206 4775 unigenitus
3259 4703 3350 4758 Dei
3395 4703 3568 4758 Filius

1976 4815 2152 4868 usque
2182 4798 2248 4851 ad
2286 4813 2386 4851 nos
2425 4817 2455 4852 e
2508 4799 2828 4852 cmlestihus
2880 4797 3102 4852 sedibus
3162 4796 3469 4860 descendit,
3509 4804 3566 4849 et

1976 4906 2170 4944 rursus
2193 4890 2246 4943 in
2274 4891 2474 4944 uelum
2511 4889 2757 4943 ascendit
2791 4903 3001 4956 nosque
3053 4888 3127 4941 ibi
3156 4887 3403 4941 adduxit.
3437 4888 3564 4942 Ideo

1977 4983 2105 5037 dum
2145 4981 2216 5036 ita
2248 4983 2530 5052 egreditur
2578 4988 2632 5033 et
2696 4987 2858 5046 caput
2904 4978 3130 5032 inclinat
3170 4993 3235 5032 ac
3293 4979 3470 5047 erigit,
3513 4990 3568 5036 et

1979 5074 2224 5126 clamat:
2263 5089 2282 5122 ι
2318 5071 2600 5142 Sapientia
2643 5071 2836 5133 erecti,
2878 5087 2896 5119 ι
2934 5070 3225 5140 signatque
3265 5071 3565 5138 thuribulo,

1977 5169 2063 5222 ’vel
2097 5168 2456 5236 Evangelium
2487 5167 2719 5233 extollit,
2755 5169 2798 5220 si
2847 5169 3129 5235 ingressus
3188 5165 3350 5222 fuerit
3385 5166 3566 5221 Evan-

1980 5262 2126 5329 gelii,
2160 5269 2324 5328 atque
2350 5261 2412 5312 ad
2445 5253 2649 5326 gradus
2676 5260 2992 5326 revertitur,
3026 5261 3206 5314 omnia
3243 5260 3568 5314 meonomia:

1981 5352 2240 5421 mysteria
2285 5351 2546 5405 ostendit.
2581 5349 2714 5402 Nam
2751 5350 3082 5419 egrediendo
3119 5352 3339 5421 quidem
3373 5363 3428 5406 et
3473 5352 3571 5406 de-

1982 5445 2296 5500 scendendo
2317 5444 2638 5499 descensum
2659 5442 2865 5500 Christi
2895 5443 3167 5515 huiusque
3199 5445 3559 5500 humilitatem

1985 5537 2242 5606 patefacit
2277 5555 2289 5600 ;
2325 5539 2448 5590 dum
2484 5538 2659 5591 Sacris
2691 5536 2936 5591 induitur
3002 5537 3246 5594 vestibus
3311 5538 3568 5592 incarna—

1985 5631 2186 5683 tionem
2223 5629 2429 5683 indicat
2459 5645 2472 5696 ;
2507 5629 2636 5683 dum
2679 5631 2731 5683 in
2758 5631 2932 5685 medio
2961 5641 3124 5700 caput
3176 5630 3422 5695 inclinat,
3451 5630 3571 5685 Sal-

1986 5730 2230 5776 vatorem
2267 5736 2364 5789 pro
2398 5720 2553 5774 nobis
2586 5722 2640 5774 in
2705 5721 2884 5776 medio
2943 5735 3100 5776 terra:
3141 5723 3464 5777 cruciﬁxum
3519 5733 3574 5778 et

1988 5824 2265 5869 mortuum
2308 5815 2551 5884 atquein
2584 5815 2854 5869 infernum
2915 5814 3335 5870 descendentem
3387 5817 3572 5869 decla-

1989 5917 2091 5962 rat.
2131 5907 2255 5963 ldeo
2285 5907 2334 5960 in
2362 5907 2582 5964 silentio
2618 5908 3195 5980 caputquc_incliuans
3223 5909 3567 5983 deprecatur,
