4046 6496
221 365 322 433 CO9

1381 374 1479 442 DE
1520 383 1759 447 SACRA
1803 389 2315 458 PRECATIONE.

3375 391 3483 468 διο

220 478 608 535 καὶᾶκόλουθον
627 481 846 555 ᾅδουσιν
865 483 1028 557 ᾠδὴν,
1052 487 1138 554 τὸ,
1162 503 1184 540 ε
1205 488 1537 546 Ἀνάστασιν
1567 493 1828 568 Χριστοῦ,

1933 505 2443 563 iResurrectionem
2472 506 2674 564 Christi
2706 499 2947 566 intuiti.»
3021 509 3152 569 Haec”
3171 499 3336 586 igitur
3351 513 3490 572 ﬁunt

223 575 563 646 θεασάμενοι.
599 594 620 630 r
661 578 850 632 Ταῦτα
889 579 990 650 μὲν
1015 576 1110 635 οὖν
1141 582 1200 634 ὲν
1235 582 1314 652 τῷ
1346 582 1530 656 ὄρθρῳ
1563 585 1797 655 γίνεται,

225 673 270 724 εί
302 670 390 722 καὶ
425 663 528 721 ὧδε
557 669 701 723 κατά
736 670 940 740 χρείαν,
959 671 1214 741 λέγοντες
1250 676 1380 745 περὶ
1415 677 1514 746 τῆς
1562 677 1798 742 εἰσόδου,

224 762 310 814 καὶ
342 760 448 812 τῶν
487 760 803 830 εἰρημένων
831 762 1213 833 ἐμνήσθημεν.
1264 763 1353 818 Ἐν
1388 764 1465 834 τῷ
1524 766 1801 838 ἑσπερινῷ

223 853 276 906 δὲ
301 853 393 924 τῆς
418 853 627 906 εἰσόδου
661 853 1033 924 τελεσθείσης,
1072 857 1169 910 καὶ
1189 855 1361 926 ὕμνου
1399 857 1548 928 ίεροῢ
1583 859 1805 928 λεχθέν-

224 965 332 1014 τος,
371 949 602 1018 ἀρχαίου
625 965 684 1000 τε
722 947 818 1001 καὶ
844 949 1110 1019 ἀρμοδίου
1148 952 1285 1020 πρὸς
1338 950 1437 1021 τὴν
1472 952 1714 1023 ἑσπέραν
1747 954 1804 1004 ὲν

225 1038 298 1108 τῷ
334 1039 646 1105 εἰσοδεύειν,
680 1038 739 1092 ὃν
767 1039 989 1109 λέγουσί
1019 1058 1166 1103 τινες
1199 1041 1352 1112 παρά
1384 1042 1476 1094 τοῦ
1507 1042 1653 1096 θείου
1724 1045 1803 1096 ἱε-

231 1135 564 1203 ρομάρτυρος
632 1133 1022 1204 Ἀθηνογένους
1071 1135 1419 1206 συντεθῆναι,
1479 1138 1660 1198 καλῶς
1711 1137 1806 1192 καὶ

225 1225 317 1292 τὴν
348 1222 552 1292 Τρξάδα
577 1225 674 1277 καὶ
688 1226 785 1295 τὴν
815 1225 1092 1297 σάρκωσιν
1115 1227 1209 1281 τοῦ
1237 1229 1414 1295 Λόγου
1439 1229 1804 1301 κηρύττοντά,

229 1315 338 1379 τοῦ,
369 1333 388 1368 t
415 1315 530 1378 Φῶς
567 1316 775 1384 ἱλαρὸν,
810 1318 1006 1385 Σοφία,
1050 1338 1068 1368 ι
1094 1321 1262 1389 φησὶν
1290 1321 1317 1371 6
1341 1321 1608 1384 διάκονος.
1647 1323 1754 1375 Καὶ
1781 1324 1808 1374 6

233 1411 510 1477 ἀρχιερεὺς
536 1407 873 1479 καθήμενος,
905 1410 1088 1464 δίδωσι
1131 1413 1233 1481 τὴν
1291 1414 1517 1485 εἰρήνην
1544 1432 1558 1448 ο
1597 1416 1682 1468 ὅτι
1713 1415 1807 1468 καὶ

234 1500 396 1565 αὐτὴν
421 1501 656 1570 Χριστὸς
690 1504 822 1570 ἡμῖν
843 1505 937 1556 καὶ
971 1505 1080 1574 πρὸ
1107 1505 1202 1558 τοῦ
1242 1505 1451 1569 πάθους
1477 1507 1680 1576 ἀφῆκε,
1715 1507 1812 1560 καὶ

232 1590 478 1652 ἀνιστὰς,
529 1591 754 1658 δέδωκε,
813 1595 908 1646 καὶ
960 1597 1038 1658 είς
1090 1596 1216 1660 τοὺς
1261 1597 1528 1667 οὐρανοὺς
1581 1596 1808 1662 ἀναϐὰς,

239 1681 458 1751 παρέχει
485 1682 774 1753 διηνεκῶς.

788 1779 1280 1854 ΚΕΦΛΛ.ΤΛΖἎ’

245 1886 369 1956 Περὶ
396 1886 511 1942 τῶν
536 1891 666 1944 καθ’
692 1889 1388 1970 ἡμέραν-προκειμένων,
1405 1901 1463 1954 τί
1481 1899 1670 1957 ταῦτα
1700 1915 1813 1970 ση·
1846 1864 1884 1918 Β

833 1965 1188 2030 μαίνουσιν.

316 2052 414 2105 Καὶ
471 2052 634 2116 εὐθὺς
709 2052 981 2125 λαμπρῶς
1047 2057 1110 2110 τὸ
1159 2059 1524 2131 προκείμενον
1601 2061 1811 2136 ᾅδεται.

252 2135 403 2192 Τοῦτο
439 2139 495 2192 δέ
530 2145 680 2195 ἐστιν
705 2144 750 2212 ήι
792 2147 922 2212 περὶ
971 2147 1075 2215 τῆς
1133 2147 1332 2219 ἑορτῆς
1388 2135 1696 2224 προφητεία
1748 2155 1817 2209 τά

203 2243 206 2245 ’
249 2236 367 2304 περὶ
397 2233 494 2301 τῆς
515 2235 730 2304 ἡμέρας
763 2235 1084 2292 ἐκδιδάσκον
1134 2240 1431 2311 ψαλμικόν.
1476 2246 1587 2298 Καὶ
1611 2246 1691 2317 τῷ
1715 2248 1818 2318 μὲν

244 2327 494 2399 Σαϐϐάτῳ
525 2328 767 2401 ἑσπέρας
793 2330 864 2383 τὰ
893 2333 1025 2402 περὶ.
1056 2331 1158 2403 τῆς
1195 2335 1556 2402 ἀναστάσεως
1604 2354 1817 2409 μαρτυ-

246 2419 352 2489 ριί·
375 2421 453 2472 διὸ
475 2423 594 2474 τότε
617 2421 714 2492 μὲν
732 2422 1020 2492 ψάλλεται,
1061 2444 1080 2477 ι
1102 2425 1163 2479 Ὀ
1185 2429 1387 2499 Κύριος
1407 2431 1727 2487 ἐϐασίλευσε
1753 2452 1766 2465 ·
1793 2454 1812 2486 ι

246 2512 486 2581 νενίκηκε
515 2514 622 2582 γὰρ
655 2516 748 2568 καὶ
795 2515 1114 2571 ὲῦασίλευσε
1172 2522 1316 2575 κατά
1354 2521 1451 2576 τοῦ
1518 2523 1751 2579 θανάτου
1791 2528 1819 2580 6

246 2606 497 2670 ἀνιστὰς,
534 2607 630 2660 καὶ
663 2609 1002 2677 εὐπρέπειαν
1055 2612 1158 2676 τὴν
1189 2613 1507 2684 ἀφθαρσίαν
1563 2617 1666 2686 τῆς
1714 2618 1820 2686 φύ-

251 2713 372 2759 σεως
406 2697 562 2768 ἡμῶν
605 2701 920 2768 ἐνεδύσατο,
959 2703 1054 2756 καὶ
1082 2704 1181 2776 τὴν
1212 2706 1540 2779 οίκουμένην
1580 2711 1824 2776 ἀναστὰς

250 2789 564 2874 ὲστερὲωσε,
596 2790 970 2848 πιστεύσασαν
1021 2795 1104 2858 είς
1138 2796 1305 2850 αὐτόν
1329 2813 1344 2830 ο
1384 2798 1624 2870 ἑσπέρας
1670 2802 1727 2856 δὲ
1752 2806 1821 2876 τῇ

249 2880 513 2950 Κυριακῇ,
542 2899 563 2933 ι
615 2881 744 2937 ’ἰδοὺ
766 2883 831 2953 δὴ
856 2885 1133 2953 εὐλογεῖτε
1172 2885 1265 2941 τὸν
1296 2888 1503 2958 Κύριον
1529 2907 1545 2923 °
1582 2911 1601 2944 ι
1646 2893 1823 2948 διά-τε

248 2969 365 3032 τοὺς
390 2971 746 3042 εὐλογοῦντας
777 2976 942 3031 αὑτὸν
970 2978 1271 3043 ἀπαύστως
1297 2983 1582 3050 ἀγγέλους,
1608 2987 1701 3038 καὶ
1724 2985 1824 3050 τὰς

252 3060 420 3132 ψυχὰς
448 3066 557 3121 τῶν
585 3066 790 3122 δούλων
825 3070 992 3126 αὑτοῦ
1015 3088 1030 3104 ο
1071 3075 1140 3143 τῇ
1181 3072 1239 3127 δὲ
1275 3073 1510 3147 δευτέρᾳ
1558 3076 1823 3148 ἑσπέρας,

257 3156 339 3209 διὰ
393 3160 522 3222 τοὺς
563 3159 806 3228 βοῶντας
863 3166 1113 3233 πιστοὺς,
1171 3167 1229 3219 ἐν
1270 3167 1551 3240 μετανοίᾳ,
1610 3171 1827 3226 καὶτὸν

259 3251 422 3322 αὐτῆς
462 3253 678 3326 κήρυκα
736 3249 1073 3327 Πρόδρομον,
1124 3278 1142 3310 ι
1198 3246 1406 3330 Κύριος
1444 3242 1834 3317 είσακούσεταί

256 3359 375 3410 μου,
415 3361 432 3394 ι
458 3346 644 3410 φησὶν,
677 3347 764 3397 «ἐν
787 3346 864 3415 τῷ
885 3351 1224 3418 κεκραγέναι
1247 3367 1314 3418 με
1336 3351 1470 3422 πρὸς
1488 3352 1667 3406 αὐτόν·
1685 3373 1704 3405 ι
1746 3355 1828 3425 Τῇ

254 3435 408 3507 τρίτῃ
432 3436 488 3490 δὲ
515 3438 778 3509 ἑσπέρας,
802 3439 890 3494 διὰ
930 3441 1024 3510 τὴν
1062 3442 1172 3495 ἀπὸ
1198 3442 1293 3496 τοῦ
1323 3446 1595 3515 σωτηρίου
1626 3447 1834 3510 πάθους

221 3525 530 3600 βοήθειαν,
562 3532 658 3584 καὶ
702 3533 764 3584 τὸ
822 3531 882 3584 ἐν
929 3535 1064 3604 ἡμῖν
1111 3532 1258 3598 ἔλεος
1309 3535 1400 3589 διὰ
1425 3536 1520 3590 τοῦ
1573 3539 1833 3610 σταυροῦ,

259 3640 280 3674 ι
311 3621 381 3674 Τὸ
414 3623 562 3687 ἔλεός
591 3641 709 3689 σου,
738 3623 935 3694 Κύριε,
971 3627 1306 3693 καταδιῶΕαι
1332 3645 1424 3699 με,
1453 3630 1624 3698 λέγει,
1653 3634 1836 3697 πάσας

255 3715 581 3786 τὰςήμέρας
611 3719 710 3790 τῆς
737 3719 883 3789 ζωῆς
929 3736 1072 3789 μου·
1109 3738 1128 3772 ι
1177 3723 1245 3790 τῇ
1305 3724 1404 3791 τῆς
1459 3725 1716 3794 τετράδος
1777 3726 1834 3779 δὲ

255 3809 465 3878 ιτπέρᾳ
489 3811 558 3863 τὰ
591 3810 700 3862 τῶν
741 3811 1104 3876 Ἀποστὸλων,
1145 3831 1164 3864 t
1226 3816 1270 3867 0
1293 3813 1452 3879 Θεὸς,
1473 3814 1748 3884 λέγοντες,
1780 3817 1836 3869 ὲν

259 3902 339 3973 τῷ
361 3904 589 3974 ὀνόματί
616 3921 711 3958 σου
745 3905 922 3958 σῶσόν
979 3923 1067 3976 με.
1106 3925 1124 3958 ι
1164 3904 1276 3958 Καὶ
1313 3907 1423 3978 γὰρ
1457 3906 1524 3959 δι’
1569 3907 1750 3960 αὐτῶν
1781 3909 1836 3960 ὲν

254 3997 477 4068 ὀνόματι
523 3999 730 4068 Κυρίου
763 3999 1108 4069 σεσῶσμεθα,
1142 3999 1628 4068 καταγγειλάντων
1673 4000 1835 4072 237

251 4092 350 4145 καὶ
377 4090 636 4161 κηρύκων
672 4091 839 4144 θείων
865 4091 1319 4161 ἀποδειχθέντων,
1357 4089 1451 4144 τοῦ
1474 4091 1624 4148 θεοῦ
1649 4111 1840 4166 συνερ-

253 4183 485 4252 γοῦντος
511 4183 804 4236 σωσάντων
844 4184 1011 4252 ἡμᾶς,
1043 4185 1140 4237 καὶ
1171 4181 1263 4236 τὸν
1289 4182 1447 4251 λόγον
1468 4181 1838 4253 βεϐαιοῦντος,

249 4278 334 4338 ὡς
365 4279 700 4348 γέγραπται.
744 4277 904 4332 Κατά
927 4276 984 4330 δὲ
1011 4279 1113 4348 τὴν
1142 4277 1406 4346 πέμπτην
1440 4277 1704 4348 ἑσπέρας,
1740 4277 1840 4348 τὴν

257 4369 509 4439 μεγάλην
570 4366 1034 4440 προανυμνοΰμεν
1100 4369 1356 4441 βοήθειαν
1411 4369 1507 4425 τοῦ
1576 4371 1837 4444 σταυροῦ.

257 4460 436 4523 Αὐτὸς
487 4461 597 4532 γὰρ
651 4461 785 4532 ἡμῖν
847 4460 1115 4532 ἒὸοήθησε
1175 4463 1341 4533 σαρκλ⁸
1387 4463 1756 4536 σταυρωθεὶς,
1810 4469 1838 4520 6

1908 598 1962 652 in
1998 598 2180 655 cilicio
2213 602 2509 657 matutino.
2542 602 2610 657 At
2641 603 2823 671 dictis,
2843 613 3007 675 prout
3032 622 3173 678 opus
3198 617 3339 673 erat,
3370 625 3492 678 quae

1905 689 1974 744 ad
2061 691 2372 762 ingressum
2425 704 2696 764 spectant.
2757 699 2822 750 ad
2879 700 3159 771 proposita
3220 710 3491 755 memores

1906 781 2221 838 redeamus.
2285 782 2450 839 Facto
2506 786 2724 855 quidem
2773 789 3024 857 ingressu
3089 791 3141 844 in
3181 793 3491 860 vespertino

1907 870 2110 938 oﬁicio,
2143 874 2400 944 dictoque
2426 881 2629 946 hymno
2657 893 2815 932 sacro
2849 888 3032 935 vetere
3052 890 3107 936 et
3129 881 3197 936 ad
3233 886 3492 952 vesperae

1908 963 2040 1018 dum
2073 965 2316 1020 intratur
2350 968 2788 1038 accommodato,
2824 985 2983 1040 quem
3026 971 3270 1026 nonnulli
3328 985 3491 1028 autu-

1914 1067 2070 1111 mant
2107 1073 2136 1112 a
2189 1059 2317 1114 divo
2357 1071 2656 1130 sanctoque
2690 1071 2930 1133 martyre
2955 1063 3311 1135 Athenogene
3342 1075 3494 1118 co'm-

1913 1149 2148 1217 positum
2187 1150 2382 1216 fuisse,
2430 1166 2540 1220 quo
2589 1150 2830 1207 Trinitas
2873 1163 2926 1207 et
2988 1154 3290 1207 incarnatio
3325 1144 3492 1207 Verbi

1911 1243 2124 1312 egregie
2149 1245 2532 1311 praedicantur,
2565 1245 2850 1300 videlicet:
2883 1265 2902 1297 ι
2934 1246 3050 1300 Lux
3082 1247 3258 1312 laeta,»
3299 1247 3488 1300 diaco=

1913 1348 2012 1386 nus
2029 1333 2178 1395 dicit,
2213 1337 2578 1404 «Sapientia,»
2606 1345 2660 1390 et
2680 1330 2920 1406 pontifex
2947 1337 3143 1394 sedens
3169 1340 3259 1394 dat.
3278 1355 3492 1408 pacem,

1911 1425 2172 1488 quoniam
2205 1427 2458 1484 Christus
2487 1444 2606 1483 eam
2645 1439 2772 1484 ante
2815 1431 3128 1499 passionem
3167 1431 3407 1500 reliquit,
3432 1439 3490 1485 et

1916 1515 2193 1570 redivivus
2226 1515 2395 1582 dedit,
2425 1531 2490 1572 ac
2537 1517 2600 1571 in.
2630 1519 2830 1573 etnlum
2877 1528 3197 1588 assumptus
3229 1521 3493 1575 continuo

1913 1607 2176 1680 impertit.

2367 1810 2597 1868 CAPUT
2655 1811 3059 1892 cccxxxvu.

1919 1905 1994 1960 De
2051 1906 2260 1975 praeviis
2305 1921 2424 1975 qua:
2451 1906 2709 2046 quotidi-ti5
2728 1915 3117 2030 pro‘pommtur,
3151 1917 3200 1961 et
3231 1907 3359 1974 quid
3391 1909 3501 1962 haec

2533 1994 2667 2046 ειρηι
2712 1996 2808 2033 ταη
2837 2015 2854 2033 .

2533 1994 2854 2046 signa/iram.

1997 2069 2061 2124 Et
2093 2073 2343 2138 protinus
2389 2073 2534 2128 clara
2581 2088 2712 2127 voce
2767 2081 3059 2128 cantantur
3086 2074 3309 2142 praevia.
3373 2073 3499 2126 Hmc

1918 2171 2099 2214 autem
2132 2162 2266 2214 nihil
2298 2161 2444 2216 aliud
2471 2173 2598 2217 sunt
2640 2179 2804 2232 quam
2839 2163 3083 2232 qutedam
3113 2164 3179 2218 de
3213 2165 3347 2216 festo
3377 2178 3502 2231 pro—-

1921 2253 2122 2321 phetia,
2183 2254 2422 2322 psalmus
2479 2269 2564 2310 res
2619 2256 2725 2310 diei
2789 2256 3047 2311 edocens.
3113 2255 3380 2323 Equidem
3442 2254 3496 2308 in

1929 2347 2174 2417 vesperis
2211 2346 2433 2401 S'abbati
2463 2347 2718 2418 mysteria
2757 2348 3179 2403 resurrectionis
3208 2356 3502 2413 testantur,

1923 2437 2156 2507 ideoque
2217 2447 2345 2492 tunc
2403 2439 2654 2508 psallitur
2701 2456 2716 2492 :
2782 2439 3090 2495 «Dominus
3149 2438 3434 2506 regnavit;
3481 2454 3500 2486 ι

1924 2530 2056 2584 vicit
2086 2529 2247 2596 ;cuim
2285 2541 2339 2583 et
2389 2531 2442 2583 in
2481 2537 2714 2585 mortem
2752 2532 3000 2600 regnavit
3057 2529 3409 2598 resurgendo,
3452 2535 3507 2581 et

1923 2622 2200 2686 decorem,
2228 2636 2425 2690 nempe
2456 2621 3025 2691 incorruptibilitatem
3051 2629 3259 2675 natura!
3295 2628 3499 2673 nostras

1925 2713 2120 2780 induit,
2175 2723 2485 2783 terramque
2540 2715 2879 2786 resurgendo
2933 2712 3268 2767 lormavitiu
3323 2711 3500 2780 ipsum

1933 2803 2280 2858 credentem.
2340 2804 2540 2861 Verum
2570 2805 2624 2860 in
2665 2806 2916 2876 vesperis
2951 2803 3282 2860 Dominicne:
3320 2821 3338 2853 ι
3363 2798 3505 2856 Ecce

1928 2912 2075 2951 nunc
2129 2895 2436 2952 benedicite
2471 2897 2794 2963 Dominum,
2826 2917 2846 2951 ι
2899 2908 3124 2968 propter
3174 2896 3402 2966 angelos
3452 2901 3508 2948 et

1929 2985 2144 3041 animas
2172 3001 2458 3041 servorum
2504 2985 2627 3056 eius
2658 3003 2784 3042 eum
2822 2987 2940 3041 sine
2967 2985 3075 3040 ﬁne
3106 2985 3509 3040 benedicenles.

1929 3077 1997 3132 At
2054 3077 2296 3149 vesperis
2365 3077 2618 3134 secunda:
2681 3077 2831 3134 feriae
2921 3090 3144 3149 propter
3207 3076 3392 3131 ﬁdeles
3457 3075 3510 3128 iu

1857 3203 1902 3262 ο
1932 3170 2247 3239 pmnitentia
2285 3171 2588 3227 clamantes
2626 3171 2896 3241 huiusque
2938 3185 3242 3241 prmconcm
3277 3182 3517 3238 praecur-

1936 3275 2160 3317 sorem:
2217 3281 2235 3313 ε
2276 3261 2541 3318 Dominus
2572 3262 2828 3318 exaudiet
2857 3279 2964 3327 me,
2996 3262 3200 3332 inquit,
3237 3277 3362 3316 cum
3405 3261 3518 3314 cla-

1937 3366 2159 3406 tnavero
2191 3353 2258 3408 ad
2291 3368 2439 3407 eum.
2476 3375 2494 3405 ι
2550 3353 2727 3408 Feria:
2770 3356 2947 3409 tertiae
2995 3353 3260 3424 vesperis,
3294 3362 3519 3422 propter

1937 3443 2199 3497 auxilium
2230 3459 2259 3498 a
2296 3446 2524 3500 salutari
2576 3447 2834 3514 passione
2885 3455 3054 3514 atque
3084 3444 3520 3501 misericordiam

1939 3532 2098 3587 nobis
2134 3548 2229 3601 per
2265 3548 2486 3588 crucem
2528 3546 2870 3604 comparata,
2902 3535 3034 3589 illud
3065 3533 3265 3588 dicitur
3293 3549 3308 3586 :
3368 3552 3386 3584 ι
3417 3533 3521 3585 Mi-

1923 3623 2237 3694 sericordia
2268 3631 2381 3686 tua,
2419 3623 2668 3684 Domine.
2729 3624 3101 3694 subsequetur
3142 3636 3231 3676 tne
3263 3620 3521 3677 omnibus

1939 3716 2133 3771 diebus
2183 3716 2308 3770 vitae
2343 3731 2494 3770 meae.
2530 3735 2548 3767 ι
2611 3714 2720 3771 Sed
2777 3727 2984 3786 quarta:
3012 3717 3160 3770 feriae
3243 3715 3520 3782 vesperis.

1939 3806 2284 3862 celebrantur
2337 3808 2582 3873 Apostoii
2637 3807 2916 3864 dicendo:
2954 3826 2972 3860 ι
3003 3807 3171 3872 Deus,
3207 3809 3261 3861 in
3298 3805 3522 3860 nomine

1944 3911 2037 3954 tuo
2089 3901 2300 3954 salvum
2360 3917 2445 3954 me
2476 3900 2580 3967 fac,
2621 3919 2638 3952 ι
2705 3917 2832 3954 nam
2893 3917 2989 3970 per
3041 3915 3136 3955 cus
3189 3900 3242 3953 in
3300 3900 3523 3953 nomine

1945 3993 2156 4046 Dmniui
2199 3993 2333 4048 salvi
2367 4008 2556 4046 sumus
2592 3992 2742 4057 facti,
2767 3993 2858 4062 qui
2888 3991 3275 4046 nuntiaverunt
3302 3998 3355 4043 et
3390 4004 3525 4057 pne;

1951 4083 2276 4138 dicaverunt
2312 4083 2405 4138 Dei
2432 4085 2731 4150 doctrinas,
2760 4083 2994 4139 Domino
3032 4083 3372 4138 salvantihus
3422 4095 3524 4135 nos

1943 4187 2278 4249 cooperante
2312 4189 2368 4234 et
2398 4194 2712 4234 sermonem
2749 4193 2940 4234 eorum
2977 4179 3361 4240 conﬁrtnante,
3381 4177 3527 4231 sicut

1945 4273 2213 4343 scriptum
2244 4281 2350 4330 est.
2389 4272 2607 4339 Quintae
2634 4287 2765 4328 vero
2791 4273 2941 4328 feria:
2973 4272 3239 4342 vesperis,
3267 4283 3527 4339 magnum

1944 4364 2130 4420 erucis
2177 4363 2511 4434 adiutorium
2569 4364 2828 4422 laudibus
2871 4376 3180 4431 ornamus;
3229 4361 3346 4432 ipse
3377 4361 3522 4416 enim

1947 4471 2049 4511 nos
2074 4456 2286 4527 adjuvit
2339 4473 2504 4513 carne
2551 4458 2855 4514 cruciﬁxus
2909 4459 3002 4528 qui
3052 4457 3181 4513 fecit
3244 4457 3444 4511 caelum
3475 4465 3531 4510 et

254 4551 502 4621 ποιήσας
532 4551 624 4603 τὸν
657 4549 889 4620 οὐρανὸν
921 4551 1016 4602 καὶ
1042 4551 1142 4614 τὴν
1189 4553 1317 4621 γῆν.
1355 4553 1631 4622 Ἐσπέρας
1659 4553 1718 4608 δὲ
1767 4557 1829 4626 τῇ

1943 4558 2163 4605 terram.
2199 4550 2451 4621 Vesperis
2478 4563 2660 4606 autem
2692 4553 3023 4608 Parasceves
3050 4569 3066 4608 :
3113 4551 3312 4617 «Deus,
3342 4563 3533 4606 susce-

247 4646 622 4716 Παρασκευῇ,
651 4663 670 4696 t
718 4643 778 4698 '0
811 4643 966 4707 Θεὸς,
1003 4643 1352 4713 ἀντιλήπτωρ
1385 4663 1486 4716 μου
1527 4642 1601 4711 εἴ,
1642 4667 1662 4701 ι
1712 4650 1844 4719 βοῶ-

251 4757 387 4808 μεν,
421 4739 508 4791 διὰ
538 4739 636 4810 τὴν
666 4737 878 4808 πληθὺν
902 4739 1011 4792 τῶν
1041 4738 1236 4806 ἁγίων,
1289 4742 1355 4809 τῇ
1403 4741 1684 4810 ἀντιλήψει
1750 4743 1842 4796 τοῦ

243 4831 514 4893 θανόντος
551 4831 690 4898 ὑπὲρ
744 4832 905 4900 ἡμῶν
962 4830 1316 4901 συνηγμένην
1349 4833 1441 4884 καὶ
1499 4831 1844 4903 ὲγερθέντος,

245 4923 360 4974 καὶ
391 4923 486 4984 τὰς
516 4921 693 4992 ψυχὰς
727 4923 836 4976 τῶν
869 4921 1326 4992 προαπελθόντων
1361 4923 1604 4978 πιστῶνι
1640 4925 1720 4978 ὅτι
1753 4928 1848 4978 καὶ

245 5018 381 5078 τοῖς
417 5016 590 5083 ἁγίοις
617 5018 644 5070 6
675 5017 808 5078 Θεὸς
846 5016 1132 5086 ἀντίληψις
1172 5018 1388 5083 γέγονε,
1422 5018 1514 5069 καὶ
1545 5013 1659 5080 τοῖς
1683 5011 1850 5072 ἀπελ-

253 5109 425 5163 οοΰσι
455 5111 508 5161 δὲ
533 5111 693 5171 αὐτός
716 5112 865 5163 ἐστιν
890 5108 1062 5173 ἕλεος,
1083 5108 1418 5179 προφθάνων
1446 5111 1526 5175 είς
1551 5111 1846 5181 σωτηρίαν.

266 5203 377 5255 Ἐν
399 5201 456 5254 δὲ
483 5205 601 5266 ταῖς
629 5201 867 5272 ἡμέραις
894 5201 1002 5254 τῶν
1039 5201 1308 5271 νηστειῶν
1369 5203 1692 5272 Ἀλληλούῖα
1731 5204 1851 5256 ἀντὶ

244 5295 639 5364 προκειμένου
677 5295 998 5372 πρόκειται·
1037 5293 1160 5364 δ’δὴ
1191 5295 1399 5349 αῐνεσιν
1430 5297 1690 5366 σημαίνει
1718 5298 1852 5350 Θεοῦ

241 5389 362 5442 καὶ
393 5389 690 5458 ἐπιδημίαν
724 5387 884 5440 Θεοῦ’
919 5389 1013 5441 καὶ
1032 5387 1114 5451 τὸ,
1155 5407 1172 5439 t
1217 5388 1277 5439 Ὀ
1301 5387 1507 5456 Κύριος
1543 5388 1765 5459 ἔρχεται
1787 5405 1798 5418 ·
1829 5407 1847 5440 ι

241 5498 333 5549 κη
347 5479 546 5547 ρύττον
587 5479 686 5549 μὲν
715 5482 814 5550 τήν
841 5497 902 5531 τε
933 5479 1164 5549 πρώτην
1195 5480 1291 5533 καὶ
1322 5479 1421 5548 τὴν
1453 5480 1717 5549 δευτέραν
1761 5484 1859 5533 αύ-

239 5573 366 5624 τοῦ
402 5571 729 5640 παρουσίαν,
761 5575 1142 5642 προσημαῖνον
1163 5571 1336 5624 δὲκαὶ
1366 5572 1434 5624 τά
1465 5574 1596 5642 περὶ
1623 5573 1717 5624 τοῦ
1753 5575 1860 5628 mi-

244 5663 402 5724 θους
435 5663 599 5718 αὑτοῦ
623 5665 719 5716 καὶ
751 5664 853 5734 τῆς
879 5664 1172 5733 ἑγέρσειως.
1207 5657 1332 5717 Οἷον
1371 5663 1446 5726 ὼς
1492 5663 1714 5734 ἔρχεται
1754 5681 1862 5716 πα-

1954 4653 2077 4712 ptor
2120 4657 2272 4698 meus
2310 4659 2392 4710 es,
2421 4661 2442 4695 ι
2495 4635 2796 4701 clamamus
2854 4655 3077 4714 propter
3129 4642 3533 4697 multitudinem

1955 4744 2275 4790 sanctorum
2325 4737 2675 4804 susceptione
2707 4737 2855 4791 illius
2915 4752 3010 4805 pro
3045 4735 3202 4789 nobis
3243 4733 3442 4787 mortui
3479 4741 3532 4786 et

1956 4825 2190 4880 redivivi
2230 4837 2622 4898 congregatum
2654 4835 2709 4882 et
2739 4830 2951 4883 animas
2971 4827 3211 4881 ﬁdelium
3244 4825 3538 4878 defuncto-

1954 4935 2103 4981 rum,
2143 4921 2402 4985 quoniam
2431 4921 2633 4975 sant-tis
2653 4919 2798 4975 Deus
2830 4929 3114 4988 susceptor
3141 4919 3314 4972 factus
3343 4929 3444 4972 est.
3482 4930 3534 4972 et

1959 5013 2347 5067 misericordia
2381 5013 2503 5080 ejus
2534 5013 2623 5080 qui
2656 5013 2806 5081 prius
2835 5011 2888 5065 in
2919 5011 3150 5064 salutem
3177 5018 3424 5062 mortuus
3452 5019 3534 5062 est

1959 5106 2246 5160 defunctis
2298 5097 2632 5175 impertitur.
2687 5104 2794 5158 Sed
2858 5105 2911 5157 in
2965 5103 3158 5156 diebus
3193 5103 3527 5173 jejuuim-um

1961 5198 2086 5254 loco
2144 5201 2471 5268 prmviorum
2527 5206 2780 5251 cantatur
2838 5195 3186 5257 «Alleluia,»
3241 5196 3382 5264 quod
3440 5195 3537 5246 Dei

1959 5291 2190 5344 laudem'
2218 5289 2493 5358 signiﬁcat
2527 5289 2732 5357 Deique
2760 5289 3078 5350 adventum,
3113 5297 3166 5340 et
3206 5289 3344 5340 idem
3381 5298 3538 5340 sonat

1963 5397 2026 5436 ac
2059 5400 2075 5430 ι
2107 5381 2378 5434 Dominus
2411 5379 2580 5442 venit,
2603 5398 2620 5429 ι
2690 5389 2803 5431 tum
2824 5379 3078 5453 ’priorem
3111 5388 3226 5431 tum
3269 5377 3534 5446 posteriu-

1962 5491 2080 5529 rem
2117 5475 2235 5542 ejus
2282 5474 2573 5528 adventum
2639 5473 2966 5541 praedicans,
3009 5489 3222 5528 necnon
3273 5475 3546 5539 pas-simus

1966 5575 2023 5622 et
2081 5565 2504 5620 resurrectionis
2577 5565 2698 5635 ejus
2765 5565 3024 5634 mysteria
3081 5566 3541 5634 pl'msigttiﬁmtts;

1968 5659 2129 5730 quasi
2168 5659 2488 5714 diceretur:
2541 5656 2700 5712 Venit
2733 5671 3005 5727 passurus
3053 5668 3106 5712 et
3140 5670 3547 5711 resurrecturus

246 5757 394 5812 Θεῖν
425 5756 519 5809 καὶ
548 5757 843 5827 ἀναστῆναι
871 5756 1009 5827 ὑπὲρ
1046 5755 1204 5826 ἡμῶν
1231 5756 1259 5808 6
1314 5755 1552 5825 Κύριοςο
1584 5755 1678 5807 καὶ
1698 5754 1826 5824 ἕρχε

1967 5772 2071 5827 pro
2099 5754 2260 5808 nobis
2301 5749 2588 5818 Dominus,
2621 5760 2676 5806 et
2711 5753 2894 5807 veniet
2921 5753 3083 5807 etiam
3115 5753 3166 5805 in
3202 5769 3552 5806 CUIlSUtttlhtt-

245 5865 367 5904 ται
399 5849 563 5901 πάλιν
597 5848 685 5902 ἐπ’
727 5849 970 5921 ἐσχάτων
1023 5849 1122 5902 τοῦ
1157 5848 1340 5918 κρῖναι
1382 5847 1566 5902 πᾶσαν
1603 5846 1704 5915 τὴν
1732 5847 1858 5916 γῆν,

1975 5847 2124 5902 tione
2155 5844 2340 5901 saeculi
2393 5854 2595 5900 terram
2633 5842 2980 5912 iudicaturus
3026 5843 3359 5906 universam,
3392 5855 3448 5894 ut
3485 5844 3551 5896 de
