4046 6434
297 290 404 354 613

1468 287 1568 347 DE
1611 290 1850 350 SAliilA
1899 287 2412 358 PRECATIONE.

3472 305 3577 375 (ili

292 404 385 456 ἐπὶ
405 403 504 472 τὴν
534 400 898 484 κληρονομίαν
933 418 1049 467 σου,
1078 401 1161 455 ὅτι
1218 400 1318 455 οὐκ
1357 400 1696 470 ἀνθρώποις,
1748 402 1877 457 ἀλλά

1987 422 2119 477 pore
2178 411 2458 466 custodire
2504 412 2753 484 dignare,
2803 426 2857 471 et
2901 418 2953 472 in
2983 419 3085 474 hac
3140 419 3269 474 hora
3315 421 3384 475 ab
3418 419 3574 475 omni

293 496 376 547 col.
405 495 502 554 τάς
531 494 773 561 κεφαλὰς
805 493 1046 558 ἔκλιναν,
1087 493 1187 563 τὴν
1222 493 1372 562 παρά
1426 492 1520 546 σοῦ
1567 494 1881 562 αἰτούμενοι

296 587 570 656 σωτηρίαν
591 600 602 614 ⁶
630 585 725 648 οὓς
757 586 853 639 καὶ
879 588 936 638 ἐν
959 586 1123 639 παντὶ
1149 585 1328 655 καιρῷ
1382 583 1730 655 διαφύλαξον,
1786 589 1881 641 καὶ

294 681 351 733 ὲν
375 679 452 747 τῷ
490 678 716 748 παρόντι
751 679 857 731 ἀπὸ
897 677 1103 742 παντὸς
1149 678 1396 732 ἐναντίου
1443 677 1734 748 νοουμένου
1787 680 1883 732 καὶ

295 770 574 839 αἰσθητοῦ.
616 787 635 820 ι
671 771 780 824 Καὶ
815 770 1100 842 θαρρήσας
1125 771 1198 834 ὡς
1246 771 1613 838 ἐπιτεύξεται,
1666 773 1883 826 ἀνίστα-

294 883 380 930 ται
412 882 426 895 ·
460 866 551 916 καὶ
577 864 902 935 ἐπιφωνήσας
931 865 1184 935 ἀνυμνεί,
1222 884 1240 916 ι
1281 865 1380 934 Εἵη
1431 864 1492 916 τὸ
1544 869 1744 934 κράτος
1783 865 1882 932 τῆς

296 958 568 1027 βασιλείας
589 975 681 1014 σου
709 958 1128 1028 εὐλογημένον,›
1160 959 1255 1011 καὶ
1287 956 1354 1010 τὰ
1383 956 1548 1010 λοιπά
1579 971 1593 986 ·
1627 950 1764 1022 οἷον,
1805 958 1878 1010 Σὺ

1988 497 2308 554 adversario
2332 501 2448 556 sive
2499 504 2772 571 spirituali
2809 507 2925 561 sive
2953 507 3225 561 sensibili.
3269 526 3287 558 ι
3328 507 3397 561 Ει
3434 508 3575 561 ﬁdu-

1989 592 2204 646 cialiter
2229 608 2459 663 sperans
2520 610 2579 650 se
2611 600 2776 666 petita
2808 608 3259 660 consecuturum,
3288 601 3487 667 surgit,
3521 607 3577 652 et

1989 680 2234 736 clatnans
2267 693 2452 736 cantat
2489 701 2502 738 :
2569 704 2586 736 ι
2639 687 2718 740 Sit
2757 689 2994 743 fortiudo
3024 691 3177 758 regni
3213 693 3287 744 lui
3347 691 3576 744 bene‘dia

1989 779 2098 832 cta,
2136 789 2156 820 ›
2191 781 2244 825 et
2275 783 2493 836 czt‘tera,
2557 779 2711 844 quasi
2745 779 2953 833 diceret
2992 791 3006 832 τ
3050 779 3133 833 Tu
3189 781 3340 834 solus
3385 795 3444 833 es
3474 795 3568 834 rex

1989 864 2324 934 gloriﬁcatus
2351 874 2406 920 et
2436 867 2778 935 benedictus,
2837 881 2891 926 et
2915 873 3098 926 omnia
3155 872 3339 942 potes‘;
3371 885 3424 928 et
3458 883 3572 927 sta-

1996 957 2091 1011 tim
2118 959 2524 1027 processionem
2547 964 2776 1032 peragit.

303 1054 558 1124 βασύεὺς
596 1052 755 1122 μόνος
781 1053 1172 1120 δεδοξασμένος
1207 1070 1263 1106 τε
1299 1056 1392 1106 καὶ
1421 1051 1812 1121 εὐλογημένος,
1844 1051 1938 1105 καὶ
1967 1051 2148 1106 πάντα
2176 1052 2439 1107 δύνασαιο
2476 1054 2574 1108 καὶ
2623 1057 2787 1119 εὐθὺς
2832 1057 3134 1110 ἐπιτελεῖται
3169 1061 3237 1111 τὰ
3268 1059 3365 1128 τῆς
3402 1059 3574 1127 mag.

862 1169 905 1222 K
919 1169 1114 1222 ΕΦΑΛ.
1141 1166 1311 1223 Ἰ“ΛΘ’.

291 1261 430 1328 Περὶ
463 1260 571 1327 τῆς
595 1261 666 1312 ἐν
697 1261 776 1327 τῷ
800 1261 1052 1329 νάρθηκι
1093 1259 1290 1327 λιτῆς,
1347 1262 1444 1315 καὶ
1481 1262 1601 1316 τῶν
1647 1264 1882 1318 λοιπῶν

644 1331 870 1395 ἔξωθεν
889 1332 995 1386 τοῦ
1020 1333 1171 1385 ναοῦ
1186 1333 1526 1386 ⁸ιιι-ιινειῶν.

362 1424 510 1494 Αὕτη
533 1425 587 1476 δὲ
623 1422 822 1487 ἔξωθεν
858 1426 912 1476 ὲν
939 1424 1288 1495 τῷ-νάρθηκι
1315 1428 1460 1480 κατά
1485 1443 1545 1478 τε
1599 1427 1882 1504 ξάὅϐατον

291 1517 522 1584 γίνεται,
548 1519 642 1571 καὶ
665 1520 721 1570 ἐν
751 1519 987 1588 ἑορταῖς,
1041 1521 1133 1571 καὶ
1187 1523 1245 1573 ἐν
1308 1520 1489 1589 καιρῷ
1541 1521 1597 1573 δὲ
1665 1519 1882 1590 πληγῆς

290 1628 435 1673 τινος
467 1612 804 1680 ἐπελθούσης
842 1613 873 1681 ἢ
941 1613 1318 1678 περιστάσεως
1387 1613 1648 1666 πλειόνων
1690 1614 1880 1684 ἀθροι-

294 1705 524 1758 σθέντων
551 1706 636 1757 διὰ
671 1706 838 1774 μέσου
862 1707 960 1776 τῆς
989 1707 1218 1768 πόλεως,
1253 1707 1406 1776 ἢκαὶ
1445 1707 1650 1772 ἔξωθεν
1683 1709 1881 1777 αὐτῆς,

2463 1171 2697 1226 (IAPUT
2737 1172 3108 1229 CCCXXXIX.

1995 1263 2072 1316 De
2100 1264 2499 1332 processionet’n
2525 1263 2579 1317 Ν
2585 1269 2812 1328 arthece,
2843 1277 2893 1320 et
2923 1272 3124 1322 ca'teris
3143 1273 3290 1322 extra
3317 1269 3570 1338 templum

2467 1339 2708 1403 precibus
2743 1355 2804 1390 ac
2843 1340 3070 1394 litaniis.

2065 1425 2190 1479 l-lzec
2225 1443 2351 1481 vero
2388 1428 2532 1482 foras
2559 1429 2617 1482 tit
2661 1429 2716 1482 in
2764 1432 3024 1484 narthece
3049 1446 3145 1499 per
3179 1433 3491 1494 sabbatum,-
3517 1438 3573 1484 et

1991 1519 2045 1572 in
2075 1518 2224 1572 festis
2260 1521 2563 1588 processio,
2592 1536 2804 1599 necnon
2838 1523 3058 1590 quando
3090 1524 3272 1591 aliqua
3300 1534 3569 1593 superveé

1991 1613 2072 1667 nit
2107 1613 2283 1683 plaga,
2316 1613 2400 1668 vel
2430 1613 2583 1666 tnulti
2608 1622 2809 1668 coeunt
2852 1614 3099 1668 homines
3134 1615 3187 1668 in
3219 1616 3396 1667 medio
3423 1614 3574 1668 urbis

1989 1717 2082 1764 aut
2147 1718 2299 1763 extra
2354 1710 2498 1764 illam
2558 1724 2653 1765 seu
2709 1711 2862 1764 circa
2917 1725 3103 1764 muros
3157 1710 3570 1762 tumultuantes.

292 1800 324 1866 ἦ
351 1801 474 1868 περὶ
504 1799 569 1849 τὰ
595 1798 773 1867 τείχη.
810 1799 1068 1851 Λιτανεία
1100 1799 1155 1850 δέ
1212 1801 1328 1851 ἐστι
1365 1794 1714 1869 πάράκλησις
1745 1801 1877 1867 πρὸς

1987 1803 2128 1857 Sunt
2181 1811 2360 1857 autem
2408 1803 2616 1858 litaniae
2649 1803 2959 1858 obsecratio
2991 1811 3046 1857 et
3081 1804 3392 1870 deprecatio
3417 1816 3572 1854 com-

296 1891 422 1942 Θεὸν
443 1890 539 1942 καὶ
573 1891 754 1942 ἱκεσία
787 1890 941 1960 κοινὴ
976 1893 1071 1943 καὶ
1095 1891 1164 1942 δι’
1217 1892 1390 1961 ὀργὴν
1449 1893 1883 1976 ἐπιφερομένην,

296 1984 385 2033 καὶ
432 1982 593 2051 χάριν
629 1983 983 2052 εὐχαριστίας
1037 1984 1176 2051 ὑπὲρ
1235 1983 1457 2051 ἀγαθῶν
1505 1985 1881 2054 δωρηθέντων.

295 2075 363 2127 Τὸ
389 2075 481 2127 οὐν
516 2076 716 2139 ἔξωθεν
749 2079 896 2144 ἡμᾶς
925 2075 1020 2128 τοῦ
1053 2075 1183 2129 ναοῦ
1227 2077 1493 2142 γίνεσθαι,
1537 2078 1634 2146 τὴν
1667 2077 1883 2130 ἔκπτω-

293 2184 376 2219 σιν
408 2167 501 2220 τοῦ
542 2169 878 2238 παραδείσου
903 2169 1075 2238 δηλοῖ,
1113 2170 1207 2220 καὶ
1238 2171 1296 2222 τὸ
1342 2170 1662 2238 κλεισθῆναι
1719 2171 1881 2223 αὐτὸν

289 2262 538 2330 ἡμῖνκαὶ
593 2264 684 2314 τὸν
733 2263 986 2333 οὐρανόν.
1045 2263 1116 2314 Τὸ
1179 2263 1235 2315 δὲ
1304 2264 1467 2331 μέσον
1523 2265 1619 2332 τῆς
1673 2265 1883 2326 πόλεως

288 2355 601 2422 διέρχεσθαί
629 2372 688 2407 τε
720 2357 812 2408 καὶ
847 2355 1120 2417 πενθικῶς
1164 2356 1362 2426 ἐκϐοᾷν
1410 2357 1470 2409 τὺ
1535 2359 1879 2426 καταχρᾶναι

289 2448 441 2518 δηλοί
462 2449 560 2517 τὴν
592 2450 748 2501 πόλιν
780 2451 900 2509 ταῖς
954 2449 1252 2517 ἁμαρτίαις
1285 2451 1432 2518 ἡμᾶς
1463 2450 1559 2502 καὶ
1609 2451 1791 2508 ⁵’πάντα
1814 2451 1880 2502 τὰ

289 2541 347 2592 ὲν
375 2540 539 2609 αὐτῇ.
571 2541 680 2592 Καὶ
713 2541 772 2592 τὸ
801 2540 999 2604 ἔξωθεν
1029 2540 1084 2592 δὲ
1127 2539 1257 2610 βοᾷν
1302 2543 1397 2592 καὶ
1457 2541 1762 2593 λιτανεύειν
1819 2542 1879 2594 τὸ

287 2631 685 2683 ταπεινοῦσθαι
719 2631 995 2700 σημαίνει,
1021 2631 1115 2682 καὶ
1146 2630 1399 2695 ἀναξίους
1459 2633 1666 2701 κρίνειν
1726 2634 1878 2702 ἡμᾶς

289 2723 398 2776 ἀπο
428 2723 526 2790 τῆς
557 2725 776 2785 πόλεως.
793 2724 1008 2791 ὲκὸοᾷν,
1039 2722 1104 2793 ἢν
1140 2723 1523 2785 κατοικοῦντες
1569 2725 1874 2792 κατεμολύ-

288 2832 480 2882 ναμεν,
509 2816 600 2867 καὶ
634 2815 708 2877 ὡς
735 2814 834 2882 τῆς
865 2813 1124 2883 πατρίδος
1164 2816 1262 2882 τῆς
1296 2814 1445 2876 θείας
1495 2814 1583 2866 διὰ
1626 2817 1877 2882 παραϐά-

291 2924 427 2968 σεως
463 2907 909 2976 μετῳκίσθημεν,
967 2910 1062 2958 καὶ
1107 2909 1162 2958 ὲν
1234 2909 1372 2978 αὐτῇ
1519 2907 1874 2977 ὲπ).άσθημεν

290 3001 465 3064 πόλει,
494 3001 692 3070 μᾶλλον
721 2999 776 3052 δὲ
830 2998 1256 3069 ἀνεπλάσθημεν
1289 3001 1382 3052 καὶ
1429 2999 1535 3050 τῶν
1583 3000 1678 3051 τοῦ
1739 3001 1872 3052 Θεοῦ

297 3095 592 3164 ὴξιώμεθα,
650 3093 756 3146 ὐπὸ
808 3093 904 3144 τοῦ
959 3091 1136 3159 ὄφεως
1187 3091 1576 3160 πλανηθέντες,
1623 3093 1874 3162 ἀφρόνως

291 3158 664 3257 ὃτιεςιθάρημέν
696 3203 769 3248 τε,
794 3186 888 3238 καὶ
944 3158 1385 3254 ἐϐδελύχθημενλ
1437 3187 1530 3238 καὶ
1566 3158 1683 3238 ea;
1706 3158 1874 3255 ⁷ἱερὸν
1899 3158 1947 3219 (ἶ

289 3280 468 3349 χῶρον
495 3278 1007 3350 κατερρυπώσαμεν
1042 3292 1057 3308 ο
1088 3279 1182 3330 καὶ
1214 3279 1272 3329 ὲν
1326 3279 1584 3347 ἐρημίαις
1646 3281 1871 3330 ἐπισκο-

293 3376 403 3441 πῆς
435 3372 569 3425 Θεοῦ
594 3370 926 3440 αὐλιζόμεθα
949 3387 964 3401 ⁸
993 3371 1086 3423 καὶ
1115 3371 1172 3423 ὲν
1195 3370 1535 3438 ἀφυλάκτοις
1563 3371 1875 3439 ὁιοδεύομεν

291 3467 495 3526 τόποις.
531 3465 664 3518 Τότε
684 3465 782 3535 μὲν
807 3463 900 3516 οὖν
938 3465 996 3519 ὲν
1025 3463 1104 3532 τῷ
1147 3463 1384 3540 νάρθηκι
1434 3464 1738 3532 ποιούμεθα
1776 3468 1875 3522 τὰς

291 3561 467 3622 λιτὰς,
503 3561 585 3612 ὅτι
622 3559 772 3613 κάτω
805 3559 899 3612 καὶ
931 3559 1014 3621 είς
1049 3558 1148 3628 τὴν
1177 3558 1337 3627 ἡμῶν
1387 3558 1648 3628 ἐσχατιὰν
1682 3561 1874 3626 ἐλήλυ-

292 3653 384 3704 θεν
412 3655 438 3706 ὁ
474 3653 688 3724 Σωτὴρ,
725 3651 814 3704 ἵνα
839 3651 934 3704 καὶ
989 3652 1048 3703 ὲν
1102 3648 1280 3719 τούτῳ
1351 3650 1514 3703 αὐτὸν
1575 3650 1870 3718 ίλεώμεθα.

291 3747 403 3800 Καὶ
449 3745 522 3809 ὡς
548 3745 655 3812 πρὸ
682 3744 793 3797 τῶν
837 3743 1108 3814 οὐρανίων
1168 3742 1354 3796 πυλῶν
1409 3742 1519 3795 τῶν
1572 3742 1665 3794 τοῦ
1725 3742 1873 3810 ἱεροῦ

291 3838 420 3891 ναοῦ
450 3838 683 3902 ἑστῶτες
716 3836 1172 3907 καθικετεύομεν.
1197 3836 1274 3891 υύ
1307 3834 1416 3906 γὰρ
1449 3836 1589 3900 ἄξιοι
1627 3837 1873 3888 ἀτενίσαι

289 3935 372 3995 εἰς
406 3934 465 3984 τὸ
492 3932 626 4001 ὕψος
643 3931 733 3985 τοῦ
763 3929 1021 4004 οὐρανοῦ,
1051 3931 1100 3983 εί
1128 3931 1202 4000 μὴ
1232 3929 1623 3992 ἐπανελθόντες
1666 3931 1876 4000 βοήσω-

294 4043 393 4094 μεν
421 4025 482 4077 τὸ
513 4025 858 4094 ἡμάρτομεν
889 4038 904 4053 ⁸
943 4025 1031 4078 ὅτε
1085 4023 1180 4076 καὶ
1234 4023 1394 4086 αὐτὸς
1443 4020 1706 4086 ἐξελθὼνι
1739 4024 1874 4093 πρὸς

291 4121 440 4187 ἡμᾶς
466 4117 558 4170 καὶ
592 4118 1024 4187 προαπαντήσας
1052 4117 1449 4186 εὐσπλάγχνως
1503 4115 1875 4184 ὲπαγκαλίσε-

291 4227 406 4264 ται.
437 4209 607 4261 Τοῦτο
635 4207 730 4260 οὖν
755 4209 815 4260 τὸ
852 4208 960 4278 πρὸ
992 4208 1101 4260 τῶν
1128 4207 1310 4260 πυλῶν
1348 4205 1634 4272 ἱκετεύειν,
1668 4205 1763 4258 καὶ
1783 4209 1874 4258 τὸν

293 4302 443 4368 ἱερέα
464 4298 884 4370 προσεύχεσθαι,
922 4297 982 4350 τὸ
1016 4297 1115 4367 τὴν
1157 4297 1319 4366 Ἐδὲμ
1344 4297 1476 4365 ἡμῖν
1502 4293 1599 4349 καὶ
1651 4294 1744 4347 τὸν
1793 4293 1878 4346 οὐο

295 4394 457 4462 ρανδν
487 4392 818 4445 ὲκδυσωπεῖν
847 4389 1137 4458 ἀνοιγῆναι
1192 4389 1450 4458 σημαίνει
1476 4404 1492 4420 ο
1556 4387 1758 4452 μᾶλλον
1817 4385 1876 4439 δὲ

1995 1895 2175 1949 munis
2206 1897 2271 1947 ad
2311 1895 2475 1948 Deum
2516 1897 2674 1950 factae
2697 1898 2764 1950 ad
2797 1895 3149 1950 avertendam
3182 1895 3299 1963 ejus
3339 1895 3498 1958 iram,
3520 1901 3573 1946 et

1993 1987 2232 2058 agendas
2261 1991 2465 2058 gratias
2486 2002 2583 2054 pro
2608 1987 2900 2056 impertitis
2931 1987 3050 2053 ejus
3079 1985 3380 2040 beneﬁciis.
3405 1985 3576 2055 lg‘itur

1991 2082 2121 2135 dum
2159 2091 2311 2134 extra
2384 2081 2700 2134 nartheecm
2753 2079 3098 2148 procedimus
3156 2078 3574 2132 manifestamus

1993 2188 2092 2227 nos
2123 2189 2150 2226 a
2189 2174 2450 2241 paradiso
2502 2173 2794 2238 excidisse,
2847 2171 3108 2240 illumque
3153 2184 3216 2225 ac
3245 2169 3444 2223 coelum
3479 2186 3575 2222 no-

1991 2265 2073 2318 bis
2129 2280 2254 2320 esse
2317 2265 2585 2319 clausum.
2645 2265 2780 2319 Cum
2823 2263 3058 2317 mediam
3107 2263 3292 2316 urbem
3329 2276 3577 2331 permeao-

1990 2373 2112 2411 mus
2141 2357 2195 2412 in
2218 2358 2404 2410 dolore
2435 2361 2762 2420 clamantes,
2799 2357 3140 2409 ostendimus
3175 2369 3273 2408 nos
3299 2354 3572 2407 civitatem

1987 2459 2040 2502 et
2069 2449 2250 2502 ottinia
2273 2465 2394 2517 qme
2426 2449 2478 2501 in
2517 2463 2578 2502 ea
2612 2456 2741 2500 sunt
2771 2448 3013 2514 peccatis
3050 2445 3474 2500 contaminasse.
3502 2445 3574 2497 At

1987 2542 2112 2595 dum
2139 2550 2294 2594 extra
2330 2541 2520 2594 urbem
2553 2539 2852 2593 clamamus
2873 2549 2925 2592 et
2957 2539 3176 2594 litanias
3215 2542 3446 2604 agimus,
3475 2555 3572 2594 nos

1989 2632 2266 2686 humiliari
2295 2632 2695 2701 signiﬁcamus,
2728 2646 2938 2697 nosque
2978 2639 3298 2698 peccatores
3333 2635 3560 2682 conlitu-

1985 2743 2110 2780 mnr
2158 2727 2462 2779 clamantes
2509 2733 2662 2777 extra
2727 2727 2914 2776 urbem
2977 2717 3138 2791 quam
3201 2723 3570 2779 inhabitantes

1987 2822 2303 2890 pollnim‘us,
2350 2831 2404 2875 et
2453 2825 2674 2888 insuper
2721 2819 3041 2888 tnigrarisse
3071 2818 3122 2871 in
3150 2831 3568 2886 pmnatntrans-

1985 2915 2284 2983 gressionis
2351 2928 2379 2966 a
2436 2913 2619 2966 divina
2655 2913 2848 2981 patria,
2889 2921 2943 2964 et
3000 2914 3054 2963 in
3116 2925 3178 2964 ea
3243 2910 3460 2974 civitate
3515 2911 3569 2964 in

1984 3021 2088 3074 qua
2123 3005 2290 3058 creati
2334 3019 2526 3059 sumus
2558 3004 2640 3057 vel
2696 3005 2877 3069 potius
2907 3003 3138 3058 recreati
3171 3002 3416 3070 laetique
3461 3002 3568 3055 Deo

1983 3098 2153 3167 digni,
2181 3114 2210 3149 a
2247 3109 2500 3164 serpente
2536 3095 2712 3150 delusi
2745 3097 2908 3150 stulte
2955 3095 3198 3161 corrupti
3260 3110 3452 3148 sumus
3488 3106 3571 3147 at-

1979 3205 2085 3258 que
2110 3189 2424 3249 deformati,
2457 3199 2504 3239 et
2536 3188 2711 3240 locum
2751 3197 3006 3240 sanctum
3040 3184 3394 3250 laniavimus,
3420 3201 3483 3239 ac
3516 3185 3574 3241 in

1979 3285 2208 3336 desertis
2264 3281 2575 3334 habitamus
2631 3279 2819 3348 procul
2883 3294 2912 3332 a
2967 3279 3206 3333 secunda
3251 3279 3340 3331 Dei
3395 3279 3578 3348 provi—

1978 3375 2185 3435 dentia,
2249 3383 2410 3441 atque
2459 3372 2509 3424 in
2569 3372 2892 3440 regionibus
2942 3371 3078 3425 male
3129 3373 3423 3446 custoditis
3469 3372 3574 3426 iter

1982 3464 2232 3517 facimus.
2300 3462 2546 3516 Litanias
2603 3461 2824 3529 quidem
2895 3462 2948 3513 in
3009 3462 3266 3517 narthece
3315 3462 3574 3531 facimus,

1935 3558 2234 3623 “quoniam
2289 3557 2542 3608 deorsum
2594 3553 2662 3606 ad
2732 3561 2980 3607 extrema
3039 3565 3227 3609 nostra
3286 3555 3576 3610 descendit.

1979 3647 2251 3709 Salvator,
2286 3656 2342 3699 ut
2379 3647 2432 3698 in
2490 3646 2592 3698 hoc
2656 3660 2783 3698 eum
2841 3645 3222 3714 propiticmus.
3285 3645 3570 3715 Tanquam

1979 3754 2101 3793 ante
2130 3740 2328 3806 ianuas
2361 3738 2485 3790 cceli
2521 3751 2621 3806 pro
2654 3737 2867 3791 foribus
2927 3738 3114 3805 templi
3146 3739 3322 3791 sancti
3355 3740 3560 3807 deprc-

1977 3849 2207 3899 catnnr;
2242 3849 2347 3885 nntl
2384 3833 2527 3884 enim
2559 3846 2750 3885 sumus
2803 3830 2949 3900 digni
2987 3831 3078 3899 qui
3116 3832 3168 3884 in
3223 3832 3566 3887 altitudinem

1977 3925 2160 3993 templi
2195 3923 2578 3990 ειιενὶςὶιιιιιυε,
2645 3921 2747 3977 nisi
2781 3923 2982 3974 reversi
3021 3922 3150 3976 illud
3195 3923 3496 3978 clame-ntn
3543 3943 3558 3978 :

1976 4018 2355 4080 Peccavimus,
2395 4014 2656 4084 quoniam
2699 4014 2815 4082 ipse
2847 4014 2912 4067 ad
2947 4029 3046 4068 nos
3078 4031 3334 4085 egressus
3388 4018 3438 4068 iu
3490 4019 3568 4070 vi-

1978 4109 2226 4178 sceribus
2256 4105 2643 4160 misericordia:
2683 4120 2784 4158 nos
2810 4119 3108 4160 occurrens
3150 4107 3432 4174 amplexus
3460 4117 3562 4162 cst.

1979 4203 2162 4271 Itaque
2193 4200 2246 4253 in
2283 4199 2383 4253 hoc
2415 4197 2558 4268 quod
2603 4207 2730 4251 ante
2765 4197 2910 4251 fures
2943 4199 3270 4266 deprecatur
3306 4209 3363 4254 et
3392 4202 3560 4255 obse-

1978 4305 2094 4348 crat
2130 4295 2410 4358 sacerdos,
2449 4309 2548 4346 nos
2583 4301 2644 4344 ut
2700 4292 2850 4347 Eden
2881 4293 3040 4348 nobis
3065 4302 3121 4346 et
3156 4294 3443 4362 paradisus
3471 4309 3568 4363 pa-

1980 4386 2129 4441 teliat
2179 4385 2424 4455 ﬂagitare
2478 4385 2848 4456 signiﬁcatur,
2915 4400 3012 4441 seu
3059 4386 3240 4454 petius
3281 4396 3341 4439 ut
3385 4388 3566 4442 divina

289 4485 360 4534 τά
388 4482 504 4536 θεῖα
538 4481 844 4550 σπλάγχνα,
874 4479 910 4534 ἀ
943 4480 1134 4540 δεινῶς
1168 4480 1329 4549 ἡμεῖς
1351 4467 1474 4532 καθ’
1517 4478 1675 4548 ἡμῶν
1735 4479 1870 4550 ἀπετ

1981 4479 2297 4550 aperiantur
2354 4481 2563 4533 viscera
2601 4493 2723 4548 quae
2775 4479 3042 4534 damnose
3089 4493 3190 4534 nos
3239 4489 3428 4534 contra
3468 4495 3568 4535 nos

293 4575 609 4644 κλείσαμεν.
653 4574 984 4643 ’ἱσταμένων
1017 4571 1111 4624 οὖν
1143 4572 1300 4641 ἡμῶν
1329 4570 1551 4636 ἔξωθε-ν,
1577 4570 1872 4640 ψάλλονται

289 4667 359 4719 τὰ
397 4666 623 4736 συνήθη.
657 4665 768 4717 Καὶ
805 4666 834 4718 ὁ
893 4663 1073 4732 ἱερεὺς
1117 4663 1217 4725 τὰς
1273 4655 1590 4732 εἰθισμένας
1640 4665 1873 4716 ποιεῖται

290 4761 455 4827 εὐχὰς
508 4760 649 4830 ὑπέρ
683 4776 744 4812 τε
770 4757 866 4810 τοῦ
892 4756 1022 4810 λαοῦ
1059 4758 1260 4818 παντὸς
1292 4756 1386 4808 καὶ
1445 4756 1549 4824 τῆς
1590 4755 1683 4808 τοῦ
1736 4754 1871 4808 Θεοῦ

290 4849 675 4920 κληρονομίας,
710 4850 805 4902 τοῦ
840 4849 1078 4918 σωθῆναι
1113 4847 1305 4916 αὐτὴν,
1345 4847 1441 4899 καὶ
1470 4846 1581 4899 τῶν
1611 4847 1874 4912 Χριστια-

289 4944 397 4995 νῶν
421 4944 578 5012 ἡμῶν
609 4941 891 5012 ὑψωθῆναι
918 4941 978 4992 τδ
1003 4939 1188 5009 κέρας,
1231 4956 1248 4989 ι
1284 4935 1486 5012 Σῶσκον,
1530 4936 1726 5016 Κύριε,
1781 4940 1875 4990 ὲκ-

291 5036 449 5100 ϐοῶν,
479 5035 569 5086 τὸν
599 5034 726 5086 λαόν
748 5049 867 5097 σου,
912 5050 930 5082 ι
967 5031 1061 5084 καὶ
1091 5032 1159 5084 τά
1215 5029 1344 5098 ἑξῆς
1374 5045 1386 5059 ·
1421 5029 1518 5082 καὶ
1558 5029 1656 5094 τῆς
1690 5030 1872 5099 κοινῆς

292 5125 600 5195 προσευχῆς
649 5121 765 5186 τοῦ,
795 5141 814 5174 ι
873 5122 1068 5191 Κύριε,
1119 5121 1362 5191 ἐλέησον,
1405 5139 1424 5172 ι
1455 5119 1738 5191 ᾀδομένου,
1777 5122 1874 5174 καὶ

290 5217 432 5286 ὑπὲρ
455 5221 562 5268 των
587 5215 850 5286 βασιλέων
878 5211 1033 5277 αὖθις
1064 5215 1312 5278 αἰτεῖται,
1346 5214 1422 5276 ὠς
1455 5215 1873 5282 προϊσταμένων

291 5312 399 5362 τῶν
431 5310 691 5372 εὐσεϐῶν,
723 5311 815 5361 καὶ
849 5309 988 5378 ὑπὲρ
1022 5311 1117 5378 τῆς
1157 5308 1396 5371 πίστεως
1427 5307 1870 5378 ἀγωνιζομένων,

290 5402 502 5456 καὶτοῦ
531 5403 670 5454 κατὰ
701 5401 864 5454 τόπον
917 5401 1224 5470 ἀρχιερέως
1275 5417 1335 5452 τε
1381 5401 1414 5471 ἢ
1473 5401 1706 5472 Πατρὸς,
1778 5403 1873 5454 καὶ

287 5493 470 5565 ψυχῆς
503 5494 898 5563 Χριστιανικῆς
954 5493 1194 5561 ἁπάσης,
1231 5495 1326 5545 καὶ
1386 5491 1492 5545 τῶν
1533 5492 1872 5560 Ἐκκλησιῶν

288 5591 385 5658 τῆς
410 5588 652 5657 εἰρήνης,
683 5588 778 5638 καὶ⁵
809 5586 950 5655 ὑπὲρ
1008 5584 1116 5637 τῶν
1181 5586 1718 5655 προκεκοιμημένων
1781 5605 1872 5638 πι-

291 5679 454 5744 στῶν,
490 5676 842 5748 ἀναρῤύσεώς
877 5695 936 5729 τε
966 5677 1076 5729 τῶν
1132 5675 1518 5746 αἰχμαλώτων,
1550 5676 1646 5728 καὶ
1696 5679 1870 5747 ἀναρ-

290 5769 508 5841 ῥώσεως
546 5769 938 5836 ἀσθενούντων,
974 5768 1203 5823 καὶτῶν
1254 5767 1580 5823 κοπιώντων
1631 5769 1686 5821 ἐν
1737 5767 1869 5837 Χρι-

1977 4573 2373 4628 conclusimus.
2415 4570 2584 4627 Nobis
2631 4587 2761 4643 ergo
2807 4571 2942 4628 foris
2974 4573 3267 4638 stantibus,
3302 4581 3566 4630 consueta

1977 4665 2303 4735 psalluntur,
2333 4674 2385 4719 et
2415 4664 2674 4720 sacerdos
2703 4666 3038 4720 constitutas
3072 4680 3263 4734 preces
3296 4666 3425 4720 facit
3468 4681 3568 4734 pro

1976 4768 2177 4813 cuncto
2207 4759 2428 4827 populo,
2473 4775 2571 4828 pro
2607 4759 2927 4812 haereditate
2963 4758 3058 4811 Dei
3097 4765 3155 4811 ut
3187 4758 3334 4811 salva
3369 4759 3479 4820 ﬁat,
3507 4767 3567 4811 ut

1976 4853 2133 4906 nobis
2182 4851 2515 4906 Christianis
2569 4853 2846 4905 exaltctur
2899 4864 3075 4907 cornu
3130 4851 3565 4912 nostrum,cla-

1976 4957 2132 4996 mans
2169 4959 2182 4994 :
2233 4961 2252 4992 ι
2291 4942 2471 5006 Salva,
2507 4942 2758 5006 Domine,
2793 4940 3052 5008 populum
3099 4949 3284 5004 tuum,
3325 4958 3344 4990 ι
3387 4950 3566 4993 etcu-

1976 5042 2111 5086 tera.
2155 5033 2220 5087 Et
2273 5033 2549 5087 communi
2613 5033 2863 5086 oratione
2926 5031 3106 5094 dicta,
3145 5045 3340 5099 nempe
3398 5029 3561 5100 Kyrie

1973 5125 2204 5190 elcison,
2263 5141 2360 5195 pro
2407 5125 2628 5194 regibus
2657 5125 2820 5177 etiam
2883 5131 3136 5192 precatur
3166 5131 3227 5176 ut
3270 5122 3401 5177 viris
3456 5126 3563 5193 piis

1976 5219 2284 5287 praepositis
2318 5218 2499 5281 nobis,
2537 5231 2634 5285 pro
2661 5215 3006 5269 certantibus
3064 5217 3115 5268 in
3147 5217 3378 5284 gratiam
3412 5218 3558 5278 Ιὶιιυί,

1977 5328 2074 5380 pro
2115 5311 2407 5378 pontiﬁce,
2460 5324 2556 5364 seu
2617 5319 2768 5376 patre
2824 5309 2979 5374 loci,
3035 5324 3132 5377 pro
3171 5309 3321 5362 omni
3376 5310 3560 5362 anima

1973 5400 2308 5462 Christiana,
2343 5417 2438 5469 pro
2499 5399 2766 5455 Ecclesiis
2797 5401 2973 5469 pacis,
3010 5417 3108 5470 pro
3141 5401 3393 5455 lidclibus
3425 5401 3558 5455 dor-

1975 5492 2293 5560 mientibus,
2331 5509 2428 5561 pro
2490 5491 2816 5546 liberatione
2850 5493 3219 5562 captivorum,
3277 5507 3378 5560 pro
3411 5493 3562 5546 sani-

1974 5592 2086 5638 tate
2118 5585 2527 5652 :egrotantiuan,
2591 5599 2691 5652 pro
2751 5584 3130 5638 laborantibus
3162 5586 3214 5638 in
3249 5583 3471 5639 Christo
3506 5592 3561 5636 ιιι

1973 5691 2072 5746 pro
2097 5675 2354 5731 omnibus
2372 5675 2536 5731 simul
2555 5674 2840 5731 fratribus.
2863 5676 2930 5730 Et
2947 5691 3164 5730 rursum
3192 5674 3248 5728 lit
3267 5675 3562 5729 continens

1975 5769 2384 5840 vehemensquc
2415 5770 2617 5838 oratio,
2651 5769 2862 5827 scilicet
2916 5767 3083 5846 Kyrie
3131 5767 3359 5833 elcison,
3396 5773 3559 5836 prout
