4046 6448
254 472 321 535 6‘"?
333 472 365 532 5

1421 468 1522 529 DE
1562 470 1809 531 SACRA
1852 466 2365 533 PRECATIONE.

3425 430 3531 533 οδ

246 587 406 648 Θεός·
444 602 463 635 »
500 583 562 635 οὐ
607 582 718 650 γὰρ
747 579 870 642 ἔθος
910 579 1072 634 τοῦτο
1111 581 1169 634 ἐν
1214 581 1280 650 τῇ
1331 580 1491 647 τάξει
1525 581 1623 635 τοῦ
1660 582 1843 655 ᾆσμα-τ

1947 583 2290 646 cantionum,
2321 582 2580 651 quoniam
2613 582 2679 636 ad
2718 579 3291 637 vetnsTestamentum
3322 586 3530 636 solum-

210 668 358 737 λτος·
389 674 472 726 ὅτι
524 672 623 741 τῆς
661 671 905 733 Παλαιᾶς
964 671 1001 723 Γ
1007 670 1191 741 ραφῆς
1242 669 1405 724 τοῦτο
1462 672 1655 742 μόνης.
1688 670 1832 725 Ἀλλ’

246 766 436 836 ὥσπερ
464 770 522 817 ὲν
561 768 624 834 τῇ
660 766 781 835 ἱερᾷ
810 763 1149 835 λειτουργίᾳ,
1182 782 1206 818 ε
1255 765 1614 835 Εὐλογημένη
1664 768 1697 835 ἠ
1735 764 1834 834 βα-

250 859 423 910 σιλεία
474 857 569 908 τοῦ
626 856 842 925 Πατρδς
900 856 996 909 καὶ
1060 856 1154 908 τοῦ
1198 856 1328 910 Υἱοῦ
1376 859 1472 911 καὶ
1525 859 1620 911 τοῦ
1672 859 1831 927 ἁγίου

249 948 571 1016 Πνεύματος
602 949 860 1001 πόιντοτε⁶
900 966 916 997 »
965 946 1025 999 τὸ
1058 948 1261 1001 ἑνιαῖον
1295 950 1393 1018 τῆς
1430 948 1712 1019 βασιλείας
1736 951 1833 1002 καὶ

247 1043 488 1109 φύσεως,
530 1040 625 1090 καὶ
658 1039 718 1090 τὸ
749 1037 1031 1106 τριαδικὸν
1056 1039 1328 1106 θεολογῶν
1355 1040 1450 1093 τοῦ
1481 1040 1639 1104 Θεοῦ,
1668 1040 1696 1092 ὃ
1732 1039 1834 1107 τῆς

244 1132 467 1200 χάριτός
501 1132 617 1181 ἐστι
646 1132 951 1199 κήρυγμα,
1004 1132 1035 1198 ή
1087 1132 1386 1198 ἐπίγνωσις
1430 1133 1527 1185 καὶ
1573 1132 1835 1199 ὁμολογία

246 1221 408 1293 243
438 1220 533 1273 τοῦ
567 1221 733 1288 μόνου
765 1223 820 1273 ὲν
851 1221 1042 1290 Τριάδι
1068 1222 1226 1277 Θεοῦ.
1254 1224 1363 1276 Καὶ
1390 1223 1551 1287 εὐθὺς
1579 1224 1646 1276 τὰ
1682 1226 1837 1294 εἰρη-

245 1314 396 1371 νικὰ,
429 1310 527 1377 τὴν
578 1312 804 1380 εἰρήνην
850 1311 1072 1381 πρῶτον
1119 1312 1228 1364 ἀπὸ
1262 1310 1367 1364 τοῦ
1397 1310 1602 1382 Κυρίου
1634 1313 1832 1378 διδοὺς,

178 1430 187 1435 -
246 1402 339 1452 καὶ
384 1400 654 1452 διδάσκων
709 1399 922 1462 πάντας
973 1400 1247 1453 αἰτεῖσθαι
1297 1403 1324 1454 ό
1368 1401 1572 1471 ίερεύς.
1635 1401 1835 1455 ’ἰστέον

247 1490 369 1554 οὖν,
395 1492 476 1543 ὅτι
506 1492 539 1559 ἡ
580 1491 680 1558 τῆς
746 1489 1093 1559 λειτουργίας
1132 1491 1428 1543 ἀκολουθία
1468 1495 1602 1562 μόνη
1641 1491 1834 1545 ὑπολέο

247 1585 467 1636 λειπται
513 1584 655 1635 κατὰ
702 1582 798 1651 τὴν
829 1584 1070 1653 ἀρχαίαν
1102 1584 1352 1650 γίνεσθαι
1387 1585 1543 1648 τάξιν
1568 1601 1581 1616 ·
1630 1586 1709 1639 διὸ
1740 1589 1834 1639 καὶ

248 1676 422 1738 οὕτως
456 1676 795 1742 εὑλογείίτδν
845 1675 983 1728 Θεὸν
1022 1678 1049 1729 ό
1087 1677 1289 1743 ἱερεὺς,
1340 1678 1433 1729 καὶ
1466 1676 1638 1740 οὕτως
1670 1678 1835 1741 εὐθὺς

249 1769 320 1821 τὰ
351 1768 603 1838 εἰρηνικὰ
628 1767 802 1834 λέγει,
835 1768 933 1822 καὶ
976 1769 1043 1822 τὰ
1070 1769 1201 1839 τρία
1239 1768 1522 1840 ἀντίφωνα
1554 1772 1635 1832 είς
1661 1770 1843 1824 τύπον

252 1861 353 1928 τῆς
374 1859 606 1930 Τριάδος
634 1858 875 1930 ᾅδονται,
938 1858 1084 1932 ἅπερ
1129 1861 1228 1929 τῆς
1256 1857 1491 1931 ἀρχαίας
1523 1860 1615 1915 τοῦ
1649 1862 1841 1934 ᾅσμα-

257 1969 348 2015 τος
386 1952 716 2012 ἀκολουθίας
770 1953 899 2005 εἰσί.
953 1953 1067 2006 Καὶ
1108 1953 1185 2023 μὴ
1245 1954 1449 2018 εἰδότες
1499 1954 1659 2009 τοῦτό
1691 1972 1838 2018 τινες
1870 1931 1912 1988 Β

257 2045 318 2097 ἒν
366 2045 439 2113 τῷ
495 2043 789 2114 ᾄσματικῷ
822 2045 1098 2115 ἑσπερινῷ
1153 2045 1466 2119 λεγομένων
1512 2045 1623 2099 τῶν
1669 2047 1847 2118 τριῶν

254 2137 594 2203 ἀντιφώνων,
642 2137 872 2206 ὕστερον
898 2137 955 2191 δὲ
995 2140 1092 2191 καὶ
1129 2139 1225 2192 τοῦ
1256 2140 1580 2209 Τρισαγίου,
1610 2139 1687 2204 ὡς
1734 2140 1846 2192 λει-

252 2228 514 2297 τουργίαν
543 2228 703 2281 τοῦτο
736 2229 1199 2298 κατονομάζουσι.
1228 2230 1337 2284 Καὶ
1362 2228 1564 2300 μᾶλλον
1591 2230 1642 2283 oi
1675 2232 1839 2300 ἐσχη-

254 2320 413 2382 κότες
452 2320 692 2390 ἀρχῆθεν
728 2320 955 2390 ταύτην
994 2322 1058 2391 δὴ
1103 2325 1204 2392 τὴν
1234 2324 1562 2377 ἀκολουθίαν
1596 2325 1645 2377 οἱ
1688 2325 1842 2375 Κων-

259 2412 764 2465 σταντινουπολίται
801 2412 965 2466 τοῦτο
1020 2414 1161 2483 ἄρτι
1188 2416 1558 2485 θαυμάζουσι,
1596 2417 1671 2487 μὴ
1703 2416 1843 2469 εἰδό-

253 2518 351 2567 τες
377 2504 453 2567 ὡς
482 2505 658 2558 ταῦτα
698 2505 926 2575 διωγμῷ
958 2508 1208 2561 Λατίνων
1242 2510 1309 2560 τὰ
1359 2509 1629 2563 κάλλιστα
1680 2512 1837 2563 κατέ-

256 2596 417 2649 λιπον
444 2595 539 2666 ἔθη
567 2615 579 2626 ·
617 2597 691 2659 ὡς
720 2599 818 2650 καὶ
842 2598 901 2649 ὲν
922 2600 1045 2661 ταῖς
1079 2600 1357 2669 νηστείαις
1378 2602 1479 2669 τὴν
1502 2602 1598 2669 τῆς
1631 2603 1840 2670 τριτοέ·

256 2702 394 2757 κτης
430 2689 582 2757 ίερὰν
618 2690 715 2742 καὶ
760 2690 997 2759 ἀρχαίαν
1033 2691 1342 2761 ὑπηρεσίαν
1379 2710 1440 2744 τε
1478 2698 1571 2747 καὶ
1596 2694 1842 2758 διάταξιν

256 2781 355 2833 καὶ
389 2781 497 2851 τὴν
544 2781 649 2850 τῆς
677 2781 983 2853 λεγομένης
1035 2784 1364 2852 παννυχίδος
1392 2801 1407 2816 ο
1465 2788 1609 2839 κατὰ
1660 2789 1843 2841 πᾶσαν

256 2871 502 2942 ἑσπέραν
553 2872 857 2942 γινομένην
904 2875 1058 2938 ποτὲ,
1123 2877 1219 2927 καὶ
1269 2876 1508 2951 μάλιστα
1557 2882 1699 2931 κατὰ
1746 2881 1843 2948 τὴν

255 2964 421 3031 ἁγίαν
476 2966 728 3034 μεγάλην
781 2966 1266 3037 Τεσσαρακοστὴν,
1304 2971 1401 3020 καὶ
1436 2971 1494 3023 ἐν
1533 2972 1600 3041 τῇ
1650 2972 1845 3043 πρώτῃ

258 3044 487 3134 ’ταύτης⁷
508 3060 603 3113 καὶ
627 3061 691 3129 τῇ
724 3059 940 3131 μεγάλῃ
976 3059 1253 3125 ἐϐδομάδι,
1287 3056 1363 3114 ὧν
1397 3063 1490 3114 καὶ
1522 3063 1680 3132 εὐχαί
1704 3068 1845 3117 εἰσιν

260 3151 562 3218 ἀναγκαῖαι
596 3151 651 3203 αἱ
682 3152 824 3204 κατὰ
854 3150 954 3221 τὴν
1003 3153 1311 3222 παννυχίδα
1360 3154 1840 3227 ἐπιγραφόμεναιο

1938 672 2103 728 modo
2126 674 2383 743 pertinet.
2420 672 2524 729 Sed
2558 672 3017 740 quemadmodum
3052 672 3104 725 in
3129 672 3299 727 missa
3328 688 3343 725 :
3380 690 3399 723 ι
3424 672 3529 725 Be-

1938 763 2209 817 nedictum
2249 778 2476 829 regnum
2514 763 2691 818 Patris
2723 774 2776 817 et
2805 762 2925 816 Filii
2960 771 3013 817 et
3053 762 3292 833 Spiritus
3349 764 3527 818 sancti

1934 858 2151 919 Semper
2176 873 2221 919 »,
2250 856 2512 909 unitatem
2549 847 2842 923 imperii’et
2871 866 3081 910 natura!
3110 856 3315 919 Deique
3369 854 3529 906 trini-

1936 952 2104 999 tatem
2163 944 2494 1014 praedicans,
2530 946 2676 1014 quod
2728 956 2810 1000 est
2874 947 3062 1015 gratiae
3122 944 3431 1014 praedicatio
3460 952 3512 997 et

1936 1036 2152 1105 agnitio
2183 1051 2395 1090 necnon
2423 1038 2700 1092 confessio
2727 1038 2897 1093 solius
2927 1039 2979 1091 in
3015 1034 3287 1092 Trinitate
3316 1036 3431 1090 Dei.
3460 1036 3524 1090 Et

1936 1130 2119 1183 Statim
2152 1129 2376 1197 paciﬁca
2415 1130 2602 1195 verba,
2644 1146 2834 1200 pacem
2876 1134 3019 1186 enim
3053 1148 3083 1185 a
3133 1130 3365 1184 Domino
3414 1130 3528 1197 pri~

1937 1236 2085 1274 mum
2111 1221 2203 1275 dat
2249 1224 2513 1278 sacerdos
2563 1232 2619 1278 et
2643 1238 2833 1278 omnes
2883 1223 2952 1278 ad
3012 1223 3279 1277 orandum
3315 1222 3525 1276 invitat.

1936 1314 2112 1382 Igitur
2141 1315 2285 1369 scire
2342 1325 2584 1385 oportet,
2639 1317 2902 1386 quoniam
2941 1317 3092 1372 solus
3154 1320 3288 1371 ordo
3348 1316 3527 1368 missae

1936 1416 2185 1476 superest
2208 1409 2510 1463 secundum
2536 1409 2813 1478 antiquam
2863 1411 3266 1465 institutionem
3299 1424 3528 1463 servan-

1937 1500 2061 1557 dus.
2090 1498 2457 1565 Quamobrem
2493 1502 2565 1554 ita
2592 1502 2864 1556 benedicit
2890 1502 3170 1564 sacerdos,
3221 1512 3274 1556 et
3302 1504 3375 1555 ita
3402 1518 3527 1572 pro—

1938 1593 2088 1646 tinus
2135 1607 2324 1661 pacem
2374 1592 2539 1659 dicit,
2606 1604 2828 1663 tresque
2881 1594 3189 1662 antipbonae
3227 1596 3279 1647 in
3339 1603 3525 1666 typum

1936 1680 2225 1740 Trinitatis
2280 1693 2596 1750 cantantur,
2641 1702 2763 1754 quae
2817 1687 2884 1741 ad
2945 1687 3228 1756 antiquum
3256 1689 3529 1743 cantionis

1936 1777 2184 1831 ordinem
2243 1777 2546 1846 pertinent.
2620 1777 2776 1844 Quod
2831 1779 3143 1834 nescientes
3192 1780 3414 1848 quidam
3475 1777 3529 1833 in

1938 1867 2247 1936 vespertina
2278 1869 2534 1923 cautione
2587 1868 2860 1923 dictarum
2903 1870 3066 1925 trium
3100 1870 3528 1941 antip'ionarum

1942 1967 1997 2013 et
2021 1959 2217 2014 deinde
2266 1957 2527 2029 Trisagii,
2564 1960 2750 2015 missae
2794 1975 3018 2016 nomine
3078 1962 3181 2015 hoc
3232 1960 3531 2032 appellant.

1942 2044 2009 2105 Et
2033 2052 2334 2121 praesertim
2377 2054 2472 2120 qui
2505 2067 2532 2104 a
2556 2052 2828 2123 principio
2853 2054 3019 2108 istum
3047 2052 3361 2109 habuerunt
3389 2053 3538 2109 ordi-

1944 2158 2067 2196 nem
2095 2142 2697 2213 Constantinopolitani
2722 2144 2869 2199 istud
2900 2146 3064 2200 modo
3087 2146 3535 2214 miranturigno-

1945 2242 2132 2291 rantes
2169 2251 2227 2291 se
2264 2236 2667 2305 pulcherrimos
2698 2238 2802 2294 hos
2835 2239 2974 2293 ritus
3010 2237 3397 2308 persecutione
3431 2236 3532 2291 La-

1945 2328 2183 2382 tinorum
2218 2329 2492 2394 amisisse,
2518 2329 2662 2384 sicut
2712 2341 2767 2384 et
2806 2330 2858 2384 in
2897 2329 3119 2400 jejuniis
3145 2344 3362 2385 sacrum
3390 2329 3537 2384 anti-

1944 2410 2224 2486 quumque
2285 2420 2459 2473 tertia:
2513 2430 2567 2474 et
2629 2430 2799 2476 sextae
2858 2421 3006 2476 liora:
3043 2421 3411 2481 ministerium
3464 2435 3531 2475 ac

1945 2507 2254 2560 institutum
2319 2516 2483 2579 atque
2534 2511 2952 2580 praeceptionem
2995 2509 3268 2580 Παννυχὶς
3301 2510 3529 2573 dictam,

1945 2600 2069 2664 quia
2106 2614 2201 2668 per
2228 2607 2395 2653 totam
2436 2608 2648 2655 noctem
2679 2600 2935 2666 durabat,
2968 2600 3377 2672 quaequondam
3410 2602 3532 2654 sin-

1945 2682 2087 2753 gulis
2128 2689 2375 2756 vesperis
2419 2688 2600 2755 ﬁebat,
2656 2690 2709 2744 in
2748 2691 2936 2758 primis
2961 2707 3052 2759 per
3083 2706 3332 2762 magnam
3391 2691 3538 2758 Qua-

1944 2778 2333 2845 dragesimam,
2392 2790 2447 2835 et
2496 2781 2550 2835 in
2581 2782 2758 2850 prima
2793 2796 3101 2853 magnaque
3134 2784 3298 2853 hujus
3323 2783 3533 2838 bede-

1946 2872 2127 2939 made,
2163 2888 2227 2927 ex
2266 2873 2466 2941 quibus
2490 2888 2681 2943 preces
2738 2882 2868 2928 sunt
2893 2875 3238 2942 necessari-5’,
3274 2891 3396 2944 quae
3426 2884 3534 2929 tota

1948 2975 2109 3021 nocte
2139 2964 2501 3029 dicebantur,
2534 2979 2746 3019 necnon
2775 2981 2964 3035 preces
2998 2967 3139 3021 inter
3165 2968 3380 3041 tertiam
3414 2980 3538 3020 sex-

1948 3065 2171 3124 tamque
2220 3054 2411 3108 horam
2469 3054 2774 3109 secundum
2826 3055 3106 3124 antiquam
3158 3055 3532 3119 traditionem,

1948 3162 2072 3217 quae
2102 3148 2287 3200 cantio
2324 3147 2491 3200 horas
2518 3154 2902 3216 repraesentat,
2934 3154 2988 3199 et
3023 3146 3143 3200 ideo
3171 3146 3281 3200 hoc
3314 3145 3535 3199 nomine

258 3243 360 3296 καὶ
400 3243 455 3295 al
516 3242 621 3311 τῆς
677 3245 1001 3313 τριτοέκτης
1051 3245 1193 3297 κατὰ
1246 3248 1553 3315 παράδοσιν
1587 3248 1845 3318 ἀρχαίαν,

1952 3251 2187 3294 vocatur
2214 3256 2229 3306 ;
2258 3239 2487 3305 insuper
2545 3253 2738 3308 preces
2770 3248 2975 3293 sancta:
3006 3238 3187 3292 missa:
3236 3238 3303 3292 de
3339 3237 3541 3306 quibus

258 3333 435 3386 τύπον
470 3333 579 3385 τῶν
611 3332 770 3403 ὡρῶν
803 3333 1058 3404 ἐχούσης,
1091 3339 1186 3387 καὶ
1214 3335 1374 3389 τοῦτο
1416 3337 1757 3406 καλουμένης
1784 3340 1846 3391 ὲκ

259 3424 361 3478 τοῦ
399 3425 691 3493 ὀνόματος,
733 3426 830 3477 καὶ
867 3426 966 3493 τῆς
1005 3427 1157 3495 ίερᾶς
1201 3427 1569 3499 λειτουργίας,
1611 3430 1738 3498 περὶ
1772 3423 1849 3483 ὧν

261 3514 364 3569 καὶ
392 3513 628 3582 ἐροῦμεν
657 3514 734 3575 ὡς
765 3513 822 3567 ἐν
854 3513 1051 3583 βραχεί
1089 3515 1209 3585 μετ’
1249 3516 1451 3584 ὀλίγον.
1483 3516 1595 3571 Νῦν
1627 3518 1685 3571 δὲ
1718 3520 1847 3585 περὶ

260 3604 359 3657 τοῦ
381 3603 671 3671 ἑσπερινοῦ
699 3603 956 3671 λέγομεν,
984 3602 1058 3665 ὼς
1086 3602 1180 3655 τοῦ
1206 3605 1396 3674 ἱερέως
1424 3605 1855 3674 εὐλογήσαντος,

262 3698 361 3749 καὶ
386 3696 453 3749 τὰ
486 3696 742 3766 είρηνικὰ
768 3694 1057 3765 εἰρηκότος
1096 3696 1299 3760 πάντα,
1335 3697 1432 3749 καὶ
1476 3697 1558 3761 τὸ,
1606 3715 1625 3747 ‹
1672 3698 1847 3749 Ἀντι-

261 3788 454 3854 λασοῦ,
508 3790 703 3854 σῶσον,
737 3788 984 3857 ἐλέησον,
1050 3807 1069 3841 »
1105 3788 1383 3857 οίψάλται
1439 3789 1620 3851 εὐθὺς,
1687 3810 1703 3840 ι
1750 3788 1846 3841 καὶ

281 3881 614 3934 Ἐπάκουσόν
681 3896 807 3949 μου,
858 3879 987 3944 δόξα
1017 3897 1122 3945 σοι,
1165 3884 1190 3933 ό
1228 3866 1384 3942 Θεὸς.
1428 3900 1445 3931 »
1484 3881 1691 3951 (idean.
1737 3883 1846 3935 Καὶ

266 3974 568 4038 ἀναγκαῖον
592 3971 655 4023 τὸ
690 3970 1126 4041 μελῳδούμενον,
1164 3973 1375 4026 ἱκεσίαν
1406 3973 1523 4043 ἅμα
1566 3977 1658 4026 καὶ
1694 3975 1844 4040 δοξο-

266 4061 458 4129 λογίαν
492 4064 746 4132 περιέχον
780 4062 917 4117 Θεοῦ
941 4079 954 4092 ·
989 4065 1086 4118 καὶ
1114 4065 1174 4117 τὸ
1209 4067 1308 4133 μὲν
1333 4067 1440 4119 ἀπὸ
1465 4068 1559 4119 τοῦ
1590 4065 1845 4137 Ψ.αλμοῦ,

270 4173 292 4207 ι
333 4156 553 4218 Κλῖνον,
586 4155 783 4222 Κύριε,
816 4156 878 4207 τὸ
907 4152 1000 4219 οὖς
1033 4174 1150 4222 σου,
1177 4158 1273 4210 καὶ
1299 4158 1609 4213 ὲπάκουσὸν
1635 4177 1737 4227 μου
1764 4176 1777 4189 ·
1823 4179 1841 4211 »

263 4247 332 4300 τὸ
372 4247 429 4300 δὲ
475 4247 583 4300 ἀπὺ
612 4246 720 4300 τῶν
750 4232 1025 4315 ἀγγέλων,
1064 4267 1083 4301 ε
1119 4250 1257 4313 Δόξα
1286 4252 1346 4301 ὲν
1399 4251 1645 4320 ὑψίστοις
1690 4252 1846 4322 Θεῷ·

266 4340 387 4404 καὶ,
424 4356 442 4390 »
470 4340 692 4410 Πλήρης
748 4343 776 4394 ό
804 4340 1034 4410 οὐρανὸς
1062 4342 1156 4394 καὶ
1184 4340 1314 4412 ήγῆ
1333 4342 1433 4413 τῆς
1456 4343 1617 4412 δόξης
1644 4343 1807 4396 αὑτοῦ
1831 4359 1845 4374 ⁸

266 4432 386 4493 καὶ,
428 4447 446 4480 ι
498 4429 855 4501 Εὐλογημένη
895 4432 928 4500 ἡ
955 4429 1084 4494 δόξα
1115 4431 1344 4501 Κυρίου.
1389 4450 1408 4485 ι
1453 4431 1590 4489 Εἶτὰ
1623 4452 1789 4504 φησιν
1819 4438 1849 4489 ὁ

263 4521 475 4591 ἱερεὺς,
514 4539 533 4573 ε
569 4518 681 4591 Τῆς
728 4520 1007 4588 Ποιναγίας
1033 4522 1341 4593 ἁχράντου·
1398 4540 1419 4574 ι
1455 4528 1548 4575 καὶ
1585 4525 1848 4592 ὲκφώνως

1948 3333 2032 3387 vel
2061 3332 2304 3387 breviter
2326 3347 2455 3387 mox
2482 3332 2840 3388 disseremus.
2869 3331 3029 3387 Nunc
3056 3345 3187 3384 vero
3209 3329 3278 3386 de
3296 3328 3542 3399 vesperis

1949 3426 2211 3480 dicimus.
2278 3426 2576 3495 Postquam
2632 3440 2764 3496 ergo
2821 3424 3166 3480 benedixerit
3204 3422 3457 3479 sacerdos
3490 3429 3546 3474 et

1950 3532 2137 3587 pacem
2165 3516 2401 3579 dixerit,
2426 3532 2636 3571 necnon
2668 3536 2681 3571 :
2718 3516 2981 3586 tSuscipe
3017 3516 3186 3580 salva,
3221 3515 3537 3570 miserere.»

1955 3619 2213 3665 cantores
2276 3609 2429 3664 illico
2470 3609 2725 3676 psallunt
2755 3627 2770 3664 :
2804 3628 2823 3660 ι
2863 3608 2932 3663 Et
2965 3608 3162 3663 exaudi
3197 3622 3303 3667 me.
3371 3606 3539 3672 gloria

1948 3700 2070 3761 tibi,
2102 3698 2248 3753 Deus
2275 3718 2293 3749 »
2326 3698 2473 3767 quod
2523 3698 2697 3761 melus
2724 3707 2810 3754 est
2843 3699 3240 3765 necessarium,
3282 3698 3542 3766 depreca-

1953 3792 2158 3844 tionem
2217 3791 2496 3859 simulque
2547 3790 3009 3859 gloriﬁcationem
3083 3788 3178 3846 Dei
3226 3791 3539 3846 continens.

1951 3883 2188 3937 (lentant
2216 3882 2382 3936 etiam
2441 3882 2575 3937 illud
2613 3897 2642 3935 e
2676 3883 2928 3951 psalmo:
2972 3883 3251 3945 «inclina,
3292 3876 3541 3946 Domine,

1951 3988 2138 4027 aurem
2174 3983 2344 4037 tuam,
2380 3982 2433 4026 et
2464 3974 2663 4028 exaudi
2721 3989 2834 4034 me.
2865 3992 2883 4026 »
2910 3974 3330 4045 angelicumque
3373 3976 3545 4028 canti-

1949 4078 2075 4117 cum
2097 4080 2109 4116 :
2134 4063 2345 4117 «Gloria
2365 4064 2419 4116 in
2447 4062 2733 4117 altissimis
2752 4064 2921 4127 Deo,»
2947 4074 3024 4129 et,
3050 4084 3069 4116 ι
3087 4064 3233 4117 Pleni
3256 4074 3385 4117 sunt
3415 4063 3541 4117 caeli

1949 4165 2006 4210 et
2035 4165 2178 4209 terra
2201 4154 2373 4224 gloria
2398 4153 2572 4222 ejus,»
2606 4162 2696 4217 et;
2726 4153 3053 4210 «Benedicta
3074 4155 3246 4225 gloria
3269 4153 3540 4208 Domini.»

1954 4243 2216 4314 Deinceps
2246 4232 2502 4298 sacerdos
2552 4242 2629 4297 ait
2663 4258 2678 4299 :
2720 4263 2738 4294 ι
2768 4241 3141 4299 Sanetissima:
3185 4254 3240 4298 et
3266 4244 3541 4298 immacu-

1953 4338 2146 4402 latae»,
2210 4337 2431 4403 altaque
2482 4350 2617 4392 voce
2673 4336 2838 4390 Deum
2896 4335 2951 4390 in
3007 4335 3273 4391 Trinitate
3303 4337 3539 4390 celebrat

1952 4426 2177 4481 dicens:
2213 4444 2229 4476 ι
2262 4427 2529 4492 Quoniam
2590 4434 2642 4480 te
2669 4427 2823 4481 decet
2853 4428 3033 4482 omnis
3064 4426 3260 4497 gloria,
3298 4426 3474 4480 honor
3493 4439 3550 4481 et

1953 4520 2220 4573 adoratio.
2249 4538 2265 4570 »
2292 4518 2355 4571 Et
2378 4520 2448 4573 ita
2484 4527 2631 4572 totus
2661 4517 2860 4573 dicitur
2890 4518 3135 4588 psalmus
3183 4534 3307 4573 cum
3339 4518 3424 4573 bis
3456 4533 3549 4571 vo-

264 4615 499 4681 ἁνυμνεί
542 4614 636 4665 τὸν
678 4615 738 4666 ὲν
789 4613 979 4683 Τριάδι
1019 4614 1175 4680 Θεὸν,
1229 4632 1248 4666 ε
1304 4616 1428 4667 Ὀτι
1490 4615 1692 4686 πρέπει
1742 4632 1846 4686 σοι,

1952 4611 2106 4666 cibus
2142 4626 2154 4661 :
2196 4610 2409 4666 «Gloria
2444 4611 2565 4676 tibi,
2602 4610 2798 4676 Deus,»
2827 4618 2919 4667 et:
2962 4609 3075 4664 «Me
3102 4609 3268 4679 igitur
3291 4609 3543 4669 exaudi,»

264 4704 465 4773 λέγων,
524 4706 674 4758 πᾶσα
729 4706 878 4772 δόξα,
920 4707 1059 4776 τιμὴ
1093 4708 1190 4760 καὶ
1243 4708 1642 4776 προσκύνησις.
1683 4729 1702 4763 ι
1742 4712 1849 4765 Καὶ

210 4820 213 4823 ·
264 4793 412 4848 οὕτω
444 4796 549 4852 πᾶς
583 4796 612 4847 ὀ
644 4795 877 4863 Ψαλμὸς
929 4794 1149 4861 λέγεται
1186 4796 1323 4863 μετὰ
1348 4795 1468 4859 τοῦ,
1504 4814 1522 4845 α
1567 4797 1702 4860 Δόξα
1745 4815 1848 4862 σοι,

264 4888 299 4940 ὁ
336 4887 486 4950 Θεός.
531 4906 550 4939 ι
583 4887 655 4941 Τὸ
697 4886 1036 4940 Ἐπὰκουσόν
1078 4905 1179 4957 μου
1225 4886 1339 4951 οὖν,
1365 4887 1461 4940 τοῦ
1506 4889 1852 4960 ἐπαγομένου

263 4978 485 5050 ψαλμοῦ
536 4978 827 5048 τυγχάνον,
869 4977 945 5043 ὡς
994 4980 1240 5049 εἴρηται.
1285 4978 1455 5032 Τοῦτο
1512 4979 1633 5043 ἔθος
1674 4981 1768 5033 καὶ
1798 4984 1854 5034 ἐν

261 5073 390 5134 ταῖς
424 5072 615 5134 ἄλλαις
641 5071 990 5135 ἀκολουθίαις
1020 5073 1173 5126 ἐστὶν
1193 5073 1250 5125 ὲν
1274 5073 1352 5142 τῷ
1382 5072 1591 5143 ᾅσματι
1613 5090 1627 5104 ο
1662 5074 1857 5145 προλέ-

263 5178 428 5230 γουσι
458 5163 573 5232 γάρ
609 5180 663 5215 τι
697 5163 882 5232 στίχου
935 5162 1104 5232 μέρος
1152 5164 1240 5216 ἀεὶ
1293 5164 1389 5217 τοῦ
1446 5166 1856 5236 ἐπιφερομένου

263 5254 513 5325 ψαλμοῦ,
543 5254 575 5326 ἧ
617 5256 755 5325 μετὰ
779 5254 874 5309 τοῦ
916 5256 1265 5322 Ἀλληλούῖα,
1296 5257 1330 5327 ἢ
1366 5259 1483 5324 τοῦ,
1521 5276 1541 5309 ι
1581 5258 1720 5322 Δόξα
1744 5274 1850 5321 σοι,

264 5351 294 5402 ὁ
330 5347 487 5413 Θεὸς,
548 5367 567 5400 »
613 5349 649 5418 ἦ
682 5364 829 5411 τινος
880 5348 1277 5421 ὑποψαλματος
1335 5352 1855 5421 προοιμιαζόμενοι·

267 5435 573 5507 ὑπόψαλμα
646 5438 706 5490 δὲ
758 5438 979 5506 λέγεται
1049 5440 1139 5492 διὰ
1187 5443 1249 5495 τὸ
1303 5443 1444 5511 μετὰ
1489 5442 1585 5496 τοῦ
1635 5442 1857 5512 ψαλμοῦ

268 5528 415 5581 κατὰ
438 5526 619 5597 στίχον
667 5527 912 5600 ᾄδεσθαι.
970 5531 1077 5583 Καὶ
1115 5530 1330 5600 πρῶτον
1378 5538 1479 5603 μὲν
1509 5536 1601 5587 τὸν
1638 5532 1859 5601 στίχον,

271 5620 469 5672 ἔπειτα
512 5619 569 5672 δὲ
619 5621 779 5674 τοῦτο
829 5621 1091 5689 λέγεσθαι
1116 5639 1131 5654 ⁰
1173 5618 1304 5689 οἷον,
1347 5644 1365 5676 ι
1402 5625 1617 5690 κλῖνον,
1658 5626 1861 5696 Κύριε,

268 5713 337 5765 τδ
371 5710 464 5776 οὖς
491 5729 610 5779 σου,
647 5714 741 5766 καὶ
764 5715 1069 5769 ὲπάκουσόν
1107 5734 1232 5785 μου.
1270 5718 1409 5784 Δόξα
1444 5734 1550 5786 σοι,
1574 5718 1603 5770 ὁ
1624 5718 1757 5783 Θεός
1779 5736 1793 5752 ·
1834 5739 1852 5772 »

273 5802 369 5857 καὶ
402 5802 461 5855 ἑν
491 5806 604 5867 τοῖς
644 5804 853 5868 λοιποῖς
883 5806 1106 5876 ὁμοίως.
1160 5807 1248 5861 Ἐν
1278 5812 1392 5874 τοῖς
1436 5812 1742 5879 ὲσπερινοίς
1767 5809 1861 5865 οὖν

275 5896 452 5952 ἅπασι
483 5897 564 5967 τὸ,
605 5915 622 5950 ι
663 5897 879 5970 Κλίνον,
904 5897 1109 5969 Κύριε,
1144 5900 1203 5955 τὸ
1235 5900 1326 5967 οὓς
1356 5918 1473 5973 σου,
1513 5922 1532 5956 »
1570 5903 1858 5973 ψάλλεται.

1956 4718 2076 4772 quae
2112 4703 2164 4756 in
2234 4702 2445 4771 psalmo
2493 4703 2623 4757 dum
2687 4705 3041 4758 continuatur
3104 4704 3548 4773 interponuntur,

1954 4796 2098 4850 sicut
2123 4794 2337 4848 dictum
2366 4802 2472 4849 est.
2506 4793 2631 4849 Haec
2659 4804 2742 4849 est
2775 4796 2933 4849 enim»
2972 4794 3024 4847 in
3080 4795 3336 4848 eaiitione
3384 4794 3548 4848 etiam

1956 4888 2010 4941 in
2040 4886 2163 4941 aliis
2197 4887 2486 4941 ordinibus
2521 4887 2861 4941 consuetudo
2891 4902 2907 4942 ι
2937 4886 3093 4953 prius
3121 4894 3328 4955 partem
3361 4902 3551 4941 versus

1956 4978 2166 5042 dicunt,
2195 4988 2250 5031 et
2280 4977 2510 5046 singulis
2530 4978 2723 5047 psalmi
2746 4977 3051 5031 continuati
3082 4977 3328 5030 versibus
3354 4977 3550 5045 praelu-

1954 5072 2088 5125 dunt
2113 5070 2356 5124 dicentes
2378 5066 2735 5139 Alleluia,§vel
2771 5080 2786 5120 :
2825 5066 3039 5120 «Gloria
3068 5067 3186 5133 tibi,
3226 5068 3425 5123 Deus,»
3467 5070 3549 5122 vel

1957 5164 2120 5217 alium
2152 5161 2530 5216 iutercalarem
2563 5159 2913 5222 versiculum,
2939 5157 3034 5226 qui
3068 5160 3170 5212 hoc
3204 5168 3429 5212 vocatur
3455 5176 3550 5213 uo-

1961 5255 2105 5309 mine
2137 5254 2268 5324 quia
2298 5267 2425 5307 cum
2449 5252 2662 5321 psalmo
2688 5251 2830 5305 inter
2870 5263 3065 5305 versus
3091 5260 3367 5306 cantatur.
3424 5250 3548 5304 Pri-

1960 5364 2085 5404 mus
2114 5347 2339 5417 quidem
2366 5345 2572 5399 dicitur
2603 5358 2816 5409 versus,
2847 5352 2902 5398 et
2953 5343 3152 5398 deinde
3183 5343 3276 5397 ille
3304 5344 3551 5398 versicu-

1960 5442 2068 5506 lus,
2093 5439 2329 5509 exempli
2357 5436 2530 5508 gratia
2560 5455 2574 5490 :
2609 5454 2628 5488 ι
2659 5433 2886 5503 lnclina,
2910 5435 3158 5503 Domine,
3184 5453 3373 5491 aurem
3396 5447 3544 5491 tuam

1960 5543 2015 5590 et
2036 5533 2239 5589 texendi
2293 5528 2639 5597 me;Gloria
2694 5528 2790 5584 tibi
2842 5529 3057 5593 Deus»,
3108 5538 3163 5584 et
3218 5529 3471 5584 similiter
3498 5529 3552 5582 in

1961 5627 2198 5685 caeteris.
2226 5624 2396 5694 Igitur
2458 5625 2513 5677 in
2549 5624 2863 5692 vespertina
2926 5624 3188 5678 cautione
3219 5628 3551 5676 tetaeant‘a-

1966 5731 2053 5775 tur
2082 5737 2096 5771 ς
2129 5718 2393 5781 «inclina,
2416 5718 2667 5782 Domine,
2698 5730 2887 5772 aurem
2920 5725 3066 5771 tuam
3097 5735 3143 5774 ».
3176 5715 3442 5785 quoniam
3471 5714 3551 5768 sol

1959 5811 2185 5881 iustitia:
2234 5810 2517 5864 inclinavit
2537 5810 2708 5866 caelos
2733 5816 2788 5863 et
2833 5808 3116 5865 descendit
3146 5807 3269 5863 licet
3294 5821 3553 5861 occasum

1966 5903 2239 5970 nesciens,
2276 5910 2408 5958 tunc
2443 5916 2590 5979 ⁸γεω
2622 5900 2901 5959 sensibilis
2937 5899 3211 5958 inclinans
3229 5898 3310 5957 sol
3335 5899 3554 5968 occidit;
