4046 6420
234 369 354 462 ’δερ

1431 409 1540 483 ΒΕ,
1568 411 1804 469 ΞΑΩΒΛ
1841 412 2358 512 ΡίὶΕΕΑΤΙΟΝΕ.

3388 375 3489 486 ac

238 520 297 572 ἓν
336 519 581 590 κὰθισμα
633 521 818 592 μόνον.
851 525 932 596 Τὸ,
973 523 1052 588 δὲ,
1094 544 1112 576 «
1155 526 1368 589 Κλῖνον,
1404 527 1598 595 Κύριε,
1633 526 1692 578 τὸ
1724 520 1811 587 οὖς

1940 531 2171 596 scilicet,
2213 535 2299 586 cui
2328 536 2639 600 vespertino
2672 545 2914 603 tempore
2948 537 3141 594 allixus
3173 555 3339 594 carne
3362 559 3510 597 mor-

240 631 358 679 σου,
390 633 410 668 »
437 615 464 663 ὸ
493 614 735 685 ψαλμὸς,
771 619 864 670 καὶ
892 619 1099 671 ἱκεσίαν
1126 621 1368 690 περιέχει
1398 624 1489 673 καὶ
1511 621 1813 686 δοξολογίαν

239 706 376 773 πρὸς
430 705 588 761 Θεόν.
626 710 736 761 Καὶ
769 708 864 762 τὸν
913 710 1156 765 παθόντα
1204 713 1342 781 ὑπὲρ
1393 714 1552 783 ἡμῶν
1587 715 1817 783 ἀνυμνεῖ

238 795 448 866 Κύριον
510 796 720 867 Ἰησοῦν
763 801 1024 870 Χριστὸν,
1059 805 1153 855 καὶ
1201 805 1524 875 οίκτίρμονά
1555 824 1689 875 φησι
1721 807 1814 861 καὶ

237 888 534 942 πολυέλεον
587 892 682 943 καὶ
734 893 1012 962 ἀληθινόν.
1047 897 1158 949 Καὶ
1189 896 1374 950 δοῦναι
1422 899 1557 968 ἡμῖν
1588 905 1815 968 σημεῖον

235 983 319 1045 είς
345 982 553 1047 ἀγαθὸν
589 983 908 1049 ὲξαιτείται,
934 988 1026 1040 τὸν
1055 989 1289 1060 σταυρὸν
1316 990 1582 1060 δηλονότι,
1679 993 1815 1060 πρὸς

234 1074 482 1146 ἑσπέραν
517 1078 945 1148 προσηλωμένος
971 1085 1137 1153 σαρκὶ⁷
1158 1085 1186 1136 6
1215 1083 1404 1151 Σωτὴρ
1430 1085 1655 1156 τέθνηκε
1674 1103 1686 1116 ·
1722 1091 1814 1138 καὶ

233 1166 440 1233 κράτος
487 1167 709 1236 δοθῆναι
761 1171 897 1240 ἡμῖν
969 1175 1160 1244 ζητεῖο
1214 1176 1309 1228 καὶ
1360 1177 1597 1247 σωθῆναι
1641 1181 1812 1250 ἡμᾶς.

235 1253 393 1323 Εἶτα,
429 1279 448 1312 «
480 1261 640 1325 Ἀόξα.
680 1282 698 1312 »
738 1265 1022 1332 μέλπουσι,
1059 1270 1154 1320 καὶ
1183 1271 1211 1321 6
1254 1270 1410 1340 χορὸς
1436 1270 1614 1335 ἄλλος,
1652 1293 1666 1324 ι
1703 1275 1813 1326 Καὶ

236 1351 334 1404 νῦν
365 1354 506 1420 μετὰ
536 1353 657 1420 τοῦ,
692 1356 829 1421 Δόξα
857 1375 963 1422 σοι,
995 1361 1021 1412 6
1051 1361 1358 1424 Θεός.ιΚαὶ
1393 1364 1598 1418 πάλινό
1633 1366 1814 1434 ἱερεὺς

239 1443 446 1513 μικρὰν
479 1448 781 1516 συναπτὴν,
817 1469 834 1502 ι
870 1451 993 1504 Ἔτι
1021 1454 1114 1506 καὶ
1142 1453 1241 1517 ἔτι,
1279 1474 1297 1506 ι
1330 1454 1425 1508 καὶ
1452 1457 1530 1521 τὸ,
1573 1475 1592 1506 «
1636 1458 1813 1510 Ἀντι-

233 1532 402 1586 λαϐοὖ
424 1551 438 1566 ο
471 1553 489 1586 »
513 1536 608 1590 καὶ
633 1538 661 1589 ὁ
689 1539 899 1610 ψάλτης
926 1541 1046 1610 μετ’
1071 1543 1235 1614 ᾠδῆς,
1265 1563 1284 1596 «
1317 1545 1427 1615 Τὴν
1457 1548 1808 1620 οἰκουμένην,

245 1627 586 1697 Ἀλληλούῖα.
635 1650 652 1682 »
715 1630 871 1686 Ἐπεὶ
904 1634 1013 1704 γὰρ
1063 1631 1220 1690 εἶπεν
1252 1639 1277 1689 6
1321 1639 1499 1708 ἱερεὺς
1554 1642 1690 1710 πρὸς
1723 1641 1814 1694 τὸν

232 1719 390 1784 Γεὸν,
431 1739 449 1771 «
490 1723 584 1775 Ἂν
623 1723 840 1787 ιλαϐοὖ,
877 1727 1077 1792 σῶσον,
1109 1728 1336 1795 ἐλέησον
1363 1732 1458 1782 καὶ
1485 1731 1814 1799 διαφύλαξον

239 1813 386 1881 ἡμᾶς
419 1815 446 1866 6
477 1813 610 1878 Θεὸς
663 1819 726 1886 τῇ
783 1819 848 1888 σῇ
901 1820 1110 1890 χάριτι,
1179 1842 1196 1874 »
1251 1825 1447 1890 ἐπάγει
1491 1827 1516 1877 6
1578 1826 1810 1896 ψάλτης.

247 1924 266 1954 ι
304 1904 429 1958 Ὀτι
481 1906 578 1976 τὴν
621 1909 971 1980 οἰκουμένην,
1011 1914 1038 1964 6
1067 1915 1224 1978 Θεὸς,
1263 1916 1571 1981 ἀντιλαὸοὖ,
1610 1917 1805 1981 σῶσον,

239 1997 459 2067 ἐλέησον
512 2001 608 2053 καὶ
671 2002 872 2069 διαφύλ
915 2004 1005 2067 ξον
1055 2009 1119 2076 τῇ
1178 2009 1444 2078 ἐπιδημίᾳ
1499 2028 1614 2062 σου.
1671 2029 1688 2060 ν
1739 2013 1805 2063 Ὃ

234 2093 387 2161 δηλοῖ
414 2093 472 2145 τὸ
519 2093 856 2162 Ἀλληλούῖα.
905 2095 1200 2166 Ἔπιδημία
1231 2102 1336 2167 γὰρ
1359 2101 1517 2161 Θεοῦ,
1544 2103 1637 2154 καὶ
1659 2101 1808 2153 ἕλευ-

237 2202 322 2248 σις
353 2187 444 2238 καὶ
475 2187 748 2256 ὲμφὰνεια
777 2188 913 2241 Θεοῦ
949 2191 1317 2259 ἑρμηνεύεται
1357 2193 1414 2243 τὸ
1465 2193 1803 2262 ’Δλληλούῖα,

234 2277 330 2327 καὶ
375 2277 476 2344 τῆς
519 2279 838 2346 οἰκονομίας
891 2280 1049 2334 τοῦτό
1095 2283 1244 2336 ἐστιν
1289 2285 1565 2353 ἐξαίρετος
1634 2283 1808 2349 αἶνος.

232 2369 326 2420 Διὸ
377 2369 472 2421 καὶ
519 2370 761 2439 συνεχῶς
812 2371 972 2425 τοῦτο
1020 2375 1150 2444 παρ’
1185 2377 1345 2445 ἡμῶν
1393 2378 1682 2446 emam,
1716 2381 1810 2434 καὶ

233 2462 340 2528 πρὸ
400 2462 492 2514 τοῦ
553 2463 888 2530 Εὑαγγελίου
942 2465 1190 2534 λέγεται,
1249 2468 1324 2530 ὡς
1364 2470 1460 2539 τὴν
1502 2475 1810 2540 παρουσίαν

229 2554 472 2625 Χριστοῦ
540 2555 733 2622 δηλοῦν
776 2557 837 2611 τὸ
918 2559 1256 2628 Ἀλληλούῖα.
1293 2581 1310 2612 «
1358 2564 1616 2633 Ἔρχεται
1677 2567 1806 2634 γὰρ,

233 2650 420 2717 φησὶν,
461 2653 486 2701 6
521 2650 676 2712 θεός·
720 2651 779 2712 ὃς
833 2651 928 2704 καὶ
958 2647 1114 2721 ἦλθε,
1149 2655 1244 2706 καὶ
1280 2654 1339 2719 ἐξ
1367 2657 1611 2728 οὐρανῶν
1648 2660 1809 2714 πάλιν

230 2741 530 2796 ἐλεύσεται.
551 2762 568 2795 »
601 2743 710 2796 Καὶ
731 2744 758 2794 6
783 2743 984 2812 ἱερεὺς,
1009 2747 1149 2815 «Τῆς
1176 2749 1450 2815 Παναγίας
1475 2752 1764 2821 ἀχράντου,
1787 2777 1804 2808 »

229 2834 424 2912 ᾠῶν,
479 2839 574 2890 καὶ
634 2839 916 2910 παραδοὺς
954 2841 1164 2905 πάντας
1211 2844 1288 2913 τῷ
1325 2844 1444 2912 Θεῷ
1478 2846 1562 2898 διὰ
1592 2848 1810 2902 πάντων

229 2927 341 2982 τῶν
364 2929 555 2997 ἁγίων,
583 2931 838 2999 ἐκφωνεί,
865 2933 1019 2986 (Ὅτι
1042 2935 1134 2986 σὸν
1155 2935 1216 2987 τὸ
1230 2937 1485 3005 κράτος,›
1514 2939 1809 3005 δοξολογῶν

233 3021 329 3073 τὸν
377 3023 434 3074 ὲν
482 3023 676 3092 Τριάδι
720 3023 885 3094 μόνον
916 3025 1074 3082 Θεόν.
1106 3027 1218 3080 Καὶ
1247 3029 1410 3088 εὐθὺς
1441 3031 1467 3082 6
1496 3030 1716 3098 ψάλλων
1749 3033 1810 3084 τὸ

230 3115 378 3166 κατὰ
405 3115 504 3186 τὴν
541 3115 776 3185 ἡμέραν,
807 3115 924 3187 ᾄδει
960 3120 1345 3188 προκείμενον.
1387 3120 1451 3172 Ὅ
1496 3123 1589 3174 καὶ
1628 3123 1810 3174 τελευ-

1928 630 2056 674 tuus
2085 632 2169 676 est
2205 621 2540 688 Salvator,et
2567 637 2819 694 precatur
2853 631 3014 683 utdel
3038 631 3196 685 nobis
3224 632 3505 688 fortitudi-

1919 727 2066 778 nem,
2090 714 2379 784 salvosque
2400 731 2499 770 nos
2532 717 2718 774 faciat.
2746 719 2948 774 Deinde
2984 722 3330 776 modulantur
3353 744 3368 774 «
3386 723 3507 778 Glo-

1923 804 2056 858 ria.»
2094 805 2343 874 aliusque
2375 807 2575 862 chorus
2610 818 2792 862 cantat
2830 829 2844 864 :
2888 812 2981 864 «Et
3012 829 3208 876 nunc,»
3249 829 3369 869 cum
3400 821 3499 870 hac

1917 893 2099 952 laude:
2118 894 2329 951 «Gloria
2356 881 2678 962 tibt,Deus.»
2703 899 2768 951 Et
2785 899 2976 972 iterum
3002 905 3258 958 sacerdos
3281 921 3499 971 parvam

1917 982 2050 1039 dicit
2067 985 2426 1056 Conjunctam
2447 989 2822 1058 (orationem):
2848 992 2934 1042 «Et
2959 1009 3103 1047 nunc
3121 1010 3390 1062 quoque,»
3420 995 3507 1050 et:

1920 1071 2218 1142 «Suscipe;
2255 1094 2272 1127 »
2321 1085 2374 1130 et
2394 1076 2636 1131 chorista
2659 1089 2880 1133 cantat:
2913 1081 3187 1147 «Terram,
3211 1083 3495 1137 Alleluia.»

1917 1161 2050 1216 Nam
2093 1178 2383 1235 postquam
2413 1167 2554 1223 dixit
2586 1170 2650 1224 ad
2686 1171 2854 1223 Deum
2891 1173 3176 1230 sacerdos:
3214 1175 3498 1244 «Suscipe.

1917 1259 2088 1324 salva,
2117 1260 2398 1326 miserere,
2418 1272 2471 1317 et
2489 1263 2701 1318 custodi
2728 1279 2848 1332 nos,
2884 1265 3045 1326 Deus,
3069 1265 3121 1318 in
3156 1275 3244 1320 tua
3267 1267 3501 1336 gratia,»

1917 1350 2090 1418 pergit
2111 1358 2302 1404 cantor
2319 1352 2548 1408 dicendo
2573 1369 2588 1406 :
2617 1353 2869 1408 «Terram
2905 1354 3044 1408 Deus
3068 1356 3304 1424 suscipe,
3328 1358 3500 1420 salva,

1918 1441 2292 1497 misericordia
2312 1453 2732 1514 prosequere,et
2762 1446 2978 1500 custodi
3005 1451 3058 1500 in
3082 1447 3316 1501 adventu
3348 1456 3496 1508 tuo,»

1918 1532 2062 1600 quod
2100 1533 2443 1588 demonstrat
2477 1535 2611 1589 illud
2638 1535 2898 1602 Alleluia;
2934 1553 3058 1590 nam
3092 1539 3384 1591 adventum
3411 1537 3505 1592 Dei

1920 1638 2206 1679 accessum
2239 1633 2294 1680 et
2325 1627 2826 1682 manifestationem
2859 1627 2948 1682 Dei
2999 1637 3162 1684 sonat
3209 1644 3315 1683 vox
3357 1629 3502 1682 Alle-

1921 1716 2059 1779 luia,
2101 1725 2156 1771 et
2211 1716 2265 1770 in
2320 1717 2424 1771 hoc
2475 1727 2694 1774 constat
2729 1718 3027 1774 Dominicae
3077 1721 3507 1789 dispensatioiiis

1920 1811 2036 1865 laus
2058 1812 2280 1868 eximia.
2305 1813 2598 1882 Propterea
2627 1813 2759 1869 illud
2794 1817 3087 1886 coniuncte
3119 1831 3146 1870 a
3175 1817 3335 1870 nobis
3363 1816 3508 1884 psal-

1923 1901 2054 1955 litur
2079 1913 2132 1958 et
2161 1913 2285 1958 ante
2319 1902 2674 1972 Evangelium
2707 1906 2928 1972 dicitur,
2983 1907 3245 1976 quoniam
3303 1891 3506 1960 Christi

1929 1994 2220 2048 adventum
2244 1995 2517 2064 significat
2540 1997 2791 2064 Alleluia;
2824 1997 2902 2051 ait
2929 1998 3096 2050 enim.
3120 2017 3138 2048 «
3157 1996 3316 2052 Venit
3339 1997 3503 2059 Deus,

1926 2081 2018 2148 qui
2045 2083 2156 2151 jam
2194 2082 2366 2147 venit,
2404 2093 2568 2150 atque
2595 2099 2661 2137 ex
2685 2085 2826 2139 cmlo
2865 2085 3097 2141 veniet.»
3128 2084 3190 2138 Et
3249 2087 3508 2140 sacerdos

1925 2173 2069 2227 dicta
2101 2175 2346 2229 oratione
2372 2175 2799 2231 :«Saut-tissimm
2817 2185 2869 2230 et
2891 2177 3272 2241 immaculatze,
3290 2196 3308 2229 »
3331 2178 3510 2232 Omni-

1929 2270 2030 2322 lms
2060 2270 2167 2322 Deo
2190 2285 2282 2337 per
2299 2284 2488 2323 omnes
2507 2279 2724 2324 sanctos
2750 2270 3173 2337 commendatis,
3199 2272 3504 2326 exclamat:

1928 2361 2226 2425 «Quoniam
2263 2369 2412 2412 tuum
2441 2360 2857 2430 estimpcrium,
2894 2380 2912 2410 »
2939 2360 3114 2414 solum
3145 2361 3197 2414 in
3235 2359 3506 2413 Trinitate

1930 2452 2097 2506 Deum
2160 2451 2494 2522 gloriﬁcans.
2553 2451 2618 2505 Et
2676 2451 2861 2505 statim
2922 2452 3166 2506 chorista
3203 2452 3309 2505 diei
3381 2469 3508 2521 pro-

1929 2547 2044 2617 pria
2107 2554 2331 2606 cantat,
2387 2545 2722 2613 quodetiam
2773 2545 2964 2598 ultima
2989 2545 3192 2598 dicitur
3249 2545 3502 2612 antipan-

1929 2655 1994 2692 na
2029 2646 2248 2708 propter
2278 2637 2411 2690 alias
2437 2635 2764 2702 antiplionas
2810 2636 2938 2689 olim
2976 2636 3174 2697 dictas,
3205 2651 3348 2687 nunc
3374 2651 3504 2688 vero

1926 2733 2188 2785 omissas.
2209 2731 2396 2799 Itaque
2419 2729 2660 2797 vesperi‘s
2687 2726 2908 2782 Sabbati
2935 2729 3130 2781 dicitur
3155 2743 3340 2781 versus
3365 2744 3503 2783 unus

1920 2827 2210 2893 epsulmo:
2251 2825 2552 2892 «Exsurgat
2595 2823 2758 2902 Deus,
2809 2830 2886 2886 et,
2926 2820 3234 2885 Gloria,et,
3263 2820 3436 2882 Nunc,
3479 2839 3498 2871 »

1927 2918 2200 2985 simulque
2235 2916 2480 2986 psalmus
2513 2934 2524 2969 :
2571 2935 2588 2965 «
2634 2914 2879 2977 Domine,
2935 2913 3164 2967 clamavi
3197 2932 3213 2964 »
3248 2931 3370 2966 cum
3428 2915 3505 2967 iu-

1929 3011 2184 3065 tercalari
2237 3009 2564 3064 versiculo:
2626 3027 2642 3057 «
2697 3006 2976 3060 Viviﬁcam
3039 3005 3501 3060 resurrectionem

1931 3112 2103 3164 tuam,
2134 3099 2384 3164 Domine,
2417 3097 2790 3167 glorificamus
2823 3117 2870 3160 »,
2913 3097 3058 3166 quod
3092 3097 3265 3166 prima
3302 3097 3505 3150 dicitur

227 3207 385 3257 ταίον
436 3205 741 3272 ἀντίφωνον
774 3187 1013 3273 λέγεταί
1046 3206 1134 3260 διὰ
1168 3187 1253 3260 τὰ
1313 3208 1480 3278 ἕτερα
1515 3213 1811 3279 ἀντίφωνα,

1930 3191 2231 3246 Dominica.
2270 3190 2386 3244 Alia
2419 3205 2546 3244 vero
2587 3205 2602 3244 :
2637 3208 2653 3239 ι
2707 3187 3014 3243 Salutarem
3064 3196 3210 3242 luam
3264 3207 3506 3244 resurre-

225 3297 499 3366 λεγόμενα
534 3299 632 3366 μὲν
669 3299 888 3366 πρώην,
938 3299 1212 3367 ἀφεθέντα
1261 3301 1317 3353 δὲ
1361 3303 1476 3355 νῦν.
1535 3304 1643 3372 Τῷ
1677 3305 1812 3356 Σαϐ-

227 3389 385 3459 6am;
413 3383 506 3441 οὖν
538 3389 805 3459 ἑσπέρας,
847 3407 866 3441 «
919 3390 1236 3460 ’Λναστήτω
1275 3392 1302 3442 6
1331 3392 1484 3454 Θεὸς,
1539 3412 1556 3443 »
1597 3393 1812 3461 λέγεται

225 3479 413 3548 στίχος
452 3477 552 3543 εἷς,
586 3480 682 3533 καὶ
726 3480 854 3544 δόξα
899 3482 996 3535 καὶ
1024 3480 1141 3545 νῦν,
1183 3501 1200 3531 »
1241 3483 1334 3534 καὶ
1386 3485 1675 3548 συναπτῶς
1710 3487 1808 3554 τῷ,

232 3591 257 3626 ε
293 3574 492 3643 Κύριε,
540 3572 838 3641 ἐκέκραξα,
880 3576 908 3624 »'
939 3573 1076 3642 μετὰ
1123 3574 1215 3626 τοῦ
1247 3574 1588 3644 ὑποψάλμου,
1637 3594 1654 3626 ι
1701 3577 1811 3644 Τὴν

225 3665 515 3735 ζωηφὸρον
543 3681 634 3716 σου
667 3662 908 3732 ἔγερσιν,
939 3663 1136 3734 Κύριε,
1170 3664 1470 3734 δοξάζομεν
1496 3683 1508 3694 ⁸
1536 3667 1563 3718 6
1594 3667 1812 3733 λέγεται

225 3759 295 3826 τῇ
329 3757 428 3826 μιᾷ
456 3757 732 3823 Κυριακῇ.
767 3755 845 3824 Τῇ
881 3755 939 3808 δὲ
969 3754 1159 3825 ἑτέρᾳ,
1204 3774 1222 3806 «
1263 3757 1377 3825 Τὴν
1410 3758 1681 3826 σωτήριόν
1716 3774 1808 3808 σου

229 3850 470 3920 ἔγερσιν,
507 3849 708 3918 Κύριε,
764 3848 1084 3917 δοξάζομεν,
1149 3868 1168 3900 »
1212 3850 1307 3902 καὶ
1357 3850 1467 3902 τῶν
1511 3849 1636 3917 ἑξῆς
1669 3850 1810 3902 οὓτω

226 3943 538 4011 λεγομένων
574 3940 796 4010 στίχων,
824 3942 852 3991 6
887 3940 1070 4009 ἱερεὺς
1101 3942 1342 3993 ποιεῖται
1374 3943 1473 4010 τὴν
1511 3942 1737 4004 εἴσοδον,
1775 3943 1806 4010 ἦ

225 4033 326 4084 καὶ
366 4029 614 4092 πλείονες
643 4029 743 4081 σὺν
777 4028 928 4098 αὐτῷ
978 4029 1072 4082 καὶ
1110 4029 1372 4095 διάκονοι,
1406 4019 1661 4100 καθάπερ
1689 4030 1809 4094 ἔθος

225 4122 368 4183 ἐστὶ,
426 4122 621 4189 φώτων
660 4121 1119 4191 προηγουμένων,
1174 4123 1270 4176 καὶ
1331 4121 1603 4191 θυμιατοῦ
1659 4122 1809 4186 ὄντος

229 4218 372 4286 μετὰ
416 4216 800 4286 θυμιαμάτων,
853 4216 937 4278 είς
980 4215 1151 4268 τύπον
1186 4213 1288 4284 τῆς
1337 4214 1545 4270 ἄνωθεν
1575 4215 1807 4286 τάξεως,

225 4310 328 4364 καὶ
369 4309 659 4377 μετάδοσιν
693 4306 802 4361 ἀπὸ
831 4305 929 4362 τοῦ
963 4307 1360 4377 θυσιαστηρίου
1396 4311 1494 4378 τῆς
1544 4309 1638 4362 τοῦ
1672 4309 1808 4361 Θεοῦ

223 4384 474 4472 χάριτος,
507 4400 599 4452 καὶ
625 4402 703 4463 εἰς
731 4398 790 4452 τὸ
831 4398 1111 4452 ἀναθεῖναι
1163 4399 1262 4470 τὴν
1293 4398 1606 4470 προσευχὴν
1650 4399 1809 4469 ἡμῶν

223 4496 343 4548 ἄνω
376 4493 449 4555 ὼς
500 4491 735 4562 εὕοσμον
791 4493 887 4551 καὶ
931 4493 1092 4560 ἁγνὸν
1126 4491 1403 4561 θυμίαμα,
1466 4493 1612 4544 καθὰ
1661 4494 1754 4545 καὶ
1781 4490 1808 4542 ὁ

1920 3288 2180 3350 ctionem,
2229 3285 2478 3348 Domine,
2516 3283 2890 3354 glorificamus
2947 3301 2995 3346 »,
3037 3291 3090 3336 et
3123 3284 3504 3352 sequentibus,

1920 3379 2174 3433 similiter
2203 3379 2366 3431 dictis
2397 3379 2669 3438 versibus,
2697 3377 2960 3431 sacerdos
2994 3375 3124 3430 facit
3163 3377 3498 3447 ingressum,

1918 3472 1998 3524 vel
2031 3472 2212 3540 plures
2240 3486 2362 3524 cum
2399 3485 2466 3524 eo
2489 3477 2543 3524 et
2575 3470 2988 3538 diaconi,prout
3019 3479 3104 3524 est
3140 3470 3499 3536 consuetudo,

1918 3563 2227 3616 luminariis
2285 3563 2747 3627 praecedentibus,
2799 3560 3156 3616 tliuriferario
3212 3562 3500 3616 incensum

1917 3663 2168 3723 portante
2199 3655 2250 3707 in
2314 3655 2532 3720 signum
2600 3655 2810 3708 ordinis
2863 3656 3104 3723 desuper
3160 3655 3395 3724 accepti,
3442 3655 3497 3707 in

1916 3747 2426 3800 communicaudam
2461 3745 2530 3800 ab
2558 3745 2716 3799 altari
2738 3744 2830 3800 Dei
2864 3745 3110 3815 gratiam,
3138 3754 3305 3813 utque
3334 3760 3498 3814 supra

1917 3839 2184 3907 dirigatur
2216 3838 2390 3892 oratio
2427 3847 2611 3891 nostra
2675 3851 2733 3891 ut
2763 3853 2959 3907 purum
3015 3837 3255 3906 bonique
3310 3837 3498 3891 odoris

1915 3926 2202 3980 incensum
2232 3925 2694 3995 quemadmodum
2747 3933 2999 3981 cantatus
3024 3927 3098 3979 ait
3128 3927 3369 3994 psalmus
3401 3945 3414 3992 ;
3447 3936 3500 3980 et

1916 4019 2123 4073 dicitur
2152 4018 2350 4082 oratio,
2381 4016 2763 4072 sacerdotibus
2816 4027 2983 4087 caput
3042 4018 3439 4072 inclinantibus
3478 4037 3493 4077 :

1921 4130 1939 4160 «
1977 4109 2214 4178 Vespere
2242 4117 2296 4164 et
2320 4123 2480 4163 mane
2505 4117 2562 4163 et
2599 4109 2826 4164 meridie
2869 4127 2916 4174 »,
2943 4117 3106 4178 prout
3147 4109 3354 4164 dictum
3389 4119 3494 4170 est,

1915 4202 2152 4256 cantatis
2172 4202 2400 4254 omnino
2425 4201 2802 4255 consentiens.
2837 4200 2931 4255 Ait
2957 4201 3101 4254 enim
3139 4219 3152 4256 :
3188 4201 3496 4272 «Dirigatur

1914 4295 2091 4347 oratio
2115 4304 2301 4348 nostra
2332 4293 2472 4348 sicut
2507 4293 2790 4348 incensum
2817 4295 2868 4346 in
2891 4303 3188 4363 Conspectu
3223 4303 3368 4358 tuo,»
3403 4305 3496 4348 et:

1920 4407 1937 4439 ι
1953 4387 2027 4442 Ne.
2043 4389 2280 4444 declines
2304 4404 2396 4444 cor
2414 4397 2665 4443 nostrum
2687 4390 2736 4443 in
2755 4391 2916 4444 verba
2933 4389 3171 4455 malitiae,
3189 4410 3206 4442 »
3224 4402 3298 4447 et.
3327 4389 3502 4446 «Erue

1914 4495 2015 4535 nos
2050 4482 2115 4536 ab
2147 4481 2402 4536 omnibus
2427 4481 2518 4550 qui
2551 4491 2956 4550 persequuntur
2986 4483 3248 4546 auimas;»
3283 4494 3356 4547 et,
3388 4483 3497 4533 «Ad

224 4579 490 4652 ᾁδόμενος
519 4580 669 4648 λέγει
699 4579 937 4650 ψαλμὸς,
974 4582 1069 4633 καὶ
1108 4581 1140 4650 ὴ
1172 4581 1328 4652 εὐχὴ,
1379 4582 1671 4635 κλινόντων
1701 4581 1810 4633 τῶν

1921 4581 1969 4626 te
1989 4571 2236 4634 Domine,
2256 4572 2486 4626 Domine
2511 4574 2654 4628 oculi
2677 4575 2844 4628 nostri
2874 4589 2929 4639 ;»
2957 4587 3031 4636 et,
3065 4574 3172 4630 «Ne
3187 4575 3500 4630 confundas

227 4671 422 4741 ἱερέων
460 4671 757 4742 λεγομένη,
812 4673 896 4737 τὸ,
965 4691 983 4723 «
1049 4673 1322 4742 Ἐσπέρας
1371 4674 1466 4725 καὶ
1513 4671 1660 4742 πρωῒ
1716 4676 1812 4726 καὶ

230 4763 607 4832 μεσημϐρίας,
664 4781 683 4814 »
755 4763 830 4826 ὡς
892 4765 1133 4835 εἴρηται,
1204 4763 1482 4835 ἁρμοδίως
1549 4764 1684 4834 πρὸς
1742 4765 1812 4815 τὰ

224 4853 544 4924 ψαλλόμενα
584 4855 805 4926 ἔχουσα.
864 4873 882 4907 ι
938 4856 1284 4910 Κατεύθυνον
1330 4859 1460 4926 γὰρ,
1508 4857 1663 4926 φησὶ,
1714 4857 1813 4926 τὴν

231 4947 546 5016 προσευχὴν
582 4947 746 5018 245
779 4947 958 5018 ἡμῶν,
995 4947 1071 5012 ὡς
1101 4947 1350 5017 θυμίαμα
1379 4946 1611 5002 ἐνώπιόν
1639 4964 1752 5011 σου,
1790 4967 1806 4996 ι

133 5036 140 5041 ’
228 5037 350 5101 καὶ,
377 5057 395 5090 «
415 5039 507 5109 Μὴ
527 5039 786 5110 ἐκκλίνῃς
803 5039 902 5102 τὰς
929 5040 1153 5110 καρδίας
1174 5040 1453 5109 ἡμῶν,καὶ
1477 5039 1636 5111 ῥῦσαι
1667 5040 1814 5108 ἡμᾶς

226 5129 299 5181 ἐκ
352 5128 572 5182 πάντων
602 5129 714 5182 τῶν
767 5130 1111 5200 θηρευόντων
1144 5131 1242 5192 τὰς
1289 5130 1489 5200 ψυχὰς,
1535 5151 1551 5181 »
1590 5131 1682 5184 καὶ
1729 5130 1814 5184 ὅτι

231 5241 253 5272 «
293 5221 434 5289 Πρὸς
468 5220 549 5283 σὲ,
575 5221 772 5290 Κύριε,
803 5223 998 5293 Κύριε,
1036 5223 1084 5274 οί
1116 5221 1388 5292 ὀφθαλμοὶ
1418 5221 1597 5291 ἡμῶν,
1645 5241 1662 5274 »
1698 5223 1815 5288 καὶ,

233 5332 252 5363 ι
309 5311 399 5381 Μὴ
433 5312 810 5383 καταισχύνῃς
844 5314 1011 5383 ἡμᾶς,
1063 5315 1089 5364 6
1137 5314 1266 5375 Θεὸς
1323 5315 1502 5381 ἡμῶν.
1558 5334 1574 5365 »
1643 5317 1752 5368 Καὶ
1783 5317 1818 5384 ἡ

225 5399 568 5470 ἐκφὼνησις.
613 5401 1018 5470 Ἀνισταμένων
1065 5403 1119 5454 δὲ
1150 5403 1260 5455 τῶν
1313 5405 1525 5472 ἱερέων,
1579 5407 1816 5473 σφραγὶς

228 5489 448 5557 γίνεται
509 5493 798 5560 σταυρική.
839 5491 971 5558 Καὶ,
1025 5511 1043 5542 «
1104 5492 1503 5563 Εὐλογημένη,
1563 5495 1816 5566 (pne-lel

229 5579 441 5643 εἴσοδος
482 5582 590 5634 τῶν
621 5581 792 5649 ἁγίων
830 5599 947 5649 σου,
1001 5584 1197 5653 Κύριε,
1247 5604 1264 5634 »
1321 5584 1416 5637 καὶ
1466 5587 1545 5649 τὸ,
1587 5605 1604 5634 «
1647 5586 1820 5657 Σοφίᾳ

233 5671 414 5740 ὀρθοῖ,
458 5690 476 5723 »
517 5671 735 5740 λέγεται
795 5674 935 5743 μετά
989 5675 1292 5744 σταυρικοῦ
1340 5677 1567 5745 σημείου
1599 5677 1685 5731 διὰ
1726 5678 1818 5730 τοῦ

233 5763 631 5834 θυμιατηρίου.
675 5767 741 5817 ’Δ
791 5765 969 5818 πάντα
1021 5767 1244 5836 δηλοῦσι
1280 5769 1378 5837 τὴν
1439 5771 1525 5820 ἐπ’
1574 5771 1821 5839 ἐσχάτων

232 5853 454 5913 αἰώνων
485 5857 746 5929 καὶ-πρὸς
777 5859 987 5931 δυσμὰς
1020 5859 1112 5913 τοῦ
1154 5859 1266 5930 βίον
1296 5861 1484 5917 τούτου
1519 5864 1820 5921 κατάϐασιν

1921 4675 2042 4727 nos,
2065 4660 2203 4716 Deus
2229 4671 2431 4717 noster.
2455 4680 2472 4712 »
2499 4662 2862 4731 Surgentibus
2883 4676 3063 4720 autem
3095 4667 3500 4729 sacerdotibus,

1917 4755 2102 4810 erucis
2129 4755 2186 4808 [it
2214 4757 2450 4826 signum,
2481 4765 2536 4810 ct
2594 4757 2669 4810 ait
2701 4771 2719 4808 :
2757 4775 2776 4807 «
2831 4757 3160 4812 Benedictus
3220 4759 3502 4828 ingressus

1919 4856 2238 4904 sanctorum
2269 4855 2514 4909 tuorum.
2545 4847 2828 4914 Domine,»
2860 4849 3154 4911 ctdicitur,
3190 4850 3499 4917 «Sapientia

1917 4939 2142 5004 erecti,»
2184 4955 2309 4993 cum
2339 4939 2496 5008 signo
2557 4939 2738 4993 crucis
2799 4955 2893 5008 per
2935 4940 3320 5008 thuribulum;
3379 4958 3500 5010 qua:

1919 5031 2100 5085 omnia
2127 5031 2512 5086 demonstrant
2553 5032 2604 5085 iu
2650 5033 3128 5086 consummatione
3167 5035 3494 5088 saeculorum

1917 5132 1972 5178 et
2001 5123 2067 5175 ad
2098 5137 2352 5177 occasum
2394 5122 2558 5190 hujus
2596 5123 2716 5175 vitae
2736 5121 3046 5196 faciendqu
3116 5122 3416 5180 Salvatmis
3465 5142 3494 5180 a

1921 5215 2063 5269 caelo
2104 5215 2452 5277 descensum,
2515 5215 2794 5282 vitamque
2839 5213 2961 5282 ejus
3009 5215 3154 5268 sicut
3212 5215 3496 5270 incensum

1921 5309 2340 5370 sanctificatam,
2385 5308 2801 5375 animarutmlue
2841 5320 3151 5362 nostrarum
3183 5309 3249 5363 ad
3283 5307 3498 5363 Patrem

1923 5415 2017 5468 per
2053 5398 2462 5454 sam-tissimum
2501 5397 2620 5465 ejus
2651 5399 3302 5467 corpus-admissionem,
3336 5417 3499 5468 quam

1922 5492 2050 5545 fecit
2093 5491 2418 5544 humiliatus
2457 5506 2630 5560 usque
2675 5491 2738 5546 ad
2790 5509 3010 5548 crucem
3042 5504 3101 5548 et.
3151 5505 3406 5558 mortem,
3451 5504 3505 5548 et

1924 5587 1987 5639 ad
2013 5585 2219 5638 inferos
2244 5583 2553 5646 descendit,
2576 5594 2629 5636 et
2664 5584 2838 5637 victor
2871 5601 2967 5654 per
3001 5601 3220 5641 crucem
3255 5601 3498 5638 resurre-

1924 5683 2024 5742 xit,
2054 5690 2106 5732 ct
2133 5679 2378 5730 ascendit
2435 5676 2501 5730 ad
2547 5676 2746 5731 Sancta
2777 5689 3091 5731 sanctorum
3155 5679 3208 5729 in
3258 5675 3500 5730 coelestia

1926 5773 2084 5825 nobis
2110 5773 2381 5839 patefacto
2416 5770 2688 5838 ingressu.
2750 5773 2980 5839 Propter
3017 5773 3157 5838 quod
3191 5779 3382 5822 cantOr
3437 5767 3502 5821 ‘ad

1927 5866 2075 5920 hunc
2107 5880 2347 5928 versum,
2387 5881 2402 5915 «
2448 5861 2704 5933 quoniam
2727 5863 2884 5931 adte,
2911 5863 3154 5933 Domine,
3195 5861 3441 5930 Domine”,
3479 5878 3498 5913 »

2805 6105 2829 6129 δ
