4046 6454
455 371 565 438 ϐ”5

1234 370 1377 431 SYM
1391 368 1544 431 EON
1558 369 1628 429 IS
1661 366 1957 429 THESSA
1970 366 2432 429 LONICENSIS
2464 344 2829 431 ARCHIEP.

3635 370 3733 434 636

458 487 656 558 capitis
679 483 1053 542 iuclinationis
1086 490 1143 537 et
1173 481 1534 537 absolutionis
1566 484 1768 544 oratio,
1801 481 2030 550 pariter-
2057 520 2067 542 ι

2157 481 2286 550 ιλιον
2317 480 2499 533 δύνειν
2530 479 2623 533 καὶ
2652 479 2977 532 ἀνατέλλειν
3000 479 3208 541 ποιεῖςο
3244 480 3345 533 καὶ
3377 479 3443 533 σὺ
3471 474 3527 533 εἴ
3547 481 3604 534 τὸ
3627 484 3733 550 φῶς

461 594 567 650 que
587 577 640 632 in
666 577 843 631 oﬂlcio
866 575 1155 630 matutino.
1194 572 1383 642 Itaque
1412 589 1477 629 cx
1521 575 1685 630 dictis
1719 582 1865 643 patet
1890 588 2033 628 can-

460 672 669 726 tionum
694 670 940 723 ordinem
975 668 1098 723 aliis
1157 676 1417 734 praestare
1441 674 1496 721 et
1550 668 1761 721 honore
1788 674 1842 720 et
1893 667 2038 718 anti-

461 764 691 833 quitate,
714 763 859 817 unde
888 762 1254 830 principatum
1315 760 1502 814 habet.
1545 759 1612 812 At
1637 759 1758 811 vide
1782 758 2032 812 ordinem

458 868 524 909 οι
561 840 670 921 quo
691 858 813 921 post
841 866 1030 919 preces
1054 865 1273 904 rursum
1323 847 1658 908 ostenditur,
1691 845 1932 900 servitus
1983 852 2036 896 et

462 947 979 1012 inclinaturIcaput,
1010 944 1200 1011 sicque
1239 941 1363 996 linis
1394 938 1648 1009 precibus
1710 938 2035 1005 imponitur;

461 1047 674 1109 oportet
702 1040 847 1094 enim
876 1039 928 1092 in
959 1038 1213 1091 omnibus
1248 1033 1523 1087 humiliari
1549 1041 1604 1087 et
1636 1032 1871 1085 adorare
1926 1030 2033 1083 Do-

463 1130 674 1184 minum
704 1140 758 1183 et
788 1129 1106 1183 servitutem
1151 1120 1328 1179 fateri.
1370 1124 1426 1179 Si
1461 1138 1586 1177 vero
1643 1128 1899 1177 occurrat
1955 1120 2035 1174 fe-

463 1229 609 1275 stum
634 1221 717 1273 vel
742 1219 1193 1273 commemoratio
1217 1215 1364 1277 festi,
1400 1216 1562 1284 cujus
1601 1224 1795 1282 agatur
1827 1213 2038 1266 festivi-

463 1319 570 1373 tas,
603 1320 721 1377 post
745 1313 956 1381 jussam
976 1310 1174 1377 capitis
1227 1308 1681 1370 inclinationem,
1729 1305 2035 1359 seem-dum

464 1403 840 1457 institutiones
869 1402 1127 1455 dicuntur
1154 1399 1445 1458 lectiones,
1471 1398 1735 1465 quoniam
1800 1397 1868 1451 ab
1904 1396 2041 1464 ipsis

462 1502 518 1547 ct
544 1507 575 1546 a
601 1492 796 1562 priscis
819 1491 1028 1545 sanctis
1063 1490 1266 1544 festum
1324 1489 1654 1558 praedicatur
1683 1503 1747 1541 ac
1793 1486 2043 1541 testimo—

464 1583 615 1635 nium
648 1583 868 1650 accipit.
896 1580 1245 1649 Quapropter
1281 1581 1334 1633 in
1387 1579 1610 1650 hymnis
1653 1578 1891 1647 primum
1930 1579 2039 1632 Du-

391 1670 395 1673 ’
464 1676 554 1727 νὶιΙ
579 1674 837 1729 dicuntur
871 1673 1061 1742 psalmi
1091 1672 1437 1741 aliorumque
1460 1672 1870 1740 prophetarum,
1899 1686 2040 1739 quo-

398 1770 401 1775 ‘
467 1767 610 1819 uiam
644 1766 732 1819 isti
761 1765 1090 1831 praeiverunt
1118 1780 1133 1830 ;
1164 1763 1363 1818 deinde
1416 1779 1541 1817 cum
1573 1764 1654 1819 eis
1685 1763 1877 1832 gratia:
1906 1778 2040 1817 can-

468 1863 654 1909 tautur
683 1857 977 1923 praeconia.
1016 1853 1172 1908 Tunc
1191 1870 1321 1908 vero
1353 1853 1524 1908 ﬁnitis
1577 1855 1837 1907 omnibus
1881 1854 2040 1924 hym-

467 1943 575 2004 nis,
618 1943 931 1998 testimonia
982 1941 1244 1998 dicuntur
1296 1942 1559 1996 festorum
1610 1942 2038 2005 celebraturum,

468 2038 661 2103 sicque
688 2036 1059 2101 vespertinum
1089 2035 1148 2087 fit
1197 2033 1462 2087 oliicium.
1508 2033 1833 2089 Matutinum
1862 2047 2040 2090 autem

471 2128 647 2194 ipsum
682 2142 900 2195 quoque
936 2127 1277 2196 spiritalibus
1322 2137 1377 2181 et
1405 2128 1798 2183 consentaneis
1829 2137 2048 2187 constat

471 2218 756 2272 institutis.
788 2217 1032 2288 lutellige
1056 2234 1222 2288 quam
1264 2219 1500 2272 mirabili
1534 2222 1693 2273 modo
1724 2219 2040 2274 universam

468 2309 789 2372 creationis,
821 2309 976 2376 legis,
1026 2309 1418 2379 prophetarum
1448 2325 1513 2364 ac
1584 2310 1889 2365 Salvatoris
1922 2310 2040 2365 dis-

472 2403 843 2464 pensationem
871 2401 1140 2465 exprimat
1169 2413 1334 2470 atque
1386 2399 1688 2463 describat,
1717 2401 2043 2471 hymnisque

470 2490 814 2559 acoperibus
851 2494 1050 2547 salutis
1085 2501 1287 2547 nostra
1318 2492 1571 2562 mysteria
1597 2493 1779 2546 tradat
1823 2509 1888 2548 ac
1912 2493 2045 2551 cdo-

469 2593 613 2649 ceat,
638 2595 690 2638 et
725 2586 983 2653 quoniam
1015 2602 1113 2656 per
1136 2585 1477 2640 Salvatorem
1511 2593 1761 2641 nostrum
1821 2587 1876 2640 in
1933 2602 2042 2643 ca:-

472 2672 581 2725 lum
604 2675 910 2745 ingressum
938 2677 1256 2744 aditumque
1285 2676 1652 2731 inveniamus.

2137 575 2203 627 τὸ
2242 572 2527 642 ἀληθινὸν,
2574 573 2670 625 καὶ
2722 571 3012 639 ἐπιφανεὶς
3058 572 3195 642 ἡμῖν
3236 571 3338 625 καὶ
3382 572 3733 640 ἀναληφθεὶς,

2137 664 2305 717 πάλιν
2351 663 2696 733 ἀναλάμψεις
2743 663 2894 732 ἡμᾶς
2946 663 3308 733 ἐρχόμενος.»
3344 663 3462 716 Καὶ
3507 663 3731 735 οὕτωςή

2136 756 2399 817 ἀπόλυσις
2433 754 2671 822 γίνεται.
2709 753 3011 806 Τελευταία
3059 754 3114 806 δὲ
3150 754 3297 823 εὐχὴ
3349 753 3548 805 πασῶν
3579 755 3611 821 ἡ
3640 753 3731 821 τῆς

2140 846 2573 915 κεφαλοκλισίας
2603 863 2661 898 τε
2697 844 2796 897 καὶ
2827 844 3145 906 ἀπολύσεως
3171 860 3185 874 ’
3228 836 3326 896 καὶ
3358 847 3418 895 ὲν
3454 843 3533 913 τῷ
3562 843 3733 913 δρθρῳ

2136 939 2360 1007 ὁμοίως.
2398 937 2494 990 καὶ
2543 937 2600 989 ὲν
2631 937 2776 1006 πάσῃ
2810 936 2946 1006 ἄλλῃ
2977 936 3284 1004 προσευχῇ.
3330 934 3434 987 Ἐκ
3461 934 3573 986 τῶν
3596 936 3738 1004 εἰρη-

2143 1031 2323 1099 μένων
2349 1026 2444 1082 οὖν
2469 1029 2651 1097 δῆλον,
2682 1030 2759 1091 ὡς
2797 1028 2831 1098 ἠ
2861 1025 2958 1079 τοῦ
2985 1027 3240 1098 ᾄσματος
3271 1026 3580 1080 ἀκολουθία
3613 1043 3739 1095 προ-

2138 1120 2404 1189 τιμοτέρα
2450 1121 2548 1188 τῆς
2590 1119 2778 1189 ἄλλης,
2839 1119 2937 1171 καὶ
2978 1119 3401 1187 προγενεστέρα
3447 1118 3595 1170 ἐστί·
3646 1117 3735 1169 καὶ

2140 1213 2354 1265 ἐκεῖθεν
2378 1210 2517 1280 αὕτη
2546 1212 2647 1273 τὰς
2672 1212 2847 1281 ἀρχὰς
2869 1211 3003 1279 ἔχει.
3031 1211 3175 1281 Ὀρα
3215 1209 3275 1262 δὲ
3309 1211 3413 1262 καὶ
3443 1196 3542 1278 τῆν
3565 1208 3729 1270 τάξιν

2139 1305 2221 1357 ὃτι
2257 1305 2393 1373 μετὰ
2416 1305 2515 1365 τὰς
2549 1303 2864 1372 προσευχὰς
2895 1301 3148 1371 ὕστερον,
3183 1303 3249 1355 τὸ
3295 1302 3472 1365 δεῖξαι
3498 1302 3596 1370 τὴν
3624 1301 3736 1353 δου-

2140 1396 2290 1449 λείαν
2340 1396 2434 1448 καὶ
2466 1395 2647 1448 κλῖναι
2693 1396 2837 1447 ποιεῖ
2883 1394 2983 1456 τὰς
3034 1393 3324 1459 κεφαλάς’
3363 1394 3461 1445 καὶ
3508 1392 3649 1445 οὕτω
3680 1393 3739 1445 τὸ

2141 1487 2296 1547 τέλος
2320 1486 2431 1538 τῶν
2465 1483 2790 1553 προσευχῶν
2816 1483 3034 1550 ἐπάγει.
3071 1485 3162 1536 Δεῖ
3198 1484 3314 1552 γὰρ
3347 1482 3442 1534 ἐπὶ
3479 1484 3615 1535 πᾶσι
3645 1499 3732 1534 τα-

2143 1575 2464 1631 πεινοῦσθαι
2514 1577 2610 1628 καὶ
2645 1576 2979 1646 προσκυνεῖν
3023 1575 3102 1645 τῷ
3156 1571 3443 1646 Asino-tn,
3499 1577 3595 1628 xui
3637 1576 3737 1645 τὴν

2141 1666 2387 1719 δουλείαν
2443 1665 2747 1734 ὁμολογεῖν.
2798 1665 2862 1717 Εἰ
2908 1663 3062 1733 τύχοι
3105 1664 3164 1718 δὲ
3221 1664 3421 1736 ἑορτὴ,
3472 1666 3505 1734 ἦ
3548 1666 3726 1734 μνήμη

2143 1758 2543 1828 έορταζομένου
2597 1757 2777 1823 ἁγίου,
2831 1755 2970 1823 μετά
3018 1759 3117 1826 τὴν
3150 1759 3252 1826 τῆς
3311 1755 3737 1824 κεφαλοκλισίας

2147 1850 2366 1919 ὲκφώνη
2376 1866 2480 1913 σιν,
2504 1849 2572 1901 τὰ
2593 1847 2736 1901 κατὰ
2769 1847 2940 1901 τύπον
2958 1847 3383 1915 ἀναγνώσματα
3404 1845 3642 1913 λέγεται,
3668 1846 3737 1906 ὡς

2149 1946 2217 1998 δι’
2247 1944 2425 1997 αὐτῶν
2453 1944 2564 1996 τῶν
2592 1944 2693 2011 τῆς
2718 1944 2916 2017 ἑορτῆς
2936 1942 3029 1996 καὶ
3057 1944 3207 2015 παρὰ
3241 1942 3357 1997 τῶν
3382 1944 3552 1996 πάλαι
3577 1941 3736 2009 ἁγίων

2152 2037 2577 2104 κηρυττομένων
2627 2052 2687 2088 τε
2748 2039 2842 2090 καὶ
2896 2037 3391 2106 μαρτυρουμένων.
3429 2036 3521 2088 Διὸ
3551 2035 3642 2088 καὶ
3684 2035 3737 2086 ὲν

2161 2127 2258 2195 μὲν
2282 2129 2401 2189 τοῖς
2432 2126 2630 2195 ὕμνοις
2661 2128 2884 2197 πρῶτον
2907 2130 2957 2181 οἱ
2983 2128 3191 2198 ψαλμοὶ
3226 2128 3327 2182 τοῦ
3362 2126 3533 2180 Δασὶδ
3563 2127 3739 2192 λέγον-

2155 2237 2245 2272 ται
2276 2221 2373 2271 καὶ
2406 2218 2516 2272 τῶν
2557 2220 2735 2276 ἄλλων
2771 2222 2943 2289 ἁγίων
2970 2222 3295 2293 προφητῶν,
3331 2222 3418 2275 ὅτι
3449 2217 3735 2288 προέλαϐον

2154 2311 2340 2364 οὗτοι·
2384 2306 2507 2365 εἶτα
2560 2313 2660 2366 σὺν
2724 2313 2910 2376 αὐτοῖς
2958 2313 3026 2367 τὰ
3068 2314 3174 2383 τῆς
3222 2314 3462 2385 χάριτος
3512 2309 3770 2397 ὲφύμνιαδ

2152 2404 2360 2475 ᾅδεται,
2429 2404 2699 2458 Ἐνταῦθα
2771 2404 2830 2458 δὲ
2904 2405 3045 2475 μετὰ
3112 2405 3175 2457 τὺ
3230 2403 3560 2473 τελεσθῆναι
3619 2398 3765 2461 τοὺς

2155 2496 2366 2566 ὕμνους
2399 2496 2673 2562 ἅπαντας,
2707 2498 2801 2550 καὶ
2832 2498 2888 2551 αἱ
2926 2496 3228 2567 μαρτυρίαι
3260 2496 3376 2549 τῶν
3409 2491 3739 2561 τελουμένων

2152 2587 2354 2657 ἑορτῶν
2386 2587 2871 2656 ἁναγινώσκονται.
2924 2588 3035 2642 Καὶ
3064 2590 3091 2640 ὁ
3122 2588 3223 2656 μὲν
3253 2585 3547 2657 ἑσπερινδς
3584 2578 3733 2651 247

2152 2679 2296 2734 οὕτω
2312 2681 2520 2748 γίνεται
2542 2697 2558 2713 ⁶
2591 2684 2620 2735 ὁ
2639 2682 2694 2736 δέ
2717 2699 2778 2749 γι
2806 2680 3023 2750 ὄρθρος,
3054 2680 3147 2733 καὶ
3171 2673 3331 2742 οὕτος
3364 2669 3735 2744 πνευματικῶς

471 2780 530 2815 τε
561 2766 651 2818 καὶ
683 2766 977 2836 ἁρμοδίως.
1032 2770 1382 2837 Κατανόησον
1427 2770 1535 2839 γὰρ
1572 2769 1647 2831 ὡς
1686 2769 2018 2838 θαυμαστῶς
2056 2770 2124 2823 τὰ
2164 2773 2425 2843 ἀπαρχῆς
2457 2773 2555 2842 τῆς
2588 2773 2819 2836 κτίσεως
2868 2775 3082 2827 ἅπαντα
3113 2773 3181 2825 τά
3210 2789 3272 2824 τε
3315 2770 3414 2822 τοῦ
3445 2769 3608 2836 νόμου
3638 2761 3736 2817 τῶν

470 2860 789 2928 προφητῶν,
823 2863 919 2915 καὶ
957 2862 1024 2914 τὰ
1058 2864 1156 2926 τῆς
1184 2861 1281 2914 τοῦ
1334 2865 1589 2934 Σωτῆρος
1621 2867 1938 2935 οἰκονομίας
1968 2868 2196 2919 ἐκτυποί
2242 2885 2301 2920 τε
2365 2872 2461 2923 καὶ
2509 2869 2826 2938 διαγράφει,
2891 2868 2985 2918 καὶ
3035 2866 3226 2936 ὕμνοις
3298 2864 3395 2917 καὶ
3459 2861 3735 2933 πράγμασι

470 2955 539 3001 τὰ
567 2952 665 3016 τῆς
706 2953 981 3022 σωτηρίας
1011 2952 1171 3019 ἡμῶν
1218 2954 1571 3022 παραδίδωσι,
1603 2971 1663 3006 τε
1703 2956 1799 3007 καὶ
1830 2956 2174 3010 ἐκδιδάσκειο
2225 2959 2321 3011 καὶ
2392 2961 2473 3013 ὅτι
2529 2961 2619 3013 διὰ
2668 2959 2764 3012 τοῦ
2817 2958 3070 3028 Σωτῆρος
3118 2956 3281 3027 ἡμῶν
3345 2955 3449 3025 τὴν
3511 2955 3591 3016 είς
3653 2947 3735 3002 τὸν

471 3043 704 3114 οὐρανὸν
727 3044 937 3098 εἴσοδον
973 3045 1066 3097 καὶ
1089 3044 1278 3098 ἄνοδον
1305 3045 1565 3116 εὕρομεν.

964 3128 1194 3196 CAPUT
1238 3142 1559 3201 cccxux.

480 3252 495 3281 ι
942 3237 1015 3291 De
1040 3240 1280 3295 cautione
1308 3241 1602 3294 matutina.

548 3326 721 3382 Porro
754 3342 1021 3399 exponam
1071 3331 1396 3385 matutinum
1449 3330 1743 3384 Dominicae
1785 3324 2054 3395 cilicium,

474 3420 636 3489 cujus
668 3419 937 3486 ad;instar
967 3421 1071 3476 alia
1105 3424 1336 3492 singulis
1363 3423 1556 3476 diebus
1587 3431 1714 3476 sum
1752 3423 2011 3491 disposita
2038 3442 2054 3492 ;

476 3521 534 3565 et
563 3511 652 3565 hic
682 3527 901 3581 quoque
930 3515 1037 3568 erit
1063 3515 1198 3570 ordo
1227 3514 1573 3568 manifestus.
1617 3512 1833 3569 Clausis
1861 3517 2059 3586 rogali-

480 3601 582 3658 bus
604 3603 785 3672 templi
814 3603 1044 3668 foribus,
1076 3620 1187 3674 quo
1220 3612 1776 3673 repraesentaturum
1800 3608 2057 3676 antiquus

479 3694 788 3763 paradisus,
827 3702 941 3748 tum
976 3696 1195 3760 caelum,
1248 3710 1344 3749 seu
1402 3696 1586 3762 potius
1639 3697 1782 3763 quod
1820 3713 1944 3751 vere
1976 3706 2060 3752 est

482 3788 773 3855 paradisus
803 3798 857 3843 et
911 3788 1141 3854 ctelum;
1181 3800 1307 3841 nam
1365 3795 1622 3856 tanquam
1678 3787 1964 3856 paradisus
2000 3784 2055 3836 in

481 3879 665 3935 medio
696 3880 1015 3944 sanctuarii,
1050 3892 1210 3932 sacro
1230 3877 1438 3932 scilicet
1470 3879 1652 3944 altari,
1686 3878 1891 3948 lignum
1924 3876 2050 3930 vitae

480 3972 640 4026 habet
669 3985 861 4037 nempe
892 3970 1172 4024 Christum
1203 3967 1295 4036 qui
1331 3969 1693 4033 sacriﬁcatur,
1724 3980 2060 4037 crucemque

480 4064 598 4132 ejus
650 4063 1086 4124 sanctissimam,
1154 4076 1342 4115 verum
1404 4061 1550 4119 sicut
1618 4063 1818 4117 coelum
1881 4065 2055 4132 ipsam

481 4155 645 4209 habet
671 4168 883 4208 sacram
918 4168 1160 4207 mensam
1189 4163 1249 4206 ut
1282 4153 1535 4210 thronum
1585 4156 1639 4207 in
1671 4169 1782 4222 quo
1823 4171 1913 4210 rex
1943 4157 2060 4224 glo-

481 4245 577 4299 ria:
627 4244 877 4299 Christus
930 4258 1025 4309 per
1076 4245 1331 4316 mysteria
1371 4255 1425 4300 et
1481 4244 1824 4314 evangelium
1882 4244 2057 4308 sedet,

480 4339 823 4405 virtutesque
847 4335 1120 4404 angelicas
1154 4337 1240 4390 his
1270 4336 1637 4405 iuvigilautes,
1687 4335 2058 4389 saccrdotales

484 4431 727 4495 ordine-',
758 4436 1007 4484 sanctum
1041 4428 1302 4494 chrisma,
1351 4443 1538 4483 sacras
1587 4436 1881 4496 martyrum
1935 4425 2062 4478 reli-

485 4526 667 4594 quias,
720 4521 1025 4574 animarum
1096 4520 1470 4590 apostolorum
1548 4526 1603 4572 et
1674 4518 2063 4586 prephetarum

489 4618 703 4671 turbam
728 4629 849 4684 quae
866 4615 1062 4684 saepius
1085 4616 1303 4669 emissa:
1326 4613 1499 4667 sacris
1522 4626 1571 4679 pi
1587 4622 1786 4676 assunt,
1803 4620 1858 4663 et
1888 4612 2064 4662 adhuc

487 4709 560 4762 ibi
591 4708 791 4762 adsunt
822 4721 919 4776 per
954 4704 1308 4761 sanctissima
1354 4719 1544 4758 eorum
1574 4704 1798 4770 scripta,
1841 4702 2065 4768 angelos

487 4815 704 4869 quoque
755 4815 882 4855 vere
931 4799 1258 4854 accedentes
1306 4805 1366 4849 ut
1415 4795 1574 4849 nobis
1626 4794 2067 4847 ministrantibus

490 4902 858 4961 cooperentur
907 4903 963 4947 et
1014 4890 1269 4946 eumdem
1327 4889 1587 4956 hymnum
1642 4885 1920 4955 psallendo
1975 4887 2065 4953 qui

491 4994 597 5034 tam
633 4983 703 5035 ab
737 4981 872 5050 ipsis
902 4995 1066 5050 quam
1103 4995 1133 5033 a
1165 4979 1322 5032 nobis
1353 4985 1628 5037 cantatur.
1661 4984 1714 5029 et
1741 4977 1883 5030 idem
1907 4977 2069 5029 mini-

492 5074 717 5128 sterium
752 5081 860 5127 tam
896 5086 1063 5141 supra
1103 5084 1266 5140 quam
1308 5068 1451 5122 iul‘ra
1491 5067 1861 5136 adimpleudo.
1896 5066 2070 5137 Hujus

493 5178 624 5232 ergo
653 5161 986 5218 divinissimi
1006 5160 1192 5229 templi
1218 5158 1340 5213 uovi
1370 5158 1606 5227 paradisi
1637 5158 1857 5236 ac‘cceli
1886 5158 2072 5226 januis

497 5257 720 5319 clausis,
749 5254 1012 5324 quoniam
1045 5261 1101 5307 et
1132 5251 1444 5322 paradisum
1475 5258 1529 5305 et
1556 5251 1755 5306 caelum
1792 5266 1890 5305 nos
1916 5252 2072 5306 nobis

493 5356 719 5411 peccato
765 5345 1120 5408 occlusimus,
1162 5352 1217 5400 et
1253 5354 1516 5399 coutmuo
1563 5344 1928 5409 occludimus,
1966 5352 2075 5399 stat

491 5438 750 5493 sacerdos
780 5445 906 5490 ante
938 5447 1123 5505 portas
1159 5437 1304 5491 velut
1358 5436 1647 5503 mediator,
1707 5438 1857 5492 velut
1903 5436 2070 5490 etiam

488 5531 664 5598 angeli
696 5543 889 5597 gerens
911 5529 1199 5597 imaginem
1253 5538 1309 5583 et
1338 5530 1609 5585 benedicit
1632 5530 1796 5584 Deum
1815 5530 1867 5584 in
1889 5528 2074 5582 Triui-

483 5631 601 5676 tate
653 5635 843 5690 unum,
901 5621 1132 5681 dicendo
1189 5622 1644 5677 :tBenedictum
1704 5622 1775 5677 sit
1846 5636 2073 5692 regnum

2693 3144 2948 3199 ΚΕΦΑΛ.
3003 3140 3187 3198 ΤΜΘ’.

2513 3236 2651 3303 Περὶ
2679 3236 2785 3290 τοῦ
2811 3233 3150 3303 ἁσμιιτικοῦ
3178 3233 3429 3303 ὄρθρου.

2247 3329 2590 3399 Ἐκθήσομαι
2637 3329 2695 3381 δὲ
2743 3330 2837 3381 καὶ
2866 3329 2956 3380 τὸν
2983 3326 3180 3395 ὄρθρον
3209 3326 3315 3396 τῆς
3354 3310 3732 3396 Κυριακῆςνοδ

2159 3424 2303 3474 κατὰ
2333 3420 2570 3490 μίμησιν
2615 3422 2724 3472 εἱσι
2765 3420 2861 3472 καὶ
2911 3419 2964 3472 oi
2992 3416 3116 3471 καθ’
3149 3419 3375 3488 ἡμέραν
3409 3415 3618 3488 δρθροι·
3646 3410 3733 3465 καὶ

2160 3513 2414 3567 ἐντεῦθεν
2459 3512 2619 3565 ἔσται
2662 3514 2694 3579 ἡ
2747 3512 2901 3576 τάξις
2938 3511 3097 3580 δήλη.
3126 3510 3484 3581 κλειομένων
3511 3506 3617 3561 τῶν
3647 3504 3733 3573 βα-

2161 3603 2384 3656 σιλικῶν
2412 3602 2600 3655 πυλῶν
2656 3603 2752 3655 τοῦ
2806 3600 2962 3664 ναοῦ,
3001 3601 3063 3664 ὃς
3089 3600 3184 3653 τὸν
3212 3602 3390 3656 πάλαι
3419 3596 3731 3667 παράδεισον

2159 3695 2257 3747 καὶ
2288 3695 2381 3748 τὸν
2413 3695 2645 3761 οὖρανδν
2695 3696 2965 3747 ἐκτυποῖο
3017 3694 3221 3763 μᾶλλον
3265 3694 3324 3748 δὲ
3367 3691 3583 3762 ἀληθῶς
3624 3689 3731 3738 ἐστι

2160 3786 2495 3854 παράδεισὸς
2522 3803 2583 3839 τε
2618 3786 2712 3840 καὶ
2746 3786 2996 3855 οὐρανός
3031 3786 3127 3838 καὶ
3173 3785 3284 3856 γὰρ
3330 3785 3408 3847 ὡς
3446 3782 3542 3854 μὲν
3567 3777 3731 3848 παράο

2160 3880 2336 3942 δεισος
2365 3882 2423 3933 ὲν
2461 3879 2615 3949 μέσῳ
2648 3878 2744 3932 τοῦ
2781 3878 3051 3949 βήματος,
3085 3877 3161 3946 τῷ
3190 3879 3325 3949 ἱερῷ
3352 3871 3729 3944 θυσιαστηρίῳ,

2160 3972 2222 4025 τὸ
2265 3974 2364 4040 τῆς
2429 3972 2575 4041 ζωῆς
2639 3970 2794 4034 ξύλον
2852 3969 3120 4038 κέκτηται
3170 3968 3625 4040 ίερουργούμενον
3651 3961 3731 4015 τὸν

2161 4064 2421 4134 Χριστὸν,
2458 4065 2554 4116 καί
2587 4062 2679 4116 τὸν
2718 4061 2956 4128 σταυρὸν
3008 4059 3176 4114 αὐτοῦ
3222 4062 3318 4113 τδν
3348 4060 3631 4126 πανάγιον,
3663 4053 3729 4114 ὡς

2160 4156 2216 4208 δὲ
2245 4156 2495 4225 οὐρανὸς,
2525 4155 2694 4224 αὐτὴν
2724 4155 2787 4224 δὴ
2818 4155 2918 4221 τὴν
2970 4154 3124 4222 ἱερὰν
3178 4153 3487 4223 τράπεζαν,
3518 4149 3591 4211 ὡς
3616 4144 3728 4215 θρόσ

2162 4266 2274 4308 νον.
2320 4249 2417 4301 καὶ
2454 4247 2546 4299 τὸν
2593 4246 2826 4316 βασιλέα
2875 4246 2976 4314 τῆς
3027 4245 3188 4315 δόξης
3238 4247 3479 4317 Χριστὸν
3506 4241 3593 4295 διὰ
3631 4235 3731 4290 τῶν

2167 4339 2486 4409 μυστηρίων
2531 4340 2626 4391 καὶ
2665 4339 2764 4391 τοῦ
2802 4337 3146 4406 Εὐαγγελίυυ
3183 4338 3613 4407 ἐπικαθήμενον,
3645 4328 3730 4382 καὶ

2167 4432 2469 4499 ἀγγελικὰς
2520 4432 2651 4502 περὶ
2690 4415 2921 4487 κτούτων
2984 4431 3151 4495 οὔσας
3208 4432 3491 4500 δυνάμεις,
3524 4427 3611 4481 καὶ
3638 4421 3730 4479 τὰς

2173 4524 2458 4591 ἱερατικὰς
2487 4524 2695 4590 τάξεις,
2746 4529 2843 4581 καὶ
2887 4525 2950 4579 τὸ
3007 4525 3223 4596 χρίσμα
3254 4526 3316 4578 τὸ
3347 4523 3520 4593 ἅγιον,
3558 4511 3729 4572 καὶτὰ

2167 4616 2276 4669 τῶν
2310 4616 2607 4687 μαρτύρων
2655 4618 2777 4688 ἱερὰ
2838 4617 3093 4688 λείψανα,
3144 4618 3240 4670 καὶ
3295 4617 3388 4669 τὸν
3418 4612 3598 4683 ὅμιλον
3632 4603 3728 4658 τῶν

2170 4711 2553 4763 ἀποστολικῶν
2586 4711 2680 4764 καὶ⁵
2728 4711 3092 4781 προφητικῶν
3121 4710 3316 4781 ψυχῶν
3345 4697 3727 4769 ἀποστελ).ομέ’

2168 4820 2276 4855 νων
2328 4804 2427 4855 καὶ
2462 4803 2844 4872 ἐφισταμένων
2887 4802 3175 4865 πολλάκις,
3208 4804 3302 4855 καὶ
3352 4799 3431 4853 ἔτι
3463 4793 3727 4864 παρόντων

2216 4894 2231 4911 ν
2284 4893 2309 4904 -
2546 4893 2567 4904 ο
2825 4894 2836 4909 ο
3056 4878 3087 4901 ’ν
3158 4894 3186 4904 ι-
3372 4891 3397 4903 ι-
3668 4877 3691 4889 “

2170 4909 2351 4969 αυτων
2382 4893 2469 4946 διὰ
2499 4909 2609 4945 των
2643 4894 2961 4962 ίερωτατων
2990 4894 3229 4962 Γραφων
3260 4893 3459 4955 αὐτων,
3500 4884 3592 4939 καὶ
3632 4895 3724 4931 των

2173 4985 2425 5052 ἀγγέλων
2483 4984 2540 5036 δὲ
2595 4984 3010 5053 ἐπιδημούντων
3052 4983 3268 5053 ἀληθῶς
3324 4982 3398 5044 ὡς
3445 4986 3724 5040 συνυπσυρ·

2173 5077 2419 5143 γούντων
2461 5078 2614 5145 ἡμῖν,
2664 5076 2759 5129 καὶ
2812 5075 2900 5129 διὰ
2946 5075 3206 5133 τοῦ,ἵσου
3266 5074 3458 5146 ὕμνου,
3505 5069 3575 5129 ὡς
3609 5054 3724 5128 παρ’

2175 5169 2345 5223 αὑτοῦ
2377 5169 2474 5221 καὶ
2503 5168 2635 5237 παρ’
2664 5168 2825 5239 ἡμῶν
2867 5168 3154 5239 ᾀδομένου,
3188 5170 3284 5222 καὶ
3317 5166 3418 5237 τῆς
3454 5160 3615 5226 αὐτῆς
3640 5150 3723 5206 καὶ

2178 5263 2308 5330 μιᾶς
2342 5260 2457 5315 ἄνω
2487 5278 2543 5312 τε
2596 5262 2691 5313 καῖ⁹
2746 5260 2900 5314 κάτω
2940 5260 3287 5330 λειτουργίας
3330 5247 3721 5318 ὲκτελουμένης·

2176 5351 2381 5404 Τούτου
2435 5350 2618 5403 τοίνυν
2667 5349 2763 5400 τοῦ
2812 5348 3090 5401 θειοτάτου
3119 5347 3250 5401 ναοῦ
3280 5345 3372 5399 τοῦ
3408 5342 3523 5394 νέου
3561 5343 3724 5399 παραυ

2177 5445 2359 5498 asiam)
2408 5449 2503 5497 καὶ
2559 5441 2796 5514 ούρανοῦ
2834 5443 2948 5495 τῶν
2985 5442 3174 5494 πυλῶν
3207 5435 3532 5508 κλειομένων
3562 5468 3575 5492 9
3614 5416 3721 5475 ἐπεὶ

2179 5536 2274 5587 καὶ
2305 5534 2397 5586 τὸν
2429 5531 2762 5601 παράδεισον
2811 5533 2970 5601 ἡμεῖς
3018 5532 3110 5584 καὶ
3141 5530 3235 5583 τὸν
3262 5524 3488 5599 οὐρανὸν
3529 5517 3592 5586 τθ

2183 5627 2420 5697 ραὸάσει
2471 5626 2593 5680 καθ’
2629 5623 2786 5695 ἡμῶν
2849 5624 3279 5693 ἀπεκλείσαμεν,
3338 5619 3429 5675 καὶ
3486 5607 3721 5697 διηνεκῷς

489 5711 674 5767 Patris
708 5713 901 5769 etFilii
936 5720 991 5767 et
1025 5711 1265 5784 Spiritus
1297 5715 1497 5781 sancti;
1548 5734 1564 5766 ι
1594 5722 1649 5769 et
1681 5714 1863 5769 statim
1894 5713 2067 5768 omnia

2183 5692 2576 5790 διποκλείομεν,
2606 5692 2828 5774 ἵσταται
2847 5692 3169 5787 ἔμπροσθεν
3184 5716 3294 5770 τῶν
3313 5709 3490 5767 πυλῶν
3513 5703 3540 5755 ὁ
3566 5692 3721 5790 ἱερεὺς

483 5801 643 5875 pacis
663 5807 825 5865 verba
846 5804 1051 5876 adjicit,
1067 5816 1120 5863 et
1149 5826 1163 5862 :
1191 5809 1477 5880 «Suscipe,
1515 5810 1687 5871 salva,
1728 5807 2052 5864 miserere.»

2185 5813 2259 5876 ὡς
2301 5779 2549 5882 μεσίτης,
2607 5810 2700 5865 καὶ
2759 5812 2837 5873 ὡς
2894 5779 3129 5877 ἀγγέλου
3183 5808 3352 5861 τύπον
3399 5779 3716 5867 ἑτιεέχιοννκίδτὶ
