4046 6438
346 400 452 464 637

1523 409 1620 471 DE
1663 411 1907 471 SACRA
1954 409 2459 484 PRECATIONE.

3510 425 3615 489 638

352 519 566 588 εὐλογσῖ
617 520 708 574 τὸν
759 521 914 588 Θεὸν,
945 523 1036 576 τὸν
1070 525 1231 592 μόνον
1280 529 1336 580 ἐν
1388 527 1601 598 Τριὰδι,
1642 547 1659 578 «
1704 528 1940 594 Εὑλογη·

2060 528 2109 581 Ξι
2143 539 2336 584 cantor
2366 534 2512 586 illico
2539 545 2742 604 partem
2766 547 2944 592 cantat
2981 539 3171 606 psalmi
3200 538 3423 607 jamjam
3461 544 3611 608 psal-

358 615 496 687 μένη
530 615 562 683 ἠ
599 614 867 682 βασιλεία,
892 619 1087 684 λέγων,
1120 619 1215 672 τοῦ
1253 621 1488 686 Πατρὸς,
1532 623 1628 673 καὶ
1655 623 1742 673 τοῦ
1770 621 1921 678 Υἱοῦ,

263 743 277 759 ς
357 709 454 761 καὶ
477 707 576 761 τοῦ
610 709 767 776 ἁγίου
799 710 1144 778 Πνεύματος.
1179 731 1196 763 »
1235 713 1342 764 Καὶ
1378 713 1539 774 εὐθὺς
1570 712 1640 764 τὰ
1673 711 1929 780 εἰρηνικᾶ

354 802 534 855 πάντα
581 800 816 867 ἐπάγει,
846 802 942 852 καὶ
988 801 1070 863 τὸ,
1111 820 1130 852 «
1154 803 1495 865 Ἀντιλαεοῦ,
1534 804 1732 861 σῶσον,
1773 802 1930 868 ἐλέη-

359 911 474 946 σον.
510 911 529 945 »
563 894 673 946 Καὶ
699 895 728 946 6
772 893 982 963 ψάλτης
1013 895 1213 960 εὐθέως
1236 897 1399 964 μέρος
1435 896 1552 966 ᾄδει
1581 896 1675 948 τοῦ
1716 895 1934 963 μέλλον-

353 1003 446 1049 τος
485 986 713 1057 ᾄδεσθαι
735 987 956 1054 ψαλμοῦ
988 988 1132 1040 κατὰ
1170 989 1327 1054 λόγον
1359 989 1524 1040 θεῖον’
1563 1008 1580 1038 «
1621 989 1730 1040 Καὶ
1757 987 1935 1039 ὕπνοι)⁴

356 1095 423 1132 σα
445 1095 458 1108 ·
491 1077 621 1142 δόξα
654 1084 800 1142 σοι,ο
823 1078 974 1142 Θεός.
1000 1067 1025 1131 ι’
1050 1075 1267 1133 καὶτοῦ
1309 1081 1519 1145 ἱερέως,
1563 1098 1579 1129 «
1610 1079 1723 1146 Τῆς
1757 1080 1933 1129 Πανα-

355 1171 480 1236 γίας
531 1171 803 1239 ἀχράντου
830 1212 844 1234 ,
886 1188 904 1221 »
945 1171 1218 1236 εἰπόντος,
1251 1172 1348 1224 καὶ
1379 1171 1764 1239 παραθεμένου
1799 1171 1937 1219 niv-

355 1279 455 1322 τας
479 1261 558 1329 τῷ
587 1262 728 1329 Θεῷ,
755 1261 850 1314 καὶ
879 1261 1144 1331 ὲκφὼνως
1178 1263 1269 1315 τὸν
1289 1263 1422 1314 Θεὸν
1448 1262 1936 1329 δοξολογήσαντος,

357 1354 456 1416 τὺ,
497 1369 517 1403 ι
574 1352 699 1406 Ὀτι
761 1353 965 1419 πρέπει
1023 1371 1106 1405 σοι
1170 1355 1320 1407 πᾶσα
1371 1354 1522 1414 δόξα,
1571 1372 1588 1402 ›
1625 1353 1936 1418 εἰρηκότος,

361 1443 502 1513 μετὰ
537 1445 754 1514 μέλους,
785 1446 950 1514 φησὶν
977 1445 1004 1496 6
1032 1446 1262 1514 ψάλτης,
1291 1464 1309 1496 ι
1337 1444 1478 1512 Ἐγὼ
1509 1443 1814 1511 ἑκοιμήθην
1844 1443 1941 1495 καὶ

361 1536 610 1589 ὖπνωσα·
649 1537 787 1601 Δόξα
812 1553 920 1599 σοι,
949 1536 977 1588 6
1006 1538 1161 1600 Θεός.
1197 1557 1214 1587 ›
1259 1539 1366 1589 Καὶ
1405 1537 1578 1600 οὕτως
1611 1537 1940 1605 ἀρξάμενος,

360 1623 457 1676 τοῦ
486 1625 704 1694 ψαλμοῖ
747 1625 867 1686 τοῦ,
924 1642 942 1674 «
968 1625 1169 1693 Κύριε,
1199 1625 1252 1677 τι
1276 1625 1709 1694 ἔπληούνοησαν,
1751 1644 1768 1676 »
1806 1624 1944 1692 μετὰ

362 1716 471 1770 τῶν
501 1717 707 1769 λοιπῶν
756 1717 899 1770 κατὰ
951 1721 1135 1786 στίχον
1193 1719 1373 1772 πάντα
1428 1719 1630 1770 τελειοῖ
1679 1717 1944 1786 ψαλμῶν,

365 1810 632 1878 ἑκατέρου
677 1810 840 1880 χοροῦ
888 1811 1141 1877 λέγοντος
1170 1813 1253 1872 τὸ,
1293 1829 1309 1861 ι
1354 1811 1490 1876 Δόξα
1526 1829 1630 1874 σοι,
1663 1814 1691 1864 6
1732 1811 1882 1869 Θεός.
1919 1829 1937 1860 »

368 1903 526 1971 Τρεῖς
561 1902 618 1954 δὲ
641 1902 890 1968 λέγονται
926 1903 1058 1970 ὁμοῦ
1091 1903 1300 1971 ψαλμοὶ
1333 1907 1413 1965 εἰς
1441 1907 1618 1955 τύπον
1651 1902 1747 1954 κτῦ⁹
1777 1903 1941 1968 τιμὴν

313 2029 318 2034 ~
368 1993 463 2060 τῆς
483 1994 758 2061 Παναγίας
780 1994 1027 2062 Τριὰδος.
1049 1995 1214 2056 Αὐτὸς
1245 1995 1300 2046 δὲ
1325 1995 1407 2052 τὸ.
1443 2013 1460 2044 «
1491 1994 1660 2062 Κύριε
1693 1995 1744 2044 τί
1778 1995 1943 2060 ἐπλη-

366 2087 690 2155 θύνθησανί
727 2087 806 2152 τὸ,
834 2105 851 2138 «
876 2088 934 2139 Ὀ
956 2088 1152 2152 Θεὸς,ό
1178 2087 1308 2148 Θεός
1345 2105 1471 2156 μου,
1501 2089 1638 2156 πρὸς
1669 2088 1726 2138 σὲ
1759 2086 1945 2153 ὀρθρι-

312 2175 319 2178 ’
366 2178 478 2245 ξω,
510 2199 530 2231 »
563 2183 656 2232 καὶ
701 2179 796 2242 τὸ,
841 2199 859 2230 «
913 2180 1045 2232 Ἰδοὺ
1089 2180 1152 2248 δὴ
1199 2179 1472 2244 εὐλογεῖτε
1515 2181 1605 2231 τὸν
1656 2180 1878 2247 Κύριον.
1921 2197 1941 2229 »

379 2272 467 2324 Ἐν
494 2271 705 2332 τούτοις
727 2274 842 2333 τοῖς
875 2271 1055 2341 τρισὶν
1086 2273 1162 2332 εἷς
1203 2270 1302 2331 τὰς
1339 2271 1531 2339 ἑορτὰς
1565 2271 1662 2321 καὶ
1690 2248 1946 2334 spurii-xi

293 2377 303 2387 '
367 2364 830 2433 ψάλλονται,ιῆτοι
864 2367 945 2428 τὸ,
996 2383 1013 2415 «
1048 2364 1185 2427 Δόξα
1247 2381 1351 2427 σοι,
1405 2363 1583 2431 Πάτερ
1613 2407 1628 2426 ,
1673 2363 1801 2424 δόξα
1841 2380 1943 2424 σοι,

366 2457 485 2518 Υἱὲ,
513 2458 638 2520 δόξα
676 2475 778 2521 σοι,
804 2459 862 2508 τὸ
896 2457 1118 2525 Π·θεῦμῇ
1149 2458 1208 2508 τὸ
1243 2457 1423 2523 ἆγιον·
1467 2475 1486 2506 »
1533 2457 1626 2508 καὶ
1655 2456 1724 2506 τὰ
1755 2457 1940 2521 ὅμοια.

372 2548 506 2610 Ταῖς
551 2549 606 2601 δὲ
643 2552 855 2609 κοιναῖς
900 2550 1139 2617 ἡμέραις
1172 2549 1267 2602 καὶ
1296 2551 1414 2610 ταῖς
1445 2550 1774 2617 Κυριακαίς,
1806 2547 1950 2615 πλὴν

370 2640 468 2706 τῆς
499 2641 609 2691 τῶν
664 2641 1034 2708 προπατόρων
1084 2657 1142 2691 τε
1198 2642 1292 2691 καὶ
1341 2639 1623 2708 Πατέριυν,
1664 2640 1823 2705 μόνον
1864 2639 1948 2700 τὸ,

375 2751 396 2782 «
435 2731 572 2794 Δ-ὖξα
627 2748 732 2793 σοι,
796 2736 822 2784 6
874 2732 1027 2795 Θεὸς.
1071 2751 1088 2782 »
1145 2729 1301 2797 Εἶτα,
1339 2751 1356 2781 ι
1393 2732 1549 2796 Δόξα,
1589 2751 1607 2780 »
1649 2731 1832 2790 πάλιν,
1866 2731 1949 2789 τὸ,

377 2844 395 2874 «
433 2825 570 2888 Δόξα
601 2843 705 2888 σοι,
732 2827 760 2878 6
787 2824 976 2888 Θεός.)
1018 2827 1128 2877 Καὶ
1163 2826 1259 2878 νῦν
1286 2824 1347 2877 τδ
1377 2826 1531 2878 αὐτό·
1559 2823 1652 2876 καὶ
1684 2822 1952 2890 περισσὴν

370 2913 528 2980 αὖθις
559 2919 930 2987 γεγωνότερον
974 2918 1152 2970 τοῦτο.
1188 2919 1299 2970 Καὶ
1343 2921 1371 2970 6
1404 2918 1606 2985 ἱερεὺς.
1643 2935 1660 2967 «
1701 2917 1823 2968 Ἐτι
1862 2915 1955 2967 καὶ

374 3010 478 3074 ἐτι,
522 3029 540 3061 »
576 3010 674 3062 καὶ
713 3009 796 3069 τὸ,
831 3028 848 3060 «
911 3007 1252 3062 Ἀντιλαϐοὖ·
1301 3010 1398 3062 καὶ
1451 3011 1478 3061 6
1530 3010 1758 3076 ψάλτης,
1797 3028 1814 3058 »
1848 3007 1958 3075 Τὴν

374 3099 721 3168 οἰκουμένην,
759 3098 1135 3169 Ἀλληλοὺῖα.›
1172 3098 1280 3151 Καὶ
1309 3101 1336 3152 ὁ
1370 3098 1567 3166 ἱερεὺς,
1601 3117 1618 3148 «
1648 3097 1754 3165 Τῆς
1785 3099 1958 3148 Πανα-

2030 617 2171 670 lenili
2207 622 2507 675 secundum
2548 624 2638 677 Dei
2673 623 2908 679 Verbum
2940 645 2953 680 ι
3001 628 3096 681 «Et
3143 637 3430 696 soporatus
3465 645 3610 684 smn.

2032 710 2213 766 Gloria
2239 713 2354 776 tibi,
2380 715 2537 769 Deus.
2555 715 2647 769 )El
2667 727 2952 786 postquam
2979 721 3232 776 sacerdos
3248 722 3376 775 dixit
3399 739 3412 775 :
3437 721 3609 777 «San-

2033 805 2293 858 ctissimae
2309 814 2361 858 et
2378 808 3025 879 immaculatze,»Deoque
3049 829 3240 868 omnes
3266 815 3616 868 commenda-

2037 895 2133 957 vit,
2160 906 2205 949 et
2226 899 2332 950 alta
2357 912 2486 952 voce
2515 899 2681 951 Deum
2703 901 3044 967 gloriticavit,
3077 905 3261 958 dicens
3291 923 3304 957 :
3334 903 3440 957 «Te
3463 906 3620 958 deCct

2035 989 2215 1042 Oinnis
2254 991 2484 1060 gloria,»
2519 1007 2639 1046 cum
2671 1004 2832 1047 cantu
2862 996 3099 1049 cli'orista
3122 997 3286 1049 dicit:
3320 995 3459 1064 «Ego
3491 996 3621 1047 dor-

2038 1080 2165 1132 niivi
2217 1091 2270 1133 et
2308 1095 2595 1150 soporatus
2645 1102 2762 1139 sum
2795 1103 2810 1152 ;
2854 1087 3038 1141 Gloria
3070 1087 3188 1147 tibi,
3251 1086 3447 1139 Deus.»
3482 1086 3621 1139 Tres

2038 1187 2171 1224 vero
2225 1176 2388 1226 simul
2441 1175 2699 1229 dicuntur
2755 1179 2945 1244 psalmi
2987 1179 3040 1231 iu
3096 1178 3510 1233 sitnilitmlinem
3567 1185 3624 1228 et

2042 1266 2303 1319 honorem
2332 1269 2692 1321 sanctissimm
2712 1267 3308 1335 Triuitatis,videlicet:
3339 1267 3623 1332 «Domine,

2043 1357 2174 1425 quid
2211 1359 2552 1426 multiplicati
2585 1371 2710 1412 sunt
2747 1376 2764 1424 ;
2810 1359 2951 1414 Deus
2988 1361 3132 1413 Deus
3171 1373 3346 1422 incus,
3379 1359 3442 1412 ad
3483 1369 3532 1411 te
3557 1359 3626 1411 de

2045 1450 2166 1503 luce
2198 1450 2385 1518 Vigilo,
2439 1461 2529 1504 et:
2573 1452 2710 1506 Ecce
2756 1470 2901 1505 nunc
2935 1451 3235 1505 Dt'ﬂCtiiCile
3275 1451 3558 1502 Dominum
3598 1467 3617 1499 »

2046 1543 2101 1594 In
2146 1541 2228 1595 bis
2269 1543 2462 1604 tribus,
2518 1544 2563 1596 si
2616 1543 2810 1596 lesrum
2869 1543 3054 1605 fuerit,
3094 1553 3343 1595 cantatur
3391 1543 3625 1611 hymnus

2049 1634 2359 1697 Trinitatis,
2383 1634 2431 1685 id
2454 1635 2570 1688 est':
2598 1635 2809 1688 «Gloria
2838 1635 2930 1686 tibi
2959 1633 3139 1695 Pater,
3165 1634 3334 1700 gloria
3356 1632 3470 1691 tibi,
3498 1629 3624 1685 Fili.

2048 1726 2217 1794 gloria
2246 1727 2368 1789 tibi,
2390 1725 2625 1794 Spiritus
2646 1737 2883 1788 sancte,»
2913 1733 2965 1778 et
2982 1725 3200 1778 similia.
3222 1722 3422 1775 Diebus
3447 1731 3628 1773 autem

2050 1819 2434 1872 communibus
2475 1828 2528 1870 et
2563 1818 2876 1878 Dominicis,
2942 1817 3045 1869 nisi
3094 1817 3144 1868 in
3191 1813 3470 1868 Dominiea
3507 1826 3630 1879 pro-

2054 1919 2393 1976 toparentnm
2416 1920 2465 1960 et
2494 1916 2729 1974 patrum,
2754 1908 3170 1959 dicitnrtautmn
3209 1923 3221 1956 :
3266 1902 3479 1956 «Gloria
3508 1899 3630 1961 lilii,

2056 2001 2214 2055 υνυς.
2236 2019 2252 2050 »
2277 2001 2472 2052 Deinde
2499 1999 2702 2061 Gloria,
2724 2007 2775 2050 et
2808 2013 3038 2051 rursus:
3068 1996 3280 2049 «Gloria
3315 1995 3434 2056 tibi,
3464 1993 3633 2056 Deus,

2046 2104 2099 2143 et
2139 2092 2434 2144 Nunc.....»
2463 2101 2516 2143 et
2541 2091 2704 2142 idem.
2728 2089 2925 2141 ltermn
2971 2089 3232 2155 repetitur
3267 2106 3285 2136 «
3314 2085 3579 2137 Eximiatn
3611 2101 3628 2131 ι

2048 2186 2266 2239 clariori
2303 2201 2452 2238 voce.
2488 2185 2552 2238 Et
2584 2185 2842 2237 sacerdos
2869 2184 3003 2235 dicit
3034 2201 3046 2235 :
3078 2202 3095 2233 «
3130 2180 3195 2232 Et
3227 2197 3371 2232 nunt:
3394 2193 3631 2248 quoque,

2053 2292 2100 2333 et
2133 2277 2369 2345 suscipe,
2412 2297 2428 2327 »
2473 2288 2664 2330 cantor
2722 2279 2904 2329 autem
2941 2291 2955 2337 ;
2999 2274 3253 2326 «Terram
3318 2271 3544 2323 Alleluia
3581 2287 3624 2332 ,»

2048 2372 2302 2425 sacerdos
2333 2370 2564 2422 iterum:
2598 2367 3054 2421 «Sanctissimae.»
3087 2375 3140 2418 et
3179 2364 3362 2418 statim
3396 2371 3629 2416 cantor:

2057 2464 2422 2516 «lmmaculati
2452 2464 2502 2514 in
2525 2462 2606 2514 via
2626 2462 2873 2513 Ailcluia.
2900 2460 3040 2511 Beati
3059 2457 3387 2511 immaculati
3411 2457 3462 2508 in
3486 2457 3621 2511 via,t

2049 2572 2112 2608 ac
2163 2555 2430 2622 reliquum
2471 2568 2678 2614 versus,
2730 2560 2782 2604 ct
2817 2551 3067 2603 Alleluia.
3111 2551 3171 2601 Et
3201 2551 3281 2601 sic
3329 2547 3634 2616 psalluntur

2053 2661 2242 2700 versus
2277 2647 2344 2698 ab
2378 2656 2610 2711 utroque
2663 2643 2832 2695 choro
2861 2657 2983 2694 cum
3020 2639 3271 2699 Alleluia,
3318 2639 3490 2707 prima
3524 2648 3635 2691 sta-

2057 2739 2200 2790 t'ione
2232 2752 2456 2806 prorsus
2484 2736 2723 2801 impleta.
2766 2734 2969 2785 Deinde
3014 2732 3226 2785 «Gloria
3255 2742 3310 2785 et
3339 2731 3546 2794 Nntic,»
3580 2737 3634 2782 cl

2060 2829 2382 2887 «Eximiain,
2409 2828 2689 2880 Alleluia.»
2723 2824 2875 2876 Tunc
2909 2816 3165 2876 sarcrdos
3195 2837 3412 2889 parvam
3442 2836 3634 2872 rursus

2056 2921 2188 2972 dicit
2219 2920 2592 2987 conjunctzun.
2621 2929 2808 2968 cantor
2833 2903 3011 2967 autem
3045 2931 3058 2971 :
3093 2915 3196 2966 «Da
3229 2913 3358 2965 mibi
3391 2912 3627 2964 intellec-

2061 3019 2196 3074 tum,
2233 3009 2476 3060 Domine.
2510 3026 2527 3057 »
2560 3005 2828 3059 Sacerdos
2862 3005 3058 3056 clamat
3098 3020 3111 3057 :
3152 3001 3552 3055 «Sanctissinne
3585 3011 3640 3052 et

2063 3102 2476 3165 immaculatze,»
2515 3108 2705 3154 Cantor
2733 3113 2878 3163 vero,
2909 3097 3247 3150 «illanustuie
3277 3093 3522 3147 fecerunt
3554 3106 3640 3144 me

377 3193 540 3258 γίας,
583 3191 722 3243 »καὶ
775 3193 874 3260 τὴν
903 3189 1234 3259 ἐπιφώνησιν.
1284 3190 1394 3243 Καὶ
1445 3190 1607 3253 εὐθὺς
1659 3193 1686 3243 6
1733 3191 1955 3259 ψάλτης,

2067 3204 2120 3248 et
2153 3193 2556 3258 plnsmaverunt
2591 3205 2728 3250 me.)
2765 3204 2827 3239 ac
2859 3187 3124 3252 reliquum
3160 3198 3347 3236 versus
3403 3196 3522 3233 cum
3556 3181 3640 3232 in-

381 3302 400 3335 c
440 3284 694 3352 ’Δμωμοι
747 3283 807 3334 ὲν
852 3282 1345 3350 ὁδῷ,Ἀλληλούῖα.
1381 3283 1666 3353 Μακάριοι
1715 3284 1764 3334 oi.
1799 3283 1949 3350 ἄμω-

377 3393 464 3446 μοι
485 3377 543 3428 ἐν
561 3375 687 3444 ὁδῷ,
718 3395 737 3426 »
773 3375 868 3428 καὶ
890 3375 950 3427 τδ
974 3374 1162 3426 louth
1187 3375 1277 3425 τοῦ
1304 3375 1510 3442 στίχου,
1546 3375 1664 3438 καὶ,
1701 3395 1719 3425 «
1765 3375 1958 3439 Ἀλλη-

377 3468 550 3521 λούῖα.
590 3485 610 3518 »
651 3469 760 3519 Καὶ
806 3465 950 3519 οὕτω
986 3466 1118 3534 παρ’
1145 3466 1423 3530 ἑκατέρων
1463 3465 1760 3533 ψάλλονται
1803 3461 1958 3526 αὖθις

380 3561 432 3613 οἱ
458 3561 628 3630 στίχοι
660 3559 768 3611 τῶν
806 3560 984 3628 χορῶν
1016 3559 1155 3626 μετὰ
1179 3558 1271 3611 τοῦ
1315 3557 1657 3624 Ἀλληλούϊα,
1688 3560 1784 3623 τῆς
1815 3555 1963 3624 πρώ-

380 3653 480 3720 τῆς
508 3653 754 3714 στάσεως
789 3652 916 3720 ὅλης
949 3651 1354 3720 πληρουμένης.
1403 3645 1556 3712 Εἶτα,
1608 3670 1626 3701 «
1686 3651 1823 3713 Δόξα
1867 3649 1964 3701 καὶ

381 3748 499 3814 νῦν,
537 3769 557 3800 »
597 3749 696 3800 καὶ
747 3745 1008 3815 περισσὴ.
1046 3763 1063 3795 ι
1115 3745 1460 3812 Ἀλληλούῖα.
1501 3764 1518 3794 »
1556 3745 1660 3796 Καὶ
1697 3745 1723 3794 ὁ
1785 3743 1964 3810 ἱερεὺς

389 3843 594 3913 μικρὰν
627 3841 785 3903 αὖθις
809 3841 1110 3907 συναπτήν.
1161 3839 1218 3890 '0
1263 3837 1492 3905 ψάλτης,
1529 3835 1845 3888 ιΣυνέτισόν
1875 3851 1964 3902 με,

384 3937 613 4006 Κύριε.»
631 3935 693 3987 Ὀ
720 3934 919 4004 ἱερεὺς,
961 3932 1102 4000 στῆς
1126 3929 1406 3992 Παναγίας
1430 3929 1596 3999 248
1612 3929 1908 3998 ἀκράντου,
1943 3946 1960 3977 »

382 4027 480 4080 καὶ
513 4025 846 4095 ἐκφώνησιν·
873 4027 966 4076 καὶ
996 4025 1024 4074 6
1050 4023 1282 4092 ψάλτης,
1309 4022 1403 4072 (Αἱ
1447 4022 1630 4088 χεῖρές
1657 4035 1752 4071 σου
1782 4021 1969 4087 ἐποίη-

388 4121 490 4173 σάν
528 4136 595 4187 με
630 4117 728 4171 καὶ
760 4115 1002 4168 ἓπλασάν
1036 4131 1126 4183 με·
1164 4135 1180 4164 »
1213 4116 1309 4165 καὶ
1337 4114 1396 4165 τὸ
1434 4113 1623 4166 λοιπὸν
1655 4111 1750 4164 τοῦ
1784 4112 1968 4179 στίχου

379 4212 476 4265 σὺν
499 4208 579 4277 τῷ
620 4205 949 4275 ὐποῲὰλμιρ,
987 4225 1004 4256 «
1037 4204 1326 4258 Συνέτισόν
1360 4223 1448 4272 με,
1475 4203 1668 4270 Κύριε.
1718 4223 1736 4254 »
1786 4205 1896 4255 Καὶ
1923 4203 1972 4255 οἱ

380 4303 556 4357 λοιποὶ
580 4299 750 4369 στίχοι
766 4301 916 4368 παρὰ
933 4298 1041 4350 τῶν
1066 4296 1158 4349 δύο
1175 4297 1350 4366 χοριῖιν
1374 4279 1509 4363 μετὰ
1532 4297 1625 4347 τοῦ
1650 4317 1665 4346 «
1690 4296 1976 4348 Συνέτισόν

382 4412 472 4466 με,
505 4395 701 4462 Κύριε.
738 4390 878 4454 Δόξι
929 4391 1024 4442 καὶ
1067 4389 1184 4441 νῦν.
1229 4408 1247 4438 »
1284 4388 1393 4438 Καὶ
1436 4386 1674 4456 περισσὴ
1713 4388 1775 4438 τὸ
1821 4387 1974 4450 αὐτὸ,

389 4508 406 4538 «
441 4487 726 4539 Συνέτισόν
757 4501 843 4550 με,
883 4482 1113 4550 Κύριε.»
1150 4478 1282 4533 Εἶτα
1308 4479 1467 4532 πάλιν
1488 4483 1516 4532 ὁ
1544 4482 1725 4548 ἱερεὺς
1763 4477 1970 4548 μικρὰν

2061 3284 2310 3339 tercalari
2341 3280 2604 3334 versiculo
2632 3297 2646 3334 :
2688 3280 2790 3331 «Da
2814 3277 3311 3338 mihiintonet-tum,
3347 3271 3634 3334 Domine,»

2060 3389 2116 3432 et
2156 3375 2336 3430 czeteri
2376 3387 2563 3425 versus
2600 3370 2668 3423 ab
2705 3370 2939 3436 utroque
2980 3367 3148 3418 clioro
3175 3364 3481 3432 psalluntur
3509 3375 3631 3413 cum

2062 3469 2244 3522 verbis
2301 3485 2313 3519 :
2362 3466 2466 3516 «Da
2501 3464 2628 3514 mihi
2687 3461 3028 3514 intellectum
3063 3458 3310 3520 Domine,
3354 3454 3542 3508 Gloria
3590 3460 3645 3505 «:t

2064 3575 2231 3620 nunc,
2266 3577 2282 3608 »
2313 3568 2363 3610 et
2389 3557 2585 3608 iterum
2614 3572 2628 3606 :
2670 3551 2772 3602 «Da
2804 3551 2933 3602 milii
2967 3549 3324 3610 intellectum,
3359 3546 3635 3599 Domine.)

2067 3653 2336 3717 Deinceps
2367 3645 2621 3701 sacerdos
2653 3647 2862 3695 rnrsus'
2886 3656 3104 3708 parvam
3141 3638 3274 3691 dicit
3297 3637 3643 3702 coniunctam

2069 3739 2444 3817 (orationem),
2466 3747 2657 3789 cantor
2683 3745 2861 3786 autem
2889 3746 2904 3786 ;
2930 3731 3208 3790 «Terram,
3234 3729 3461 3781 Alleluia
3487 3743 3534 3794 ;»
3559 3741 3646 3780 sa-

2069 3837 2263 3890 cerdos
2285 3836 2511 3886 iterum:
2541 3823 2998 3878 «Sanctissimie.»
3027 3826 3218 3872 cantor
3243 3833 3389 3870 vero.
3418 3817 3648 3885 «Aspice

2070 3927 2123 3980 in
2157 3942 2242 3978 me
2272 3933 2322 3976 et
2353 3922 2618 3974 miserere
2637 3915 2763 3973 mei,
2792 3910 3074 3964 Alleluia.»
3102 3911 3164 3962 Et
3199 3909 3443 3978 protinus
3476 3920 3638 3958 unam

2073 4019 2248 4088 aperit
2283 4013 2463 4081 templi
2487 4012 2734 4080 januam,
2763 4006 3055 4058 ostendens
3077 4003 3272 4055 cmlnm
3295 4001 3452 4054 nobis
3486 4013 3644 4063 aper-

2074 4123 2188 4168 tum
2219 4122 2340 4162 esse
2381 4104 2562 4158 statim
2592 4113 2687 4168 per
2720 4095 3160 4150 incarnationem
3195 4092 3408 4146 Domini
3445 4092 3538 4160 qui
3573 4090 3644 4144 de

2075 4206 2214 4261 cozlo
2247 4203 2299 4254 in
2337 4213 2434 4252 nos
2475 4194 2706 4263 aspexit,
2745 4201 2800 4244 et
2832 4188 3152 4241 incarnatus
3192 4194 3276 4240 est
3315 4201 3380 4238 ex
3440 4183 3649 4239 ecelesti

2077 4303 2308 4366 vivaque
2330 4302 2508 4363 porta,
2541 4287 2631 4342 Dei
2656 4280 3198 4345 scilicetGenitrice;
3227 4277 3495 4348 quietiam
3527 4286 3653 4331 ante

2081 4390 2386 4463 passionem
2412 4397 2465 4438 et
2504 4380 2964 4437 resurrectionem
3002 4373 3198 4428 coelum
3237 4372 3392 4424 nobis
3419 4370 3652 4438 aperuit,

2081 4479 2539 4552 quemadmodum
2612 4473 2678 4526 de
2737 4471 2854 4539 ejus
2912 4467 3182 4534 baptismo
3231 4463 3495 4532 scriptum
3548 4471 3653 4526 est,

383 4578 685 4647 συναπτήν.
703 4544 1011 4643 Ὀ-ψάλτης,
1029 4573 1170 4640 «Τὴν
1197 4571 1548 4640 οἰκουμένην,
1569 4544 1918 4638 ’Δλληλ-ούῐα.
1937 4587 1955 4619 »

2074 4544 2294 4643 quando
2323 4568 2457 4622 vidit
2502 4566 2675 4621 ctelos
2717 4571 2935 4631 apertos
2969 4558 3063 4628 qui
3110 4557 3260 4625 prius
3310 4565 3528 4624 propter
3557 4570 3656 4608 nos

393 4671 453 4722 '0
486 4669 688 4738 ἱερεὺς,
727 4686 744 4718 «
780 4666 892 4734 Τῆς
934 4663 1240 4729 Παναγίας,
1287 4680 1305 4713 ι
1351 4663 1450 4714 καὶ
1507 4661 1840 4728 ἑκερὼνησιν.
1901 4662 1962 4712 '0

382 4761 652 4828 ψάλτης,
684 4777 701 4809 «
751 4755 1076 4823 Ἐπίὸλεψον
1128 4753 1215 4806 ἐπ’
1267 4754 1386 4820 ἐμὲ,
1439 4753 1534 4804 καὶ
1597 4752 1819 4820 ἐλέησόν
1871 4768 1962 4820 με,

396 4852 741 4921 Ἀλληλούῖα.
783 4870 800 4901 »
843 4851 952 4902 Καὶ
983 4847 1145 4909 εὐθὺς
1175 4846 1274 4915 τὴν
1308 4850 1440 4916 μίαν
1473 4845 1678 4912 ἀνοίγει
1710 4842 1806 4896 τοῦ
1837 4842 1965 4895 ναοῦ

389 4943 586 5015 πύλην.
625 4941 860 5003 δεικνὺς,
897 4941 974 5002 ὼς
1031 4939 1278 5006 διηνοίγη
1318 4940 1450 5006 ἡμῖν
1483 4939 1509 4988 ὁ
1539 4935 1768 5005 οὐρανὸς
1805 4934 1968 4994 εὐθὺς

389 5040 456 5107 τῇ
486 5035 581 5089 τοῦ
611 5019 818 5105 Κυρίου
873 5034 1152 5104 σαρκώσει
1177 5073 1192 5096 ,
1224 5029 1616 5096 ὲπιὸλέψαντος
1643 5026 1702 5088 ἐξ
1734 5023 1967 5095 οὖροινοῦ

390 5127 475 5195 ἐφ’
499 5128 668 5194 ἡμᾶς,
704 5127 798 5178 καὶ
838 5123 1365 5193 ἐνανθρωτιήσαντος
1396 5121 1460 5170 ὲκ
1511 5119 1611 5184 τῆς
1639 5117 1966 5186 ἐπουρανίου

391 5221 484 5272 καὶ
513 5217 694 5287 ζώσης
725 5217 896 5285 πύλης
921 5216 1022 5283 τῆς
1055 5213 1344 5266 Θεοτόκου.
1369 5214 1465 5273 Ὃς
1489 5211 1583 5263 καὶ
1611 5211 1718 5276 πρὸ
1745 5211 1839 5261 τοῦ
1867 5210 1970 5262 πά-

396 5311 524 5371 οους
554 5311 650 5363 καὶ
679 5311 776 5378 τῆς
801 5309 1152 5367 ἀναστάσεως
1179 5305 1449 5372 διήνοιγεν
1483 5305 1609 5370 ἡμῖν
1632 5303 1699 5354 τὰ
1717 5303 1969 5369 οὐράνια,

401 5403 477 5464 ὡς
501 5402 598 5456 καὶ
625 5403 682 5452 ἐν
704 5399 780 5469 τῷ
818 5399 1157 5467 βαπτίσματι
1179 5396 1369 5448 τούτου
1386 5395 1720 5463 γέγραπται,
1757 5393 1829 5455 ὼς
1862 5390 1970 5444 εἶδε

400 5493 758 5562 σχιζομένους
786 5491 912 5552 τοὺς
943 5489 1232 5558 οὐρανοὺς,
1286 5488 1355 5538 δι’
1388 5487 1534 5555 ἡμᾶς
1591 5487 1807 5546 πάντως
1844 5487 1972 5546 τοὺς

396 5587 528 5655 πρὶν
560 5585 757 5644 αὐτοὺς
790 5582 1527 5648 ἀποκλείσαντας.”ῐ’στερον
1553 5579 1608 5630 δὲ
1643 5579 1802 5640 αὑτῦς
1839 5580 1973 5629 ἁνα-

394 5676 520 5739 6ὰς,
547 5677 694 5746 ἡμᾶς
756 5667 939 5726 ἐκεῖσε
1007 5675 1326 5740 εἰσήγαγεν.
1365 5690 1384 5723 »
1412 5673 1474 5722 (ll.
1529 5668 1702 5739 στίχοι
1763 5669 1855 5722 οὖν
1887 5669 1974 5720 λέ-

394 5783 582 5835 γονται
661 5767 792 5837 παρ’
850 5765 1128 5834 ἑκατέρων
1190 5763 1300 5816 τῶν
1379 5760 1611 5830 χορῶν..
1653 5761 1782 5829 ἄχρι
1854 5760 1972 5821 τοῦ,

401 5879 422 5913 «
451 5859 771 5915 Εξαέλθοιτδ
799 5858 1014 5929 ἀξίωμά
1041 5875 1141 5928 μου
1165 5857 1396 5912 ἐνώπιόν
1417 5871 1531 5919 σου,
1566 5852 1758 5922 Κύριε.
1793 5873 1808 5904 »
1841 5853 1972 5906 Τότε
2023 5931 2053 5937 __

2073 4671 2231 4720 erant
2273 4675 2500 4730 prorsus
2525 4657 2695 4711 clausi
2742 4671 2756 4720 ;
2797 4655 2914 4722 ipse
2945 4665 3076 4705 vero
3127 4646 3410 4718 posterius
3465 4661 3660 4698 ascen-

2067 4759 2200 4812 «lens
2234 4770 2336 4809 nos
2372 4753 2501 4806 illuc
2547 4747 2868 4803 introduxit.
2912 4741 3117 4796 Versus
3173 4741 3336 4807 igitur
3399 4736 3660 4790 dicuntur

2069 4851 2138 4904 ab
2167 4858 2404 4915 utroque
2435 4845 2601 4898 choro
2630 4853 2802 4907 usque
2829 4837 2892 4889 ad
2923 4833 3060 4886 illud
3094 4847 3109 4884 :
3143 4829 3340 4883 «Intret
3373 4827 3662 4896 postulatio

2071 4956 2190 4995 mea
2232 4939 2287 4992 in
2331 4947 2632 5004 conspectu
2695 4943 2814 4992 tuo,
2843 4927 3121 4980 Domine.»
3163 4922 3312 4976 Tunc
3357 4936 3486 4975 vero
3517 4921 3665 4983 vein;

2066 5018 2182 5104 iam
2215 5031 2354 5084 iacta
2399 5025 2679 5080 Dominica
2710 5017 3136 5087 dispensatione,
3171 5028 3438 5082 passoque
3475 5010 3664 5064 Salva-

2075 5137 2212 5186 tore,
2253 5121 2432 5175 hostia
2467 5133 2561 5187 per
2592 5126 2815 5167 crucem
2853 5109 3056 5168 oblata,
3089 5105 3345 5159 omnibus
3377 5118 3662 5158 resurrec-

2080 5217 2232 5268 tione
2274 5209 2486 5264 Domini
2523 5204 2820 5270 redemptis
2872 5209 2976 5252 tam
3011 5198 3101 5266 qui
3136 5199 3188 5249 in
3231 5194 3447 5249 inferno
3497 5208 3662 5261 quam

2076 5305 2174 5372 qui
2223 5301 2274 5352 in
2316 5309 2459 5350 terra
2489 5303 2666 5354 erant,
2693 5291 2925 5358 ejusque
2959 5285 3357 5340 resurrectione
3382 5284 3436 5339 in
3468 5283 3665 5337 coalqu

2080 5393 2368 5465 ingressis,
2400 5389 2585 5458 ianuae
2614 5400 2641 5436 a
2676 5380 2963 5436 sacerdote
2998 5377 3340 5447 aperiuntur.
3368 5374 3429 5429 Et
3456 5374 3663 5428 clarius

2077 5492 2326 5540 cantatur
2355 5478 2614 5533 introitus
2639 5489 2761 5527 cum
2793 5470 3046 5534 Alleluia,
3070 5467 3337 5521 universis
3369 5466 3666 5517 introrsum

2079 5574 2414 5632 intrantibus
2446 5578 2704 5636 tauquam
2758 5571 2810 5619 in
2848 5563 3076 5623 malum,
3133 5560 3414 5612 sacerdote
3462 5568 3669 5621 pra:ce«

2081 5672 2242 5724 «lente
2295 5677 2349 5720 et
2400 5677 2620 5717 crucem
2675 5666 2949 5728 portante,
3007 5669 3118 5724 quo
3163 5651 3329 5705 refert
3370 5647 3665 5701 Dominum

2085 5765 2422 5818 Salvatorem
2479 5764 2724 5807 nostrum
2762 5765 2856 5820 per
2887 5760 3108 5803 crucem
3146 5743 3373 5796 factum.
3405 5739 3576 5793 Porro
3615 5741 3671 5793 in

2105 5868 2271 5909 cruce
2313 5852 2552 5919 tiguutur
2589 5855 2701 5900 tres
2736 5841 2883 5899 cerei
2929 5841 3105 5895 lucent
3143 5835 3451 5892 trisolarcni
3478 5841 3665 5889 osten-
