4046 6430
432 310 544 371 643

1250 301 1631 362 SYMEONIS
1666 301 1770 360 ΤΗ
1781 298 1957 358 ESSA
1967 290 2426 355 LONICENSIS
2463 289 2667 350 ARCH
2680 285 2817 351 ΙΕΡ.

3579 277 3689 346 Gil

426 422 613 494 generi
636 419 935 476 admodum
963 416 1177 473 modico
1208 431 1317 486 prae
1344 416 1601 471 omnibus
1619 416 1730 468 fere
1747 412 1998 479 gentibus

2109 409 2403 476 σωτήριος.
2440 404 2555 458 ἀλλ’
2584 401 2802 473 ἀμυδρὰ
2845 399 2940 452 καὶ
2985 396 3219 465 σκιώδης
3251 391 3368 449 οἷον
3396 396 3456 449 ἐν
3489 397 3685 467 εἱρκτῇ

426 519 614 572 datum
649 526 751 568 est.
802 513 971 565 Porro
1022 510 1169 565 circa
1209 524 1395 564 muros
1444 517 1498 563 et
1550 507 1902 560 fundamenta
1940 502 2000 556 lit

426 613 497 665 ab
558 609 709 662 initio
758 605 990 667 sonitus,
1049 604 1308 672 quoniam
1361 614 1525 668 super
1576 585 1997 651 fundamentum

426 703 799 769 apostolorum
828 706 883 749 et
904 696 1293 764 prophetarum
1341 692 1568 745 fundata
1619 702 1699 743 est
1732 687 1998 749 Ecclesia,

424 802 480 845 et
516 793 602 844 lex
640 790 859 858 quidem
892 788 1119 855 incepit,
1145 787 1346 839 veritas
1386 796 1566 837 autem
1599 779 1837 850 perfecta
1896 788 1999 841 est,

422 892 477 936 et
516 883 642 948 quia
694 881 841 933 sicut
891 877 1300 933 tabernaculum
1363 876 1416 929 in
1471 873 1677 944 Spiritu
1728 878 1918 925 sancto
1971 883 1999 921 a

426 975 610 1041 Moyse
649 981 703 1024 et
756 970 997 1023 Beseleel
1049 967 1151 1019 fuit
1202 966 1553 1026 aedificatum,
1595 971 1800 1032 quanto
1831 960 2002 1029 magis

426 1065 610 1115 divina
647 1062 819 1131 gratia
855 1060 1115 1128 templum
1173 1060 1377 1112 Christi
1428 1058 1753 1111 aediliulum
1788 1054 1893 1107 fuit
1947 1061 2003 1106 et

428 1157 736 1216 fundatum,
760 1154 902 1224 quod
928 1153 1336 1208 sanctissimum
1359 1149 1621 1219 exprimit
1647 1161 1849 1216 corpus
1881 1146 2002 1214 ejus

428 1250 481 1300 in
525 1248 740 1314 Virgine
769 1261 833 1299 ex
884 1244 1175 1311 purissimo
1215 1242 1512 1309 divinoque
1565 1241 1685 1310 ejus
1734 1236 2007 1307 sanguine

425 1338 743 1391 coalescens
795 1337 995 1390 virtute
1052 1334 1292 1403 Spiritus
1378 1333 1577 1388 sancti.
1659 1331 2005 1398 Quapropter

425 1430 557 1481 dum
582 1431 862 1483 adstantes
896 1442 924 1478 a
958 1427 1130 1479 muris
1157 1424 1341 1493 templi
1370 1422 1650 1485 recedunt,
1684 1421 2007 1474 incensaute

331 1555 339 1583 ί
428 1518 781 1571 fundamenta
811 1515 1116 1580 sacerdote,
1159 1522 1213 1567 et
1252 1513 1447 1566 iterum
1499 1509 1784 1571 accedunt,
1821 1509 2006 1563 Domi-

334 1600 344 1655 ἶ
428 1625 559 1664 uuln
619 1608 929 1662 ostenditur
984 1607 1162 1671 primo
1215 1609 1537 1671 conceptum
1593 1601 1645 1653 in
1686 1599 1906 1670 Virgine
1948 1608 2003 1655 et

429 1707 796 1766 incarnatum,
832 1698 1105 1767 posterius
1138 1712 1266 1751 vero
1296 1712 1394 1751 nos
1418 1696 1576 1764 longe
1606 1694 1674 1746 ab
1696 1709 1762 1747 eo
1791 1693 2000 1747 distan-

2103 503 2162 567 ἐξ
2195 500 2337 567 ὀπῆς
2384 496 2451 549 δι’
2496 495 2701 570 ὑμένος
2732 492 2877 560 αὐγὴ
2926 489 3182 559 βραχεῖα,
3209 489 3277 558 ἥν
3312 487 3468 555 δηλοῖ
3489 488 3550 541 τὸ
3595 487 3688 540 θυ-

2108 594 2288 661 μίαμα
2321 591 2450 657 περὶ
2480 587 2574 641 τὸν
2619 587 2872 655 νάρθηκα
2913 584 3072 653 μόνον
3128 581 3441 651 γινόμενον,
3474 581 3572 649 τὴν
3601 596 3688 633 vo—

2107 685 2275 752 μικὴν
2314 682 2408 733 καὶ
2462 679 2668 748 σκιώδη
2701 678 2899 747 δηλοῦν
2944 675 3225 746 λατρείαν,
3248 675 3369 744 ἥτις
3394 674 3491 726 καλ⁵
3524 674 3603 736 είς
3629 672 3687 725 ἓν

2103 775 2223 827 τότε
2254 774 2470 826 δέδοται
2500 772 2658 839 γένος
2702 769 2799 824 καὶ
2848 768 3010 838 μόνον
3038 767 3150 821 τῶν
3193 767 3358 838 250
3391 766 3682 831 Ἰουδαίων,

2105 868 2200 917 καὶ
2226 865 2362 916 αὐτὸ
2400 868 2600 931 μικρὸν
2624 862 2816 916 τελοῢν
2843 862 2996 931 παρὰ
3020 862 3198 916 πάντα
3225 861 3416 932 σχεδὸν
3443 861 3511 913 τά
3533 860 3685 929 ἔθνη.

2106 956 2241 1026 Περὶ
2285 957 2413 1017 τοὺς
2443 956 2652 1022 τοίχους
2695 955 2754 1009 δὲ
2806 955 2899 1006 καὶ
2932 953 3058 1014 τοὺς
3089 952 3376 1022 θεμελίους
3407 950 3467 1015 ἐξ
3504 950 3683 1021 ἀρχῆς

2105 1045 2165 1097 τὸ
2204 1046 2475 1115 θυμίαμα,
2501 1046 2585 1099 ὅτι
2623 1047 2718 1099 ἐπὶ
2752 1044 2832 1113 τῷ
2890 1044 3133 1113 θεμελίῳ
3187 1044 3298 1098 τῶν
3367 1043 3691 1097 ἀποστόλων

2106 1141 2199 1192 καὶ
2234 1140 2529 1208 προφητῶν
2560 1139 2909 1209 ᾠκοδόμηται
2934 1141 2967 1208 ἠ
3005 1137 3324 1208 Ἐκκλησία,
3352 1137 3460 1190 Καὶ
3481 1138 3690 1207 ἤρξατο

2112 1233 2211 1301 μὲν
2237 1234 2264 1284 ὁ
2292 1233 2458 1300 νόμος
2486 1246 2499 1261 ⁸
2525 1231 2778 1284 τετέλεκε
2805 1231 2861 1284 δὲ
2906 1233 2939 1300 ἡ
2971 1231 3204 1300 ἀλήθεια
3224 1248 3239 1265 ·
3269 1231 3362 1284 καὶ
3388 1231 3470 1283 ὃτι
3494 1228 3688 1299 ὥσπερ

2105 1328 2138 1394 ἡ
2175 1326 2352 1394 σκηνὴ
2387 1326 2670 1394 Πνεύματι
2688 1316 2838 1394 ’ἁγίῳ
2870 1325 2974 1379 ὑπὸ
2996 1325 3277 1387 Μωῦσέως
3298 1324 3394 1377 καὶ
3421 1322 3688 1394 Βεσελεὴλ

2107 1417 2387 1486 ἐτελέσθη,
2432 1416 2612 1486 πολλῷ
2648 1416 2852 1484 μᾶλλον
2896 1416 3084 1486 χάριτι
3113 1415 3236 1486 θείᾳ
3267 1416 3296 1469 δ
3324 1415 3417 1470 τοῦ
3446 1413 3689 1482 Χριστοῦ

2108 1507 2233 1570 ναὸς
2279 1506 2594 1558 τετέλεσται
2644 1506 2739 1557 καὶ
2788 1505 3204 1574 τεθεμελίωται,
3237 1506 3296 1568 ὸς
3326 1505 3387 1559 τὸ
3416 1505 3691 1571 πανάγιον

2107 1595 2274 1651 αὐτοῦ
2325 1598 2489 1649 τυποῖ
2522 1596 2706 1662 σῶμα,
2747 1596 2953 1648 συστὰν
2991 1597 3048 1648 ὲν
3080 1599 3143 1665 τῇ
3183 1593 3445 1663 Παρθένῳ
3481 1596 3546 1648 ὲκ
3576 1594 3691 1646 τῶν

2108 1688 2293 1755 ἁγνῶν
2326 1690 2419 1743 καλ⁵
2451 1690 2613 1744 θείων
2650 1690 2900 1759 αἱμάτων
2940 1690 3110 1759 αὐτῆς
3159 1690 3480 1759 Πνεύματος
3522 1686 3688 1755 ἁγίου

426 1804 509 1848 tes
541 1793 618 1848 illi
665 1766 1159 1852 [uissciadunatom
1190 1799 1245 1841 et
1290 1802 1355 1841 ex
1393 1800 1460 1839 eo
1501 1783 1894 1846 sanctiﬁcalos,
1948 1793 2003 1837 et

2103 1777 2356 1847 δυνάμει.
2385 1779 2477 1831 Διὸ
2505 1779 2600 1831 καὶ
2628 1779 2688 1832 τὸ
2710 1778 3045 1847 ἀφίστασθαι
3073 1779 3182 1831 τῶν
3208 1777 3301 1832 τοῦ
3332 1777 3459 1832 ναοῦ
3485 1777 3690 1846 τοίχων

428 1888 655 1954 insuper
686 1886 863 1953 primo
898 1883 1159 1952 templum
1189 1878 1548 1940 sanctiﬁcari,
1580 1886 1635 1930 et
1662 1875 1861 1931 deinde
1904 1889 2004 1928 nos

429 1995 527 2047 per
559 1978 713 2039 illud,
755 1984 913 2045 prout
970 1975 1025 2027 in
1076 1969 1430 2027 tabernaculo
1467 1970 1668 2023 factum
1720 1977 1804 2021 est
1842 1976 2006 2036 atque

426 2069 482 2121 in
516 2079 696 2122 vetere
726 2068 932 2135 templo
969 2079 1089 2134 quae
1125 2060 1415 2117 Dominum
1454 2059 1785 2127 ligurahaut.
1840 2056 2006 2111 Dein-

425 2176 558 2228 ceps
615 2158 879 2224 templum
951 2153 1258 2224 ingreditur
1321 2151 1573 2205 sacerdos
1642 2146 2001 2210 incensaudo,

427 2254 596 2305 Deum
631 2252 683 2303 in
705 2252 806 2301 hoc
834 2248 1131 2310 honoratis,
1171 2245 1429 2313 illumque
1460 2240 1747 2308 antiquum
1781 2239 2001 2291 imitans

424 2343 664 2394 sumtum
702 2339 870 2408 quiin
897 2335 1095 2390 Sancta
1129 2343 1448 2389 sanctorum
1481 2331 1661 2395 ﬁebat,
1688 2329 1782 2383 sed
1817 2343 2002 2383 sacer-

424 2436 550 2486 dote
578 2430 734 2501 legali
768 2432 923 2498 longe
952 2426 1348 2482 lionorabilior.
1372 2433 1558 2491 utpote
1589 2420 1769 2491 magni
1801 2420 2002 2475 solius-

423 2542 531 2593 que
557 2521 837 2578 Pontificis
862 2520 1033 2588 gratia
1069 2517 1279 2570 ditatus
1317 2516 1464 2568 illius
1494 2514 1585 2582 qui
1614 2513 1883 2568 sacerdos
1914 2520 2000 2566 est

422 2612 728 2666 secundum
762 2610 1006 2663 ordinem
1049 2605 1472 2661 Melchisedech.
1514 2601 1619 2657 Sed
1648 2613 1703 2658 et
1726 2603 1865 2657 sicut
1904 2616 2001 2655 an-

422 2704 576 2775 gelus
613 2702 704 2755 Dei
743 2698 1157 2769 omnipotentis,
1195 2696 1339 2751 sicut
1379 2695 1649 2763 scriptum
1683 2704 1788 2756 est,
1816 2708 1999 2747 sacer-

419 2799 521 2848 dos
554 2809 650 2863 per
719 2793 1001 2847 incensum
1061 2790 1229 2842 Deum
1302 2788 1480 2855 placat
1534 2786 1995 2855 quemadmodum

421 2887 655 2957 pepulus
685 2902 783 2957 per
814 2886 1072 2955 psalmos,
1105 2884 1195 2953 qui
1231 2882 1340 2938 Deo
1364 2884 1569 2953 gratias
1619 2885 1787 2954 agtint
1839 2896 1997 2936 eum-

418 2996 525 3048 que
582 2979 875 3047 propitium
912 2976 1175 3042 emeinnt,
1204 2979 1556 3032 obsecrantes
1608 2976 1772 3030 etiam
1830 2983 1891 3027 ut
1929 2975 1995 3025 ad

420 3085 521 3124 nos
550 3072 733 3122 veniat
784 3077 839 3121 et
891 3068 1289 3132 manifestetnr,
1349 3085 1413 3123 ac
1465 3068 1639 3137 ipsius
1692 3066 1993 3120 Salvatoris

420 3161 595 3214 nostri
636 3158 1107 3213 conversationem
1157 3157 1639 3227 praesignificantes
1668 3164 1721 3209 et
1764 3168 1994 3223 praeser-

420 3253 515 3304 tim
543 3250 946 3303 immaculatam
972 3249 1115 3302 illius
1131 3251 1295 3302 vitam
1321 3250 1511 3317 agendi
1535 3249 1821 3309 rationem,
1848 3246 1988 3314 quod

420 3354 566 3398 recte
587 3344 922 3395 demonstrat
949 3342 1191 3410 psalmus
1218 3352 1345 3394 tunc
1368 3349 1621 3395 cantatus
1645 3358 1656 3392 :
1687 3338 1864 3393 «Beati
1892 3340 1995 3390 imo

418 3434 696 3498 maculati,
735 3452 754 3485 ι
794 3442 847 3487 et
878 3435 1100 3502 insuper
1130 3422 1448 3487 sanctorum
1482 3433 1600 3500 ejus
1629 3433 1813 3493 vitam,
1863 3445 1992 3484 nec-

418 3543 528 3579 non
557 3526 856 3579 Salvatoris
888 3528 1201 3593 passionem
1242 3532 1299 3579 et
1334 3524 1816 3577 resurrectionem.
1867 3522 1993 3575 Ideo

419 3622 519 3673 iste
553 3619 794 3687 psalmus
845 3618 1118 3687 pra'cipne
1148 3617 1201 3670 in
1240 3616 1537 3670 Dominicis
1595 3617 1846 3685 psallitur
1887 3630 1990 3667 sm-

418 3714 648 3780 piusque
680 3712 731 3763 in
761 3720 1075 3764 sanctorum
1112 3708 1755 3771 eommemorationibus,
1782 3708 1992 3775 primus

416 3820 631 3874 quoque
653 3818 775 3857 cum
812 3803 1052 3857 secundo
1073 3810 1125 3855 et
1158 3801 1353 3857 tertio:
1382 3801 1611 3855 «Beatus
1643 3805 1727 3854 vir
1758 3817 1805 3857 ε»
1836 3799 1993 3853 solus

414 3897 560 3951 enim
594 3906 679 3949 est
728 3895 978 3949 Salvator
1016 3896 1207 3947 beatus
1259 3896 1363 3955 vir,
1389 3902 1443 3947 et
1499 3893 1886 3946 inmaculatus
1937 3892 1989 3943 in

417 3990 501 4042 via
534 4005 552 4055 ;
585 3988 704 4056 ejus
724 3997 903 4041 autem
937 4001 1033 4056 per
1057 3986 1310 4053 gratiam,
1342 3984 1586 4053 ejusdem
1625 3984 1825 4038 sancti.
1878 3982 1987 4051 lgi-

415 4092 507 4135 tnr
562 4080 841 4149 ingressus
875 4077 1138 4132 sacerdos
1170 4076 1313 4133 intus
1347 4092 1471 4131 cum
1527 4076 1807 4130 thuribnlo
1839 4076 1992 4128 velut

415 4170 471 4221 in
510 4166 713 4221 Sancta
746 4174 1092 4229 sanctorum,
1131 4180 1228 4219 seu
1256 4166 1438 4234 potius
1469 4165 1524 4218 in
1558 4164 1675 4218 loca
1708 4163 1817 4217 illis
1843 4163 1991 4216 mul-

414 4268 470 4311 to
502 4257 775 4326 digniora,
807 4255 859 4306 in
886 4256 987 4308 hoc
1017 4262 1249 4309 testatus
1271 4266 1324 4309 et
1345 4255 1590 4309 imitatus
1611 4251 1987 4307 sufﬁmentum

412 4350 697 4404 Zachariae
731 4348 822 4416 qui
857 4347 1009 4401 solus
1046 4347 1099 4399 in
1136 4347 1314 4416 adytis
1349 4348 1646 4402 incensans
1685 4360 1987 4415 praeconem

2113 1870 2238 1931 τοὺς
2295 1870 2620 1939 ἱσταμένους
2654 1871 2963 1937 θυμιῶντος
3013 1870 3109 1923 τοῦ
3140 1872 3332 1942 ίερέως
3362 1870 3487 1934 τοὺς
3520 1869 3690 1939 θεμε-

2111 1962 2281 2027 λίους,
2336 1964 2431 2014 καὶ
2463 1964 2625 2016 πάλιν
2659 1964 2936 2029 ἶστασθαι,
2968 1962 3030 2016 τὸ
3060 1963 3276 2032 πρῶτον
3307 1962 3684 2034 συλληφθῆναι

2108 2059 2203 2112 τὸν
2249 2060 2454 2129 Κύριον
2485 2060 2543 2112 ἐν
2573 2063 2639 2130 τῇ
2701 2059 2966 2129 Παρθένῳ
3003 2059 3101 2112 καὶ
3134 2058 3559 2128 ἐνανθρωπῆσαι
3586 2059 3684 2127 δη-

2112 2152 2213 2210 λοῖ.
2249 2149 2478 2218 ὕστερον
2508 2149 2566 2201 δὲ
2597 2151 2740 2219 ἡμᾶς
2784 2151 3005 2220 μακρὰν
3032 2150 3194 2211 ὄντας
3218 2149 3369 2217 αὐτῷ
3393 2148 3682 2218 ἑνωθῆναι,

2107 2243 2202 2295 καὶ
2225 2241 2283 2305 ἐξ
2310 2240 2477 2294 αὐτοῦ
2507 2241 2862 2312 ἁγιασθῆναι,
2889 2230 3025 2294 ἀλλὰ.
3062 2242 3158 2295 καὶ
3192 2240 3251 2294 τὸ
3275 2240 3491 2311 πρῶτον
3522 2240 3686 2306 ἁγιά-

2108 2335 2298 2399 ζεσθαι
2326 2334 2418 2386 τὸν
2452 2334 2600 2398 ναὸν,
2635 2329 2753 2387 εἶτα
2789 2334 2937 2404 ἡμᾶς
2967 2334 3037 2388 δι’
3064 2333 3253 2400 αὑτοῦ,
3275 2332 3351 2398 ὡς
3386 2337 3481 2387 καὶ
3522 2337 3581 2387 ἐν
3610 2337 3682 2405 τῇ

2108 2428 2283 2495 σκηνῇ
2336 2427 2554 2495 γέγονε,
2603 2426 2698 2480 καὶ
2752 2427 2831 2495 τῷ
2879 2427 3049 2480 πάλαι
3096 2427 3230 2495 ναῷ,
3264 2427 3297 2481 ἃ
3326 2427 3560 2480 ἐτύπουν
3589 2429 3682 2478 τὸν

2105 2516 2335 2585 Κύριον.
2375 2512 2509 2568 Είτα
2542 2515 2637 2568 τὸν
2663 2517 2785 2569 ναὸν
2830 2516 3143 2587 εἰσέρχεται
3172 2519 3201 2570 ὁ
3228 2518 3409 2588 ἱερεὺς
3444 2517 3681 2587 θυμιῶν.

2101 2606 2279 2673 τιμῶν
2311 2608 2368 2659 ὲν
2399 2607 2577 2677 τούτῳ
2612 2605 2705 2660 τὸν
2754 2606 2909 2668 Θεὸν,
2954 2608 3049 2661 καί¹
3095 2607 3157 2660 τὸ
3204 2607 3372 2661 πάλαι
3425 2606 3680 2677 θυμίαμα

2102 2699 2509 2768 ἐκμιμούμενος
2543 2698 2603 2751 τὸ
2630 2700 2709 2761 είς
2740 2699 2810 2752 τὰ
2846 2700 3018 2767 Ἀγια
3059 2698 3170 2751 τῶν
3207 2701 3403 2767 ἁγίων,
3425 2700 3681 2770 τιμιώτε-

2103 2808 2195 2859 ρος
2220 2789 2295 2843 ὣν
2316 2792 2526 2844 ἐκείνου
2558 2791 2653 2844 τοῦ
2707 2793 2920 2861 ίερέως,
2948 2791 3025 2855 ὡς
3057 2793 3154 2858 τὴν
3186 2795 3347 2864 χάριν
3375 2793 3471 2847 τοῦ
3500 2794 3677 2863 μεγά-

2099 2884 2196 2936 λου
2249 2884 2344 2936 καὶ
2393 2886 2559 2953 μόνου
2599 2884 2899 2954 ἀρχιερέως
2954 2884 3227 2947 πλουτῶν,
3258 2884 3352 2938 τοῦ
3386 2887 3531 2940 κατὰ
3580 2886 3707 2957 τὸν»

2099 2976 2268 3029 τύπον
2299 2977 2658 3048 Μελχισεδέκ.
2690 2978 2855 3031 Ἀλλὰ
2887 2980 2979 3031 καὶ
3003 2979 3079 3041 ὡς
3106 2977 3337 3045 ἄγγελος
3369 2977 3504 3031 Θεοῦ
3542 2994 3679 3029 παν-

2100 3072 2428 3140 τοκράτορος
2451 3072 2479 3123 ὀ
2507 3073 2707 3140 ἱερεὺς,
2736 3071 2878 3124 καθὰ
2893 3072 3225 3140 γέγραπται,
3252 3070 3340 3123 διὰ
3364 3069 3458 3123 τοῦ
3483 3070 3678 3137 θυμιά-

2107 3178 2277 3230 ματος
2298 3165 2390 3214 τὸν
2432 3162 2565 3215 Θεὸν
2597 3162 2976 3232 ἱλασκόμενος,
3015 3162 3207 3233 ὥσπερ
3239 3162 3334 3215 καὶ
3362 3164 3388 3216 ὸ
3423 3160 3555 3224 λαὸς
3586 3160 3675 3213 διὰ

2102 3253 2212 3306 τῶν
2260 3252 2515 3322 ψαλμῶν,
2570 3254 2775 3316 οἵτινες
2821 3255 2917 3306 καὶ
2952 3254 3367 3324 εύχαριστήριοι
3406 3253 3503 3304 καὶ
3558 3251 3675 3303 ίλα-

2103 3343 2317 3415 στήριοί
2367 3349 2475 3399 είσι
2536 3347 2674 3415 πρὸς
2728 3348 2890 3412 Θεὸν,
2916 3349 3012 3400 καὶ
3064 3346 3201 3417 πρὸς
3235 3346 3297 3399 τὸ
3326 3345 3503 3399 ἐλθεῖν
3541 3344 3676 3414 πρὸς

2098 3440 2247 3509 ἡμᾶς
2294 3440 2389 3491 καὶ
2443 3438 2850 3508 ἐμφανισθῆναι
2913 3438 3383 3508 παρακαλοῦντες,
3431 3437 3526 3490 καὶ
3575 3437 3675 3505 τὴν

2098 3531 2375 3584 πολιτείαν
2400 3530 2563 3583 αὑτοῦ
2598 3531 2695 3584 τοῦ
2723 3529 2980 3599 Σωτῆρος
3004 3531 3161 3600 ἡμῶν
3186 3529 3671 3600 προεμφαίνοντες.

2097 3617 2190 3667 καὶ
2225 3616 2460 3684 μάλιστα
2492 3616 2592 3685 τὴν
2640 3611 2879 3685 ἄμωμον
2919 3617 3089 3669 αὑτοῦ
3125 3616 3273 3684 ζωήν
3294 3633 3354 3668 τε
3397 3616 3494 3667 καὶ
3518 3616 3674 3667 πολι-

2094 3707 2246 3759 τείαν
2277 3724 2290 3736 ·
2325 3708 2462 3777 ὅπερ
2508 3708 2695 3776 σαφῶς
2734 3709 2829 3761 καὶ
2859 3709 2888 3760 ὁ
2910 3708 3204 3777 λεγόμενος
3243 3709 3505 3776 Ἀμωμος
3536 3707 3676 3761 ἐκδι-

2093 3801 2283 3854 δάσκει
2305 3818 2321 3835 ’
2354 3807 2448 3854 καὶ
2484 3801 2565 3853 ἔτι
2590 3803 2692 3871 τὴν
2719 3804 2834 3853 τῶν
2882 3800 3056 3869 ἁγίων
3083 3799 3250 3854 αὑτοῦ
3290 3799 3474 3871 βιοτήν
3500 3817 3516 3831 ·
3540 3801 3673 3855 άλὶά

2095 3893 2281 3946 καὶτὰ
2325 3893 2477 3963 πάθη
2520 3893 2618 3947 τοῦ
2666 3894 2921 3963 Σωτῆρος
2951 3894 3050 3947 καὶ
3100 3896 3201 3963 τὴν
3239 3892 3554 3949 ἀνάστασιν.
3583 3892 3673 3944 Διὸ

2094 3986 2190 4037 καὶ
2215 3979 2369 4047 οὗτος
2400 3987 2696 4053 ἐξαιρέτως
2723 3987 2782 4038 εν
2813 4002 2873 4039 τε
2910 3988 3225 4056 Κυριακαῐς
3272 3985 3557 4055 ψάλλεται,
3577 3985 3671 4038 καί

2091 4077 2150 4130 ἒν
2187 4079 2311 4139 ταῖς
2341 4078 2453 4130 τῶν
2485 4079 2659 4145 ἁγίων
2687 4079 2930 4148 μνήμαις
2958 4078 3242 4141 πολλάκις.
3268 4080 3379 4132 Καὶ
3407 4081 3436 4131 ὸ
3461 4078 3671 4145 πρῶτος

2089 4168 2148 4222 δὲ
2184 4167 2403 4237 ψαλμὸς
2440 4170 2538 4222 σὺν
2574 4168 2655 4238 τῷ
2707 4170 2950 4241 δευτέρῳ
2976 4172 3072 4224 καὶ
3117 4175 3307 4242 τρίτῳ,
3332 4170 3394 4223 τὸ
3431 4190 3450 4222 ι
3479 4172 3670 4224 Μακά-

2093 4275 2212 4329 ριος
2266 4260 2405 4329 ἀνήρ
2435 4274 2451 4290 ο
2498 4277 2518 4311 ι
2562 4262 2838 4333 μακάριος
2885 4262 2998 4331 γὰρ
3035 4260 3177 4333 ἀνὴρ
3214 4262 3310 4315 καὶ
3342 4262 3573 4332 ἄμωμος
3611 4265 3667 4314 ὲν

2090 4351 2197 4421 ὁδῷ
2229 4352 2388 4421 μόνος
2415 4354 2445 4404 ὁ
2486 4352 2866 4423 ΣωτήρἛστν
2905 4356 3048 4409 κατὰ
3083 4358 3246 4427 χάριν
3273 4356 3331 4411 δὲ
3356 4356 3551 4409 τούτου
3576 4356 3666 4408 καὶ

414 4444 606 4511 gratia:
641 4442 695 4494 in
730 4442 927 4493 donum
956 4441 1147 4493 habuit
1175 4440 1453 4494 Joannem
1494 4440 1588 4506 qui
1639 4448 1694 4492 et
1730 4439 1990 4505 pradica-

2100 4446 2144 4496 οἱ
2176 4442 2323 4511 ἆγιοι
2356 4445 2542 4499 αὐτοῦ.
2584 4446 2860 4499 Εἰσελθὼν
2887 4443 2980 4500 οὖν
3006 4450 3033 4501 ὁ
3067 4449 3246 4518 ἱερεὺς
3279 4448 3428 4500 ἔνδον
3454 4447 3533 4517 τῷ
3573 4447 3666 4499 θυ-

412 4537 560 4589 tione
584 4544 639 4587 et
664 4533 952 4600 baptismo,
984 4542 1041 4587 et
1092 4533 1203 4586 vita
1259 4540 1315 4585 et
1368 4532 1621 4599 passione
1675 4543 1988 4599 prmciirsor

413 4627 518 4681 fuit
572 4625 871 4678 Salvatoris
931 4626 1103 4679 nostri
1134 4630 1187 4676 et
1243 4621 1360 4687 Dei,
1397 4636 1618 4675 crucem
1657 4622 1880 4689 accipit,
1934 4628 1990 4673 et

410 4716 616 4785 absque
680 4714 948 4783 lampade,
1002 4715 1098 4769 sed
1144 4713 1198 4766 in
1251 4710 1477 4767 silentio
1506 4711 1807 4780 egreditur,
1858 4711 1985 4780 quia

407 4805 569 4862 Jesus
624 4808 764 4861 Deus
817 4817 1026 4868 noster,
1082 4804 1322 4872 impletis
1392 4803 1680 4871 legalibus,
1735 4802 1989 4870 illiusque

411 4913 575 4953 cruce
632 4898 923 4965 praedicata
973 4912 1069 4966 per
1098 4895 1427 4949 documenta
1459 4902 1514 4947 et.
1566 4892 1985 4963 przedicationes

411 4989 822 5059 prophetarum,
849 4989 968 5056 ipse
988 5001 1114 5041 cum
1149 4982 1454 5037 humilitate
1509 4992 1565 5036 et
1598 4983 1717 5038 sine
1746 4991 1987 5037 ostenta-

410 5081 559 5135 tione
588 5082 654 5135 ad
710 5093 813 5133 nos
864 5077 1035 5141 venit,
1071 5075 1352 5144 vitamque
1395 5074 1636 5130 ostendit
1670 5074 1981 5129 cruciﬁxum

408 5179 464 5223 ct
507 5180 697 5225 sancte
741 5176 1113 5224 conversatus
1151 5176 1262 5226 est,
1322 5165 1592 5235 istamque
1644 5179 1769 5218 cum
1822 5181 1986 5219 cruce

409 5262 576 5316 vitam
616 5259 1062 5330 appropinquare
1093 5258 1423 5311 monstravit
1452 5259 1517 5309 ad
1556 5257 1833 5311 caelestem
1862 5274 1985 5325 por-

410 5362 519 5406 tam
557 5365 611 5405 et
646 5356 713 5404 ad
762 5347 1061 5418 angelicam
1110 5349 1605 5402 conversationem.
1637 5348 1986 5418 Quapropter

411 5447 648 5513 impletis
696 5442 953 5495 omnibus
994 5458 1021 5493 n
1071 5444 1355 5511 prophetis
1391 5443 1723 5511 praedicatis,
1760 5443 1983 5496 crucili-

407 5556 514 5595 xus
541 5550 646 5601 est,
681 5550 892 5590 necnon
916 5546 1188 5599 mortuus,
1224 5536 1519 5600 redivivus,
1553 5537 1700 5591 misit
1730 5537 1822 5605 qui
1850 5553 1985 5604 prae-

407 5635 657 5687 dicarent
687 5641 740 5683 et
797 5630 1136 5698 haptizarent
1182 5631 1234 5685 in
1269 5631 1488 5684 nomine
1542 5631 1716 5684 Patris
1765 5642 1820 5682 et
1860 5628 1979 5681 Filii

404 5734 462 5778 et
494 5719 733 5789 Spiritus
791 5725 984 5778 sancti.
1029 5723 1087 5780 Et
1149 5728 1412 5795 quoniam
1473 5724 1768 5779 cruciﬁxus
1821 5722 1979 5776 nobis

2102 4531 2339 4597 μιάματι
2372 4531 2447 4594 ὡς
2480 4533 2561 4594 είς
2607 4535 2676 4586 τὰ
2707 4534 2876 4601 Ἅγια
2914 4534 3024 4586 τῶν
3062 4535 3255 4599 ἁγίων,
3287 4534 3489 4602 μᾶλλον
3516 4533 3571 4586 δι
3600 4535 3666 4585 τὰ

2097 4621 2301 4675 τούτων
2333 4622 2615 4687 ἐπίκοινα,
2642 4625 2746 4676 κάν
2777 4624 2953 4694 τούτῳ
3004 4629 3297 4696 μαρτυρῶν
3326 4625 3388 4677 τὸ
3415 4625 3664 4695 θυμίαμα

2097 4714 2368 4786 Ζαχαρίου
2414 4715 2513 4769 καὶ
2556 4716 2984 4786 ἐκμιμούμενος,
3022 4717 3083 4779 ὃς
3112 4716 3323 4787 θυμιῶν
3361 4721 3419 4772 ὲν
3457 4716 3664 4779 ἀδύτοις

2101 4808 2283 4876 μόνος,
2306 4807 2399 4859 τὸν
2427 4808 2645 4878 κήρυκα
2678 4808 2777 4877 τῆς
2822 4810 3045 4878 χάριτος
3074 4809 3249 4880 δῶρον
3289 4810 3412 4879 ἔσχε
3438 4810 3532 4863 τὸν
3554 4811 3667 4863 Ἰω-

2096 4900 2281 4969 άννην,
2314 4900 2374 4962 ὃς
2406 4900 2722 4970 Πρόδρομος
2756 4896 2826 4971 ἦν
2859 4900 2937 4969 τῷ
2965 4901 3287 4971 κηρύγματι
3328 4902 3425 4954 καὶ
3469 4902 3663 4970 βαπτίο

2097 5007 2262 5057 σματι
2295 4992 2387 5041 καὶ
2412 4993 2480 5059 τῇ
2513 4990 2625 5059 ζιυῇ
2651 4994 2746 5043 καὶ
2776 4990 2854 5059 τῷ
2881 4992 3064 5058 πάθει,
3088 4992 3184 5046 τοῦ
3217 4993 3469 5064 Σωτῆρος
3511 4995 3666 5063 ἡμῶν

2094 5080 2193 5131 καὶ
2226 5079 2383 5141 Θεοῦ,
2412 5080 2503 5131 τὸν
2530 5081 2767 5149 σταυρὸν
2803 5081 3092 5148 λαμόάνει.
3125 5084 3232 5136 Καὶ
3265 5084 3328 5135 ού
3358 5084 3496 5150 μετὰ
3529 5086 3665 5152 λαμ·

2094 5172 2424 5240 προφορίας,
2450 5171 2565 5223 ἀλλ’
2616 5175 2674 5225 εν
2713 5177 2838 5243 σιγῇ
2870 5174 3153 5244 ἆξέρχεται
3173 5190 3188 5204 ·
3220 5174 3304 5227 ὃτι
3329 5176 3425 5227 καὶ
3460 5174 3665 5245 Ἰησοῦς

2092 5265 2121 5314 ὁ
2158 5261 2292 5324 Θεὸς
2345 5261 2508 5331 ἡμῶν
2553 5263 2663 5316 τῶν
2718 5265 2962 5333 νομικῶν
3017 5265 3384 5333 τελουμένων,
3432 5266 3526 5318 καὶ
3568 5265 3660 5318 τοῦ

2098 5356 2337 5425 σταυροῦ
2368 5357 2532 5410 αὑτοῦ
2579 5363 3104 5430 προκηρυττομένου
3139 5361 3228 5415 διὰ
3260 5361 3369 5413 τῶν
3406 5362 3663 5435 παθημά-

2093 5463 2202 5499 των
2244 5448 2339 5498 καὶ
2389 5451 2765 5516 κηρυγμάτων
2810 5452 2917 5503 τῶν
2968 5454 3284 5522 προφητῶν,
3325 5452 3488 5515 αὐτὸς
3524 5454 3663 5521 μετὰ

2093 5538 2477 5601 ταπεινώσεως
2513 5545 2609 5593 καὶ
2635 5544 2697 5594 οὐ
2733 5546 3039 5611 φαντασίας
3073 5545 3211 5613 πρὸς
3237 5546 3385 5614 ἡμᾶς
3404 5541 3662 5614 ἧλθε,καὶ

2093 5630 2343 5693 ὑπέδειξε
2373 5631 2472 5700 τὴν
2501 5633 2929 5703 ὲσταυρωμένην
2954 5635 3121 5706 ζωὴν,
3153 5639 3245 5689 καὶ
3276 5637 3449 5704 άγίως
3483 5635 3661 5689 ἐπολι-

2090 5721 2344 5786 τεύσατο,
2380 5725 2476 5775 καὶ
2529 5724 2859 5795 ἐγγίζουσαν
2914 5728 3081 5795 ἔδειξε
3116 5731 3181 5799 τῇ
3233 5728 3472 5800 οὐρανίῳ
3508 5727 3648 5800 πύλῃ
3746 5756 3757 5764 ο
