4046 6472
423 309 532 374 645

1628 322 1724 380 DE
1754 323 1840 381 SA
1852 322 1995 382 CBA
2045 321 2550 386 PRECATIONE.

3577 315 3686 380 65.6

414 425 521 479 ’καὶ
582 424 849 497 ἀγγελικῇ
909 427 1156 498 πολιτείᾳ
1198 431 1296 499 τὴν
1331 429 1466 495 μετὰ
1516 431 1753 501 σταυροῦ
1785 433 1996 500 ταύτην

2108 443 2228 500 post
2280 432 2730 486 resurrectionem
2790 447 2912 482 (um
2951 429 3273 483 vulneribus
3325 431 3598 497 apparuit,
3628 440 3684 484 ct

422 514 618 586 Cmﬁv.’
640 520 731 570 Διδ
763 521 859 572 καὶ
901 521 1041 589 μετὰ
1079 522 1140 574 τὸ
1195 521 1412 574 τελέσαι
1459 523 1640 576 πάντα
1671 526 1740 576 τὰ
1771 526 1861 578 διὰ
1893 525 2000 577 τῶν

423 607 724 674 προφητῶν
760 607 1129 676 κηρυχθέντα,
1182 611 1546 679 ἐσταύρωται,
1581 615 1674 666 καὶ
1713 614 2002 668 ἀποθανὼν

424 699 518 750 καὶ
567 699 832 762 ἀναστὰς,
881 703 1166 755 ἀπέστειλε
1221 703 1517 772 κηρύττειν
1571 709 1664 758 καὶ
1719 705 2004 775 βαπτίζειν

423 792 503 852 εἰς
554 791 615 842 τὸ
670 792 841 860 ὄνομα
899 794 994 844 τοῦ
1056 795 1293 863 ιῐατρδς,
1327 800 1422 849 καὶ
1459 798 1552 849 τοῦ
1591 799 1746 861 Υξοῦ,
1774 799 1869 852 καὶ
1903 799 2000 851 τοῦ

423 881 580 946 ἁγίου
620 881 959 950 Πνεύματος.
1023 885 1129 935 Καὶ
1185 884 1273 936 διὰ
1327 886 1483 938 τοῦτο
1521 887 1649 956 τρία
1700 888 2002 939 ἁνάπτεται

424 972 576 1036 φῶτα
616 972 694 1042 τῷ
724 974 889 1042 τιμίῳ
929 975 1169 1044 σταυρῷ.
1201 977 1311 1029 Καὶ
1353 978 1537 1046 ἐπειδὴ
1585 980 1826 1042 ἀναστὰς
1869 981 2000 1048 ἡμῖν

424 1067 841 1135 ἐσταυρωμένος
870 1067 956 1118 διὰ
1008 1068 1115 1119 τῶν
1163 1068 1404 1120 ὠτειλῶν
1438 1069 1616 1140 ὤφθη,
1643 1073 1734 1124 καὶ
1771 1074 1850 1132 εἰς
1908 1074 2000 1125 τὸν

426 1161 656 1228 οὐρανὸν
710 1161 1031 1230 ἀνελήλυθε,
1108 1164 1204 1214 καὶ
1290 1165 1435 1232 ἡμᾶς
1467 1165 1854 1233 συνεισήγαγε,
1906 1167 1998 1218 τοῦ

428 1251 660 1321 σταυροῦ
694 1251 858 1304 αὐτοῦ
889 1252 1050 1304 τοῦτο
1078 1253 1367 1322 δηλοῦντος
1394 1254 1533 1324 μετὰ
1558 1255 1652 1307 τοῦ
1675 1257 1999 1326 ἀρχιερέως,

423 1347 515 1399 τοῦ
543 1346 730 1416 ἱερέως
762 1345 927 1398 αὐτὸν
951 1346 1041 1399 τὸν
1077 1349 1309 1416 σταυρδν
1335 1349 1678 1416 κατέχοντος,
1705 1350 1802 1403 καὶ
1827 1351 2002 1403 ᾶπαν-

423 1455 511 1500 τες
541 1438 978 1508 συνεισέρχονται
1010 1455 1025 1470 ·
1059 1439 1137 1490 ὅτι
1163 1440 1326 1501 αὐτὸς
1358 1443 1493 1510 ἡμῖν
1524 1441 1859 1493 ἐνεκαίνισεν
1883 1441 2000 1494 όδέιν

427 1530 739 1598 πρόσφατον
793 1529 880 1582 διὰ
939 1529 1033 1581 τοῦ
1086 1533 1586 1600 καταπετάσματος
1644 1533 1744 1599 τῆς
1799 1532 2000 1599 σαρκὸς

422 1621 610 1684 αὑτοῦ,
640 1623 734 1674 καὶ
748 1622 815 1674 δι’
833 1623 999 1674 αὐτοῦ
1027 1623 1263 1692 εὕρομεν
1286 1625 1384 1689 τὴν
1414 1623 1618 1676 εἴσοδον
1638 1627 1718 1688 εἰς
1747 1625 1816 1676 τὰ
1845 1627 1998 1688 ἆγια·

419 1714 514 1766 καὶ
547 1716 708 1776 αὐτος
753 1715 972 1783 εἰσῆλθε
1011 1716 1266 1785 μέγιστος
1303 1715 1378 1768 ὢν
1411 1718 1701 1785 ἀρχιερεὺς
1736 1717 1883 1780 ἅπαξ
1920 1720 1997 1779 εἰς
2033 1771 2070 1792 ,ι

419 1807 487 1858 τὰ
522 1807 675 1874 ἆγια,
707 1808 935 1860 αἰωνίαν
987 1809 1256 1877 λύτρωσιν
1313 1809 1617 1876 εὑράμενος
1672 1811 1804 1878 ἡμῖν
1829 1812 1856 1861 ό
1889 1813 1999 1861 Λυο

420 1902 653 1968 τρωτής.
683 1899 838 1952 Οῦτω
875 1901 973 1970 μὲν
1018 1896 1111 1952 οὖν
1161 1901 1525 1969 εἰσερχόμεθα
1560 1901 1658 1952 σὺν
1708 1902 1878 1971 αὐτῷ,
1902 1904 1995 1955 τὸν

419 1991 722 2058 ὀνειδισμὸν
769 1991 934 2044 αὐτοῦ
989 1993 1270 2061 φέροντες,
1295 1994 1354 2046 ὃν
1406 1991 1609 2045 ἔπαθεν
1644 1993 1786 2062 ὑπὲρ
1836 1995 2033 2062 ήμῶνε

418 2082 578 2142 αὐτὸς
612 2084 712 2151 τῆς
746 2083 1101 2153 Ἰερουσαλήμ
1153 2084 1370 2148 ἔξωθεν.
1412 2086 1513 2136 Διὰ
1542 2084 1700 2136 τοῦτο
1735 2087 1827 2137 καὶ
1858 2086 1996 2150 ἔξω·

421 2174 509 2225 θεν
537 2173 630 2226 τοῦ
661 2175 791 2226 ναοῦ
829 2177 856 2226 ό
892 2177 1127 2244 σταυρδς
1167 2175 1333 2228 αὑτοῦ
1381 2178 1609 2246 φέρεται
1631 2192 1644 2206 ⁸
1677 2177 1766 2230 ἵνα
1793 2177 1868 2240 ὡς
1890 2194 1998 2230 πα-

423 2266 604 2329 θόντος
636 2266 800 2320 αὐτοῦ
833 2269 924 2320 καί
955 2268 1232 2331 θλιΰέντος
1281 2269 1480 2328 ἔξωθεν
1508 2269 1617 2321 διὰ
1663 2270 1756 2323 τὸν
1797 2269 2000 2323 ἔσωθεν

431 2356 526 2423 τῆς
568 2355 733 2426 Ἐδὲμ
782 2358 1149 2428 πειρασθέντα
1178 2377 1236 2410 τε
1269 2360 1362 2412 καὶ
1397 2361 1752 2430 νενικημένον
1775 2363 1872 2413 καὶ
1919 2377 2005 2414 τε-

434 2445 811 2515 θανατωμένον
865 2449 1036 2517 Ἀδὰμ
1095 2449 1251 2518 251
1323 2451 1418 2502 καὶ
1476 2449 1748 2514 ὲξωθέντα
1807 2451 2001 2520 αὐτῆς,

431 2539 590 2606 ήμεῖς
631 2538 776 2592 ἔνδον
815 2541 1146 2610 εἰσέλθωμεν
1195 2543 1284 2594 διὰ
1342 2544 1435 2594 τοῦ
1495 2541 1761 2604 παθόντος
1804 2543 2004 2606 ἔξωθεν

431 2631 529 2699 τῆς
574 2631 931 2701 Ἰερουσαλὴμ
975 2633 1170 2702 Ἰησοῦ,
1205 2640 1298 2685 καὶ
1336 2635 1432 2686 σὺν
1463 2633 1612 2702 αὐτῷ
1661 2632 1734 2695 ὡς
1795 2634 2006 2700 βασιλεῖ

2112 525 2165 578 in
2199 525 2398 578 caelum
2430 524 2697 588 ascendit,
2722 538 2932 592 nasque
2957 523 3328 590 congregavit,
3361 538 3527 576 cruce
3563 523 3684 592 ejus

2108 625 2222 670 tum
2251 619 2355 672 hoc
2387 618 2732 686 signiﬁcante
2768 632 2892 670 cum
2927 619 3207 684 pontilice,
3246 616 3530 670 sacerdote
3561 631 3686 668 cru-

2107 725 2223 765 cem
2255 710 2400 762 illam
2444 717 2722 778 portante,
2761 722 2952 760 omnes
2985 707 3386 774 ingrediuntur,
3421 708 3681 776 quoniam

2107 803 2220 868 ipse
2255 803 2415 855 nobis
2445 804 2657 869 aperuit
2698 802 2838 854 viam
2875 814 3071 852 novam
3097 816 3192 868 per
3225 801 3468 853 velamen
3500 799 3683 851 carnis

2106 912 2238 959 suae,
2275 904 2326 947 et
2367 911 2460 963 per
2502 910 2623 948 eum
2663 895 2975 947 invenimus
3024 879 3324 961 ingressum
3370 893 3423 944 in
3465 898 3682 953 sani-ta,

2104 998 2160 1041 et
2191 989 2302 1055 ipse
2336 1003 2423 1040 ma
2446 989 2623 1040 ximus
2667 1002 2789 1040 vere
2844 985 3082 1054 pontifex
3119 983 3362 1035 introivit
3415 982 3579 1033 semel
3628 981 3681 1032 in

2105 1090 2293 1130 sancta
2336 1079 2666 1144 redemptor,
2721 1087 2920 1128 acterna
2972 1075 3131 1126 nobis
3173 1075 3544 1140 redemptione
3600 1074 3678 1122 in-

2105 1183 2265 1223 venta
2325 1168 2493 1239 Igitur
2550 1171 2621 1222 ita
2676 1169 2894 1237 quidem
2931 1167 3270 1234 ingredimur
3300 1181 3423 1218 cum
3460 1179 3547 1226 eo,
3587 1165 3687 1216 im-

2105 1261 2420 1328 properiuin
2472 1259 2587 1327 ejus
2642 1267 2922 1326 portantes
2973 1257 3117 1324 quod
3154 1271 3251 1322 pro
3287 1255 3447 1307 nobis
3492 1268 3686 1318 passus

2106 1359 2184 1403 est
2244 1347 2774 1412 extra,Jernsa|em.
2819 1347 2942 1401 Ideo
2995 1349 3159 1400 etiam
3218 1357 3372 1398 extra
3425 1335 3722 1413 templum~

2103 1456 2238 1494 crux
2277 1441 2397 1509 ejus
2429 1442 2624 1504 fertur,
2657 1452 2712 1492 ut
2737 1455 2901 1508 quum
2939 1440 3026 1492 ille
3060 1453 3252 1505 passus
3284 1446 3366 1491 est
3394 1446 3447 1491 et
3474 1437 3697 1490 contri-'

2108 1544 2194 1586 tus
2229 1545 2379 1603 extra
2416 1543 2630 1601 propter
2673 1532 2844 1585 Adam
2885 1531 3024 1584 intra
3085 1531 3252 1584 Edem
3303 1540 3595 1596 tentatum,
3629 1537 3684 1582 et

2105 1625 2307 1674 victum
2345 1632 2506 1690 atque
2559 1622 2903 1674 interfectum
2961 1635 3025 1673 ac
3062 1621 3188 1673 inde
3233 1621 3544 1687 expulsum,
3580 1634 3685 1673 nos

2109 1716 2256 1768 intus
2280 1715 2615 1767 introeauius
2633 1729 2724 1781 per
2741 1711 2928 1767 Iesum
2947 1712 3413 1767 extraJcrusalem
3438 1726 3683 1780 passum,

2105 1822 2312 1858 necnon
2351 1821 2474 1859 cum
2516 1820 2581 1858 eo
2643 1813 2831 1872 utpote
2866 1804 3136 1857 caelorum
3199 1820 3324 1873 rege
3374 1804 3427 1855 in
3483 1804 3683 1857 coelum

2103 1913 2514 1966 congregemur.
2569 1897 2727 1950 Tales
2773 1907 2901 1950 sunt
2955 1897 3115 1950 cilicii
3189 1896 3443 1952 matutini
3524 1897 3685 1950 ritus.

2110 1987 2269 2042 Facta
2320 1998 2496 2041 autem
2572 1989 2803 2044 lectione
2859 1999 2910 2041 et
2984 1993 3284 2058 praesertim
3348 1989 3683 2042 lectiuncula

2110 2077 2491 2133 Inanil‘estaute
2511 2096 2710 2148 agones
2739 2095 2926 2134 eorum
2963 2080 3055 2148 qui
3113 2096 3210 2146 pro
3261 2079 3482 2134 Christo
3534 2079 3681 2146 passi

2103 2180 2254 2234 sunt,
2293 2173 2376 2224 vel
2435 2189 2497 2226 ea
2524 2189 2645 2240 qua;
2680 2173 2744 2225 ad
2796 2170 2996 2226 festum
3062 2187 3362 2226 occurrens
3408 2182 3682 2240 spectant,

2105 2264 2186 2314 vel
2219 2273 2340 2315 acta
2384 2279 2572 2316 eorum
2604 2264 2698 2332 qui
2742 2271 2932 2318 sancte
2966 2265 3017 2316 in
3068 2263 3289 2318 Christo
3335 2263 3682 2317 dormierunt

2103 2354 2222 2421 ejus
2258 2365 2487 2408 I'nortem
2515 2365 2563 2409 et
2593 2355 3060 2408 resurrectionem
3091 2355 3313 2420 imitati,
3350 2370 3571 2408 rursum
3625 2356 3686 2408 iit

2104 2448 2390 2499 continens
2413 2447 2609 2512 oratio,
2635 2456 2686 2500 et
2712 2447 2956 2514 psalmus
2978 2445 3265 2500 nl'liscrere
3298 2447 3423 2511 mei,
3456 2447 3596 2502 Deus
3633 2465 3680 2505 υ

2105 2555 2228 2592 cum
2287 2539 2555 2592 versiculo
2609 2537 2916 2591 intercalari
2961 2548 3014 2591 et
3049 2541 3324 2592 modulato
3381 2538 3680 2605 psallitur;

2107 2635 2250 2700 quod
2285 2634 2757 2702 πεντηκοστάριον
2799 2633 3024 2686 dicitur.

443 2719 552 2773 τῶν
576 2726 823 2794 οὐρανῶν
845 2729 922 2787 εἱς
949 2727 1037 2778 τὸν
1059 2729 1288 2796 οὖρανὶν
1321 2727 1755 2795 συνανέλθωμεν.
1782 2727 2021 2779 Τοιαῦτα
2062 2729 2152 2778 καὶ
2197 2728 2266 2778 τὰ
2306 2726 2397 2777 τοῦ
2454 2726 2672 2796 ὄρθρου.
2716 2723 3101 2791 ’Λναγνὼσεως
3153 2724 3207 2776 δὲ
3251 2725 3522 2794 τιοεῑσης,
3573 2725 3670 2778 καὶ

430 2817 670 2883 μάλιστα
717 2818 812 2871 τοῦ
859 2819 1203 2887 συναξαρίου,
1235 2818 1303 2870 τὰ
1355 2820 1465 2872 τῶν
1523 2820 1805 2873 παθόντων
1867 2819 2004 2888 ὑπὲρ
2038 2821 2275 2888 Χριστοῦ
2305 2819 2610 2886 δηλοῦντος,
2643 2821 2675 2888 ἢ
2705 2821 2770 2871 τὰ
2799 2821 2926 2888 περὶ
2969 2819 3071 2884 τῆς
3134 2818 3494 2887 ἐνισταμένης
3551 2819 3675 2887 ἐορ-

429 2911 549 2980 τῆς,
593 2915 625 2984 ἢ
676 2915 742 2968 τὰ
777 2917 882 2968 τῶν
920 2913 1317 2968 τελειωθέντων
1353 2914 1518 2974 ὁσίως
1546 2913 1632 2964 διὰ
1663 2913 1918 2980 Χριστὸν,
1952 2911 2000 2963 οἳ
2041 2911 2132 2962 τὸν
2164 2914 2504 2966 ἀποθανόντα
2531 2916 2621 2966 καὶ
2645 2916 2953 2967 ἀναστάντα
3008 2915 3243 2980 Χριστὸν
3313 2913 3682 2984 ἐμιμήσαντο,

423 3007 586 3060 πάλιν
619 3010 898 3079 ήέκτενὴς
927 3012 1136 3076 γενεται
1168 3011 1388 3078 δέησις’
1415 3009 1508 3061 καὶ
1534 3009 1613 3073 τὸ,
1656 3027 1674 3059 ι
1736 3005 1990 3075 Ἐλέησόν
2036 3011 2172 3077 με,ό
2208 3009 2360 3071 Θεὸς,
2407 3028 2424 3060 ι
2489 3010 2628 3077 μετὰ.
2687 3010 2948 3079 ἁρμοδίου
2998 3006 3319 3076 ὑποψάλμου
3382 3009 3589 3079 ᾄδεται,
3647 3011 3676 3064 ὃ

423 3103 883 3176 πεντηκοστὰριον
916 3107 1153 3172 λέγεται.

979 3200 1019 3248 Κ
1035 3199 1225 3251 ΕΦΑΛ.
1251 3197 1429 3252 TNA'.

688 3289 824 3356 Περὶ
853 3290 958 3342 τοῦ
1000 3289 1412 3355 πεντηκοστοῦ
1443 3290 1710 3356 ψαλμοῦ.

491 3380 959 3450 Πεντηκοσταριον
1021 3380 1098 3444 δὲ,
1147 3382 1227 3432 ὅτι
1278 3384 1370 3432 καὶ
1412 3382 1438 3431 ὀ
1478 3381 1692 3449 ψαλμὸς
1731 3395 1999 3448 πεντηκο-

419 3477 566 3539 στός.
609 3476 718 3527 Καὶ
769 3473 924 3536 οὗτος
952 3474 1025 3534 ὡς
1072 3473 1165 3525 ἐπὶ
1207 3473 1284 3542 τῷ
1319 3474 1482 3539 φόνου
1528 3473 1840 3542 ἐγκλήματι
1898 3471 1995 3525 τοῦ

419 3566 584 3619 dubie
603 3567 696 3617 καὶ
729 3567 797 3635 τῇ
831 3565 1049 3632 μοιχείᾳ
1072 3564 1280 3634 ῥηθεὶς,
1318 3561 1578 3629 ἁρμόδιος
1615 3561 1753 3630 πρὸς
1784 3560 1997 3621 πάντας

421 3655 648 3724 βροτοὺς
684 3654 951 3719 εὐσεϐεῖς,
990 3655 1064 3715 ὡς
1093 3655 1384 3723 μετανοίας
1429 3653 1648 3722 ψαλμός
1677 3669 1691 3682 ·
1726 3653 1820 3705 καὶ
1859 3651 1999 3722 μᾶλ-

416 3751 506 3800 λον
527 3747 606 3815 τῷ
645 3745 878 3816 ἀρχηγῴ
907 3745 1003 3798 τοῦ
1036 3749 1229 3813 γένους
1256 3745 1448 3815 Ἀδὰμ,
1488 3746 1848 3814 πεφονευκότι
1869 3746 1997 3796 ἐαυ-

414 3841 508 3891 τόν
533 3857 590 3892 τε
628 3841 725 3893 καὶ
781 3840 990 3902 πάντας
1042 3841 1318 3906 γηγενεῖς,
1353 3839 1447 3892 καὶ
1505 3837 1756 3908 μοιχείαν
1791 3838 2000 3889 τετελει-

416 3935 560 3997 κνέτι,
591 3933 666 3995 ὡς
712 3932 772 3984 τὸ
809 3933 884 4000 μὴ
915 3933 1200 4000 δεδομένον
1253 3934 1330 3994 εἰς
1367 3933 1580 4001 τροφὴν
1634 3931 1784 4001 αὐτῴ
1835 3931 1995 3996 ξύλον

414 4027 665 4092 φαγόντι,
699 4023 793 4077 καὶ
820 4024 1061 4076 ἱσοθεῖαν
1100 4023 1414 4092 νοσήσαντι,
1444 4023 1511 4094 ἢν
1567 4024 1669 4075 οὐκ
1703 4020 1817 4091 εἶχε
1851 4021 1994 4075 κατά

415 4117 598 4186 φύσιν.
631 4117 705 4170 Οὐ
734 4119 841 4186 γὰρ
881 4117 1015 4180 Θεὸς
1069 4113 1160 4186 ἦν,
1199 4117 1339 4170 ἀλλὰ
1389 4118 1620 4186 κτίσμα,
1685 4119 1782 4169 καὶ
1824 4119 1994 4168 πᾶσιν

413 4211 727 4279 ἀνθρώποις
777 4213 981 4280 ὁμοίως
1038 4211 1297 4264 πταίουσι
1351 4212 1650 4281 προσήκων
1707 4208 1846 4262 ἐστί.
1902 4208 1996 4260 Διὸ

415 4306 510 4359 καὶ
545 4300 700 4368 οὗτος
724 4305 752 4357 ό
775 4304 990 4374 ψαλμὸς
1021 4305 1128 4373 προ
1186 4305 1388 4366 παντὸς
1426 4304 1616 4375 ᾄδεται
1674 4305 1732 4356 ὲν
1761 4304 1828 4372 τῇ
1860 4301 1992 4355 Ἐκ-

415 4399 634 4468 κλησίᾳ,
668 4398 760 4450 τὸν
792 4398 938 4449 ἔλεον
979 4397 1117 4449 Θεοῦ
1165 4397 1594 4465 ἐκκαλούμενος,
1649 4398 1745 4448 καὶ
1796 4397 1994 4462 ἄφεσιν

413 4491 720 4560 ἁμαρτιῶν,
763 4490 859 4542 καί
887 4491 1119 4556 καρδίαν
1152 4491 1408 4555 καθαρὰν
1452 4489 1834 4556 ἐξαιτούμενος
1858 4490 1990 4556 κτή-

413 4586 630 4636 σασθαι·
689 4587 786 4636 καὶ
839 4585 902 4635 τὸ
954 4585 1179 4649 Πνεῦμα
1239 4582 1300 4635 τὸ
1351 4582 1506 4648 ἅγιον
1579 4582 1994 4646 ὲγκαινισθῆναι

409 4682 563 4745 ἡμῖν,
594 4679 734 4744 ὅπερ
769 4677 1138 4745 ἀπωλέσαμεν
1177 4677 1559 4745 μολυνθέντες,
1607 4678 1699 4726 καὶ
1746 4675 1821 4744 μὴ
1853 4677 1995 4726 ἁπο-

411 4773 601 4838 στῆναι
635 4769 797 4841 ήμῶν
853 4770 1010 4822 τοῦτο
1047 4770 1322 4822 δυσωπεῖ·
1374 4771 1470 4822 καὶ
1532 4769 1757 4836 Πνεῦμα
1805 4787 1992 4820 συντε-

408 4864 717 4931 τριμμένον
747 4862 822 4922 ὡς
857 4862 1049 4913 θυσίαν
1105 4863 1398 4929 προσάγει,
1457 4859 1659 4929 δηλαδὴ
1692 4861 1788 4930 τὴν
1830 4864 1995 4929 μετὰ·

413 4972 584 5015 νοιαν,
611 4953 732 5005 ἀντὶ
758 4954 858 5020 τῆς
885 4952 1122 5013 παλαιᾶς
1152 4954 1206 5014 ἐξ
1259 4953 1472 5019 ἀλόγων
1503 4954 1692 5014 θυσίας
1721 4971 1734 4984 ·
1760 4951 1994 5006 ἐνταῦθα

411 5051 482 5096 ’τα
518 5045 610 5098 τοῦ
641 5045 972 5112 Ιὲὑαγγελίου
1010 5046 1406 5113 προσημαίνων
1453 5045 1550 5096 καὶ
1620 5046 1866 5113 ἀναιρῶν
1929 5046 1995 5097 τὰ

413 5144 637 5206 impasci,
669 5139 744 5200 ὼς
773 5139 977 5207 σκιώδη
1009 5137 1269 5190 τελοῦντα
1317 5139 1411 5189 καὶ
1441 5138 1630 5205 ἀτελῆ.
1665 5141 1740 5189 Οὐ
1768 5140 1875 5209 γὰρ
1907 5139 1995 5190 διὰ

412 5229 551 5293 gum
611 5231 808 5296 ἀλόγου
863 5230 1235 5298 προσαγωγῆς
1294 5229 1518 5280 δυνατὸν
1591 5229 1834 5297 σωθῆναι
1905 5230 1994 5280 τὸν

418 5324 608 5390 λογικῇ
639 5323 785 5390 ψυχῇ
818 5324 1126 5390 χρώμενον,
1153 5323 1200 5371 εξ
1260 5321 1333 5388 μὴ
1396 5322 1483 5372 διὰ
1524 5319 1730 5389 ταύτης
1763 5327 1999 5387 ἐπανορ·

416 5415 620 5484 θωθείη
681 5415 843 5465 πάλιν
878 5414 977 5481 τῆς
1013 5413 1213 5481 ψυχῆς.
1268 5406 1448 5481 Ὅπερ
1502 5413 1617 5463 ἐστὶ
1656 5414 1995 5482 μετανοῆσαι

409 5505 740 5575 ὁλοσχερῶς,
805 5508 904 5558 καὶ
961 5506 1153 5556 θυσίαν
1211 5505 1326 5556 ἀνθ’
1362 5504 1562 5556 ἑαυτοῦ
1621 5511 1996 5573 προσαγαγεῖν

413 5598 699 5667 ἄνθρωπον
727 5598 1138 5667 ἀναμάρτητον,
1194 5598 1250 5658 ὃς
1305 5597 1454 5647 ἐστιν
1496 5595 1705 5665 Ἰησοῦς
1761 5598 1998 5665 Χριστὸς

417 5693 444 5738 ό
482 5689 573 5740 τοῦ
603 5689 737 5741 Θεοῦ
795 5689 922 5750 Υἱὸς
977 5690 1119 5757 ὑπὲρ
1173 5688 1334 5756 ήμῶν
1394 5688 1850 5755 ὲνανθρωπήσας,
1902 5690 1998 5740 καὶ

417 5778 603 5830 θυσξαν
657 5778 851 5831 ἑαυτὸν
884 5778 1226 5846 οἰκειοτάτην
1287 5775 1428 5844 ὑπὲρ
1465 5774 1723 5828 ἁπάντων
1779 5774 1980 5840 διδοὺς,

2629 3191 2859 3246 CAPUT
2919 3191 3140 3246 CCCLl.

2493 3285 2558 3337 De
2597 3285 2800 3351 psalmo
2855 3285 3302 3355 quinquagesimo.

2174 3375 2341 3428 Porro
2373 3378 2846 3444 πεντηκοστὰριον
2884 3379 3216 3444 appellatur,
3270 3379 3399 3445 quia
3436 3379 3682 3448 psalmus

2101 3481 2184 3523 est
2231 3471 2722 3539 quinquagesimus
2753 3489 2767 3532 ;
2799 3474 2890 3540 qui
2934 3483 3119 3539 utpote
3149 3471 3216 3526 de
3257 3484 3411 3527 reatu
3450 3474 3683 3530 homici-

2107 3564 2367 3618 diiDavid
2393 3565 2622 3633 ejusque
2655 3566 2922 3620 adulterio
2955 3566 3338 3633 pronuntiatus
3373 3580 3522 3621 recte
3555 3582 3680 3622 om-

2102 3662 2262 3715 nibus
2301 3663 2406 3728 piis
2454 3659 2767 3713 hominibus
2804 3659 3225 3725 utpoenitentiaz
3258 3660 3503 3727 psalmus
3542 3675 3681 3715 con-

2105 3755 2342 3817 venit,et
2378 3755 2429 3805 in
2457 3751 2655 3821 primis
2674 3750 2838 3818 capiti
2875 3750 3091 3818 generis
3119 3750 3293 3803 Adam
3329 3751 3420 3818 qui
3473 3751 3579 3805 sibi
3626 3759 3683 3806 et

2101 3844 2358 3899 omnibus
2398 3844 2632 3913 posteris
2682 3843 2801 3911 ejus
2838 3851 3066 3896 mortem
3105 3844 3307 3907 intulit,
3370 3854 3426 3898 et
3465 3843 3678 3900 adulte-

2104 3938 2250 3990 rium
2289 3938 2623 4006 perpetravit
2673 3935 3050 3991 manducando
3075 3937 3140 3991 de
3168 3936 3311 4007 ligno
3344 3937 3489 4004 quod
3530 3940 3580 3992 ei
3617 3940 3672 3992 in

2101 4044 2282 4083 escam
2313 4028 2498 4081 datum
2533 4042 2642 4081 non
2680 4025 2879 4092 fuerat,
2927 4037 3093 4096 atque
3155 4027 3248 4083 Dei
3286 4028 3671 4083 similitudinis

2098 4118 2371 4173 desiderio
2389 4119 2676 4188 mgrotavit
2698 4133 2862 4188 quam
2879 4119 3181 4173 secundum
3198 4131 3444 4173 naturam
3465 4134 3574 4173 non
3591 4120 3683 4174 ha-

2101 4210 2240 4274 buit,
2261 4225 2426 4281 quum
2459 4211 2603 4264 Deus
2624 4225 2732 4263 non
2753 4217 2920 4276 esset,
2953 4208 3046 4263 sed
3077 4217 3327 4264 creatura
3353 4225 3369 4275 ;
3394 4225 3501 4278 qua
3525 4210 3682 4280 δεδι-ἰὼ

2101 4307 2289 4360 tudine
2326 4307 2573 4360 laborant
2598 4321 2789 4362 omnes
2815 4305 3070 4361 similiter
3115 4306 3516 4374 delinquentes.
3555 4306 3680 4360 Ideo

2099 4399 2343 4465 psalmus
2367 4397 2467 4452 iste
2489 4407 2614 4451 ante
2643 4411 3044 4464 quemcumque
3071 4396 3124 4448 in
3151 4395 3392 4450 Ecclesia
3420 4404 3678 4450 cantatur

2105 4489 2194 4541 Dei
2223 4494 2487 4544 invocans
2521 4489 2958 4543 misericordiam
2989 4499 3043 4542 et
3077 4491 3456 4545 remissionem
3491 4507 3684 4559 pecca-

2106 4591 2310 4643 torum,
2337 4596 2612 4648 oransque
2645 4589 2703 4633 ut
2731 4596 2827 4634 cor
2861 4581 3127 4634 mundum
3159 4591 3400 4646 creetur,
3433 4591 3683 4636 sanctus-

2104 4687 2211 4741 que
2242 4673 2477 4740 Spiritus
2509 4681 2800 4725 renovetur
2829 4672 2884 4724 in
2921 4673 3099 4736 nobis,
3134 4689 3295 4741 quem
3318 4683 3540 4740 peccato
3569 4687 3682 4724 ma-

2106 4766 2268 4818 culati
2305 4767 2701 4831 amiseramus;
2730 4776 2781 4819 et
2807 4767 3055 4819 obsecrat
3093 4775 3149 4819 ut
3182 4767 3269 4819 ille
3295 4782 3322 4818 a
3357 4766 3512 4820 nobis
3570 4784 3680 4820 non

2106 4859 2696 4925 :ml‘eratur;spiritum
2734 4869 2914 4909 autem
2947 4859 3244 4910 contritum
3299 4856 3457 4910 olIert
3507 4857 3558 4909 in
3593 4871 3683 4911 sa-

2101 4952 2392 5012 crilirium,
2432 4937 2682 5004 videlii-et
2721 4950 3094 5018 pwnitentiam
3150 4950 3268 5003 loco
3305 4949 3503 5003 veteris
3542 4949 3681 5003 irra-

2103 5041 2448 5095 tionabilinm
2482 5042 2757 5106 sacrilicii,
2818 5042 2942 5095 inde
3005 5041 3312 5110 evangelica
3356 5040 3678 5111 praesignifi-

2104 5148 2241 5186 cans
2271 5142 2326 5186 et
2357 5133 2548 5201 legalia
2578 5133 2835 5187 auferens
2865 5141 3050 5200 utpote
3076 5131 3373 5202 caliginosa
3399 5144 3453 5186 et
3484 5134 3681 5202 imper-

2108 5227 2246 5276 lecta
2280 5240 2294 5276 :
2331 5240 2435 5288 non
2469 5225 2614 5276 enim
2655 5224 2913 5291 possibile
2964 5234 3044 5278 est
3123 5239 3220 5292 per
3276 5225 3474 5277 animal
3541 5223 3684 5277 irra-

2109 5316 2310 5368 tionale
2347 5316 2555 5369 salvum
2590 5317 2702 5368 lieri
2736 5317 3061 5369 rationalem
3089 5317 3329 5370 animam
3365 5316 3682 5378 habentem,

2103 5410 2203 5460 nisi
2248 5423 2438 5459 rursus
2467 5422 2560 5474 per
2599 5409 2740 5460 hanc
2781 5409 2868 5460 ani
2895 5425 3018 5460 nam
3061 5413 3393 5477 corrigatur.
3417 5407 3562 5477 quod
3593 5418 3685 5461 est

2101 5499 2391 5564 perfectam
2433 5498 2609 5550 facere
2641 5500 3038 5565 pcenitentiam,
3076 5510 3129 5553 et
3152 5501 3203 5553 in
3232 5499 3561 5555 sacriﬁcium
3581 5514 3682 5566 pro

2099 5592 2393 5657 semetipso
2432 5589 2627 5644 offerre
2685 5592 2959 5645 hominem
3024 5609 3050 5644 a
3091 5604 3316 5660 peccato
3350 5592 3682 5656 imnmuem,

2101 5699 2292 5752 nempe
2327 5681 2516 5737 Jesum
2561 5684 2838 5736 Christum
2880 5686 2969 5737 Dei
3011 5683 3206 5737 Filium
3260 5698 3358 5751 pro
3393 5683 3549 5735 nobis
3597 5682 3679 5734 in-

2094 5789 2398 5843 carnatum,
2425 5777 2516 5849 qui
2541 5778 2897 5848 semetipsum
2921 5779 3152 5832 hostiam
3184 5776 3678 5846 peunliarissiiuam
