4046 6428
293 328 400 392 649

1469 330 1562 389 DE
1606 330 1842 390 SACRA
1894 327 1992 388 Pii
2008 319 2443 387 ΕΟΑΤΙΟΝἘᾸ

3481 308 3589 372 650

296 444 581 514 ἀντίληψιν
608 446 724 508 ταῖς
756 442 957 514 ψυχαῖς
991 444 1170 515 ήμῶν.
1225 463 1242 496 ι
1269 443 1455 498 Ταῦτα
1500 441 1556 495 δὲ
1588 443 1689 512 τὴν
1743 443 1883 494 οἱκο-

1998 438 2332 493 oﬂ‘cnsarum
2382 434 2767 494 remissionem
2813 440 2866 488 ct
2906 429 3239 499 adiutorium
3289 428 3583 484 animabus

297 537 496 608 νομίαν
529 537 1010 607 προκηρυχθεῖσαν
1047 536 1287 608 Χριστοῦ
1359 534 1752 605 μεγαλύνουσι,
1787 535 1884 586 καὶ

302 632 536 703 μάλιστα
557 630 643 684 διὰ
667 630 764 682 τοῦ
811 630 977 684 τόκου
1006 631 1102 684 τοῦ
1141 628 1483 693 Βαπτιστοῦ,
1531 628 1604 692 ὡς
1638 627 1882 698 προέςςηο

301 736 422 788 μεν.
457 716 568 770 Καὶ
602 716 768 782 εὐθὺς
824 719 882 771 ἐν
924 717 1000 790 τῴ
1055 719 1274 790 ἄμϐωνι
1327 719 1479 788 παρά
1529 719 1882 786 ἀναγνώστου

297 814 379 879 τὺ,
420 830 438 865 «
491 813 632 878 Δόξα
669 808 726 865 ἐν
785 811 1036 883 ὑψίστοις
1088 813 1232 883 Θεῷ,
1285 833 1302 866 ι
1362 811 1740 882 λαμϐάνοντος
1793 809 1883 862 τὸν

301 906 535 977 σταυρὸν
564 907 682 968 ταῖς
703 906 888 977 χερσὶ,
947 907 1042 960 καὶ
1075 907 1132 959 ἐν
1161 904 1239 976 τῷ
1290 904 1504 974 ἄμϐωνι
1568 903 1882 973 ἱσταμένου,

305 1000 398 1053 καὶ
434 997 874 1052 ἐπισυνάπτεται
913 997 1065 1068 παρὰ
1097 997 1206 1050 τῶν
1238 995 1458 1067 ψαλτῶν
1486 997 1517 1065 ἡ
1552 995 1764 1065 μεγάλη
1799 995 1885 1048 δο-

303 1089 550 1158 ξολογία.
589 1073 764 1142 Τοῦτο
789 1072 847 1140 δὲ
878 1088 1092 1156 γίνεται
1128 1087 1255 1141 καθ’
1284 1087 1550 1157 ἑκάστην.
1585 1087 1667 1156 Τῇ
1728 1087 1784 1138 δέ
1819 1105 1883 1156 γε

299 1185 557 1256 Κυριακῇ
605 1182 748 1237 κατά
800 1183 894 1236 τὸν
948 1171 1083 1253 ἦχον
1132 1184 1182 1235 οἱ
1255 1199 1273 1234 «
1306 1173 1518 1235 Αίνεῖτε
1549 1198 1568 1232 ι
1628 1166 1884 1248 λέγονται

301 1277 440 1345 μετά
462 1276 572 1328 τῶν
611 1274 981 1344 ὕποψάλμιιιν.
1021 1275 1133 1328 Καὶ
1155 1275 1234 1337 είς
1258 1274 1318 1328 τὸ
1342 1274 1495 1338 τέλος
1530 1273 1885 1350 ἀναστάσιμα

300 1367 597 1438 στιχηρὰή
648 1355 746 1437 τῆς
779 1367 999 1438 ἐορτῆς,
1141 1369 1386 1437 μεγάλου
1439 1367 1619 1436 ἁγίου,
1671 1369 1719 1421 εἰ
1765 1367 1885 1420 ἐστι

303 1463 490 1530 μνήμη
521 1458 718 1525 αὐτοῦ,
769 1458 909 1526 Δόξα
964 1460 1024 1513 τὸ
1069 1460 1316 1517 ἑωθινόν.
1359 1462 1448 1515 Ἐν
1477 1455 1520 1529 ᾧ
1552 1461 1756 1524 εἴσοδος
1778 1461 1887 1514 τῶν

301 1552 492 1619 ἱερέων
532 1553 672 1620 μετά
727 1552 821 1604 τοῦ
863 1553 1107 1622 σταυροῦ
1161 1553 1258 1608 καὶ
1297 1552 1394 1608 τοῦ
1434 1554 1582 1608 θείου
1641 1555 1888 1623 Εὐάγγε-

301 1646 440 1712 λίου,
471 1646 570 1716 τὴν
615 1647 709 1698 τοῦ
744 1645 1000 1717 Σωτῆρος
1038 1647 1339 1702 ἀνάστασιν
1383 1639 1592 1719 ταῦτης
1623 1649 1719 1718 τῆς
1749 1647 1888 1700 εἰσό-

300 1739 388 1792 δου
444 1739 827 1811 σημαινούσης
872 1742 1004 1811 περὶ
1061 1742 1154 1794 τὸν
1226 1737 1426 1814 ὃρθρον
1484 1741 1886 1812 γεγενημένης.

302 1831 392 1883 Διὸ
418 1831 526 1883 τῶν
552 1833 743 1901 ἱερέων
766 1832 868 1902 τὴν
894 1830 1062 1901 εὐχὴν
1096 1832 1438 1902 κλινομένων
1494 1833 1761 1903 λεγόντων
1787 1836 1885 1904 τῆς

305 1925 508 1979 εἰσόδου
546 1927 603 1978 ἐν
637 1925 714 1994 τῷ
763 1925 996 1995 ἐωθινῴ,
1034 1925 1063 1978 ὃ
1102 1926 1256 1995 δηλοῖ
1289 1926 1391 1997 τὴν
1451 1927 1531 1990 είς
1591 1929 1738 1997 ἡμᾶς
1791 1931 1886 1981 καὶ

305 2021 428 2089 άλρι
461 2018 556 2073 τοῦ
596 2017 726 2091 ᾅδου
763 2019 1099 2072 ταπείνωσιν
1148 2020 1245 2072 καὶ
1296 2018 1604 2074 κατάϐασιν
1639 2018 1732 2073 τοῦ
1777 2021 1889 2073 Κυ-

303 2114 445 2184 ρίου,
476 2113 571 2166 καὶ
623 2111 993 2184 ἐγειρομένων
1061 2110 1162 2181 τὴν
1213 2110 1456 2184 ἔγερσιν,
1507 2111 1583 2176 ὡς
1627 2113 1888 2176 πολλάκις

302 2209 627 2276 εἰρήκαμεν,
659 2205 720 2258 τὸ
749 2205 1084 2274 Εὑαγγέλιον
1111 2206 1435 2273 ἀνυψοῦται,
1495 2207 1769 2275 κηρύττον
1797 2207 1889 2260 καὶ

300 2300 431 2353 αὐτὸ
462 2300 560 2370 τὴν
583 2299 887 2353 ἀνάστασιν
917 2298 1013 2351 καὶ
1047 2298 1127 2364 τὸ,
1177 2317 1196 2350 «
1242 2299 1411 2368 Σοφία
1460 2297 1634 2368 ὀρθοὶ,
1671 2317 1688 2350 ι
1733 2301 1889 2368 λέγε-

300 2409 415 2458 ται,
452 2394 529 2454 είς
564 2391 829 2462 κήρυγμα
863 2392 957 2445 καὶ
994 2391 1154 2443 τοῦτο
1184 2392 1283 2461 τῆς
1350 2392 1730 2460 ἀναστάσεως,
1795 2397 1888 2447 καὶ

303 2483 644 2554 ψαλλομένου
677 2485 756 2546 είς
782 2485 864 2548 τὸ,
898 2501 915 2534 «
957 2482 1063 2536 Καὶ
1120 2481 1214 2534 νῦν
1281 2481 1376 2534 καὶ
1434 2483 1542 2548 ἀεὶ,
1596 2483 1891 2552 ὑπερευλο-

305 2578 520 2648 γημένη
556 2575 861 2646 ὑπάρχεις⁹
897 2595 916 2628 ι
946 2575 1136 2644 ἐπειδή
1166 2574 1254 2628 διὰ
1281 2579 1377 2647 τῆς
1407 2577 1675 2630 Θεοτόκου
1713 2578 1744 2647 ή
1779 2594 1886 2629 crto-

307 2672 472 2741 τηρία
499 2671 632 2742 ἡμῖν
667 2671 900 2733 δέδοται,
928 2671 1022 2724 καὶ
1043 2670 1075 2740 ἡ
1100 2650 1319 2740 καὶτάρα
1348 2670 1445 2739 τῆς
1474 2670 1612 2734 Εὔας
1647 2671 1886 2725 λέλυται.

312 2763 678 2816 Εἰσελθόντων
728 2761 879 2815 ἔνδον
929 2761 1040 2815 τών
1102 2762 1315 2833 ἱερέων,
1385 2762 1602 2834 πρῶτον
1646 2765 1743 2832 μὲν
1799 2765 1889 2816 ὑπ’

310 2853 658 2922 ἀναγνώστου
705 2854 762 2906 ἐν
794 2853 870 2924 τῷ
901 2853 1119 2922 ἄμὸωνι
1153 2854 1245 2906 τὸν
1281 2854 1515 2923 σταυρὸν
1566 2854 1888 2923 κατέλοντος

309 2950 388 3012 ca,
423 2967 440 3000 «
477 2947 614 3014 Δόξα
653 2948 711 3001 ἐν
759 2947 1008 3016 ὑψίστοις
1044 2947 1185 3017 Θεῷ,
1235 2962 1254 2997 ι
1325 2947 1568 3014 λέγεται,
1601 2945 1797 3002 ἔπειτα
1835 2948 1891 3000 δὲ

308 3040 413 3093 ὑπὸ
442 3039 550 3093 τῶν
575 3039 796 3109 ψαλτῶν
825 3038 1148 3109 ᾁσματικῶς
1188 3037 1396 3108 ᾅδεται.
1442 3023 1576 3090 Εἶτα
1618 3039 1768 3100 ἐντος
1797 3036 1890 3090 τοῦ

312 3133 459 3202 ἱεροῦ
508 3132 752 3202 βήματος
780 3131 934 3199 παρᾶ
963 3130 1072 3185 τῶν
1099 3129 1316 3200 ζὶιρέων
1371 3128 1507 3198 ἐμοῦ
1560 3129 1706 3200 ἅπαν
1741 3129 1894 3197 λέγε-

309 3243 422 3292 ται,
445 3226 551 3278 ἀπὸ
576 3224 694 3292 τοῦ,
749 3223 873 3276 (Ἐν
903 3222 1212 3294 ἀνθρώποις
1259 3221 1498 3286 εὐδοκία,
1535 3242 1553 3276 ι
1593 3221 1890 3292 συμφώνου

309 3319 407 3388 τῆς
437 3317 749 3384 δοξολογίας
781 3316 985 3382 ἔξωθέν
1035 3333 1094 3368 τε
1133 3317 1228 3369 καὶ
1287 3314 1492 3368 ἔσωθεν
1547 3314 1842 3386 γινομένης
1875 3327 1890 3343 ·

308 3412 390 3465 ὅτι
417 3412 511 3464 καὶ
535 3408 954 3478 μίαἝκκλησία
987 3408 1075 3461 διὰ.
1109 3409 1201 3462 τοῦ
1258 3400 1498 3479 Χριστοῦ
1550 3408 1663 3461 ἄνω
1699 3425 1754 3460 τε
1798 3407 1896 3459 ml

313 3501 463 3554 κάτω
493 3498 823 3569 γεγόναμεν·
879 3498 974 3550 καὶ
1024 3496 1182 3549 τοῦτο
1231 3497 1311 3558 εἰς
1380 3495 1645 3566 κήρυγμα
1687 3496 1780 3548 καὶ
1815 3494 1898 3547 δό-

315 3589 414 3655 ξαν
440 3589 540 3658 τῆς
565 3585 806 3659 Χριστοῦ
860 3586 1240 3648 ἀναστάσεως.
1291 3585 1383 3637 Aio
1440 3585 1535 3636 καὶ
1600 3584 1896 3652 τροπάριον

311 3681 694 3750 ἀναστάσιμον
750 3679 833 3742 τὸ,
911 3696 928 3730 «
969 3679 1218 3747 Σήμερον
1274 3679 1542 3747 σωτηρία,
1594 3697 1608 3729 ι
1677 3677 1732 3728 ἐν
1798 3677 1896 3746 μιᾷ

315 3767 571 3844 Κυριακῇ
603 3790 616 3805 ’
652 3773 852 3835 καὶτὸ,
895 3791 911 3824 «
965 3769 1234 3832 Ἀναστὰς
1267 3772 1329 3823 ἐκ
1361 3768 1456 3822 τοῦ
1496 3770 1782 3840 μνήματος
1838 3771 1895 3819 ἐν

312 3871 496 3938 ἑτέρᾳ,
537 3887 554 3921 ι
592 3868 710 3938 τρὶς
735 3864 1042 3937 ήδυμελῶς,
1074 3863 1238 3924 ἐκτός
1297 3879 1356 3914 τε
1390 3861 1540 3932 ποιρά
1600 3861 1709 3913 τῶν
1755 3857 1898 3929 ψαλά

311 3963 443 4026 τῶν,
493 3961 588 4015 καὶ
643 3960 797 4022 ἐντὸς
848 3957 1001 4048 παρὰ
1045 3955 1154 4009 τῶν
1215 3954 1409 4024 ἱερέων
1451 3953 1734 4025 ψάλλεται,
1797 3954 1896 4022 τῆς

312 4048 569 4123 τοιαύτης
600 4053 809 4118 τάξεως
849 4042 1039 4120 σαξρὼς
1081 4046 1439 4118 παρεστώσης
1481 4042 1577 4114 τήν
1596 4045 1897 4113 ἀνάστασιν

312 4148 407 4201 τοῦ
433 4147 704 4217 Σωτῆρος.
741 4135 831 4196 Διὸ
860 4144 952 4196 καὶ
998 4141 1155 4204 εὐθυς
1206 4141 1286 4204 τὸ,
1330 4157 1347 4190 «
1396 4136 1723 4204 Ἀνάστηθι,
1788 4135 1898 4188 Κύ-

319 4257 421 4309 ριε,
461 4259 478 4291 ι
568 4232 870 4306 ψάλλεταυ
925 4234 1019 4289 καὶ
1082 4233 1144 4285 τὸ
1205 4230 1424 4285 ἐωθινδν
1490 4228 1581 4282 ἐπ’
1641 4229 1898 4297 ἄμϐωνος

312 4329 754 4400 ἀναγινώσκεται
791 4326 1124 4396 Εὑαγγέλιον
1182 4326 1332 4394 παρὰ
1365 4322 1766 4393 πρεσϐυτέρου,
1802 4323 1898 4385 τὴν

311 4422 649 4492 τελεωτέραν
679 4419 830 4484 τάξιν
861 4418 972 4472 τῶν
1040 4417 1292 4486 ἀγγέλων
1351 4417 1734 4484 ἐμφαίνοντος.
1789 4415 1897 4466 Καὶ

1991 532 2221 587 nostris.
2255 529 2362 584 lsta
2395 543 2524 582 vero
2555 527 2909 599 praedicatum
2945 523 3152 579 Christi
3207 523 3574 578 ceconomiam

1987 623 2352 696 magniﬁcam
2401 631 2454 677 et
2506 621 2804 692 praesertim
2863 636 2958 691 per
3009 627 3225 689 partum
3295 615 3576 686 Baptista},

1988 724 2154 790 prout
2176 714 2555 786 pranliximus.
2589 701 2651 766 Et
2671 714 2855 767 statim
2888 713 2940 766 in
2968 717 3224 782 suggesta
3249 711 3579 766 inchoatur:

2005 810 2224 870 «Gloria
2259 811 2313 865 in
2339 807 2570 864 excelsis
2599 808 2762 872 Deo,»
2808 822 2837 861 a
2869 808 3073 864 lectore
3108 806 3201 877 qui
3231 807 3285 861 in
3319 808 3581 860 manilius

1989 920 2211 962 crucem
2251 903 2451 973 accipit
2489 909 2642 958 stans
2672 901 2724 955 in
2759 910 3040 970 suggesta,
3108 909 3161 955 et
3186 915 3214 954 a
3254 898 3580 954 cantoribus

1989 999 2349 1054 continuatur
2383 1008 2580 1065 magna
2618 992 2927 1063 doxologia.
2955 990 3070 1046 Hoc
3096 1000 3276 1046 autem
3305 991 3362 1045 ﬁt
3385 990 3581 1044 diebus

1988 1091 2239 1161 singulis.
2261 1077 2545 1144 Dominica
2559 1100 2688 1142 vero
2702 1091 2996 1141 cantantur
3012 1083 3206 1156 psalmi
3233 1101 3246 1138 :
3269 1103 3286 1134 «
3300 1082 3572 1138 Laudato-

1988 1201 2112 1241 cum
2133 1181 2454 1239 intercalari
2483 1178 2779 1245 versiculo,
2813 1181 2933 1237 etin
2959 1179 3064 1234 [ine
3079 1178 3145 1234 de
3175 1179 3582 1234 resurrectione

1989 1277 2273 1343 versiculi,
2309 1275 2392 1330 vel
2436 1272 2560 1330 festi
2596 1273 2681 1329 vel
2732 1274 2914 1343 magni
2952 1272 3243 1343 cujusdam
3297 1274 3497 1336 sancti,
3533 1274 3579 1325 si

1990 1373 2084 1426 ﬁat
2132 1371 2252 1441 ejus
2310 1367 2788 1430 commemoratio,
2861 1367 3046 1423 Gloria
3125 1375 3182 1422 et
3246 1368 3578 1422 matutinum
3635 1429 3640 1432 _

1990 1458 2371 1529 Evangelium.
2409 1457 2460 1511 lu
2493 1458 2602 1512 isto
2637 1457 2694 1511 ﬁt
2730 1459 3011 1526 ingressus
3044 1457 3394 1513 sacerrimum
3454 1474 3578 1514 cum

1989 1566 2155 1607 cruce
2211 1551 2510 1619 divinoque
2539 1547 2835 1620 Evangelio
2859 1567 2874 1618 ;
2910 1552 3000 1621 qui
3029 1552 3312 1623 ingressus
3333 1553 3476 1608 circa
3506 1554 3587 1607 tli-

1993 1643 2239 1699 luculum
2294 1641 2472 1698 factus
2537 1636 2840 1698 Salvatoris
2907 1644 3366 1699 resurrectionem
3414 1644 3588 1714 signi-

1995 1733 2141 1787 ﬁcat.
2192 1723 2320 1788 ldeo
2351 1733 2730 1790 sacerdotibus
2765 1731 2948 1804 capite
2976 1733 3247 1790 inclinato
3271 1733 3588 1790 dicentibus

1953 1826 2303 1881 'orationem
2362 1826 2645 1898 ingressus
2694 1827 2750 1881 in
2802 1827 3075 1882 matutino
3147 1827 3326 1884 factus
3385 1828 3585 1892 oiiicio,

1997 1919 2144 1989 quod
2178 1920 2415 1975 ostendit
2439 1919 2505 1974 ad
2542 1935 2642 1975 nos
2675 1927 2730 1975 et
2764 1935 2939 1990 usque
2971 1921 3036 1975 ad
3081 1921 3353 1976 infernum
3402 1924 3583 1978 immi-

1999 2011 2282 2066 liationem
2319 2021 2375 2066 et
2419 2009 2758 2067 descensum
2849 2014 3063 2068 Domini
3121 2027 3586 2089 mortuorumque

1997 2106 2486 2171 resurrectionen't,
2522 2106 2664 2162 sicut
2714 2122 2860 2177 saepe
2885 2125 3053 2178 supra
3098 2111 3366 2177 diximus,
3397 2115 3586 2169 eleva-

1999 2208 2087 2253 tur
2128 2197 2488 2271 Evangelium
2519 2201 2666 2271 quod
2711 2200 2891 2271 ipsum
2940 2209 3406 2262 resurrectionem
3443 2224 3581 2278 prur-

1998 2293 2162 2360 dicat,
2178 2304 2230 2349 et
2255 2293 2458 2348 dicitur
2486 2311 2500 2350 :
2531 2296 2838 2366 «Sapientia
2860 2299 3084 2365 erecti,»
3116 2301 3322 2370 pariter
3359 2303 3411 2357 in
3444 2320 3582 2372 prat-

1998 2389 2326 2443 «licationem
2355 2391 2808 2458 resurrectionis,
2841 2402 2894 2448 et
2944 2392 3199 2462 psallitur
3265 2393 3335 2450 ad
3378 2399 3583 2452 verba:

2005 2499 2023 2532 «
2066 2480 2127 2535 Et
2153 2495 2301 2535 nunc
2335 2489 2389 2535 et
2414 2496 2654 2552 semper,
2688 2499 2852 2553 super
2885 2491 3078 2542 omnes
3116 2485 3401 2544 benedicta
3442 2507 3520 2550 es,
3563 2513 3581 2545 ι

2000 2574 2258 2642 quoniam
2283 2589 2378 2645 per
2407 2574 2698 2644 Dciparam
2735 2577 2890 2632 salus
2927 2578 3089 2634 nobis
3130 2580 3256 2636 data
3293 2592 3395 2648 est,
3433 2587 3586 2639 solu-

2000 2675 2165 2737 taque
2225 2667 2350 2722 Eva:
2403 2668 2734 2722 maledictio.
2779 2665 3049 2740 Ingressis
3083 2671 3234 2729 intus
3286 2677 3590 2733 sacerdoti-

2003 2759 2128 2825 bus,
2161 2759 2398 2829 primum
2434 2761 2652 2829 quidem
2691 2776 2720 2814 a
2768 2761 2972 2817 lectore
3007 2779 3225 2820 crucem
3260 2774 3478 2824 tenente
3533 2773 3584 2824 in

2000 2858 2255 2919 suggestu
2273 2841 2500 2906 dicitur:
2531 2842 2744 2906 «Gloria
2765 2853 2818 2906 in
2848 2854 3078 2909 excelsis
3105 2857 3268 2918 Deo,»
3305 2867 3358 2914 et
3385 2861 3587 2916 deinde

2000 2958 2030 2994 a
2073 2945 2394 3000 cantoribus
2432 2945 2706 3000 modulate
2735 2947 3015 3017 psallitur.
3056 2943 3257 3008 Postea
3315 2954 3457 3010 intra
3491 2973 3584 3012 sa-

2003 3049 2156 3089 crum
2187 3036 2562 3090 sanctuarium
2596 3053 2625 3092 a
2660 3040 3042 3098 sacerdotibus
3070 3045 3235 3098 simul
3277 3055 3450 3102 totum
3498 3051 3586 3104 di-

2003 3125 2144 3181 citur
2160 3121 2227 3181 ab
2253 3127 2365 3182 his:
2401 3123 2497 3182 «Et
2520 3129 2573 3183 in
2602 3125 2920 3186 hominibus
2941 3134 3403 3204 bonaruluntas,»
3438 3140 3591 3196 itaut

2002 3230 2110 3274 tam
2158 3231 2312 3276 extra
2349 3236 2513 3292 quam
2551 3224 2690 3279 intra
2723 3225 3077 3282 concorditer
3119 3229 3212 3283 ﬁat
3253 3232 3540 3306 doxologia
3571 3277 3586 3298 ,

2000 3311 2255 3380 quoniam
2282 3327 2378 3380 per
2411 3312 2693 3370 Christum
2727 3333 2831 3371 una
2868 3317 3109 3374 Ecclesia
3139 3337 3302 3391 supra
3341 3334 3396 3378 et
3442 3315 3589 3380 intra

2001 3397 2131 3458 facti
2191 3419 2418 3470 sumus;
2458 3407 2602 3475 quod
2636 3408 2800 3462 etiam
2858 3404 2914 3462 tit
2973 3409 3040 3464 ad
3099 3413 3500 3481 praedicandam
3536 3428 3620 3471 et"

1999 3492 2411 3565 glorificantlam
2444 3489 2647 3552 Christi
2681 3503 3307 3561 resurrectionem.ldeo
3333 3515 3386 3561 et
3417 3510 3591 3564 versi-

2003 3588 2163 3642 culus
2197 3589 2650 3645 rt'surrcctionis:
2679 3591 2886 3648 «llodie
2905 3595 3109 3660 salus,»
3177 3598 3230 3650 in
3267 3614 3374 3653 una
3401 3599 3590 3655 Domi-

2003 3681 2146 3746 nica,
2179 3684 2280 3736 iste
2315 3699 2444 3737 vero
2473 3700 2771 3755 resurgens
2795 3702 2860 3742 ex
2914 3700 3288 3757 monumento,
3333 3693 3385 3745 in
3417 3693 3588 3748 altera

2005 3785 2085 3828 ter
2143 3773 2276 3828 foris
2321 3790 2352 3828 a
2409 3778 2732 3832 cantoribus
2807 3778 3069 3849 intusque
3121 3797 3151 3837 a
3200 3785 3580 3842 sacerdotibus

2004 3867 2247 3922 suaviter
2283 3869 2554 3936 psallitur.
2584 3869 2680 3924 llic
2703 3871 2838 3925 ordo
2867 3872 3192 3929 mirabiliter
3227 3881 3589 3934 resurrectio-

2005 3975 2125 4014 nem
2165 3960 2465 4016 Salvatoris
2494 3963 2734 4018 exhibet.
2757 3962 3106 4036 Quapropter
3138 3968 3284 4023 illico
3307 3972 3589 4040 psallitur:

2013 4053 2320 4123 «Exsurge,
2363 4054 2651 4122 Domine,»
2695 4066 2749 4111 et
2783 4061 3112 4115 matutinum
3148 4061 3501 4134 Et'angclium
3537 4067 3590 4120 in

2003 4137 2236 4200 amboue
2273 4145 2470 4216 legitur
2509 4163 2536 4201 a
2580 4151 2864 4207 sacerdote
2913 4165 3006 4222 qui
3035 4154 3433 4224 perfectiorem
3489 4174 3588 4212 an-

2003 4238 2246 4307 gelorum
2283 4234 2529 4295 ordinem
2569 4243 2850 4311 exprimit,
2877 4254 2933 4301 et
2976 4258 3100 4316 post
3153 4249 3257 4304 hoc
3288 4252 3585 4307 continens

2002 4330 2338 4398 deprecatio,
2400 4348 2608 4403 magna:
2657 4351 2870 4406 preces,
2927 4339 3120 4407 capitis
3185 4342 3496 4410 inclinatio,
3535 4355 3592 4399 ct

2005 4421 2296 4477 absolutio.
2364 4417 2439 4478 ita
2491 4426 2711 4494 quidem
2753 4432 3084 4486 matutinum
3132 4435 3416 4503 perficitur
3475 4438 3594 4492 oili-

316 4516 459 4583 μετά
488 4513 646 4566 τοῦτο
677 4514 710 4584 ἡ
745 4510 968 4582 ἐκτενὴς
1003 4508 1210 4578 δέησις,
1241 4509 1299 4560 αἱ
1342 4507 1578 4575 μεγάλαι
1627 4509 1892 4575 αἰτήσεις,

2006 4513 2186 4578 cium;
2221 4515 2358 4570 ritus
2401 4533 2529 4572 vero
2562 4521 2925 4577 sanctissimas
2958 4523 3193 4594 liturgiae
3221 4526 3342 4581 aliis
3369 4529 3422 4581 in
3460 4529 3594 4583 locis

315 4611 348 4679 ἡ
384 4606 804 4675 κεφαλοκλισία,
838 4604 934 4656 καὶ
966 4604 999 4672 ή
1035 4603 1331 4660 ἀπόλυσις.
1363 4599 1524 4652 οὖτω
1557 4598 1660 4668 μὲν
1686 4597 1782 4651 οὖν
1808 4600 1904 4651 καὶ

317 4702 387 4752 τὰ
431 4700 523 4753 τοῦ
563 4697 766 4769 ὄρθρου
803 4695 1144 4747 τετέλεσται.
1181 4692 1263 4744 Τά
1296 4692 1349 4744 δὲ
1400 4691 1495 4760 τῆς
1532 4689 1744 4751 τελείας
1796 4689 1905 4741 λει-

316 4797 576 4866 τουργίας
610 4791 1054 4864 προεγράφησαν
1093 4784 1149 4841 ἐν
1173 4788 1403 4858 ἑτέροις.

890 4900 1147 4959 ΚΕΦΑΛ.
1183 4901 1363 4956 ΤΝΒ’.

317 4991 455 5072 Περὶ
491 5001 597 5070 τῆς
630 5001 976 5073 τριτοέλιτης
998 5001 1067 5073 έν
1087 4997 1216 5073 ταῖς
1251 4995 1585 5073 νηστείᾳις,
1640 4993 1739 5048 καὶ
1796 4981 1902 5060 τῆς

635 5065 1129 5142 αἱροηγιίισμένης
1172 5065 1574 5135 λειτουργίας.

385 5155 501 5219 Νῦν
550 5166 606 5219 δὲ
657 5165 791 5235 περὶ
826 5163 925 5232 τῆς
974 5165 1030 5215 ἐν
1093 5161 1211 5223 ταῖς
1263 5160 1540 5228 νηστείαις
1580 5156 1901 5228 τριτοέκτης

313 5257 553 5328 ἐροῦμεν
615 5255 739 5328 ήτις
809 5253 1260 5321 ἀναγκαιοτάτως
1329 5248 1587 5321 ἡνωμένη
1658 5251 1774 5300 ἐστὶ
1833 5251 1897 5317 τῇ

312 5350 634 5421 λειτουργίᾳ.
656 5348 802 5402 κατά
826 5348 927 5416 τὴν
958 5346 1119 5414 ἁγίαν
1140 5341 1609 5412 Τεσσαρακοστὴν
1634 5341 1898 5409 γινομένη

312 5449 373 5499 ἐν
391 5449 511 5507 ταῖς
532 5443 860 5506 καθολικῶς
876 5440 1199 5511 ἐκκλησίαις
1224 5439 1377 5508 παρά
1394 5436 1503 5490 τῶν
1526 5436 1810 5505 κοσμικών
1831 5436 1906 5484 ἱε-

314 5538 479 5610 ρέωψ
502 5538 533 5608 ή
562 5537 766 5590 καὶτὸν
791 5535 964 5588 τύπον
991 5530 1267 5596 ἀποσώζει
1289 5531 1384 5600 τῆς
1409 5526 1710 5598 καθολικῆς
1732 5529 1904 5596 μεγά-

311 5621 414 5702 λης
453 5627 612 5700 253
681 5630 833 5696 ἱερᾶς
887 5626 1234 5696 λειτουργίας
1265 5625 1396 5696 ἄχρι
1426 5622 1644 5693 καὶτῆς
1667 5621 1910 5692 μεγάλης

311 5723 544 5778 εἰσόδου.
574 5722 748 5776 Τοῦτο
769 5723 824 5775 δὲ
849 5720 1119 5791 ἐπενοήθη
1141 5723 1252 5784 τοῖς
1269 5720 1518 5790 ἁρχαῖοις
1552 5717 1798 5788 Πατράσι
1823 5717 1911 5769 διὰ

308 5815 372 5871 τὸ
423 5815 500 5887 μὴ
559 5815 774 5869 τελείαν
832 5814 1180 5882 λειτουργίαν
1239 5815 1296 5868 ἐν
1336 5816 1402 5884 τῇ
1467 5813 1601 5884 ἁγίᾳ
1661 5811 1909 5882 γίνεσθαι

600 5915 869 5971 Part0]...
924 5908 968 5967 G
983 5928 1020 5966 ιι
1081 5907 1252 5968 CLV.

2004 4608 2256 4676 explicati
2295 4621 2444 4664 sunt.

2547 4885 2776 4954 CAPUT
2812 4896 3057 4954 occur.

2003 4991 2080 5046 De
2111 4991 2316 5045 cantico
2348 4994 2485 5045 inter
2510 4984 2718 5063 tertiarit
2752 5000 3024 5045 etsextam
3056 4991 3241 5046 horam
3273 4993 3324 5046 in
3343 4991 3593 5063 jejtmt't's,

2309 5074 2357 5116 et
2391 5067 2454 5116 de
2489 5065 2651 5116 missa
2678 5062 3291 5130 Prwsmtcti/icatorum.

2075 5157 2227 5212 Nunc
2283 5159 2349 5211 de
2408 5158 2665 5212 cautione
2717 5171 2839 5226 qua:
2898 5155 2957 5210 ﬁt
2992 5157 3045 5210 in
3079 5156 3307 5226 jejuniis
3371 5161 3592 5214 tertiam

2004 5251 2143 5304 inter
2188 5261 2244 5303 et
2297 5262 2507 5304 senatu
2570 5249 2759 5301 horam
2824 5248 3168 5313 disserimus,
3195 5264 3316 5318 quae
3365 5265 3594 5319 prorsus

2002 5343 2318 5398 necessario
2349 5342 2526 5397 Missa:
2563 5341 2796 5396 adunata
2830 5357 2924 5410 per
2989 5353 3232 5396 sanctam
3276 5341 3598 5414 Quadrage-

2002 5419 2198 5490 simam
2237 5437 2288 5490 in
2324 5435 2599 5490 universis
2654 5433 2913 5490 Ecclesiis
2959 5434 3020 5488 ﬁt
3051 5451 3080 5490 a
3116 5438 3476 5492 saecularibus
3507 5453 3597 5490 sa-

2004 5528 2366 5594 cerdotibus,
2419 5528 2471 5580 in
2522 5543 2628 5597 qua
2678 5527 2962 5584 catholicae
3020 5543 3231 5599 magnae
3261 5538 3314 5583 et
3381 5541 3594 5585 sanctae

2010 5625 2190 5679 missae
2221 5634 2474 5678 servatur
2505 5625 2640 5676 ordo
2665 5635 2842 5691 usque
2871 5620 2936 5676 ad
2961 5636 3215 5691 magnum
3261 5622 3594 5690 ingressum.

2010 5720 2126 5772 Hoc
2157 5727 2338 5769 autem
2373 5731 2400 5768 ιι
2433 5715 2632 5784 priscis
2687 5715 2938 5785 patribus
2979 5715 3262 5769 inventum
3291 5721 3397 5775 est,
3455 5731 3595 5785 quo«

2015 5809 2163 5866 niam
2192 5807 2356 5866 Missa
2389 5823 2496 5864 non
2533 5809 2815 5881 perﬁcitur
2845 5809 2896 5862 in
2923 5816 3112 5864 sancta
3139 5805 3594 5878 Quadragesima.

3198 5899 3266 5961 21
