4046 6448
511 368 618 435 651
1349 358 1727 419 sYMEONts
1760 357 2523 419 TllESSALOXlCENStS
2565 358 2929 421 ARCUIEP.
3480 339 3495 353 '
3655 366 3740 430 55g

506 478 644 534 lllud
677 487 859 530 autem
887 471 1164 526 canticum
1208 469 1311 523 boc
1343 465 1504 523 nzodo
1540 464 1891 536 adimpletur.
1927 463 2090 520 Tem-

2203 467 2652 538 Τεσσαρακοστῇ.
2683 467 2937 522 Τελεῐται
2975 467 3034 522 δὲ
3065 470 3098 541 η
3131 469 3425 543 τριτοέκτη
3460 471 3614 530 οὕτω.
3650 476 3742 530 Δα-

506 590 637 645 pore
654 579 961 641 opportuno
984 567 1248 621 diaconus
1271 562 1401 618 dicit
1429 578 1444 616 :
1481 581 1499 612 «
1515 559 1768 625 Benedic,
1798 558 2048 614 Domine.
2066 578 2085 613 ι

506 667 762 722 sacerdos
788 676 944 716 vero:
971 658 1355 713 «Benedictum
1383 668 1611 726 regnum
1633 671 1678 719 ;›
1710 654 1976 709 diaconus
2001 667 2094 723 pa-

505 759 657 811 «:ilica
705 756 902 816 addit,
959 752 1220 806 sacerdos
1282 757 1464 804 autem
1531 746 1723 814 primae
1781 746 2096 816 antipbona:

501 851 846 906 orationem:
887 847 1081 909 «Deus,
1116 843 1210 914 qui
1247 845 1404 899 sedes
1439 845 1603 912 super
1656 839 2004 906 Cberubim,»
2041 845 2096 894 et

504 943 775 995 exclamat
812 956 825 993 :
873 938 1175 1004 «Quoniam
1216 944 1270 990 tu
1307 950 1367 991 es
1396 934 1540 990 Deus
1574 941 1784 996 noster,
1820 929 1963 986 Deus
1995 931 2096 985 mi-

504 1033 872 1089 sericordiac.)
902 1034 965 1084 lit
991 1039 1246 1085 cantores
1265 1033 1534 1098 psalmum
1565 1026 1842 1096 integrum
1867 1023 2091 1079 dicunt:

509 1129 618 1181 «Ad
641 1137 712 1191 te,
749 1126 996 1187 Domine,
1031 1122 1460 1178 levavianimam
1495 1133 1729 1183 meam,»
1768 1133 1867 1188 per
1900 1131 2095 1172 versus

506 1223 754 1291 singulos
795 1226 1124 1272 cantantes:
1171 1213 1602 1271 «latet-cessione
1620 1209 2090 1267 DeiGcnitricisu

503 1316 744 1381 itemque
765 1311 976 1365 «Gloria
995 1318 1047 1362 et
1065 1324 1264 1363 nunc.»
1291 1307 1563 1360 Diaconus
1586 1305 1780 1360 iterum
1801 1319 1844 1359 :«
1870 1301 1934 1358 Et
1953 1319 2098 1358 nunc

504 1420 779 1474 quoque,»
811 1415 865 1457 et
890 1403 1151 1457 sacetdos
1173 1408 1388 1455 secreto
1410 1396 1868 1452 dicitorationem
1899 1410 2099 1451 secun-

501 1503 584 1550 ιῑιυ
608 1497 919 1567 οηιίρΙιοιιαι
943 1512 959 1550 :
987 1515 1003 1546 «
1044 1493 1412 1563 Deprecamur
1464 1502 1536 1557 te,
1589 1491 1816 1546 Domine
1837 1487 1983 1543 Deus
2001 1503 2099 1542 no-

506 1607 678 1655 ster,»
721 1601 773 1644 et
805 1589 1075 1645 cxclmnat
1102 1606 1113 1642 :
1145 1588 1442 1654 «Quoniam
1472 1583 1833 1656 gloriﬁcatqu
1866 1591 2093 1638 estsan-

502 1685 810 1738 ctissitnum
870 1696 1068 1737 nomen
1127 1692 1333 1735 tuum.»
1382 1679 1448 1733 Et
1479 1688 1738 1733 cantores
1797 1677 2096 1732 secundam

507 1778 863 1846 autipltonam
891 1775 1146 1844 psallunt,
1171 1773 1439 1844 psalmum
1463 1772 1732 1839 integrum
1758 1783 1772 1822 :
1806 1767 2100 1822 «Dominus

506 1872 834 1926 illuminatio
861 1883 978 1922 mea
1009 1876 1063 1923 et
1113 1869 1261 1920 salus
1291 1880 1433 1930 mea,
1480 1883 1499 1916 ι
1533 1863 1745 1918 duobus
1775 1863 1962 1918 eboris
1998 1876 2094 1931 per

505 1963 752 2033 singulos
775 1977 961 2017 versus
987 1960 1296 2014 dicentibus
1321 1973 1336 2018 :
1364 1956 1558 2012 «Salva
1586 1970 1710 2021 nos,
1735 1954 1835 2009 Fili
1856 1954 1972 2020 Dei,
1999 1955 2094 2010 tibi

513 2059 814 2129 psallentes
871 2053 1141 2117 Alleluia;
1175 2071 1194 2104 ι
1233 2063 1288 2106 et
1319 2049 1461 2104 idem
1519 2068 1537 2103 «
1574 2046 1756 2105 Gloria
1806 2057 1861 2104 et
1891 2063 2090 2103 nunc.»

543 2151 866 2216 littrsusque
885 2146 1187 2199 diaconus:
1217 2140 1312 2196 «Et
1339 2156 1486 2196 nunc
1515 2155 1790 2211 quoque.»
1828 2143 2098 2194 Sacerdos

510 2255 639 2296 vero
658 2241 874 2295 tertiam
896 2248 1106 2292 secreto
1126 2236 1434 2290 orationem
1453 2233 1588 2288 dicit
1611 2250 1626 2287 :
1663 2251 1681 2284 «
1703 2233 1931 2287 Domine
1957 2232 2098 2288 Deus

509 2335 858 2401 omnipotens
883 2349 930 2395 ,ο
970 2341 1023 2384 et
1063 2327 1356 2394 exclamat,
1393 2345 1412 2378 «
1442 2326 1709 2394 Quoniam
1742 2327 1940 2381 bonus.
1977 2345 1995 2376 ›
2032 2325 2098 2379 Ει

509 2428 668 2481 tertia
702 2425 959 2495 psallitur
990 2424 1313 2492 antipbona,
1365 2430 1598 2490 utroque
1647 2421 1818 2476 cboro
1862 2420 2098 2490 singulis

512 2519 759 2573 versibus
787 2517 1022 2572 addente
1055 2516 1253 2584 duplex
1286 2512 1526 2568 alleluia.
1555 2512 1727 2568 Porro
1755 2513 1822 2567 ad
1851 2527 2099 2572 versum,

516 2612 648 2679 «Qui
681 2611 924 2665 ambulat
953 2609 1006 2663 in
1040 2611 1123 2662 via
1161 2607 1569 2672 immaculata,»
1610 2621 1787 2676 usque
1818 2607 1885 2660 ad
1936 2607 2100 2660 tinem

510 2705 724 2775 psalmi,
751 2704 900 2758 velut
928 2703 980 2756 in
1016 2717 1124 2756 uno
1163 2715 1325 2756 versu
1344 2716 1373 2754 a
1406 2699 1727 2755 sanctuario
1755 2698 1808 2752 in
1837 2696 2102 2767 σωλέα(1)

517 2799 902 2869 ingrediuntur
929 2798 1195 2851 ἀίω-οπως
1234 2803 1288 2850 et
1317 2795 1600 2860 sacerdos,
1627 2794 1841 2864 absque
1870 2793 2100 2848 lumini-

512 2894 613 2946 bus
638 2908 737 2946 nec
772 2891 1020 2954 incenso,
1071 2888 1366 2944 Dominum
1399 2887 1454 2940 in
1480 2900 1702 2942 crucem
1733 2887 1880 2941 circa
1909 2886 2102 2940 boram

2197 557 2306 628 βὼν
2327 557 2522 629 καιρὸν
2538 558 2566 610 ὁ
2587 558 2836 624 διάκονος
2855 559 3027 630 λέγει,
3061 580 3080 614 «
3106 561 3441 635 Εὐλόγησον,
3462 565 3698 626 δέσποτα.
3725 588 3740 622 ι

2209 650 2268 703 '0
2305 652 2507 721 ίερεὺς,
2557 671 2575 705 «
2601 652 2960 726 Εὐλογημένη
2999 656 3032 727 ἡ
3065 655 3338 726 βασιλεία.
3375 675 3396 710 ι
3446 658 3502 712 '0
3531 659 3746 727 διάκονος

2196 741 2264 794 τὰ
2304 740 2579 812 εἰρηνικά.
2625 740 2689 798 '0
2721 745 2906 814 ἱερεὺς
2937 745 3037 818 τὴν
3065 747 3232 818 εὐχὴν
3265 747 3364 802 τοῦ
3391 749 3602 822 πρώτου
3621 753 3747 806 am.

2198 833 2403 902 φώνου,
2439 852 2457 886 «
2481 835 2542 890 Ὀ
2574 835 2707 899 Θεὸς
2734 837 2763 890 ὀ
2795 837 2882 891 ἐπὶ
2907 839 3018 893 τῶν
3043 839 3328 912 Χερουϐὶμ
3350 842 3706 914 καθεζόμενος.
3729 865 3746 898 ι

2199 929 2312 982 Kal
2333 930 2598 999 έκφωνεῖ,
2643 949 2662 982 «
2705 929 2832 984 ὐτι
2869 931 2934 984 σὺ
2968 927 3018 986 εἶ
3051 935 3079 986 ὀ
3111 933 3244 1000 Θεδς
3295 936 3476 1006 ἡμῶν,
3503 937 3626 1002 Θεὸς
3671 937 3750 992 τοῦ

2199 1023 2399 1078 ἐλεεῖν.
2436 1043 2456 1075 ι
2489 1025 2599 1079 Kal
2629 1027 2675 1079 οί
2706 1026 2908 1096 ψάλται
2931 1031 3022 1082 τὸν
3044 1029 3276 1102 Ψαλμὸν
3305 1032 3520 1087 ἅπαντα
3541 1032 3750 1102 λέγουσι,

2206 1137 2224 1171 «
2261 1119 2404 1187 Πρὸς
2435 1118 2514 1184 σὲ,
2558 1119 2755 1190 Κύριε,
2791 1117 2904 1193 ἦρα
2931 1121 3032 1194 τὴν
3064 1123 3246 1196 ψυχήν
3283 1142 3409 1196 μου,
3447 1144 3466 1179 ι
3507 1129 3638 1182 κατὰ
3659 1129 3756 1182 στί.

2201 1227 2295 1282 χον
2319 1211 2560 1282 ᾄδοντες,
2602 1231 2620 1264 «
2654 1215 2788 1277 Ταῖς
2825 1216 3153 1285 πρεσϐείαις
3190 1219 3291 1289 τῆς
3331 1218 3611 1275 Θεοτόκου.
3639 1221 3756 1284 Δόξα

2202 1307 2298 1358 καὶ
2320 1305 2415 1359 νῦν
2443 1306 2503 1359 τὸ
2551 1307 2702 1360 αὐτό.
2747 1328 2765 1360 ι
2811 1308 2872 1362 Ὀ
2927 1310 3179 1374 διάκονος
3236 1311 3424 1378 πάλιν,
3468 1332 3486 1366 «
3518 1314 3634 1369 Ἔτι
3678 1317 3756 1367 καὶ

2203 1396 2306 1452 ἔτι.
2343 1415 2362 1449 ι
2431 1397 2490 1454 Ὀ
2522 1400 2703 1466 ἱερεὺς
2735 1401 3018 1470 μυστικῶς
3052 1402 3153 1474 τὴν
3191 1403 3361 1475 εὐχὴν
3403 1405 3495 1459 τοῦ
3532 1405 3757 1476 δευτέρου

2202 1491 2544 1560 άντιφώνου,
2588 1510 2606 1543 «
2638 1493 2886 1562 Δεόμεθά
2914 1511 3031 1560 σου,
3091 1496 3264 1566 Κύριε
3313 1500 3341 1551 ὁ
3370 1497 3499 1563 Θεὸς
3527 1499 3672 1568 ἡμῶν
3693 1519 3706 1532 ο
3739 1519 3752 1550 ι

2204 1585 2298 1636 καὶ
2338 1585 2595 1653 ὲκφωνεί,
2637 1603 2654 1635 «
2722 1587 2846 1638 Ὀτι
2906 1587 3224 1655 δεδόξασταί
3288 1576 3386 1642 σου
3411 1591 3473 1643 τὸ
3522 1592 3758 1660 πανάγιον

2203 1675 2395 1746 ὅκομα.
2431 1695 2450 1729 ι
2492 1678 2600 1730 Kal
2640 1678 2695 1730 οἰ·
2714 1677 2916 1747 ψάλται
2940 1680 3000 1733 τὸ
3033 1680 3288 1750 δεύτερον
3349 1682 3658 1753 ἀντίφωνον,
3684 1684 3759 1736 τὸν

2208 1769 2438 1837 Ψαλμον
2476 1770 2716 1835 ἅπαντα,
2776 1790 2792 1822 «
2833 1771 3038 1842 Κύριος
3091 1774 3382 1843 φωτισμός
3414 1791 3515 1844 μου
3551 1776 3636 1826 καὶ
3663 1775 3758 1827 Σω-

2202 1863 2306 1933 τήρ
2342 1879 2466 1932 μου,
2501 1883 2520 1916 ι
2564 1865 2660 1916 καὶ
2703 1863 2890 1934 στίχον
2922 1864 3175 1934 λέγοντες
3208 1868 3258 1919 οἱ
3289 1867 3384 1920 δύο
3410 1870 3578 1939 χοροὶ,
3611 1887 3627 1920 «
3664 1867 3758 1920 Σώο

2203 1971 2295 2007 σον
2337 1955 2504 2025 ἡμᾶς.
2571 1956 2666 2009 Υἱὲ
2734 1956 2894 2023 Θεοῦ,
2962 1957 3274 2028 ψάλλοντάς
3313 1977 3396 2014 σοι
3452 1961 3758 2032 ’Δλληλούῖα.

2200 2045 2337 2111 Δᾶξα
2393 2046 2490 2099 καὶ
2533 2046 2631 2101 νῦν
2687 2046 2744 2100 τὸ
2797 2047 2954 2102 αὑτό.
3011 2067 3029 2099 υ
3077 2050 3187 2103 Καὶ
3239 2050 3458 2114 αὒθιςό
3518 2052 3760 2117 διάκονος,

2207 2155 2224 2186 «
2262 2137 2384 2189 Ἔτι
2413 2138 2510 2190 καὶ
2558 2137 2662 2192 ἔτι.
2707 2157 2726 2190 ι
2776 2139 2835 2192 '0
2891 2139 3075 2210 ίερεὺς
3125 2144 3412 2212 μυστικῶς
3445 2145 3540 2216 τὴν
3595 2145 3760 2215 τρίτην

2203 2229 2391 2301 εὐχὴν,
2435 2249 2453 2282 «
2493 2229 2667 2303 Κύριε
2694 2233 2722 2284 6
2754 2231 2890 2296 Θεδς
2915 2233 2944 2285 ὁ
2979 2236 3407 2305 παντοκράτωρ,
3438 2255 3455 2288 ι
3497 2237 3588 2290 καὶ
3614 2239 3764 2304 ἐκφω-

2204 2326 2302 2386 νεῖ,
2345 2343 2362 2374 «
2399 2325 2524 2377 ’Ότι
2576 2325 2804 2394 ἀγαθός.
2846 2344 2864 2379 ι
2912 2329 3022 2381 Kal
3056 2328 3324 2398 ψάλλεται
3347 2331 3410 2384 τὸ
3440 2330 3614 2398 τρίτον
3642 2327 3763 2383 ἀντία

2205 2435 2386 2484 φωνον
2433 2420 2576 2471 κατὰ
2628 2421 2812 2490 στίχον
2846 2421 3122 2490 λεγόντων
3183 2425 3504 2496 Ἀλληλούῖα
3549 2422 3760 2502 διπλοῦντ
3849 2465 3854 2474 .

2206 2509 2302 2574 Εἰς
2329 2511 2383 2563 δὲ
2411 2507 2503 2564 τὸν
2533 2511 2740 2582 στίχον,
2786 2533 2804 2566 «
2844 2515 3224 2586 Πορευὸμενος
3257 2520 3317 2570 ὲν
3343 2519 3447 2588 ὁδῷ
3494 2519 3712 2589 ἀμώμῳ,
3741 2537 3756 2568 ι

2205 2601 2336 2674 ἄχρι
2368 2604 2559 2668 τέλους
2593 2604 2689 2658 τοῦ
2722 2605 2956 2675 Ψαλμοῦ
3008 2609 3085 2671 ὡς
3142 2610 3200 2662 ιν
3229 2613 3314 2664 ἑνὶ
3367 2613 3534 2678 στίχω
3582 2614 3762 2680 γίνεται

2207 2695 2414 2759 εἴσοδος
2444 2697 2525 2760 είς
2556 2696 2650 2751 τὸν
2689 2698 2868 2751 σωλέα
2903 2699 2968 2752 ἐκ
3001 2701 3096 2753 τοῦ
3129 2699 3379 2771 βήματος
3427 2702 3661 2755 διακόνου
3687 2699 3762 2752 καὶ

2209 2790 2403 2859 ἱερέως
2452 2790 2575 2860 δίχα
2603 2789 2803 2859 φώτων
2869 2792 2967 2845 καὶ
3026 2792 3310 2862 θυμιατοῦ
3359 2796 3460 2866 τὴν
3518 2794 3643 2864 πρὸς
3690 2794 3764 2844 τὸν

2209 2884 2450 2952 σταυρὸν
2490 2884 2800 2954 ἀπαγωγὴν
2854 2885 3165 2956 δηλούντων
3222 2887 3320 2941 τοῦ
3367 2888 3587 2958 Κυρίου,
3650 2884 3766 2939 κατὰ

510 2996 724 3042 sextam
749 2986 1025 3040 sublatum
1062 2983 1442 3037 ostendentes.
1482 2981 1609 3036 Ideo
1637 2981 1783 3035 istud
1819 2980 1964 3036 inter
1995 2988 2098 3036 ter-

2206 2978 2305 3048 τὴν
2337 2978 2508 3047 ἕκτην
2538 2976 2692 3047 ὥραν
2717 2980 3124 3050 γεγενημένην.
3176 2981 3271 3034 Διὸ
3307 2982 3401 3035 καὶ
3458 2957 3594 3050 αὕτη
3625 2981 3676 3032 ἐν
3711 2978 3764 3047 τῇ

513 3084 640 3134 tiam
693 3090 1020 3146 sextamque
1081 3077 1296 3139 horam,
1355 3075 1590 3129 diacono
1623 3074 1850 3144 quidem
1886 3073 2098 3128 dicente

2211 3070 2506 3142 τριτοέκτῃ
2567 3070 2827 3137 τελεῖται,
2895 3071 2990 3124 τοῦ
3065 3071 3320 3127 διακόνου
3381 3076 3481 3144 μὲν
3527 3074 3763 3141 λέγοντος,

515 3173 777 3238 licltcdic,
802 3171 1058 3236 Domine,
1084 3181 1337 3223 sanctum
1366 3168 1678 3232 introitum,
1698 3167 1988 3222 sacerdote
2006 3182 2098 3220 au-

2216 3182 2234 3214 «
2271 3162 2604 3232 Εὑλὸγησον,
2669 3161 2932 3227 δέσποτα,
2996 3163 3100 3236 τὴν
3157 3165 3330 3232 ἁγίαν
3367 3163 3587 3226 είσοδον,
3623 3181 3640 3214 ›
3691 3156 3764 3210 τοῦ

516 3282 624 3321 tem
650 3266 866 3319 dicente
899 3262 1233 3324 orationem,
1279 3261 1640 3314 «Benedictus
1678 3261 1960 3331 ingressus
1984 3274 2098 3313 san-

2213 3256 2404 3327 ἱερέως
2443 3256 2500 3310 δὲ
2544 3255 2643 3325 τὴν
2706 3255 2873 3326 εὐχὴν
2898 3256 3017 3323 τοῦ,
3050 3274 3069 3308 «
3112 3257 3480 3330 Εὐλογημένη
3533 3251 3766 3326 ὴείσοῖος

517 3371 735 3412 ctorttnt
785 3352 1300 3418 tuorum,Domine,
1344 3357 1394 3405 itt
1431 3361 1752 3422 perpetuum
1777 3360 1832 3406 et
1878 3366 2024 3405 nunc
2053 3359 2098 3405 el

2207 3353 2318 3404 τῶν
2345 3349 2520 3416 άγίων
2557 3367 2672 3414 σου,
2713 3349 2909 3420 Κύριε,
2945 3351 3179 3404 πάντοτε
3215 3350 3315 3404 νῦν
3343 3353 3438 3404 καὶ
3466 3350 3568 3405 άεί.
3600 3367 3617 3400 ι
3645 3343 3766 3410 Mitt]

517 3465 791 3518 semper.)
821 3449 928 3502 Iste
950 3462 1078 3500 vero
1103 3447 1404 3514 ingressus,
1432 3453 1492 3497 ιιι
1512 3444 1718 3498 dictum
1742 3453 1844 3508 est,
1872 3445 2098 3499 incrucc

2210 3445 2244 3514 ἡ
2272 3443 2506 3510 εἴσοδος,
2557 3444 2633 3507 ὡς
2670 3444 2907 3514 εῐρηται,
2937 3444 3026 3496 τὸν
3053 3445 3133 3505 είς
3163 3444 3256 3534 τξν
3277 3445 3508 3514 σταυρὸν
3533 3437 3766 3508 έλκυσμὸν

519 3542 880 3611 suspendium
905 3540 1144 3596 ostendit
1170 3538 1473 3593 Salvatoris
1495 3538 1640 3594 circa
1671 3540 1861 3592 boram
1894 3547 2098 3593 sextam

2209 3536 2366 3606 δηλοῖ
2394 3535 2488 3590 τοῦ
2521 3537 2798 3606 Σωτῆρος,
2831 3538 2975 3589 κατὰ
3021 3537 3119 3607 τὴν
3167 3535 3340 3608 ἕκτην
3371 3537 3520 3607 ὥραν
3576 3548 3769 3603 γεγενη-

517 3635 717 3690 sublati
763 3644 818 3687 et
877 3631 1166 3698 crucifixi,
1223 3630 1444 3700 quando
1513 3642 1566 3685 et
1623 3630 1887 3686 latronem
1945 3630 2098 3684 simul

2217 3632 2378 3703 μένον
2409 3631 2756 3701 ἀπαχθέντος
2796 3631 2892 3684 καὶ
2939 3629 3357 3698 σταυρωθέντος
3383 3647 3398 3661 σ
3432 3632 3519 3683 ὅτε
3557 3625 3643 3681 καὶ
3695 3621 3769 3674 τὸν

513 3729 841 3784 cruciﬁxum
893 3738 1116 3798 propter
1150 3741 1323 3794 pauca
1355 3723 1692 3794 posuitentia:
1715 3724 1881 3778 verba
1915 3724 1970 3777 in
1999 3737 2098 3778 cm-

2213 3724 2675 3794 ουσταυρωῦέντα
2723 3724 2936 3796 λῃστὴν
2971 3723 3192 3793 είσῆξεν
3248 3725 3312 3778 ὲν
3345 3723 3542 3791 ὀλίγοις
3590 3721 3768 3789 ῥήματι

518 3824 631 3877 lum
687 3821 1015 3876 introduxit.
1046 3819 1413 3886 Quamobrem
1465 3817 1708 3888 purpura
1772 3815 1948 3870 induti
1982 3824 2111 3871 sunt

516 3921 790 3974 diaconus
837 3928 896 3972 et
947 3917 1209 3972 sacerdos
1250 3914 1380 3969 binc
1428 3913 1645 3968 Domini
1705 3913 2016 3982 passionem
2057 3919 2111 3964 et

519 4020 750 4064 mortem
788 4008 1187 4079 signiﬁcantes.
1227 4005 1430 4061 Verum
1495 4007 1642 4061 facto
1684 4007 1961 4076 ingressu,
1992 4005 2112 4059 dia-

518 4105 919 4158 conusiterum
978 4103 1207 4172 pacilica
1255 4099 1411 4164 dicit,
1447 4100 1756 4155 orationem
1804 4106 1986 4152 autem
2023 4113 2112 4152 sa-

517 4195 733 4259 cct'dns,
773 4193 1032 4247 «Domine
1069 4195 1208 4246 Dens
1228 4203 1445 4260 patrum
1467 4198 1842 4253 nostrorum,»
1871 4204 1990 4259 qua:
2025 4195 2111 4243 est

521 4291 678 4342 bone
699 4299 867 4341 sexta:
912 4286 1110 4349 oratio,
1145 4294 1200 4339 et
1241 4294 1499 4354 precatur
1547 4291 1608 4338 ut
1664 4283 2038 4339 custodiantur
2081 4297 2110 4336 a

519 4386 716 4452 sagitta
753 4383 968 4435 volante
1022 4380 1076 4434 in
1112 4379 1222 4447 die,
1267 4393 1296 4434 a
1329 4378 1551 4449 negetio
1599 4378 2021 4448 perambulante
2057 4377 2111 4430 in

528 4476 790 4540 tenebris,
841 4475 909 4527 ab
943 4474 1167 4526 incursu
1210 4479 1265 4525 et
1315 4469 1585 4525 daemonio
1617 4469 1946 4531 meridiano,
1980 4469 2098 4522 alia-

2216 4476 2446 4547 τομένου
2477 4474 2721 4546 ἡμέρας,
2753 4475 2865 4528 ἀπὸ
2906 4474 3237 4543 πράγματος
3283 4475 3344 4529 ὲν
3382 4473 3558 4528 σκότει
3610 4468 3766 4519 6mm-

525 4586 632 4641 que
662 4570 833 4622 multa
856 4583 884 4621 a
921 4567 1030 4620 Deo
1057 4563 1348 4632 efﬂagitat.
1376 4563 1440 4616 Et
1475 4561 1772 4623 exclamat,
1810 4560 2098 4627 «Quoniam

2220 4545 2539 4639 ρευομένου,
2569 4545 2678 4620 άπὸ
2709 4565 3118 4638 συμπτώματος
3150 4568 3243 4620 καὶ
3271 4566 3550 4636 δαιμονίου
3584 4571 3766 4630 μεσημ’

527 4677 578 4717 te
611 4662 822 4724 det-et,»
861 4659 1159 4729 statimque
1184 4666 1443 4712 cantores
1463 4654 1758 4726 pr0pltetiae
1776 4653 2098 4707 versiculun‘

2220 4661 2432 4733 ϐρινοῦ,
2477 4679 2495 4712 ο
2533 4660 2627 4713 καὶ
2649 4659 2816 4729 ἕτερα
2848 4659 3148 4726 ὲξαιτεῖται
3184 4659 3417 4712 πλεῖστα
3452 4655 3596 4722 παρὰ
3635 4645 3766 4703 Θεοῦ·

529 4759 902 4820 ΙιιυιΙιιΙιιιιιιιΓ,
934 4761 990 4810 et
1017 4753 1190 4808 lector
1223 4752 1276 4804 in
1313 4747 1548 4803 amboue
1569 4747 1702 4816 legit
1731 4745 2098 4815 prophetiam;

2220 4755 2333 4807 Kal
2359 4753 2620 4822 ὲκφωνεῖ,
2657 4768 2675 4801 «
2705 4751 2831 4803 ’Ότι
2861 4751 3067 4820 πρέπει
3092 4765 3194 4805 σοι.
3226 4768 3246 4801 ι
3284 4751 3395 4805 Kal
3417 4749 3573 4810 εὐθὺς
3599 4743 3644 4796 οε
3665 4738 3770 4808 ψάλ·

529 4872 636 4925 qua
666 4855 832 4917 dicta,
855 4853 1119 4906 diaconus
1152 4849 1250 4912 ait,
1277 4847 1566 4900 «Dicamus
1581 4856 1827 4897 omnes.»
1846 4838 2098 4894 Sacerdos

2219 4865 2307 4901 ται
2336 4849 2396 4901 τὸ
2421 4846 2725 4918 τροπάριον
2761 4845 3033 4916 μέλπουσι
3077 4846 3176 4915 τῆς
3227 4843 3584 4914 προφητείας.
3634 4827 3770 4888 Καὶδ

531 4962 658 5001 vero
701 4946 1008 4998 orationem
1045 4939 1384 5016 continentis
1440 4935 1846 5005 deprecationis
1899 4945 2098 4987 secrett

2220 4940 2581 5008 άναγνώστης
2607 4937 2694 4990 ἐπ’
2742 4935 3001 5007 ἄμϐωνος
3053 4935 3424 5005 ἀναγινώσκει
3458 4931 3556 5002 τὴν
3589 4937 3771 4997 προφη·

532 5042 813 5103 recitat,et
832 5037 1129 5099 exclamat,
1153 5031 1455 5100 «Quoniam
1475 5027 1816 5107 misericors.
1834 5048 1851 5080 ο
1875 5027 2098 5080 Cauera-

2219 5034 2392 5088 τεὶαν.
2450 5033 2560 5086 Kal
2616 5032 2732 5101 μετ’
2785 5029 2958 5100 αὐτὴν
3000 5029 3303 5094 ὁδιάκονος
3357 5028 3438 5094 τὺ,
3494 5045 3511 5078 «
3548 5022 3768 5123 Εῐπωμξν

531 5155 640 5206 que
680 5137 816 5188 ﬁunt
867 5131 1200 5186 secundum.
1231 5125 1478 5182 ordinem
1528 5105 1708 5178 Missa:
1773 5132 1897 5192 post
1941 5123 2098 5176 Evan

2221 5127 2446 5193 πάντες,
2485 5144 2504 5177 ι
2548 5125 2738 5196 φησίν.
2797 5123 2856 5177 ὐ
2885 5124 2942 5178 δὲ
3000 5124 3182 5194 ἱερεὺς
3209 5123 3330 5177 καθ’
3377 5119 3563 5176 ἕαυτὶν
3588 5114 3680 5183 τὴν
3697 5105 3769 5206 uti:

525 5199 751 5295 g-eltum.
835 5223 971 5276 Nam
1048 5223 1102 5275 in
1193 5218 1424 5289 ﬁguram
1501 5217 1744 5287 Apostoli
1814 5219 1976 5272 simul
2064 5235 2093 5273 e

2221 5222 2324 5292 χὴν
2350 5223 2446 5292 τῆς
2469 5220 2731 5283 ὲκτσνοῦς
2760 5221 2990 5280 ἱκεσίας.
3024 5219 3136 5272 Kal
3163 5219 3420 5286 ὲκφωνεί,
3452 5234 3470 5268 «
3505 5213 3618 5265 Ὀτι
3643 5199 3770 5295 “Et?

531 5291 812 5388 Evangelii
839 5317 1034 5386 legitur
1068 5313 1228 5367 lectio
1258 5311 1380 5365 libri
1411 5311 1584 5379 Isaiae,
1625 5325 1747 5366 aeta
1812 5314 2098 5368 SaIVatorit

2223 5291 2364 5386 μων.
2409 5335 2427 5368 ι
2476 5316 2588 5368 Kal
2619 5313 2688 5368 τὰ
2721 5315 2886 5368 λοιπά
2933 5313 3148 5382 γίνεται
3177 5312 3322 5365 κατὰ
3386 5309 3476 5362 τὸν
3505 5304 3662 5358 τύπον
3687 5291 3768 5357 τῆς

527 5412 836 5466 evidentius
875 5411 999 5462 aliis
1037 5405 1386 5475 praedicantis
1409 5416 1465 5460 et
1502 5408 1804 5476 praesertim
1842 5409 2098 5477 passroni:

2229 5409 2386 5480 ἱερᾶς
2417 5408 2767 5479 λειτουργίας
2805 5407 2947 5473 μετά
2982 5407 3042 5459 τὸ
3093 5404 3446 5473 Εὐαγγέλιον.
3485 5397 3574 5458 Είς
3625 5387 3768 5480 τύπον

531 5505 652 5575 ejus
682 5501 1154 5557 circumstantias.
1191 5498 1340 5552 lianc
1366 5496 1538 5555 fuisse
1558 5501 1839 5571 antiquam
1875 5517 1903 5554 a
1940 5500 2089 5555 Patri

2228 5471 2338 5572 γάρ
2370 5471 2462 5556 tm.)
2508 5471 2837 5555 Ἀποστόλου
2862 5501 2978 5571 ἅμα
3013 5501 3109 5554 καὶ
3143 5471 3239 5552 τοῦ
3261 5471 3598 5563 -Εὖαγγελίου
3619 5471 3766 5575 τδᾳτοῦ

531 5600 637 5653 bus
670 5593 1128 5653 consuetudinem
1159 5601 1304 5662 patet
1331 5609 1393 5645 ex
1428 5609 1491 5647 ρο
1519 5601 1663 5665 quod
1725 5595 1781 5648 in
1823 5594 1956 5664 ipsis
1995 5610 2098 5648 mo

2240 5595 2468 5649 Ἦσαῖου
2503 5595 2841 5666 ἀνάγνωσμα
2869 5595 3112 5664 λέγεται,
3150 5593 3220 5646 τά
3258 5589 3390 5660 περὶ
3432 5583 3521 5638 τοῦ
3549 5572 3768 5644 Σοινιῆρος

2214 3912 2604 3984 ριὸεόλημένοι
2657 3910 2799 3965 εἰσὶν
2850 3911 2879 3964 ὅ
2908 3925 2970 3963 τι
3013 3910 3268 3973 διάκονος
3306 3911 3400 3964 καὶ
3451 3908 3480 3959 ὁ
3511 3905 3695 3975 ἱερεὺς,
3720 3897 3768 3949 τδ

2213 4007 2386 4071 πάθος
2417 4009 2478 4059 ἐκ
2525 4003 2718 4058 τούτου
2766 4003 2987 4058 καὶτὸν
3017 4003 3250 4056 θάνατον
3300 4003 3651 4072 σημαίνοντες
3693 3988 3768 4043 τοῦ

2213 4099 2442 4171 Κυρίου.
2476 4098 2628 4153 Μετὰ
2659 4098 2718 4152 δὲ
2763 4097 2863 4166 τὴν
2892 4095 3099 4150 εἴσοδον
3124 4098 3152 4148 ὁ
3205 4095 3310 4165 μὲν
3356 4096 3595 4154 διάκονος
3631 4084 3769 4140 πάλιν

2212 4194 2281 4246 τὰ
2309 4191 2594 4263 εἰρηνικὰ,
2635 4193 2662 4244 ό
2684 4191 2741 4244 δὲ
2778 4191 2958 4261 ἱερεὺς
2983 4189 3082 4260 τὴν
3109 4188 3276 4260 εὐχὴν
3313 4190 3482 4258 λέγει,
3519 4206 3537 4238 «
3575 4177 3769 4253 Κύριεὸ

2213 4287 2346 4349 Θεὸς
2381 4289 2486 4341 τῶν
2532 4278 2784 4355 πατέρων
2821 4283 3003 4356 ⁴ἡμῶν,
3040 4303 3058 4335 ι
3095 4285 3130 4354 ἢ
3156 4287 3256 4355 τῆς
3297 4285 3464 4356 ἕκτης
3492 4280 3632 4352 ὧρας
3654 4271 3765 4334 ἐστὶν

2215 4383 2310 4435 καὶ
2340 4380 2564 4450 εὔχεται
2602 4379 3040 4449 διαφυλαχθῆναι
3075 4379 3227 4448 ἡμᾶς
3272 4395 3290 4429 ι
3332 4378 3439 4433 ἀπὸ
3485 4375 3659 4447 βέλους
3689 4383 3767 4419 πε·

606 5757 680 5826 (1)
715 5754 1183 5826 Μϐυτδῖονδοίίιιηι
1216 5755 1331 5811 sive
1356 5756 1615 5816 thronus:
1650 5756 1922 5812 Gretsero
1951 5756 2013 5826 in
2034 5754 2334 5823 Cndinum,
2359 5754 2506 5808 locus
2531 5755 2599 5808 ad
2630 5756 2888 5809 orientem
2918 5755 3106 5821 solem,
3137 5754 3443 5823 con'iguum
3477 5727 3767 5800 bematisit'c

535 5825 904 5879 tabernaculo.
945 5825 1078 5878 Vide
1111 5828 1394 5882 Suircrum
1427 5829 1480 5880 in
1521 5827 1814 5894 Thesauro,
1847 5843 1898 5896 ιι.
1926 5825 2085 5881 ενοι).

2214 3817 2510 3888 μετανοίας
2543 3822 2625 3881 εἰς
2653 3813 2746 3870 τὸν
2779 3816 3134 3884 παράδεισον.
3165 3817 3257 3870 Διὸ
3293 3817 3388 3871 καὶ
3419 3811 3664 3884 πορφυρᾶ
3699 3821 3771 3860 πε·
