  <div class='ocr_page' id='page_1' title='image "/cluster/home/n/w/nwhite01/storage/ocr_20150623/155/coo.31924054870609/336.png"; bbox 0 0 4046 6430; ppageno 0'>
   <div class='ocr_carea' id='block_1_1' title="bbox 349 346 458 413">
    <p class='ocr_par' dir='ltr' id='par_1_1' title="bbox 349 346 458 413">
     <span class='ocr_line' id='line_1_1' title="bbox 349 346 458 413; baseline -0.037 1"><span class='ocrx_word' id='word_1_1' title='bbox 349 346 458 413; x_wconf 83' lang='grc'><strong>653</strong></span> 
     </span>
    </p>
   </div>
   <div class='ocr_carea' id='block_1_2' title="bbox 1523 340 2455 406">
    <p class='ocr_par' dir='ltr' id='par_1_2' title="bbox 1523 340 2455 406">
     <span class='ocr_line' id='line_1_2' title="bbox 1523 340 2455 406; baseline 0.005 -5"><span class='ocrx_word' id='word_1_2' title='bbox 1523 340 1624 402; x_wconf 91' lang='lat' dir='ltr'><strong>DE</strong></span> <span class='ocrx_word' id='word_1_3' title='bbox 1670 341 1914 403; x_wconf 81' lang='lat' dir='ltr'><strong>SACRA</strong></span> <span class='ocrx_word' id='word_1_4' title='bbox 1951 343 2455 406; x_wconf 80' lang='lat' dir='ltr'><strong>PRECATIONE.</strong></span> 
     </span>
    </p>
   </div>
   <div class='ocr_carea' id='block_1_3' title="bbox 3512 346 3620 417">
    <p class='ocr_par' dir='ltr' id='par_1_3' title="bbox 3512 346 3620 417">
     <span class='ocr_line' id='line_1_3' title="bbox 3512 346 3620 417; baseline 0.019 -2"><span class='ocrx_word' id='word_1_5' title='bbox 3512 346 3620 417; x_wconf 67' lang='lat'><em>656</em></span> 
     </span>
    </p>
   </div>
   <div class='ocr_carea' id='block_1_4' title="bbox 330 457 1935 542">
    <p class='ocr_par' dir='ltr' id='par_1_4' title="bbox 330 457 1925 533">
     <span class='ocr_line' id='line_1_4' title="bbox 330 457 1925 533; baseline -0.002 -16"><span class='ocrx_word' id='word_1_6' title='bbox 330 457 740 533; x_wconf 68' lang='grc' dir='ltr'>θμφανέστερον</span> <span class='ocrx_word' id='word_1_7' title='bbox 769 458 879 513; x_wconf 90' lang='grc' dir='ltr'><strong>τῶν</strong></span> <span class='ocrx_word' id='word_1_8' title='bbox 914 459 1090 515; x_wconf 82' lang='grc' dir='ltr'>ἄλλων</span> <span class='ocrx_word' id='word_1_9' title='bbox 1119 458 1513 531; x_wconf 79' lang='grc' dir='ltr'><strong>κηρύττοντος,</strong></span> <span class='ocrx_word' id='word_1_10' title='bbox 1570 460 1665 515; x_wconf 77' lang='grc' dir='ltr'>καὶ</span> <span class='ocrx_word' id='word_1_11' title='bbox 1694 460 1765 515; x_wconf 83' lang='grc' dir='ltr'><strong>τὰ</strong></span> <span class='ocrx_word' id='word_1_12' title='bbox 1795 462 1925 533; x_wconf 70' lang='grc' dir='ltr'>περὶ</span> 
     </span>
    </p>
   </div>
   <div class='ocr_carea' id='block_1_5' title="bbox 2042 457 3619 542">
    <p class='ocr_par' dir='ltr' id='par_1_5' title="bbox 2042 465 3619 542">
     <span class='ocr_line' id='line_1_5' title="bbox 2042 465 3619 542; baseline 0.009 -25"><span class='ocrx_word' id='word_1_13' title='bbox 2042 465 2290 522; x_wconf 78' lang='lat' dir='ltr'><strong>aasteriis</strong></span> <span class='ocrx_word' id='word_1_14' title='bbox 2348 467 2484 522; x_wconf 89' lang='lat' dir='ltr'><strong>liora</strong></span> <span class='ocrx_word' id='word_1_15' title='bbox 2542 477 2696 524; x_wconf 81' lang='lat' dir='ltr'><strong>sexta</strong></span> <span class='ocrx_word' id='word_1_16' title='bbox 2744 469 2943 542; x_wconf 75' lang='lat' dir='ltr'><strong>legitur</strong></span> <span class='ocrx_word' id='word_1_17' title='bbox 2990 470 3157 528; x_wconf 84' lang='lat' dir='ltr'><strong>lectio</strong></span> <span class='ocrx_word' id='word_1_18' title='bbox 3211 471 3333 529; x_wconf 84' lang='lat' dir='ltr'><strong>libri</strong></span> <span class='ocrx_word' id='word_1_19' title='bbox 3377 473 3531 532; x_wconf 71' lang='lat' dir='ltr'><strong>Isaia:</strong></span> <span class='ocrx_word' id='word_1_20' title='bbox 3563 474 3619 531; x_wconf 89' lang='lat' dir='ltr'><strong>in</strong></span> 
     </span>
    </p>
   </div>
   <div class='ocr_carea' id='block_1_6' title="bbox 332 548 1922 624">
    <p class='ocr_par' dir='ltr' id='par_1_6' title="bbox 332 548 1922 624">
     <span class='ocr_line' id='line_1_6' title="bbox 332 548 1922 624; baseline -0.002 -14"><span class='ocrx_word' id='word_1_21' title='bbox 332 557 426 610; x_wconf 63' lang='grc' dir='ltr'><strong>τοῦ</strong></span> <span class='ocrx_word' id='word_1_22' title='bbox 454 552 662 616; x_wconf 79' lang='grc' dir='ltr'>πάθους</span> <span class='ocrx_word' id='word_1_23' title='bbox 696 551 898 622; x_wconf 82' lang='grc' dir='ltr'>μᾶλλον</span> <span class='ocrx_word' id='word_1_24' title='bbox 933 548 1129 611; x_wconf 81' lang='grc' dir='ltr'>αὐτοῦ.</span> <span class='ocrx_word' id='word_1_25' title='bbox 1187 550 1316 606; x_wconf 75' lang='grc' dir='ltr'>Ὀτι</span> <span class='ocrx_word' id='word_1_26' title='bbox 1370 552 1427 606; x_wconf 81' lang='grc' dir='ltr'>δὲ</span> <span class='ocrx_word' id='word_1_27' title='bbox 1459 554 1619 607; x_wconf 86' lang='grc' dir='ltr'>τοῦτο</span> <span class='ocrx_word' id='word_1_28' title='bbox 1674 552 1791 617; x_wconf 74' lang='grc' dir='ltr'>ἔθος</span> <span class='ocrx_word' id='word_1_29' title='bbox 1817 554 1922 624; x_wconf 79' lang='grc' dir='ltr'><strong>ἁρ-</strong></span> 
     </span>
    </p>
   </div>
   <div class='ocr_carea' id='block_1_7' title="bbox 336 643 1927 720">
    <p class='ocr_par' dir='ltr' id='par_1_7' title="bbox 336 643 1927 720">
     <span class='ocr_line' id='line_1_7' title="bbox 336 643 1927 720; baseline -0.002 -19"><span class='ocrx_word' id='word_1_30' title='bbox 336 650 494 720; x_wconf 87' lang='grc' dir='ltr'><strong>χαίον</strong></span> <span class='ocrx_word' id='word_1_31' title='bbox 522 647 589 700; x_wconf 84' lang='grc' dir='ltr'>ὲκ</span> <span class='ocrx_word' id='word_1_32' title='bbox 613 645 722 699; x_wconf 92' lang='grc' dir='ltr'><strong>τῶν</strong></span> <span class='ocrx_word' id='word_1_33' title='bbox 754 646 1041 716; x_wconf 76' lang='grc' dir='ltr'>Πατέρων,</span> <span class='ocrx_word' id='word_1_34' title='bbox 1086 644 1247 716; x_wconf 76' lang='grc' dir='ltr'>δῆλον</span> <span class='ocrx_word' id='word_1_35' title='bbox 1280 643 1355 708; x_wconf 88' lang='grc' dir='ltr'><strong>ὡς</strong></span> <span class='ocrx_word' id='word_1_36' title='bbox 1395 646 1490 698; x_wconf 71' lang='grc' dir='ltr'>καὶ</span> <span class='ocrx_word' id='word_1_37' title='bbox 1523 646 1581 699; x_wconf 78' lang='grc' dir='ltr'>ἐν</span> <span class='ocrx_word' id='word_1_38' title='bbox 1610 644 1724 709; x_wconf 80' lang='grc' dir='ltr'>τοῖς</span> <span class='ocrx_word' id='word_1_39' title='bbox 1756 663 1927 711; x_wconf 82' lang='grc' dir='ltr'>μονα-</span> 
     </span>
    </p>
   </div>
   <div class='ocr_carea' id='block_1_8' title="bbox 337 738 1928 812">
    <p class='ocr_par' dir='ltr' id='par_1_8' title="bbox 337 738 1928 812">
     <span class='ocr_line' id='line_1_8' title="bbox 337 738 1928 812; baseline -0.001 -16"><span class='ocrx_word' id='word_1_40' title='bbox 337 741 607 812; x_wconf 88' lang='grc' dir='ltr'>στηρίοις,</span> <span class='ocrx_word' id='word_1_41' title='bbox 634 740 776 794; x_wconf 79' lang='grc' dir='ltr'>κατᾶ</span> <span class='ocrx_word' id='word_1_42' title='bbox 806 738 908 810; x_wconf 83' lang='grc' dir='ltr'>τὴν</span> <span class='ocrx_word' id='word_1_43' title='bbox 935 740 1104 811; x_wconf 72' lang='grc' dir='ltr'>ἕκτην</span> <span class='ocrx_word' id='word_1_44' title='bbox 1131 740 1166 810; x_wconf 80' lang='grc' dir='ltr'><strong>ἡ</strong></span> <span class='ocrx_word' id='word_1_45' title='bbox 1206 740 1522 811; x_wconf 74' lang='grc' dir='ltr'>προφητεία</span> <span class='ocrx_word' id='word_1_46' title='bbox 1565 739 1660 792; x_wconf 73' lang='grc' dir='ltr'><strong>τοῦ</strong></span> <span class='ocrx_word' id='word_1_47' title='bbox 1700 740 1928 794; x_wconf 81' lang='grc' dir='ltr'><strong>Ἡσαΐου</strong></span> 
     </span>
    </p>
   </div>
   <div class='ocr_carea' id='block_1_9' title="bbox 230 831 1927 905">
    <p class='ocr_par' dir='ltr' id='par_1_9' title="bbox 230 831 1927 905">
     <span class='ocr_line' id='line_1_9' title="bbox 230 831 1927 905; baseline -0.003 -14"><span class='ocrx_word' id='word_1_48' title='bbox 230 837 249 847; x_wconf 78' lang='grc'><strong>“</strong></span> <span class='ocrx_word' id='word_1_49' title='bbox 336 834 778 903; x_wconf 73' lang='grc' dir='ltr'><strong>ἀναγινώσκεται</strong></span> <span class='ocrx_word' id='word_1_50' title='bbox 824 834 882 888; x_wconf 81' lang='grc' dir='ltr'>ὲν</span> <span class='ocrx_word' id='word_1_51' title='bbox 937 833 1034 905; x_wconf 75' lang='grc' dir='ltr'><strong>ὅλῃ</strong></span> <span class='ocrx_word' id='word_1_52' title='bbox 1088 835 1154 904; x_wconf 68' lang='grc' dir='ltr'>τῇ</span> <span class='ocrx_word' id='word_1_53' title='bbox 1209 832 1668 904; x_wconf 70' lang='grc' dir='ltr'>Τεσσαρακοστῇ.</span> <span class='ocrx_word' id='word_1_54' title='bbox 1712 831 1782 886; x_wconf 88' lang='lat' dir='ltr'><strong>&#39;H</strong></span> <span class='ocrx_word' id='word_1_55' title='bbox 1832 834 1927 886; x_wconf 86' lang='grc' dir='ltr'><strong>τοῦ</strong></span> 
     </span>
    </p>
   </div>
   <div class='ocr_carea' id='block_1_10' title="bbox 350 924 1929 999">
    <p class='ocr_par' dir='ltr' id='par_1_10' title="bbox 350 924 1929 999">
     <span class='ocr_line' id='line_1_10' title="bbox 350 924 1929 999; baseline -0.002 -16"><span class='ocrx_word' id='word_1_56' title='bbox 350 927 621 999; x_wconf 81' lang='grc' dir='ltr'>Ἱεζεκιὴλ</span> <span class='ocrx_word' id='word_1_57' title='bbox 655 926 714 981; x_wconf 79' lang='grc' dir='ltr'>δὲ</span> <span class='ocrx_word' id='word_1_58' title='bbox 738 926 799 980; x_wconf 84' lang='grc' dir='ltr'>ὲν</span> <span class='ocrx_word' id='word_1_59' title='bbox 830 928 896 998; x_wconf 83' lang='grc' dir='ltr'><strong>τῇ</strong></span> <span class='ocrx_word' id='word_1_60' title='bbox 932 926 1168 997; x_wconf 81' lang='grc' dir='ltr'>μεγίστῃ</span> <span class='ocrx_word' id='word_1_61' title='bbox 1207 924 1491 996; x_wconf 80' lang='grc' dir='ltr'>ἐόδομάδι,</span> <span class='ocrx_word' id='word_1_62' title='bbox 1534 926 1612 989; x_wconf 83' lang='grc' dir='ltr'><strong>ὡς</strong></span> <span class='ocrx_word' id='word_1_63' title='bbox 1634 925 1732 979; x_wconf 78' lang='grc' dir='ltr'>καὶ</span> <span class='ocrx_word' id='word_1_64' title='bbox 1759 925 1929 980; x_wconf 81' lang='grc' dir='ltr'>αὐτοῦ</span> 
     </span>
    </p>
   </div>
   <div class='ocr_carea' id='block_1_11' title="bbox 338 1017 1934 1091">
    <p class='ocr_par' dir='ltr' id='par_1_11' title="bbox 338 1017 1934 1091">
     <span class='ocr_line' id='line_1_11' title="bbox 338 1017 1934 1091; baseline -0.004 -15"><span class='ocrx_word' id='word_1_65' title='bbox 338 1024 407 1078; x_wconf 82' lang='grc' dir='ltr'>τὰ</span> <span class='ocrx_word' id='word_1_66' title='bbox 432 1021 581 1091; x_wconf 82' lang='grc' dir='ltr'>πάθη</span> <span class='ocrx_word' id='word_1_67' title='bbox 611 1020 707 1075; x_wconf 89' lang='grc' dir='ltr'><strong>τοῦ</strong></span> <span class='ocrx_word' id='word_1_68' title='bbox 740 1020 998 1090; x_wconf 79' lang='grc' dir='ltr'><strong>Σωτῆρος</strong></span> <span class='ocrx_word' id='word_1_69' title='bbox 1026 1022 1121 1074; x_wconf 75' lang='grc' dir='ltr'>καὶ</span> <span class='ocrx_word' id='word_1_70' title='bbox 1149 1019 1251 1089; x_wconf 81' lang='grc' dir='ltr'>τὴν</span> <span class='ocrx_word' id='word_1_71' title='bbox 1278 1018 1501 1089; x_wconf 74' lang='grc' dir='ltr'>ἔγερσιν</span> <span class='ocrx_word' id='word_1_72' title='bbox 1528 1017 1934 1091; x_wconf 84' lang='grc' dir='ltr'>προαγορεύον-</span> 
     </span>
    </p>
   </div>
   <div class='ocr_carea' id='block_1_12' title="bbox 338 1111 1932 1182">
    <p class='ocr_par' dir='ltr' id='par_1_12' title="bbox 338 1111 1932 1182">
     <span class='ocr_line' id='line_1_12' title="bbox 338 1111 1932 1182; baseline -0.004 -13"><span class='ocrx_word' id='word_1_73' title='bbox 338 1133 450 1180; x_wconf 84' lang='grc' dir='ltr'>τος.</span> <span class='ocrx_word' id='word_1_74' title='bbox 486 1116 599 1169; x_wconf 84' lang='lat' dir='ltr'><strong>Kal</strong></span> <span class='ocrx_word' id='word_1_75' title='bbox 628 1115 655 1167; x_wconf 98' lang='lat'><strong>6</strong></span> <span class='ocrx_word' id='word_1_76' title='bbox 688 1113 786 1182; x_wconf 76' lang='grc' dir='ltr'>μὲν</span> <span class='ocrx_word' id='word_1_77' title='bbox 822 1111 1091 1177; x_wconf 86' lang='grc' dir='ltr'>διάκονος,</span> <span class='ocrx_word' id='word_1_78' title='bbox 1131 1131 1149 1164; x_wconf 90' lang='lat'><strong>«</strong></span> <span class='ocrx_word' id='word_1_79' title='bbox 1181 1111 1449 1181; x_wconf 79' lang='grc' dir='ltr'>Εῠξασθε,</span> <span class='ocrx_word' id='word_1_80' title='bbox 1495 1113 1543 1165; x_wconf 79' lang='grc' dir='ltr'>οἱ</span> <span class='ocrx_word' id='word_1_81' title='bbox 1580 1111 1932 1181; x_wconf 85' lang='grc' dir='ltr'>κατηχούμε-</span> 
     </span>
    </p>
   </div>
   <div class='ocr_carea' id='block_1_13' title="bbox 339 1202 1930 1277">
    <p class='ocr_par' dir='ltr' id='par_1_13' title="bbox 339 1202 1930 1277">
     <span class='ocr_line' id='line_1_13' title="bbox 339 1202 1930 1277; baseline -0.003 -15"><span class='ocrx_word' id='word_1_82' title='bbox 339 1225 443 1269; x_wconf 84' lang='grc' dir='ltr'>νοι,</span> <span class='ocrx_word' id='word_1_83' title='bbox 486 1226 506 1260; x_wconf 86' lang='lat'><strong>»</strong></span> <span class='ocrx_word' id='word_1_84' title='bbox 552 1204 739 1277; x_wconf 86' lang='grc' dir='ltr'>φησίν⁶</span> <span class='ocrx_word' id='word_1_85' title='bbox 773 1208 803 1259; x_wconf 97' lang='lat'><strong>6</strong></span> <span class='ocrx_word' id='word_1_86' title='bbox 825 1206 884 1259; x_wconf 85' lang='grc' dir='ltr'>δὲ</span> <span class='ocrx_word' id='word_1_87' title='bbox 916 1204 1096 1275; x_wconf 76' lang='grc' dir='ltr'>ἱερεὺς</span> <span class='ocrx_word' id='word_1_88' title='bbox 1135 1203 1302 1275; x_wconf 85' lang='grc' dir='ltr'>εὐχὴν</span> <span class='ocrx_word' id='word_1_89' title='bbox 1335 1204 1477 1276; x_wconf 80' lang='grc' dir='ltr'>ὑπὲρ</span> <span class='ocrx_word' id='word_1_90' title='bbox 1521 1202 1632 1259; x_wconf 85' lang='grc' dir='ltr'><strong>τῶν</strong></span> <span class='ocrx_word' id='word_1_91' title='bbox 1657 1220 1930 1274; x_wconf 73' lang='grc' dir='ltr'>κατηχουο</span> 
     </span>
    </p>
   </div>
   <div class='ocr_carea' id='block_1_14' title="bbox 346 1298 1934 1376">
    <p class='ocr_par' dir='ltr' id='par_1_14' title="bbox 346 1298 1934 1376">
     <span class='ocr_line' id='line_1_14' title="bbox 346 1298 1934 1376; baseline -0.004 -18"><span class='ocrx_word' id='word_1_92' title='bbox 346 1306 528 1376; x_wconf 81' lang='grc' dir='ltr'>μένων</span> <span class='ocrx_word' id='word_1_93' title='bbox 559 1305 819 1357; x_wconf 84' lang='grc' dir='ltr'>ποιεῖται.</span> <span class='ocrx_word' id='word_1_94' title='bbox 856 1303 967 1355; x_wconf 81' lang='grc' dir='ltr'><strong>Καὶ</strong></span> <span class='ocrx_word' id='word_1_95' title='bbox 1015 1301 1126 1354; x_wconf 77' lang='grc' dir='ltr'><strong>ἀπὸ</strong></span> <span class='ocrx_word' id='word_1_96' title='bbox 1155 1302 1255 1369; x_wconf 83' lang='grc' dir='ltr'><strong>τῆς</strong></span> <span class='ocrx_word' id='word_1_97' title='bbox 1303 1298 1934 1370; x_wconf 60' lang='grc' dir='ltr'>μεσονηστίμουητετρὰα</span> 
     </span>
    </p>
   </div>
   <div class='ocr_carea' id='block_1_15' title="bbox 342 1389 1933 1466">
    <p class='ocr_par' dir='ltr' id='par_1_15' title="bbox 342 1389 1933 1466">
     <span class='ocr_line' id='line_1_15' title="bbox 342 1389 1933 1466; baseline -0.006 -14"><span class='ocrx_word' id='word_1_98' title='bbox 342 1399 425 1461; x_wconf 85' lang='grc' dir='ltr'><strong>δος</strong></span> <span class='ocrx_word' id='word_1_99' title='bbox 457 1399 485 1450; x_wconf 90' lang='lat'><strong>6</strong></span> <span class='ocrx_word' id='word_1_100' title='bbox 518 1396 619 1466; x_wconf 79' lang='grc' dir='ltr'>μὲν</span> <span class='ocrx_word' id='word_1_101' title='bbox 647 1397 897 1458; x_wconf 86' lang='grc' dir='ltr'>διάκονος</span> <span class='ocrx_word' id='word_1_102' title='bbox 928 1393 1026 1457; x_wconf 78' lang='grc' dir='ltr'>τὰς</span> <span class='ocrx_word' id='word_1_103' title='bbox 1073 1393 1324 1465; x_wconf 85' lang='grc' dir='ltr'>αίτήσεις</span> <span class='ocrx_word' id='word_1_104' title='bbox 1376 1392 1518 1463; x_wconf 76' lang='grc' dir='ltr'>ὑπὲρ</span> <span class='ocrx_word' id='word_1_105' title='bbox 1547 1390 1659 1446; x_wconf 86' lang='grc' dir='ltr'><strong>τῶν</strong></span> <span class='ocrx_word' id='word_1_106' title='bbox 1712 1389 1850 1461; x_wconf 66' lang='grc' dir='ltr'>πρὸς</span> <span class='ocrx_word' id='word_1_107' title='bbox 1872 1390 1933 1443; x_wconf 81' lang='grc' dir='ltr'>τὸ</span> 
     </span>
    </p>
   </div>
   <div class='ocr_carea' id='block_1_16' title="bbox 344 1482 1934 1558">
    <p class='ocr_par' dir='ltr' id='par_1_16' title="bbox 344 1482 1934 1558">
     <span class='ocr_line' id='line_1_16' title="bbox 344 1482 1934 1558; baseline -0.004 -17"><span class='ocrx_word' id='word_1_108' title='bbox 344 1487 501 1556; x_wconf 73' lang='grc' dir='ltr'>ἅγιον</span> <span class='ocrx_word' id='word_1_109' title='bbox 533 1487 794 1558; x_wconf 85' lang='grc' dir='ltr'>φώτισμα</span> <span class='ocrx_word' id='word_1_110' title='bbox 826 1485 1310 1557; x_wconf 81' lang='grc' dir='ltr'>εύτρεπιζομένων</span> <span class='ocrx_word' id='word_1_111' title='bbox 1335 1499 1351 1518; x_wconf 83' lang='lat'>&#39;</span> <span class='ocrx_word' id='word_1_112' title='bbox 1391 1485 1421 1540; x_wconf 92' lang='lat'><strong>6</strong></span> <span class='ocrx_word' id='word_1_113' title='bbox 1453 1484 1511 1538; x_wconf 78' lang='grc' dir='ltr'>δὲ</span> <span class='ocrx_word' id='word_1_114' title='bbox 1557 1483 1740 1555; x_wconf 76' lang='grc' dir='ltr'>ἱερεὺς</span> <span class='ocrx_word' id='word_1_115' title='bbox 1767 1482 1934 1554; x_wconf 84' lang='grc' dir='ltr'>εὐχὴν</span> 
     </span>
    </p>
   </div>
   <div class='ocr_carea' id='block_1_17' title="bbox 344 1574 1933 1651">
    <p class='ocr_par' dir='ltr' id='par_1_17' title="bbox 344 1574 1933 1651">
     <span class='ocr_line' id='line_1_17' title="bbox 344 1574 1933 1651; baseline -0.004 -17"><span class='ocrx_word' id='word_1_116' title='bbox 344 1578 487 1651; x_wconf 77' lang='grc' dir='ltr'>ὑπὲρ</span> <span class='ocrx_word' id='word_1_117' title='bbox 525 1578 731 1647; x_wconf 83' lang='grc' dir='ltr'>αὐτῶν,</span> <span class='ocrx_word' id='word_1_118' title='bbox 768 1598 787 1632; x_wconf 87' lang='lat'><strong>«</strong></span> <span class='ocrx_word' id='word_1_119' title='bbox 822 1579 1001 1650; x_wconf 80' lang='grc' dir='ltr'>Κύριε</span> <span class='ocrx_word' id='word_1_120' title='bbox 1033 1578 1063 1631; x_wconf 90' lang='lat'><strong>6</strong></span> <span class='ocrx_word' id='word_1_121' title='bbox 1101 1577 1236 1642; x_wconf 83' lang='grc' dir='ltr'>Θεὸς</span> <span class='ocrx_word' id='word_1_122' title='bbox 1263 1577 1447 1649; x_wconf 85' lang='grc' dir='ltr'>ἡμῶν,</span> <span class='ocrx_word' id='word_1_123' title='bbox 1503 1576 1772 1647; x_wconf 80' lang='grc' dir='ltr'>ὲπίφανον</span> <span class='ocrx_word' id='word_1_124' title='bbox 1802 1574 1933 1637; x_wconf 81' lang='grc' dir='ltr'>τοὺς</span> 
     </span>
    </p>
   </div>
   <div class='ocr_carea' id='block_1_18' title="bbox 342 1666 1936 1744">
    <p class='ocr_par' dir='ltr' id='par_1_18' title="bbox 342 1666 1936 1744">
     <span class='ocr_line' id='line_1_18' title="bbox 342 1666 1936 1744; baseline -0.002 -17"><span class='ocrx_word' id='word_1_125' title='bbox 342 1672 665 1744; x_wconf 88' lang='grc' dir='ltr'>οίκτιρμούς</span> <span class='ocrx_word' id='word_1_126' title='bbox 716 1686 838 1737; x_wconf 91' lang='grc' dir='ltr'>σου,</span> <span class='ocrx_word' id='word_1_127' title='bbox 877 1690 899 1725; x_wconf 93' lang='lat'><strong>»</strong></span> <span class='ocrx_word' id='word_1_128' title='bbox 961 1671 1059 1728; x_wconf 76' lang='grc' dir='ltr'>καὶ</span> <span class='ocrx_word' id='word_1_129' title='bbox 1112 1672 1447 1743; x_wconf 81' lang='grc' dir='ltr'>ὲκφώνησιν,</span> <span class='ocrx_word' id='word_1_130' title='bbox 1496 1691 1516 1724; x_wconf 96' lang='lat'><strong>»</strong></span> <span class='ocrx_word' id='word_1_131' title='bbox 1548 1673 1672 1727; x_wconf 67' lang='grc' dir='ltr'>’Ὅτι</span> <span class='ocrx_word' id='word_1_132' title='bbox 1701 1672 1766 1725; x_wconf 80' lang='grc' dir='ltr'>σὺ</span> <span class='ocrx_word' id='word_1_133' title='bbox 1819 1666 1871 1724; x_wconf 83' lang='grc' dir='ltr'>εῐ</span> <span class='ocrx_word' id='word_1_134' title='bbox 1906 1673 1936 1725; x_wconf 91' lang='lat'><strong>6</strong></span> 
     </span>
    </p>
   </div>
   <div class='ocr_carea' id='block_1_19' title="bbox 2035 560 3622 639">
    <p class='ocr_par' dir='ltr' id='par_1_19' title="bbox 2035 560 3622 639">
     <span class='ocr_line' id='line_1_19' title="bbox 2035 560 3622 639; baseline 0.007 -29"><span class='ocrx_word' id='word_1_135' title='bbox 2035 566 2147 613; x_wconf 89' lang='lat' dir='ltr'><strong>tota</strong></span> <span class='ocrx_word' id='word_1_136' title='bbox 2180 560 2625 630; x_wconf 83' lang='lat' dir='ltr'><strong>quadragesima,</strong></span> <span class='ocrx_word' id='word_1_137' title='bbox 2651 569 2707 617; x_wconf 86' lang='lat' dir='ltr'><strong>at</strong></span> <span class='ocrx_word' id='word_1_138' title='bbox 2735 563 2789 617; x_wconf 92' lang='lat' dir='ltr'><strong>in</strong></span> <span class='ocrx_word' id='word_1_139' title='bbox 2820 578 3017 635; x_wconf 82' lang='lat' dir='ltr'><strong>magna</strong></span> <span class='ocrx_word' id='word_1_140' title='bbox 3050 564 3396 623; x_wconf 82' lang='lat' dir='ltr'><strong>hebdomade</strong></span> <span class='ocrx_word' id='word_1_141' title='bbox 3422 568 3622 639; x_wconf 75' lang='lat' dir='ltr'><strong>legitur</strong></span> 
     </span>
    </p>
   </div>
   <div class='ocr_carea' id='block_1_20' title="bbox 2033 649 3619 729">
    <p class='ocr_par' dir='ltr' id='par_1_20' title="bbox 2033 649 3619 729">
     <span class='ocr_line' id='line_1_20' title="bbox 2033 649 3619 729; baseline 0.008 -26"><span class='ocrx_word' id='word_1_142' title='bbox 2033 649 2195 706; x_wconf 81' lang='lat' dir='ltr'><strong>lectio</strong></span> <span class='ocrx_word' id='word_1_143' title='bbox 2224 650 2350 707; x_wconf 83' lang='lat' dir='ltr'><strong>libri</strong></span> <span class='ocrx_word' id='word_1_144' title='bbox 2388 651 2672 721; x_wconf 85' lang='lat' dir='ltr'><strong>Ezechiel,</strong></span> <span class='ocrx_word' id='word_1_145' title='bbox 2706 656 2800 727; x_wconf 88' lang='lat' dir='ltr'><strong>qui</strong></span> <span class='ocrx_word' id='word_1_146' title='bbox 2853 657 2968 727; x_wconf 89' lang='lat' dir='ltr'><strong>ipse</strong></span> <span class='ocrx_word' id='word_1_147' title='bbox 3027 674 3245 729; x_wconf 88' lang='lat' dir='ltr'><strong>quoque</strong></span> <span class='ocrx_word' id='word_1_148' title='bbox 3305 660 3619 729; x_wconf 81' lang='lat' dir='ltr'><strong>passionem</strong></span> 
     </span>
    </p>
   </div>
   <div class='ocr_carea' id='block_1_21' title="bbox 2034 739 3623 821">
    <p class='ocr_par' dir='ltr' id='par_1_21' title="bbox 2034 739 3623 821">
     <span class='ocr_line' id='line_1_21' title="bbox 2034 739 3623 821; baseline 0.008 -26"><span class='ocrx_word' id='word_1_149' title='bbox 2034 739 2337 799; x_wconf 86' lang='lat' dir='ltr'><strong>Salvatoris</strong></span> <span class='ocrx_word' id='word_1_150' title='bbox 2354 755 2408 800; x_wconf 89' lang='lat' dir='ltr'><strong>et</strong></span> <span class='ocrx_word' id='word_1_151' title='bbox 2448 750 2918 804; x_wconf 74' lang='lat' dir='ltr'><strong>resurrectionem</strong></span> <span class='ocrx_word' id='word_1_152' title='bbox 2951 751 3223 821; x_wconf 76' lang='lat' dir='ltr'><strong>praedixit.</strong></span> <span class='ocrx_word' id='word_1_153' title='bbox 3260 751 3324 807; x_wconf 89' lang='lat' dir='ltr'><strong>Et</strong></span> <span class='ocrx_word' id='word_1_154' title='bbox 3353 753 3623 809; x_wconf 85' lang='lat' dir='ltr'><strong>diaconus</strong></span> 
     </span>
    </p>
   </div>
   <div class='ocr_carea' id='block_1_22' title="bbox 2034 836 3625 911">
    <p class='ocr_par' dir='ltr' id='par_1_22' title="bbox 2034 836 3625 911">
     <span class='ocr_line' id='line_1_22' title="bbox 2034 836 3625 911; baseline 0.008 -22"><span class='ocrx_word' id='word_1_155' title='bbox 2034 836 2281 908; x_wconf 90' lang='lat' dir='ltr'><strong>quidem,</strong></span> <span class='ocrx_word' id='word_1_156' title='bbox 2320 856 2339 891; x_wconf 78' lang='grc' dir='ltr'><strong>ι</strong></span> <span class='ocrx_word' id='word_1_157' title='bbox 2374 837 2560 907; x_wconf 85' lang='lat' dir='ltr'><strong>Orate,</strong></span> <span class='ocrx_word' id='word_1_158' title='bbox 2604 841 2699 906; x_wconf 88' lang='lat' dir='ltr'><strong>ait,</strong></span> <span class='ocrx_word' id='word_1_159' title='bbox 2733 844 3171 911; x_wconf 88' lang='lat' dir='ltr'><strong>catechumeni,»</strong></span> <span class='ocrx_word' id='word_1_160' title='bbox 3206 847 3466 902; x_wconf 85' lang='lat' dir='ltr'><strong>sacerdos</strong></span> <span class='ocrx_word' id='word_1_161' title='bbox 3493 862 3625 902; x_wconf 84' lang='lat' dir='ltr'><strong>vero</strong></span> 
     </span>
    </p>
   </div>
   <div class='ocr_carea' id='block_1_23' title="bbox 2033 930 3626 1009">
    <p class='ocr_par' dir='ltr' id='par_1_23' title="bbox 2033 930 3626 1009">
     <span class='ocr_line' id='line_1_23' title="bbox 2033 930 3626 1009; baseline 0.006 -25"><span class='ocrx_word' id='word_1_162' title='bbox 2033 930 2341 987; x_wconf 87' lang='lat' dir='ltr'><strong>orationem</strong></span> <span class='ocrx_word' id='word_1_163' title='bbox 2370 931 2502 989; x_wconf 83' lang='lat' dir='ltr'><strong>facit</strong></span> <span class='ocrx_word' id='word_1_164' title='bbox 2533 949 2633 1005; x_wconf 92' lang='lat' dir='ltr'><strong>pro</strong></span> <span class='ocrx_word' id='word_1_165' title='bbox 2687 935 3123 992; x_wconf 86' lang='lat' dir='ltr'><strong>catechumenis.</strong></span> <span class='ocrx_word' id='word_1_166' title='bbox 3184 934 3389 991; x_wconf 78' lang='lat' dir='ltr'><strong>Verum</strong></span> <span class='ocrx_word' id='word_1_167' title='bbox 3432 952 3460 992; x_wconf 89' lang='lat' dir='ltr'><strong>a</strong></span> <span class='ocrx_word' id='word_1_168' title='bbox 3489 954 3626 1009; x_wconf 87' lang='lat' dir='ltr'><strong>qua-</strong></span> 
     </span>
    </p>
   </div>
   <div class='ocr_carea' id='block_1_24' title="bbox 2040 1024 3673 1101">
    <p class='ocr_par' dir='ltr' id='par_1_24' title="bbox 2040 1024 3673 1101">
     <span class='ocr_line' id='line_1_24' title="bbox 2040 1024 3673 1101; baseline 0.007 -24"><span class='ocrx_word' id='word_1_169' title='bbox 2040 1024 2219 1079; x_wconf 90' lang='lat' dir='ltr'><strong>triduo</strong></span> <span class='ocrx_word' id='word_1_170' title='bbox 2249 1026 2444 1081; x_wconf 72' lang='lat' dir='ltr'><strong>media:</strong></span> <span class='ocrx_word' id='word_1_171' title='bbox 2484 1027 2942 1099; x_wconf 69' lang='lat' dir='ltr'><strong>quadragesimae,</strong></span> <span class='ocrx_word' id='word_1_172' title='bbox 2965 1030 3234 1085; x_wconf 87' lang='lat' dir='ltr'><strong>diaconus</strong></span> <span class='ocrx_word' id='word_1_173' title='bbox 3250 1031 3473 1101; x_wconf 88' lang='lat' dir='ltr'><strong>quidem</strong></span> <span class='ocrx_word' id='word_1_174' title='bbox 3507 1048 3628 1100; x_wconf 88' lang='lat' dir='ltr'><strong>pre-</strong></span> <span class='ocrx_word' id='word_1_175' title='bbox 3668 1087 3673 1089; x_wconf 89' lang='lat'>_</span> 
     </span>
    </p>
   </div>
   <div class='ocr_carea' id='block_1_25' title="bbox 2036 1110 3682 1190">
    <p class='ocr_par' dir='ltr' id='par_1_25' title="bbox 2036 1110 3682 1190">
     <span class='ocr_line' id='line_1_25' title="bbox 2036 1110 3682 1190; baseline 0.003 -17"><span class='ocrx_word' id='word_1_176' title='bbox 2036 1132 2129 1175; x_wconf 90' lang='lat' dir='ltr'><strong>ces</strong></span> <span class='ocrx_word' id='word_1_177' title='bbox 2182 1118 2314 1174; x_wconf 83' lang='lat' dir='ltr'><strong>facit</strong></span> <span class='ocrx_word' id='word_1_178' title='bbox 2370 1135 2469 1190; x_wconf 88' lang='lat' dir='ltr'><strong>pro</strong></span> <span class='ocrx_word' id='word_1_179' title='bbox 2517 1122 2837 1190; x_wconf 77' lang='lat' dir='ltr'><strong>praepalatis</strong></span> <span class='ocrx_word' id='word_1_180' title='bbox 2867 1123 2935 1177; x_wconf 88' lang='lat' dir='ltr'><strong>ad</strong></span> <span class='ocrx_word' id='word_1_181' title='bbox 2973 1131 3223 1179; x_wconf 82' lang='lat' dir='ltr'><strong>sanctam</strong></span> <span class='ocrx_word' id='word_1_182' title='bbox 3266 1122 3629 1177; x_wconf 79' lang='lat' dir='ltr'><strong>illuminatio-</strong></span> 
     </span>
    </p>
   </div>
   <div class='ocr_carea' id='block_1_26' title="bbox 2037 1212 3700 1284">
    <p class='ocr_par' dir='ltr' id='par_1_26' title="bbox 2037 1212 3700 1284">
     <span class='ocr_line' id='line_1_26' title="bbox 2037 1212 3700 1284; baseline 0.002 -21"><span class='ocrx_word' id='word_1_183' title='bbox 2037 1224 2188 1277; x_wconf 75' lang='lat' dir='ltr'><strong>nent,</strong></span> <span class='ocrx_word' id='word_1_184' title='bbox 2248 1212 2511 1268; x_wconf 81' lang='lat' dir='ltr'><strong>sacerdos</strong></span> <span class='ocrx_word' id='word_1_185' title='bbox 2556 1224 2738 1269; x_wconf 89' lang='lat' dir='ltr'><strong>autem</strong></span> <span class='ocrx_word' id='word_1_186' title='bbox 2771 1214 3077 1269; x_wconf 88' lang='lat' dir='ltr'><strong>orationem</strong></span> <span class='ocrx_word' id='word_1_187' title='bbox 3106 1229 3209 1284; x_wconf 87' lang='lat' dir='ltr'><strong>pro</strong></span> <span class='ocrx_word' id='word_1_188' title='bbox 3248 1214 3385 1284; x_wconf 85' lang='lat' dir='ltr'><strong>ipsis</strong></span> <span class='ocrx_word' id='word_1_189' title='bbox 3415 1230 3430 1268; x_wconf 89' lang='lat'><strong>:</strong></span> <span class='ocrx_word' id='word_1_190' title='bbox 3467 1232 3486 1265; x_wconf 91' lang='lat'><strong>«</strong></span> <span class='ocrx_word' id='word_1_191' title='bbox 3521 1214 3628 1267; x_wconf 85' lang='lat' dir='ltr'><strong>Do-</strong></span> <span class='ocrx_word' id='word_1_192' title='bbox 3661 1212 3700 1258; x_wconf 53' lang='grc' dir='ltr'><strong>’κ</strong></span> 
     </span>
    </p>
   </div>
   <div class='ocr_carea' id='block_1_27' title="bbox 2038 1301 3631 1374">
    <p class='ocr_par' dir='ltr' id='par_1_27' title="bbox 2038 1301 3631 1374">
     <span class='ocr_line' id='line_1_27' title="bbox 2038 1301 3631 1374; baseline 0.003 -18"><span class='ocrx_word' id='word_1_193' title='bbox 2038 1302 2188 1357; x_wconf 89' lang='lat' dir='ltr'><strong>mine</strong></span> <span class='ocrx_word' id='word_1_194' title='bbox 2215 1301 2387 1369; x_wconf 89' lang='lat' dir='ltr'><strong>Deus,</strong></span> <span class='ocrx_word' id='word_1_195' title='bbox 2416 1307 2648 1360; x_wconf 87' lang='lat' dir='ltr'><strong>ostende</strong></span> <span class='ocrx_word' id='word_1_196' title='bbox 2683 1307 3094 1362; x_wconf 89' lang='lat' dir='ltr'><strong>misericordias</strong></span> <span class='ocrx_word' id='word_1_197' title='bbox 3126 1315 3269 1374; x_wconf 90' lang='lat' dir='ltr'><strong>tuas,</strong></span> <span class='ocrx_word' id='word_1_198' title='bbox 3307 1325 3325 1359; x_wconf 90' lang='lat'><strong>»</strong></span> <span class='ocrx_word' id='word_1_199' title='bbox 3357 1316 3412 1362; x_wconf 87' lang='lat' dir='ltr'><strong>et</strong></span> <span class='ocrx_word' id='word_1_200' title='bbox 3442 1308 3631 1361; x_wconf 83' lang='lat' dir='ltr'><strong>excla-</strong></span> 
     </span>
    </p>
   </div>
   <div class='ocr_carea' id='block_1_28' title="bbox 2044 1396 3632 1463">
    <p class='ocr_par' dir='ltr' id='par_1_28' title="bbox 2044 1396 3632 1463">
     <span class='ocr_line' id='line_1_28' title="bbox 2044 1396 3632 1463; baseline 0.006 -18"><span class='ocrx_word' id='word_1_201' title='bbox 2044 1404 2178 1460; x_wconf 89' lang='lat' dir='ltr'><strong>mat,</strong></span> <span class='ocrx_word' id='word_1_202' title='bbox 2213 1415 2230 1448; x_wconf 88' lang='lat'><strong>«</strong></span> <span class='ocrx_word' id='word_1_203' title='bbox 2256 1396 2527 1463; x_wconf 89' lang='lat' dir='ltr'><strong>Quoniam</strong></span> <span class='ocrx_word' id='word_1_204' title='bbox 2552 1405 2608 1452; x_wconf 89' lang='lat' dir='ltr'><strong>tu</strong></span> <span class='ocrx_word' id='word_1_205' title='bbox 2640 1413 2700 1454; x_wconf 85' lang='lat' dir='ltr'><strong>es</strong></span> <span class='ocrx_word' id='word_1_206' title='bbox 2720 1398 3049 1454; x_wconf 87' lang='lat' dir='ltr'><strong>illuminatio</strong></span> <span class='ocrx_word' id='word_1_207' title='bbox 3080 1408 3326 1455; x_wconf 87' lang='lat' dir='ltr'><strong>nostra.»</strong></span> <span class='ocrx_word' id='word_1_208' title='bbox 3354 1397 3632 1456; x_wconf 83' lang='lat' dir='ltr'><strong>Diaconos</strong></span> 
     </span>
    </p>
   </div>
   <div class='ocr_carea' id='block_1_29' title="bbox 2041 1483 3625 1559">
    <p class='ocr_par' dir='ltr' id='par_1_29' title="bbox 2041 1483 3625 1559">
     <span class='ocr_line' id='line_1_29' title="bbox 2041 1483 3625 1559; baseline 0.004 -23"><span class='ocrx_word' id='word_1_209' title='bbox 2041 1483 2237 1539; x_wconf 89' lang='lat' dir='ltr'><strong>iterum</strong></span> <span class='ocrx_word' id='word_1_210' title='bbox 2273 1495 2537 1541; x_wconf 84' lang='lat' dir='ltr'><strong>consueta</strong></span> <span class='ocrx_word' id='word_1_211' title='bbox 2566 1487 2740 1542; x_wconf 90' lang='lat' dir='ltr'><strong>dicit:</strong></span> <span class='ocrx_word' id='word_1_212' title='bbox 2786 1508 2804 1541; x_wconf 82' lang='lat'><strong>«</strong></span> <span class='ocrx_word' id='word_1_213' title='bbox 2838 1488 3164 1559; x_wconf 83' lang='lat' dir='ltr'><strong>Quicunque</strong></span> <span class='ocrx_word' id='word_1_214' title='bbox 3183 1490 3625 1549; x_wconf 84' lang='lat' dir='ltr'><strong>catechumeui.»</strong></span> 
     </span>
    </p>
   </div>
   <div class='ocr_carea' id='block_1_30' title="bbox 2038 1578 3633 1646">
    <p class='ocr_par' dir='ltr' id='par_1_30' title="bbox 2038 1578 3633 1646">
     <span class='ocr_line' id='line_1_30' title="bbox 2038 1578 3633 1646; baseline 0.004 -16"><span class='ocrx_word' id='word_1_215' title='bbox 2038 1586 2090 1630; x_wconf 92' lang='lat' dir='ltr'><strong>et</strong></span> <span class='ocrx_word' id='word_1_216' title='bbox 2120 1578 2376 1634; x_wconf 87' lang='lat' dir='ltr'><strong>sacerdos</strong></span> <span class='ocrx_word' id='word_1_217' title='bbox 2409 1579 2644 1646; x_wconf 85' lang='lat' dir='ltr'><strong>primam</strong></span> <span class='ocrx_word' id='word_1_218' title='bbox 2686 1578 2929 1636; x_wconf 89' lang='lat' dir='ltr'><strong>ﬁdelium</strong></span> <span class='ocrx_word' id='word_1_219' title='bbox 2962 1582 3270 1639; x_wconf 87' lang='lat' dir='ltr'><strong>orationem</strong></span> <span class='ocrx_word' id='word_1_220' title='bbox 3300 1599 3315 1636; x_wconf 87' lang='lat'><strong>:</strong></span> <span class='ocrx_word' id='word_1_221' title='bbox 3351 1602 3368 1635; x_wconf 91' lang='lat'><strong>«</strong></span> <span class='ocrx_word' id='word_1_222' title='bbox 3399 1582 3633 1639; x_wconf 74' lang='lat' dir='ltr'><strong>Domine</strong></span> 
     </span>
    </p>
   </div>
   <div class='ocr_carea' id='block_1_31' title="bbox 2042 1671 3634 1745">
    <p class='ocr_par' dir='ltr' id='par_1_31' title="bbox 2042 1671 3634 1745">
     <span class='ocr_line' id='line_1_31' title="bbox 2042 1671 3634 1745; baseline 0.004 -19"><span class='ocrx_word' id='word_1_223' title='bbox 2042 1671 2187 1726; x_wconf 82' lang='lat' dir='ltr'><strong>Deus</strong></span> <span class='ocrx_word' id='word_1_224' title='bbox 2246 1682 2437 1728; x_wconf 88' lang='lat' dir='ltr'><strong>noster</strong></span> <span class='ocrx_word' id='word_1_225' title='bbox 2485 1673 2580 1742; x_wconf 91' lang='lat' dir='ltr'><strong>qui</strong></span> <span class='ocrx_word' id='word_1_226' title='bbox 2636 1688 2979 1745; x_wconf 79' lang='lat' dir='ltr'><strong>paganorum</strong></span> <span class='ocrx_word' id='word_1_227' title='bbox 3013 1674 3243 1732; x_wconf 89' lang='lat' dir='ltr'><strong>erroris.</strong></span> <span class='ocrx_word' id='word_1_228' title='bbox 3275 1694 3296 1729; x_wconf 91' lang='lat'><strong>»</strong></span> <span class='ocrx_word' id='word_1_229' title='bbox 3330 1676 3634 1742; x_wconf 84' lang='lat' dir='ltr'><strong>Diaconos,</strong></span> 
     </span>
    </p>
   </div>
   <div class='ocr_carea' id='block_1_32' title="bbox 343 1762 1935 1867">
    <p class='ocr_par' dir='ltr' id='par_1_32' title="bbox 343 1764 1930 1836">
     <span class='ocr_line' id='line_1_32' title="bbox 343 1764 1930 1836; baseline -0.001 -18"><span class='ocrx_word' id='word_1_230' title='bbox 343 1764 624 1836; x_wconf 82' lang='grc' dir='ltr'>φωτισμδς</span> <span class='ocrx_word' id='word_1_231' title='bbox 679 1765 865 1836; x_wconf 74' lang='grc' dir='ltr'>ἡμῶν.</span> <span class='ocrx_word' id='word_1_232' title='bbox 905 1783 925 1818; x_wconf 85' lang='lat'><strong>»</strong></span> <span class='ocrx_word' id='word_1_233' title='bbox 972 1766 1035 1820; x_wconf 86' lang='lat'><strong>&#39;0</strong></span> <span class='ocrx_word' id='word_1_234' title='bbox 1070 1765 1319 1830; x_wconf 81' lang='grc' dir='ltr'>διάκονος</span> <span class='ocrx_word' id='word_1_235' title='bbox 1368 1764 1533 1821; x_wconf 77' lang='grc' dir='ltr'>πάλιν</span> <span class='ocrx_word' id='word_1_236' title='bbox 1577 1764 1648 1818; x_wconf 86' lang='grc' dir='ltr'>τὰ</span> <span class='ocrx_word' id='word_1_237' title='bbox 1700 1764 1930 1833; x_wconf 64' lang='grc' dir='ltr'>συνήθη,</span> 
     </span>
    </p>
   </div>
   <div class='ocr_carea' id='block_1_33' title="bbox 2042 1762 3636 1867">
    <p class='ocr_par' dir='ltr' id='par_1_33' title="bbox 2044 1762 3636 1836">
     <span class='ocr_line' id='line_1_33' title="bbox 2044 1762 3636 1836; baseline 0.005 -20"><span class='ocrx_word' id='word_1_238' title='bbox 2044 1762 2361 1836; x_wconf 89' lang='lat' dir='ltr'><strong>«Sapientia</strong></span> <span class='ocrx_word' id='word_1_239' title='bbox 2383 1766 2630 1835; x_wconf 86' lang='lat' dir='ltr'><strong>erecti;»</strong></span> <span class='ocrx_word' id='word_1_240' title='bbox 2659 1768 2944 1836; x_wconf 86' lang='lat' dir='ltr'><strong>sacerdos,</strong></span> <span class='ocrx_word' id='word_1_241' title='bbox 2966 1786 2993 1821; x_wconf 67' lang='grc' dir='ltr'><strong>ι</strong></span> <span class='ocrx_word' id='word_1_242' title='bbox 3006 1766 3281 1836; x_wconf 88' lang='lat' dir='ltr'><strong>Quoniam</strong></span> <span class='ocrx_word' id='word_1_243' title='bbox 3314 1778 3369 1824; x_wconf 93' lang='lat' dir='ltr'><strong>tu</strong></span> <span class='ocrx_word' id='word_1_244' title='bbox 3400 1784 3463 1827; x_wconf 78' lang='lat' dir='ltr'><strong>es</strong></span> <span class='ocrx_word' id='word_1_245' title='bbox 3492 1770 3636 1827; x_wconf 85' lang='lat' dir='ltr'><strong>Deus</strong></span> 
     </span>
    </p>
   </div>
   <div class='ocr_carea' id='block_1_34' title="bbox 350 1857 1930 1931">
    <p class='ocr_par' dir='ltr' id='par_1_34' title="bbox 350 1857 1930 1931">
     <span class='ocr_line' id='line_1_34' title="bbox 350 1857 1930 1931; baseline 0.001 -22"><span class='ocrx_word' id='word_1_246' title='bbox 350 1877 370 1909; x_wconf 94' lang='lat'><strong>«</strong></span> <span class='ocrx_word' id='word_1_247' title='bbox 405 1858 565 1912; x_wconf 85' lang='grc' dir='ltr'>Ὅσοι</span> <span class='ocrx_word' id='word_1_248' title='bbox 621 1857 1049 1929; x_wconf 70' lang='grc' dir='ltr'>κατηχούμενος.</span> <span class='ocrx_word' id='word_1_249' title='bbox 1084 1876 1104 1912; x_wconf 76' lang='grc' dir='ltr'><strong>ι</strong></span> <span class='ocrx_word' id='word_1_250' title='bbox 1156 1860 1216 1913; x_wconf 92' lang='lat'><strong>&#39;0</strong></span> <span class='ocrx_word' id='word_1_251' title='bbox 1264 1859 1449 1929; x_wconf 82' lang='grc' dir='ltr'>ίερεὺς</span> <span class='ocrx_word' id='word_1_252' title='bbox 1501 1857 1669 1931; x_wconf 79' lang='grc' dir='ltr'>εὐχὴν</span> <span class='ocrx_word' id='word_1_253' title='bbox 1722 1858 1930 1911; x_wconf 82' lang='grc' dir='ltr'>πιστῶν</span> 
     </span>
    </p>
   </div>
   <div class='ocr_carea' id='block_1_35' title="bbox 346 1951 1929 2024">
    <p class='ocr_par' dir='ltr' id='par_1_35' title="bbox 346 1951 1929 2024">
     <span class='ocr_line' id='line_1_35' title="bbox 346 1951 1929 2024; baseline -0.001 -20"><span class='ocrx_word' id='word_1_254' title='bbox 346 1951 591 2023; x_wconf 82' lang='grc' dir='ltr'>πρώτην,</span> <span class='ocrx_word' id='word_1_255' title='bbox 632 1971 651 2004; x_wconf 81' lang='lat' dir='ltr'><strong>t</strong></span> <span class='ocrx_word' id='word_1_256' title='bbox 688 1951 862 2022; x_wconf 81' lang='grc' dir='ltr'>Κύριε</span> <span class='ocrx_word' id='word_1_257' title='bbox 900 1953 929 2005; x_wconf 93' lang='lat'><strong>6</strong></span> <span class='ocrx_word' id='word_1_258' title='bbox 986 1952 1122 2016; x_wconf 81' lang='grc' dir='ltr'>Θεὸς</span> <span class='ocrx_word' id='word_1_259' title='bbox 1181 1952 1362 2021; x_wconf 78' lang='grc' dir='ltr'>ἡμῶν,</span> <span class='ocrx_word' id='word_1_260' title='bbox 1419 1954 1449 2006; x_wconf 90' lang='lat'><strong>6</strong></span> <span class='ocrx_word' id='word_1_261' title='bbox 1500 1952 1601 2024; x_wconf 84' lang='grc' dir='ltr'><strong>τῆς</strong></span> <span class='ocrx_word' id='word_1_262' title='bbox 1659 1951 1929 2005; x_wconf 85' lang='grc' dir='ltr'>πολυθέου</span> 
     </span>
    </p>
   </div>
   <div class='ocr_carea' id='block_1_36' title="bbox 346 2043 1931 2117">
    <p class='ocr_par' dir='ltr' id='par_1_36' title="bbox 346 2043 1931 2117">
     <span class='ocr_line' id='line_1_36' title="bbox 346 2043 1931 2117; baseline -0.001 -17"><span class='ocrx_word' id='word_1_263' title='bbox 346 2045 576 2116; x_wconf 76' lang='grc' dir='ltr'>πλάνης.</span> <span class='ocrx_word' id='word_1_264' title='bbox 616 2063 634 2098; x_wconf 78' lang='grc' dir='ltr'><strong>ι</strong></span> <span class='ocrx_word' id='word_1_265' title='bbox 685 2043 747 2100; x_wconf 83' lang='grc'><strong>⁸0</strong></span> <span class='ocrx_word' id='word_1_266' title='bbox 794 2045 1065 2110; x_wconf 84' lang='grc' dir='ltr'>διάκονος,</span> <span class='ocrx_word' id='word_1_267' title='bbox 1120 2064 1138 2096; x_wconf 72' lang='grc' dir='ltr'><strong>ι</strong></span> <span class='ocrx_word' id='word_1_268' title='bbox 1172 2046 1343 2113; x_wconf 81' lang='grc' dir='ltr'>Σοφία</span> <span class='ocrx_word' id='word_1_269' title='bbox 1597 2043 1769 2116; x_wconf 78' lang='grc' dir='ltr'>ὀρθοί.</span> <span class='ocrx_word' id='word_1_270' title='bbox 1803 2063 1821 2095; x_wconf 85' lang='lat'><strong>»</strong></span> <span class='ocrx_word' id='word_1_271' title='bbox 1870 2043 1931 2099; x_wconf 83' lang='lat'><strong>&#39;0</strong></span> 
     </span>
    </p>
   </div>
   <div class='ocr_carea' id='block_1_37' title="bbox 346 2131 1933 2207">
    <p class='ocr_par' dir='ltr' id='par_1_37' title="bbox 346 2131 1933 2207">
     <span class='ocr_line' id='line_1_37' title="bbox 346 2131 1933 2207; baseline -0.001 -16"><span class='ocrx_word' id='word_1_272' title='bbox 346 2138 547 2207; x_wconf 72' lang='grc' dir='ltr'>ἱερεὺς,</span> <span class='ocrx_word' id='word_1_273' title='bbox 585 2157 605 2190; x_wconf 85' lang='lat'><strong>«</strong></span> <span class='ocrx_word' id='word_1_274' title='bbox 652 2137 776 2191; x_wconf 85' lang='grc' dir='ltr'>Ὅτι</span> <span class='ocrx_word' id='word_1_275' title='bbox 832 2137 898 2191; x_wconf 78' lang='grc' dir='ltr'>σὺ</span> <span class='ocrx_word' id='word_1_276' title='bbox 944 2131 998 2192; x_wconf 76' lang='grc' dir='ltr'>εἴ</span> <span class='ocrx_word' id='word_1_277' title='bbox 1025 2140 1052 2192; x_wconf 88' lang='lat'><strong>6</strong></span> <span class='ocrx_word' id='word_1_278' title='bbox 1078 2136 1210 2199; x_wconf 79' lang='grc' dir='ltr'>Θεὸς</span> <span class='ocrx_word' id='word_1_279' title='bbox 1246 2136 1461 2207; x_wconf 73' lang='grc' dir='ltr'>ἡμῶν.»</span> <span class='ocrx_word' id='word_1_280' title='bbox 1500 2137 1561 2190; x_wconf 90' lang='lat'><strong>&#39;0</strong></span> <span class='ocrx_word' id='word_1_281' title='bbox 1580 2135 1829 2199; x_wconf 82' lang='grc' dir='ltr'>διάκονος</span> <span class='ocrx_word' id='word_1_282' title='bbox 1862 2137 1933 2190; x_wconf 75' lang='grc' dir='ltr'>τὰ</span> 
     </span>
    </p>
   </div>
   <div class='ocr_carea' id='block_1_38' title="bbox 343 2228 1933 2302">
    <p class='ocr_par' dir='ltr' id='par_1_38' title="bbox 343 2228 1933 2302">
     <span class='ocr_line' id='line_1_38' title="bbox 343 2228 1933 2302; baseline -0.002 -18"><span class='ocrx_word' id='word_1_283' title='bbox 343 2230 616 2302; x_wconf 75' lang='grc' dir='ltr'>εἰρηνικὰ.</span> <span class='ocrx_word' id='word_1_284' title='bbox 651 2230 712 2284; x_wconf 91' lang='lat'><strong>&#39;0</strong></span> <span class='ocrx_word' id='word_1_285' title='bbox 748 2231 929 2301; x_wconf 77' lang='grc' dir='ltr'>ἱερεὺς</span> <span class='ocrx_word' id='word_1_286' title='bbox 973 2229 1140 2301; x_wconf 76' lang='grc' dir='ltr'>εὐχὴν</span> <span class='ocrx_word' id='word_1_287' title='bbox 1176 2229 1391 2284; x_wconf 81' lang='grc' dir='ltr'>πιστῶν</span> <span class='ocrx_word' id='word_1_288' title='bbox 1442 2229 1726 2300; x_wconf 74' lang='grc' dir='ltr'><strong>δευτέραν,</strong></span> <span class='ocrx_word' id='word_1_289' title='bbox 1762 2247 1782 2281; x_wconf 84' lang='grc'><em>‹</em></span> <span class='ocrx_word' id='word_1_290' title='bbox 1818 2228 1933 2283; x_wconf 85' lang='grc' dir='ltr'><strong>Κύ-</strong></span> 
     </span>
    </p>
   </div>
   <div class='ocr_carea' id='block_1_39' title="bbox 346 2320 1929 2394">
    <p class='ocr_par' dir='ltr' id='par_1_39' title="bbox 346 2320 1929 2394">
     <span class='ocr_line' id='line_1_39' title="bbox 346 2320 1929 2394; baseline -0.003 -17"><span class='ocrx_word' id='word_1_291' title='bbox 346 2339 430 2394; x_wconf 80' lang='grc' dir='ltr'><strong>ριε</strong></span> <span class='ocrx_word' id='word_1_292' title='bbox 462 2326 490 2377; x_wconf 94' lang='lat'><strong>6</strong></span> <span class='ocrx_word' id='word_1_293' title='bbox 522 2323 657 2386; x_wconf 82' lang='grc' dir='ltr'><strong>Θεὸς</strong></span> <span class='ocrx_word' id='word_1_294' title='bbox 683 2322 843 2393; x_wconf 76' lang='grc' dir='ltr'>ἡμῶν</span> <span class='ocrx_word' id='word_1_295' title='bbox 875 2325 906 2377; x_wconf 91' lang='lat'><strong>6</strong></span> <span class='ocrx_word' id='word_1_296' title='bbox 949 2324 1007 2376; x_wconf 85' lang='grc' dir='ltr'>ὲν</span> <span class='ocrx_word' id='word_1_297' title='bbox 1032 2322 1203 2394; x_wconf 83' lang='grc' dir='ltr'>ὀλίγῳ</span> <span class='ocrx_word' id='word_1_298' title='bbox 1223 2322 1426 2393; x_wconf 82' lang='grc' dir='ltr'>χρόνῳ.</span> <span class='ocrx_word' id='word_1_299' title='bbox 1461 2340 1481 2375; x_wconf 85' lang='lat'><strong>»</strong></span> <span class='ocrx_word' id='word_1_300' title='bbox 1560 2322 1619 2376; x_wconf 89' lang='lat'><strong>&#39;0</strong></span> <span class='ocrx_word' id='word_1_301' title='bbox 1660 2320 1929 2387; x_wconf 82' lang='grc' dir='ltr'>διάκονος,</span> 
     </span>
    </p>
   </div>
   <div class='ocr_carea' id='block_1_40' title="bbox 350 2414 1930 2487">
    <p class='ocr_par' dir='ltr' id='par_1_40' title="bbox 350 2414 1930 2487">
     <span class='ocr_line' id='line_1_40' title="bbox 350 2414 1930 2487; baseline -0.001 -20"><span class='ocrx_word' id='word_1_302' title='bbox 350 2433 369 2467; x_wconf 89' lang='lat'><strong>«</strong></span> <span class='ocrx_word' id='word_1_303' title='bbox 399 2414 587 2484; x_wconf 80' lang='grc' dir='ltr'>Σοφία.</span> <span class='ocrx_word' id='word_1_304' title='bbox 622 2433 642 2467; x_wconf 74' lang='grc' dir='ltr'><strong>ι</strong></span> <span class='ocrx_word' id='word_1_305' title='bbox 720 2414 781 2469; x_wconf 87' lang='lat'><strong>&#39;0</strong></span> <span class='ocrx_word' id='word_1_306' title='bbox 833 2415 1017 2487; x_wconf 82' lang='grc' dir='ltr'>ἱερεὺς</span> <span class='ocrx_word' id='word_1_307' title='bbox 1073 2416 1354 2485; x_wconf 75' lang='grc' dir='ltr'>ὲκφωνεῖ,</span> <span class='ocrx_word' id='word_1_308' title='bbox 1392 2433 1412 2467; x_wconf 73' lang='grc' dir='ltr'><strong>ι</strong></span> <span class='ocrx_word' id='word_1_309' title='bbox 1448 2415 1570 2470; x_wconf 82' lang='grc' dir='ltr'><strong>Ὀτι</strong></span> <span class='ocrx_word' id='word_1_310' title='bbox 1633 2414 1930 2484; x_wconf 74' lang='grc' dir='ltr'>εὐλόγηται</span> 
     </span>
    </p>
   </div>
   <div class='ocr_carea' id='block_1_41' title="bbox 341 2505 1933 2578">
    <p class='ocr_par' dir='ltr' id='par_1_41' title="bbox 341 2505 1933 2578">
     <span class='ocr_line' id='line_1_41' title="bbox 341 2505 1933 2578; baseline -0.001 -19"><span class='ocrx_word' id='word_1_311' title='bbox 341 2509 440 2562; x_wconf 79' lang='grc' dir='ltr'>καὶ</span> <span class='ocrx_word' id='word_1_312' title='bbox 462 2507 798 2572; x_wconf 77' lang='grc' dir='ltr'>δεδόξασται.</span> <span class='ocrx_word' id='word_1_313' title='bbox 837 2525 861 2561; x_wconf 84' lang='lat'><strong>»</strong></span> <span class='ocrx_word' id='word_1_314' title='bbox 906 2508 966 2562; x_wconf 88' lang='lat'><strong>&#39;0</strong></span> <span class='ocrx_word' id='word_1_315' title='bbox 1019 2508 1297 2573; x_wconf 83' lang='grc' dir='ltr'>διάκονος,</span> <span class='ocrx_word' id='word_1_316' title='bbox 1355 2524 1376 2559; x_wconf 73' lang='grc' dir='ltr'><strong>ι</strong></span> <span class='ocrx_word' id='word_1_317' title='bbox 1417 2505 1809 2578; x_wconf 84' lang='grc' dir='ltr'>Πληρὼσωμεν</span> <span class='ocrx_word' id='word_1_318' title='bbox 1833 2508 1933 2577; x_wconf 76' lang='grc' dir='ltr'>τὴν</span> 
     </span>
    </p>
   </div>
   <div class='ocr_carea' id='block_1_42' title="bbox 341 2600 1935 2673">
    <p class='ocr_par' dir='ltr' id='par_1_42' title="bbox 341 2600 1935 2673">
     <span class='ocr_line' id='line_1_42' title="bbox 341 2600 1935 2673; baseline -0.001 -18"><span class='ocrx_word' id='word_1_319' title='bbox 341 2600 529 2671; x_wconf 78' lang='grc' dir='ltr'>δέησιν</span> <span class='ocrx_word' id='word_1_320' title='bbox 564 2600 721 2672; x_wconf 75' lang='grc' dir='ltr'>ἡμῶν</span> <span class='ocrx_word' id='word_1_321' title='bbox 759 2600 843 2672; x_wconf 80' lang='grc' dir='ltr'>τῷ</span> <span class='ocrx_word' id='word_1_322' title='bbox 876 2601 1093 2671; x_wconf 82' lang='grc' dir='ltr'>Κυρίῳ,</span> <span class='ocrx_word' id='word_1_323' title='bbox 1122 2620 1141 2654; x_wconf 89' lang='lat'><strong>»</strong></span> <span class='ocrx_word' id='word_1_324' title='bbox 1180 2603 1275 2658; x_wconf 73' lang='grc' dir='ltr'>καὶ</span> <span class='ocrx_word' id='word_1_325' title='bbox 1320 2602 1390 2654; x_wconf 83' lang='grc' dir='ltr'><strong>τὰ</strong></span> <span class='ocrx_word' id='word_1_326' title='bbox 1422 2600 1607 2655; x_wconf 83' lang='grc' dir='ltr'>λοιπά.</span> <span class='ocrx_word' id='word_1_327' title='bbox 1647 2601 1710 2654; x_wconf 92' lang='lat'><strong>&#39;0</strong></span> <span class='ocrx_word' id='word_1_328' title='bbox 1752 2601 1935 2673; x_wconf 78' lang='grc' dir='ltr'>ἱερεὺς</span> 
     </span>
    </p>
   </div>
   <div class='ocr_carea' id='block_1_43' title="bbox 344 2694 1933 2767">
    <p class='ocr_par' dir='ltr' id='par_1_43' title="bbox 344 2694 1933 2767">
     <span class='ocr_line' id='line_1_43' title="bbox 344 2694 1933 2767; baseline 0.002 -21"><span class='ocrx_word' id='word_1_329' title='bbox 344 2694 443 2765; x_wconf 79' lang='grc' dir='ltr'>τὴν</span> <span class='ocrx_word' id='word_1_330' title='bbox 474 2695 718 2766; x_wconf 81' lang='grc' dir='ltr'>μεγάλην</span> <span class='ocrx_word' id='word_1_331' title='bbox 742 2694 931 2767; x_wconf 77' lang='grc' dir='ltr'>εὐχήνο</span> <span class='ocrx_word' id='word_1_332' title='bbox 966 2712 986 2747; x_wconf 74' lang='grc' dir='ltr'><strong>ι</strong></span> <span class='ocrx_word' id='word_1_333' title='bbox 1027 2696 1201 2767; x_wconf 76' lang='grc' dir='ltr'>Κύριε</span> <span class='ocrx_word' id='word_1_334' title='bbox 1256 2697 1285 2749; x_wconf 88' lang='lat'><strong>6</strong></span> <span class='ocrx_word' id='word_1_335' title='bbox 1308 2694 1441 2757; x_wconf 70' lang='grc' dir='ltr'>Θεὸς</span> <span class='ocrx_word' id='word_1_336' title='bbox 1472 2694 1658 2765; x_wconf 80' lang='grc' dir='ltr'>ἡμῶν,</span> <span class='ocrx_word' id='word_1_337' title='bbox 1707 2694 1737 2746; x_wconf 90' lang='lat'><strong>6</strong></span> <span class='ocrx_word' id='word_1_338' title='bbox 1770 2695 1933 2767; x_wconf 78' lang='grc' dir='ltr'>μόνος</span> 
     </span>
    </p>
   </div>
   <div class='ocr_carea' id='block_1_44' title="bbox 345 2778 1943 2861">
    <p class='ocr_par' dir='ltr' id='par_1_44' title="bbox 345 2778 1943 2861">
     <span class='ocr_line' id='line_1_44' title="bbox 345 2778 1943 2861; baseline -0.003 -19"><span class='ocrx_word' id='word_1_339' title='bbox 345 2785 548 2855; x_wconf 82' lang='grc' dir='ltr'>ἀγαθὸς</span> <span class='ocrx_word' id='word_1_340' title='bbox 577 2787 674 2840; x_wconf 81' lang='grc' dir='ltr'>καὶ</span> <span class='ocrx_word' id='word_1_341' title='bbox 720 2787 1132 2859; x_wconf 76' lang='grc' dir='ltr'>φιλάνθρωπος·</span> <span class='ocrx_word' id='word_1_342' title='bbox 1174 2805 1195 2841; x_wconf 82' lang='lat'><strong>»</strong></span> <span class='ocrx_word' id='word_1_343' title='bbox 1250 2788 1307 2841; x_wconf 81' lang='grc' dir='ltr'>ὲν</span> <span class='ocrx_word' id='word_1_344' title='bbox 1337 2778 1373 2861; x_wconf 72' lang='grc' dir='ltr'>ᾗ</span> <span class='ocrx_word' id='word_1_345' title='bbox 1406 2787 1505 2840; x_wconf 79' lang='grc' dir='ltr'>καὶ</span> <span class='ocrx_word' id='word_1_346' title='bbox 1536 2787 1637 2856; x_wconf 83' lang='grc' dir='ltr'>τῆς</span> <span class='ocrx_word' id='word_1_347' title='bbox 1683 2785 1943 2859; x_wconf 77' lang='grc' dir='ltr'><strong>σταυροῦ⁴</strong></span> 
     </span>
    </p>
   </div>
   <div class='ocr_carea' id='block_1_45' title="bbox 348 2879 1937 2954">
    <p class='ocr_par' dir='ltr' id='par_1_45' title="bbox 348 2879 1937 2954">
     <span class='ocr_line' id='line_1_45' title="bbox 348 2879 1937 2954; baseline -0.003 -16"><span class='ocrx_word' id='word_1_348' title='bbox 348 2899 488 2948; x_wconf 86' lang='grc' dir='ltr'>σεως</span> <span class='ocrx_word' id='word_1_349' title='bbox 536 2882 817 2954; x_wconf 83' lang='grc' dir='ltr'>μέμνηται</span> <span class='ocrx_word' id='word_1_350' title='bbox 869 2883 974 2934; x_wconf 87' lang='grc' dir='ltr'><strong>τοῦ</strong></span> <span class='ocrx_word' id='word_1_351' title='bbox 1032 2881 1309 2953; x_wconf 83' lang='grc' dir='ltr'>Σωτῆρος,</span> <span class='ocrx_word' id='word_1_352' title='bbox 1364 2881 1456 2934; x_wconf 84' lang='grc' dir='ltr'>καὶ</span> <span class='ocrx_word' id='word_1_353' title='bbox 1507 2881 1608 2952; x_wconf 81' lang='grc' dir='ltr'>τῆς</span> <span class='ocrx_word' id='word_1_354' title='bbox 1662 2879 1937 2951; x_wconf 82' lang='grc' dir='ltr'>ὲγέρσεως</span> 
     </span>
    </p>
   </div>
   <div class='ocr_carea' id='block_1_46' title="bbox 345 2972 1938 3044">
    <p class='ocr_par' dir='ltr' id='par_1_46' title="bbox 345 2972 1938 3044">
     <span class='ocr_line' id='line_1_46' title="bbox 345 2972 1938 3044; baseline -0.001 -16"><span class='ocrx_word' id='word_1_355' title='bbox 345 2974 539 3039; x_wconf 78' lang='grc' dir='ltr'>αὐτοῦ,</span> <span class='ocrx_word' id='word_1_356' title='bbox 572 2975 792 3038; x_wconf 79' lang='grc' dir='ltr'>καὶτῆς</span> <span class='ocrx_word' id='word_1_357' title='bbox 848 2973 1206 3044; x_wconf 75' lang='grc' dir='ltr'>ἀναλήψεωςο</span> <span class='ocrx_word' id='word_1_358' title='bbox 1256 2974 1355 3028; x_wconf 76' lang='grc' dir='ltr'>καὶ</span> <span class='ocrx_word' id='word_1_359' title='bbox 1411 2972 1707 3041; x_wconf 73' lang='grc' dir='ltr'>ἑξαιτεῖται</span> <span class='ocrx_word' id='word_1_360' title='bbox 1759 2974 1938 3027; x_wconf 68' lang='grc' dir='ltr'>ἐλθεῖν</span> 
     </span>
    </p>
   </div>
   <div class='ocr_carea' id='block_1_47' title="bbox 344 3063 1936 3138">
    <p class='ocr_par' dir='ltr' id='par_1_47' title="bbox 344 3063 1936 3138">
     <span class='ocr_line' id='line_1_47' title="bbox 344 3063 1936 3138; baseline -0.001 -19"><span class='ocrx_word' id='word_1_361' title='bbox 344 3068 445 3133; x_wconf 73' lang='grc' dir='ltr'>τὴν</span> <span class='ocrx_word' id='word_1_362' title='bbox 480 3069 641 3138; x_wconf 86' lang='grc' dir='ltr'>χάριν</span> <span class='ocrx_word' id='word_1_363' title='bbox 670 3063 766 3119; x_wconf 88' lang='grc' dir='ltr'><strong>τοῦ</strong></span> <span class='ocrx_word' id='word_1_364' title='bbox 825 3064 964 3119; x_wconf 85' lang='grc' dir='ltr'>Θεοῦ</span> <span class='ocrx_word' id='word_1_365' title='bbox 1028 3065 1115 3134; x_wconf 76' lang='grc' dir='ltr'><strong>ἐφ’</strong></span> <span class='ocrx_word' id='word_1_366' title='bbox 1173 3066 1346 3137; x_wconf 78' lang='grc' dir='ltr'>ἡμᾶς,</span> <span class='ocrx_word' id='word_1_367' title='bbox 1408 3067 1505 3119; x_wconf 76' lang='grc' dir='ltr'>καὶ</span> <span class='ocrx_word' id='word_1_368' title='bbox 1551 3064 1936 3136; x_wconf 79' lang='grc' dir='ltr'>ὲνδυναμῶσαι</span> 
     </span>
    </p>
   </div>
   <div class='ocr_carea' id='block_1_48' title="bbox 346 3157 2011 3233">
    <p class='ocr_par' dir='ltr' id='par_1_48' title="bbox 346 3157 2011 3233">
     <span class='ocr_line' id='line_1_48' title="bbox 346 3157 2011 3233; baseline -0.002 -20"><span class='ocrx_word' id='word_1_369' title='bbox 346 3161 494 3229; x_wconf 75' lang='grc' dir='ltr'>ἡμᾶς</span> <span class='ocrx_word' id='word_1_370' title='bbox 529 3159 622 3212; x_wconf 76' lang='grc' dir='ltr'>καὶ</span> <span class='ocrx_word' id='word_1_371' title='bbox 653 3157 911 3227; x_wconf 82' lang='grc' dir='ltr'>φωτίσαι,</span> <span class='ocrx_word' id='word_1_372' title='bbox 941 3158 1037 3212; x_wconf 81' lang='grc' dir='ltr'>καὶ</span> <span class='ocrx_word' id='word_1_373' title='bbox 1082 3159 1248 3229; x_wconf 72' lang='grc' dir='ltr'>ἕτερα</span> <span class='ocrx_word' id='word_1_374' title='bbox 1305 3158 1536 3213; x_wconf 81' lang='grc' dir='ltr'>πλεῖστα</span> <span class='ocrx_word' id='word_1_375' title='bbox 1558 3175 1573 3189; x_wconf 89' lang='grc'><strong>·</strong></span> <span class='ocrx_word' id='word_1_376' title='bbox 1625 3159 1722 3213; x_wconf 77' lang='grc' dir='ltr'>καὶ</span> <span class='ocrx_word' id='word_1_377' title='bbox 1782 3160 1937 3228; x_wconf 73' lang='grc' dir='ltr'>παρὰ</span> <span class='ocrx_word' id='word_1_378' title='bbox 1967 3176 2011 3233; x_wconf 61' lang='grc' dir='ltr'><strong>(ι</strong></span> 
     </span>
    </p>
   </div>
   <div class='ocr_carea' id='block_1_49' title="bbox 348 3247 1938 3321">
    <p class='ocr_par' dir='ltr' id='par_1_49' title="bbox 348 3247 1938 3321">
     <span class='ocr_line' id='line_1_49' title="bbox 348 3247 1938 3321; baseline 0 -17"><span class='ocrx_word' id='word_1_379' title='bbox 348 3247 486 3304; x_wconf 78' lang='grc' dir='ltr'>Θεοῦ</span> <span class='ocrx_word' id='word_1_380' title='bbox 514 3250 741 3321; x_wconf 73' lang='grc' dir='ltr'>εῦχβται</span> <span class='ocrx_word' id='word_1_381' title='bbox 767 3250 836 3304; x_wconf 81' lang='grc' dir='ltr'>τὰ</span> <span class='ocrx_word' id='word_1_382' title='bbox 856 3250 1131 3319; x_wconf 83' lang='grc' dir='ltr'>ἀναγκαϊά</span> <span class='ocrx_word' id='word_1_383' title='bbox 1153 3267 1215 3305; x_wconf 87' lang='grc' dir='ltr'><strong>τε</strong></span> <span class='ocrx_word' id='word_1_384' title='bbox 1248 3251 1345 3305; x_wconf 80' lang='grc' dir='ltr'>καὶ</span> <span class='ocrx_word' id='word_1_385' title='bbox 1398 3249 1752 3320; x_wconf 81' lang='grc' dir='ltr'>συμφέροντα</span> <span class='ocrx_word' id='word_1_386' title='bbox 1781 3266 1796 3281; x_wconf 88' lang='grc'><strong>·</strong></span> <span class='ocrx_word' id='word_1_387' title='bbox 1844 3251 1938 3304; x_wconf 75' lang='grc' dir='ltr'>καὶ</span> 
     </span>
    </p>
   </div>
   <div class='ocr_carea' id='block_1_50' title="bbox 349 3340 1937 3413">
    <p class='ocr_par' dir='ltr' id='par_1_50' title="bbox 349 3340 1937 3413">
     <span class='ocr_line' id='line_1_50' title="bbox 349 3340 1937 3413; baseline 0 -18"><span class='ocrx_word' id='word_1_388' title='bbox 349 3343 529 3407; x_wconf 68' lang='grc' dir='ltr'>τέλος,</span> <span class='ocrx_word' id='word_1_389' title='bbox 557 3343 644 3395; x_wconf 70' lang='grc' dir='ltr'>ἵνα</span> <span class='ocrx_word' id='word_1_390' title='bbox 668 3344 702 3412; x_wconf 79' lang='grc' dir='ltr'>ὴ</span> <span class='ocrx_word' id='word_1_391' title='bbox 736 3342 897 3413; x_wconf 86' lang='grc' dir='ltr'>χάρις</span> <span class='ocrx_word' id='word_1_392' title='bbox 919 3344 1014 3395; x_wconf 76' lang='grc' dir='ltr'>καὶ</span> <span class='ocrx_word' id='word_1_393' title='bbox 1043 3342 1104 3396; x_wconf 82' lang='grc' dir='ltr'>τὸ</span> <span class='ocrx_word' id='word_1_394' title='bbox 1145 3341 1294 3406; x_wconf 76' lang='grc' dir='ltr'>ἔλεος</span> <span class='ocrx_word' id='word_1_395' title='bbox 1346 3341 1442 3395; x_wconf 89' lang='grc' dir='ltr'><strong>τοῦ</strong></span> <span class='ocrx_word' id='word_1_396' title='bbox 1497 3340 1635 3395; x_wconf 85' lang='grc' dir='ltr'>Θεοῦ</span> <span class='ocrx_word' id='word_1_397' title='bbox 1689 3341 1778 3412; x_wconf 87' lang='grc' dir='ltr'>εῐη</span> <span class='ocrx_word' id='word_1_398' title='bbox 1816 3343 1937 3412; x_wconf 87' lang='grc' dir='ltr'>μεθ’</span> 
     </span>
    </p>
   </div>
   <div class='ocr_carea' id='block_1_51' title="bbox 348 3433 1931 3511">
    <p class='ocr_par' dir='ltr' id='par_1_51' title="bbox 348 3433 1931 3511">
     <span class='ocr_line' id='line_1_51' title="bbox 348 3433 1931 3511; baseline 0.001 -24"><span class='ocrx_word' id='word_1_399' title='bbox 348 3434 505 3505; x_wconf 77' lang='grc' dir='ltr'>ἡμῶν</span> <span class='ocrx_word' id='word_1_400' title='bbox 531 3436 785 3500; x_wconf 81' lang='grc' dir='ltr'>πάντοτε,</span> <span class='ocrx_word' id='word_1_401' title='bbox 823 3434 917 3511; x_wconf 71' lang='grc' dir='ltr'>καὶ</span> <span class='ocrx_word' id='word_1_402' title='bbox 939 3436 1197 3503; x_wconf 80' lang='grc' dir='ltr'>ὲκφωνεῖ,</span> <span class='ocrx_word' id='word_1_403' title='bbox 1231 3453 1250 3487; x_wconf 76' lang='grc' dir='ltr'><strong>ι</strong></span> <span class='ocrx_word' id='word_1_404' title='bbox 1286 3434 1408 3488; x_wconf 86' lang='grc' dir='ltr'>Ὅτι</span> <span class='ocrx_word' id='word_1_405' title='bbox 1440 3433 1530 3489; x_wconf 76' lang='grc' dir='ltr'><strong>σὺν</strong></span> <span class='ocrx_word' id='word_1_406' title='bbox 1572 3434 1632 3489; x_wconf 81' lang='grc' dir='ltr'>τὸ</span> <span class='ocrx_word' id='word_1_407' title='bbox 1659 3435 1882 3506; x_wconf 77' lang='grc' dir='ltr'>κράτος.</span> <span class='ocrx_word' id='word_1_408' title='bbox 1912 3456 1931 3488; x_wconf 95' lang='lat'><strong>»</strong></span> 
     </span>
    </p>
   </div>
   <div class='ocr_carea' id='block_1_52' title="bbox 348 3516 1937 3602">
    <p class='ocr_par' dir='ltr' id='par_1_52' title="bbox 348 3516 1937 3602">
     <span class='ocr_line' id='line_1_52' title="bbox 348 3516 1937 3602; baseline 0 -19"><span class='ocrx_word' id='word_1_409' title='bbox 348 3528 480 3583; x_wconf 68' lang='grc' dir='ltr'>Εἶτα</span> <span class='ocrx_word' id='word_1_410' title='bbox 501 3530 582 3597; x_wconf 84' lang='grc' dir='ltr'>τὸ,</span> <span class='ocrx_word' id='word_1_411' title='bbox 618 3548 638 3581; x_wconf 87' lang='grc'><em>‹</em></span> <span class='ocrx_word' id='word_1_412' title='bbox 676 3516 889 3602; x_wconf 75' lang='grc' dir='ltr'>Είρήνη</span> <span class='ocrx_word' id='word_1_413' title='bbox 932 3531 1092 3596; x_wconf 82' lang='grc' dir='ltr'>πᾶσι,</span> <span class='ocrx_word' id='word_1_414' title='bbox 1128 3549 1147 3583; x_wconf 92' lang='lat'><strong>»</strong></span> <span class='ocrx_word' id='word_1_415' title='bbox 1206 3529 1380 3599; x_wconf 82' lang='grc' dir='ltr'>λέγει.</span> <span class='ocrx_word' id='word_1_416' title='bbox 1445 3530 1560 3585; x_wconf 88' lang='lat' dir='ltr'><strong>Kal</strong></span> <span class='ocrx_word' id='word_1_417' title='bbox 1604 3531 1633 3584; x_wconf 91' lang='lat'><strong>6</strong></span> <span class='ocrx_word' id='word_1_418' title='bbox 1678 3530 1937 3594; x_wconf 79' lang='grc' dir='ltr'>διάκονος</span> 
     </span>
    </p>
   </div>
   <div class='ocr_carea' id='block_1_53' title="bbox 347 3618 1936 3695">
    <p class='ocr_par' dir='ltr' id='par_1_53' title="bbox 347 3618 1936 3695">
     <span class='ocr_line' id='line_1_53' title="bbox 347 3618 1936 3695; baseline 0.001 -20"><span class='ocrx_word' id='word_1_419' title='bbox 347 3618 525 3687; x_wconf 78' lang='grc' dir='ltr'>αὖθις,</span> <span class='ocrx_word' id='word_1_420' title='bbox 547 3642 567 3676; x_wconf 70' lang='grc' dir='ltr'><strong>ι</strong></span> <span class='ocrx_word' id='word_1_421' title='bbox 592 3623 707 3686; x_wconf 83' lang='grc' dir='ltr'><strong>Τὰς</strong></span> <span class='ocrx_word' id='word_1_422' title='bbox 731 3622 974 3691; x_wconf 76' lang='grc' dir='ltr'>κεφαλὰς</span> <span class='ocrx_word' id='word_1_423' title='bbox 1000 3622 1212 3692; x_wconf 72' lang='grc' dir='ltr'>ἡμῶν.»</span> <span class='ocrx_word' id='word_1_424' title='bbox 1232 3623 1344 3678; x_wconf 88' lang='lat' dir='ltr'><strong>Kal</strong></span> <span class='ocrx_word' id='word_1_425' title='bbox 1376 3623 1405 3677; x_wconf 94' lang='lat'><strong>6</strong></span> <span class='ocrx_word' id='word_1_426' title='bbox 1434 3622 1617 3693; x_wconf 70' lang='grc' dir='ltr'>ἱερεὺς</span> <span class='ocrx_word' id='word_1_427' title='bbox 1646 3622 1814 3695; x_wconf 79' lang='grc' dir='ltr'>εὐχὴν</span> <span class='ocrx_word' id='word_1_428' title='bbox 1842 3640 1936 3677; x_wconf 77' lang='grc' dir='ltr'><strong>κεο</strong></span> 
     </span>
    </p>
   </div>
   <div class='ocr_carea' id='block_1_54' title="bbox 349 3714 1938 3786">
    <p class='ocr_par' dir='ltr' id='par_1_54' title="bbox 349 3714 1938 3786">
     <span class='ocr_line' id='line_1_54' title="bbox 349 3714 1938 3786; baseline 0.001 -19"><span class='ocrx_word' id='word_1_429' title='bbox 349 3715 727 3783; x_wconf 74' lang='grc' dir='ltr'>φαλοκλισίας·</span> <span class='ocrx_word' id='word_1_430' title='bbox 754 3731 776 3767; x_wconf 77' lang='lat' dir='ltr'><strong>t</strong></span> <span class='ocrx_word' id='word_1_431' title='bbox 812 3714 987 3785; x_wconf 77' lang='grc' dir='ltr'>Κύριε</span> <span class='ocrx_word' id='word_1_432' title='bbox 1016 3716 1046 3768; x_wconf 87' lang='lat'><strong>6</strong></span> <span class='ocrx_word' id='word_1_433' title='bbox 1071 3714 1207 3777; x_wconf 80' lang='grc' dir='ltr'>Θεὸς</span> <span class='ocrx_word' id='word_1_434' title='bbox 1237 3714 1419 3785; x_wconf 79' lang='grc' dir='ltr'>ἡμῶν,</span> <span class='ocrx_word' id='word_1_435' title='bbox 1445 3715 1474 3767; x_wconf 91' lang='lat'><strong>6</strong></span> <span class='ocrx_word' id='word_1_436' title='bbox 1497 3715 1813 3786; x_wconf 85' lang='grc' dir='ltr'>καθήμενος</span> <span class='ocrx_word' id='word_1_437' title='bbox 1842 3716 1938 3769; x_wconf 74' lang='grc' dir='ltr'><strong>ἐπὶ</strong></span> 
     </span>
    </p>
   </div>
   <div class='ocr_carea' id='block_1_55' title="bbox 351 3806 1938 3879">
    <p class='ocr_par' dir='ltr' id='par_1_55' title="bbox 351 3806 1938 3879">
     <span class='ocr_line' id='line_1_55' title="bbox 351 3806 1938 3879; baseline 0.001 -20"><span class='ocrx_word' id='word_1_438' title='bbox 351 3807 544 3877; x_wconf 81' lang='grc' dir='ltr'>θρόνου</span> <span class='ocrx_word' id='word_1_439' title='bbox 573 3806 757 3878; x_wconf 79' lang='grc' dir='ltr'>δόξης.</span> <span class='ocrx_word' id='word_1_440' title='bbox 796 3827 817 3860; x_wconf 92' lang='lat'><strong>»</strong></span> <span class='ocrx_word' id='word_1_441' title='bbox 871 3808 982 3860; x_wconf 87' lang='lat' dir='ltr'><strong>Kal</strong></span> <span class='ocrx_word' id='word_1_442' title='bbox 1008 3808 1267 3876; x_wconf 66' lang='lat' dir='ltr'><strong>lxtptovsl,</strong></span> <span class='ocrx_word' id='word_1_443' title='bbox 1325 3824 1346 3860; x_wconf 74' lang='grc' dir='ltr'><strong>ι</strong></span> <span class='ocrx_word' id='word_1_444' title='bbox 1398 3806 1502 3879; x_wconf 75' lang='grc' dir='ltr'><strong>Εῐη</strong></span> <span class='ocrx_word' id='word_1_445' title='bbox 1560 3807 1623 3862; x_wconf 82' lang='grc' dir='ltr'>τὸ</span> <span class='ocrx_word' id='word_1_446' title='bbox 1666 3808 1938 3876; x_wconf 81' lang='grc' dir='ltr'>πανὰγιον</span> 
     </span>
    </p>
   </div>
   <div class='ocr_carea' id='block_1_56' title="bbox 347 3900 1937 3972">
    <p class='ocr_par' dir='ltr' id='par_1_56' title="bbox 347 3900 1937 3972">
     <span class='ocr_line' id='line_1_56' title="bbox 347 3900 1937 3972; baseline 0.001 -18"><span class='ocrx_word' id='word_1_447' title='bbox 347 3900 522 3972; x_wconf 69' lang='grc' dir='ltr'>ὄνομα</span> <span class='ocrx_word' id='word_1_448' title='bbox 542 3903 642 3972; x_wconf 76' lang='grc' dir='ltr'>τῆς</span> <span class='ocrx_word' id='word_1_449' title='bbox 686 3900 1104 3971; x_wconf 76' lang='grc' dir='ltr'>φιλανθρωπίας</span> <span class='ocrx_word' id='word_1_450' title='bbox 1162 3916 1259 3954; x_wconf 92' lang='grc' dir='ltr'><strong>σου</strong></span> <span class='ocrx_word' id='word_1_451' title='bbox 1298 3900 1667 3972; x_wconf 76' lang='grc' dir='ltr'>εὐλογημένον</span> <span class='ocrx_word' id='word_1_452' title='bbox 1728 3904 1823 3955; x_wconf 78' lang='grc' dir='ltr'>καὶ</span> <span class='ocrx_word' id='word_1_453' title='bbox 1847 3900 1937 3955; x_wconf 80' lang='grc' dir='ltr'>δε-</span> 
     </span>
    </p>
   </div>
   <div class='ocr_carea' id='block_1_57' title="bbox 349 3990 1939 4068">
    <p class='ocr_par' dir='ltr' id='par_1_57' title="bbox 349 3990 1939 4068">
     <span class='ocr_line' id='line_1_57' title="bbox 349 3990 1939 4068; baseline -0.001 -20"><span class='ocrx_word' id='word_1_454' title='bbox 349 3993 701 4065; x_wconf 74' lang='grc' dir='ltr'>δοξασμένον.</span> <span class='ocrx_word' id='word_1_455' title='bbox 738 4012 761 4047; x_wconf 91' lang='lat'><strong>»</strong></span> <span class='ocrx_word' id='word_1_456' title='bbox 796 3993 857 4047; x_wconf 92' lang='lat'><strong>&#39;0</strong></span> <span class='ocrx_word' id='word_1_457' title='bbox 900 3994 1177 4058; x_wconf 79' lang='grc' dir='ltr'>διάκονος,</span> <span class='ocrx_word' id='word_1_458' title='bbox 1219 4012 1238 4047; x_wconf 91' lang='lat'><strong>«</strong></span> <span class='ocrx_word' id='word_1_459' title='bbox 1287 3993 1380 4048; x_wconf 87' lang='lat' dir='ltr'><strong>&#39;Ev</strong></span> <span class='ocrx_word' id='word_1_460' title='bbox 1408 3994 1608 4068; x_wconf 72' lang='grc' dir='ltr'>εἰρήνῃ</span> <span class='ocrx_word' id='word_1_461' title='bbox 1659 3990 1939 4065; x_wconf 77' lang='grc' dir='ltr'>προέλθω·</span> 
     </span>
    </p>
   </div>
   <div class='ocr_carea' id='block_1_58' title="bbox 353 4084 1937 4158">
    <p class='ocr_par' dir='ltr' id='par_1_58' title="bbox 353 4084 1937 4158">
     <span class='ocr_line' id='line_1_58' title="bbox 353 4084 1937 4158; baseline -0.001 -18"><span class='ocrx_word' id='word_1_462' title='bbox 353 4101 478 4156; x_wconf 82' lang='grc' dir='ltr'>μεν.</span> <span class='ocrx_word' id='word_1_463' title='bbox 516 4103 536 4138; x_wconf 88' lang='lat'><strong>»</strong></span> <span class='ocrx_word' id='word_1_464' title='bbox 564 4087 677 4140; x_wconf 87' lang='lat' dir='ltr'><strong>Kal</strong></span> <span class='ocrx_word' id='word_1_465' title='bbox 700 4085 1017 4151; x_wconf 73' lang='grc' dir='ltr'>ἐξελθόντος</span> <span class='ocrx_word' id='word_1_466' title='bbox 1049 4087 1146 4140; x_wconf 83' lang='grc' dir='ltr'><strong>τοῦ</strong></span> <span class='ocrx_word' id='word_1_467' title='bbox 1176 4086 1391 4157; x_wconf 76' lang='grc' dir='ltr'>ἱερέως,</span> <span class='ocrx_word' id='word_1_468' title='bbox 1432 4087 1552 4158; x_wconf 68' lang='grc' dir='ltr'>ἅμα</span> <span class='ocrx_word' id='word_1_469' title='bbox 1608 4084 1937 4156; x_wconf 78' lang='grc' dir='ltr'>πορεύονται</span> 
     </span>
    </p>
   </div>
   <div class='ocr_carea' id='block_1_59' title="bbox 348 4178 1940 4250">
    <p class='ocr_par' dir='ltr' id='par_1_59' title="bbox 348 4178 1940 4250">
     <span class='ocr_line' id='line_1_59' title="bbox 348 4178 1940 4250; baseline -0.001 -17"><span class='ocrx_word' id='word_1_470' title='bbox 348 4178 578 4234; x_wconf 80' lang='grc' dir='ltr'>δπισθεν</span> <span class='ocrx_word' id='word_1_471' title='bbox 605 4178 705 4233; x_wconf 88' lang='grc' dir='ltr'><strong>τοῦ</strong></span> <span class='ocrx_word' id='word_1_472' title='bbox 727 4179 1007 4250; x_wconf 76' lang='grc' dir='ltr'>ᾶμδωνος,</span> <span class='ocrx_word' id='word_1_473' title='bbox 1049 4179 1136 4234; x_wconf 73' lang='grc' dir='ltr'>ἵνα</span> <span class='ocrx_word' id='word_1_474' title='bbox 1191 4180 1359 4249; x_wconf 85' lang='grc' dir='ltr'>μέσον</span> <span class='ocrx_word' id='word_1_475' title='bbox 1419 4179 1680 4235; x_wconf 79' lang='grc' dir='ltr'>ἁπάντων</span> <span class='ocrx_word' id='word_1_476' title='bbox 1729 4178 1940 4243; x_wconf 80' lang='grc' dir='ltr'>δοξολο-</span> 
     </span>
    </p>
   </div>
   <div class='ocr_carea' id='block_1_60' title="bbox 355 4270 1935 4342">
    <p class='ocr_par' dir='ltr' id='par_1_60' title="bbox 355 4270 1935 4342">
     <span class='ocr_line' id='line_1_60' title="bbox 355 4270 1935 4342; baseline 0.001 -19"><span class='ocrx_word' id='word_1_477' title='bbox 355 4270 576 4341; x_wconf 82' lang='grc' dir='ltr'>γήσωσι</span> <span class='ocrx_word' id='word_1_478' title='bbox 604 4271 695 4324; x_wconf 76' lang='grc' dir='ltr'><strong>τὸν</strong></span> <span class='ocrx_word' id='word_1_479' title='bbox 725 4271 878 4338; x_wconf 61' lang='grc' dir='ltr'>Θεὸν,</span> <span class='ocrx_word' id='word_1_480' title='bbox 906 4272 1004 4325; x_wconf 68' lang='grc' dir='ltr'>καὶ</span> <span class='ocrx_word' id='word_1_481' title='bbox 1028 4271 1123 4325; x_wconf 88' lang='grc' dir='ltr'><strong>τοῦ</strong></span> <span class='ocrx_word' id='word_1_482' title='bbox 1154 4270 1447 4342; x_wconf 76' lang='grc' dir='ltr'>ἑσπερινοῦ</span> <span class='ocrx_word' id='word_1_483' title='bbox 1478 4270 1778 4341; x_wconf 80' lang='grc' dir='ltr'>ἄρξωνται.</span> <span class='ocrx_word' id='word_1_484' title='bbox 1827 4271 1935 4325; x_wconf 85' lang='grc' dir='ltr'><strong>Τοῦ</strong></span> 
     </span>
    </p>
   </div>
   <div class='ocr_carea' id='block_1_61' title="bbox 349 4362 1937 4435">
    <p class='ocr_par' dir='ltr' id='par_1_61' title="bbox 349 4362 1937 4435">
     <span class='ocr_line' id='line_1_61' title="bbox 349 4362 1937 4435; baseline 0 -18"><span class='ocrx_word' id='word_1_485' title='bbox 349 4365 599 4418; x_wconf 84' lang='grc' dir='ltr'>διακόνου</span> <span class='ocrx_word' id='word_1_486' title='bbox 627 4363 724 4418; x_wconf 84' lang='grc' dir='ltr'><strong>οῦν</strong></span> <span class='ocrx_word' id='word_1_487' title='bbox 746 4364 1018 4431; x_wconf 73' lang='grc' dir='ltr'>εἰπόντος,</span> <span class='ocrx_word' id='word_1_488' title='bbox 1050 4382 1072 4425; x_wconf 65' lang='grc' dir='ltr'>ς</span> <span class='ocrx_word' id='word_1_489' title='bbox 1110 4362 1219 4417; x_wconf 90' lang='grc' dir='ltr'>Τοῦ</span> <span class='ocrx_word' id='word_1_490' title='bbox 1246 4364 1455 4434; x_wconf 83' lang='grc' dir='ltr'>Κυρίου</span> <span class='ocrx_word' id='word_1_491' title='bbox 1506 4364 1813 4435; x_wconf 77' lang='grc' dir='ltr'>δεηθῶμεν,</span> <span class='ocrx_word' id='word_1_492' title='bbox 1852 4383 1872 4417; x_wconf 92' lang='lat'><strong>»</strong></span> <span class='ocrx_word' id='word_1_493' title='bbox 1909 4365 1937 4417; x_wconf 91' lang='lat'><strong>6</strong></span> 
     </span>
    </p>
   </div>
   <div class='ocr_carea' id='block_1_62' title="bbox 351 4454 1934 4528">
    <p class='ocr_par' dir='ltr' id='par_1_62' title="bbox 351 4454 1934 4528">
     <span class='ocr_line' id='line_1_62' title="bbox 351 4454 1934 4528; baseline 0 -18"><span class='ocrx_word' id='word_1_494' title='bbox 351 4456 536 4528; x_wconf 72' lang='grc' dir='ltr'>ἱερεὺς</span> <span class='ocrx_word' id='word_1_495' title='bbox 564 4455 780 4527; x_wconf 78' lang='grc' dir='ltr'>βλέπων</span> <span class='ocrx_word' id='word_1_496' title='bbox 810 4454 952 4509; x_wconf 83' lang='grc' dir='ltr'>κατὰ</span> <span class='ocrx_word' id='word_1_497' title='bbox 978 4454 1271 4521; x_wconf 80' lang='grc' dir='ltr'>ἀνατολὰς,</span> <span class='ocrx_word' id='word_1_498' title='bbox 1317 4457 1576 4524; x_wconf 79' lang='grc' dir='ltr'>ἑκφωνεῖ,</span> <span class='ocrx_word' id='word_1_499' title='bbox 1608 4465 1650 4522; x_wconf 57' lang='grc' dir='ltr'><strong>ξ(</strong></span> <span class='ocrx_word' id='word_1_500' title='bbox 1688 4456 1934 4527; x_wconf 81' lang='grc' dir='ltr'>Εὐλογη-</span> 
     </span>
    </p>
   </div>
   <div class='ocr_carea' id='block_1_63' title="bbox 2040 1858 3634 1929">
    <p class='ocr_par' dir='ltr' id='par_1_63' title="bbox 2040 1858 3634 1929">
     <span class='ocr_line' id='line_1_63' title="bbox 2040 1858 3634 1929; baseline 0.004 -18"><span class='ocrx_word' id='word_1_501' title='bbox 2040 1867 2259 1924; x_wconf 88' lang='lat' dir='ltr'><strong>noster;</strong></span> <span class='ocrx_word' id='word_1_502' title='bbox 2289 1858 2560 1916; x_wconf 88' lang='lat' dir='ltr'><strong>diaconus</strong></span> <span class='ocrx_word' id='word_1_503' title='bbox 2596 1861 2824 1929; x_wconf 85' lang='lat' dir='ltr'><strong>paciﬁca</strong></span> <span class='ocrx_word' id='word_1_504' title='bbox 2853 1861 3010 1924; x_wconf 90' lang='lat' dir='ltr'><strong>dicit,</strong></span> <span class='ocrx_word' id='word_1_505' title='bbox 3045 1864 3306 1918; x_wconf 86' lang='lat' dir='ltr'><strong>sacerdos</strong></span> <span class='ocrx_word' id='word_1_506' title='bbox 3331 1864 3634 1921; x_wconf 88' lang='lat' dir='ltr'><strong>secundam</strong></span> 
     </span>
    </p>
   </div>
   <div class='ocr_carea' id='block_1_64' title="bbox 2042 1949 3635 2027">
    <p class='ocr_par' dir='ltr' id='par_1_64' title="bbox 2042 1949 3635 2027">
     <span class='ocr_line' id='line_1_64' title="bbox 2042 1949 3635 2027; baseline 0.004 -23"><span class='ocrx_word' id='word_1_507' title='bbox 2042 1949 2287 2005; x_wconf 81' lang='lat' dir='ltr'><strong>ﬁdelium</strong></span> <span class='ocrx_word' id='word_1_508' title='bbox 2322 1952 2655 2019; x_wconf 87' lang='lat' dir='ltr'><strong>orationem,</strong></span> <span class='ocrx_word' id='word_1_509' title='bbox 2703 1952 2969 2009; x_wconf 90' lang='lat' dir='ltr'><strong>«Domine</strong></span> <span class='ocrx_word' id='word_1_510' title='bbox 2994 1955 3134 2011; x_wconf 87' lang='lat' dir='ltr'><strong>Deus</strong></span> <span class='ocrx_word' id='word_1_511' title='bbox 3174 1964 3393 2023; x_wconf 90' lang='lat' dir='ltr'><strong>noster,</strong></span> <span class='ocrx_word' id='word_1_512' title='bbox 3429 1959 3523 2027; x_wconf 88' lang='lat' dir='ltr'><strong>qtti</strong></span> <span class='ocrx_word' id='word_1_513' title='bbox 3580 1959 3635 2011; x_wconf 87' lang='lat' dir='ltr'><strong>in</strong></span> 
     </span>
    </p>
   </div>
   <div class='ocr_carea' id='block_1_65' title="bbox 2040 2040 3637 2117">
    <p class='ocr_par' dir='ltr' id='par_1_65' title="bbox 2040 2040 3637 2117">
     <span class='ocr_line' id='line_1_65' title="bbox 2040 2040 3637 2117; baseline 0.003 -21"><span class='ocrx_word' id='word_1_514' title='bbox 2040 2040 2193 2097; x_wconf 80' lang='lat' dir='ltr'><strong>brevi</strong></span> <span class='ocrx_word' id='word_1_515' title='bbox 2220 2051 2462 2111; x_wconf 86' lang='lat' dir='ltr'><strong>tempore</strong></span> <span class='ocrx_word' id='word_1_516' title='bbox 2489 2060 2535 2109; x_wconf 82' lang='lat'><strong>;»</strong></span> <span class='ocrx_word' id='word_1_517' title='bbox 2564 2043 2855 2109; x_wconf 86' lang='lat' dir='ltr'><strong>diaconus,</strong></span> <span class='ocrx_word' id='word_1_518' title='bbox 2890 2045 3260 2115; x_wconf 68' lang='lat' dir='ltr'><strong>«Sapientia,»</strong></span> <span class='ocrx_word' id='word_1_519' title='bbox 3293 2046 3503 2117; x_wconf 85' lang='lat' dir='ltr'><strong>inquit;</strong></span> <span class='ocrx_word' id='word_1_520' title='bbox 3545 2062 3637 2101; x_wconf 78' lang='lat' dir='ltr'><strong>sa-</strong></span> 
     </span>
    </p>
   </div>
   <div class='ocr_carea' id='block_1_66' title="bbox 2040 2133 3632 2210">
    <p class='ocr_par' dir='ltr' id='par_1_66' title="bbox 2040 2133 3632 2210">
     <span class='ocr_line' id='line_1_66' title="bbox 2040 2133 3632 2210; baseline 0.006 -23"><span class='ocrx_word' id='word_1_521' title='bbox 2040 2133 2240 2188; x_wconf 90' lang='lat' dir='ltr'><strong>cerdos</strong></span> <span class='ocrx_word' id='word_1_522' title='bbox 2252 2134 2473 2201; x_wconf 88' lang='lat' dir='ltr'><strong>clamat,</strong></span> <span class='ocrx_word' id='word_1_523' title='bbox 2500 2134 2795 2202; x_wconf 87' lang='lat' dir='ltr'><strong>«Quoniam</strong></span> <span class='ocrx_word' id='word_1_524' title='bbox 2811 2136 3153 2193; x_wconf 87' lang='lat' dir='ltr'><strong>beuedicitur</strong></span> <span class='ocrx_word' id='word_1_525' title='bbox 3168 2148 3221 2194; x_wconf 91' lang='lat' dir='ltr'><strong>et</strong></span> <span class='ocrx_word' id='word_1_526' title='bbox 3234 2140 3592 2210; x_wconf 82' lang='lat' dir='ltr'><strong>glorificatur.</strong></span> <span class='ocrx_word' id='word_1_527' title='bbox 3608 2159 3632 2196; x_wconf 95' lang='lat'><strong>»</strong></span> 
     </span>
    </p>
   </div>
   <div class='ocr_carea' id='block_1_67' title="bbox 2041 2223 3636 2297">
    <p class='ocr_par' dir='ltr' id='par_1_67' title="bbox 2041 2223 3636 2297">
     <span class='ocr_line' id='line_1_67' title="bbox 2041 2223 3636 2297; baseline 0.004 -20"><span class='ocrx_word' id='word_1_528' title='bbox 2041 2223 2341 2290; x_wconf 79' lang='lat' dir='ltr'><strong>Diaconos,</strong></span> <span class='ocrx_word' id='word_1_529' title='bbox 2375 2242 2394 2277; x_wconf 76' lang='grc' dir='ltr'><strong>ι</strong></span> <span class='ocrx_word' id='word_1_530' title='bbox 2427 2224 2842 2296; x_wconf 86' lang='lat' dir='ltr'><strong>Adimpleanius</strong></span> <span class='ocrx_word' id='word_1_531' title='bbox 2888 2228 3196 2285; x_wconf 88' lang='lat' dir='ltr'><strong>orationem</strong></span> <span class='ocrx_word' id='word_1_532' title='bbox 3232 2230 3517 2297; x_wconf 87' lang='lat' dir='ltr'><strong>Domino,»</strong></span> <span class='ocrx_word' id='word_1_533' title='bbox 3578 2245 3636 2285; x_wconf 82' lang='lat' dir='ltr'><strong>et</strong></span> 
     </span>
    </p>
   </div>
   <div class='ocr_carea' id='block_1_68' title="bbox 2042 2316 3637 2389">
    <p class='ocr_par' dir='ltr' id='par_1_68' title="bbox 2042 2316 3637 2389">
     <span class='ocr_line' id='line_1_68' title="bbox 2042 2316 3637 2389; baseline 0.004 -19"><span class='ocrx_word' id='word_1_534' title='bbox 2042 2317 2275 2387; x_wconf 90' lang='lat' dir='ltr'><strong>reliqua.</strong></span> <span class='ocrx_word' id='word_1_535' title='bbox 2298 2316 2567 2374; x_wconf 89' lang='lat' dir='ltr'><strong>Sacerdos</strong></span> <span class='ocrx_word' id='word_1_536' title='bbox 2594 2333 2842 2389; x_wconf 82' lang='lat' dir='ltr'><strong>magnam</strong></span> <span class='ocrx_word' id='word_1_537' title='bbox 2865 2317 2998 2376; x_wconf 89' lang='lat' dir='ltr'><strong>facit</strong></span> <span class='ocrx_word' id='word_1_538' title='bbox 3015 2323 3344 2388; x_wconf 88' lang='lat' dir='ltr'><strong>orationem,</strong></span> <span class='ocrx_word' id='word_1_539' title='bbox 3369 2343 3389 2375; x_wconf 84' lang='lat'><strong>«</strong></span> <span class='ocrx_word' id='word_1_540' title='bbox 3406 2324 3637 2379; x_wconf 80' lang='lat' dir='ltr'><strong>Domine</strong></span> 
     </span>
    </p>
   </div>
   <div class='ocr_carea' id='block_1_69' title="bbox 2044 2407 3627 2477">
    <p class='ocr_par' dir='ltr' id='par_1_69' title="bbox 2044 2407 3627 2477">
     <span class='ocr_line' id='line_1_69' title="bbox 2044 2407 3627 2477; baseline 0.004 -15"><span class='ocrx_word' id='word_1_541' title='bbox 2044 2407 2186 2463; x_wconf 91' lang='lat' dir='ltr'><strong>Deus</strong></span> <span class='ocrx_word' id='word_1_542' title='bbox 2220 2415 2431 2472; x_wconf 88' lang='lat' dir='ltr'><strong>noster,</strong></span> <span class='ocrx_word' id='word_1_543' title='bbox 2467 2408 2621 2465; x_wconf 87' lang='lat' dir='ltr'><strong>solus</strong></span> <span class='ocrx_word' id='word_1_544' title='bbox 2655 2407 2836 2464; x_wconf 85' lang='lat' dir='ltr'><strong>bonus</strong></span> <span class='ocrx_word' id='word_1_545' title='bbox 2869 2410 3230 2467; x_wconf 87' lang='lat' dir='ltr'><strong>ethominum</strong></span> <span class='ocrx_word' id='word_1_546' title='bbox 3251 2422 3523 2477; x_wconf 87' lang='lat' dir='ltr'><strong>amator,»</strong></span> <span class='ocrx_word' id='word_1_547' title='bbox 3572 2417 3627 2469; x_wconf 89' lang='lat' dir='ltr'><strong>in</strong></span> 
     </span>
    </p>
   </div>
   <div class='ocr_carea' id='block_1_70' title="bbox 2040 2500 3638 2580">
    <p class='ocr_par' dir='ltr' id='par_1_70' title="bbox 2040 2500 3638 2580">
     <span class='ocr_line' id='line_1_70' title="bbox 2040 2500 3638 2580; baseline 0.007 -25"><span class='ocrx_word' id='word_1_548' title='bbox 2040 2516 2152 2570; x_wconf 87' lang='lat' dir='ltr'><strong>qua</strong></span> <span class='ocrx_word' id='word_1_549' title='bbox 2174 2501 2238 2556; x_wconf 89' lang='lat' dir='ltr'><strong>de</strong></span> <span class='ocrx_word' id='word_1_550' title='bbox 2267 2500 2629 2557; x_wconf 81' lang='lat' dir='ltr'><strong>crueiﬁxione</strong></span> <span class='ocrx_word' id='word_1_551' title='bbox 2686 2503 2989 2560; x_wconf 85' lang='lat' dir='ltr'><strong>Salvatoris</strong></span> <span class='ocrx_word' id='word_1_552' title='bbox 3041 2507 3368 2562; x_wconf 88' lang='lat' dir='ltr'><strong>recordatur</strong></span> <span class='ocrx_word' id='word_1_553' title='bbox 3403 2510 3638 2580; x_wconf 85' lang='lat' dir='ltr'><strong>ejusque</strong></span> 
     </span>
    </p>
   </div>
   <div class='ocr_carea' id='block_1_71' title="bbox 2047 2593 3638 2670">
    <p class='ocr_par' dir='ltr' id='par_1_71' title="bbox 2047 2593 3638 2670">
     <span class='ocr_line' id='line_1_71' title="bbox 2047 2593 3638 2670; baseline 0.004 -24"><span class='ocrx_word' id='word_1_554' title='bbox 2047 2593 2455 2650; x_wconf 88' lang='lat' dir='ltr'><strong>resurrectione</strong></span> <span class='ocrx_word' id='word_1_555' title='bbox 2490 2605 2549 2651; x_wconf 90' lang='lat' dir='ltr'><strong>et</strong></span> <span class='ocrx_word' id='word_1_556' title='bbox 2617 2595 2965 2662; x_wconf 85' lang='lat' dir='ltr'><strong>ascensione,</strong></span> <span class='ocrx_word' id='word_1_557' title='bbox 3016 2608 3391 2670; x_wconf 83' lang='lat' dir='ltr'><strong>precaturque</strong></span> <span class='ocrx_word' id='word_1_558' title='bbox 3442 2612 3503 2657; x_wconf 89' lang='lat' dir='ltr'><strong>ut</strong></span> <span class='ocrx_word' id='word_1_559' title='bbox 3545 2619 3638 2656; x_wconf 72' lang='lat' dir='ltr'><strong>ve.-</strong></span> 
     </span>
    </p>
   </div>
   <div class='ocr_carea' id='block_1_72' title="bbox 2043 2686 3637 2761">
    <p class='ocr_par' dir='ltr' id='par_1_72' title="bbox 2043 2686 3637 2761">
     <span class='ocr_line' id='line_1_72' title="bbox 2043 2686 3637 2761; baseline 0.008 -21"><span class='ocrx_word' id='word_1_560' title='bbox 2043 2686 2160 2741; x_wconf 89' lang='lat' dir='ltr'><strong>niat</strong></span> <span class='ocrx_word' id='word_1_561' title='bbox 2226 2687 2405 2757; x_wconf 89' lang='lat' dir='ltr'><strong>gratia</strong></span> <span class='ocrx_word' id='word_1_562' title='bbox 2459 2687 2555 2743; x_wconf 86' lang='lat' dir='ltr'><strong>Dei</strong></span> <span class='ocrx_word' id='word_1_563' title='bbox 2614 2703 2780 2759; x_wconf 86' lang='lat' dir='ltr'><strong>super</strong></span> <span class='ocrx_word' id='word_1_564' title='bbox 2824 2705 2930 2746; x_wconf 86' lang='lat' dir='ltr'><strong>nos</strong></span> <span class='ocrx_word' id='word_1_565' title='bbox 2988 2704 3199 2761; x_wconf 87' lang='lat' dir='ltr'><strong>nosque</strong></span> <span class='ocrx_word' id='word_1_566' title='bbox 3240 2695 3532 2751; x_wconf 89' lang='lat' dir='ltr'><strong>conﬁrmet</strong></span> <span class='ocrx_word' id='word_1_567' title='bbox 3578 2706 3637 2753; x_wconf 84' lang='lat' dir='ltr'><strong>et</strong></span> 
     </span>
    </p>
   </div>
   <div class='ocr_carea' id='block_1_73' title="bbox 2044 2775 3639 2853">
    <p class='ocr_par' dir='ltr' id='par_1_73' title="bbox 2044 2775 3639 2853">
     <span class='ocr_line' id='line_1_73' title="bbox 2044 2775 3639 2853; baseline 0.008 -22"><span class='ocrx_word' id='word_1_568' title='bbox 2044 2775 2322 2834; x_wconf 88' lang='lat' dir='ltr'><strong>illuminet</strong></span> <span class='ocrx_word' id='word_1_569' title='bbox 2350 2818 2366 2845; x_wconf 92' lang='lat'><strong>,</strong></span> <span class='ocrx_word' id='word_1_570' title='bbox 2405 2778 2626 2848; x_wconf 90' lang='lat' dir='ltr'><strong>aliaque</strong></span> <span class='ocrx_word' id='word_1_571' title='bbox 2670 2780 2843 2836; x_wconf 84' lang='lat' dir='ltr'><strong>multa</strong></span> <span class='ocrx_word' id='word_1_572' title='bbox 2873 2781 3141 2853; x_wconf 89' lang='lat' dir='ltr'><strong>deposcit,</strong></span> <span class='ocrx_word' id='word_1_573' title='bbox 3177 2799 3392 2842; x_wconf 89' lang='lat' dir='ltr'><strong>necnon</strong></span> <span class='ocrx_word' id='word_1_574' title='bbox 3447 2804 3473 2841; x_wconf 91' lang='lat' dir='ltr'><strong>a</strong></span> <span class='ocrx_word' id='word_1_575' title='bbox 3524 2788 3639 2845; x_wconf 83' lang='lat' dir='ltr'><strong>Deo</strong></span> 
     </span>
    </p>
   </div>
   <div class='ocr_carea' id='block_1_74' title="bbox 2045 2868 3641 2952">
    <p class='ocr_par' dir='ltr' id='par_1_74' title="bbox 2045 2868 3641 2952">
     <span class='ocr_line' id='line_1_74' title="bbox 2045 2868 3641 2952; baseline 0.009 -29"><span class='ocrx_word' id='word_1_576' title='bbox 2045 2868 2255 2940; x_wconf 80' lang='lat' dir='ltr'><strong>flagitat</strong></span> <span class='ocrx_word' id='word_1_577' title='bbox 2283 2872 2597 2928; x_wconf 88' lang='lat' dir='ltr'><strong>necessaria</strong></span> <span class='ocrx_word' id='word_1_578' title='bbox 2627 2881 2685 2928; x_wconf 89' lang='lat' dir='ltr'><strong>et</strong></span> <span class='ocrx_word' id='word_1_579' title='bbox 2710 2874 2889 2939; x_wconf 85' lang='lat' dir='ltr'><strong>utilia,</strong></span> <span class='ocrx_word' id='word_1_580' title='bbox 2932 2891 2998 2932; x_wconf 88' lang='lat' dir='ltr'><strong>ac</strong></span> <span class='ocrx_word' id='word_1_581' title='bbox 3040 2876 3359 2948; x_wconf 82' lang='lat' dir='ltr'><strong>deniqueut</strong></span> <span class='ocrx_word' id='word_1_582' title='bbox 3384 2881 3561 2952; x_wconf 87' lang='lat' dir='ltr'><strong>gratia</strong></span> <span class='ocrx_word' id='word_1_583' title='bbox 3585 2893 3641 2938; x_wconf 80' lang='lat' dir='ltr'><strong>el.</strong></span> 
     </span>
    </p>
   </div>
   <div class='ocr_carea' id='block_1_75' title="bbox 2046 2964 3635 3042">
    <p class='ocr_par' dir='ltr' id='par_1_75' title="bbox 2046 2964 3635 3042">
     <span class='ocr_line' id='line_1_75' title="bbox 2046 2964 3635 3042; baseline 0.008 -23"><span class='ocrx_word' id='word_1_584' title='bbox 2046 2964 2429 3021; x_wconf 86' lang='lat' dir='ltr'><strong>misericordia</strong></span> <span class='ocrx_word' id='word_1_585' title='bbox 2450 2965 2543 3022; x_wconf 88' lang='lat' dir='ltr'><strong>Dei</strong></span> <span class='ocrx_word' id='word_1_586' title='bbox 2577 2968 2650 3023; x_wconf 87' lang='lat' dir='ltr'><strong>sit</strong></span> <span class='ocrx_word' id='word_1_587' title='bbox 2677 2983 2896 3039; x_wconf 88' lang='lat' dir='ltr'><strong>semper</strong></span> <span class='ocrx_word' id='word_1_588' title='bbox 2949 2970 3266 3041; x_wconf 89' lang='lat' dir='ltr'><strong>nobiscum,</strong></span> <span class='ocrx_word' id='word_1_589' title='bbox 3315 2984 3370 3030; x_wconf 91' lang='lat' dir='ltr'><strong>et</strong></span> <span class='ocrx_word' id='word_1_590' title='bbox 3394 2975 3635 3042; x_wconf 86' lang='lat' dir='ltr'><strong>clamat,</strong></span> 
     </span>
    </p>
   </div>
   <div class='ocr_carea' id='block_1_76' title="bbox 2052 3053 3636 3138">
    <p class='ocr_par' dir='ltr' id='par_1_76' title="bbox 2052 3053 3636 3138">
     <span class='ocr_line' id='line_1_76' title="bbox 2052 3053 3636 3138; baseline 0.009 -30"><span class='ocrx_word' id='word_1_591' title='bbox 2052 3053 2197 3110; x_wconf 86' lang='lat' dir='ltr'><strong>«Tua</strong></span> <span class='ocrx_word' id='word_1_592' title='bbox 2220 3066 2303 3112; x_wconf 90' lang='lat' dir='ltr'><strong>est</strong></span> <span class='ocrx_word' id='word_1_593' title='bbox 2325 3055 2643 3114; x_wconf 87' lang='lat' dir='ltr'><strong>fortitudo.»</strong></span> <span class='ocrx_word' id='word_1_594' title='bbox 2668 3059 2894 3125; x_wconf 87' lang='lat' dir='ltr'><strong>Deinde,</strong></span> <span class='ocrx_word' id='word_1_595' title='bbox 2919 3060 3061 3117; x_wconf 77' lang='lat' dir='ltr'><strong>«Pax</strong></span> <span class='ocrx_word' id='word_1_596' title='bbox 3080 3065 3395 3129; x_wconf 90' lang='lat' dir='ltr'><strong>omnibus,»</strong></span> <span class='ocrx_word' id='word_1_597' title='bbox 3430 3067 3636 3138; x_wconf 82' lang='lat' dir='ltr'><strong>inquit,</strong></span> 
     </span>
    </p>
   </div>
   <div class='ocr_carea' id='block_1_77' title="bbox 2044 3150 3641 3229">
    <p class='ocr_par' dir='ltr' id='par_1_77' title="bbox 2044 3150 3641 3229">
     <span class='ocr_line' id='line_1_77' title="bbox 2044 3150 3641 3229; baseline 0.009 -26"><span class='ocrx_word' id='word_1_598' title='bbox 2044 3157 2098 3203; x_wconf 93' lang='lat' dir='ltr'><strong>et</strong></span> <span class='ocrx_word' id='word_1_599' title='bbox 2124 3150 2392 3207; x_wconf 84' lang='lat' dir='ltr'><strong>diaconus</strong></span> <span class='ocrx_word' id='word_1_600' title='bbox 2422 3152 2620 3207; x_wconf 88' lang='lat' dir='ltr'><strong>iterum</strong></span> <span class='ocrx_word' id='word_1_601' title='bbox 2650 3168 2665 3206; x_wconf 92' lang='lat'><strong>:</strong></span> <span class='ocrx_word' id='word_1_602' title='bbox 2698 3171 2717 3206; x_wconf 85' lang='lat'><strong>«</strong></span> <span class='ocrx_word' id='word_1_603' title='bbox 2755 3152 2948 3223; x_wconf 83' lang='lat' dir='ltr'><strong>Capita</strong></span> <span class='ocrx_word' id='word_1_604' title='bbox 2976 3165 3166 3211; x_wconf 89' lang='lat' dir='ltr'><strong>nostra</strong></span> <span class='ocrx_word' id='word_1_605' title='bbox 3194 3174 3210 3223; x_wconf 87' lang='lat'><strong>;</strong></span> <span class='ocrx_word' id='word_1_606' title='bbox 3244 3176 3264 3210; x_wconf 91' lang='lat'><strong>»</strong></span> <span class='ocrx_word' id='word_1_607' title='bbox 3304 3167 3361 3229; x_wconf 25' lang='lat' dir='ltr'><strong>et.</strong></span> <span class='ocrx_word' id='word_1_608' title='bbox 3385 3162 3641 3217; x_wconf 82' lang='lat' dir='ltr'><strong>sacerdos</strong></span> 
     </span>
    </p>
   </div>
   <div class='ocr_carea' id='block_1_78' title="bbox 2043 3244 3638 3314">
    <p class='ocr_par' dir='ltr' id='par_1_78' title="bbox 2043 3244 3638 3314">
     <span class='ocr_line' id='line_1_78' title="bbox 2043 3244 3638 3314; baseline 0.006 -15"><span class='ocrx_word' id='word_1_609' title='bbox 2043 3244 2242 3314; x_wconf 89' lang='lat' dir='ltr'><strong>capitis</strong></span> <span class='ocrx_word' id='word_1_610' title='bbox 2324 3244 2694 3302; x_wconf 85' lang='lat' dir='ltr'><strong>inclinationis</strong></span> <span class='ocrx_word' id='word_1_611' title='bbox 2750 3250 3061 3305; x_wconf 88' lang='lat' dir='ltr'><strong>orationem</strong></span> <span class='ocrx_word' id='word_1_612' title='bbox 3131 3249 3308 3309; x_wconf 81' lang='lat' dir='ltr'><strong>facit:</strong></span> <span class='ocrx_word' id='word_1_613' title='bbox 3357 3252 3638 3309; x_wconf 83' lang='lat' dir='ltr'><strong>«Domine</strong></span> 
     </span>
    </p>
   </div>
   <div class='ocr_carea' id='block_1_79' title="bbox 2044 3334 3639 3415">
    <p class='ocr_par' dir='ltr' id='par_1_79' title="bbox 2044 3334 3639 3415">
     <span class='ocr_line' id='line_1_79' title="bbox 2044 3334 3639 3415; baseline 0.009 -28"><span class='ocrx_word' id='word_1_614' title='bbox 2044 3334 2188 3390; x_wconf 88' lang='lat' dir='ltr'><strong>Deus</strong></span> <span class='ocrx_word' id='word_1_615' title='bbox 2220 3343 2408 3391; x_wconf 86' lang='lat' dir='ltr'><strong>noster</strong></span> <span class='ocrx_word' id='word_1_616' title='bbox 2464 3335 2558 3406; x_wconf 91' lang='lat' dir='ltr'><strong>qui</strong></span> <span class='ocrx_word' id='word_1_617' title='bbox 2589 3337 2746 3394; x_wconf 87' lang='lat' dir='ltr'><strong>sedes</strong></span> <span class='ocrx_word' id='word_1_618' title='bbox 2800 3352 2970 3408; x_wconf 88' lang='lat' dir='ltr'><strong>super</strong></span> <span class='ocrx_word' id='word_1_619' title='bbox 3004 3342 3265 3397; x_wconf 86' lang='lat' dir='ltr'><strong>thronum</strong></span> <span class='ocrx_word' id='word_1_620' title='bbox 3299 3344 3544 3415; x_wconf 61' lang='lat' dir='ltr'><strong>glorite,»</strong></span> <span class='ocrx_word' id='word_1_621' title='bbox 3584 3356 3639 3401; x_wconf 88' lang='lat' dir='ltr'><strong>et</strong></span> 
     </span>
    </p>
   </div>
   <div class='ocr_carea' id='block_1_80' title="bbox 2040 3424 3637 3501">
    <p class='ocr_par' dir='ltr' id='par_1_80' title="bbox 2040 3424 3637 3501">
     <span class='ocr_line' id='line_1_80' title="bbox 2040 3424 3637 3501; baseline 0.006 -21"><span class='ocrx_word' id='word_1_622' title='bbox 2040 3427 2337 3494; x_wconf 82' lang='lat' dir='ltr'><strong>exclamat,</strong></span> <span class='ocrx_word' id='word_1_623' title='bbox 2374 3424 2493 3480; x_wconf 83' lang='lat' dir='ltr'><strong>«Sit</strong></span> <span class='ocrx_word' id='word_1_624' title='bbox 2519 3427 2933 3483; x_wconf 83' lang='lat' dir='ltr'><strong>sanctissimum</strong></span> <span class='ocrx_word' id='word_1_625' title='bbox 2984 3431 3335 3501; x_wconf 88' lang='lat' dir='ltr'><strong>benignitatis</strong></span> <span class='ocrx_word' id='word_1_626' title='bbox 3376 3442 3485 3489; x_wconf 71' lang='lat' dir='ltr'><strong>tute</strong></span> <span class='ocrx_word' id='word_1_627' title='bbox 3540 3450 3637 3489; x_wconf 91' lang='lat' dir='ltr'><strong>no-</strong></span> 
     </span>
    </p>
   </div>
   <div class='ocr_carea' id='block_1_81' title="bbox 2042 3517 3641 3589">
    <p class='ocr_par' dir='ltr' id='par_1_81' title="bbox 2042 3517 3641 3589">
     <span class='ocr_line' id='line_1_81' title="bbox 2042 3517 3641 3589; baseline 0.006 -18"><span class='ocrx_word' id='word_1_628' title='bbox 2042 3531 2166 3571; x_wconf 88' lang='lat' dir='ltr'><strong>men</strong></span> <span class='ocrx_word' id='word_1_629' title='bbox 2193 3517 2541 3574; x_wconf 84' lang='lat' dir='ltr'><strong>benedictnm</strong></span> <span class='ocrx_word' id='word_1_630' title='bbox 2571 3529 2629 3574; x_wconf 86' lang='lat' dir='ltr'><strong>et</strong></span> <span class='ocrx_word' id='word_1_631' title='bbox 2652 3519 3076 3589; x_wconf 83' lang='lat' dir='ltr'><strong>gloriﬁcatum.»</strong></span> <span class='ocrx_word' id='word_1_632' title='bbox 3110 3522 3388 3580; x_wconf 88' lang='lat' dir='ltr'><strong>Diaeonus</strong></span> <span class='ocrx_word' id='word_1_633' title='bbox 3414 3540 3431 3578; x_wconf 90' lang='lat'><strong>:</strong></span> <span class='ocrx_word' id='word_1_634' title='bbox 3471 3524 3641 3580; x_wconf 83' lang='lat' dir='ltr'><strong>«Pro-</strong></span> 
     </span>
    </p>
   </div>
   <div class='ocr_carea' id='block_1_82' title="bbox 2042 3611 3638 3687">
    <p class='ocr_par' dir='ltr' id='par_1_82' title="bbox 2042 3611 3638 3687">
     <span class='ocr_line' id='line_1_82' title="bbox 2042 3611 3638 3687; baseline 0.005 -19"><span class='ocrx_word' id='word_1_635' title='bbox 2042 3611 2303 3669; x_wconf 80' lang='lat' dir='ltr'><strong>cedamus</strong></span> <span class='ocrx_word' id='word_1_636' title='bbox 2337 3613 2396 3668; x_wconf 91' lang='lat' dir='ltr'><strong>in</strong></span> <span class='ocrx_word' id='word_1_637' title='bbox 2443 3628 2650 3684; x_wconf 89' lang='lat' dir='ltr'><strong>pace.»</strong></span> <span class='ocrx_word' id='word_1_638' title='bbox 2693 3613 2756 3670; x_wconf 82' lang='lat' dir='ltr'><strong>Et</strong></span> <span class='ocrx_word' id='word_1_639' title='bbox 2804 3630 3027 3687; x_wconf 85' lang='lat' dir='ltr'><strong>egresso</strong></span> <span class='ocrx_word' id='word_1_640' title='bbox 3109 3618 3398 3674; x_wconf 88' lang='lat' dir='ltr'><strong>sacerdote</strong></span> <span class='ocrx_word' id='word_1_641' title='bbox 3467 3621 3638 3676; x_wconf 88' lang='lat' dir='ltr'><strong>simul</strong></span> 
     </span>
    </p>
   </div>
   <div class='ocr_carea' id='block_1_83' title="bbox 2042 3703 3632 3775">
    <p class='ocr_par' dir='ltr' id='par_1_83' title="bbox 2042 3703 3632 3775">
     <span class='ocr_line' id='line_1_83' title="bbox 2042 3703 3632 3775; baseline 0.007 -18"><span class='ocrx_word' id='word_1_642' title='bbox 2042 3703 2347 3773; x_wconf 89' lang='lat' dir='ltr'><strong>procedunt</strong></span> <span class='ocrx_word' id='word_1_643' title='bbox 2391 3713 2518 3775; x_wconf 87' lang='lat' dir='ltr'><strong>post</strong></span> <span class='ocrx_word' id='word_1_644' title='bbox 2590 3706 2883 3762; x_wconf 89' lang='lat' dir='ltr'><strong>amboncm</strong></span> <span class='ocrx_word' id='word_1_645' title='bbox 2928 3717 2988 3761; x_wconf 95' lang='lat' dir='ltr'><strong>ut</strong></span> <span class='ocrx_word' id='word_1_646' title='bbox 3040 3708 3097 3763; x_wconf 89' lang='lat' dir='ltr'><strong>in</strong></span> <span class='ocrx_word' id='word_1_647' title='bbox 3154 3709 3336 3766; x_wconf 90' lang='lat' dir='ltr'><strong>medio</strong></span> <span class='ocrx_word' id='word_1_648' title='bbox 3387 3713 3632 3768; x_wconf 88' lang='lat' dir='ltr'><strong>omnium</strong></span> 
     </span>
    </p>
   </div>
   <div class='ocr_carea' id='block_1_84' title="bbox 2041 3795 3637 3872">
    <p class='ocr_par' dir='ltr' id='par_1_84' title="bbox 2041 3795 3637 3872">
     <span class='ocr_line' id='line_1_84' title="bbox 2041 3795 3637 3872; baseline 0.007 -23"><span class='ocrx_word' id='word_1_649' title='bbox 2041 3795 2355 3864; x_wconf 81' lang='lat' dir='ltr'><strong>gloriﬁcent</strong></span> <span class='ocrx_word' id='word_1_650' title='bbox 2403 3797 2599 3864; x_wconf 91' lang='lat' dir='ltr'><strong>Deum,</strong></span> <span class='ocrx_word' id='word_1_651' title='bbox 2644 3813 2712 3854; x_wconf 86' lang='lat' dir='ltr'><strong>ac</strong></span> <span class='ocrx_word' id='word_1_652' title='bbox 2761 3800 3140 3871; x_wconf 82' lang='lat' dir='ltr'><strong>vespertinum</strong></span> <span class='ocrx_word' id='word_1_653' title='bbox 3201 3802 3471 3872; x_wconf 88' lang='lat' dir='ltr'><strong>incipiant</strong></span> <span class='ocrx_word' id='word_1_654' title='bbox 3518 3807 3637 3860; x_wconf 85' lang='lat' dir='ltr'><strong>olli-</strong></span> 
     </span>
    </p>
   </div>
   <div class='ocr_carea' id='block_1_85' title="bbox 2043 3888 3637 3969">
    <p class='ocr_par' dir='ltr' id='par_1_85' title="bbox 2043 3888 3637 3969">
     <span class='ocr_line' id='line_1_85' title="bbox 2043 3888 3637 3969; baseline 0.008 -27"><span class='ocrx_word' id='word_1_655' title='bbox 2043 3888 2214 3943; x_wconf 93' lang='lat' dir='ltr'><strong>cium.</strong></span> <span class='ocrx_word' id='word_1_656' title='bbox 2270 3888 2461 3961; x_wconf 80' lang='lat' dir='ltr'><strong>Itaque</strong></span> <span class='ocrx_word' id='word_1_657' title='bbox 2497 3891 2730 3948; x_wconf 91' lang='lat' dir='ltr'><strong>diacono</strong></span> <span class='ocrx_word' id='word_1_658' title='bbox 2776 3892 2997 3950; x_wconf 89' lang='lat' dir='ltr'><strong>dicente</strong></span> <span class='ocrx_word' id='word_1_659' title='bbox 3034 3910 3049 3948; x_wconf 86' lang='lat'><strong>:</strong></span> <span class='ocrx_word' id='word_1_660' title='bbox 3083 3896 3403 3953; x_wconf 85' lang='lat' dir='ltr'><strong>«Dominum</strong></span> <span class='ocrx_word' id='word_1_661' title='bbox 3436 3896 3637 3969; x_wconf 82' lang='lat' dir='ltr'><strong>depre-</strong></span> 
     </span>
    </p>
   </div>
   <div class='ocr_carea' id='block_1_86' title="bbox 2042 3984 3635 4054">
    <p class='ocr_par' dir='ltr' id='par_1_86' title="bbox 2042 3984 3635 4054">
     <span class='ocr_line' id='line_1_86' title="bbox 2042 3984 3635 4054; baseline 0.003 -16"><span class='ocrx_word' id='word_1_662' title='bbox 2042 3996 2292 4048; x_wconf 90' lang='lat' dir='ltr'><strong>cemur,»</strong></span> <span class='ocrx_word' id='word_1_663' title='bbox 2335 3984 2600 4039; x_wconf 88' lang='lat' dir='ltr'><strong>sacerdos</strong></span> <span class='ocrx_word' id='word_1_664' title='bbox 2633 3987 2703 4040; x_wconf 89' lang='lat' dir='ltr'><strong>ad</strong></span> <span class='ocrx_word' id='word_1_665' title='bbox 2734 3986 3003 4043; x_wconf 88' lang='lat' dir='ltr'><strong>orientem</strong></span> <span class='ocrx_word' id='word_1_666' title='bbox 3034 3996 3290 4054; x_wconf 88' lang='lat' dir='ltr'><strong>spectans</strong></span> <span class='ocrx_word' id='word_1_667' title='bbox 3313 3989 3586 4045; x_wconf 80' lang='lat' dir='ltr'><strong>exclamat</strong></span> <span class='ocrx_word' id='word_1_668' title='bbox 3618 4004 3635 4043; x_wconf 89' lang='lat'><strong>:</strong></span> 
     </span>
    </p>
   </div>
   <div class='ocr_carea' id='block_1_87' title="bbox 2055 4072 3639 4150">
    <p class='ocr_par' dir='ltr' id='par_1_87' title="bbox 2055 4072 3639 4150">
     <span class='ocr_line' id='line_1_87' title="bbox 2055 4072 3639 4150; baseline 0.008 -25"><span class='ocrx_word' id='word_1_669' title='bbox 2055 4072 2389 4129; x_wconf 89' lang='lat' dir='ltr'><strong>«Benedicta</strong></span> <span class='ocrx_word' id='word_1_670' title='bbox 2421 4074 2595 4145; x_wconf 88' lang='lat' dir='ltr'><strong>gloria</strong></span> <span class='ocrx_word' id='word_1_671' title='bbox 2626 4075 2847 4132; x_wconf 90' lang='lat' dir='ltr'><strong>Domini</strong></span> <span class='ocrx_word' id='word_1_672' title='bbox 2882 4076 2939 4132; x_wconf 89' lang='lat' dir='ltr'><strong>in</strong></span> <span class='ocrx_word' id='word_1_673' title='bbox 2973 4077 3093 4134; x_wconf 89' lang='lat' dir='ltr'><strong>loco</strong></span> <span class='ocrx_word' id='word_1_674' title='bbox 3123 4089 3312 4135; x_wconf 89' lang='lat' dir='ltr'><strong>saneto</strong></span> <span class='ocrx_word' id='word_1_675' title='bbox 3349 4081 3470 4150; x_wconf 87' lang='lat' dir='ltr'><strong>ejus</strong></span> <span class='ocrx_word' id='word_1_676' title='bbox 3516 4082 3639 4137; x_wconf 86' lang='lat' dir='ltr'><strong>ubi-</strong></span> 
     </span>
    </p>
   </div>
   <div class='ocr_carea' id='block_1_88' title="bbox 2042 4171 3629 4240">
    <p class='ocr_par' dir='ltr' id='par_1_88' title="bbox 2042 4171 3629 4240">
     <span class='ocr_line' id='line_1_88' title="bbox 2042 4171 3629 4240; baseline 0.006 -19"><span class='ocrx_word' id='word_1_677' title='bbox 2042 4182 2151 4234; x_wconf 86' lang='lat' dir='ltr'><strong>que</strong></span> <span class='ocrx_word' id='word_1_678' title='bbox 2200 4182 2348 4223; x_wconf 91' lang='lat' dir='ltr'><strong>nunc</strong></span> <span class='ocrx_word' id='word_1_679' title='bbox 2402 4177 2459 4223; x_wconf 90' lang='lat' dir='ltr'><strong>et</strong></span> <span class='ocrx_word' id='word_1_680' title='bbox 2505 4182 2725 4240; x_wconf 90' lang='lat' dir='ltr'><strong>semper</strong></span> <span class='ocrx_word' id='word_1_681' title='bbox 2784 4180 2841 4227; x_wconf 89' lang='lat' dir='ltr'><strong>et</strong></span> <span class='ocrx_word' id='word_1_682' title='bbox 2894 4171 2949 4226; x_wconf 92' lang='lat' dir='ltr'><strong>in</strong></span> <span class='ocrx_word' id='word_1_683' title='bbox 3005 4172 3213 4231; x_wconf 68' lang='lat' dir='ltr'><strong>saecula</strong></span> <span class='ocrx_word' id='word_1_684' title='bbox 3240 4177 3629 4235; x_wconf 85' lang='lat' dir='ltr'><strong>saeculorum.»</strong></span> 
     </span>
    </p>
   </div>
   <div class='ocr_carea' id='block_1_89' title="bbox 2048 4261 3637 4336">
    <p class='ocr_par' dir='ltr' id='par_1_89' title="bbox 2048 4261 3637 4336">
     <span class='ocr_line' id='line_1_89' title="bbox 2048 4261 3637 4336; baseline 0.005 -20"><span class='ocrx_word' id='word_1_685' title='bbox 2048 4261 2208 4328; x_wconf 87' lang='lat' dir='ltr'><strong>Quod</strong></span> <span class='ocrx_word' id='word_1_686' title='bbox 2295 4276 2426 4332; x_wconf 85' lang='lat' dir='ltr'><strong>ergo</strong></span> <span class='ocrx_word' id='word_1_687' title='bbox 2516 4262 2587 4317; x_wconf 88' lang='lat' dir='ltr'><strong>ad</strong></span> <span class='ocrx_word' id='word_1_688' title='bbox 2677 4264 2902 4321; x_wconf 83' lang='lat' dir='ltr'><strong>litanias</strong></span> <span class='ocrx_word' id='word_1_689' title='bbox 2992 4267 3236 4335; x_wconf 89' lang='lat' dir='ltr'><strong>attinet,</strong></span> <span class='ocrx_word' id='word_1_690' title='bbox 3294 4267 3637 4336; x_wconf 58' lang='lat' dir='ltr'><strong>~litaniarum</strong></span> 
     </span>
    </p>
   </div>
   <div class='ocr_carea' id='block_1_90' title="bbox 2042 4354 3635 4429">
    <p class='ocr_par' dir='ltr' id='par_1_90' title="bbox 2042 4354 3635 4429">
     <span class='ocr_line' id='line_1_90' title="bbox 2042 4354 3635 4429; baseline 0.005 -21"><span class='ocrx_word' id='word_1_691' title='bbox 2042 4354 2150 4409; x_wconf 86' lang='lat' dir='ltr'><strong>hoc</strong></span> <span class='ocrx_word' id='word_1_692' title='bbox 2199 4363 2287 4410; x_wconf 86' lang='lat' dir='ltr'><strong>est</strong></span> <span class='ocrx_word' id='word_1_693' title='bbox 2338 4354 2580 4422; x_wconf 90' lang='lat' dir='ltr'><strong>initium,</strong></span> <span class='ocrx_word' id='word_1_694' title='bbox 2613 4356 2878 4425; x_wconf 85' lang='lat' dir='ltr'><strong>pontiﬁce</strong></span> <span class='ocrx_word' id='word_1_695' title='bbox 2947 4356 3084 4413; x_wconf 89' lang='lat' dir='ltr'><strong>illud</strong></span> <span class='ocrx_word' id='word_1_696' title='bbox 3152 4367 3278 4429; x_wconf 89' lang='lat' dir='ltr'><strong>post</strong></span> <span class='ocrx_word' id='word_1_697' title='bbox 3343 4359 3635 4416; x_wconf 86' lang='lat' dir='ltr'><strong>amboncm</strong></span> 
     </span>
    </p>
   </div>
   <div class='ocr_carea' id='block_1_91' title="bbox 2042 4448 3634 4527">
    <p class='ocr_par' dir='ltr' id='par_1_91' title="bbox 2042 4448 3634 4527">
     <span class='ocr_line' id='line_1_91' title="bbox 2042 4448 3634 4527; baseline 0.005 -23"><span class='ocrx_word' id='word_1_698' title='bbox 2042 4448 2289 4517; x_wconf 86' lang='lat' dir='ltr'><strong>dicente;</strong></span> <span class='ocrx_word' id='word_1_699' title='bbox 2324 4450 2414 4506; x_wconf 90' lang='lat' dir='ltr'><strong>hic</strong></span> <span class='ocrx_word' id='word_1_700' title='bbox 2469 4465 2601 4507; x_wconf 81' lang='lat' dir='ltr'><strong>vero</strong></span> <span class='ocrx_word' id='word_1_701' title='bbox 2663 4451 2882 4507; x_wconf 89' lang='lat' dir='ltr'><strong>initium</strong></span> <span class='ocrx_word' id='word_1_702' title='bbox 2933 4462 3020 4508; x_wconf 91' lang='lat' dir='ltr'><strong>est</strong></span> <span class='ocrx_word' id='word_1_703' title='bbox 3053 4453 3369 4525; x_wconf 85' lang='lat' dir='ltr'><strong>lampadum</strong></span> <span class='ocrx_word' id='word_1_704' title='bbox 3417 4458 3634 4527; x_wconf 85' lang='lat' dir='ltr'><strong>hymni.</strong></span> 
     </span>
    </p>
   </div>
   <div class='ocr_carea' id='block_1_92' title="bbox 353 4519 1935 4620">
    <p class='ocr_par' dir='ltr' id='par_1_92' title="bbox 353 4519 1935 4620">
     <span class='ocr_line' id='line_1_92' title="bbox 353 4519 1935 4620; baseline 0.001 -19"><span class='ocrx_word' id='word_1_705' title='bbox 353 4519 491 4620; x_wconf 65' lang='grc' dir='ltr'>μένη</span> <span class='ocrx_word' id='word_1_706' title='bbox 528 4519 576 4619; x_wconf 38' lang='grc' dir='ltr'><strong>ἡ.</strong></span> <span class='ocrx_word' id='word_1_707' title='bbox 592 4548 720 4615; x_wconf 78' lang='grc' dir='ltr'>δόξα</span> <span class='ocrx_word' id='word_1_708' title='bbox 742 4548 954 4618; x_wconf 85' lang='grc' dir='ltr'>Κυρίου</span> <span class='ocrx_word' id='word_1_709' title='bbox 1007 4549 1074 4600; x_wconf 82' lang='grc' dir='ltr'>ὲκ</span> <span class='ocrx_word' id='word_1_710' title='bbox 1107 4546 1204 4599; x_wconf 90' lang='grc' dir='ltr'><strong>τοῦ</strong></span> <span class='ocrx_word' id='word_1_711' title='bbox 1239 4519 1410 4603; x_wconf 76' lang='grc' dir='ltr'>τόπου</span> <span class='ocrx_word' id='word_1_712' title='bbox 1435 4546 1532 4601; x_wconf 85' lang='grc' dir='ltr'><strong>τοῦ</strong></span> <span class='ocrx_word' id='word_1_713' title='bbox 1556 4519 1715 4615; x_wconf 66' lang='grc' dir='ltr'>όιχίου</span> <span class='ocrx_word' id='word_1_714' title='bbox 1770 4519 1935 4603; x_wconf 76' lang='grc' dir='ltr'>αὑτοῦ</span> 
     </span>
    </p>
   </div>
   <div class='ocr_carea' id='block_1_93' title="bbox 2042 4519 3633 4620">
    <p class='ocr_par' dir='ltr' id='par_1_93' title="bbox 2045 4519 3633 4617">
     <span class='ocr_line' id='line_1_93' title="bbox 2045 4519 3633 4617; baseline 0.004 -22"><span class='ocrx_word' id='word_1_715' title='bbox 2045 4540 2115 4595; x_wconf 89' lang='lat' dir='ltr'><strong>Et</strong></span> <span class='ocrx_word' id='word_1_716' title='bbox 2158 4542 2344 4595; x_wconf 87' lang='lat' dir='ltr'><strong>statim</strong></span> <span class='ocrx_word' id='word_1_717' title='bbox 2404 4540 2460 4595; x_wconf 91' lang='lat' dir='ltr'><strong>in</strong></span> <span class='ocrx_word' id='word_1_718' title='bbox 2493 4541 2666 4597; x_wconf 89' lang='lat' dir='ltr'><strong>latere</strong></span> <span class='ocrx_word' id='word_1_719' title='bbox 2715 4542 2904 4610; x_wconf 87' lang='lat' dir='ltr'><strong>templi</strong></span> <span class='ocrx_word' id='word_1_720' title='bbox 2942 4558 2973 4599; x_wconf 85' lang='lat' dir='ltr'><strong>a</strong></span> <span class='ocrx_word' id='word_1_721' title='bbox 3017 4519 3341 4602; x_wconf 76' lang='lat' dir='ltr'><strong>cantoribus</strong></span> <span class='ocrx_word' id='word_1_722' title='bbox 3372 4519 3633 4617; x_wconf 75' lang='lat' dir='ltr'><strong>psallitur</strong></span> 
     </span>
    </p>
   </div>
   <div class='ocr_carea' id='block_1_94' title="bbox 352 4638 1934 4703">
    <p class='ocr_par' dir='ltr' id='par_1_94' title="bbox 352 4638 1934 4703">
     <span class='ocr_line' id='line_1_94' title="bbox 352 4638 1934 4703; baseline 0.002 -10"><span class='ocrx_word' id='word_1_723' title='bbox 352 4642 586 4695; x_wconf 74' lang='grc' dir='ltr'>πάντοτε</span> <span class='ocrx_word' id='word_1_724' title='bbox 612 4639 709 4693; x_wconf 81' lang='grc' dir='ltr'><strong>νῦν</strong></span> <span class='ocrx_word' id='word_1_725' title='bbox 734 4640 832 4693; x_wconf 81' lang='grc' dir='ltr'>καὶ</span> <span class='ocrx_word' id='word_1_726' title='bbox 859 4639 946 4692; x_wconf 75' lang='grc' dir='ltr'><strong>ἀεὶ</strong></span> <span class='ocrx_word' id='word_1_727' title='bbox 979 4639 1075 4692; x_wconf 77' lang='grc' dir='ltr'>καὶ</span> <span class='ocrx_word' id='word_1_728' title='bbox 1115 4640 1196 4701; x_wconf 85' lang='grc' dir='ltr'><strong>είς</strong></span> <span class='ocrx_word' id='word_1_729' title='bbox 1230 4638 1358 4700; x_wconf 78' lang='grc' dir='ltr'>τοὺς</span> <span class='ocrx_word' id='word_1_730' title='bbox 1411 4638 1616 4703; x_wconf 87' lang='grc' dir='ltr'>αίῶνας</span> <span class='ocrx_word' id='word_1_731' title='bbox 1666 4642 1776 4696; x_wconf 89' lang='grc' dir='ltr'><strong>τῶν</strong></span> <span class='ocrx_word' id='word_1_732' title='bbox 1800 4643 1934 4696; x_wconf 74' lang='lat' dir='ltr'><strong>aldi—</strong></span> 
     </span>
    </p>
   </div>
   <div class='ocr_carea' id='block_1_95' title="bbox 352 4730 1940 4805">
    <p class='ocr_par' dir='ltr' id='par_1_95' title="bbox 352 4730 1940 4805">
     <span class='ocr_line' id='line_1_95' title="bbox 352 4730 1940 4805; baseline 0.001 -18"><span class='ocrx_word' id='word_1_733' title='bbox 352 4751 482 4789; x_wconf 83' lang='grc' dir='ltr'>νων.</span> <span class='ocrx_word' id='word_1_734' title='bbox 517 4753 536 4785; x_wconf 92' lang='lat'><strong>»</strong></span> <span class='ocrx_word' id='word_1_735' title='bbox 580 4732 756 4787; x_wconf 86' lang='grc' dir='ltr'>Τοῦτο</span> <span class='ocrx_word' id='word_1_736' title='bbox 781 4732 878 4787; x_wconf 79' lang='lat' dir='ltr'><em>06v</em></span> <span class='ocrx_word' id='word_1_737' title='bbox 926 4733 1005 4796; x_wconf 89' lang='grc' dir='ltr'><strong>είς</strong></span> <span class='ocrx_word' id='word_1_738' title='bbox 1035 4733 1134 4802; x_wconf 85' lang='grc' dir='ltr'>μὲν</span> <span class='ocrx_word' id='word_1_739' title='bbox 1179 4730 1282 4795; x_wconf 83' lang='grc' dir='ltr'><strong>τὰς</strong></span> <span class='ocrx_word' id='word_1_740' title='bbox 1318 4731 1614 4799; x_wconf 71' lang='grc' dir='ltr'>λιτανείας,</span> <span class='ocrx_word' id='word_1_741' title='bbox 1658 4734 1803 4805; x_wconf 79' lang='grc' dir='ltr'>ἁρχὴ</span> <span class='ocrx_word' id='word_1_742' title='bbox 1831 4736 1940 4790; x_wconf 88' lang='grc' dir='ltr'><strong>τῶν</strong></span> 
     </span>
    </p>
   </div>
   <div class='ocr_carea' id='block_1_96' title="bbox 352 4825 1932 4898">
    <p class='ocr_par' dir='ltr' id='par_1_96' title="bbox 352 4825 1932 4898">
     <span class='ocr_line' id='line_1_96' title="bbox 352 4825 1932 4898; baseline 0.002 -20"><span class='ocrx_word' id='word_1_743' title='bbox 352 4826 636 4881; x_wconf 76' lang='grc' dir='ltr'>λιατνιιῶν</span> <span class='ocrx_word' id='word_1_744' title='bbox 670 4828 812 4892; x_wconf 68' lang='grc' dir='ltr'>ἐστι,</span> <span class='ocrx_word' id='word_1_745' title='bbox 843 4825 1097 4895; x_wconf 79' lang='grc' dir='ltr'>λέγοντος</span> <span class='ocrx_word' id='word_1_746' title='bbox 1117 4840 1285 4879; x_wconf 85' lang='grc' dir='ltr'>τουτο</span> <span class='ocrx_word' id='word_1_747' title='bbox 1328 4825 1428 4878; x_wconf 89' lang='grc' dir='ltr'><strong>τοῦ</strong></span> <span class='ocrx_word' id='word_1_748' title='bbox 1480 4826 1790 4898; x_wconf 75' lang='grc' dir='ltr'>ἀρχιερέως</span> <span class='ocrx_word' id='word_1_749' title='bbox 1835 4828 1932 4881; x_wconf 85' lang='grc' dir='ltr'><strong>τοῦ</strong></span> 
     </span>
    </p>
   </div>
   <div class='ocr_carea' id='block_1_97' title="bbox 350 4908 1928 4990">
    <p class='ocr_par' dir='ltr' id='par_1_97' title="bbox 350 4908 1928 4990">
     <span class='ocr_line' id='line_1_97' title="bbox 350 4908 1928 4990; baseline 0.003 -19"><span class='ocrx_word' id='word_1_750' title='bbox 350 4908 607 4987; x_wconf 62' lang='grc' dir='ltr'>ἄμωνος</span> <span class='ocrx_word' id='word_1_751' title='bbox 640 4917 905 4971; x_wconf 73' lang='grc' dir='ltr'>ὄπισθεν’</span> <span class='ocrx_word' id='word_1_752' title='bbox 974 4916 1214 4972; x_wconf 74' lang='grc' dir='ltr'>ἐνταῦθα</span> <span class='ocrx_word' id='word_1_753' title='bbox 1247 4917 1305 4971; x_wconf 78' lang='grc' dir='ltr'>δὲ</span> <span class='ocrx_word' id='word_1_754' title='bbox 1332 4917 1481 4990; x_wconf 79' lang='grc' dir='ltr'>ἀρχὴ</span> <span class='ocrx_word' id='word_1_755' title='bbox 1504 4919 1601 4972; x_wconf 84' lang='grc' dir='ltr'><strong>τοῦ</strong></span> <span class='ocrx_word' id='word_1_756' title='bbox 1646 4919 1928 4989; x_wconf 83' lang='grc' dir='ltr'>λυχνικοῦ.</span> 
     </span>
    </p>
   </div>
   <div class='ocr_carea' id='block_1_98' title="bbox 351 5009 1931 5081">
    <p class='ocr_par' dir='ltr' id='par_1_98' title="bbox 351 5009 1931 5081">
     <span class='ocr_line' id='line_1_98' title="bbox 351 5009 1931 5081; baseline 0.003 -18"><span class='ocrx_word' id='word_1_757' title='bbox 351 5012 460 5063; x_wconf 83' lang='lat' dir='ltr'><strong>Kal</strong></span> <span class='ocrx_word' id='word_1_758' title='bbox 489 5010 650 5074; x_wconf 81' lang='grc' dir='ltr'>εὐθὺς</span> <span class='ocrx_word' id='word_1_759' title='bbox 682 5011 740 5063; x_wconf 68' lang='grc' dir='ltr'>ἐν</span> <span class='ocrx_word' id='word_1_760' title='bbox 766 5013 835 5081; x_wconf 79' lang='grc' dir='ltr'><strong>τῇ</strong></span> <span class='ocrx_word' id='word_1_761' title='bbox 872 5009 1080 5081; x_wconf 73' lang='grc' dir='ltr'>πλαγίᾳ</span> <span class='ocrx_word' id='word_1_762' title='bbox 1105 5009 1370 5080; x_wconf 76' lang='grc' dir='ltr'>ψάλλεται</span> <span class='ocrx_word' id='word_1_763' title='bbox 1423 5012 1521 5065; x_wconf 88' lang='grc' dir='ltr'><strong>τοῦ</strong></span> <span class='ocrx_word' id='word_1_764' title='bbox 1550 5011 1680 5065; x_wconf 86' lang='grc' dir='ltr'>ναοῦ</span> <span class='ocrx_word' id='word_1_765' title='bbox 1713 5013 1791 5077; x_wconf 82' lang='grc' dir='ltr'><strong>ὡς</strong></span> <span class='ocrx_word' id='word_1_766' title='bbox 1822 5030 1931 5067; x_wconf 83' lang='grc' dir='ltr'>πα-</span> 
     </span>
    </p>
   </div>
   <div class='ocr_carea' id='block_1_99' title="bbox 351 5096 1935 5175">
    <p class='ocr_par' dir='ltr' id='par_1_99' title="bbox 351 5096 1935 5175">
     <span class='ocr_line' id='line_1_99' title="bbox 351 5096 1935 5175; baseline 0.003 -20"><span class='ocrx_word' id='word_1_767' title='bbox 351 5103 616 5173; x_wconf 82' lang='grc' dir='ltr'>ράκλησις</span> <span class='ocrx_word' id='word_1_768' title='bbox 644 5107 675 5158; x_wconf 93' lang='lat'><strong>6</strong></span> <span class='ocrx_word' id='word_1_769' title='bbox 704 5096 995 5175; x_wconf 76' lang='grc' dir='ltr'>ἑσπερινδς</span> <span class='ocrx_word' id='word_1_770' title='bbox 1026 5104 1178 5175; x_wconf 75' lang='grc' dir='ltr'>παρὰ</span> <span class='ocrx_word' id='word_1_771' title='bbox 1224 5104 1338 5158; x_wconf 86' lang='grc' dir='ltr'><strong>τῶν</strong></span> <span class='ocrx_word' id='word_1_772' title='bbox 1366 5103 1609 5174; x_wconf 79' lang='grc' dir='ltr'>ψαλτῶν.</span> <span class='ocrx_word' id='word_1_773' title='bbox 1638 5106 1810 5159; x_wconf 82' lang='grc' dir='ltr'>Ἔνθα</span> <span class='ocrx_word' id='word_1_774' title='bbox 1840 5107 1935 5160; x_wconf 70' lang='grc' dir='ltr'>καὶ</span> 
     </span>
    </p>
   </div>
   <div class='ocr_carea' id='block_1_100' title="bbox 348 5196 1931 5269">
    <p class='ocr_par' dir='ltr' id='par_1_100' title="bbox 348 5196 1931 5269">
     <span class='ocr_line' id='line_1_100' title="bbox 348 5196 1931 5269; baseline 0.002 -21"><span class='ocrx_word' id='word_1_775' title='bbox 348 5197 408 5248; x_wconf 81' lang='grc' dir='ltr'>τὸ</span> <span class='ocrx_word' id='word_1_776' title='bbox 434 5196 734 5269; x_wconf 77' lang='grc' dir='ltr'>ψαλτήριον</span> <span class='ocrx_word' id='word_1_777' title='bbox 761 5197 1005 5265; x_wconf 78' lang='grc' dir='ltr'>λέγεται,</span> <span class='ocrx_word' id='word_1_778' title='bbox 1040 5198 1136 5249; x_wconf 72' lang='grc' dir='ltr'>καὶ</span> <span class='ocrx_word' id='word_1_779' title='bbox 1166 5197 1236 5249; x_wconf 82' lang='grc' dir='ltr'><strong>τὰ</strong></span> <span class='ocrx_word' id='word_1_780' title='bbox 1282 5199 1518 5269; x_wconf 82' lang='grc' dir='ltr'>στιχηρὰ</span> <span class='ocrx_word' id='word_1_781' title='bbox 1542 5197 1641 5251; x_wconf 87' lang='grc' dir='ltr'><strong>τοῦ</strong></span> <span class='ocrx_word' id='word_1_782' title='bbox 1673 5199 1931 5268; x_wconf 87' lang='grc' dir='ltr'>τριῳδίου</span> 
     </span>
    </p>
   </div>
   <div class='ocr_carea' id='block_1_101' title="bbox 346 5290 1931 5363">
    <p class='ocr_par' dir='ltr' id='par_1_101' title="bbox 346 5290 1931 5363">
     <span class='ocr_line' id='line_1_101' title="bbox 346 5290 1931 5363; baseline 0.001 -21"><span class='ocrx_word' id='word_1_783' title='bbox 346 5293 443 5343; x_wconf 70' lang='grc' dir='ltr'>καὶ</span> <span class='ocrx_word' id='word_1_784' title='bbox 470 5290 568 5344; x_wconf 80' lang='grc' dir='ltr'><strong>τοῦ</strong></span> <span class='ocrx_word' id='word_1_785' title='bbox 603 5291 861 5361; x_wconf 85' lang='grc' dir='ltr'>μηναίου,</span> <span class='ocrx_word' id='word_1_786' title='bbox 889 5290 1033 5345; x_wconf 83' lang='grc' dir='ltr'>κατὰ</span> <span class='ocrx_word' id='word_1_787' title='bbox 1057 5292 1146 5344; x_wconf 85' lang='grc' dir='ltr'>τὸν</span> <span class='ocrx_word' id='word_1_788' title='bbox 1179 5293 1353 5345; x_wconf 89' lang='grc' dir='ltr'>τύπον</span> <span class='ocrx_word' id='word_1_789' title='bbox 1376 5291 1486 5345; x_wconf 88' lang='grc' dir='ltr'><strong>τῶν</strong></span> <span class='ocrx_word' id='word_1_790' title='bbox 1522 5293 1931 5363; x_wconf 83' lang='grc' dir='ltr'>μοναστηρίων,</span> 
     </span>
    </p>
   </div>
   <div class='ocr_carea' id='block_1_102' title="bbox 347 5382 1931 5454">
    <p class='ocr_par' dir='ltr' id='par_1_102' title="bbox 347 5382 1931 5454">
     <span class='ocr_line' id='line_1_102' title="bbox 347 5382 1931 5454; baseline 0.002 -19"><span class='ocrx_word' id='word_1_791' title='bbox 347 5386 440 5436; x_wconf 82' lang='grc' dir='ltr'>καὶ</span> <span class='ocrx_word' id='word_1_792' title='bbox 471 5385 553 5450; x_wconf 62' lang='grc' dir='ltr'><strong>τὸ,</strong></span> <span class='ocrx_word' id='word_1_793' title='bbox 590 5401 609 5436; x_wconf 86' lang='lat'><strong>«</strong></span> <span class='ocrx_word' id='word_1_794' title='bbox 638 5382 759 5445; x_wconf 77' lang='grc' dir='ltr'>Φῶς</span> <span class='ocrx_word' id='word_1_795' title='bbox 789 5384 998 5454; x_wconf 78' lang='grc' dir='ltr'>ἱλαρὸν,</span> <span class='ocrx_word' id='word_1_796' title='bbox 1032 5402 1052 5435; x_wconf 92' lang='lat'><strong>»</strong></span> <span class='ocrx_word' id='word_1_797' title='bbox 1095 5384 1188 5436; x_wconf 78' lang='grc' dir='ltr'>καὶ</span> <span class='ocrx_word' id='word_1_798' title='bbox 1211 5384 1292 5450; x_wconf 74' lang='grc' dir='ltr'><strong>τὸ,</strong></span> <span class='ocrx_word' id='word_1_799' title='bbox 1337 5403 1355 5436; x_wconf 90' lang='lat'><strong>«</strong></span> <span class='ocrx_word' id='word_1_800' title='bbox 1392 5384 1772 5451; x_wconf 76' lang='grc' dir='ltr'>Καταξίωσον,</span> <span class='ocrx_word' id='word_1_801' title='bbox 1805 5403 1823 5435; x_wconf 92' lang='lat'><strong>»</strong></span> <span class='ocrx_word' id='word_1_802' title='bbox 1855 5386 1931 5449; x_wconf 82' lang='grc' dir='ltr'><strong>ὡς</strong></span> 
     </span>
    </p>
   </div>
   <div class='ocr_carea' id='block_1_103' title="bbox 347 5469 1927 5545">
    <p class='ocr_par' dir='ltr' id='par_1_103' title="bbox 347 5469 1927 5545">
     <span class='ocr_line' id='line_1_103' title="bbox 347 5469 1927 5545; baseline 0.001 -18"><span class='ocrx_word' id='word_1_803' title='bbox 347 5474 695 5540; x_wconf 81' lang='grc' dir='ltr'>κατανύξεως</span> <span class='ocrx_word' id='word_1_804' title='bbox 729 5474 1025 5530; x_wconf 78' lang='grc' dir='ltr'>ἀκολουθία</span> <span class='ocrx_word' id='word_1_805' title='bbox 1055 5475 1151 5528; x_wconf 75' lang='grc' dir='ltr'>καὶ</span> <span class='ocrx_word' id='word_1_806' title='bbox 1178 5469 1292 5528; x_wconf 76' lang='grc' dir='ltr'>οἷον</span> <span class='ocrx_word' id='word_1_807' title='bbox 1321 5473 1621 5545; x_wconf 86' lang='grc' dir='ltr'>μοναχικὴ,</span> <span class='ocrx_word' id='word_1_808' title='bbox 1671 5477 1765 5529; x_wconf 75' lang='grc' dir='ltr'>καὶ</span> <span class='ocrx_word' id='word_1_809' title='bbox 1793 5477 1927 5529; x_wconf 81' lang='grc' dir='ltr'>ἀπο-</span> 
     </span>
    </p>
   </div>
   <div class='ocr_carea' id='block_1_104' title="bbox 348 5568 1935 5641">
    <p class='ocr_par' dir='ltr' id='par_1_104' title="bbox 348 5568 1935 5641">
     <span class='ocr_line' id='line_1_104' title="bbox 348 5568 1935 5641; baseline 0.001 -20"><span class='ocrx_word' id='word_1_810' title='bbox 348 5571 533 5641; x_wconf 81' lang='grc' dir='ltr'>στίχου</span> <span class='ocrx_word' id='word_1_811' title='bbox 558 5570 618 5623; x_wconf 82' lang='grc' dir='ltr'>τὸ</span> <span class='ocrx_word' id='word_1_812' title='bbox 660 5569 963 5639; x_wconf 80' lang='grc' dir='ltr'>Ἰδιόμελον,</span> <span class='ocrx_word' id='word_1_813' title='bbox 1010 5568 1128 5633; x_wconf 82' lang='grc' dir='ltr'>καὶ,</span> <span class='ocrx_word' id='word_1_814' title='bbox 1161 5587 1181 5621; x_wconf 83' lang='lat'><strong>«</strong></span> <span class='ocrx_word' id='word_1_815' title='bbox 1220 5569 1338 5623; x_wconf 85' lang='grc' dir='ltr'>Νῦν</span> <span class='ocrx_word' id='word_1_816' title='bbox 1368 5568 1651 5633; x_wconf 79' lang='grc' dir='ltr'>ἀπολύεις,</span> <span class='ocrx_word' id='word_1_817' title='bbox 1692 5588 1713 5621; x_wconf 84' lang='lat'><strong>»</strong></span> <span class='ocrx_word' id='word_1_818' title='bbox 1748 5569 1843 5622; x_wconf 70' lang='lat' dir='ltr'><strong>ml</strong></span> <span class='ocrx_word' id='word_1_819' title='bbox 1875 5571 1935 5623; x_wconf 85' lang='lat'><strong>1:6</strong></span> 
     </span>
    </p>
   </div>
   <div class='ocr_carea' id='block_1_105' title="bbox 2044 4634 3631 4705">
    <p class='ocr_par' dir='ltr' id='par_1_105' title="bbox 2044 4634 3631 4705">
     <span class='ocr_line' id='line_1_105' title="bbox 2044 4634 3631 4705; baseline 0.004 -17"><span class='ocrx_word' id='word_1_820' title='bbox 2044 4636 2422 4705; x_wconf 87' lang='lat' dir='ltr'><strong>vespertinum</strong></span> <span class='ocrx_word' id='word_1_821' title='bbox 2472 4634 2716 4692; x_wconf 78' lang='lat' dir='ltr'><strong>cilicium</strong></span> <span class='ocrx_word' id='word_1_822' title='bbox 2765 4652 2919 4693; x_wconf 87' lang='lat' dir='ltr'><strong>more</strong></span> <span class='ocrx_word' id='word_1_823' title='bbox 2963 4637 3288 4693; x_wconf 85' lang='lat' dir='ltr'><strong>invitatorii.</strong></span> <span class='ocrx_word' id='word_1_824' title='bbox 3314 4638 3455 4694; x_wconf 90' lang='lat' dir='ltr'><strong>Tum</strong></span> <span class='ocrx_word' id='word_1_825' title='bbox 3490 4640 3631 4695; x_wconf 78' lang='lat' dir='ltr'><strong>diri-</strong></span> 
     </span>
    </p>
   </div>
   <div class='ocr_carea' id='block_1_106' title="bbox 2055 4729 3636 4801">
    <p class='ocr_par' dir='ltr' id='par_1_106' title="bbox 2055 4729 3636 4801">
     <span class='ocr_line' id='line_1_106' title="bbox 2055 4729 3636 4801; baseline 0.002 -20"><span class='ocrx_word' id='word_1_826' title='bbox 2055 4738 2142 4783; x_wconf 88' lang='lat' dir='ltr'><strong>tor</strong></span> <span class='ocrx_word' id='word_1_827' title='bbox 2189 4729 2512 4799; x_wconf 86' lang='lat' dir='ltr'><strong>psalterium</strong></span> <span class='ocrx_word' id='word_1_828' title='bbox 2566 4730 2827 4788; x_wconf 81' lang='lat' dir='ltr'><strong>versiculi</strong></span> <span class='ocrx_word' id='word_1_829' title='bbox 2877 4730 3020 4786; x_wconf 90' lang='lat' dir='ltr'><strong>tertii</strong></span> <span class='ocrx_word' id='word_1_830' title='bbox 3080 4730 3270 4801; x_wconf 85' lang='lat' dir='ltr'><strong>hymni</strong></span> <span class='ocrx_word' id='word_1_831' title='bbox 3331 4739 3387 4787; x_wconf 89' lang='lat' dir='ltr'><strong>et</strong></span> <span class='ocrx_word' id='word_1_832' title='bbox 3427 4735 3636 4787; x_wconf 72' lang='lat' dir='ltr'><strong>mensis</strong></span> 
     </span>
    </p>
   </div>
   <div class='ocr_carea' id='block_1_107' title="bbox 2041 4820 3630 4892">
    <p class='ocr_par' dir='ltr' id='par_1_107' title="bbox 2041 4820 3630 4892">
     <span class='ocr_line' id='line_1_107' title="bbox 2041 4820 3630 4892; baseline 0.003 -19"><span class='ocrx_word' id='word_1_833' title='bbox 2041 4821 2343 4891; x_wconf 78' lang='lat' dir='ltr'><strong>secundum</strong></span> <span class='ocrx_word' id='word_1_834' title='bbox 2369 4820 2618 4877; x_wconf 89' lang='lat' dir='ltr'><strong>ordinem</strong></span> <span class='ocrx_word' id='word_1_835' title='bbox 2651 4822 3144 4888; x_wconf 87' lang='lat' dir='ltr'><strong>monasteriorum,</strong></span> <span class='ocrx_word' id='word_1_836' title='bbox 3184 4821 3330 4876; x_wconf 78' lang='lat' dir='ltr'><strong>«Lux</strong></span> <span class='ocrx_word' id='word_1_837' title='bbox 3358 4821 3630 4892; x_wconf 85' lang='lat' dir='ltr'><strong>jucunda,</strong></span> 
     </span>
    </p>
   </div>
   <div class='ocr_carea' id='block_1_108' title="bbox 2044 4911 3636 4983">
    <p class='ocr_par' dir='ltr' id='par_1_108' title="bbox 2044 4911 3636 4983">
     <span class='ocr_line' id='line_1_108' title="bbox 2044 4911 3636 4983; baseline 0.001 -18"><span class='ocrx_word' id='word_1_838' title='bbox 2044 4911 2303 4981; x_wconf 87' lang='lat' dir='ltr'><strong>dignare,</strong></span> <span class='ocrx_word' id='word_1_839' title='bbox 2326 4930 2346 4964; x_wconf 89' lang='lat'><strong>»</strong></span> <span class='ocrx_word' id='word_1_840' title='bbox 2378 4916 2536 4982; x_wconf 85' lang='lat' dir='ltr'><strong>quasi</strong></span> <span class='ocrx_word' id='word_1_841' title='bbox 2577 4913 2715 4969; x_wconf 91' lang='lat' dir='ltr'><strong>ordo</strong></span> <span class='ocrx_word' id='word_1_842' title='bbox 2749 4913 3081 4983; x_wconf 67' lang='lat' dir='ltr'><strong>poenitentiae</strong></span> <span class='ocrx_word' id='word_1_843' title='bbox 3111 4922 3167 4969; x_wconf 91' lang='lat' dir='ltr'><strong>et</strong></span> <span class='ocrx_word' id='word_1_844' title='bbox 3218 4913 3523 4969; x_wconf 85' lang='lat' dir='ltr'><strong>monastica</strong></span> <span class='ocrx_word' id='word_1_845' title='bbox 3555 4916 3636 4967; x_wconf 90' lang='lat' dir='ltr'><strong>in-</strong></span> 
     </span>
    </p>
   </div>
   <div class='ocr_carea' id='block_1_109' title="bbox 2042 5001 3635 5074">
    <p class='ocr_par' dir='ltr' id='par_1_109' title="bbox 2042 5001 3635 5074">
     <span class='ocr_line' id='line_1_109' title="bbox 2042 5001 3635 5074; baseline -0.001 -15"><span class='ocrx_word' id='word_1_846' title='bbox 2042 5003 2273 5059; x_wconf 90' lang='lat' dir='ltr'><strong>stitutio.</strong></span> <span class='ocrx_word' id='word_1_847' title='bbox 2299 5002 2504 5059; x_wconf 82' lang='lat' dir='ltr'><strong>Deinde</strong></span> <span class='ocrx_word' id='word_1_848' title='bbox 2536 5002 2822 5074; x_wconf 89' lang='lat' dir='ltr'><strong>proprium</strong></span> <span class='ocrx_word' id='word_1_849' title='bbox 2856 5002 3195 5073; x_wconf 83' lang='lat' dir='ltr'><strong>responsorii</strong></span> <span class='ocrx_word' id='word_1_850' title='bbox 3227 5004 3425 5071; x_wconf 88' lang='lat' dir='ltr'><strong>melos,</strong></span> <span class='ocrx_word' id='word_1_851' title='bbox 3446 5001 3635 5058; x_wconf 79' lang='lat' dir='ltr'><strong>«Nune</strong></span> 
     </span>
    </p>
   </div>
   <div class='ocr_carea' id='block_1_110' title="bbox 2042 5091 3635 5164">
    <p class='ocr_par' dir='ltr' id='par_1_110' title="bbox 2042 5091 3635 5164">
     <span class='ocr_line' id='line_1_110' title="bbox 2042 5091 3635 5164; baseline 0.001 -19"><span class='ocrx_word' id='word_1_852' title='bbox 2042 5091 2330 5159; x_wconf 88' lang='lat' dir='ltr'><strong>dimittis,»</strong></span> <span class='ocrx_word' id='word_1_853' title='bbox 2363 5092 2671 5163; x_wconf 82' lang='lat' dir='ltr'><strong>Trisagion,</strong></span> <span class='ocrx_word' id='word_1_854' title='bbox 2700 5093 2829 5148; x_wconf 86' lang='lat' dir='ltr'><strong>«Dei</strong></span> <span class='ocrx_word' id='word_1_855' title='bbox 2854 5092 3107 5149; x_wconf 81' lang='lat' dir='ltr'><strong>Genitrix</strong></span> <span class='ocrx_word' id='word_1_856' title='bbox 3132 5091 3298 5164; x_wconf 79' lang='lat' dir='ltr'><strong>Virgo</strong></span> <span class='ocrx_word' id='word_1_857' title='bbox 3319 5110 3365 5161; x_wconf 88' lang='lat'><strong>;»</strong></span> <span class='ocrx_word' id='word_1_858' title='bbox 3400 5093 3496 5150; x_wconf 91' lang='lat' dir='ltr'><strong>sed</strong></span> <span class='ocrx_word' id='word_1_859' title='bbox 3523 5092 3635 5163; x_wconf 67' lang='grc' dir='ltr'><strong>Κυ-</strong></span> 
     </span>
    </p>
   </div>
   <div class='ocr_carea' id='block_1_111' title="bbox 2042 5179 3635 5253">
    <p class='ocr_par' dir='ltr' id='par_1_111' title="bbox 2042 5179 3635 5253">
     <span class='ocr_line' id='line_1_111' title="bbox 2042 5179 3635 5253; baseline 0.004 -22"><span class='ocrx_word' id='word_1_860' title='bbox 2042 5179 2121 5233; x_wconf 76' lang='lat' dir='ltr'><strong>rio</strong></span> <span class='ocrx_word' id='word_1_861' title='bbox 2174 5181 2375 5235; x_wconf 75' lang='lat' dir='ltr'><strong>eleison</strong></span> <span class='ocrx_word' id='word_1_862' title='bbox 2424 5196 2531 5236; x_wconf 84' lang='lat' dir='ltr'><strong>non</strong></span> <span class='ocrx_word' id='word_1_863' title='bbox 2579 5181 2804 5249; x_wconf 71' lang='lat' dir='ltr'><strong>dicitur,</strong></span> <span class='ocrx_word' id='word_1_864' title='bbox 2866 5197 3045 5250; x_wconf 85' lang='lat' dir='ltr'><strong>neque</strong></span> <span class='ocrx_word' id='word_1_865' title='bbox 3102 5186 3238 5238; x_wconf 91' lang='lat' dir='ltr'><strong>ﬁunt</strong></span> <span class='ocrx_word' id='word_1_866' title='bbox 3299 5188 3635 5253; x_wconf 71' lang='lat' dir='ltr'><strong>ptenitentia:</strong></span> 
     </span>
    </p>
   </div>
   <div class='ocr_carea' id='block_1_112' title="bbox 2047 5273 3631 5349">
    <p class='ocr_par' dir='ltr' id='par_1_112' title="bbox 2047 5273 3631 5349">
     <span class='ocr_line' id='line_1_112' title="bbox 2047 5273 3631 5349; baseline 0.003 -20"><span class='ocrx_word' id='word_1_867' title='bbox 2047 5289 2147 5329; x_wconf 83' lang='lat' dir='ltr'><strong>nec</strong></span> <span class='ocrx_word' id='word_1_868' title='bbox 2182 5273 2483 5338; x_wconf 77' lang='lat' dir='ltr'><strong>absolutio,</strong></span> <span class='ocrx_word' id='word_1_869' title='bbox 2526 5289 2628 5329; x_wconf 83' lang='lat' dir='ltr'><strong>nec</strong></span> <span class='ocrx_word' id='word_1_870' title='bbox 2655 5276 3036 5330; x_wconf 88' lang='lat' dir='ltr'><strong>accenduntur</strong></span> <span class='ocrx_word' id='word_1_871' title='bbox 3066 5276 3342 5348; x_wconf 84' lang='lat' dir='ltr'><strong>lampades</strong></span> <span class='ocrx_word' id='word_1_872' title='bbox 3363 5294 3537 5349; x_wconf 85' lang='lat' dir='ltr'><strong>usque</strong></span> <span class='ocrx_word' id='word_1_873' title='bbox 3564 5281 3631 5333; x_wconf 77' lang='lat' dir='ltr'><strong>ad</strong></span> 
     </span>
    </p>
   </div>
   <div class='ocr_carea' id='block_1_113' title="bbox 2043 5369 3632 5427">
    <p class='ocr_par' dir='ltr' id='par_1_113' title="bbox 2043 5369 3632 5427">
     <span class='ocr_line' id='line_1_113' title="bbox 2043 5369 3632 5427; baseline 0.001 -4"><span class='ocrx_word' id='word_1_874' title='bbox 2043 5369 2466 5423; x_wconf 44' lang='lat' dir='ltr'><strong>Provet‘biorutn</strong></span> <span class='ocrx_word' id='word_1_875' title='bbox 2511 5370 2801 5425; x_wconf 84' lang='lat' dir='ltr'><strong>lectionem</strong></span> <span class='ocrx_word' id='word_1_876' title='bbox 2834 5372 2884 5425; x_wconf 90' lang='lat' dir='ltr'><strong>itt</strong></span> <span class='ocrx_word' id='word_1_877' title='bbox 2929 5374 3094 5427; x_wconf 88' lang='lat' dir='ltr'><strong>missa</strong></span> <span class='ocrx_word' id='word_1_878' title='bbox 3133 5370 3632 5427; x_wconf 65' lang='lat' dir='ltr'><strong>Prwsanctilicato-</strong></span> 
     </span>
    </p>
   </div>
   <div class='ocr_carea' id='block_1_114' title="bbox 2042 5461 3632 5533">
    <p class='ocr_par' dir='ltr' id='par_1_114' title="bbox 2042 5461 3632 5533">
     <span class='ocr_line' id='line_1_114' title="bbox 2042 5461 3632 5533; baseline 0.001 -19"><span class='ocrx_word' id='word_1_879' title='bbox 2042 5474 2164 5515; x_wconf 90' lang='lat' dir='ltr'><strong>rum</strong></span> <span class='ocrx_word' id='word_1_880' title='bbox 2191 5474 2354 5524; x_wconf 85' lang='lat' dir='ltr'><strong>;nam</strong></span> <span class='ocrx_word' id='word_1_881' title='bbox 2383 5469 2506 5529; x_wconf 86' lang='lat' dir='ltr'><strong>post</strong></span> <span class='ocrx_word' id='word_1_882' title='bbox 2546 5476 2743 5517; x_wconf 84' lang='lat' dir='ltr'><strong>voces:</strong></span> <span class='ocrx_word' id='word_1_883' title='bbox 2773 5480 2792 5514; x_wconf 86' lang='lat'><strong>«</strong></span> <span class='ocrx_word' id='word_1_884' title='bbox 2822 5462 2913 5518; x_wconf 90' lang='lat' dir='ltr'><strong>Dei</strong></span> <span class='ocrx_word' id='word_1_885' title='bbox 2947 5463 3196 5518; x_wconf 74' lang='lat' dir='ltr'><strong>Genitrix</strong></span> <span class='ocrx_word' id='word_1_886' title='bbox 3233 5461 3422 5533; x_wconf 84' lang='lat' dir='ltr'><strong>Virgo,</strong></span> <span class='ocrx_word' id='word_1_887' title='bbox 3454 5482 3472 5515; x_wconf 88' lang='lat'><strong>»</strong></span> <span class='ocrx_word' id='word_1_888' title='bbox 3497 5478 3632 5518; x_wconf 84' lang='lat' dir='ltr'><strong>cou-</strong></span> 
     </span>
    </p>
   </div>
   <div class='ocr_carea' id='block_1_115' title="bbox 2042 5552 3629 5623">
    <p class='ocr_par' dir='ltr' id='par_1_115' title="bbox 2042 5552 3629 5623">
     <span class='ocr_line' id='line_1_115' title="bbox 2042 5552 3629 5623; baseline 0.001 -14"><span class='ocrx_word' id='word_1_889' title='bbox 2042 5562 2196 5609; x_wconf 82' lang='lat' dir='ltr'><strong>sueta</strong></span> <span class='ocrx_word' id='word_1_890' title='bbox 2223 5552 2504 5623; x_wconf 89' lang='lat' dir='ltr'><strong>dicuntur,</strong></span> <span class='ocrx_word' id='word_1_891' title='bbox 2531 5563 2587 5613; x_wconf 89' lang='lat' dir='ltr'><strong>et</strong></span> <span class='ocrx_word' id='word_1_892' title='bbox 2615 5572 2808 5613; x_wconf 87' lang='lat' dir='ltr'><strong>omnes</strong></span> <span class='ocrx_word' id='word_1_893' title='bbox 2833 5558 2885 5613; x_wconf 89' lang='lat' dir='ltr'><strong>in</strong></span> <span class='ocrx_word' id='word_1_894' title='bbox 2936 5574 3071 5615; x_wconf 90' lang='lat' dir='ltr'><strong>suos</strong></span> <span class='ocrx_word' id='word_1_895' title='bbox 3121 5559 3273 5614; x_wconf 91' lang='lat' dir='ltr'><strong>locos</strong></span> <span class='ocrx_word' id='word_1_896' title='bbox 3341 5556 3629 5611; x_wconf 70' lang='lat' dir='ltr'><strong>recedunt.</strong></span> 
     </span>
    </p>
   </div>
   <div class='ocr_carea' id='block_1_116' title="bbox 346 5665 3629 5745">
    <p class='ocr_par' dir='ltr' id='par_1_116' title="bbox 346 5665 3629 5745">
     <span class='ocr_line' id='line_1_116' title="bbox 346 5665 3629 5745; baseline 0.002 -26"><span class='ocrx_word' id='word_1_897' title='bbox 346 5667 662 5736; x_wconf 79' lang='grc' dir='ltr'>Τρισάγιον,</span> <span class='ocrx_word' id='word_1_898' title='bbox 707 5665 917 5731; x_wconf 80' lang='grc' dir='ltr'>καὶτὸ,</span> <span class='ocrx_word' id='word_1_899' title='bbox 957 5685 976 5719; x_wconf 86' lang='lat'><strong>«</strong></span> <span class='ocrx_word' id='word_1_900' title='bbox 1009 5666 1241 5719; x_wconf 81' lang='grc' dir='ltr'>Θεοτόκε</span> <span class='ocrx_word' id='word_1_901' title='bbox 1277 5666 1543 5735; x_wconf 71' lang='grc' dir='ltr'>Παρθένε·</span> <span class='ocrx_word' id='word_1_902' title='bbox 1583 5688 1601 5717; x_wconf 90' lang='lat'><strong>»</strong></span> <span class='ocrx_word' id='word_1_903' title='bbox 1665 5667 1844 5735; x_wconf 82' lang='grc' dir='ltr'>Κύριε</span> <span class='ocrx_word' id='word_1_904' title='bbox 1899 5668 1954 5720; x_wconf 81' lang='grc' dir='ltr'>δὲ</span> <span class='ocrx_word' id='word_1_905' title='bbox 2011 5667 2278 5736; x_wconf 73' lang='grc' dir='ltr'>ἐλέησον</span> <span class='ocrx_word' id='word_1_906' title='bbox 2345 5670 2407 5723; x_wconf 86' lang='grc' dir='ltr'><strong>ού</strong></span> <span class='ocrx_word' id='word_1_907' title='bbox 2466 5670 2733 5739; x_wconf 76' lang='grc' dir='ltr'><strong>λέγεται⁹</strong></span> <span class='ocrx_word' id='word_1_908' title='bbox 2800 5675 2922 5727; x_wconf 76' lang='grc' dir='ltr'>οὐδὲ</span> <span class='ocrx_word' id='word_1_909' title='bbox 2985 5676 3270 5745; x_wconf 77' lang='grc' dir='ltr'>μετάνοιαι</span> <span class='ocrx_word' id='word_1_910' title='bbox 3339 5674 3584 5742; x_wconf 73' lang='grc' dir='ltr'>γίνονται</span> <span class='ocrx_word' id='word_1_911' title='bbox 3614 5692 3629 5706; x_wconf 67' lang='grc'><strong>⁸</strong></span> 
     </span>
    </p>
   </div>
   <div class='ocr_carea' id='block_1_117' title="bbox 348 5759 3630 5842">
    <p class='ocr_par' dir='ltr' id='par_1_117' title="bbox 348 5759 3630 5842">
     <span class='ocr_line' id='line_1_117' title="bbox 348 5759 3630 5842; baseline 0.003 -31"><span class='ocrx_word' id='word_1_912' title='bbox 348 5759 454 5811; x_wconf 74' lang='grc' dir='ltr'>οὐδ’</span> <span class='ocrx_word' id='word_1_913' title='bbox 489 5760 774 5823; x_wconf 83' lang='grc' dir='ltr'>ἁπόλυσις’</span> <span class='ocrx_word' id='word_1_914' title='bbox 807 5759 929 5813; x_wconf 73' lang='grc' dir='ltr'>οὐδὲ</span> <span class='ocrx_word' id='word_1_915' title='bbox 960 5760 1114 5829; x_wconf 84' lang='grc' dir='ltr'>φῶτα</span> <span class='ocrx_word' id='word_1_916' title='bbox 1145 5760 1499 5826; x_wconf 79' lang='grc' dir='ltr'>ἀνάπτονται,</span> <span class='ocrx_word' id='word_1_917' title='bbox 1530 5760 1659 5831; x_wconf 80' lang='grc' dir='ltr'>ἄχρι</span> <span class='ocrx_word' id='word_1_918' title='bbox 1703 5764 1800 5815; x_wconf 71' lang='grc' dir='ltr'>καὶ</span> <span class='ocrx_word' id='word_1_919' title='bbox 1832 5764 1928 5831; x_wconf 79' lang='grc' dir='ltr'><strong>τῆς</strong></span> <span class='ocrx_word' id='word_1_920' title='bbox 1968 5764 2274 5834; x_wconf 80' lang='grc' dir='ltr'>παροιμίας</span> <span class='ocrx_word' id='word_1_921' title='bbox 2295 5766 2350 5819; x_wconf 80' lang='grc' dir='ltr'>ὲν</span> <span class='ocrx_word' id='word_1_922' title='bbox 2372 5770 2439 5836; x_wconf 82' lang='grc' dir='ltr'>τῇ</span> <span class='ocrx_word' id='word_1_923' title='bbox 2463 5771 2886 5842; x_wconf 75' lang='grc' dir='ltr'>προηγιασμένῃ</span> <span class='ocrx_word' id='word_1_924' title='bbox 2918 5770 3255 5841; x_wconf 71' lang='grc' dir='ltr'>λειτουργίᾳ.</span> <span class='ocrx_word' id='word_1_925' title='bbox 3313 5770 3467 5824; x_wconf 77' lang='grc' dir='ltr'>Μετὰ</span> <span class='ocrx_word' id='word_1_926' title='bbox 3518 5769 3630 5841; x_wconf 79' lang='grc' dir='ltr'>γὰρ</span> 
     </span>
    </p>
   </div>
   <div class='ocr_carea' id='block_1_118' title="bbox 358 5853 2288 5927">
    <p class='ocr_par' dir='ltr' id='par_1_118' title="bbox 358 5853 2288 5927">
     <span class='ocr_line' id='line_1_118' title="bbox 358 5853 2288 5927; baseline 0.003 -21"><span class='ocrx_word' id='word_1_927' title='bbox 358 5853 447 5919; x_wconf 80' lang='grc' dir='ltr'>τὸ,</span> <span class='ocrx_word' id='word_1_928' title='bbox 479 5872 498 5905; x_wconf 87' lang='lat'><strong>«</strong></span> <span class='ocrx_word' id='word_1_929' title='bbox 537 5854 766 5909; x_wconf 83' lang='grc' dir='ltr'>Θεοτόκε</span> <span class='ocrx_word' id='word_1_930' title='bbox 796 5855 1067 5926; x_wconf 81' lang='grc' dir='ltr'>Παρθένε,</span> <span class='ocrx_word' id='word_1_931' title='bbox 1101 5873 1119 5905; x_wconf 93' lang='lat'><strong>»</strong></span> <span class='ocrx_word' id='word_1_932' title='bbox 1156 5856 1347 5917; x_wconf 72' lang='grc' dir='ltr'>καὶτὰ</span> <span class='ocrx_word' id='word_1_933' title='bbox 1370 5856 1535 5909; x_wconf 79' lang='grc' dir='ltr'>λοιπὰ</span> <span class='ocrx_word' id='word_1_934' title='bbox 1566 5856 1773 5927; x_wconf 76' lang='grc' dir='ltr'>συνήθη</span> <span class='ocrx_word' id='word_1_935' title='bbox 1806 5856 2053 5927; x_wconf 76' lang='grc' dir='ltr'>ἔρχονται</span> <span class='ocrx_word' id='word_1_936' title='bbox 2085 5861 2288 5923; x_wconf 75' lang='grc' dir='ltr'>πάντες</span> 
     </span>
    </p>
   </div>
   <div class='ocr_carea' id='block_1_119' title="bbox 2328 5864 3052 5928">
    <p class='ocr_par' dir='ltr' id='par_1_119' title="bbox 2328 5864 3052 5928">
     <span class='ocr_line' id='line_1_119' title="bbox 2328 5864 3052 5928; baseline 0.007 -15"><span class='ocrx_word' id='word_1_937' title='bbox 2328 5864 2407 5923; x_wconf 82' lang='grc' dir='ltr'>εἰς</span> <span class='ocrx_word' id='word_1_938' title='bbox 2456 5866 2579 5927; x_wconf 86' lang='grc' dir='ltr'>τοὺς</span> <span class='ocrx_word' id='word_1_939' title='bbox 2619 5865 2815 5928; x_wconf 79' lang='grc' dir='ltr'>τόπους</span> <span class='ocrx_word' id='word_1_940' title='bbox 2850 5865 3052 5918; x_wconf 85' lang='grc' dir='ltr'>αὐτῶν.</span> 
     </span>
    </p>
   </div>
  </div>
