4046 6450
493 374 602 440 6ΐεῦ

999 487 1227 543 CAPUT
1271 489 1533 544 CCCLIII.

491 597 664 668 Quare
698 601 898 654 litania.’
937 614 1089 654 extra
1136 603 1404 654 ecclesiam
1439 602 1596 669 ﬁant,
1620 612 1667 656 et
1695 615 1859 670 quare
1883 613 2061 651 cruces

629 674 678 725 In
716 672 822 724 illis
857 675 1292 741 circunqcramus
1323 689 1609 742 sacrasque
1649 673 1928 742 imagines.

555 851 709 905 Scire
751 866 882 906 vero
933 859 1147 920 oportet
1191 849 1409 906 litanias
1459 865 1655 906 omnes
1684 848 1814 904 foris
1849 849 1900 903 in
1940 863 2064 902 nar-

489 943 644 996 tltece
698 941 778 995 vel
825 942 974 996 circa
1023 943 1359 996 monasteria
1391 951 1484 996 aut
1517 941 1768 996 civitates
1797 940 1970 995 factas
2004 939 2059 993 iu

485 1034 808 1088 memoriam
832 1035 946 1088 ﬁeri
979 1035 1166 1104 lapsus
1197 1039 1392 1100 nostri,
1419 1035 1575 1104 cujus
1599 1050 1760 1090 causa
1780 1050 1844 1088 ex
1872 1033 2062 1088 eadem

486 1125 734 1180 extranei
769 1125 895 1179 facti
933 1141 1146 1190 sumus,
1183 1136 1240 1180 ut
1290 1126 1644 1180 bumiliemur
1677 1138 1731 1180 et
1759 1127 2066 1196 cogitemus

487 1234 586 1271 nos
623 1233 745 1272 (35:0
789 1218 1042 1287 indignos
1078 1219 1285 1272 sanctis
1334 1219 1506 1281 locis,
1540 1229 1593 1272 et
1635 1234 1664 1272 a
1703 1219 1966 1288 paradiso
2001 1231 2065 1270 ac

483 1313 623 1365 cmlo
677 1311 970 1365 excidisse.
1023 1311 1087 1365 Et
1133 1311 1483 1382 publicanum
1546 1311 1746 1364 imitari
1798 1311 2065 1364 debemus

482 1405 642 1474 longe
676 1413 910 1459 stantem
940 1419 1050 1475 prae
1085 1420 1281 1474 magno
1311 1405 1594 1476 religionis
1625 1420 1815 1468 sensu,
1858 1405 2062 1458 Adam-

481 1513 586 1564 qnc
611 1506 802 1564 putare
825 1495 1120 1551 distantem
1148 1496 1549 1567 prodigumque
1578 1497 1744 1551 ﬁlium
1779 1497 1830 1550 in
1857 1508 2057 1549 terrain

483 1593 713 1641 aZ'zeuant
757 1590 944 1658 procul
988 1591 1419 1658 peregrinatum.
1449 1589 1610 1644 Circa
1641 1589 1784 1643 bivia
1817 1599 1872 1642 et
1905 1589 2065 1642 trivia

1300 378 1685 439 SYMEONIS
1723 367 2494 434 TIIESSALONICENSIS
2533 370 2892 432 ARCHIEP.

2091 486 2135 538 A

482 1681 708 1749 viasque
760 1696 949 1748 preces
999 1683 1256 1748 facimus,
1297 1692 1353 1736 ut
1397 1683 1507 1736 [nec
1540 1683 1654 1737 loca
1693 1682 1930 1751 peccatis
1967 1696 2066 1735 no-
2097 1701 2116 1706 -

483 1777 614 1828 stris
653 1774 862 1828 imdata
901 1775 1288 1829 emundentur.
1343 1775 1540 1830 Sacras
1567 1785 1756 1851 autem
1802 1775 2066 1844 imagines

483 1883 512 1921 a
551 1870 750 1937 templo
801 1868 1096 1924 efferentes
1136 1869 1602 1934 circumferimus,
1647 1884 1856 1923 necnon
1897 1882 2060 1922 vene-

483 1962 684 2015 randas
716 1976 908 2015 cruces
941 1976 1005 2015 ac
1059 1961 1392 2017 sacerrimas
1439 1971 1753 2016 sanctorum
1802 1961 2065 2031 reliquias

481 2065 881 2120 smpennmero,
913 2059 970 2106 ut
1001 2068 1125 2107 cum
1155 2053 1471 2108 hominibus
1504 2069 1589 2108 res
1623 2069 1838 2122 quoque
1869 2068 2060 2106 eorum

483 2141 674 2193 nszbns
727 2140 1092 2196 inservientcs
1158 2143 1528 2208 sanctiﬁcent,
1584 2159 1776 2212 nempe
1827 2143 2061 2207 domus,

479 2237 618 2306 vias,
656 2250 852 2303 aquas,
883 2249 1089 2300 aerem,
1126 2245 1330 2290 terram
1357 2238 1640 2304 pollutam,
1675 2245 1860 2306 utpote
1906 2237 2064 2292 nobis

478 2327 809 2396 sitbjectam,
839 2328 1114 2382 civitatem
1153 2343 1320 2396 quam
1358 2327 1738 2382 inltabitamus
1785 2337 1838 2382 et
1883 2329 2059 2407 regio-

479 2435 628 2482 nem,
659 2419 1016 2488 divinamque
1048 2420 1378 2488 partic’ipeut
1415 2419 1668 2488 gratiam,
1695 2429 1749 2474 et
1794 2421 2061 2490 quidquid

484 2511 539 2564 in
569 2510 650 2564 eis
684 2511 1063 2580 contagiosum
1109 2522 1192 2566 est
1224 2522 1320 2566 aut
1349 2510 1668 2582 pestiferum
1698 2522 1923 2576 exuant,
1961 2529 2061 2567 no-

480 2605 563 2656 bis
594 2618 719 2658 vero
744 2603 1017 2673 propitius
1050 2605 1141 2658 ﬁat
1167 2605 1257 2673 qui
1290 2620 1386 2674 pro
1417 2605 1577 2659 nobis
1604 2605 1924 2661 incarnatus
1953 2615 2060 2674 est,

480 2697 710 2753 formam
756 2700 898 2753 servi
949 2699 1245 2770 accipiens,
1283 2717 1446 2770 quam
1478 2701 1793 2770 exprimunt
1824 2715 1888 2756 ac
1922 2701 2062 2755 refe-

477 2801 609 2845 runt
646 2792 847 2846 divinze
884 2792 1153 2862 imagines
1190 2808 1401 2848 necnon
1454 2803 1771 2848 sanctorum
1825 2795 1946 2862 ejus
1987 2794 2062 2847 si-

478 2885 722 2938 mulacra
760 2900 898 2952 pure
923 2885 977 2939 in
1010 2886 1171 2941 terris
1205 2896 1687 2951 conversatorum,
1721 2894 1772 2941 et
1800 2886 2060 2956 quoniam

478 2977 570 3043 qui
605 2976 908 3030 ambulavit
945 2977 998 3030 in
1037 2986 1181 3031 terra
1227 2985 1449 3046 propter
1481 2993 1583 3033 nos
1627 2977 1680 3031 in
1726 2991 1894 3032 carne
1921 2977 2063 3032 Deus

475 3079 527 3122 et
561 3085 659 3136 pro
691 3070 850 3124 nobis
882 3070 1201 3135 cruciﬁxus,
1232 3071 1406 3126 salvat
1432 3087 1530 3126 nos
1556 3070 1881 3127 «-onﬁtentes
1913 3087 2064 3126 sum-

2100 1839 2138 1892 Β

3628 378 3717 441 656

2742 480 2976 534 ΚΕΦΑΛ
3011 478 3181 534 TNI".

2168 600 2330 674 Δίᾳτί
2355 602 2415 652 al
2432 597 2719 674 dicare/hi
2751 599 2973 674 ἔξωθεν
3000 600 3288 674 γίνονται,
3310 601 3415 674 Δκαὶ
3445 606 3717 674 σταυροὺς

2240 670 2309 722 ἐν
2356 669 2567 735 αὑταῖς
2612 668 3034 738 περιφέρομεν,
3065 670 3160 724 καὶ
3218 671 3394 740 ἁγίας
3416 668 3658 740 εἰκόνας.

2257 844 2454 901 Ἰστέον
2483 845 2536 898 δὲ
2566 845 2642 908 ὡς
2670 847 2724 898 σί
2753 847 3018 901 λιτανεῖαι
3060 849 3230 902 πᾶσαι
3259 849 3460 916 ἔξωθεν
3485 851 3515 922 ἢ
3541 855 3616 917 είς
3639 855 3718 909 16v

2170 937 2506 1008 νάρθηκα,ἣ
2546 939 2866 1009 περικύκλῳ
2921 942 3031 993 τῶν
3081 941 3320 1013 μονῶνῆ
3379 944 3486 996 τῶν
3535 947 3721 1001 πόλεων

2174 1033 2484 1100 γινόμεναι,
2513 1032 2600 1084 διὰ
2631 1033 2729 1100 τὴν
2766 1034 3073 1102 ἀνάμνησιν
3093 1035 3191 1104 τῆς
3225 1037 3552 1101 ἐκπτώσεως
3579 1041 3720 1107 ἡμῶν

2169 1125 2434 1191 γίνονται,
2461 1127 2606 1188 ὅπως
2655 1125 2854 1190 ἔξωθεν
2891 1127 3196 1196 γεγόναμεν
3239 1130 3340 1196 τῆς
3387 1128 3544 1194 Ἐδὲμ
3568 1132 3641 1193 εἰς
3673 1131 3725 1184 16

2169 1219 2561 1271 1a:5t1063')at
2601 1221 2694 1270 καὶ
2744 1222 2986 1286 φρονεῖν,
3048 1220 3129 1272 ὅτι
3175 1220 3388 1285 ἀνάξιοι
3421 1223 3524 1274 τῶν
3572 1223 3725 1289 ἁγίων

2169 1310 2350 1362 τόπων
2382 1309 2570 1377 ἐσμὲν,
2603 1312 2699 1361 καὶ
2730 1308 2823 1362 τοῦ
2881 1311 3214 1380 παραδείσου
3245 1313 3344 1364 καὶ
3392 1313 3484 1364 τοῦ
3516 1311 3726 1380 οὖρανοῦ

2168 1397 2464 1451 ἔκπτωτοι·
2529 1401 2625 1449 καὶ
2678 1398 2772 1450 τὸν
2824 1399 3067 1470 τελώνην
3111 1401 3405 1471 μιμεῖσθαι
3441 1404 3727 1472 ὀφείλομεν,

2172 1489 2451 1559 μακρόθεν
2482 1491 2693 1542 ὲστῶτα
2720 1491 2810 1543 διὰ
2846 1492 3049 1562 πολλὴν
3076 1493 3172 1564 τὴν
3196 1495 3506 1548 εὐλάϐειανο
3539 1499 3625 1550 καὶ
3649 1497 3729 1548 16v

2181 1583 2353 1652 Ἀδὰμ
2385 1585 2588 1636 ἐννοεῖν
2629 1585 3045 1654 ἁπῳκισθέντα,
3109 1588 3207 1639 καὶ
3269 1587 3363 1642 16v
3399 1590 3602 1642 ἄσωτον
3629 1589 3730 1641 υἱὸν

2168 1676 2247 1738 είς
2272 1675 2580 1748 ἀλλοδαπὴν
2627 1677 3033 1747 μακρυνθὲντα.
3071 1678 3209 1749 Περὶ
3247 1678 3347 1741 τὰς
3376 1680 3640 1750 ἁμφόδους
3677 1680 3728 1734 δὲ

2170 1766 2267 1818 καὶ
2303 1767 2568 1835 τριόδους,
2601 1768 2820 1831 καὶτὰς
2845 1767 3000 1830 ὁδοὺς
3029 1767 3128 1832 τὰς
3181 1769 3399 1838 δεήσεις
3425 1771 3726 1841 ποιούμεθα,

2165 1857 2241 1919 ώς
2265 1856 2333 1909 ἂν
2360 1856 2689 1926 μολυνθέντα
2725 1858 2902 1912 ταῦτα
2925 1860 3046 1922 ταῖς
3080 1859 3240 1931 ἡμῶν
3266 1861 3569 1932 ἁμαρτίαις
3638 1879 3727 1915 και

2166 1950 2424 2020 θαρισθῇ.
2461 1952 2574 2005 Καὶ
2609 1953 2710 2015 τὰς
2748 1953 2902 2023 ίερὰς
2953 1954 3010 2008 δὲ
3039 1956 3261 2017 εἰκόνας
3320 1955 3604 2024 ἐξάγοντες
3633 1956 3727 2008 τῶν
3759 2002 3761 2005 .

2165 2043 2312 2096 ναῶν
2339 2044 2734 2114 περιφέρομεν,
2770 2045 2867 2099 καὶ
2898 2047 3028 2110 τοὺς
3080 2049 3303 2118 τιμίους
3353 2050 3614 2119 σταυροὺς
3646 2049 3727 2102 καὶ

2165 2135 2338 2204 ἁγίων
2373 2136 2644 2206 ἱερώταται
2684 2137 2912 2206 λείψανα
2939 2138 3228 2203 πολλάκις,
3253 2139 3331 2201 ὼς
3371 2140 3440 2193 ἂν
3480 2142 3612 2210 μετὰ
3633 2139 3726 2192 τῶν

2165 2230 2470 2300 ἀνθρώπων
2517 2233 2612 2283 καὶ
2663 2231 2732 2282 τὰ
2761 2233 2842 2293 είς
2895 2232 3096 2302 χρῆσιν
3148 2233 3332 2286 αὐτῶν
3388 2233 3724 2302 ἁγιασθῶσιν,

2164 2323 2332 2378 οίκίαι
2358 2341 2416 2375 τε
2458 2324 2550 2377 καὶ
2609 2325 2721 2377 ὁδοὶ
2761 2326 2856 2378 καὶ
2890 2325 3064 2380 ὕδατα
3121 2327 3216 2380 καὶ
3271 2325 3382 2397 ἁὴρ
3416 2328 3507 2381 καὶ
3539 2327 3605 2396 γῆ
3645 2328 3727 2395 ῥυ-

2166 2417 2436 2485 πουμένη,
2471 2417 2548 2478 ώς
2575 2415 2666 2483 ὑφ’
2715 2417 2872 2486 ἡμῶν
2912 2417 3255 2490 πατουμένη,
3298 2420 3396 2473 καὶ
3430 2419 3578 2482 πόλις
3605 2434 3715 2471 κατ-

2164 2511 2458 2579 οικουμένη
2489 2512 2582 2564 καὶ
2617 2507 2789 2581 χώρα,
2855 2515 2951 2564 καὶ
2975 2511 3127 2574 θείας
3164 2511 3479 2582 μετάσχωσι
3503 2510 3726 2582 χάριτος,

2165 2604 2260 2656 καὶ
2282 2602 2343 2654 τὸ
2364 2602 2712 2672 λοιμαντικον
2739 2603 2832 2656 καὶ
2863 2602 3196 2673 φθοροποιὸν
3218 2603 3621 2665 ἁποόάλωνται,
3652 2602 3727 2669 γέ-

2165 2712 2320 2764 νηται
2352 2695 2408 2748 δὲ
2432 2695 2591 2759 ἵλεως
2639 2697 2774 2766 ἡμῖν
2823 2698 2851 2750 6
2890 2697 3216 2766 σαρκωθεὶς,
3257 2698 3402 2770 ὑπὲρ
3429 2698 3602 2768 ἡμῶν,
3649 2695 3726 2748 καὶ

2169 2789 2387 2859 μορφὴν
2416 2787 2606 2841 δούλου
2641 2788 2847 2852 λαϐὼν,
2891 2789 2957 2861 ἢν
2987 2790 3316 2854 είκονίζουσί
3344 2809 3404 2845 τε
3433 2791 3525 2844 καὶ
3549 2789 3727 2860 φέρου-

2167 2898 2250 2932 σιν
2288 2882 2342 2934 αἱ
2372 2879 2512 2932 θεῖαι
2548 2881 2777 2945 είκόνες,
2810 2883 2908 2934 καὶ
2939 2881 3049 2934 τῶν
3081 2881 3254 2950 ἁγίων
3303 2882 3477 2936 αὑτοῦ
3506 2884 3573 2935 τὰ
3609 2897 3726 2950 μορε

2167 2973 2428 3043 φώματα,
2454 2975 2566 3026 τῶν
2590 2972 2845 3043 καθαρῶς
2868 2973 3428 3044 ὲμπολιτευσαμένων
3452 2978 3514 3046 τῇ
3543 2978 3627 3044 γῇ·
3649 2973 3728 3025 καὶ

2165 3064 2244 3117 ὃτι
2280 3066 2308 3118 ὁ
2339 3067 2802 3135 ὲμπεριπατὴσοις
2829 3069 2892 3134 τῇ
2931 3069 3001 3138 γῇ
3035 3067 3102 3120 δι’
3134 3069 3282 3137 ἡμᾶς
3307 3069 3368 3122 ὲν
3401 3069 3559 3140 σαρκὶ
3591 3068 3726 3129 Θεὺς.

479 3176 581 3214 [ηαξ
619 3162 881 3215 bonitatis
906 3159 1026 3230 ejus
1059 3170 1114 3215 et
1139 3163 1430 3217 charitatis
1467 3178 1624 3232 opus,
1660 3164 1871 3218 scilicet
1908 3165 2057 3218 illum

2167 3158 2260 3212 καὶ
2293 3158 2606 3229 ὑπὲρήμῶν
2643 3160 3002 3230 σταυρωθεὶς,
3037 3163 3205 3214 σώσει
3251 3163 3401 3232 ἡμᾶς
3426 3161 3727 3233 ὁμολογοῦν-

478 3252 743 3306 eﬁ'udisse
771 3253 822 3305 in
857 3268 1018 3307 cruce
1045 3255 1373 3324 sanguinem
1401 3265 1454 3310 et
1485 3265 1760 3311 mortuum
1805 3274 1929 3313 esse
1967 3276 2064 3330 pro

481 3345 661 3409 nobis,
694 3359 758 3398 ac
792 3354 1078 3413 propterea
1123 3347 1388 3402 habentes
1435 3364 1499 3402 ac
1547 3350 1907 3405 ostendentes
1949 3353 2064 3422 ipsa

481 3437 759 3505 passionis
792 3438 936 3493 illius
971 3439 1146 3510 signa,
1193 3443 1562 3498 venerandam
1596 3443 1780 3498 crucis
1831 3442 2064 3514 ﬁguram

480 3547 577 3600 per
605 3547 767 3601 quam
802 3548 926 3586 eum
953 3533 1045 3605 qui
1084 3548 1182 3588 nos
1213 3535 1486 3590 interfecit
1515 3537 1568 3590 in
1600 3536 1749 3606 ligno
1785 3539 2068 3593 destruxit

480 3625 762 3678 inimicum
809 3635 972 3693 atque
1007 3641 1036 3680 a
1069 3637 1243 3680 morte
1275 3643 1377 3682 nos
1423 3630 1588 3683 eruit.
1625 3629 1798 3684 Porro
1827 3630 2065 3686 diacono

477 3727 718 3788 tempore
737 3730 1042 3790 opportuno
1062 3722 1316 3776 dicente:
1360 3723 1649 3790 «Benedic,
1674 3725 1914 3789 domine,
1932 3745 1950 3777 »
1983 3741 2069 3778 sa-

475 3813 690 3878 cerdos,
735 3813 1119 3868 «Benedictum
1148 3856 1162 3878 ,
1199 3814 1396 3883 inquit,
1442 3831 1672 3884 regnum
1713 3817 1948 3873 Patris.»
2003 3818 2069 3872 Et

478 3905 744 3961 diaconus
774 3906 908 3960 dicit
942 3905 1186 3974 paciﬁca,
1218 3918 1270 3964 et
1304 3909 1487 3963 cantio
1516 3910 1829 3977 vestiertina
1882 3910 2067 3981 psalli-

476 4008 584 4062 tur,
607 4013 800 4068 nempe
821 4007 946 4068 post
967 3999 1420 4054 exclamationem
1447 4017 1458 4052 :
1492 4000 1752 4068 «lncliua,
1778 4002 2060 4068 Domine,»

478 4105 653 4159 usque
686 4091 751 4144 ad
787 4092 971 4146 linem.
1003 4091 1060 4146 In
1093 4107 1199 4161 qua
1243 4094 1502 4148 cautione
1537 4096 1850 4165 lampadum
1876 4110 2068 4166 preCes

475 4183 908 4238 dicitsaccrdos.
930 4184 1141 4239 Deinde
1187 4185 1332 4238 circa
1371 4186 1532 4240 ﬁnem
1555 4187 1662 4241 diei
1697 4202 1711 4240 :
1756 4207 1774 4239 «
1812 4186 2063 4254 D0mine,

475 4277 730 4339 clamavi,
759 4296 777 4328 »
805 4293 995 4332 versus
1028 4276 1095 4332 de
1125 4293 1277 4332 more
1313 4279 1593 4344 dicuntur,
1619 4292 1671 4335 et
1700 4281 1759 4335 ﬁt
1784 4281 2068 4352 ingressus

475 4367 695 4421 diaconi
737 4377 792 4422 et
825 4370 1130 4425 sacerdotis
1187 4373 1270 4426 vel
1319 4374 1624 4428 Sacerdotis
1680 4383 1890 4428 tantum
1946 4376 2066 4431 sine

477 4461 777 4514 luminibus
825 4463 1104 4525 intrantis,
1146 4466 1384 4533 priorem
1429 4465 1633 4520 Christi
1678 4467 1973 4522 adventum
2009 4469 2062 4522 in

477 4551 696 4604 silentio
728 4551 931 4606 factum
965 4553 1332 4623 signiﬁcantis
1365 4556 1492 4608 dum
1527 4556 1582 4609 in
1622 4557 1864 4612 tenebris
1896 4559 2057 4612 sede-

477 4658 683 4696 remus.
704 4645 782 4698 Ad
813 4645 942 4698 illud
981 4664 992 4699 :
1022 4646 1322 4711 «Quoniam
1355 4648 1420 4703 ad
1455 4656 1525 4716 te,
1552 4646 1840 4713 Domine,»
1870 4650 2066 4705 invitat

477 4752 602 4789 eum
635 4746 853 4803 cantor,
878 4747 930 4792 et
962 4740 1015 4792 in
1047 4755 1270 4794 sacrum
1297 4741 1676 4796 sanctuarium
1712 4741 2057 4812 ingreditur;

478 4842 777 4894 versusque
812 4829 1158 4898 complentur
1182 4845 1306 4885 cum
1341 4830 1613 4886 versiculo
1640 4831 1968 4902 interposito
1997 4833 2062 4887 ad

476 4921 664 4985 verba,
704 4918 880 4976 «Voce
917 4937 1037 4976 mea
1061 4923 1128 4976 ad
1163 4923 1452 4977 Dominum
1477 4921 1756 4976 clamavi.
1792 4940 1812 4975 »
1857 4922 2063 4977 Deinde

430 5009 440 5079 ι
490 5011 704 5066 «Gloria
733 5023 787 5068 et
810 5029 1008 5079 nunc,»
1035 5023 1092 5069 et
1127 5014 1475 5069 intercalaris
1490 5013 1812 5070 versiculus.
1837 5016 2064 5070 Statim-

419 5106 440 5156 ,θ
480 5119 588 5172 quo
635 5107 893 5161 omnibus
929 5107 1287 5171 sedentibus,
1330 5106 1530 5176 legitur
1578 5106 1719 5162 liber
1747 5107 1980 5164 Genesis
2015 5112 2070 5164 in

475 5199 748 5263 amboue;
782 5213 889 5265 qua
947 5198 1178 5252 lectione
1206 5197 1349 5253 facta
1377 5237 1392 5263 ,
1432 5197 1636 5265 paratis
1668 5198 1722 5252 in
1759 5203 2072 5255 sanctuario

477 5291 738 5355 duobus;
777 5289 856 5342 vel
922 5289 967 5340 si
1042 5289 1181 5341 adsit
1241 5288 1509 5357 pontifex,
1561 5289 1813 5358 pluribus
1873 5292 2074 5346 cande-

478 5380 646 5434 labris
697 5395 762 5433 ac
820 5378 1125 5441 tlmribulo,
1199 5379 1244 5432 si
1295 5379 1562 5436 diaconus
1633 5382 1852 5452 quidem
1929 5398 2057 5438 cum

477 5475 762 5526 sacerdote
787 5471 1081 5535 ministrat,
1103 5470 1254 5525 solus
1275 5473 1387 5540 ipse
1408 5473 1569 5528 intrat
1589 5475 1856 5530 diaconus
1878 5475 2061 5531 ferens

476 5562 765 5615 incensum
798 5574 862 5612 ac
905 5561 1209 5630 lampadem
1237 5565 1545 5619 ardentem.
1587 5565 1847 5621 Lectores
1881 5577 2061 5620 autem

477 5670 599 5708 cum
631 5654 976 5708 candelabris
1002 5657 1330 5723 praecedunt.
1375 5657 1431 5711 Si
1464 5674 1592 5714 vero
1623 5674 1735 5714 non
1778 5664 1920 5713 adsit
1951 5661 2071 5714 dia-

477 5759 671 5810 conus,
712 5748 970 5800 sacerdos
1014 5750 1179 5801 intrat
1214 5751 1391 5814 solus,
1458 5761 1686 5820 portans
1753 5734 2073 5821 lampadem

474 5843 529 5887 ct
582 5835 940 5902 tburibulum,
976 5849 1138 5909 atque
1186 5845 1559 5912 praeeuntibus
1612 5845 1932 5909 lectoribus,
1967 5859 2064 5912 per

2171 3267 2269 3314 τας
2297 3250 2465 3304 αὐτοῦ
2494 3251 2554 3304 16
2586 3253 2684 3320 τῆς
2727 3253 2903 3322 ἄκρας
2940 3253 3280 3323 ἁγαθότητος
3343 3256 3506 3326 ἔργον
3529 3255 3616 3307 καὶ
3643 3253 3726 3320 τῆς

2171 3343 2332 3414 255
2354 3344 2594 3415 ἀγάπης,
2628 3345 2687 3398 16
2718 3347 2904 3415 ἐγχέαι
2937 3347 3026 3400 διὰ
3057 3346 3294 3414 σταυροῦ
3332 3349 3394 3401 16
3449 3345 3605 3417 αἷμα,
3638 3347 3722 3396 καὶ

2170 3436 2464 3490 ἀποθανεῖν
2500 3438 2667 3491 αὑτὸν
2703 3438 2846 3509 ὑπὲρ
2881 3440 3060 3508 ἡμῶν,
3095 3441 3189 3492 καὶ
3235 3440 3324 3494 διὰ
3373 3438 3530 3494 τοῦτο
3573 3438 3725 3492 κατέο

2170 3545 2371 3598 χοντας
2400 3531 2496 3583 καὶ
2530 3529 2849 3594 δεικνύντας
2880 3532 3020 3586 αὑτὰ
3057 3533 3126 3584 τὰ
3173 3531 3268 3584 106
3317 3534 3529 3595 πάθους
3584 3526 3728 3584 αὐτοῦ

2171 3623 2395 3690 σημεῖα,
2424 3621 2555 3684 τοὺς
2585 3623 2808 3692 τιμίους
2865 3621 2958 3676 τοῦ
3019 3623 3258 3692 σταυροῦ
3313 3627 3541 3687 τύπους,
3576 3623 3636 3675 δι’
3677 3612 3729 3672 οὗ

2173 3713 2266 3767 16v
2299 3713 2700 3768 θανατώσαντα
2757 3717 2907 3784 ἡμᾶς
2958 3719 3016 3770 ἐν
3050 3717 3193 3786 ξύλῳ
3244 3714 3500 3770 καθεῖλεν
3536 3713 3728 3785 ἐχθρὸν,

2171 3805 2384 3858 καὶτοῦ
2409 3806 2645 3860 θανάτου
2679 3808 2972 3878 ἐρρύσατο.
3000 3809 3106 3861 T06
3125 3809 3179 3862 δὲ
3213 3810 3467 3863 διακόνου
3495 3807 3727 3866 λαὸόντος

2169 3897 2387 3966 καιρὸν,
2442 3899 2538 3951 καὶ
2589 3900 2862 3964 εἰπόντος,
2930 3917 2947 3951 ι
2992 3902 3321 3972 Εὐλόγησον,
3361 3903 3614 3964 δέσποτα,
3655 3895 3726 3950 »ὁ

2171 3989 2374 4060 ἱερεὺς,
2445 4010 2463 4042 «
2499 3990 2860 4063 Εὐλογημένη
2903 3994 2934 4063 ἡ
2992 3993 3244 4062 βασιλεία
3297 3996 3397 4048 τοῦ
3452 3993 3671 4063 Πατρὺς,
3705 4008 3721 4040 »

2169 4081 2305 4150 φησί
2325 4098 2342 4114 ο
2379 4086 2473 4134 καὶ
2504 4084 2532 4136 6
2561 4083 2810 4146 διάκονος
2839 4086 2907 4138 τὰ
2935 4085 3210 4154 εἰρηνικά.
3243 4087 3352 4138 Καὶ
3383 4090 3410 4140 6
3451 4083 3728 4158 ᾁσματικὸς

2167 4176 2457 4246 ὲσπερινὸς
2486 4176 2752 4245 ψάλλεται
2775 4195 2786 4207 ·
2833 4173 2949 4230 οἷον
3000 4180 3138 4248 μετὰ
3172 4177 3272 4250 τὴν
3305 4180 3614 4249 ὲκφώνησιν
3657 4173 3724 4238 16,

2175 4289 2191 4321 «
2230 4269 2448 4335 κλῖνον,
2479 4270 2674 4339 Κύριε,
2711 4288 2731 4321 »
2768 4272 2895 4341 ἄχρι
2940 4273 3154 4334 τέλους.
3228 4272 3318 4324 Ἐν
3356 4267 3400 4340 ᾧ
3435 4275 3532 4334 τὰς
3566 4273 3726 4338 λυχνι-

2133 4359 2275 4422 ’κὰς
2315 4361 2485 4430 εὐχὰς
2535 4361 2686 4428 λέγει
2726 4363 2753 4414 6
2807 4363 3009 4432 ἱερεύς.
3044 4361 3179 4418 Εἶτα
3209 4363 3270 4417 16
3313 4365 3615 4419 τελευταῖον
3643 4362 3724 4426 τῆς

2168 4456 2384 4523 ἡμέρας
2439 4456 2518 4519 16,
2577 4477 2592 4505 «
2635 4457 2832 4526 Κύριε,
2877 4457 3194 4526 ἐκέκραξα·
3236 4477 3256 4511 »
3321 4461 3372 4513 οί
3437 4461 3604 4529 στίχοι
3659 4455 3724 4517 ὡς

2096 4525 2142 4582 ι)
2172 4545 2316 4609 έοος,
2344 4546 2435 4598 καὶ
2466 4549 2497 4616 ή
2534 4525 2740 4609 εἴσοδος
2783 4547 2877 4600 τοῦ
2912 4525 3168 4602 διακόνου
3201 4551 3297 4604 καὶ
3335 4525 3534 4622 ἱερέως
3544 4525 3561 4580 ἒ
3591 4549 3721 4618 ῆκαὶ

2170 4639 2362 4706 ἱερέως
2390 4640 2552 4708 μόνον
2575 4639 2942 4702 εἰσοδεύοντος
2973 4641 3142 4710 χωρὶς
3175 4643 3391 4712 φώτων,
3420 4644 3518 4713 τὴν
3537 4643 3592 4694 ἐν
3611 4639 3720 4705 σιγῇ

2171 4730 2532 4800 σημαίνοντος
2569 4731 2873 4800 ἐπιδημίαν
2899 4733 3068 4784 αὑτοῦ
3124 4733 3374 4801 πρώτην,
3414 4730 3720 4801 καθημένων

2170 4825 2329 4895 ἡμῶν
2363 4829 2420 4877 ἐν
2461 4827 2664 4878 σκότει.
2705 4826 2816 4880 Καὶ
2848 4828 2928 4889 είς
2955 4826 3038 4892 16,
3080 4845 3100 4878 «
3143 4827 3270 4880 Ὅτι
3304 4827 3442 4897 πρὸς
3490 4827 3566 4886 σὲ,
3625 4819 3719 4872 K6-

2174 4937 2282 4990 ριε,
2322 4939 2340 4970 »
2380 4920 2537 4973 καλεῖ
2565 4921 2731 4972 αὑτὸν
2753 4922 2782 4973 6
2814 4919 3048 4990 ψάλτης,
3103 4923 3199 4975 καὶ
3229 4923 3309 4983 είς
3329 4921 3389 4974 16
3415 4921 3566 4988 ἁγιον
3591 4913 3721 4984 βῆμα

2172 5013 2508 5082 εἰσέρχεται.
2549 5012 2660 5068 Καὶ
2685 5013 2735 5065 οἱ
2765 5012 3295 5084 στίχοιπληροῢνται
3325 5013 3460 5084 μετὰ
3478 5010 3569 5064 τοῦ
3599 5008 3720 5060 ὑπο·

2171 5103 2478 5172 ψάλματος,
2508 5103 2588 5168 είς
2620 5103 2701 5168 16,
2775 5123 2794 5155 «
2830 5106 2986 5176 Φωνῇ
3049 5122 3152 5173 μου
3187 5105 3324 5176 πρὸς
3373 5103 3573 5174 Κύριον
3615 5093 3720 5150 ὲκέο

2172 5195 2372 5265 κραξα.
2415 5215 2432 5246 »
2471 5193 2627 5258 Εἶτα,
2669 5215 2688 5247 σ
2722 5196 2861 5262 Δόξα
2888 5197 2981 5251 καὶ
3028 5197 3144 5262 νῦν,
3189 5216 3208 5249 »
3255 5199 3351 5252 καὶ
3397 5193 3622 5264 περισσὴ
3670 5187 3720 5239 τδ

2173 5285 2518 5354 ὑπόψαλμον.
2577 5287 2687 5341 Καὶ
2717 5287 2880 5350 εὐθὺς
2911 5287 3240 5358 καθημένων
3271 5289 3508 5349 πάντων,
3549 5287 3719 5347 ἀναγι-

2172 5377 2444 5430 νώσκεται
2470 5381 2502 5448 ἡ
2534 5379 2752 5441 Γένεσις
2780 5381 2838 5432 ὲν
2870 5380 2949 5450 τῷ
2988 5380 3205 5449 ἁμϐωνι
3233 5395 3246 5410 ο
3281 5379 3450 5448 αὐτῆς
3473 5379 3525 5430 δὲ
3550 5377 3717 5436 avari“

2174 5475 2549 5543 νωσκομένης.
2613 5475 2671 5528 ἐν
2723 5474 2801 5544 τῷ
2839 5475 3046 5544 βήματι
3107 5473 3568 5546 εὐτρεπισθέντων
3621 5481 3716 5534 μα’

2173 5566 2439 5619 νουαλίων
2472 5566 2586 5627 δύο,
2635 5569 2684 5619 εἰ
2714 5567 2770 5620 δὲ
2811 5567 3103 5638 ἀρχιερεὺς
3143 5570 3253 5638 εἴη,
3315 5570 3402 5620 καὶ
3456 5561 3714 5618 πλειόνωνν

2171 5661 2265 5712 καὶ
2300 5660 2392 5713 τοῦ
2429 5663 2822 5733 θυμιατηρίου,
2883 5663 2932 5715 εί
2989 5665 3090 5733 μὲν
3160 5663 3462 5735 λειτουργεῖ
3493 5660 3578 5713 καὶ
3617 5650 3716 5707 διά·

2168 5770 2325 5816 κοκρος
2371 5755 2469 5807 σὺν
2501 5755 2580 5825 τῷ
2611 5757 2768 5826 ἱερεῖ,
2801 5756 2965 5820 αὐτὸς
2991 5757 3274 5827 ἐξέρχεται
3311 5757 3468 5825 μόνος
3500 5754 3528 5805 6
3559 5747 3716 5801 διάκο-

2167 5859 2293 5910 νος..
2316 5845 2537 5915 κρατῶν
2569 5846 2662 5902 16v
2687 5847 2960 5916 θυμιατδν
2987 5850 3107 5919 ⁸καὶ
3161 5846 3417 5919 λαμπάδα
3468 5844 3711 5912 ἡμμένην-
