4046 6468
349 395 451 456 657
523 428 529 434 -

1511 385 1610 446 DE
1649 383 1891 446 SACRA
1937 382 2450 445 FRECATIUNE.

3507 380 3613 444 658

352 506 417 556 Οἱ
443 502 500 555 δὲ
535 500 883 568 άναγνῶσται
915 497 1349 569 προπορεύονται
1387 496 1527 566 μετὰ
1559 497 1924 567 μανουαλίων.

2057 497 2314 552 ateralem
2361 498 2585 568 januam
2624 495 2800 568 pergit
2847 502 2901 554 et
2955 495 3024 553 ad
3056 494 3218 553 ﬁnem
3265 491 3448 564 templi
3485 508 3614 563 pro-

349 596 410 648 El
442 593 490 647 δ’
513 593 612 647 οὐκ
652 593 770 646 ἐστι
819 593 1102 655 διάκονος,
1140 590 1424 662 ἐξέρχεται
1463 590 1624 659 μόνος
1657 591 1685 644 6
1718 591 1920 661 ἱερεὺς,

2033 593 2196 648 cedit.

347 684 568 754 κρατῶν
593 681 692 750 τὴν
722 683 985 754 λαμπάδα
1025 683 1122 748 καί
1153 681 1215 734 τὸ
1251 681 1617 751 θυμιατήριον
1652 682 1747 736 καὶ
1785 685 2282 754 προπορευομένων
2323 684 2434 738 τῶν
2509 685 2905 754 ἀναγνωστῶν,
2964 685 3241 758 διέρχεται
3308 684 3406 756 τὴν
3479 684 3615 738 πλα-

345 781 492 850 γίαν,
527 776 623 831 καὶ
652 775 733 843 είς
759 777 822 832 τὸ
840 777 995 842 τέλος
1019 777 1113 832 τοῦ
1138 774 1266 832 ναοῦ
1296 777 1540 849 ἔρχεται.

905 986 1132 1041 ΚΕΦΑΛ
1143 1023 1159 1040 .
1189 983 1361 1040 ΤΝΔ’.

350 1106 514 1160 Διατί
546 1105 618 1158 ἐν
641 1103 721 1168 τῷ
743 1101 1042 1173 ἐσπεριγῷ
1067 1102 1164 1155 καὶ
1198 1101 1276 1168 τῇ
1311 1102 1611 1171 Παροιμίᾳ
1639 1101 1711 1156 τὰ
1733 1103 1924 1173 φῶτα.

525 1175 624 1230 καί
650 1175 708 1229 τί
731 1174 825 1240 τὸ,
851 1169 1014 1238 «Φῶς
1033 1172 1293 1241 Χριστοῦ
1327 1169 1529 1242 φαίνει
1561 1169 1768 1229 πᾶσιξι

420 1381 538 1437 Kal
563 1380 954 1454 πληρωθείσης
978 1379 1079 1450 τῆς
1113 1380 1412 1445 Γενέσεως,
1470 1378 1723 1448 φαίνεται
1763 1379 1929 1440 εὐθὺς

353 1473 494 1544 μετὰ
532 1475 640 1526 τῶν
671 1471 891 1541 φώτων,
925 1471 1026 1535 τὰς
1062 1472 1354 1541 βασιλικάς
1383 1471 1560 1534 πύλας
1596 1469 1809 1537 εἰσιὼν,
1837 1471 1936 1539 άν-

355 1564 664 1634 ισταμένων
699 1565 983 1620 ἁπάντων.
1035 1565 1133 1625 Ὃς
1165 1565 1262 1618 καὶ
1283 1565 1365 1628 εἰς
1387 1565 1447 1616 τὸ
1475 1565 1646 1632 μέσον
1671 1565 1801 1626 στὰς
1834 1562 1926 1615 τοῦ

352 1656 505 1720 ναοῦ,
538 1656 782 1708 ποιεῖται·
815 1654 1057 1725 σταυροῦ
1115 1655 1289 1710 τύπον
1334 1657 1413 1726 τῷ
1443 1657 1791 1728 θυμιατηρίῳ
1838 1659 1930 1708 ὲκο

2576 985 2807 1046 CAPUT
2836 985 3104 1043 CCCLIV.

2038 1107 2218 1172 Quare
2254 1109 2306 1160 in
2341 1109 2631 1178 vespertino
2672 1108 2850 1176 ofﬁcio
2884 1111 2931 1178 et
2963 1105 3086 1156 dum
3119 1112 3277 1178 caput
3308 1118 3373 1178 ego
3404 1102 3618 1178 Prouer-

2109 1178 2206 1230 biis
2237 1172 2448 1245 legitur,
2493 1172 3108 1235 lumina'nccendanmr,
3141 1184 3190 1228 et
3219 1172 3282 1228 de
3301 1173 3435 1228 illo:
3473 1173 3620 1227 (Lux

2110 1245 2308 1303 Christi
2332 1250 2576 1304 omnibus
2603 1257 2845 1319 apparet.
2880 1265 2899 1298 ι

2107 1380 2330 1447 impleta
2358 1393 2540 1437 autem
2578 1384 2700 1437 libri
2749 1383 2978 1440 Genesis
3013 1384 3286 1442 lectione,
3327 1381 3476 1449 illico
3525 1382 3622 1446 τηυξ

2038 1484 2191 1543 paret
2237 1490 2362 1529 cum
2402 1476 2732 1540 luminibus,
2780 1491 2876 1544 per
2907 1476 3115 1543 regales
3148 1475 3345 1543 januas
3381 1474 3620 1536 intrans.

2037 1566 2314 1620 stantibus
2347 1567 2644 1629 universis,
2681 1569 2770 1636 qui
2809 1578 2959 1623 stans
3004 1567 3056 1622 in
3093 1569 3270 1622 medio
3305 1567 3511 1635 templo
3541 1567 3620 1620 si-

2038 1675 2202 1726 gnum
2235 1659 2416 1714 crucis
2451 1660 2577 1714 facit
2608 1675 2730 1713 eum
2767 1660 3069 1726 tburibnlo,
3099 1660 3204 1714 alta
3231 1673 3363 1713 voce
3395 1661 3581 1713 «licens
3609 1675 3621 1710 :

355 1747 549 1818 φώνως
606 1746 800 1813 λέγων,
839 1766 858 1800 «
896 1747 1068 1816 Σοφία
1114 1747 1286 1818 ὀρθοὶ,
1315 1748 1432 1816 φῶς
1484 1748 1722 1819 Χριστοῦ
1751 1747 1928 1815 φαίνει

2050 1749 2354 1819 iSapientia
2389 1753 2577 1816 erecti,
2605 1752 2694 1805 lux
2715 1752 2914 1806 Chrisﬁ
2943 1752 3200 1808 omnibus
3232 1759 3514 1820 apparet,»
3565 1760 3624 1804 et

363 1844 519 1896 πᾶσι.
555 1861 574 1893 ι
621 1842 732 1895 Kal
762 1843 842 1905 εἰς
870 1843 931 1896 τὸ
961 1843 1116 1910 ἅγιον
1145 1842 1294 1913 βῆμα
1320 1844 1630 1913 ἀνέρχεται.
1665 1842 1799 1894 Τότε
1822 1841 1934 1894 τοί-

360 1952 455 1987 νυν
487 1934 516 1985 6
551 1935 650 2004 μὲν
679 1936 738 1988 ἐν
770 1935 850 2005 τῷ
889 1936 1106 2004 ἄμϐωνι
1158 1936 1516 2004 ἀναγνώστης
1564 1934 1935 2002 ἀναγινώσκει

357 2027 454 2096 τὴν
478 2029 806 2096 Παροιμίανο
838 2027 908 2080 τὰ
931 2027 987 2080 δὲ
1028 2027 1178 2098 ἐντῷ
1210 2027 1321 2097 ναῷ
1352 2027 1554 2097 συνήθη
1586 2027 1740 2097 φῶτα
1761 2028 1937 2080 ἀνάπ-

362 2135 534 2172 τεται.
575 2117 751 2170 Τοῦτο
786 2118 843 2171 δὲ
869 2117 1041 2189 δηλοῖ,
1071 2119 1148 2182 ὡς
1182 2120 1318 2190 πρὸς
1349 2119 1432 2188 τῷ
1462 2120 1606 2172 τέλει
1666 2120 1778 2172 τῶν
1806 2117 1938 2172 αἰώ-

360 2228 467 2266 νων
506 2212 566 2265 τὸ
597 2211 714 2279 φῶς
746 2209 807 2263 τὸ
838 2210 1092 2282 ἀληθινὸν
1117 2211 1252 2280 ἡμῖν
1284 2213 1397 2273 τοῖς
1428 2213 1487 2264 ἐν
1534 2212 1717 2266 σκότει
1763 2211 1938 2281 καθη-

364 2304 547 2374 μένοις
598 2302 688 2358 διὰ
733 2302 937 2374 σαρκὸς
997 2303 1240 2373 ἔλαμψεν
1293 2303 1505 2373 Ἰησοῦς
1532 2305 1792 2375 Χριστὸς,
1847 2306 1940 2357 καὶ

359 2395 454 2449 τοῦ
489 2395 667 2465 φωτὸς
697 2398 799 2466 τῆς
828 2395 1055 2466 χάριτος
1077 2394 1242 2449 αὐτοῦ
1278 2397 1377 2466 τὴν
1410 2397 1741 2468 οἰκουμένην
1773 2398 1940 2468 ἐπλή-

363 2505 530 2558 ρωσε.
568 2490 660 2542 Διὸ
698 2490 794 2542 καὶ
858 2491 952 2542 ἐπὶ
993 2489 1141 2542 τέλει
1186 2490 1388 2553 παντὸς
1448 2491 1738 2558 ἑσπερινοῦ
1783 2491 1942 2545 τοῦτο

358 2584 600 2650 λέγεται,
646 2601 665 2634 ε
696 2583 821 2638 Ὅτι
850 2583 912 2635 σὺ
949 2581 999 2635 εἶ
1052 2583 1080 2636 6
1106 2581 1387 2654 φωτισμδς
1444 2583 1627 2656 ἡμῶν,
1655 2585 1882 2654 Χριστὲ,
1916 2587 1943 2638 6

360 2675 494 2737 Θεὸς
545 2674 766 2745 ἡμῶν.»
793 2676 1007 2728 Γίνεται
1039 2676 1095 2729 δὲ
1124 2675 1279 2729 τοῦτο
1305 2675 1442 2744 μετὰ
1477 2677 1576 2743 τὴν
1597 2678 1819 2731 Γένεσιν
1847 2679 1944 2748 ἀρ-

361 2766 602 2843 χομὲνης
649 2769 750 2835 τῆς
809 2767 1142 2837 [Ιαροιμίας.
1199 2768 1392 2838 Ὃτιὴ
1449 2768 1549 2838 μὲν
1594 2769 1814 2833 Γένεσις
1874 2770 1942 2823 τὰ

363 2857 623 2928 ἁπαρχῆς
653 2858 948 2926 διηγεῖται,
986 2860 1085 2926 τὴν
1108 2859 1470 2928 δημιουργίαν
1498 2860 1606 2914 τῶν
1627 2861 1821 2925 ὄντων,
1849 2863 1944 2914 καὶ

362 2949 459 3019 τὴν
488 2950 762 3003 ἔκπτωσιν
790 2951 883 3003 τοῦ
925 2948 1128 3016 Ἀδάμ·
1192 2953 1226 3019 ἡ
1275 2951 1553 3020 Παροιμίαι
1597 2953 1654 3006 δὲ
1686 2954 1946 3023 αἰνιγμα-

365 3042 551 3104 τωδῶς
591 3043 658 3096 τὰ
684 3044 813 3113 περὶ
850 3043 944 3096 τοῦ
977 3044 1107 3096 Υίοῦ
1142 3044 1236 3096 τοῦ
1277 3044 1415 3098 Θεοῦ
1472 3045 1804 3108 ἐκδιδάσκει,
1849 3049 1944 3099 καὶ

2042 1844 2106 1897 ad
2140 1859 2360 1897 sacrum
2395 1846 2776 1898 sanctuarium
2809 1845 3074 1898 ascendit.
3099 1843 3238 1898 Tum
3268 1843 3430 1914 igitur
3460 1843 3628 1896 lector

2040 1935 2261 2006 quidem
2300 1936 2353 1990 in
2389 1937 2622 1991 amboue
2657 1947 2816 2006 caput
2845 1937 2976 2008 legit
3002 1951 3065 1990 ex
3099 1935 3452 2002 Proverbiis;
3499 1951 3628 1989 eon-

2043 2040 2200 2084 sueta
2245 2038 2433 2084 autem
2485 2030 2538 2082 in
2597 2030 2800 2100 templo
2832 2029 3210 2085 accenduntur
3239 2028 3471 2082 lumina.
3514 2025 3629 2081 lloe

2043 2137 2170 2176 vero
2202 2123 2442 2176 ostendit
2473 2123 2528 2181 in
2563 2123 2670 2176 line
2705 2123 3032 2178 saaculorum
3076 2123 3259 2200 lumen
3297 2136 3484 2176 verum
3531 2138 3631 2174 no-

2047 2216 2131 2272 bis
2165 2215 2219 2269 in
2251 2215 2496 2270 tenebris
2528 2216 2847 2271 sedentibus
2878 2233 2974 2286 per
3011 2231 3232 2270 carnem
3265 2215 3512 2269 illuxisse
3541 2213 3632 2268 Je-

2045 2322 2165 2362 sum
2199 2305 2504 2370 Christum,
2545 2316 2863 2378 terramque
2903 2306 3026 2365 luce
3061 2305 3248 2374 gratiae
3297 2319 3410 2360 sure
3441 2303 3634 2371 imple-

2045 2398 2209 2453 visse.
2254 2397 2380 2452 Ideo
2411 2397 2611 2467 legitur
2654 2399 2797 2452 istud
2851 2397 2905 2451 in
2957 2399 3063 2453 line
3106 2396 3407 2467 vespertini
3465 2397 3632 2450 totius

1990 2547 1993 2552 ν
2045 2489 2207 2544 οΠίοίὶ
2241 2503 2256 2543 :
2296 2488 2599 2556 «Quoniam
2640 2499 2694 2544 tu
2730 2505 2789 2544 es
2823 2490 3153 2544 illnminatio
3171 2497 3379 2552 nostra,
3415 2486 3635 2543 Christe

2049 2582 2188 2639 Deus
2219 2593 2457 2638 noster.»
2516 2582 2664 2636 Illud
2699 2593 2878 2636 autem
2921 2581 2979 2635 lit
3025 2589 3149 2652 post
3189 2580 3476 2635 lectionem
3505 2578 3630 2630 libri

2047 2675 2302 2740 Genesis,
2350 2677 2568 2747 incepto
2617 2675 3044 2730 Proverbiorum
3100 2675 3318 2744 capite,
3366 2673 3630 2744 quoniam

2046 2768 2276 2825 Genesis
2307 2768 2528 2838 quidem
2571 2783 2693 2838 qua:
2734 2766 2876 2821 facta
2928 2776 3058 2821 sunt
3107 2766 3175 2820 ab
3216 2765 3376 2819 initio
3411 2774 3634 2820 enarrat

2048 2876 2232 2915 rerum
2285 2860 2621 2915 creationem
2674 2867 2728 2913 et
2787 2859 2957 2912 Adam
3021 2857 3280 2922 lapsum;
3335 2857 3632 2910 Proveib‘a

2049 2967 2183 3006 vero
2217 2953 2268 3005 in
2297 2953 2587 3022 :rnigmate
2617 2952 2817 3005 docent
2847 2966 2968 3020 qua:
2998 2949 3066 3004 ad
3106 2948 3304 3003 Filium
3339 2948 3434 3001 Dei
3470 2948 3637 3016 peni»

2053 3056 2204 3109 nent,
2239 3056 2404 3116 atque
2434 3061 2530 3114 per
2555 3060 2680 3100 eum
2720 3045 3007 3113 adoptatos
3039 3051 3298 3114 tanquam
3338 3045 3474 3096 illius
3511 3047 3634 3094 bur-

363 3139 479 3198 τοῖς
511 3135 582 3187 δι’
610 3135 773 3188 αὐτοῦ
833 3138 1194 3206 υῑοοετηθεῖσι
1236 3141 1499 3209 παραινεῖ
1547 3139 1738 3204 ὥσπερ
1776 3141 1941 3206 υῑοίς,

2054 3148 2273 3202 tantur,
2328 3139 2623 3207 ipsumque
2673 3137 2872 3192 Filium
2937 3137 3262 3206 sapientiam
3319 3135 3634 3205 appellant,

366 3228 461 3280 καὶ
510 3227 712 3295 Σοφίαν
771 3226 934 3280 αὐτὸν
979 3228 1070 3280 τὸν
1121 3227 1250 3281 Υἱδν
1315 3229 1592 3298 ὀνομάζει,
1648 3231 1742 3284 καὶ
1798 3227 1946 3284 οἷκον

366 3319 730 3389 οἰκοδομῆσαι
756 3320 924 3390 ἑαυτῇ
949 3320 1121 3387 λέγει,
1155 3321 1215 3373 τὸ
1251 3322 1516 3390 πανάγιον
1540 3322 1706 3376 αὐτοῦ
1764 3323 1944 3392 σῶμα,

367 3416 427 3467 ὲν
455 3405 498 3479 ᾧ
529 3415 625 3468 καὶ
653 3413 794 3468 ἑπτὰ
856 3413 1085 3476 στύλους
1119 3413 1188 3466 τὰ
1253 3413 1349 3468 τοῦ
1395 3415 1713 3486 Πνεύματος
1767 3418 1949 3470 πάντα

366 3507 708 3577 χαρίσματα,
742 3506 817 3568 ὡς
847 3508 942 3560 καὶ
989 3509 1068 3574 τῷ
1114 3507 1300 3578 οἰκείῳ
1332 3508 1485 3580 ἄρτῳ
1539 3509 1634 3562 τοῦ
1693 3508 1948 3578 σώματος

367 3602 459 3652 καὶ
483 3597 559 3668 τῷ
583 3598 821 3667 κρατῆρι
860 3597 955 3650 τοῦ
978 3597 1232 3666 αἵματος,
1265 3599 1458 3669 τρέφει
1485 3615 1544 3651 τε
1595 3600 1689 3652 καὶ
1726 3600 1944 3662 ποτίζει

368 3691 612 3754 πάνταςο
647 3691 742 3744 καὶ
771 3690 888 3758 φῶς
926 3691 1136 3744 ἐστιτὰ
1161 3691 1274 3744 ἄνευ
1322 3691 1418 3744 καὶ
1470 3693 1539 3744 τὰ
1572 3691 1724 3744 κάτω
1782 3692 1950 3760 φωτί-

367 3779 496 3844 ζων.
544 3778 604 3833 Ὁ
638 3780 770 3842 Θεὸς
801 3781 908 3849 γὰρ
941 3783 1006 3850 τῇ
1038 3780 1210 3852 Σοφίᾳ
1261 3781 1591 3852 ὲθεμελίωσε
1649 3781 1748 3852 τὴν
1790 3783 1896 3850 γῆν
1932 3797 1946 3815 ⁸

371 3873 639 3943 ἡτοίμασε
667 3873 725 3926 δὲ
758 3873 1046 3942 οὐρανοὺς,
1083 3874 1271 3942 φησὶ-ν,
1320 3876 1378 3927 ὲν
1415 3875 1712 3946 φρονήσει·
1743 3874 1820 3939 ὡς
1857 3877 1949 3928 καὶ

371 3967 399 4018 6
450 3963 635 4030 Aa6l6,
683 3982 701 4014 «
743 3963 931 4017 Πάντα
977 3965 1036 4016 ὲν
1095 3964 1266 4034 Σοφίᾳ
1316 3965 1601 4037 ἐποίησας,
1645 3985 1663 4018 ι
1701 3968 1948 4035 ἀνυμνεῖ.

370 4054 492 4108 Ὅτι
539 4056 596 4109 δὲ
652 4056 824 4108 τύπον
876 4053 972 4108 τοῦ
1007 4054 1261 4125 ἀληθινοῦ
1297 4056 1475 4126 φωτὸς
1500 4055 1676 4127 Ἰησοῦ
1709 4055 1949 4129 Χριστοῦ

373 4149 632 4217 σημαίνει
661 4146 820 4201 τοῦτο
839 4149 900 4200 τὸ
924 4147 1062 4217 φῶς,
1095 4147 1289 4215 δῆλον·
1341 4148 1416 4212 ὡς
1449 4149 1702 4204 διακόνου
1741 4150 1951 4204 συλλει-

371 4241 729 4309 τουργοῦντος
789 4242 945 4311 ίερεῖ,
999 4242 1366 4311 προσέρχεται
1408 4241 1557 4313 αὐτῷ
1585 4260 1742 4307 ουτος
1785 4244 1819 4315 ἦ
1876 4244 1952 4313 τῷ

372 4333 623 4402 ἀρχιερεῖ
652 4331 1080 4401 λειτουργοῦντι.
1121 4335 1226 4387 Kal
1253 4335 1517 4404 λαμπάδα
1546 4336 1828 4402 ἀνάπτων,
1847 4336 1951 4407 πρὸ

367 4425 462 4478 τοῦ
485 4424 962 4497 ὲξε).θεῖν,ἷφησίν·
999 4443 1018 4476 ‹
1055 4425 1383 4498 Εὐλὸγησον,
1414 4427 1749 4493 δέσποτα,τδ
1773 4429 1944 4497 φῶς.»

372 4516 479 4568 Καὶ
503 4519 530 4567 6
553 4517 843 4584 ἀρχιερεὺς
869 4515 899 4585 ἢ
925 4519 951 4570 6
981 4519 1183 4587 ίερεὶς,
1223 4519 1468 4586 εὐλογῶν
1496 4519 1557 4572 τὸ
1593 4521 1731 4588 φῶς,
1759 4520 1948 4591 φησίν·

375 4625 393 4657 ι
433 4607 553 4659 Ὅτι
574 4607 638 4660 σὺ
665 4610 713 4661 εἰ
735 4609 763 4661 6
792 4610 1074 4678 φωτισμδς
1105 4609 1286 4680 ἡμῶν,
1319 4611 1522 4682 Χριστὲ
1555 4612 1583 4664 6
1614 4612 1746 4676 Θεὸς
1769 4613 1949 4684 ἡμῶν,

372 4700 628 4754 πάντοτε.
669 4719 689 4753 ι
724 4703 834 4756 Kal
867 4701 1010 4754 οὕτω
1046 4703 1153 4772 πρὸ
1194 4701 1298 4771 τῆς
1330 4704 1640 4775 Παροιμίας
1667 4706 1952 4777 ἐξέρχεται

369 4792 690 4855 ὀδιάκονος.
734 4795 892 4848 Μετὰ
937 4795 1040 4864 τὴν
1096 4796 1262 4867 256
1305 4798 1614 4868 Παροιμίαν
1665 4800 1722 4852 δὲ
1785 4801 1953 4864 εὐθὺς
2002 4843 2010 4848 .

300 4930 307 4937 .
370 4883 633 4953 ψάλλει-αι
666 4886 748 4952 τὸ,
777 4905 795 4938 «
840 4887 1299 4960 Κατευθυνθήτω.
1333 4908 1352 4941 ι
1392 4891 1498 4944 Καὶ
1531 4893 1562 4960 ἡ
1598 4890 1760 4962 λοιπὴ
1807 4894 1954 4961 γίνε-

370 4990 463 5028 ται
490 4976 739 5047 συνήθως
759 4977 1054 5034 ἀκολουθία
1085 4981 1195 5034 τῶν
1228 4982 1716 5053 προηγιασμένων,

924 5183 1380 5242 ΚΕΦΑΛ.ΤΝΕα
1463 5243 1472 5254 ί

373 5295 507 5350 ’Ὂτι
535 5295 631 5351 δεῖ
658 5295 1030 5352 ὑποπίπτειν
1057 5297 1250 5371 πλέον
1283 5297 1438 5371 ἡμᾶς
1460 5297 1530 5351 ἐν
1565 5296 1642 5371 τῇ
1663 5297 1781 5353 τῶν
1814 5315 1956 5368 προ-

837 5369 1228 5438 ηγιασμένων
1254 5369 1496 5434 εἰσόδῳ.

450 5482 580 5535 Ὅτε
609 5482 702 5535 καὶ
731 5483 791 5536 ὲν
821 5483 886 5554 τῇ
911 5481 1020 5536 τῶν
1052 5483 1225 5550 ἁγίων
1254 5482 1446 5553 εἰσόδῳ
1471 5483 1554 5538 δεῖ
1578 5483 1728 5556 ἡμᾶς
1753 5484 1957 5554 μᾶλλον

371 5574 726 5640 ὑποπίπτειν,
753 5575 827 5638 ὡς
859 5575 1264 5644 τετελεσμένων
1295 5575 1466 5631 ὄντων
1516 5575 1625 5630 τῶν
1667 5575 1829 5630 Θείων
1857 5577 1960 5631 δώ-

375 5683 510 5734 ρων,
543 5669 640 5721 καὶ
691 5667 858 5720 αὐτοῦ
886 5669 980 5720 τοῦ
1022 5669 1279 5739 Σωτῆρος
1309 5668 1468 5738 ἡμῶν
1524 5668 1742 5738 ἀληθῶς
1775 5670 1951 5732 ὄντος.

369 5756 515 5810 Αὐτὸ
537 5757 645 5829 γάρ
667 5760 782 5812 ἐστι
818 5760 878 5812 τὸ
911 5760 1277 5831 κατεχόμενον
1325 5763 1383 5813 ὲν
1416 5759 1493 5832 τῷ
1526 5759 1716 5827 δέσκῳ,
1739 5761 1798 5813 τὸ
1824 5778 1956 5822 παν-

371 5850 529 5921 ἀγιον
571 5851 737 5905 αὑτοῦ
770 5853 928 5922 σῶμα
959 5854 1096 5924 μετὰ
1120 5853 1214 5907 τοῦ
1244 5853 1522 5917 (λειοτάτου
1554 5853 1807 5925 αἵματος.
1859 5856 1947 5915 Ἐν

2051 3231 2436 3301 quamdicunt
2461 3230 2816 3283 aedificavisse
2847 3228 2951 3282 sibi
2976 3228 3222 3291 domum,
3259 3242 3452 3287 nempe
3513 3240 3637 3278 sau-

2053 3323 2358 3383 ctissimum
2397 3338 2602 3391 corpus
2635 3337 2814 3384 suum,
2845 3323 2897 3373 iu
2931 3336 3041 3390 quo
3074 3327 3283 3389 septem
3311 3319 3513 3373 excidit
3542 3333 3635 3372 co-

2052 3415 2308 3482 lumnas,
2338 3417 2521 3468 omnia
2557 3415 2766 3470 scilicet
2796 3412 3032 3483 Spiritus
3059 3412 3633 3474 charismata,nvlcuon

2057 3506 2282 3579 proprio
2333 3509 2584 3574 corporis
2627 3519 2765 3572 pane
2803 3513 2858 3555 et
2902 3501 3184 3572 sai-guinis
3227 3503 3401 3555 calice
3449 3516 3636 3552 Omnes

2060 3599 2271 3651 nutrire
2308 3596 2679 3663 omnibusque
2715 3595 3031 3664 propinare,
3062 3602 3116 3647 ct
3145 3592 3324 3646 lumen
3345 3608 3468 3646 esse
3490 3591 3633 3658 quod

2053 3687 2299 3744 caelestia
2335 3697 2388 3741 et
2418 3687 2698 3741 terrestria
2734 3686 3027 3740 illuminat.
3063 3685 3207 3740 Deus
3239 3684 3382 3738 enim
3415 3684 3636 3749 sapien-

2053 3779 2126 3834 tia
2168 3779 2416 3832 fumlavit
2448 3786 2648 3831 terram
2679 3816 2695 3840 ,
2745 3776 2962 3845 inquit,
3003 3775 3170 3830 cmlos
3206 3791 3334 3829 vero
3373 3773 3638 3827 stabilivit

2053 3870 2360 3940 prudentia,
2385 3868 2838 3938 quemadmodum
2860 3879 2911 3922 et
2942 3867 3109 3920 David
3141 3867 3380 3921 cecinit:
3414 3864 3637 3921 «Omnia

2051 3963 2107 4016 in
2151 3963 2416 4031 sapientia
2447 3961 2645 4016 fecisti.
2697 3980 2715 4013 ι
2746 3960 2944 4027 Porro,
2985 3959 3248 4030 quoniam
3298 3967 3485 4028 typum
3526 3964 3637 4010 veri

2051 4055 2278 4111 luminis
2311 4054 2441 4110 Jesu
2473 4054 2674 4109 Christi
2708 4053 2985 4123 signiﬁcat
3040 4054 3132 4108 lux
3183 4051 3311 4117 ista,
3363 4050 3534 4120 liquet
3565 4066 3633 4104 ex

2052 4164 2116 4206 eo
2145 4147 2312 4218 quod,
2338 4147 2572 4202 diacono
2601 4161 2727 4201 cum
2761 4146 3048 4201 sacerdote
3079 4145 3242 4201 simul
3269 4145 3638 4207 ministrante,

2056 4241 2146 4296 hic
2188 4241 2254 4294 ad
2293 4257 2416 4296 eum
2448 4240 2532 4294 vel
2566 4238 2632 4294 ad
2667 4238 2982 4308 pontiﬁcem
3028 4239 3430 4292 ministrantem
3479 4253 3641 4292 acce—

2053 4334 2152 4398 dit,
2185 4341 2238 4388 et
2271 4335 2577 4387 accendens
2621 4332 2946 4401 lampadem,
2981 4330 3303 4400 priusquam
3348 4339 3528 4394 exeat,
3555 4329 3638 4384 die

2055 4428 2130 4483 cit
2170 4439 2188 4480 :
2229 4425 2513 4490 «Benedic,
2547 4425 2791 4488 domine,
2826 4423 3060 4477 lucem.)
3083 4423 3152 4476 Et
3185 4420 3426 4490 pontifex
3448 4419 3531 4473 vel
3558 4435 3646 4472 sa-

2057 4519 2444 4577 cerdoslucem
2470 4520 2797 4574 benedicens
2827 4518 2901 4570 ait
2932 4534 2946 4570 :
2988 4534 3006 4568 «
3041 4516 3310 4582 Quoniam
3343 4524 3397 4570 tu
3426 4530 3484 4569 es
3518 4513 3649 4566 illu-

2061 4611 2293 4666 minatio
2325 4619 2535 4674 nostra,
2573 4610 2790 4664 Christe
2826 4609 2970 4663 Dcus
3002 4618 3187 4662 uoster
3216 4607 3270 4660 in
3323 4607 3473 4661 omni
3506 4617 3647 4660 tem-

2060 4720 2245 4776 pore.»
2280 4703 2344 4758 Et
2368 4703 2448 4758 sic
2474 4711 2600 4757 ante
2621 4703 2907 4757 lectionem
2932 4699 3356 4754 Proverbiorum
3378 4697 3652 4767 egreditur

2061 4799 2377 4864 diaconus;
2425 4813 2529 4866 qua
2559 4797 2792 4851 lectione
2845 4795 3018 4857 facta,
3078 4794 3329 4860 protinus
3365 4801 3588 4846 cantant
3632 4810 3646 4849 :

2070 4909 2087 4941 «
2106 4891 2399 4956 Dirigatnr.
2419 4907 2437 4940 ι
2475 4889 2538 4942 Εῑ
2560 4889 2801 4958 reliquus
2827 4887 2892 4941 de
2914 4903 3064 4947 more
3089 4885 3146 4940 tlt
3163 4885 3300 4941 ordo
3323 4881 3652 4938 l’racsancti-

2067 4984 2379 5037 beatorum.

2601 5180 2837 5238 CAPUT
2871 5178 3120 5237 CCCLV.

2068 5299 2220 5368 Quod
2244 5301 2366 5361 dum
2397 5297 2847 5366 pra’sanctiﬁcata
2884 5296 3206 5365 inferuntur,
3234 5298 3466 5364 amplius
3489 5299 3651 5356 etiam

2532 5368 2806 5436 procidere
2839 5383 2932 5421 nos
2964 5377 3188 5437 oportet.

2141 5487 2321 5540 Porro
2374 5483 2504 5549 dum
2560 5479 3009 5550 pra‘sanctiiicata
3052 5479 3386 5547 inferuntur,
3414 5481 3651 5549 amplius

2065 5578 2230 5639 etiam
2269 5592 2368 5631 nos
2413 5582 2630 5644 oportet
2678 5572 2985 5642 procidere,
3033 5575 3292 5642 quopiam
3329 5584 3648 5628 consecrata

2071 5675 2198 5722 sunt
2239 5668 2331 5724 Dei
2366 5665 2792 5734 «'ona.'ipseque
2820 5681 2944 5721 vere
2975 5666 3128 5719 adest
3166 5665 3421 5720 Salvator
3446 5673 3652 5728 uoster;

2073 5776 2198 5813 nam
2230 5760 2375 5829 quod
2411 5758 2463 5811 in
2503 5768 2697 5826 patena
2733 5757 2969 5811 infertur
3022 5758 3153 5812 nihil
3187 5767 3269 5812 cst
3311 5757 3456 5811 aliud
3488 5772 3652 5828 quam

2062 5851 2476 5919 sanctissiuium
2502 5850 2622 5924 ejus
2642 5865 2842 5920 corpus
2863 5865 2987 5904 cum
3010 5849 3351 5924 divinissimo
3366 5851 3658 5924 sanguine.
