4046 6432
476 367 585 433 659
1356 369 1739 434 SYMEONIS
1757 371 2513 440 THESSALONICENSIS
2553 375 2914 437 ARCHIEP.
3648 378 3740 443 6ίο

476 478 683 534 Verum
729 476 783 532 in
839 476 943 533 (ine
979 476 1158 534 Missa:
1209 477 1265 534 fit
1308 480 1487 536 oratio
1524 481 1664 537 dicta
1712 483 2072 553 post,ambo-

2139 527 2145 546 ,
2178 484 2252 555 τῷ
2286 483 2431 539 τέλει
2457 484 2515 540 δὲ
2545 484 2647 555 τῆς
2686 481 3036 556 λειτουργίας
3074 481 3106 553 ἡ
3141 480 3560 556 ὀπιστάμδωνος
3600 488 3737 561 εὐχὴ,

479 585 630 636 nem,
664 577 852 640 utpote
886 586 1008 641 qua:
1038 571 1477 629 miscricordiam
1510 572 1751 641 invocat,
1788 575 2069 647 finemque

2170 577 2247 641 ὡς
2293 578 2543 648 ίλαστική
2601 594 2661 629 τε
2697 578 2793 631 καὶ
2827 575 3139 647 ἀπολυτικὴ
3176 577 3271 632 καὶ
3313 577 3573 648 δεήσεως,
3606 582 3737 653 εὖχος

475 663 733 732 precibus
773 663 1042 735 imponit,
1074 665 1371 723 obsecrans
1403 676 1461 722 ut
1494 667 1778 725 videamus
1823 684 2070 725 resurre.

2177 672 2313 742 μὲνη
2337 670 2489 741 ἡμᾶς
2522 670 2651 723 ίδεῖν
2686 670 2786 740 τὴν
2844 653 3147 724 ἀνάστασιν
3187 668 3426 727 ἐνταῦθα
3457 676 3742 746 πανηγυρί-

475 755 738 825 ctionem,
770 756 970 829 bieque
997 768 1052 814 et
1082 760 1156 815 ibi
1182 761 1654 831 congaudeamus.
1681 763 1771 818 Fit
1798 772 1981 819 autem
2012 764 2067 819 in

2175 780 2268 817 σαι
2298 763 2463 816 κάκεῖ
2486 778 2501 794 ο
2538 761 2769 815 δπιτθεν
2798 762 2855 815 δὲ
2880 761 2973 815 τοῦ
2997 762 3254 832 ἄμϐωνας
3286 763 3454 833 μέσον
3484 763 3577 818 τοῦ
3606 766 3741 833 ναοῦ,

423 910 437 926 κ
475 849 656 905 medio
700 852 895 922 templi
933 863 1057 922 post
1086 854 1376 911 ambonem
1410 864 1469 911 ut
1498 870 1693 913 omnes
1733 857 1961 913 audiant
1992 873 2016 911 s

2174 854 2251 919 ὡς
2284 854 2598 924 ἀκροᾶσθαι
2659 853 2883 916 πάντας
2918 852 3015 907 καὶ
3060 853 3238 925 τούτῳ
3269 855 3646 926 συνεύχεσθαι,
3665 859 3745 911 καὶ

432 934 437 942 ’
477 940 701 1010 mulque
738 943 1130 1012 deprecentur,
1160 954 1327 1017 atque
1372 945 1524 1002 velut
1558 946 1613 1001 in
1646 945 2030 1017 conspectum

2173 946 2252 1011 ὡς
2310 944 2545 1002 ινώπιον
2612 945 2707 1000 τοῦ
2776 942 2918 999 Θεοῦ
2980 946 3125 1017 ὑπὲρ
3194 947 3400 1011 παντὸς
3459 946 3555 1000 τοῦ
3602 949 3742 1003 λαοῦ.

477 1047 577 1103 pro
617 1034 766 1088 omni
802 1034 1024 1104 populo.
1055 1036 1122 1091 Et
1150 1037 1231 1092 sic
1270 1038 1489 1106 impleta
1525 1039 1689 1095 missa
1713 1077 1730 1104 ,
1770 1038 1829 1093 fit
1858 1037 2067 1109 vigilia.

2173 1034 2288 1090 Kal
2344 1034 2494 1089 οὕτω
2548 1037 2648 1107 τῆς
2699 1035 3051 1105 λειτουργίας
3104 1036 3484 1107 τελεσθείσης,
3547 1039 3580 1109 ἡ
3628 1056 3748 1094 παν·

477 1124 652 1183 Porro
674 1126 805 1184 vide
834 1126 1001 1184 etiam
1029 1128 1279 1188 ordinem
1315 1129 1531 1201 vigiliae.

2174 1124 2333 1194 νυχὶς
2384 1124 2619 1191 γίνεται.
2673 1125 2818 1197 Ὅρα
2847 1126 2906 1180 δὲ
2943 1128 3040 1181 καὶ
3092 1126 3194 1199 τὴν
3237 1126 3396 1192 τάξιν
3425 1128 3527 1200 τῆς
3552 1143 3744 1184 παννυ-

2174 1219 2350 1290 χίδος.

993 1307 1229 1367 CAPUT
1265 1309 1537 1367 CCCLVI.

2713 1313 2972 1369 ΚΕΦΛΛ.
3004 1313 3196 1383 τΝς-ι.

476 1423 556 1479 De
576 1423 759 1496 uigilia
783 1424 838 1481 in
859 1425 1038 1495 prima
1068 1426 1402 1483 hebdomade
1432 1444 1603 1483 sacrae
1625 1428 2067 1501 quadragesima.

2176 1430 2317 1496 Περι
2362 1428 2899 1501 της-παννυχίδος
2947 1430 3103 1484 κατὰ
3145 1428 3265 1497 τὴν
3312 1428 3559 1501 πρώτην
3603 1428 3751 1484 ἐϐδο-

2409 1498 2575 1568 μάδα
2600 1499 2713 1566 τῆς
2760 1500 2937 1568 ἁγίας
2992 1499 3529 1569 Τεσσαρακοστῆς.

545 1582 809 1640 Oratione
838 1592 962 1656 post
1011 1584 1303 1641 ambonem
1357 1584 1502 1642 facta
1562 1588 1615 1642 in
1650 1587 1826 1658 prima
1857 1588 2063 1643 hebdo-

2248 1591 2415 1644 Μετὰ
2445 1589 2547 1661 τὴν
2575 1589 3004 1660 ὀπιστάμὸωνον
3040 1591 3210 1661 εὐχὴν
3233 1590 3377 1645 κατὰ
3408 1592 3509 1661 τὴν
3542 1590 3750 1662 πρώτην

476 1676 660 1743 mada,
695 1676 972 1733 benedicit
995 1687 1279 1733 cautorem
1321 1680 1580 1735 sacerdos
1612 1690 1703 1734 aut
1745 1679 1990 1750 pontifex
2023 1679 2068 1735 si

2183 1682 2472 1749 ἑϐδομάδα
2506 1682 2724 1751 εὐλογεῖ
2756 1684 2849 1736 τὸν
2881 1682 3095 1752 ψάλτην
3144 1685 3174 1737 ὁ
3206 1682 3411 1752 ἱερεύς.
3444 1684 3505 1737 Εἰ
3546 1683 3601 1736 δὲ
3628 1683 3753 1753 πάρ·

477 1769 728 1838 adsit;ct
764 1771 959 1825 statim
996 1771 1179 1841 psallit
1210 1781 1403 1826 cantor
1432 1788 1447 1828 :
1490 1773 1626 1840 «Qui
1660 1774 1869 1827 habitat
1901 1774 1956 1828 in
1977 1772 2073 1827 ad-

2176 1777 2371 1829 εστινὸ
2395 1775 2714 1847 ἀρχιερεὺς,
2745 1775 2931 1838 αὐτός.
2966 1776 3077 1829 Kal
3129 1774 3324 1845 ψάλλει
3359 1778 3387 1828 ὁ
3421 1775 3629 1845 ψάλτης
3676 1775 3750 1825 εὖ·

474 1865 740 1932 jutorio.»
781 1864 1055 1921 Sacerdos
1087 1881 1239 1934 vero,
1272 1867 1522 1923 oratione
1550 1868 1716 1934 dicta,
1744 1869 1798 1924 in
1825 1867 2072 1921 taberna-

2180 1867 2277 1930 θὺς
2307 1866 2387 1933 τὸ,
2420 1843 2446 1919 ι⁷
2472 1843 2574 1920 Ὅ⁷
2606 1867 2885 1921 κατοικῶν
2918 1868 2975 1921 ὲν
3020 1843 3268 1938 βοηθείᾳ.
3310 1886 3327 1918 «
3388 1843 3454 1923 Ὀ
3488 1868 3545 1921 δὲ
3589 1843 3752 1937 ίερεὺς

477 1957 602 2014 culo
620 1968 808 2015 sancta
836 1960 1046 2030 reponit
1073 1976 1089 2029 ;
1119 1975 1308 2016 verum
1326 1961 1392 2015 ad
1424 1960 1640 2018 «Gloria
1664 1970 1719 2017 et
1744 1976 1917 2017 nunc»
1947 1958 2075 2015 facit

2182 1959 2358 2013 εἰπὼν
2394 1960 2497 2030 τὴν
2551 1958 2741 2031 εὐχὴν,
2793 1962 2853 2013 ὲν
2892 1959 2970 2028 τῷ
3009 1959 3437 2031 σκευοφυλακίῳ
3483 1960 3750 2013 συστέλλει

479 2052 858 2123 conjunctam,
879 2062 933 2107 el
956 2053 1188 2109 clamat:
1213 2052 1511 2120 «Quoniam
1534 2062 1586 2109 te
1603 2054 1780 2119 decet,
1810 2073 1827 2106 »
1850 2062 2075 2108 cantor-

2180 2054 2249 2107 τὰ
2276 2051 2466 2121 Ἅγια.
2499 2052 2594 2117 Είς
2618 2052 2677 2106 δὲ
2706 2052 2787 2118 τὸ,
2830 2071 2849 2104 ι
2880 2050 3018 2117 Δόξα
3047 2052 3144 2105 καὶ
3176 2051 3325 2117 νῦν,›
3358 2055 3598 2107 ποιεῖται
3632 2068 3750 2105 συν-

478 2158 587 2212 que
617 2143 848 2213 primam
880 2142 1015 2198 dicit
1042 2142 1397 2214 antiphouam
1424 2157 1438 2193 :
1476 2141 1585 2196 «Ad
1609 2141 1925 2202 Dominum,
1950 2152 2075 2194 cum

2181 2145 2384 2217 απτήν.
2456 2145 2568 2199 Kal
2622 2146 2882 2215 ὲκφωνεῖ,
2932 2164 2950 2196 ι
3001 2145 3127 2198 Ὀτι
3160 2145 3362 2215 πρέπει
3417 2162 3525 2211 σοι,
3561 2165 3578 2197 »
3619 2145 3754 2200 καὶὸ

482 2236 798 2301 ιιίιιιιιςινθν,
835 2236 1130 2301 clamavi,»
1186 2250 1313 2290 cum
1362 2234 1689 2305 interposito
1736 2233 2013 2287 versiculo
2058 2249 2071 2283 :

2180 2238 2396 2307 ψάλτης
2420 2239 2481 2291 τὸ
2515 2238 2738 2310 πρῶτον
2758 2237 3087 2307 ἀντίφωνον,
3118 2254 3138 2290 «
3190 2238 3331 2309 Πρὸς
3358 2238 3568 2308 Κύριον
3595 2241 3648 2292 ἐν
3688 2237 3754 2306 τῷ

489 2329 857 2396 «Misericors,
904 2328 1190 2385 Domine.»
1220 2328 1280 2384 Et
1313 2344 1438 2383 cum
1466 2343 1531 2383 eo
1561 2328 1867 2398 psalluntur
1889 2342 2077 2383 versus

2184 2331 2473 2387 Θλίδεσθαί
2511 2349 2603 2402 με,
2643 2349 2662 2384 »
2694 2330 2833 2401 μετὰ
2867 2331 3225 2402 ὑποψάλμου,
3268 2350 3286 2384 ι
3335 2330 3428 2394 Ὠς
3476 2332 3754 2399 οἰκτίρμων

480 2425 549 2480 ab
567 2433 800 2495 utroque
815 2424 985 2481 cltoro
1000 2424 1089 2494 qui
1106 2423 1209 2479 dici
1234 2422 1589 2477 conveniunt.
1608 2421 1873 2477 Sacerdos
1893 2431 2075 2476 autem

2183 2425 2379 2493 Κύριε.
2419 2443 2438 2476 »
2481 2424 2594 2479 Kal
2624 2422 2920 2493 ψάλλονται
2945 2424 2993 2476 oi
3029 2422 3206 2492 στίχοι
3229 2423 3328 2476 σὺν
3343 2422 3525 2493 τούτῳ
3562 2421 3620 2486 ἐξ
3642 2423 3755 2473 ἑκα-

482 2519 611 2574 «licit
639 2518 940 2573 orationem
961 2516 1499 2585 pritnmantiphonaz.
1529 2516 1590 2569 At
1623 2525 1734 2584 post
1782 2513 2003 2569 «Gloria
2023 2522 2080 2567 et

2179 2520 2342 2593 τέρου
2407 2516 2593 2589 χοροῦ,
2650 2517 2700 2568 oi
2746 2516 2889 2569 κατά
2923 2515 3013 2568 τὸν
3056 2514 3250 2585 καιρὸν
3299 2514 3403 2584 τῆς
3443 2516 3669 2585 ἡμέρας.
3706 2512 3755 2565 Ὅ

482 2626 683 2678 nunc,»
712 2625 773 2667 ac
795 2608 1166 2679 «Egregiam,»
1198 2609 1396 2664 iterum
1417 2608 1678 2665 sacerdos
1702 2622 1920 2679 parvam
1945 2605 2080 2662 facit

2179 2611 2238 2665 δὲ
2273 2610 2452 2682 ἱερεὺς
2481 2611 2629 2678 λέγει
2664 2609 2763 2680 τὴν
2821 2609 2987 2679 εὐχὴν
3012 2608 3108 2662 τοῦ
3160 2607 3385 2680 πρώτου
3444 2609 3752 2676 ἀντιφὼνου.

480 2707 855 2776 coniunctam,
896 2716 949 2759 et
982 2704 1254 2760 exclamat
1291 2722 1307 2759 :
1354 2703 1666 2769 «Quoniam
1702 2702 2078 2758 sanctificatur

2182 2702 2339 2757 Μετὰ
2357 2702 2415 2754 δὲ
2452 2701 2534 2765 τὸ,
2570 2720 2588 2752 ι
2628 2700 2768 2765 Δόξα
2818 2703 2913 2755 καὶ
2951 2701 3069 2766 νῦν,
3104 2719 3121 2752 »
3168 2702 3262 2755 καὶ
3318 2700 3425 2770 τὴν
3485 2699 3753 2771 περισσὴν,

480 2813 534 2855 et
564 2800 1011 2872 glorificatur.»Et
1038 2799 1264 2853 sinister
1292 2798 1495 2852 chorus
1531 2795 1832 2851 secundam
1888 2802 2078 2850 cantat

2186 2796 2355 2850 πάλιν
2376 2797 2403 2849 ὁ
2445 2794 2627 2866 ἱερεὺς
2656 2796 2863 2866 μικρὰν
2920 2795 3069 2849 ποιεῖ
3100 2793 3412 2865 συναπτὴν,
3473 2796 3567 2847 καὶ
3591 2795 3753 2860 ἐκφω-

482 2896 872 2966 autipltonam:
905 2894 1014 2947 «Ad
1042 2888 2073 2959 te,Domine,levavianimam‘mcam,»

2184 2890 2286 2952 νεῖ,
2325 2907 2343 2940 ι
2385 2888 2801 2959 Ὅτιὴγίασται
2834 2888 2932 2941 xal
2986 2886 3327 2954 δεδόξασται.
3370 2904 3389 2939 »
3446 2887 3558 2942 Kal
3597 2885 3754 2954 ὁάρι-

482 3003 609 3043 cum
668 3002 828 3044 versu
896 2984 1268 3055 interpolato:
1307 3000 1325 3032 «
1358 2978 1774 3037 Miserationum
1837 2988 2074 3050 portam.

2185 2981 2376 3053 στερὸς
2436 2982 2597 3053 χορὸς
2643 2980 2707 3035 τὸ
2757 2980 3016 3051 δεύτερον
3057 2981 3382 3049 ἀντίφωνον,
3428 2999 3447 3033 ι
3494 2979 3633 3050 Πρὸς
3685 2976 3755 3043 σὲ,

487 3080 657 3137 Dictis
728 3086 912 3134 autem
989 3093 1111 3131 cum
1167 3090 1236 3132 eo
1303 3074 1576 3138 versibus,
1632 3073 1897 3129 sacerdos
1953 3086 2080 3127 ora-

2184 3075 2384 3145 Κύριε,
2426 3069 2541 3145 ἦρα
2585 3073 2687 3145 τὴν
2737 3074 2921 3145 ψυχήν
2990 3091 3114 3144 μου,
3150 3091 3168 3125 »
3228 3074 3371 3145 μετὰ
3432 3073 3753 3143 ὐποψάλμου,

486 3172 699 3225 rioucm
740 3169 875 3223 dicit
915 3167 1173 3222 secundae
1199 3164 1514 3236 antipbonm
1544 3180 1558 3218 ε
1596 3163 1722 3232 «Te,
1748 3152 1840 3219 lux
1873 3170 2078 3218 aeterna

2191 3187 2210 3223 «
2253 3169 2369 3240 Τῆς
2415 3169 2829 3239 εὐσπλαγχνίας
2881 3168 2983 3241 τὴν
3024 3166 3227 3238 πύλην.
3269 3185 3291 3224 ι
3354 3166 3680 3237 Λεγομένων
3709 3162 3753 3216 δὲ

487 3280 551 3321 ac
581 3265 700 3321 sine
721 3277 1003 3332 vespere,»
1032 3261 1166 3316 alias
1188 3274 1315 3315 vero
1330 3258 1465 3315 duas
1488 3258 1731 3337 adiungit
1759 3258 2039 3313 orationes
2062 3271 2077 3309 :

2184 3260 2296 3315 τῶν
2328 3260 2529 3331 στίχων
2562 3260 2661 3313 σὺν
2693 3260 2895 3331 τούτῳ,
2949 3262 2978 3312 ό
3018 3260 3204 3329 ἱερεὺς
3259 3257 3362 3330 τὴν
3418 3259 3587 3330 εὐχὴν
3624 3258 3756 3324 λέγει

493 3375 511 3407 «
553 3356 657 3423 Qui
710 3355 927 3424 vigilem
974 3364 1029 3407 «-t
1078 3351 1477 3406 indcflcieutem
1530 3351 1934 3419 doxologiam,»
1976 3359 2079 3408 et;

2184 3352 2279 3405 τοῦ
2306 3352 2562 3422 δευτέρου
2592 3350 2922 3420 ἀντιφὼνου,
2958 3368 2975 3402 ι
3013 3350 3078 3403 Σὲ
3113 3349 3177 3402 τὸ
3198 3349 3372 3403 ἀΐδιον
3402 3352 3503 3404 καὶ
3546 3350 3756 3402 ἁνὲσπεο

492 3467 512 3502 ι
554 3447 778 3503 Domiue
821 3445 1172 3516 omnipotens
1226 3443 1822 3511 incomprehensibilis.
1890 3461 1909 3492 »
1984 3438 2079 3495 lla:

2189 3463 2281 3518 ρον
2310 3446 2448 3516 φῶς.
2491 3464 2509 3496 »
2534 3444 2935 3501 Ἐπισυνάπτει
2970 3442 3027 3496 δὲ
3054 3443 3150 3497 καὶ
3197 3444 3295 3505 τὰς
3322 3442 3497 3506 ἄλλας
3550 3441 3639 3496 δύο
3679 3438 3756 3491 εὖ·

485 3550 617 3597 sunt
668 3537 969 3610 pratsertim
1032 3537 1316 3592 mirabi'cs
1380 3536 1581 3606 vigiliae
1635 3548 1848 3604 preces.
1904 3532 2080 3589 Porro

2184 3541 2307 3610 χὰς,
2348 3556 2367 3589 «
2418 3538 2479 3591 Ὀ
2508 3537 2612 3609 τὴν
2653 3536 2863 3589 ἄϋπνον
2911 3534 3008 3588 καὶ
3038 3535 3331 3587 ἄπαυστον
3362 3532 3687 3600 δοξολογίαν,
3735 3544 3751 3579 »

486 3645 607 3705 post
637 3631 853 3690 «Gloria
873 3638 927 3684 et
956 3645 1155 3697 nunc,»
1185 3639 1238 3682 et
1268 3628 1639 3698 «Egregiam,»
1672 3628 1929 3682 sacerdos
1954 3626 2081 3682 facit

2185 3632 2282 3687 καὶ
2333 3632 2417 3693 τὸ,
2471 3650 2490 3684 «
2538 3631 2787 3683 Δέσποτα
2837 3626 3223 3697 παντοκράτορ
3294 3625 3679 3694 ἀκατάληπτα.
3734 3636 3752 3672 »

483 3744 709 3800 parvam
742 3724 1117 3793 coniunctam.
1151 3722 1468 3779 Etclamat:
1501 3719 1806 3786 «Quoniam
1842 3719 2073 3782 bonus;»

2182 3719 2436 3781 Λῦταιδὲ
2477 3720 2784 3793 θαυμάσιαί
2838 3720 2986 3783 τινές
3047 3721 3189 3773 εἰσιν
3240 3716 3539 3787 ἐξαιρέτως
3572 3715 3626 3769 αἱ
3670 3711 3757 3781 τῆς

484 3830 541 3875 et
570 3819 729 3874 tertio
761 3816 1012 3888 psallitur
1043 3815 1339 3884 antipbona
1368 3829 1383 3867 :
1431 3810 1711 3868 «Laztalus
1752 3828 1873 3867 sum
1908 3813 1961 3866 in
1995 3813 2080 3868 his

2186 3818 2513 3888 παννυχίδος
2570 3816 2750 3886 εὐχαί,
2807 3815 2967 3869 Μετᾶ
2997 3813 3054 3865 δὲ
3093 3813 3179 3876 τὸ,
3216 3830 3235 3863 «
3268 3810 3404 3874 Δόξα
3438 3810 3538 3864 xal
3582 3807 3690 3868 νῦν.
3732 3821 3746 3853 ι

486 3927 608 3981 qua:
635 3910 778 3966 dicta
804 3915 933 3964 sunt
968 3907 1154 3973 mihi,»
1187 3919 1313 3960 cum
1342 3903 1430 3958 bis
1461 3920 1474 3954 :
1522 3902 1817 3958 «Miserere
1865 3903 2034 3957 nostri
2060 3945 2075 3969 ,

2185 3911 2283 3965 καὶ
2327 3911 2430 3979 τὴν
2491 3906 2785 3979 περισσὴν,
2816 3905 2846 3958 ὁ
2899 3905 3081 3976 ἱερεὺς
3115 3904 3357 3957 ποιεῖται
3407 3899 3615 3972 μικρὰν
3644 3914 3754 3950 συν-

490 4003 740 4069 Ιὶυιιιὶιιο,
774 4000 1039 4056 miserere
1058 3998 1257 4053 nostri.
1299 4016 1317 4051 »
1357 3995 1585 4063 Quando
1612 3996 1871 4052 sacerdos
1901 4004 2082 4067 portat

2184 4004 2388 4074 απτήν.
2443 4003 2554 4056 Kal
2588 4000 2850 4070 ὲκφωνεί,
2889 4016 2908 4051 ι
2950 3997 3077 4050 Ὅτι
3109 3996 3338 4066 ἀγαθός.
3370 4012 3389 4047 »
3423 3995 3535 4049 Kal
3568 3992 3629 4045 τὸ
3655 3987 3752 4059 rpi-

488 4094 799 4167 lampadem
829 4106 1117 4150 accensam
1136 4098 1189 4145 et
1221 4089 1589 4156 thuribulum,
1624 4090 1801 4160 primo
1830 4088 2083 4144 inccnsat

2185 4112 2279 4150 τον
2331 4093 2640 4163 ἀντίφωνον
2670 4088 2959 4162 ψάλλεται,
2994 4108 3013 4141 «
3051 4086 3382 4158 Εὐφράνθην
3430 4086 3533 4141 ἐπὶ
3560 4085 3664 4146 τοῖς
3683 4081 3751 4134 εί-

490 4190 687 4255 altare,
710 4184 912 4244 deinde
940 4183 1078 4239 foris
1106 4182 1371 4253 templum
1399 4194 1451 4237 et
1481 4181 1742 4254 pepulum
1775 4182 2080 4237 secundum

2189 4186 2388 4261 ρηκόσι
2436 4202 2553 4255 μοι,
2585 4202 2604 4235 »
2649 4182 2791 4255 μετὰ
2836 4180 2953 4245 τοῦ,
2991 4198 3011 4233 «
3045 4178 3306 4251 Ἐλέησον
3348 4178 3526 4247 ἡμᾶς,
3573 4173 3750 4243 Κύριε,

493 4283 779 4351 antiquam
821 4266 1314 4335 censuetudinem.
1352 4273 1462 4331 Sed
1512 4274 1557 4329 si
1616 4274 1879 4330 diaconus
1913 4275 2081 4337 azlsit,

2186 4276 2413 4348 ἐλέησον
2444 4276 2617 4347 ἡμᾶς.
2656 4293 2675 4327 »
2705 4275 2837 4328 Ὅτε
2877 4273 3022 4328 καὶὸ
3059 4271 3244 4339 ἱερεὺς
3264 4269 3492 4342 κρατῶν
3517 4266 3750 4339 ἡμμένην

492 4379 613 4446 ipse
638 4388 863 4431 sumens
882 4371 1188 4442 lampadem
1219 4368 1494 4425 sacerdoti
1525 4366 1700 4438 praeit.
1729 4366 1926 4421 Verum
1955 4376 2084 4437 post

2184 4369 2451 4440 λαμπάδα
2483 4369 2579 4422 καὶ
2609 4366 3001 4439 θυμιατήριον,
3036 4364 3209 4434 eum
3235 4363 3454 4434 πρῶτον
3486 4362 3547 4416 τὸ
3582 4359 3748 4411 euma-

500 4468 719 4525 «Gloria
737 4475 789 4521 et
816 4480 1019 4531 nunc,»
1045 4479 1151 4518 non
1177 4463 1377 4519 dicitur
1405 4460 1722 4531 «Egregia,»
1750 4460 1844 4515 sed
1868 4468 2081 4514 tantum

2191 4465 2452 4532 στήριον·
2508 4461 2706 4514 ἔπειτα
2760 4461 2865 4526 ἔξω
2927 4458 3021 4511 τδν
3087 4457 3217 4511 ναὸν
3244 4456 3343 4511 καὶ
3394 4456 3487 4509 τὸν
3518 4453 3643 4509 λαὸν
3687 4450 3752 4508 ὡς

495 4562 624 4615 finis
644 4558 935 4615 versiculi:
970 4556 1253 4619 «Domine,
1272 4555 1531 4609 miserere
1550 4551 1745 4608 nostri.
1764 4570 1782 4603 »
1810 4552 1875 4607 Et
1894 4552 2082 4607 statim

2153 4574 2165 4622 ι
2192 4556 2315 4620 ἔθος
2347 4556 2601 4626 ἀρχαῖον.
2628 4554 2692 4608 Εἰ
2735 4553 2792 4606 δὲ
2824 4551 3078 4615 διάκονός
3110 4552 3283 4615 ἐστιν,
3315 4549 3481 4611 αὐτὸς
3528 4542 3751 4610 κατέχων

491 4662 692 4719 cantor
722 4651 865 4706 addit
887 4650 1154 4721 psalmum
1179 4644 1696 4716 quinquagesimum
1741 4659 1756 4699 :
1798 4642 2089 4699 «Miserere

2193 4650 2296 4722 τὴν
2325 4648 2611 4719 λαμπάδα,
2638 4646 2734 4700 τοῦ
2792 4644 2987 4717 ἱερέως
3026 4641 3465 4715 προπορεὺεται.
3526 4636 3671 4693 Μετὰ
3703 4630 3750 4722 δε

502 4745 635 4811 mei,
664 4742 863 4808 Deus,»
887 4718 993 4812 per
1018 4737 1264 4809 singulos
1288 4750 1480 4791 versus
1498 4735 1687 4791 dicens
1720 4749 1736 4791 ;
1772 4732 2091 4788 «Miserator

2193 4718 2275 4806 eo,
2318 4760 2337 4793 «
2371 4718 2512 4805 Δόξα
2544 4740 2638 4793 καὶ
2659 4736 2778 4801 νῦν,
2818 4755 2837 4789 »
2892 4735 3130 4805 περισσὴ
3152 4734 3215 4786 οὐ
3246 4733 3505 4800 λέγεται,
3543 4724 3673 4781 ἀλλὰ
3701 4718 3752 4773 τὸ

502 4839 761 4903 Domine,
790 4839 1051 4892 miserere
1085 4834 1314 4892 nostri,»
1380 4839 1434 4884 et
1469 4827 1721 4897 psallitur
1759 4827 1827 4881 ab
1856 4836 2092 4897 utroque

2193 4835 2346 4898 τέλος
2370 4833 2465 4887 τοῦ
2484 4830 2788 4904 τροπαρίου
2810 4828 2993 4900 μόνον,
3030 4845 3049 4879 «
3079 4827 3276 4896 Κύριε,
3303 4824 3524 4893 ἐλέησον
3549 4818 3743 4904 ἡμᾶς..)

498 4934 671 4987 choro
696 4931 909 5002 psalqu
930 4962 937 4975 η
962 4937 1108 4982 totus
1139 4921 1351 4979 «Gloria
1384 4930 1438 4976 et
1460 4934 1665 4983 nunc,»
1693 4930 1747 4977 et
1767 4919 2083 4992 «Egregia.»

2195 4928 2308 4981 Kal
2368 4902 2534 4987 εὐθὺς
2584 4924 2613 4976 ὁ
2655 4921 2868 4992 ψάλτης
2932 4920 3189 4989 ἐπιφέρει
3264 4916 3362 4972 τὸν
3413 4902 3755 5002 πεντηκοετὸν

501 4998 896 5092 Ceusevigiiul‘
929 5020 1171 5090 psalmos
1207 5021 1461 5071 cautatos
1495 5022 1663 5083 atque
1698 5028 1822 5068 cum
1859 5012 1940 5067 eis
1970 5025 2094 5065 ver-

2194 5016 2447 5088 Ψαλμδν,
2479 5015 2564 5082 τὸ,
2608 5032 2626 5065 ι
2668 5012 2929 5081 Ἐλέησον
2970 5026 3061 5080 με,
3090 5012 3118 5064 ὁ
3145 5008 3301 5075 Θεὸς,
3352 5026 3371 5060 »
3429 5006 3570 5061 κατὰ
3593 4998 3753 5092 στίχον

508 5116 736 5180 siculos,
772 5120 827 5169 et
865 5088 977 5167 tres
1008 5125 1132 5167 esse
1166 5108 1433 5170 invenies,
1464 5113 1579 5159 tres
1605 5105 1750 5160 enim
1782 5113 1915 5160 sunt
1948 5105 2093 5159 anti-

2196 5110 2397 5178 λέγων.
2442 5126 2461 5160 θ
2525 5107 2812 5177 Ἕλεήμων
2869 5106 3071 5175 Κύριε,
3134 5102 3359 5171 ἐλέησον
3412 5100 3575 5170 ἡμᾶς,
3613 5113 3630 5145 ι
3673 5088 3751 5142 καὶ

512 5210 986 5279 plionaeuresque
1023 5201 1283 5258 versiculi
1324 5209 1543 5269 propter
1588 5198 1924 5277 adorandam
1965 5198 2091 5253 Tri-

2195 5198 2464 5270 ψάλλεται
2496 5199 2627 5266 παρ’
2657 5195 2936 5268 ἑκατέρων
2952 5195 3060 5247 τῶν
3088 5210 3267 5265 χορων
3301 5196 3327 5246 ὁ
3345 5189 3573 5260 Ψιλμὸς
3596 5185 3745 5279 ᾰτξιῖο

513 5303 741 5354 nitatem
793 5298 881 5352 cui
927 5295 1264 5351 on‘ernntur.
1320 5293 1523 5348 Deinde
1563 5274 1874 5362 comperies
1914 5292 1969 5345 in
2006 5292 2094 5348 bis

2206 5310 2224 5342 «
2260 5290 2402 5357 Δόξα
2426 5291 2520 5342 καὶ
2549 5287 2666 5352 νῦν,
2706 5306 2724 5341 »
2764 5288 2861 5340 καὶ
2890 5286 3161 5357 περισσή.
3220 5285 3570 5350 Κατανότ,σον
3597 5274 3753 5328 τοίνυν

507 5390 791 5448 abundare
808 5388 1419 5453 l:umil‘tatem,necnon
1446 5383 1844 5442 confessionem
1867 5392 1921 5440 et
1943 5400 2099 5440 com-

2200 5382 2332 5446 τούς
2369 5399 2430 5435 τε
2468 5381 2768 5452 ὰδομένους
2823 5378 3118 5450 Ψαλμοὺς,
3171 5379 3270 5431 καὶ
3338 5377 3436 5430 σὺν
3481 5371 3652 5430 αὐτοῖς
3697 5364 3753 5415 τὰ

512 5483 892 5554 punctionem,
936 5491 989 5535 et
1017 5481 1254 5551 denique
1276 5480 1527 5534 ultimum
1560 5478 1859 5549 psalmum,
1897 5492 2097 5549 nempe

2200 5478 2482 5549 τροπάρια
2515 5490 2529 5506 ⁶
2566 5477 2661 5529 καὶ
2686 5475 2947 5544 εὑρήσεις
2986 5474 3088 5544 μὲν
3112 5471 3353 5541 τρισσῶς
3385 5456 3753 5554 κείμεναιτρξα

512 5576 1029 5647 quinquagesimum
1061 5589 1186 5629 cum
1231 5572 1543 5628 versiculo:
1592 5590 1613 5625 «
1652 5572 1902 5636 Domine,
1931 5574 2097 5627 mise-

2202 5545 2313 5641 γαρ
2366 5545 2508 5621 εἰσιν
2562 5566 2868 5635 ἀντίφωνα,
2913 5564 3011 5618 καὶ
3059 5563 3187 5634 τρία
3230 5561 3523 5634 τροπάρια,
3550 5553 3630 5608 διὰ

513 5683 655 5733 rere,
674 5688 691 5721 »
722 5671 775 5726 in
795 5668 1222 5740 compunctioue
1247 5668 1415 5723 Deum
1432 5665 1944 5721 admisericordiam
1966 5680 2097 5734 pro-

2201 5663 2373 5733 τιμὴν
2405 5662 2503 5726 τῆς
2529 5661 2787 5731 Τριάδος,
2815 5660 2911 5712 καὶ
2942 5658 3018 5721 ὡς
3061 5656 3208 5727 πρὸς
3252 5654 3458 5723 ταύτην
3518 5651 3751 5741 ἀναῄφερῗ

513 5776 723 5817 vncare.
744 5764 939 5819 Postea
962 5763 1226 5819 diaconus
1251 5779 1264 5815 :
1294 5763 1614 5816 «Dominum
1640 5761 2005 5829 deprecemur
2040 5777 2086 5824 ;»

2207 5770 2369 5825 μενα.
2408 5746 2540 5805 Εἶτα
2561 5752 2654 5804 καὶ
2686 5750 2873 5820 πλήρη
2900 5749 3292 5810 ταπεινώσεως
3340 5736 3751 5829 ὲξομολογήςξως

511 5852 773 5909 sacerdos
796 5870 962 5912 vero:
1007 5853 1305 5921 «Quoniam
1326 5861 1553 5908 sanctus
1572 5865 1630 5906 cs
1650 5867 1695 5916 ;»
1719 5859 1772 5906 ct
1802 5858 2056 5904 cantatur
2082 5867 2094 5901 :

2202 5820 2264 5900 τε
2303 5846 2399 5900 καὶ
2430 5843 2805 5909 κατανύξεως.
2864 5842 2976 5895 Καὶ
3025 5840 3116 5893 τὸν
3163 5838 3471 5893 τελευταῖον
3505 5831 3556 5887 δὲ
3604 5820 3750 5881 πάλιν
