4046 6422
297 339 396 399 Giil

1468 331 1568 392 DE
1615 327 1856 390 SACRA
1887 327 2397 396 PRECATIONE.

3473 337 3577 401 €62

293 424 530 518 Ψαλμδν
553 444 650 499 ,τὸν
681 444 1082 516 πεντηκοστὸν,
1116 443 1258 516 μετά
1306 444 1428 514 τοῦ,
1479 464 1498 498 ι
1533 445 1737 517 Κύριε,
1771 443 1888 497 ἑλέ-

2015 446 2226 506 :Omnis
2245 450 2494 522 spiritus.
2511 469 2530 503 ι
2554 448 2621 506 Ει
2642 449 3001 524 Evangelium
3024 451 3153 508 dicit
3175 452 3387 521 primus
3403 467 3582 507 sacer-

295 556 454 611 ησον,
481 556 502 590 ι
529 538 589 589 ὲν
614 537 914 603 κατανύξει
945 537 1040 590 τὸν
1069 537 1204 591 Θεὸν
1259 536 1398 602 πρὸς
1434 535 1587 591 ἔλεον
1617 535 1887 591 ἐκκαλού-

297 651 481 706 μενον.
533 630 667 686 Εἶτα
695 635 722 686 6
760 633 1032 697 διάκονος,
1072 652 1091 686 ι
1137 633 1246 687 Τοῦ
1279 635 1488 704 Κυρίου
1511 634 1823 706 δεηθῶμεν.
1866 654 1885 689 ι

307 729 586 800 Ὀξερεὺς,
616 746 634 778 ι
668 729 794 781 Ὅτι
817 726 976 795 ἅγιος
1006 720 1076 782 εἴ.
1115 746 1134 780 ι
1163 729 1277 781 Καὶ
1311 727 1577 798 ψάλλεται
1597 729 1679 795 τὸ,
1702 731 1889 792 «Πᾶσα

295 822 488 888 πνοή.»
525 817 1061 886 ΚαὶτδΕῠαγγέλιον
1078 819 1447 886 ἀναγινώσκει
1485 822 1513 873 6
1544 822 1890 890 πρῶτοςτῶν

299 911 498 979 ἱερέων
523 909 685 980 257
719 913 776 965 ἐν
812 911 890 974 τῷ
927 910 1164 981 ἄμϐωνι.
1187 913 1296 966 Καὶ
1329 912 1490 976 εὐθὺς
1522 912 1783 981 ψάλλει-αι
1807 913 1890 979 τὸ,

305 1021 324 1054 ι
346 1001 411 1055 Ἦ
436 1002 732 1072 ἀσώματος
785 1001 949 1070 φύσις
985 1020 1004 1054 ι
1040 1003 1178 1074 ὅπερ
1205 1003 1266 1055 ὲκ
1287 1003 1487 1077 στίχων
1511 1006 1891 1076 συγκείμενον,

298 1095 396 1147 καὶ
432 1093 531 1160 τὴν
560 1091 769 1164 Τριάδα
808 1093 1074 1163 θεολογεί,
1105 1097 1202 1150 καὶ
1235 1096 1366 1158 τοὺς
1395 1098 1588 1167 χοροὺ;
1622 1099 1701 1161 εἰς
1735 1116 1893 1166 μεσι-

297 1191 454 1240 τείαν
499 1188 749 1250 ἅπαντας
785 1186 1147 1255 συγκαλεῖται
1191 1187 1299 1241 τῶν
1331 1189 1505 1255 ἁγίων
1534 1207 1548 1223 ο
1603 1192 1695 1247 καὶ
1731 1208 1895 1248 συνα-

259 1355 262 1359 _
301 1282 454 1344 πτῶς
484 1281 580 1334 καὶ
602 1281 866 1350 έκφὼνως
891 1282 920 1336 6
941 1281 1152 1352 ψάλτης
1176 1281 1259 1344 τὸ,
1293 1300 1312 1334 ι
1348 1281 1545 1350 Κύριε,
1583 1282 1828 1352 ἐλέησον,
1870 1301 1889 1334 ι

302 1376 546 1442 ἐκφωνεῖ
573 1374 694 1442 τρίς
712 1391 726 1404 ·
768 1373 862 1428 καὶ
895 1374 1099 1437 πάντες
1119 1373 1387 1443 ψάλλουσι
1417 1375 1578 1429 τοῦτο
1604 1379 1898 1439 συναπτώς

303 1471 529 1521 ἑκατόν.
578 1467 639 1521 ’0
673 1467 730 1521 δὲ
757 1468 940 1538 ἱερεὺς
978 1467 1128 1534 λέγει
1162 1469 1442 1538 μυστικῶς
1473 1467 1573 1540 τὴν
1596 1469 1694 1540 τῆς
1721 1487 1896 1536 κεφα-

304 1563 586 1626 λοκ).ισίας
619 1562 812 1632 εὐχὴν,
849 1581 867 1614 ι
918 1561 1096 1633 Κύριε
1128 1565 1154 1615 6
1182 1562 1316 1626 Θεὸς
1353 1563 1537 1633 ἡμῶν,
1577 1565 1760 1618 κλῖνον
1799 1565 1898 1628 τὰς

308 1655 541 1726 καρδίας
599 1655 783 1726 ἡμῶν.
841 1674 861 1709 ι
922 1655 1020 1720 Et;
1076 1657 1137 1710 τὸ
1189 1655 1343 1720 τέλος
1388 1658 1444 1711 δὲ
1488 1657 1604 1722 τοῦ,
1641 1677 1658 1708 ι
1702 1658 1896 1728 Κύριε,

307 1746 554 1815 ἐλέησον,
612 1764 633 1797 ι
675 1747 703 1798 ὀ
739 1746 1012 1812 διάκονος,
1070 1766 1088 1799 ι
1133 1748 1257 1801 Ἔτι
1318 1748 1553 1817 δεόμεθα
1605 1750 1747 1818 ὑπὲρ
1801 1749 1896 1802 τοῦ

309 1837 652 1893 εἰσακοῦσαι.
680 1856 698 1890 ι
727 1839 835 1894 Καὶ
866 1839 1030 1892 πάλιν
1046 1841 1171 1910 τρὶς
1204 1840 1286 1908 τὸ,
1319 1859 1336 1893 ι
1378 1841 1571 1909 Κύριε,
1595 1841 1840 1912 ἐλέησον.
1876 1861 1894 1894 ι

312 1932 419 1984 Καὶ
438 1934 467 1984 6
492 1930 672 2002 ἱερεὺς
687 1933 770 1996 τὸ,
799 1951 818 1984 ι
861 1934 1202 1988 Ἐπάκουσον
1230 1935 1409 2005 ἡμῶν.
1441 1955 1459 1987 ι
1496 1936 1658 2006 Ὁρᾷς
1684 1935 1743 1988 τὸ
1771 1935 1902 1990 θαυ-

315 2023 525 2092 μαστὸν
572 2027 675 2094 τῆς
725 2025 956 2094 τάξεως,
1017 2028 1100 2081 ὅτι
1159 2027 1247 2081 διὰ
1287 2031 1512 2099 μεσίτου
1561 2028 1656 2081 τοῦ
1707 2030 1901 2099 ἱερέως

315 2115 597 2186 μυστικῶς
622 2116 772 2170 ἔνδον
805 2119 1124 2188 εὐχομένου,
1153 2123 1220 2172 τὰ
1240 2119 1348 2173 τῶν
1375 2119 1614 2190 δεήσεων
1644 2121 1738 2174 τοῦ
1768 2120 1902 2174 λαοῦ

313 2209 452 2278 πρὶς
491 2209 625 2262 Θεὸν
661 2212 1074 2280 ἀναφέρονταις
1111 2211 1247 2266 Εἶτα
1275 2212 1358 2276 τὸ,
1414 2232 1432 2266 ι
1475 2213 1572 2284 Εἴη
1623 2214 1682 2267 τὸ
1730 2213 1904 2284 ὄνομα.

312 2301 524 2372 Κυρίου
565 2288 956 2372 εὐλογημένον,
1012 2305 1064 2376 r:
1093 2308 1218 2359 ἐπεὶ
1255 2307 1353 2359 καὶ
1393 2306 1532 2376 πρὸς
1565 2307 1666 2376 τὴν
1714 2325 1906 2377 σωμα-

308 2395 468 2466 τικὴν
493 2396 684 2467 χρείαν
717 2398 1012 2468 ἐρχόμεθα,
1052 2399 1114 2452 τὺ
1146 2402 1444 2471 τραφῆναι.
1497 2403 1604 2456 Καὶ
1640 2403 1799 2456 τοῦτο
1849 2404 1905 2456 δὲ

308 2487 373 2538 οὔ
395 2489 567 2556 χωρὶς
596 2488 877 2556 άγιασμοῦ
901 2506 915 2522 ·
943 2491 1206 2562 ἀπαρχὴν
1230 2494 1338 2564 γὰρ
1364 2493 1723 2564 λαμϐάνομεν
1749 2497 1906 2566 ἡγια-

313 2579 525 2650 σμένην
548 2583 760 2652 τροφήν
780 2599 794 2612 ο
832 2582 950 2651 τοῦ,
982 2602 999 2635 ι
1035 2584 1333 2665 Εὐλογήσω
1365 2589 1476 2658 γὰρ
1499 2587 1592 2641 τὸν
1617 2587 1846 2658 Κύριον,
1880 2607 1902 2640 ι

313 2673 640 2743 λεγομένου,
688 2678 722 2743 ἠ
756 2673 998 2742 διάδοσις
1038 2678 1135 2733 τοῦ
1171 2680 1474 2753 ἀντιδὼρου
1516 2681 1753 2750 γίνεται,
1811 2683 1906 2736 καὶ

314 2765 600 2832 ἀπόλυσις.
631 2768 782 2841 Αὕτη
813 2773 908 2825 καὶ
940 2774 1035 2826 τοῦ
1061 2773 1308 2846 ᾄσματος
1333 2777 1366 2846 ἡ
1396 2776 1710 2843 ἀκολουθία,
1735 2777 1906 2846 ἀναγ-

316 2857 590 2929 καιοτάτη
641 2876 702 2912 τε
743 2857 879 2914 οὖσα
908 2866 1002 2914 καὶ
1030 2866 1390 2937 ἀρχαιοτάτη,
1418 2867 1512 2920 καὶ
1545 2866 1684 2936 μετὰ
1716 2867 1907 2938 ἱερέως

317 2948 711 3022 ἐνεργουμένη,
757 2953 816 3017 δς
873 2956 1103 3026 μεσίτης
1146 2959 1479 3013 καθίσταται
1528 2961 1596 3014 τά
1632 2962 1769 3031 πρὶς
1814 2965 1906 3017 τὸν

318 3043 452 3094 Θεὸν
484 3045 562 3104 εἰς
594 3046 769 3099 τύπον
809 3049 1009 3118 Ἰησοῦ,
1043 3052 1118 3115 ὡς
1153 3053 1415 3114 ποὶλάκις
1445 3054 1775 3126 εἰρήκαμεν,
1813 3058 1908 3110 καὶ

1997 542 2186 598 dotum
2235 542 2290 599 in
2333 545 2608 605 ambone:
2652 548 2952 617 statimque
2981 546 3237 617 psnllitur
3279 548 3515 617 hymnus
3563 559 3578 600 :

2001 637 2402 708 «Incorporalis
2426 647 2676 704 natura,»
2715 639 2807 709 qui
2830 639 3085 695 versibus
3107 647 3368 694 constans
3400 636 3585 692 Trini-

1997 736 2162 784 tatem
2197 729 2462 797 celebrat,
2494 745 2798 802 omnesque
2827 741 3144 786 sanctorum
3169 734 3368 787 choros
3393 731 3462 786 ad
3496 731 3584 785 in-

1999 821 2388 876 tercedendum
2423 823 2642 888 invitat,
2679 823 2956 894 simulque
2991 824 3100 879 alta
3123 839 3257 880 voce
3284 832 3474 879 cantor
3503 831 3586 878 ter

1998 913 2200 969 clamat
2232 933 2246 969 :
2285 915 2479 986 «Kyrie
2511 915 2774 984 eleison,»
2816 917 2959 989 quod
2989 933 3183 972 omnes
3210 917 3374 972 simul
3421 916 3587 971 toties

2000 1016 2279 1078 repetunt.
2318 1009 2591 1066 Sacerdos
2620 1019 2799 1067 autem
2848 1019 3063 1069 secreto
3101 1011 3236 1066 dicit
3281 1010 3588 1066 orationem

2002 1101 2377 1159 inelinationis
2397 1103 2592 1173 capitis
2626 1123 2640 1159 :
2683 1104 2944 1160 «Domine
2969 1105 3114 1160 Deus
3144 1111 3351 1167 noster,
3390 1102 3593 1156 inclina

2001 1194 2168 1249 corda
2197 1204 2440 1252 nostra.»
2469 1195 2651 1252 Finito
2677 1205 2859 1252 autem
2890 1196 3082 1270 «Kyrie
3103 1197 3364 1264 eleison,»
3401 1195 3592 1249 diaco-

2000 1303 2106 1344 nus
2144 1290 2276 1344 dicit
2309 1306 2324 1342 :
2374 1309 2392 1342 ι
2434 1290 2729 1346 Prccamnr
2776 1292 2956 1346 adhuc
3008 1300 3067 1345 ut
3100 1306 3198 1345 nos
3231 1290 3506 1353 exaudiat,
3543 1297 3596 1342 et

2004 1391 2090 1436 ter
2115 1383 2312 1437 iterum
2335 1391 2354 1435 ‘:
2388 1383 2584 1455 «Hyrie
2603 1385 2809 1440 eleison
2843 1401 2890 1453 ;›
2925 1393 2979 1439 et
3017 1385 3310 1439 sacerdos:
3338 1382 3579 1440 «Exaudi

2000 1492 2124 1532 nos.
2141 1497 2158 1530 ι
2179 1476 2364 1532 Viden‘
2385 1492 2548 1546 quam
2577 1476 2843 1531 mirabilis
2867 1477 2937 1532 sit
2958 1477 3046 1532 hic
3063 1475 3480 1544 ordo,quoniam
3503 1489 3598 1543 per

2002 1571 2394 1626 mediationem
2453 1571 2760 1626 sacerdotis
2805 1569 2955 1626 intus
2989 1580 3200 1624 secreto
3246 1567 3594 1638 deprecantis

2003 1667 2283 1721 orationes
2311 1665 2496 1737 populi
2524 1666 2634 1720 Deo
2667 1662 3010 1720 offeruntur?
3043 1662 3250 1718 Deinde
3284 1680 3298 1718 :
3339 1661 3457 1716 «Sit
3490 1677 3590 1715 no-

2007 1778 2128 1816 men
2153 1760 2369 1814 Domini
2401 1759 2811 1825 benedictum,»
2848 1758 3106 1828 quoniam
3130 1759 3194 1811 ad
3220 1759 3469 1827 corporis
3501 1771 3597 1810 ne-

2011 1855 2354 1920 cessitatem,
2389 1854 2600 1908 scilicet
2633 1852 2699 1906 ad
2733 1852 3176 1906 manducandum
3205 1850 3594 1919 procedimus;

2015 1951 2339 2010 boe,autem
2374 1961 2716 2016 nequaquam
2749 1947 2868 2000 sine
2899 1944 3333 2000 sanctiﬁcatione
3355 1982 3371 2006 ,
3410 1940 3596 1994 cibum

2011 2042 2158 2096 enim
2181 2040 2453 2096 sumimus
2477 2038 2622 2106 prius
2650 2036 3085 2101 sanctificatum;
3115 2050 3238 2089 nam
3267 2035 3410 2088 dicto
3431 2052 3445 2086 :
3466 2034 3597 2087 «Bc-

2012 2135 2264 2192 nedicam
2281 2133 2589 2198 Dominum,
2609 2151 2626 2184 ι
2659 2130 2714 2185 lit
2733 2129 2956 2185 traditio
2977 2129 3134 2200 panis
3154 2127 3597 2200 praesaMtiﬁcati

2019 2237 2075 2283 et
2103 2226 2380 2282 dimissio.
2406 2223 2506 2279 Hic
2544 2234 2630 2279 est
2651 2222 2967 2294 cantionum
2997 2221 3132 2276 ordo
3161 2219 3318 2275 valde
3351 2232 3601 2275 necessa-

2015 2323 2131 2376 rius
2168 2327 2222 2375 et
2259 2317 2698 2388 antiquissimus,
2753 2322 2807 2368 et
2846 2317 2982 2381 jcum
3019 2313 3301 2369 sacerdote
3346 2313 3603 2381 impletus

2016 2416 2108 2486 qui
2144 2411 2415 2469 mediator
2442 2408 2799 2466 constituitur
2831 2408 2883 2462 in
2919 2409 3139 2476 bisqum
3165 2408 3252 2461 Dei
3287 2415 3437 2469 sunt,
3468 2404 3600 2460 Jcsu

2017 2511 2217 2571 instar,
2259 2512 2426 2576 prout
2455 2517 2597 2571 saepe
2631 2501 2893 2564 diximus,
2918 2510 2970 2556 et
2994 2509 3317 2570 potestatem
3357 2498 3520 2551 habet
3548 2498 3600 2549 in

2017 2599 2196 2656 medio
2229 2597 2410 2652 standi
2445 2596 2615 2664 gratia
2660 2593 2753 2646 Dei
2802 2609 2867 2648 ex
2910 2608 3169 2646 manuum
3227 2589 3600 2659 impositione.

2019 2695 2126 2750 Sed
2151 2702 2204 2748 ct
2237 2700 2518 2761 septenum
2547 2689 2917 2744 laudationem
2951 2687 3125 2742 salvat
3157 2687 3291 2739 ordo
3328 2688 3449 2756 iste,
3476 2700 3602 2738 nam

2017 2805 2139 2860 qua:
2195 2787 2331 2840 ﬁunt
2379 2785 2432 2837 in
2474 2782 2734 2838 narthecc
2787 2781 3042 2836 nocturni
3097 2779 3256 2832 ollicii
3299 2786 3607 2848 sequuntur

2017 2883 2303 2946 ordinem;
2333 2893 2522 2933 verum
2558 2893 2678 2946 qute
2708 2876 2880 2938 intus,
2932 2874 2997 2926 ad
3049 2874 3298 2927 ordinem
3351 2873 3602 2924 matutini

2018 2983 2266 3044 spectant
2297 2970 2494 3036 cilicii;
2526 2969 2800 3022 canticum
2822 2981 2951 3020 vero
2981 2967 3123 3020 inter
3153 2964 3370 3017 tertiam
3398 2975 3444 3015 et
3476 2979 3604 3016 sex-

2021 3077 2128 3122 tam
2171 3067 2360 3120 boram
2425 3063 2520 3116 bas
2555 3059 2694 3114 duas
2728 3059 2890 3112 horas
2934 3057 3195 3126 adimplet
3236 3072 3251 3122 ;
3290 3056 3606 3124 lampadtnn

317 3134 414 3234 την
451 3137 609 3206 ἰσχὺν
643 3140 759 3210 ἔχει
789 3143 1104 3210 μεσιτεύειν
1149 3149 1215 3216 τῇ
1264 3147 1455 3217 χάριτι
1488 3149 1580 3202 τοῦ
1614 3149 1749 3203 Θεοῦ
1795 3151 1905 3205 ἀπὸ

2015 3175 2203 3234 preces
2229 3157 2308 3211 'ad
2343 3169 2541 3211 nonam
2583 3152 2898 3207 referuntur
2920 3189 2935 3213 ,
2977 3151 3156 3205 cantio
3191 3149 3502 3211 vespertina
3537 3152 3604 3201 ad

318 3228 418 3297 τῆς
479 3233 844 3301 χειροτονίας.
902 3235 1066 3289 Ἀ).λὰ
1116 3237 1211 3292 καὶ
1269 3238 1372 3310 τὴν
1426 3240 1659 3305 ἑπτάκις
1697 3244 1906 3296 αἴγεσιν

318 3323 596 3389 ἀποσώζει
623 3325 766 3397 αὕτη
803 3329 836 3399 ή
860 3329 1012 3394 τάξις
1034 3347 1047 3361 ο
1079 3332 1175 3384 καὶ
1204 3333 1276 3386 τά
1313 3333 1415 3403 μὲν
1477 3334 1534 3388 έν
1565 3334 1643 3404 τῷ
1671 3335 1908 3406 νάρθηκι

324 3415 480 3478 τάξιν
562 3418 822 3488 ἐπέχουσι
882 3425 1316 3489 μεσονυκτικοῦ·
1376 3426 1446 3479 τὰ
1492 3428 1648 3488 ἐντὸς
1706 3427 1762 3480 δὲ
1812 3428 1908 3481 τοῦ

320 3503 520 3573 ὄρθρου
575 3513 725 3562 ἐστὶν
757 3514 790 3580 ἡ
843 3513 1018 3577 τάξις.
1085 3513 1148 3569 'H
1211 3522 1503 3587 τριτοέκτη
1554 3517 1634 3579 δὲ,
1683 3520 1816 3572 αὐτὸ
1845 3521 1911 3590 δὴ

322 3599 480 3651 τοῦτο
509 3600 607 3671 τὴν
638 3603 832 3674 τρίτην
867 3607 1066 3676 πληροῖ
1094 3609 1189 3661 καὶ
1214 3609 1312 3680 τὴν
1342 3609 1514 3679 ἕκτην
1554 3610 1704 3680 ὥραν
1738 3609 1873 3680 ὁμοῦ
1893 3626 1908 3643 ’

321 3693 392 3745 τὰ
422 3693 515 3746 τοῦ
569 3695 824 3766 λυχνικοῦ
873 3699 930 3757 δὲ
992 3701 1062 3754 τά
1115 3701 1217 3770 τῆς
1250 3703 1483 3774 ὲννάτης
1514 3706 1716 3757 τυποῖ·
1749 3705 1819 3758 τὰ
1853 3705 1909 3759 δὲ

324 3786 418 3840 τοῦ
451 3788 762 3859 ᾁσματικοῦ
795 3792 1090 3864 ἐσπερινοῦ
1127 3795 1290 3850 αὑτὸν
1319 3797 1410 3849 τὸν
1440 3797 1732 3865 ἑσπερινόν
1760 3814 1775 3829 ⁸
1813 3799 1911 3852 καὶ

323 3879 392 3932 τὰ
435 3880 533 3951 τῆς
580 3885 906 3956 παννυχίδος
951 3888 1009 3941 δὲ
1061 3889 1132 3943 τὰ
1168 3891 1279 3944 τῶν
1330 3891 1700 3949 ἀποδείπνων.
1749 3893 1912 3950 Ἀλλά

327 3973 422 4026 νῦν
467 3975 556 4029 διὰ
609 3979 888 4048 ρᾳθυμίαν
933 3979 1158 4052 ἀφείθη,
1190 3983 1256 4052 ἢν
1286 3981 1396 4036 ἔδει
1446 3983 1742 4056 τηρεῖσθαι
1794 3988 1914 4051 ταῖς

327 4069 642 4136 καθολικαῖς
669 4075 774 4126 κάν
809 4075 1219 4148 ὲκκλησίαις,ἢ
1265 4078 1501 4132 πάντοτε
1537 4078 1570 4148 ἢ
1618 4079 1761 4133 κατά
1792 4099 1912 4134 και-

331 4160 442 4228 ρὸν,
478 4162 558 4226 είς
601 4165 664 4218 τὸ
698 4166 882 4234 μένειν
911 4167 1012 4238 τὴν
1063 4170 1302 4241 ἀρχαίαν
1349 4171 1657 4236 παράδοσιν
1702 4173 1912 4226 ἀκατά-

2019 3256 2170 3324 ipsas
2226 3263 2521 3319 vesperas,
2563 3245 2747 3316 vigilia
2809 3252 2991 3298 antem
3041 3242 3107 3298 ad
3162 3239 3605 3310 complctorium.

2020 3345 2177 3400 Nunc
2229 3355 2360 3395 vero
2397 3353 2506 3408 prae
2558 3335 2776 3406 ignavia
2809 3333 3085 3390 obsolevit
3134 3332 3220 3387 hic
3262 3331 3398 3386 ordo
3445 3346 3607 3402 quem

2015 3434 2301 3506 Oportebat
2353 3441 2684 3485 conservare
2744 3427 2798 3481 in
2854 3423 3127 3479 universis
3193 3422 3476 3486 ecclesiis,
3531 3421 3610 3473 vel

2015 3541 2255 3593 semper,
2285 3523 2368 3576 vel
2412 3520 2718 3576 secundum
2758 3527 2996 3586 tempus,
3040 3525 3097 3570 ut
3145 3516 3351 3584 jngitcr
3390 3524 3611 3568 maneat

2022 3621 2245 3689 antiqua
2302 3615 2548 3678 traditio,
2615 3613 2708 3666 sed
2765 3612 2819 3664 in
2884 3609 3236 3664 monasteriis
3292 3608 3613 3676 rat-terisque

2019 3714 2238 3782 templis
2283 3710 2398 3765 ﬁeri
2446 3707 2735 3777 oportebat
2795 3704 3045 3758 ordinem
3099 3700 3462 3755 monasticam
3513 3714 3610 3753 seu

2019 3805 2322 3864 solitarium
2345 3811 2530 3871 utpote
2554 3798 2624 3854 ab
2647 3813 2756 3852 uno
2786 3797 2905 3852 solo
2925 3797 3294 3857 decantalum,
3321 3810 3482 3864 quem
3513 3807 3612 3846 nos

2017 3898 2174 3953 vobis
2209 3894 2606 3965 explicavimus
2633 3907 2756 3945 cum
2789 3889 2969 3944 adhuc
3000 3890 3175 3961 gratia
3202 3887 3296 3942 Dci
3337 3885 3611 3964 inzplcnti;

2027 3991 2128 4047 bus
2163 4000 2327 4058 atque
2361 3985 2828 4050 custodientibus,
2865 3993 2918 4038 et
2950 3983 3190 4038 breviter
3221 3997 3343 4052 qua:
3380 3979 3449 4034 ad
3479 3993 3605 4034 eum

2024 4093 2274 4154 spectant
2320 4079 2777 4151 perlustravimns
2827 4077 2880 4132 in
2913 4075 3144 4148 gloriam
3181 4073 3396 4129 Domini
3433 4071 3605 4127 nostri

2021 4176 2151 4233 Jesu
2185 4174 2413 4231 Christi.

326 4258 522 4312 λυτονο
559 4263 617 4312 ὲν
647 4266 767 4325 ταῖς
803 4268 995 4333 μοναῖς
1030 4267 1087 4319 δὲ
1126 4267 1375 4336 γίνεσθαι
1417 4268 1514 4322 καὶ⁹
1544 4271 1690 4343 τοῖς,
1732 4271 1947 4337 λοιποῖς
2021 4277 2172 4337 ναοῖς
2217 4275 2318 4336 τὴν
2385 4269 2690 4341 μονσγικὴν
2749 4267 3074 4322 ἀκολουθίαν
3111 4266 3188 4329 ὡς
3238 4266 3332 4316 καὶ
3377 4264 3446 4317 δι’
3495 4260 3615 4324 ένδς

326 4351 696 4423 ψαλλομένην.
742 4357 884 4410 Ἀλλ’
929 4361 1079 4429 ὅμως
1113 4363 1278 4430 ἡμεῖς
1330 4365 1424 4416 καὶ
1453 4365 1522 4416 τὰ
1580 4367 1711 4434 περὶ
1747 4365 1915 4430 αὐτῆς
1953 4367 2296 4437 ἐξεθήκαμεν
2327 4369 2461 4438 πρὸς
2495 4367 2640 4434 ὑμᾶς
2695 4367 2820 4426 τοὺς
2859 4361 3030 4432 αὐτὴν
3102 4361 3186 4415 ἔτι
3236 4361 3425 4430 χάριτι
3474 4355 3612 4409 Θεοῦ

327 4445 692 4516 ἐνεργοῦντάς
735 4467 796 4503 τε
822 4454 921 4507 καὶ
951 4453 1302 4522 τηροῦντας·
1362 4459 1459 4512 καὶ
1502 4458 1561 4510 ὲν
1589 4458 1812 4528 συνόψει
1884 4459 1951 4518 τά
1993 4462 2125 4532 περὶ
2174 4460 2382 4532 ταύτης
2455 4459 2854 4528 ὲθεωρήσαμεν
2907 4456 2986 4518 εἰς
3037 4453 3198 4519 δόξαν
3248 4453 3344 4506 τοῦ
3407 4451 3612 4522 Κυρίου

329 4548 489 4616 ἡμῶν
525 4546 701 4617 Ἰησοῦ
733 4551 973 4618 Χριστοῦ
985 4591 998 4604 .

891 4667 1147 4722 ΚΕΦΑΛ.
1185 4631 1358 4730 TNZ'.

332 4759 471 4828 "api
509 4762 616 4818 τοῦ
647 4762 1105 4886 ἀνυψουμένουί
1135 4765 1298 4832 ἱεροῦ
1343 4764 1530 4833 ἄρτου
1582 4765 1692 4836 τῆς
1728 4771 1923 4821 Πανα-

1045 4853 1084 4886 ’Υ
1107 4853 1203 4886 αι’.

1045 4853 1203 4904 quae.

263 4988 273 4995 κ
415 4926 571 4980 Ἐπεὶ
612 4925 668 4979 δὲ
697 4918 800 4980 ὧδε
825 4925 902 4995 τῷ
929 4927 1075 4998 λόγῳ
1103 4927 1340 4997 ἥκομεν.
1375 4929 1470 4980 καὶ
1500 4929 1630 4997 περὶ
1661 4928 1755 4981 τοῦ
1789 4932 1921 4981 ἀνυ-

331 5015 608 5088 ψουμένου
659 5017 812 5088 ἱεροῦ
868 5018 1036 5089 ἄρτου
1071 5019 1174 5089 τῆς
1230 5020 1516 5086 Παναγίας
1570 5023 1745 5090 μικρά
1797 5039 1922 5074 τινα

335 5112 754 5182 ὐπομνήσομεν,
783 5112 878 5164 καὶ
903 5112 1216 5166 τελευταῖον
1245 5114 1339 5165 ἐπὶ
1374 5115 1509 5166 πᾶσι
1552 5115 1620 5166 τὰ
1651 5116 1781 5184 περὶ
1825 5114 1922 5167 τοῦ

332 5205 524 5268 τέλους
553 5205 715 5274 ἡμῶν
742 5205 1057 5276 ἐπιθήσομεν
1085 5205 1161 5269 ὡς
1193 5207 1262 5260 ἂν
1291 5207 1388 5262 καὶ
1420 5210 1480 5261 ἐν
1513 5209 1629 5269 τοῖς
1659 5210 1791 5280 περὶ
1828 5211 1922 5262 τοῦ

335 5297 525 5359 τέλους
554 5297 715 5366 ἡμῶν
745 5300 838 5351 τὸν
867 5298 1030 5368 λόγον
1053 5300 1392 5368 τελέσωμεν.
1448 5301 1508 5356 '0
1542 5304 1610 5374 τῇ
1633 5303 1925 5370 ἐπικλήσει

334 5388 516 5441 τοίνυν
543 5389 645 5458 τῆς
671 5391 952 5459 Παναγίας
1015 5409 1118 5461 μου
1161 5392 1538 5461 ἀνυψούμενος
1582 5395 1744 5462 ἄρτος
1770 5394 1924 5448 τέταν-

339 5494 464 5532 κται
512 5482 614 5548 μὲν
657 5479 958 5550 ἐξαιρέτως
986 5481 1258 5551 ὑψοῦσθαι
1287 5485 1346 5535 ἐν
1376 5483 1456 5552 τῷ
1491 5483 1634 5536 τέλει
1668 5486 1766 5550 τῆς
1793 5501 1927 5554 τρα-

337 5573 511 5640 πέζης
561 5574 674 5627 τῶν
708 5575 978 5642 ἀδελφῶν,
1030 5576 1112 5637 είς
1163 5576 1440 5646 ἁγιασμὸν
1474 5577 1678 5640 αὐτῶν,
1736 5577 1832 5630 καὶ
1858 5571 1927 5648 ἦς

345 5665 643 5732 μετέλαόον
670 5669 882 5737 τροφῆς
910 5669 989 5732 εἰς
1013 5670 1292 5739 σφραγῖδα
1313 5688 1326 5701 ο
1359 5669 1497 5723 ἀλλὰ
1531 5670 1626 5723 καὶ
1654 5671 1734 5732 είς
1766 5670 1926 5736 δόξαν

341 5756 640 5828 ἐξαιρέτως
666 5762 765 5830 τῆς
793 5761 1162 5834 Θεομήτορος,
1192 5765 1227 5835 ἦ
1257 5765 1350 5818 καὶ
1386 5765 1478 5815 τδν
1513 5765 1770 5835 οὐράνιον
1792 5766 1925 5835 ἡμῖν

338 5848 612 5906 ἀπέτεκεν
642 5854 826 5924 ἄρτον,
862 5855 951 5909 τὸν
989 5855 1167 5921 ζῶντα
1228 5857 1318 5910 καὶ
1369 5860 1626 5928 μένοντα,
1687 5859 1781 5911 καὶ
1828 5859 1927 5922 τὰς

1953 4658 2000 4713 D

2529 4669 2763 4730 CAPUT
2823 4666 3116 4729 CCCLVII,

2029 4767 2103 4821 De
2146 4783 2280 4836 pane
2321 4780 2472 4818 sacro
2523 4762 2877 4883 sanctissume
2943 4759 3174 4828 Virginis
3204 4759 3294 4827 qui
3339 4760 3392 4811 iu
3445 4763 3616 4811 altum

2671 4843 2780 4883 atto
2831 4841 2957 4883 itur.

2671 4841 2957 4884 attollitur.

2104 4932 2269 4984 l’orro
2288 4945 2411 4983 cum
2436 4929 2500 4980 ad
2531 4929 2644 4980 haec
2671 4924 2989 4978 disserendo
3015 4921 3348 4982 venerimus,
3373 4921 3438 4974 dc
3457 4936 3617 4974 sacro

2025 5024 2188 5078 etiam
2211 5020 2574 5076 sanctissume
2604 5017 2843 5086 Virginis
2873 5031 3011 5085 pane
3037 5015 3130 5084 qui
3165 5014 3216 5067 in
3247 5014 3416 5066 altum
3452 5013 3618 5065 attul-

2029 5115 2162 5170 litur
2194 5128 2362 5182 pauca
2419 5109 2874 5169 inanioraliimus,
2924 5113 2980 5159 et
3031 5104 3248 5160 tandem
3283 5105 3469 5157 nrttnia
3499 5119 3620 5172 quze

2027 5207 2084 5261 in
2125 5206 2233 5260 ﬁne
2265 5205 2392 5258 vizaa
2440 5209 2642 5255 nostrae
2675 5207 2916 5266 aguntur
2961 5197 3404 5267 explanabimus,
3453 5199 3526 5250 ita
3561 5207 3620 5250 ut

2027 5301 2122 5370 per
2151 5299 2264 5353 haec
2293 5309 2604 5352 sermonem
2641 5293 3064 5361 adimpleamus.
3096 5291 3261 5360 igitur
3288 5292 3341 5344 in
3372 5305 3439 5347 eo
3468 5293 3614 5362 quod

2027 5393 2221 5447 attinet
2256 5392 2322 5444 ad
2357 5403 2550 5456 panem
2581 5385 2672 5456 qui
2702 5385 3048 5441 invocatione
3082 5383 3456 5442 Sanctissimze
3486 5400 3622 5438 mea:

2025 5486 2324 5546 exaltatur,
2352 5488 2685 5550 pratceptum
2722 5489 2806 5534 est
2843 5489 2902 5532 nt
2935 5479 3210 5548 prmeipue
3243 5478 3295 5531 in
3335 5479 3504 5531 altum
3533 5484 3617 5528 at-

2031 5580 2251 5633 tollatur
2289 5578 2340 5630 in
2375 5576 2480 5628 line
2507 5590 2708 5629 mensae
2739 5573 2972 5628 fratrum
3018 5573 3072 5626 in
3126 5571 3618 5628 sanctiﬁcationem

2031 5658 2244 5731 eorum,
2282 5685 2497 5726 necnon
2549 5669 2616 5722 ad
2699 5668 3099 5737 obsignandam
3157 5680 3317 5734 quam
3363 5681 3622 5732 sumpse-

2033 5775 2158 5818 runt
2189 5780 2398 5825 escam,
2435 5763 2528 5817 ειιιι
2569 5770 2623 5816 ct
2663 5760 2964 5829 praesertim
3002 5759 3067 5811 ad
3103 5757 3336 5824 gloriam
3381 5756 3472 5809 Dei
3510 5755 3623 5808 Ge-

2035 5858 2271 5919 tntricis,
2303 5873 2422 5927 qua:
2465 5857 2744 5910 (’G‘lcsltflll
2779 5854 2937 5908 nobis
2975 5852 3182 5922 pcpcril
3214 5865 3408 5920 panem
3439 5851 3619 5906 vivum
