4046 6430
388 306 496 367 665
823 312 872 354 δ

1560 310 1655 370 DE
1699 312 1938 375 SACRA
1983 315 2494 382 PRECATIONE-

3503 323 3666 391 .666

392 419 631 472 τελεῖται
658 417 754 471 καὶ
804 418 838 487 ἡ
886 418 1020 487 εύχή
1046 434 1059 449 ο
1117 419 1211 473 καὶ
1247 417 1383 473 θεῖοι
1413 419 1468 474 δὲ
1498 421 1751 490 λέγονται
1803 427 1976 494 λόγοι,

2083 447 2206 500 nes,
2242 443 2303 489 ut
2327 449 2432 489 non
2463 433 2606 490 sicut
2652 433 2911 494 animalia
2961 451 3082 508 quae
3117 439 3379 494 rationem
3411 451 3524 493 non
3571 440 3668 492 ha-

392 511 480 563 ἵνα
508 509 584 580 μὴ
616 509 690 573 ὡς
717 509 890 578 ἄλογα
921 509 1060 580 πρὸς
1101 509 1201 581 τὴν
1235 512 1484 583 γαστέρα
1525 513 1687 581 μόνον
1716 515 1936 587 ὁρῶμεν
1956 533 1970 548 ο

390 595 507 651 ἀλλ’
538 595 613 658 ὡς
646 595 858 664 λογικοὶ
892 597 1030 666 μετὰ
1082 599 1312 669 σαρκὸς,
1344 601 1446 671 τὴν
1494 603 1593 672 μὲν
1627 605 1806 674 σάρκα
1847 625 1977 678 στη-

393 687 636 758 ρίζωμεν
666 689 776 750 τοῖς
801 689 1168 760 ὲσθιομένοις,
1185 692 1285 762 τὴν
1310 693 1492 765 ψυχὴν
1516 695 1575 748 δὲ
1604 687 1719 760 τοῖς
1744 697 1975 769 λεγομέ-

390 797 522 842 νοις.
559 779 715 833 Μετά
746 780 803 834 δὲ
834 781 932 852 τὴν
967 783 1177 853 τροφὴν
1211 785 1587 855 ἀνιστάμενοι,
1618 789 1784 858 εὐχῆς
1824 805 1975 857 γινο-

393 873 582 941 μένης,
609 871 999 942 δοξολογοῦμεν
1036 876 1297 941 ἅπαντες,
1329 878 1468 947 μετὰ
1497 881 1591 932 τοῦ
1624 881 1790 936 Δαϐὶδ
1817 883 1974 938 εὐλο-

389 967 616 1032 γοῐντες
654 967 746 1018 τὸν
796 965 1050 1022 ἐλεοῦντα
1095 973 1192 1024 καὶ
1221 972 1496 1041 τρέφοντα
1549 975 1698 1045 ἡμᾶς
1756 978 1821 1029 ὲκ
1855 977 1974 1030 νεό-

390 1075 584 1131 τητος·
631 1058 727 1112 καλ⁵
760 1061 842 1124 τὸ,
882 1079 900 1112 ι
937 1061 1077 1126 Δόξα
1114 1081 1217 1129 σοι,
1249 1063 1397 1131 ἅγιε,
1454 1065 1581 1128 δόξα
1619 1085 1728 1131 σοι,
1773 1067 1973 1138 Κύριε,

388 1149 471 1201 ὅτι
505 1147 716 1214 ἔδωκας
747 1152 878 1220 ἡμῖν
914 1152 1180 1224 βρώματα
1208 1156 1288 1218 εἰς
1314 1156 1682 1229 εὐφροσύνην,
1729 1180 1746 1211 »
1778 1163 1874 1214 καὶ
1906 1162 1975 1217 τὰ

353 1225 553 1295 ’λιιπὰ
601 1241 857 1312 λέγομεν,
901 1243 1002 1296 ὅσα
1051 1248 1147 1298 καὶ
1195 1247 1223 1298 6
1271 1248 1389 1328 τὴν.
1427 1225 1681 1316 γλῶτταν
1737 1253 1973 1322 χρυσοῦς

347 1406 353 1416 ε
390 1334 521 1403 περὶ
555 1333 746 1387 τούτου
776 1336 1114 1404 παραλαϐὼν
1145 1341 1471 1410 ἑρμηνεύει.

346 1419 356 1475 ἶ
958 1431 1214 1487 ΚΕΦΑΛ.
1256 1434 1438 1491 ΤΝΘ¹.

389 1519 529 1586 Περὶ
585 1517 696 1587 τῆς
739 1519 1033 1587 ὐψώσεως
1078 1522 1187 1578 τοῦ
1229 1523 1416 1593 ἄρτου
1467 1527 1581 1597 τῆς
1642 1532 1973 1602 Παναγίας.

458 1604 560 1663 Ὧν
621 1611 986 1667 τελεσθέντων
1041 1615 1183 1684 μετὰ
1229 1616 1565 1689 δοξολογίας,
1622 1624 1650 1676 6
1703 1624 1977 1694 ἀναγνοὺς

2080 525 2210 582 bent
2239 525 2307 580 ad
2335 534 2582 582 ventrem
2623 519 2836 584 tantum
2886 538 3219 600 spectemus,
3245 532 3340 587 sed
3367 540 3427 587 ut
3451 533 3667 588 ratione

2079 626 2402 674 constantes
2429 628 2484 674 et
2515 635 2770 692 corpore,
2799 637 3022 678 carnem
3059 623 3280 694 quidem
3317 624 3462 680 escis
3490 628 3663 680 susn-

2077 725 2328 773 ncamus.
2365 713 2528 768 dictis
2557 724 2732 770 autem
2773 715 3035 772 animam.
3074 717 3250 773 Porro
3281 726 3409 788 post
3449 733 3664 773 coenam

2081 811 2313 869 Stantes,
2351 804 2605 861 oratione
2654 805 2824 872 facta,
2858 807 3232 878 glorificamus
3288 810 3534 865 universi
3572 810 3664 864 be-

2081 894 2399 951 nedicentes
2427 911 2554 951 cum
2597 897 2765 952 David
2801 914 2923 953 cum
2979 900 3069 968 qui
3115 901 3548 955 miscricordiam
3580 901 3660 954 ci-

2080 986 2320 1056 bumque
2356 989 2517 1043 nobis
2571 1004 2599 1044 a
2651 989 2940 1060 juvenlute
2980 993 3258 1062 praestitit,
3304 1001 3359 1048 et
3387 993 3664 1050 dicimus:
3753 1003 3756 1006 ‘

2091 1079 2314 1134 «Gloria
2354 1081 2472 1148 tibi,
2515 1089 2726 1148 sancte,
2757 1085 2929 1152 gloria
2962 1082 3083 1149 tibi,
3121 1083 3372 1150 Domine,
3409 1087 3666 1154 quoniam

2080 1173 2279 1230 dedisti
2330 1175 2490 1230 nobis
2539 1191 2693 1232 escas
2730 1178 2782 1230 in
2817 1176 3227 1247 jucunditatem
3265 1196 3314 1244 »,
3363 1187 3415 1232 et
3445 1187 3667 1239 caetera,

2079 1283 2204 1337 qua:
2237 1267 2666 1339 Chrysostomus
2695 1271 2764 1326 de
2804 1272 2887 1326 his
2913 1271 3236 1327 disserendo
3279 1275 3668 1345 interpretatus

2080 1368 2184 1414 εει.

2601 1453 2832 1511 CAPUT
2870 1453 3138 1510 CCCLIX.

2122 1547 2193 1602 De
2235 1549 2344 1602 ritu
2384 1563 2572 1620 panem
2606 1549 2964 1604 sanctissima:
3005 1552 3056 1604 in
3088 1552 3256 1604 altum
3292 1549 3626 1604 sustollendi.

2154 1641 2368 1707 Quibus
2400 1656 2526 1697 cum
2591 1643 2880 1712 doxologia
2932 1642 3209 1713 perfectis,
3262 1641 3456 1707 lector,
3513 1653 3666 1712 post-

388 1702 581 1779 καὶτὰ
622 1705 975 1776 πνευματικὰ
1023 1702 1361 1780 διακονήσας
1404 1714 1518 1775 τοῖς
1568 1713 1842 1784 ἀδελφοῖς,
1879 1718 1977 1771 καὶ

2081 1747 2245 1806 quam
2282 1734 2834 1804 spiritaliafratribus
2860 1735 3217 1800 ministravit,
3252 1734 3467 1789 accedit
3532 1735 3666 1789 huic

387 1795 561 1866 τούτῳ
604 1795 683 1867 τῷ
730 1799 1093 1870 πνευματικῷ
1134 1800 1282 1872 ἔργῳ
1333 1802 1653 1876 διακονῆσαι
1711 1806 1973 1879 ἔρχεται·

2081 1792 2301 1897 quoque
2335 1825 2573 1895 spiritali
2618 1827 2768 1896 operi
2817 1826 3256 1891 ministraturus,
3305 1811 3587 1896 petitaque
3617 1837 3670 1879 ιιι

386 1891 481 1943 καὶ
543 1889 897 1961 συγχώρησιν
951 1893 1384 1964 ἐξαιτησάμενος
1440 1900 1535 1952 καὶ
1589 1899 1796 1966 λαϐὼν,
1857 1904 1976 1967 τοῖς

385 1978 649 2050 καθαροῖς
672 1980 783 2050 γὰρ
815 1981 1544 2056 καθαρδνὲξυπηρετεῖσθαι
1577 1989 1679 2057 δεῖ,
1716 1992 1974 2064 καθαίρει

384 2071 441 2124 δὲ
483 2074 517 2142 ἡ
577 2073 952 2147 συγχώρησις,
1003 2077 1228 2135 πάντων
1281 2081 1585 2150 σιγώντων,
1637 2085 1834 2156 ἀνυψοῖ
1883 2089 1974 2141 τὸν

387 2164 574 2235 ἄρτον,
630 2170 721 2220 καὶ
779 2171 1036 2239 ἐκφωνεῐ,
1108 2191 1126 2224 ι
1184 2174 1346 2241 Μέγα
1406 2175 1465 2228 τὸ
1520 2176 1726 2246 ὄνομα·
1797 2198 1816 2233 »
1882 2181 1974 2234 καὶ

388 2259 620 2313 ὲκϐοῶσι
668 2263 888 2328 πάντες,
948 2283 967 2316 «
1031 2265 1142 2337 Τῆς
1193 2267 1355 2337 ἁγίας
1423 2267 1693 2340 Τριάδος·
1768 2292 1786 2326 »
1841 2273 1869 2326 6
1914 2274 1974 2328 τὸ

390 2353 617 2420 φρικτόν
671 2357 818 2409 ἐστιν
851 2357 1024 2427 ὄνομα
1076 2359 1172 2413 τοῦ
1245 2361 1412 2431 μόνου
1476 2364 1586 2418 τῶν
1643 2366 1782 2420 ὅλων
1835 2367 1972 2422 Θεοῦ

386 2446 444 2500 ὲν
480 2446 672 2514 Τριάδι
717 2449 868 2512 ὄντος
894 2465 908 2480 ·
945 2451 1040 2504 καὶ
1086 2455 1326 2524 σταυροῦ
1365 2454 1536 2511 τύπον
1563 2457 1754 2525 ποιῶν,
1783 2460 1975 2528 ἐπιφέ-

387 2553 490 2606 ρει,
531 2556 550 2589 «
592 2539 840 2608 Παναγία
863 2539 1120 2608 Θεοτόκε,
1153 2543 1337 2616 βοήθει
1362 2548 1495 2617 ἡμῖν
1518 2564 1531 2578 ο
1570 2567 1588 2600 »
1617 2550 1712 2604 καὶ
1748 2553 1974 2620 συμφώ-

383 2646 489 2691 νως
539 2629 794 2698 λέγουσιν
851 2635 1133 2702 ἅπαντες,
1205 2655 1224 2689 ι
1285 2641 1468 2710 Αὐτῆς
1529 2643 1888 2713 πρεσϐείαις,
1942 2647 1972 2700 6

384 2722 537 2792 Θεὸς,
572 2723 797 2796 ἐλέησον
827 2728 924 2781 καὶ
963 2731 1138 2783 σῶσον
1168 2732 1338 2802 ἡμᾶς.
1369 2734 1442 2787 Σὺ
1474 2733 1524 2788 εἶ
1549 2738 1577 2790 6
1613 2737 1974 2809 ὁμολογηθεὶς

386 2815 481 2869 καὶ
512 2817 848 2887 ἁνυμνηθεὶς
889 2821 1020 2891 παρ’
1048 2823 1230 2894 ἡμῶν,
1293 2827 1326 2896 η
1367 2826 1495 2893 ἁγία
1519 2828 1712 2900 Τριὰς,
1745 2833 1771 2883 6
1809 2832 1974 2898 μόνος

387 2907 558 2974 ὅντως
611 2911 762 2975 Θεός.
818 2913 894 2967 Οὐ
960 2917 1070 2983 γὰρ
1133 2916 1284 2973 ἔστιν
1343 2920 1504 2986 ἄλλος
1564 2923 1704 2994 πλὴν
1769 2924 1886 2990 σοῦ,
1945 2927 1974 2978 6

388 3001 621 3069 ποιήσας
653 3005 748 3058 καὶ
787 3007 1032 3077 συνέχων
1060 3011 1230 3080 ἡμᾶς.
1271 3029 1288 3062 »
1329 3012 1440 3066 Kal.
1463 3013 1584 3068 τότε
1615 3016 1742 3076 τοὺς
1770 3016 1973 3086 ὕμνους

386 3097 454 3165 τῇ
497 3095 805 3168 Θεομήτορι
845 3099 1194 3172 ἐπιφέρουσι,
1247 3103 1309 3156 ’τὸ
1354 3105 1532 3174 eam
1574 3108 1974 3178 Μακαρίζομέν

391 3203 448 3238 σε
503 3189 677 3242 πᾶσαι
715 3190 768 3242 αἱ
797 3191 1008 3258 γενεαὶ,
1049 3211 1068 3244 »
1103 3193 1192 3247 διὰ
1226 3194 1324 3266 τὴν
1367 3198 1543 3267 αὐτῆς
1595 3202 1968 3272 προφητείανο

389 3277 447 3330 ὲν
479 3277 558 3348 τῷ
597 3281 745 3333 τέλει
807 3282 864 3336 δὲ
916 3284 1110 3338 τούτου
1169 3289 1269 3358 τὴν
1332 3289 1425 3342 τοῦ
1472 3291 1711 3361 ἀγγέλου
1763 3295 1971 3366 φωνὴν,

390 3372 471 3438 τὸ,
515 3393 532 3423 «
585 3374 783 3443 Χαῖρε,
810 3379 1254 3449 κεχαριτωμένη,
1291 3383 1318 3434 ὁ
1349 3381 1555 3452 Κύριος
1599 3386 1738 3454 μετᾶ
1773 3387 1869 3439 σοῦ
1892 3403 1904 3414 ·
1949 3406 1966 3438 »

390 3463 471 3515 ὅτι
522 3465 680 3517 τοῦτο
737 3466 889 3538 ἀργὴ
950 3468 1012 3521 τὸ
1063 3471 1216 3540 ῥῆμα
1278 3471 1379 3540 τῆς
1440 3475 1718 3545 σωτηρίας
1776 3479 1969 3548 ἡμῶν

392 3557 557 3628 259
612 3560 704 3612 καὶ
735 3560 989 3631 εὔχονται
1026 3563 1123 3628 ὡς,
1177 3582 1195 3616 ι
1247 3566 1356 3621 Καὶ
1400 3567 1486 3620 διὰ
1524 3569 1618 3622 σοῦ
1665 3573 1784 3638 μεθ’
1815 3574 1973 3642 ἡμῶν

391 3652 417 3703 6
449 3651 671 3721 Κύριος,
712 3672 730 3703 »
761 3657 828 3724 τῇ
861 3655 1046 3726 χάριτι
1084 3657 1348 3728 δηλονότι.
1388 3655 1518 3713 Εἶτα
1569 3665 1666 3716 καὶ
1708 3666 1974 3735 εὐφήμως

392 3744 487 3795 καὶ
531 3745 846 3816 μελῳδικῶς
895 3750 1331 3819 ἀπερικάλυπτοι
1383 3755 1480 3818 τὰς
1514 3756 1761 3823 κεφαλὰς
1797 3759 1974 3828 μελῳ-

390 3834 542 3889 δοῦσι
573 3837 884 3902 δεικνύντες
912 3841 995 3894 ὅτι
1027 3842 1240 3912 κεφαλὴ
1286 3841 1445 3912 ήμῶν
1476 3843 1644 3916 αὕτη,
1675 3847 1774 3917 τὴν
1804 3865 1975 3915 κεφα·

391 3926 487 3998 λὴν
516 3929 675 3998 ἡμῶν
707 3931 1054 3986 ἀποτεκοῦσα
1082 3934 1342 4006 Χριστὸν,
1369 3937 1464 3989 καὶ
1488 3939 1668 4007 σκέπη
1694 3940 1851 4008 ἡμῶν
1880 3941 1974 3993 ἀπ’

391 4021 620 4089 ούρανοῦ
655 4024 752 4077 καὶ
791 4025 1098 4096 προινοητὴς
1129 4029 1226 4080 καὶ
1258 4028 1504 4098 σωτηρία
1524 4047 1539 4061 ·
1569 4031 1663 4082 καὶ
1689 4033 1770 4097 τι,
1814 4049 1832 4082 ι
1885 4033 1978 4086 Ἀ-

393 4111 502 4178 ξιόν
523 4115 690 4180 ἐστιν,
730 4134 747 4166 »
776 4116 965 4188 ᾄδουσι
990 4135 1004 4148 ·
1029 4120 1123 4172 καὶ
1148 4120 1410 4174 Θεοτόκον
1429 4123 1598 4193 αὐτην
1622 4124 1972 4193 ὁμολογοῦσι·

393 4207 486 4257 καὶ
542 4209 876 4278 τιμιωτέραν
924 4211 1034 4264 τῶν
1080 4213 1367 4283 Χερουϐὶμ
1419 4215 1742 4284 μέλπουσιν,
1771 4216 1846 4280 ὡς
1887 4218 1978 4272 τὸν

397 4297 522 4350 θεὸν
555 4301 728 4369 Λόγον
758 4303 1139 4367 ἐνυποστὰτως
1175 4309 1241 4378 τῇ
1287 4309 1488 4378 γαστρὶ
1532 4309 1861 4380 δεξαμένην,
1883 4311 1980 4364 καὶ

395 4391 734 4465 ἀδιαφθόρως
763 4397 1070 4452 τεκοῦσαν·
1101 4384 1209 4452 και
1247 4400 1450 4470 κυρίως
1504 4403 1599 4454 καὶ
1638 4402 1808 4464 δντως
1845 4403 1978 4456 Geo-

397 4484 550 4539 τόκον
609 4487 783 4558 αὐτὴν
850 4489 1255 4561 μεγαλύνομεν,
1289 4493 1352 4545 τὸ
1391 4496 1830 4565 Μεγαλύνομεν
1868 4497 1977 4552 ἀπὸ
2010 4480 2052 4535 Ῑ)

396 4577 490 4644 τῆς
517 4577 659 4649 ᾠίἦς
691 4580 952 4644 λαϐόντες
987 4583 1157 4653 αὐτῆς
1185 4586 1279 4637 καὶ
1304 4584 1366 4638 τὸ
1403 4586 1837 4656 Μακαρίζομεν.
1869 4591 1980 4643 Καὶ

394 4669 502 4740 γὰρ
540 4669 678 4740 α’ύτη
713 4672 872 4726 τοῦτό
903 4691 1062 4744 φησι,
1101 4694 1120 4727 ι
1159 4677 1470 4746 Μεγαλύνει
1501 4681 1534 4750 ἡ
1568 4679 1717 4752 ψυχή
1759 4700 1862 4752 μου
1890 4683 1980 4736 τὸν

396 4762 618 4832 Κύριον,
673 4782 691 4817 »
745 4767 856 4831 καὶ,
889 4785 907 4818 ι
960 4766 1090 4822 Ἰδοὺ
1117 4768 1225 4840 γὰρ
1255 4771 1365 4824 ἀπὸ
1391 4773 1487 4826 τοῦ
1520 4773 1617 4826 νῦν
1642 4775 1981 4846 μακαριοῦσί

397 4871 464 4918 με
497 4856 668 4908 πᾶσαι
700 4858 758 4910 αἱ
793 4859 998 4927 γενεαί.
1035 4880 1055 4914 »
1094 4863 1169 4916 T6
1199 4864 1297 4931 μὲν
1331 4864 1425 4918 οὖν
1471 4866 1756 4935 ἀνυψῶσαι
1806 4871 1866 4922 τὸ
1901 4869 1982 4941 τῷ

397 4946 513 5018 Θεῷ
539 4950 831 5020 ἀναφέρειν
856 4953 1028 5022 δηλοί-
1060 4955 1122 5007 τὸ
1151 4955 1207 5008 δὲ
1227 4958 1428 5026 εἰπεῖν,
1471 4976 1490 5010 ι
1535 4961 1696 5026 Μέγα
1726 4962 1788 5014 τὸ
1810 4962 1983 5032 ὄνομα

395 5041 492 5110 τῆς
528 5043 691 5110 ἁγίας
733 5044 982 5113 Τριάδος,
1038 5065 1056 5097 »
1108 5049 1209 5114 τὴν
1262 5049 1558 5118 ὁμολογίαν
1591 5052 1854 5123 κηρύττει
1886 5056 1980 5110 τοῦ

392 5135 502 5186 τῶν
541 5137 679 5190 ὅλων
713 5139 771 5191 ὲν
816 5138 1007 5210 Τριάδι
1044 5140 1218 5194 Θεοῦ*
1269 5145 1364 5197 καὶ
1416 5144 1596 5214 τούτῳ
1646 5148 1983 5219 προσφέρειν

394 5226 484 5277 τὸν
525 5228 723 5294 ἄρτον,
759 5236 850 5282 καὶ
913 5231 1208 5298 μεγαλύνει
1266 5235 1460 5288 τούτου
1491 5238 1553 5290 τὸ
1585 5238 1779 5308 ὄνομα.
1817 5242 1892 5294 Τὸ
1924 5243 1982 5298 δὲ

397 5319 600 5388 εἰπεῖν,
643 5341 662 5374 «
699 5323 969 5393 Παναγία,
1016 5327 1271 5392 Θεοτὸκε,
1301 5330 1486 5400 βοήθει
1509 5333 1662 5402 ἡμῖν,
1699 5354 1719 5387 »
1760 5338 1854 5390 καὶ
1885 5337 1985 5408 τὴν

399 5411 680 5481 σάρκωσιν
719 5419 981 5487 κηρύττει
1011 5420 1105 5472 τοῦ
1141 5423 1340 5489 Λόγου.
1385 5424 1557 5478 Τοῦτο
1588 5426 1698 5497 γὰρ
1727 5430 1984 5498 σημαίνει

395 5505 428 5575 ή
460 5504 723 5570 Θεοτὸκος
759 5513 947 5583 φωνή·
981 5513 1075 5567 καὶ
1122 5516 1326 5585 ταύτης
1383 5518 1676 5589 ἐπίκλησις
1728 5523 1937 5588 γίνεται
1968 5539 1981 5554 °

399 5597 492 5684 καὶ
524 5600 858 5668 πιστεύομεν
889 5603 964 5668 ὡς
988 5599 1284 5676 πάρεστιν,
1326 5609 1522 5681 ἑτοίμη
1559 5611 1697 5681 πρὸς
1731 5612 1984 5684 βοήθειαν

399 5681 536 5740 οὖσα
561 5703 578 5720 ο
621 5693 714 5743 καὶ
745 5692 772 5741 6
805 5693 966 5763 ἄρτος
1000 5695 1138 5766 αὐτῇ
1171 5697 1244 5759 ὡς
1292 5697 1466 5770 δῶρον
1506 5702 1829 5771 κομίζεταιο
1855 5704 1987 5772 μᾶλ-

348 5823 352 5828 .
403 5775 492 5831 λον
524 5778 582 5834 δὲ
614 5781 876 5855 διἀὑτῆς
907 5786 984 5858 τῷ
1028 5787 1143 5859 Υίῷ
1177 5788 1346 5862 αὐτῆς
1389 5791 1529 5864 ὑπὲρ
1575 5793 1732 5866 ἡμῶν
1778 5793 1836 5859 ἐξ
1885 5795 1987 5849 a6-

2078 1926 2303 1986 accepta
2335 1917 2522 1984 venia,
2592 1933 2720 1973 nam
2785 1933 2918 1987 pura
2968 1918 3122 1988 puris
3181 1917 3466 1972 tractanda
3518 1927 3670 1975 sunt.

2078 2013 2232 2068 venia
2264 2020 2444 2067 autem
2487 2021 2707 2082 purgat,
2762 2011 3074 2067 tacentibus
3122 2011 3421 2075 universis,
3471 2025 3666 2080 panem

2077 2103 2335 2167 sustollit,
2362 2111 2416 2158 et
2465 2102 2666 2156 clamat
2702 2121 2715 2156 :
2755 2101 3042 2171 «Magnum
3067 2117 3324 2165 nomen,»
3363 2115 3671 2169 omnesque

2075 2193 2423 2250 exclamant:
2446 2191 2694 2248 «Sanctae
2709 2191 3050 2259 Trinitatis,»
3071 2193 3212 2261 quod
3230 2201 3312 2248 est
3328 2181 3670 2247 tremendum

2075 2286 2247 2342 solius
2302 2286 2685 2341 universorum
2746 2285 2799 2338 in
2833 2283 3102 2339 Trinitate
3169 2283 3263 2337 Dei
3304 2291 3405 2347 ;et
3452 2281 3670 2353 signum

2076 2379 2257 2434 crucis
2295 2377 2504 2434 faciens
2532 2378 2686 2433 addit
2720 2395 2734 2431 :
2771 2394 2792 2428 «
2837 2375 3199 2432 Sanctissima
3239 2375 3334 2430 Dei
3393 2371 3672 2437 Genitrix,

2077 2488 2345 2530 succurre
2372 2471 2553 2538 nobis,
2590 2489 2610 2524 »
2647 2470 2922 2539 simulque
2954 2468 3150 2524 dicunt
3194 2482 3384 2524 omnes
3416 2483 3433 2523 :
3483 2485 3502 2518 «
3536 2467 3674 2534 Ejus

2075 2566 2482 2622 intercessione
2503 2563 2998 2630 miserere'nostri,
3031 2561 3197 2626 Deus,
3231 2567 3286 2616 et
3335 2559 3487 2616 salva
3521 2574 3622 2612 nos
3650 2574 3666 2619 ;

2075 2669 2131 2714 to
2196 2674 2257 2714 es
2308 2673 2472 2729 quem
2535 2657 2860 2714 confitemur
2911 2661 2966 2710 et
3015 2651 3235 2724 hymnis
3297 2651 3673 2714 celebramus,

2076 2761 2267 2809 sancta
2308 2751 2574 2816 Trinitas,
2611 2751 2762 2807 solus
2795 2764 2926 2804 vere
2979 2748 3149 2815 Deus,
3178 2759 3302 2800 nam
3358 2745 3502 2801 alius
3561 2758 3670 2796 non

2074 2855 2158 2900 est
2187 2853 2384 2914 praeter
2410 2851 2463 2900 te
2505 2844 2598 2914 qui
2648 2843 2827 2898 fecisti
2858 2856 2958 2897 nos
2986 2849 3148 2909 atque
3181 2853 3503 2894 conservas.
3553 2857 3570 2888 ι
3595 2836 3658 2890 Et

2075 2947 2209 2994 tunc
2225 2939 2458 3010 hymnus
2474 2938 2566 2994 Dei
2582 2936 2846 2992 Genitrici
2872 2934 3156 3002 adjiciunt,
3175 2932 3420 2988 dicentes
3445 2947 3460 2986 :
3503 2948 3524 2983 «
3537 2929 3673 2983 Bea-

2077 3038 2192 3084 tam
2222 3039 2272 3084 te
2301 3029 2538 3084 dicimus
2585 3043 2775 3084 omnes
2808 3027 3245 3097 generationes,»
3294 3023 3364 3079 ob
3395 3022 3514 3092 ejus
3548 3037 3677 3091 pro-

2003 3135 2044 3194 α
2079 3123 2344 3194 phctiam.
2373 3128 2443 3176 At
2470 3123 2525 3176 in
2551 3123 2716 3192 hujus
2775 3120 2883 3174 fine
2908 3117 3299 3174 salutationem
3360 3115 3670 3186 angelicam

2077 3216 2393 3287 proferunt:
2419 3215 2581 3278 «Ave,
2601 3214 2778 3284 gratia
2794 3213 2977 3283 plena,
2994 3211 3258 3267 Dominus
3277 3218 3512 3266 tecum.»
3534 3221 3677 3277 quo-

2077 3310 2224 3366 niam
2242 3309 2470 3364 verbum
2493 3309 2638 3364 istud
2662 3316 2864 3363 nostra:
2884 3307 3080 3362 salutis
3115 3312 3201 3359 est
3224 3300 3578 3374 principium,
3620 3307 3679 3352 et

2077 3407 2372 3468 precantur
2389 3407 2470 3462 ut,
2493 3396 2627 3453 «Per
2645 3406 2696 3453 te
2725 3397 3013 3452 nobiscum
3029 3395 3101 3450 sit
3128 3393 3453 3454 Dominus,»
3477 3404 3679 3456 nempe

2080 3509 2175 3561 per
2206 3492 2438 3562 gratiam
2494 3505 2674 3545 suam.
2709 3488 2918 3544 Deinde
2954 3489 3147 3542 devote
3190 3493 3247 3539 et
3291 3497 3496 3538 canore
3523 3481 3676 3534 nudo

2077 3586 2258 3655 capite
2283 3584 2654 3648 modulantur,
2674 3581 2934 3653 quoniam
2958 3581 3074 3651 ipsa
3099 3587 3181 3634 est
3198 3584 3364 3647 caput
3395 3583 3676 3637 nostrum,

2077 3694 2201 3748 qua;
2218 3688 2379 3749 caput
2397 3686 2642 3732 nostrum
2664 3677 2910 3746 peperit;
2933 3676 3046 3760 ipsa
3071 3682 3155 3726 est
3182 3685 3210 3724 e
3242 3668 3382 3724 caelo
3405 3666 3680 3737 prcleetio

2077 3784 2265 3827 nostra
2323 3781 2492 3840 atque
2549 3767 2892 3839 providentia
2955 3776 3009 3820 et
3055 3765 3224 3828 salus,
3277 3770 3670 3821 cantantque:

2084 3862 2347 3931 «Dignum
2377 3869 2487 3914 est»
2523 3868 2577 3913 et
2599 3873 2718 3912 eam
2747 3856 2836 3911 Dei
2855 3853 3186 3910 Genitricetn
3235 3849 3590 3914 confitentur,
3619 3854 3678 3900 ct

2079 3955 2284 4020 majore
2323 3949 2615 4005 cherubim
2680 3948 2889 4002 honore
2917 3946 3136 4014 dignam
3173 3942 3476 3998 concinunt
3499 3980 3515 4004 ,
3543 3954 3678 4007 quo-

2078 4047 2228 4099 niam
2274 4045 2442 4097 l)eum
2471 4040 2710 4098 Verbum
2740 4037 3181 4094 substantialiter
3241 4036 3296 4088 in
3332 4042 3490 4086 utero
3520 4045 3676 4084 rece—

2081 4134 2408 4202 pil,etsiue
2463 4131 2819 4200 corruptione
2859 4127 3099 4200 peperit,
3141 4139 3377 4194 eamque
3429 4136 3556 4177 vere
3610 4135 3676 4173 ac

2080 4226 2462 4282 indubitanter
2517 4223 2609 4280 Dei
2668 4222 3004 4280 Gcnitricem
3062 4217 3504 4286 magnificamus,
3556 4215 3677 4266 haec

2080 4318 2270 4385 verba,
2346 4316 2757 4388 Magniﬁcamu:
2788 4324 2836 4370 et
2867 4315 3077 4369 beatam
3126 4312 3375 4378 dicimus,
3452 4323 3520 4364 ex
3552 4306 3679 4375 ejus

2082 4411 2300 4464 cantico
2320 4418 2624 4466 sumentes.
2653 4407 2771 4478 Ipsa
2795 4406 2941 4462 enim
2960 4405 3105 4460 istud
3127 4405 3266 4459 dixit
3295 4421 3310 4462 :
3338 4401 3678 4472 «Magniticat

2082 4499 2263 4552 anima
2283 4513 2404 4553 mea
2440 4497 2788 4565 Dominum,»
2825 4507 2880 4552 ct
2909 4513 2926 4552 :
2965 4515 2984 4550 ι
3012 4497 3150 4552 Ecce
3171 4496 3314 4552 enim
3337 4510 3403 4550 ex
3425 4495 3529 4549 hoc
3559 4494 3683 4547 bea-

2084 4601 2193 4645 tam
2227 4607 2315 4647 me
2365 4591 2550 4648 dicent
2597 4605 2791 4648 omnes
2840 4591 3248 4662 generatiOnes.
3276 4606 3296 4642 »
3347 4587 3484 4643 Dum
3519 4586 3683 4655 panis

2082 4685 2308 4755 quidem
2342 4684 2398 4739 in
2429 4684 2600 4740 altum
2651 4684 2886 4748 tollitur,
2923 4683 3033 4738 Deo
3078 4679 3263 4738 oﬂ‘erri
3320 4678 3678 4744 ostenditur;

2084 4787 2141 4834 at
2166 4777 2296 4834 dum
2330 4777 2538 4833 dicitur
2563 4793 2578 4832 :
2615 4775 2871 4847 Magnum
2900 4790 3100 4830 nomen
3129 4779 3335 4828 sancta:
3358 4769 3677 4835 Trinitatis,

2083 4869 2488 4926 confessionem
2535 4869 2803 4940 praedicat
2853 4867 2986 4921 trini
3037 4865 3423 4920 universorum
3479 4863 3679 4926 Dci,ct

2084 4964 2216 5018 dum
2253 4963 2411 5032 panis
2445 4961 2576 5016 huic
2603 4959 2854 5024 offertur,
2880 4972 3081 5013 nomen
3107 4954 3227 5026 ejus
3257 4954 3672 5024 magniticatur.

2085 5055 2276 5111 Dicere
2316 5067 2480 5109 vero:
2511 5072 2531 5105 ι
2568 5051 2929 5108 Sanctissima
2966 5048 3061 5104 Dei
3082 5046 3356 5113 Genitrix,
3408 5059 3677 5100 succurre

2087 5153 2270 5216 nobis,
2288 5170 2305 5201 »
2341 5149 2776 5206 incarnationem
2796 5145 2960 5201 Verbi
2984 5143 3266 5216 prmdicat,
3300 5142 3405 5198 hoc
3429 5140 3574 5196 enim
3599 5140 3681 5194 si-

2085 5243 2311 5314 gniﬁcat
2360 5259 2464 5299 vox
2519 5242 2611 5314 Dei
2639 5224 2902 5298 “Genitrix
2933 5255 2950 5304 ;
2976 5251 3191 5292 necnon
3221 5235 3373 5291 illius
3431 5233 3487 5291 fit
3521 5233 3680 5286 invo-

2087 5334 2258 5399 catio,
2288 5343 2342 5391 et
2370 5334 2654 5390 credimus
2701 5347 2823 5389 eam
2863 5331 3062 5388 adesse
3109 5330 3179 5385 ad
3243 5328 3682 5385 succurrendum

2089 5439 2364 5500 paratam,
2399 5438 2453 5486 et
2484 5429 2643 5500 panis
2704 5429 2754 5486 ei
2803 5427 2969 5497 velut}
2993 5427 3199 5482 donum
3234 5431 3552 5496 praestatur,
3582 5435 3684 5490 po-

2091 5525 2202 5580 tius
2228 5533 2414 5581 autem
2446 5540 2544 5596 per
2574 5539 2696 5580 eam
2753 5521 2894 5578 Filio
2918 5521 3060 5591 {ejus
3107 5535 3206 5592 pro
3235 5517 3396 5573 nobis
3441 5531 3505 5570 ex
3559 5513 3678 5581 ipsa

2091 5616 2736 5688 incarnato,etproptcr
2771 5632 2873 5672 nos
2923 5615 3163 5672 libenter
3219 5623 3440 5665 crucem
3488 5620 3674 5676 passo,

2090 5707 2236 5781 Quod
2275 5723 2372 5778 per
2429 5723 2650 5764 crucem
2680 5707 2778 5778 qui
2833 5722 2958 5763 eum
3001 5701 3242 5760 sustollit
3289 5704 3672 5768 repraesentat.

2094 5794 2195 5855 [lic
2227 5799 2393 5872 igitur
2421 5802 2604 5873 panis,
2646 5807 2836 5872 utpote
2892 5796 3078 5855 divina
3132 5789 3481 5851 invocatione
3511 5801 3684 5859 super
