4046 6426
323 303 435 366 659
1467 310 1569 370 DE
1613 309 1916 371 ORDlNE
1960 313 2491 392 SEPULTUBAZ.‘
2612 352 2621 355 —
3506 314 3614 380 670

317 421 493 474 δοθέν.
523 419 632 473 Καὶ
666 426 1009 495 μαρτυροῦσι
1052 427 1122 480 τά
1172 444 1230 482 τε
1287 428 1492 481 τυπικᾶ
1531 428 1775 491 ἅπαντα,
1805 431 1901 483 καὶ
1931 479 1936 489 .

2045 431 2222 487 icutel
2244 432 2411 499 istud,
2448 432 2950 505 «MagniﬁcamUSJ
2980 432 3295 505 Angelicam
3317 446 3446 489 vero
3472 434 3615 488 salu-

320 516 352 582 ἡ
377 513 586 567 ἀνωθεν
616 516 678 569 ἐκ
716 518 977 587 Πατέρων
1011 522 1091 581 είς
1126 521 1274 588 ἡμᾶς
1310 520 1569 591 συνήθεια
1594 522 1911 592 παραδοῦσα

2045 526 2305 590 stionem,
2331 527 2497 587 «Ave.
2519 528 2691 596 gratia
2716 528 2896 597 plena,
2918 528 3184 583 Dominus
3205 536 3442 593 tecum,»
3460 525 3510 583 ei
3532 527 3617 581 di-

318 606 477 658 τοῦτο
501 624 512 635 ·
551 607 689 675 ὅπερ
725 607 789 677 δὴ
825 610 923 662 καὶ
949 611 1024 673 ὡς
1076 612 1270 684 τελετὴ
1312 612 1434 667 οεία
1467 614 1617 667 ἐστὶν
1668 614 1907 683 ἀνυψου-

2045 632 2136 670 ere
2163 618 2558 683 necessarium,
2579 618 2681 673 fuit
2702 620 2847 673 enim
2871 619 2923 673 in
2944 634 3005 673 ea
3026 618 3332 675 secundum
3353 617 3615 672 substan-

322 699 489 769 μένου
537 698 632 752 τοῦ
668 699 856 771 ἄρτου,
893 704 989 755 καὶ
1028 704 1446 776 ἀναφερομένου
1487 706 1629 777 Θεῷ,
1679 710 1906 777 καὶτῆς

2048 705 2156 760 iam
2180 706 2522 777 incarnatus,
2539 718 2596 765 et
2633 725 2779 765 nunc
2814 718 2898 764 est
2926 725 3019 778 per
3036 711 3266 782 gratiam
3293 722 3460 778 super
3490 722 3612 761 om-

319 796 366 849 Τ
369 795 551 868 ριάδος
572 798 856 867 ὁμολογία,
886 802 979 852 καὶ
1003 801 1101 871 τῆς
1130 802 1295 871 ἁγίας
1313 802 1581 855 Θεοτὸκου
1616 803 1906 876 ἐπίκλησίς

2045 813 2115 856 nes
2140 800 2473 868 inhabitans,
2493 798 2590 871 pei
2614 818 2779 872 quam
2814 802 3097 859 nobiscum
3149 801 3291 857 Deus
3308 800 3610 855 secundum

319 906 379 942 τε
442 893 536 943 καὶ
591 892 819 956 αἴνεσις,
857 897 935 946 είς
972 897 1251 965 ἡμετέραν
1306 896 1568 966 βοήθειαν
1614 897 1905 968 γινομένη.

2045 895 2213 950 saiam
2243 892 2347 949 fuit
2365 903 2420 951 et
2446 911 2591 950 nunc
2611 905 2718 960 est,
2739 895 2966 963 quodex
2990 911 3051 950 ea
3076 895 3354 964 poscimus
3373 901 3428 949 et
3458 912 3475 943 ι
3503 894 3610 948 Per

324 984 434 1036 Καὶ
462 983 544 1046 τὸ,
578 1003 596 1037 ι
638 970 1040 1058 Μείκαρίζομέν
1077 1005 1136 1041 σε
1167 992 1344 1043 πᾶσαι
1364 990 1418 1043 ai
1445 992 1653 1059 γενεαὶ,
1694 1011 1712 1044 ι
1742 990 1907 1044 καλὸν

2045 1001 2081 1041 ,θ
2105 986 2394 1043 nobiscum
2436 1006 2456 1041 ι
2497 989 2824 1045 clamamus.
2863 988 2968 1056 Qui
2995 987 3366 1044 sitnobiscum
3398 998 3615 1054 semper
3658 1026 3661 1031 ν

321 1076 460 1146 αὐτῇ
494 1077 898 1148 προσᾳδόμενον
923 1081 1019 1134 καὶ
1042 1079 1442 1151 εὖπρόσδεκτον
1463 1083 1589 1135 ἔστα
1600 1099 1637 1149 ι,
1663 1082 1738 1142 ὡς
1766 1098 1901 1153 προ-

2045 1096 2119 1135 ier
2157 1097 2300 1137 eam.
2345 1080 2542 1137 Amen.

322 1174 593 1243 φητευθὲν
644 1174 736 1228 ὑπ’
768 1176 960 1244 αὐτῆς,
1006 1179 1103 1232 καὶ
1144 1179 1452 1249 παραδοθὲν
1498 1179 1559 1245 ἐξ
1622 1180 1819 1250 αὐτῆς,
1882 1180 1979 1234 καὶ
2019 1180 2205 1243 καθὼς
2258 1179 2366 1250 ἔφη
2412 1177 2728 1249 λεγόμενον,
2761 1180 2859 1235 καὶ
2897 1180 2959 1232 τὸ
3006 1177 3469 1248 Μεγαλύνομεν.
3507 1177 3617 1229 Καὶ

323 1272 423 1340 τὴν
460 1271 556 1324 τοῦ
599 1272 832 1341 ἀγγέλου
865 1274 924 1328 δὲ
972 1274 1157 1346 φωνὴν
1230 1278 1290 1330 τὸ
1341 1296 1360 1330 ι
1407 1279 1601 1348 Χαῖρε,
1664 1278 2144 1350 κεχαριτωμένην,
2212 1277 2240 1330 ὁ
2272 1277 2478 1347 Κύριος
2530 1277 2674 1346 μετὰ
2696 1276 2815 1343 σοῦ,
2852 1295 2871 1328 ι
2896 1276 3081 1346 λέγειν
3112 1276 3252 1346 αὐτῇ
3283 1276 3611 1343 ἀναγκαῖον.

338 1368 584 1435 Ἐγένετο
644 1371 752 1438 γὰρ
821 1373 1206 1438 ἐνυποστάτως
1237 1376 1294 1427 ἐν
1327 1378 1466 1447 αὐτῇ
1520 1375 1852 1446 σαρκωθεὶς,
1883 1378 1981 1433 καὶ
2025 1376 2122 1432 νῦν
2154 1380 2305 1432 ἔστιν
2354 1377 2635 1447 ὲνσκηνῶν
2671 1378 2739 1445 τῇ
2773 1375 2959 1446 χάριτι
2992 1373 3134 1443 ὑπὲρ
3165 1373 3375 1435 πάντας
3402 1386 3415 1401 '
3452 1372 3521 1425 δι’
3548 1363 3617 1441 ἦς

328 1466 418 1518 καὶ
456 1464 576 1535 μεθ’
636 1466 796 1536 ἡμῶν
861 1470 890 1521 ὁ
953 1470 1086 1532 Θεὸς
1143 1472 1286 1525 κατά
1335 1474 1431 1525 τὸν
1471 1472 1707 1528 Ἡσαΐαν
1764 1474 1986 1542 ἐγένετο
2025 1474 2119 1528 καὶ
2154 1474 2294 1529 ἐστι.
2351 1475 2467 1528 Καὶ
2512 1473 2672 1527 τοῦτο
2706 1473 2764 1526 δὲ
2816 1473 2881 1526 ἐκ
2929 1470 3136 1541 ταύτης
3165 1469 3619 1540 αἰτούμεθασκλὶ

335 1581 352 1612 ‹
395 1560 492 1612 Διά
517 1561 610 1614 σοῦ
640 1561 761 1629 μεθ’
794 1561 951 1631 ἡμῶν
997 1582 1016 1615 ›
1051 1562 1462 1637 ἀνακράζομεν.
1513 1568 1612 1631 Ὃς
1652 1569 1749 1620 καὶ
1784 1568 1868 1639 εἴη
1910 1569 2148 1624 πάντοτε
2184 1570 2322 1637 ἡμῖν
2351 1568 2420 1621 δι’
2455 1566 2652 1637 αὐτῆς·
2692 1566 2903 1637 ’Λμήνοι

398 1658 723 1723 Κληρικός.
762 1659 835 1711 Τὸ
895 1659 1027 1730 περὶ
1077 1662 1293 1727 τούτου,
1327 1662 1585 1726 δέσποτα,
1634 1665 1905 1735 χρήσιμον

2083 1662 2346 1719 Clericus.
2403 1662 2829 1726 Hinc,domine,
2896 1658 3060 1715 nobis
3120 1665 3252 1714 sunt
3310 1658 3616 1713 admodum

330 1745 499 1808 ὅντως
533 1749 667 1814 ἡμῖν
699 1749 793 1801 καὶ
820 1751 1124 1818 ὲπωφελὲς,
1158 1753 1251 1804 καὶ
1284 1755 1452 1806 πᾶσιν
1482 1755 1920 1823 ἀναγκαιότατον

2045 1764 2335 1824 ιρροτιυιιθ
2370 1762 2422 1809 et
2455 1754 2734 1823 perutilia,
2761 1766 2938 1822 eaque
2967 1750 3187 1819 operari
3238 1750 3497 1805 omnibus
3538 1759 3622 1806 est

332 1844 698 1913 ἐνεργεῖσθαι.
724 1846 823 1901 καὶ
876 1847 1078 1915 μᾶλλον
1123 1849 1217 1917 ἀφ’
1252 1844 1424 1920 οὗπερ
1458 1850 1591 1920 ἡμῖν
1644 1852 1921 1922 ἀνέθηκας

2045 1849 2249 1903 mmino
2289 1847 2694 1912 necessarium,
2719 1855 2772 1899 et
2803 1846 3115 1917 prmsertim
3146 1859 3213 1899 ex
3246 1858 3358 1914 quo
3396 1844 3488 1898 illa
3522 1860 3623 1899 no—

333 1937 425 1989 καὶ
462 1937 791 2008 παρέδωκας
817 1940 1086 2009 ἐνεργεῖν,
1111 1942 1206 1994 καὶ
1230 1943 1393 2012 ἡμεῖς
1417 1943 1655 2011 σπουδὴν
1681 1944 1881 2014 ἔχομεν
1904 1961 1918 1974 ·

332 2028 424 2082 καὶ
470 2031 531 2081 ἐν
577 2030 693 2093 τοῖς
741 2030 1051 2093 καθολικοίς
1085 2036 1255 2095 ναοῖς,
1288 2036 1363 2097 ὡς
1395 2035 1726 2098 ἐκέλευσας,
1766 2037 1920 2106 ἐνερο

330 2121 555 2190 γοῦμεν.
584 2123 693 2176 Καὶ
727 2123 815 2193 εἴη
852 2125 985 2194 ἡμῖν
1013 2126 1073 2178 τὸ
1098 2127 1167 2179 τὰ
1202 2126 1322 2180 θεῖα
1368 2127 1681 2198 διενεργεῖν
1711 2129 1923 2191 ἀόκνως

334 2215 570 2268 πάντοτε
602 2215 691 2268 διὰ
718 2217 828 2269 τῶν
859 2217 1025 2286 ἱερῶν
1060 2218 1237 2288 εὐχῶν
1266 2236 1386 2275 σου.

415 2306 771 2376 Ἆρχιερεὺς.
808 2309 912 2381 Είη
968 2309 1133 2364 τοῦτο
1188 2312 1344 2379 παρὰ
1404 2311 1545 2367 Θεοῦ
1605 2313 1925 2385 πρεσϐείαις

334 2398 436 2470 τῆς
474 2400 818 2472 Θεομήτορος
867 2403 997 2473 ὑμῖν
1035 2421 1096 2456 τε
1125 2404 1220 2457 καὶ
1268 2404 1412 2474 ἐμοὶ,
1437 2405 1521 2458 ὅτι
1554 2406 1761 2469 πάντες
1791 2405 1928 2477 χρῄ-

338 2494 509 2562 ζομεν
544 2496 642 2563 τῆς
685 2493 799 2547 ἀπὸ
850 2496 961 2547 τῶν
1001 2496 1176 2565 εὐχῶν
1218 2496 1507 2567 βοηθείαςο
1538 2499 1636 2552 καὶ
1684 2498 1926 2569 συνεχῶς

337 2585 546 2650 ταύτας
581 2589 759 2641 ποιεῖν
784 2589 1087 2655 ἀναγκαῖον
1119 2607 1218 2642 και
1242 2590 1614 2661 ὀφειλόμενον,
1641 2594 1735 2646 καὶ
1774 2593 1929 2662 μεσί-

341 2697 436 2745 τας
475 2681 635 2751 ἡμῶν
668 2682 1054 2762 ἐπικαλεῖσθαι
1086 2685 1217 2746 τοὺς
1256 2684 1469 2753 ἁγίους,
1496 2690 1593 2739 καὶ
1633 2687 1741 2755 πρὸ
1790 2687 1929 2739 πάν·

342 2792 450 2827 των
521 2776 620 2845 τὴν
679 2774 823 2845 ὑπὲρ
904 2778 1117 2839 πάντας
1191 2777 1355 2844 ἁγίαν
1446 2777 1542 2848 τὴν
1623 2778 1929 2848 ὑπέραγνον

342 2867 688 2936 Θεομήτορα,
720 2867 797 2930 ὡς
831 2868 972 2940 ὑπὲρ
1025 2870 1234 2931 πάντας
1274 2872 1448 2923 σῶσαι
1497 2872 1648 2939 ἡμᾶς
1698 2871 1933 2939 δυναμέ-

342 2975 476 3027 νην*
506 2958 682 3012 πολλὰ
730 2959 841 3028 γὰρ
879 2960 1152 3031 πταίομεν
1190 2962 1448 3026 ἕκαστος.
1482 2964 1685 3030 Ἴωμεν
1728 2962 1785 3016 δὲ
1826 2962 1925 3032 ἤδη

2026 1943 2111 1997 bis
2149 1941 2330 1997 facere
2355 1941 2633 1996 mandsSti
2680 1955 2745 1996 ac
2777 1939 3111 2009 praecepisti,
3147 1953 3247 1993 nos
3281 1930 3502 2009 quodue
3537 1937 3621 1993 eis

2027 2036 2273 2091 studiose
2304 2034 2705 2099 incumbimus,
2770 2042 2824 2086 et
2853 2033 2905 2086 in
2943 2030 3216 2087 universis
3258 2030 3529 2093 ecclesiis,
3564 2039 3624 2082 ut

2024 2127 2274 2201 iussisti,
2303 2127 2693 2195 adimplemus.
2719 2124 2783 2179 Et
2833 2126 2908 2180 sit
2934 2124 3098 2179 nobis
3154 2139 3373 2193 semper
3406 2138 3503 2193 per
3526 2137 3621 2178 sa-

2026 2234 2151 2275 cras
2173 2232 2363 2289 preces
2397 2226 2523 2274 tuas
2549 2217 2731 2272 divina
2766 2216 3063 2286 diligenter
3094 2216 3338 2285 operari.

2100 2308 2369 2380 Pontifex.
2401 2310 2487 2366 Sit
2514 2308 2658 2365 istud
2679 2324 2707 2362 a
2744 2309 2857 2364 Deo
2895 2321 2995 2381 per
3016 2307 3474 2364 intercessionem
3502 2308 3627 2364 Dei-

2029 2416 2175 2472 parae
2222 2403 2379 2458 vobis
2429 2412 2484 2457 et
2543 2402 2704 2467 mihi,
2749 2401 3011 2470 quoniam
3070 2415 3263 2457 omnes
3312 2400 3627 2473 indigemus

2028 2496 2234 2551 auxilio
2266 2495 2410 2566 quod
2436 2510 2535 2566 per
2563 2508 2753 2565 preces
2804 2508 3234 2563 consequemur,
3264 2509 3470 2564 easque
3504 2495 3625 2552 sine

2030 2589 2442 2646 intermissione
2491 2588 2671 2644 facere
2720 2601 2950 2644 necesse
2999 2596 3085 2642 est
3124 2597 3290 2657 atque
3334 2588 3624 2651 debemus,

2031 2690 2367 2751 sanctosque
2419 2690 2479 2735 ut
2525 2680 2870 2735 intercedant
2906 2694 3009 2749 pro
3046 2679 3205 2735 nobis
3248 2680 3524 2745 invocare,
3559 2695 3623 2736 ac

2034 2784 2159 2829 ante
2183 2789 2398 2839 omnes,
2431 2788 2554 2842 quae
2584 2788 2749 2842 super
2771 2787 2965 2828 omnes
2997 2782 3079 2828 est
3103 2782 3293 2827 sancta
3345 2781 3399 2827 et
3442 2772 3625 2843 puris-

2034 2872 2194 2931 sima,
2223 2867 2316 2922 Dei
2346 2867 2600 2929 Matrem,
2654 2874 2840 2935 utpote
2872 2880 2993 2934 qua:
3050 2880 3213 2934 super
3271 2880 3465 2931 omnes
3520 2880 3623 2920 nos

2034 2962 2246 3018 salvere
2284 2968 2488 3031 potest,
2537 2959 2591 3014 in
2626 2958 2815 3013 multis
2847 2959 2992 3013 enim
3029 2957 3361 3014 oﬂ'endimus
3404 2972 3623 3013 omnes.

344 3051 437 3104 καὶ
489 3049 628 3122 πρὸς
682 3049 745 3104 τὸ
792 3051 947 3114 τέλος
1000 3052 1160 3122 ἡμῶν
1192 3055 1445 3123 αὐτὸ,ὡς
1474 3054 1542 3110 ἂν
1586 3055 1681 3109 καὶ
1729 3054 1799 3109 τὰ
1829 3055 1930 3124 τῆς

2045 3052 2142 3109 Sed
2172 3053 2285 3124 jam
2320 3053 2606 3109 veniamus
2663 3052 2729 3105 ad
2774 3050 2956 3121 ipsum
3008 3050 3168 3106 finem
3218 3059 3495 3115 nostrum,
3568 3056 3630 3105 ut

346 3144 693 3216 ὑποσχέσεως
721 3145 855 3214 ἡμῖν
882 3146 1285 3220 ἐκτελέσωμεν.

2037 3146 2308 3217 promissa
2348 3154 2543 3199 nostra
2575 3142 2996 3213 adimpleamus.

924 3565 1322 3692 ΠΕΡΙ
1386 3562 1736 3695 ΤΟΥ
1830 3558 2507 3693 ΤΕΛΟΥΣ
2576 3559 3075 3690 ΗΜΩΝ

780 3806 974 3892 ΚΑΙ
1082 3806 1301 3891 ΤΗΣ
1426 3803 1738 3891 ΙΕΡΑΣ
1848 3794 2293 3890 ΤΑΞΕΩΣ

2394 3798 2614 3887 ΤΗΣ
2726 3793 3219 3885 ΚΗΔΕΙΑΣ

1137 3984 1262 4040 ΚΑΙ
1293 3985 1432 4039 ΤΩΝ
1458 3984 1619 4042 KAT'
1650 3983 1824 4040 ΕΘΟΣ
1849 3982 2034 4038 ΥΠΕΡ
2065 3982 2375 4037 ΜΝΗΜΗΣ
2421 3978 2847 4037 ΓΙΝΟΜΕΝΩΝ.

883 4335 1030 4487 illi
1149 4331 1424 4485 FINE
1484 4332 1631 4483 ΕΤ
1732 4322 2587 4483 ΕΧΙἸἯΝθδἸἮθ
2661 4324 2726 4475 Ε
2809 4321 3100 4476 ἮἸἏ

1015 4788 1214 4877 .DE
1258 4782 1631 4876 SACBO
1675 4781 2143 4874 OBDINE
2192 4776 2946 4869 SEPULTUBIE

810 4987 901 5048 ET
949 4984 1136 5062 QUAE
1212 4981 1376 5046 PRO
1422 4979 1801 5042 MEMORIA
1868 4974 2475 5042 DEFUNCTORUM
2543 4969 2852 5033 SOLENT
2921 4967 3163 5030 FIERI.

441 5319 524 5372 Τά
560 5315 689 5386 περῒ⁹
743 5316 842 5386 μὲν
883 5315 979 5369 τοῦ
1031 5314 1223 5377 τέλους
1254 5313 1416 5385 ἡμῶν
1454 5310 1551 5366 τοῦ
1584 5312 1819 5381 φρικτοῦ
1856 5312 1936 5364 κα¹

2130 5308 2206 5364 Ea
2238 5323 2359 5379 quae
2394 5312 2648 5375 spectant
2679 5302 2744 5357 ad
2793 5298 3128 5355 horrendum
3148 5309 3205 5355 et
3230 5298 3641 5357 ineluctabilem

370 5410 750 5483 ἀπαραιτήτου
776 5409 1040 5479 διηνεκῶς
1082 5409 1177 5460 καὶ
1236 5407 1533 5469 ἀπαύστως
1573 5407 1670 5460 καὶ
1702 5407 1760 5459 ὲν
1792 5406 1958 5458 παντὶ

374 5503 552 5575 καιρῷ
576 5504 846 5575 μεριμνᾷν
868 5503 1160 5573 ὀφείλομεν
1185 5518 1201 5533 ·
1223 5502 1320 5555 καὶ
1348 5505 1622 5572 χρήσιμον
1640 5501 1775 5571 ἡμῖν
1798 5498 1958 5552 τοῦτο

376 5597 450 5659 ὡς
501 5597 597 5649 καὶ
646 5596 706 5648 τὸ
761 5595 982 5666 βλέπειν
1008 5611 1023 5626 ο
1056 5595 1202 5648 καθά
1246 5596 1341 5647 καὶ
1377 5595 1436 5647 τὸ
1473 5591 1788 5664 μεμνῆσθαι
1819 5590 1954 5645 Θεοῦ

379 5686 649 5757 χρήσιμον
679 5686 812 5755 ἡμῖν
845 5685 919 5749 ὡς
953 5685 1017 5738 τὸ
1057 5687 1323 5739 ἀναπνεῖν
1356 5687 1449 5739 τὸν
1483 5685 1642 5756 ἀέρα.
1682 5703 1700 5737 ι
1738 5685 1958 5754 Μιμνή-

385 5795 517 5835 σκου
545 5779 675 5849 γὰρ,
702 5781 889 5851 φησιν,
926 5780 992 5834 τά
1051 5779 1255 5848 ἔσχατά
1293 5797 1411 5844 σου,
1449 5781 1541 5834 καὶ
1569 5778 1630 5832 οὐ
1666 5778 1742 5843 μή
1774 5777 1955 5841 ἁμάρ-

2067 5405 2228 5459 iinem
2263 5409 2512 5456 nostrum
2547 5396 2808 5453 continuo
2853 5406 2908 5451 et
2937 5393 3252 5450 indefessim
3301 5407 3367 5452 ac
3409 5393 3467 5449 in
3496 5395 3646 5450 omni

2067 5510 2311 5564 tempore
2349 5490 2604 5549 meditari
2632 5489 2918 5555 debemus,
2952 5487 3094 5558 quod
3125 5502 3233 5542 non
3280 5487 3465 5541 minus
3534 5485 3650 5540 fru-

2066 5597 2317 5644 ctuosum
2349 5592 2436 5641 est
2464 5582 2624 5638 nobis
2648 5594 2815 5651 quam
2847 5579 3022 5634 lucem
3050 5577 3258 5643 videre,
3282 5576 3645 5646 quemadmo-

2068 5681 2195 5737 dum
2221 5689 2280 5734 et
2328 5678 2423 5733 Dei
2467 5674 2789 5731 meminisse
2817 5683 2927 5727 tam
2976 5671 3112 5726 utile
3143 5682 3228 5727 ρει
3274 5668 3434 5724 nobis
3478 5683 3642 5738 quam

2069 5787 2247 5829 acrem
2278 5770 2475 5837 spiritu
2521 5767 2745 5825 ducere.
2772 5764 2861 5820 Ait
2891 5763 3037 5821 enim
3076 5780 3090 5818 :
3137 5781 3156 5813 ι
3202 5759 3505 5817 Memorare
3544 5774 3646 5815 uo-
