4046 6438
317 345 426 418 673

1469 344 1568 405 DE
1604 335 1901 402 0RDINE
1943 335 2456 401 SEPULTURAZ.

3440 341 3456 354 “
3497 332 3608 401 δτι

319 463 634 536 άψαμένης,
667 461 1026 534 ⁴ίιγέρθησαν·
1072 460 1168 514 καὶ
1199 459 1257 512 σὲ
1313 455 1550 522 ζωὼσει,
1588 453 1794 522 μᾶλλον
1852 450 1913 503 ού

2026 465 2233 507 necnon
2266 454 2565 509 viviﬁeabit
2602 464 2652 510 te
2677 443 2880 509 nedum
2927 467 2978 510 te
3009 453 3322 510 interﬁciat.
3360 455 3530 511 Pcno
3561 459 3607 512 si

318 557 651 612 θανατώσει.
688 557 750 608 Ei
798 555 854 608 δὲ
895 553 957 606 τὺ
987 553 1140 615 τέλος
1180 547 1605 621 προητοιμάσθη
1659 563 1766 611 σοι,
1811 544 1910 597 καὶ

321 651 591 719 πάρεστιν
623 650 651 703 ὁ
682 649 898 718 καιρὸς,
965 644 1238 716 πρόσελθε
1299 642 1524 714 μᾶλλον,
1567 641 1654 694 ἵνα
1717 638 1909 702 τοῦτον

326 741 584 796 ἐντεῦθεν
613 743 695 804 είς
724 739 1025 813 ἀρραϐῶνα
1045 737 1250 808 λάϐῃς·
1289 734 1458 797 αὐτὸς
1489 733 1600 804 γάρ
1626 748 1709 785 σοι
1727 732 1908 784 ἐκεῖσε

325 837 422 892 καὶ
455 838 489 906 ἡ
522 833 637 904 ζωὴ
673 835 766 887 καὶ
803 835 833 902 ὴ
871 831 1048 900 τροφὴ
1081 832 1174 886 καὶ
1199 829 1258 882 τὸ
1295 828 1412 897 φῶς
1445 826 1540 880 καὶ
1570 826 1905 886 ἀνάπαυσιςο

324 929 423 984 καὶ
457 931 506 982 εί
546 927 742 982 τούτου
802 925 1084 995 μετάσχῃς
1134 915 1257 988 ὧδε,
1310 918 1744 990 οίκτειρηθήσῃο
1812 916 1908 968 καὶ

324 1020 579 1078 ἐντεῦθεν
613 1020 758 1085 ἕξεις
809 1021 908 1081 τὰς
942 1017 1044 1086 τῆς
1103 1015 1248 1085 ζωῆς
1279 1015 1538 1084 ἀπαρχὰς
1572 1010 1739 1064 αὑτοῦ
1762 1028 1776 1043 ’
1813 1011 1909 1063 καὶ

325 1118 426 1173 σὺν
451 1113 628 1184 τούτῳ
682 1113 918 1166 πάντοτε
978 1110 1115 1182 ἔσῃ’
1159 1110 1252 1161 καὶ
1309 1109 1358 1160 οί
1427 1105 1616 1177 ἐχθροὶ
1668 1101 1777 1157 ἀπὸ
1813 1100 1906 1155 σοῦ

323 1209 519 1279 πόρρω
547 1204 844 1275 φεύξονται
877 1219 890 1233 ’
936 1203 998 1256 ού
1033 1203 1142 1270 γὰρ
1181 1201 1471 1271 ἰσχύσουσι
1521 1197 1666 1252 κατὰ
1703 1195 1818 1255 σοῦ.
1849 1195 1909 1261 τὸ

325 1302 433 1368 πῦρ
472 1301 611 1366 μετὰ
645 1293 742 1350 σοῦ
766 1296 1027 1356 λαϐόντος
1054 1295 1113 1346 τὸ
1138 1293 1428 1347 ᾶστεκτον.
1480 1291 1540 1344 ’0
1563 1291 1702 1361 πρὸς
1727 1290 1788 1342 τὸ
1818 1289 1908 1341 τέ-

323 1391 412 1454 λος
439 1391 624 1442 τοίνυν
681 1381 1144 1456 ἐξομολογείσσω,
1207 1382 1564 1453 μετανοείτω,
1605 1381 1734 1450 περὶ
1772 1379 1908 1432 πάν-

323 1501 434 1536 των
467 1480 854 1552 ἐτοιμαζέσθω
879 1494 894 1508 ⁸
935 1477 1034 1531 καὶ
1063 1479 1089 1530 ὁ
1147 1476 1348 1544 ἀτελὴς
1381 1475 1442 1526 τὸ
1479 1474 1724 1544 σχήματι
1761 1471 1912 1523 τελε-

326 1575 388 1628 σθ
403 1581 530 1641 ίὶτω.
573 1574 663 1627 ἵνα
693 1571 770 1644 μὴ
792 1571 989 1641 ἀτελὴς
1016 1571 1112 1623 καὶ
1152 1569 1280 1638 δίχα
1304 1569 1404 1638 τῆς
1427 1567 1775 1637 τελειοτάτης
1815 1583 1908 1618 τε·

323 1665 485 1736 λιτῆς
514 1664 730 1737 ἀπέλθῃ
768 1663 863 1717 τοῦ
897 1663 1210 1735 σχήματος.
1236 1659 1370 1716 Οἶδα
1400 1663 1511 1730 γάρ
1568 1663 1674 1714 κάν
1729 1658 1908 1730 τούτῳ

324 1760 615 1821 πλείστους
653 1757 1134 1828 καταμελοῦντας,
1158 1755 1305 1809 καθὰ
1361 1755 1426 1826 δὴ
1457 1756 1553 1809 καί
1588 1772 1734 1818 τινες
1769 1753 1907 1824 πρό-

324 1870 483 1922 τερον
507 1811 644 1923 πρός
689 1811 752 1905 τὸ
797 1811 1530 1922 θάπτισραγ’διαμέλλοντες
1587 1811 1757 1919 ἦσαν,
1815 1811 1912 1902 διαὶ
1943 1811 1990 1870 Β

325 1951 516 2004 τούτου
573 1950 910 2020 ἠστόχησαν,
973 1947 1196 2012 ἀλλ’ὡς
1247 1951 1274 2003 ὁ
1341 1949 1416 2018 μὴ
1461 1945 1786 2016 βαπτισθεὶς
1849 1944 1911 1998 οὐ

329 2035 685 2114 Χριστιανὸς,
713 2041 811 2095 καὶ
847 2043 874 2094 ὁ
915 2041 990 2112 μὴ
1022 2040 1102 2112 τῷ
1135 2040 1704 2112 σχήματιτελεσθεὶς,
1733 2039 1792 2092 ού
1814 2056 1911 2108 μο-

329 2135 491 2206 ναχὺς
521 2134 697 2190 ἔσται.
730 2134 842 2187 Καὶ
872 2133 942 2187 τὰ
982 2134 1122 2204 πρὸς
1157 2134 1337 2203 τούτῳ
1382 2133 1602 2202 μαθήσῃ
1639 2129 1912 2201 παρὰτῶν

329 2230 671 2284 διδασκάλων
717 2227 816 2299 τῆς
855 2227 1215 2298 Ἐκκλησίας,
1254 2228 1355 2281 καὶ
1388 2225 1677 2280 Βασιλείου
1711 2225 1916 2294 μᾶλλον

329 2325 420 2375 καὶ
464 2323 796 2392 Γρηγορίου,
827 2322 926 2374 καὶ
955 2324 1004 2375 οἱ
1055 2321 1194 2393 πρὸς
1244 2321 1304 2375 τὸ
1361 2321 1648 2392 βάπτισμα
1706 2320 1915 2374 τούτων

329 2417 484 2483 λόγοι
518 2416 616 2470 νῦν
646 2416 786 2486 πρὸς
838 2417 901 2469 τὸ
937 2415 1132 2486 σχῆμά
1176 2433 1261 2468 σοι
1313 2417 1409 2469 καὶ
1462 2415 1560 2486 τὴν
1620 2416 1916 2485 μετάνοιαν

329 2514 601 2565 ἔστωσαν.
646 2509 708 2562 '0
742 2510 798 2563 δέ
832 2525 895 2579 γε
937 2511 1012 2579 μὴ
1052 2507 1290 2579 μοναχδς
1332 2506 1548 2577 φθάσας
1583 2501 1753 2572 εἷναι,
1787 2508 1916 2579 περὶ

329 2606 389 2657 τὸ
425 2604 579 2666 τέλος
614 2602 780 2656 αὐτοῦ
833 2601 1073 2672 γινέσθω
1099 2617 1115 2634 ⁶
1181 2602 1444 2672 μέγιστον
1480 2603 1588 2670 γάρ
1624 2601 1685 2654 τὸ
1717 2601 1914 2670 δῶρον,

327 2695 589 2767 βασιλικὴ
624 2697 656 2766 ἡ
692 2697 956 2766 σφραγὶς,
987 2694 1246 2765 δεύτερόν
1301 2696 1421 2748 ἐστι
1470 2693 1760 2765 βάπτισμα
1788 2711 1800 2724 °
1853 2699 1918 2748 ἐκ

329 2793 438 2840 τῶν
510 2789 929 2860 ἁμαρτημάτων
992 2786 1280 2857 καθαίρει·
1346 2787 1497 2859 δῶρα
1531 2789 1766 2858 παρέχει
1826 2789 1921 2842 καὶ

333 2885 593 2952 χάριτας·
629 2879 840 2946 ὁπλίζει
877 2881 972 2934 καὶ
1006 2883 1231 2952 σημειοῖ
1269 2893 1284 2908 ·
1319 2879 1622 2950 ἐξαιρεῖται
1654 2882 1868 2952 ἐχθρῶν
1898 2899 1915 2916 ο

335 2974 413 3044 τῷ
447 2975 662 3040 βασιλεῖ
694 2975 962 3045 παριστᾷ,
996 2975 1093 3027 καὶ
1131 2973 1289 3042 φίλον
1328 2974 1568 3044 καθιστᾷ
1601 2973 1821 3028 τούτου.
1857 2977 1919 3029 Εἰ

335 3067 660 3136 προσέλθῃς,
702 3067 1029 3138 φωτισθήσῃ
1068 3067 1166 3120 καὶ
1212 3067 1274 3120 ού
1330 3068 1814 3138 καταισχυνθήσῃ,
1871 3070 1920 3120 εί

333 3159 554 3230 δειλιᾷς,
585 3160 644 3210 ού
684 3159 986 3229 μετανοεῖς·
1012 3157 1109 3210 καὶ
1137 3157 1353 3228 ἀμϐλὺς
1393 3155 1462 3214 εἴ.
1488 3159 1598 3214 Καὶ
1628 3160 1744 3221 πῶς
1793 3178 1928 3214 κατ-

338 3254 467 3315 ίδοις
522 3253 612 3306 τὸν
643 3251 870 3317 βασιλέα
898 3268 914 3318 ;
986 3251 1177 3320 Ὅμως
1207 3251 1311 3304 κᾶν
1347 3251 1684 3321 μετανόησον
1705 3253 1886 3322 λόγοις
1907 3271 1919 3284 ο

335 3345 565 3398 κάλεσον
592 3345 743 3415 ἱερέα
780 3344 872 3398 τὸν
909 3345 1065 3414 ἰσχὺν
1091 3343 1285 3414 ἔχοντα
1308 3361 1324 3374 ο
1361 3345 1767 3416 ταπεινώθητι·
1833 3347 1921 3412 ἑξ-

338 3437 680 3507 αγόρευσον⁹
729 3437 1066 3508 μετάνόησον
1117 3435 1369 3507 ἀληθῶς·
1422 3437 1636 3504 ἐγγίζει
1698 3438 1806 3506 γάρ
1842 3455 1924 3492 σοι

341 3528 545 3598 μᾶλλον
581 3530 613 3598 ἡ
651 3527 900 3598 βασιλεία
939 3529 1048 3581 τῶν
1099 3529 1348 3600 οὐρανῶν
1378 3545 1395 3562 ο
1449 3527 1808 3600 συγχώρησιν
1839 3526 1924 3582 αι’-

335 3638 500 3690 τησαι
523 3639 536 3652 ·
572 3621 796 3690 ἐλέησον
828 3621 889 3685 ἐξ
919 3615 993 3674 ὧν
1023 3620 1172 3690 ἔχεις
1193 3638 1207 3654 ο
1241 3621 1440 3684 ἀπόδος
1467 3621 1631 3692 262
1666 3621 1767 3690 τὴν
1805 3621 1925 3673 ἀδι-

339 3717 485 3768 κὶαν·
517 3716 586 3767 τά
615 3715 1120 3784 συκοφαντηθέντα,
1143 3715 1191 3767 εί
1216 3715 1473 3786 ἐγχωρεῖ,
1499 3715 1638 3767 κατὰ
1668 3712 1761 3766 τὸν
1785 3713 1928 3765 Ζακο

342 3812 495 3875 χαῖον
523 3807 1002 3877 τετραπλασίασον
1026 3826 1040 3840 ’
1101 3809 1300 3878 στῆσον
1345 3809 1438 3862 τοῦ
1473 3807 1550 3878 μὴ
1603 3807 1830 3876 ποιῆσαι
1866 3807 1927 3860 τὸ

343 3905 513 3954 κακὸν
546 3901 668 3954 ἐτι·
736 3903 1056 3973 ἀπόστησον
1110 3905 1319 3973 πόρνην
1377 3901 1485 3954 ἀπὸ
1540 3898 1637 3953 σοῦ
1667 3915 1684 3931 ·
1732 3900 1927 3966 δίωξον

349 3996 652 4068 μοιχαλίδα·
687 3997 1070 4068 καταλλάγηθι
1122 3996 1201 4066 τῷ
1259 3995 1730 4069 προσκεκρουκότι
1766 4011 1780 4026 ο
1841 3995 1928 4058 δὸς

342 4092 594 4160 είρὴνην’
649 4091 778 4144 λάϐε
828 4091 1072 4162 εἰρήνην,
1125 4089 1216 4143 ἵνα
1275 4090 1417 4159 μετὰ
1451 4088 1561 4142 τῶν
1589 4089 1760 4156 φίλων
1795 4089 1931 4162 γένῃ

345 4178 604 4248 Χριστοῦ.
637 4184 875 4252 Ποίησον
929 4184 998 4237 τὰ
1051 4183 1149 4236 τοῦ
1184 4182 1374 4250 ἐλέου,
1418 4182 1507 4236 ἵνα
1555 4181 1703 4236 θείου
1758 4181 1930 4252 τύχῃς

344 4279 527 4340 ἐλέους
549 4295 562 4307 ο
600 4278 690 4331 καὶ
722 4278 790 4330 τὰ
820 4274 914 4329 τοῦ
947 4276 1104 4343 ἁγίου
1129 4275 1186 4329 δὲ
1219 4275 1403 4328 ἐλαίου
1437 4276 1580 4328 κατὰ
1629 4274 1733 4343 τὴν
1786 4273 1928 4325 ἀπο-

349 4369 602 4440 στολικὴν
633 4368 876 4440 ἐντολὴν,
924 4369 1197 4421 πιστεύων
1232 4369 1418 4437 εὑρεῖν
1480 4365 1762 4434 ἐξάλειψιν
1820 4364 1931 4418 τῶν

347 4460 788 4529 ἁμαρτημάτων,
809 4458 905 4513 καὶ
936 4461 1033 4528 τῆς
1067 4459 1226 4511 νόσου
1269 4458 1650 4526 ἐξεγερθῆναι,
1711 4458 1931 4510 ἐκτέλε-

2021 544 2149 597 ﬁnis
2181 545 2585 616 appropinquet
2613 546 2705 600 tibi
2751 556 2802 601 et
2831 547 2942 616 jam
2974 545 3119 600 adsit
3158 542 3398 616 tempus,
3434 547 3609 612 magis

2018 641 2240 706 accede,
2278 650 2337 694 ut
2366 641 2491 694 inde
2527 655 2648 695 eum
2690 641 2742 695 in
2773 641 2968 696 ari-has
3004 640 3272 710 accipias,
3303 641 3423 710 ipse
3459 641 3607 694 enim

2023 733 2118 788 tibi
2153 733 2257 788 erit
2284 733 2360 788 ibi
2426 734 2556 797 \ita,
2589 744 2640 788 et
2668 735 2847 799 cibus,
2874 745 2929 789 et
2961 735 3050 788 lux
3106 744 3159 790 et
3190 735 3424 804 requies,
3478 741 3532 789 et
3561 735 3608 788 si

2019 827 2094 882 illi
2153 827 2242 884 his
2285 829 2336 880 iu
2385 830 2544 882 terris
2601 827 3118 894 rommunieaveris,
3165 827 3605 883 misericordiam

2019 921 2397 990 consequeris,
2435 920 2642 975 ethinc
2705 921 2933 976 habebis
2984 917 3254 990 primitias
3278 920 3427 976 illius
3460 922 3606 982 vitm.

2019 1026 2066 1070 et
2105 1031 2227 1068 rum
2262 1031 2328 1070 eo
2355 1015 2465 1069 eris
2497 1031 2736 1082 semper,
2781 1023 2836 1071 et
2869 1015 3078 1071 inimici
3129 1014 3322 1086 procul
3367 1030 3397 1070 a
3431 1026 3482 1068 te
3519 1012 3603 1067 fu-

2021 1111 2202 1178 gient;
2229 1125 2351 1163 nam
2384 1125 2490 1162 non
2523 1110 2896 1179 prmrali-bunt
2919 1111 3207 1165 adversum
3230 1121 3280 1164 te
3309 1109 3400 1178 qui
3428 1109 3616 1186 ignem.

2019 1204 2200 1256 Omnia
2237 1214 2486 1256 urentem
2511 1214 2692 1258 tecum
2719 1204 3017 1272 acceperis.
3055 1203 3155 1270 Qui
3188 1221 3317 1276 ergo
3346 1205 3412 1258 ad
3446 1187 3604 1258 liue'm
3678 1223 3680 1225 ·

2019 1294 2142 1347 vitm
2175 1295 2416 1363 attingit,
2450 1298 2808 1362 conﬁteatur,
2841 1299 3130 1366 pmniteat,
3165 1299 3216 1352 in
3262 1299 3520 1351 omnibus
3550 1315 3607 1354 se

2021 1400 2308 1458 prieparct,
2349 1389 2699 1458 imperfectus
2725 1408 2822 1446 seu
2853 1393 3096 1446 novitius
3129 1392 3320 1448 habitu
3358 1391 3610 1462 perﬁcia-

2021 1493 2108 1537 tur
2140 1500 2207 1539 ne
2238 1485 2593 1553 imperfectus
2619 1493 2672 1538 et
2704 1485 2913 1552 absque
2951 1485 3358 1555 perfectissimo
3386 1487 3609 1542 habitus

2020 1578 2350 1633 indumento
2420 1579 2701 1634 abscedat.
2766 1579 2963 1634 Multos
3034 1582 3180 1635 enim
3234 1582 3356 1635 novi
3413 1581 3466 1635 in
3505 1586 3612 1636 hoc

2017 1673 2181 1728 etiam
2210 1672 2539 1736 incuriosos,
2566 1673 3027 1741 quemadmodum
3049 1674 3178 1727 olim
3203 1675 3426 1743 quidam
3452 1687 3613 1728 erant

2019 1768 2084 1820 ad
2120 1769 2452 1836 baptismum
2477 1768 2847 1838 indiligentes.
2875 1785 2984 1837 quo
3013 1785 3122 1823 non
3155 1770 3464 1837 baptizatus
3494 1786 3604 1824 non

2019 1872 2105 1914 est
2130 1860 2502 1923 Christianus,
2536 1861 2606 1913 ita
2637 1872 2687 1912 et
2729 1861 2917 1914 habitu
2997 1877 3104 1915 non
3152 1863 3375 1917 indutus
3419 1879 3612 1917 mona-

2019 1953 2156 2006 chus
2189 1969 2294 2006 non
2329 1953 2454 2005 erit.
2494 1951 2650 2017 Quod
2684 1953 2865 2008 disces
2893 1970 2956 2006 ex
2986 1953 3239 2008 doctrina
3271 1955 3528 2010 Ecclesia:
3554 1965 3612 2009 et

2022 2045 2324 2111 prmsertiiu
2354 2060 2380 2095 a
2419 2044 2623 2098 Basilio
2664 2059 2717 2097 et
2755 2043 3020 2114 Gregorio
3055 2059 3292 2113 quorum
3328 2061 3612 2098 sermones

2020 2136 2088 2188 de
2118 2137 2396 2204 baptiSnm
2427 2152 2572 2189 ιιιιηο
2607 2135 2672 2189 ad
2707 2135 2956 2190 habitum
3013 2145 3068 2191 et
3123 2137 3189 2190 ad
3229 2137 3610 2206 paenitentiam

2019 2229 2394 2284 accommoda.
2422 2229 2524 2295 Qui
2552 2244 2685 2294 ergo
2737 2231 2890 2299 prius
2919 2243 3028 2282 non
3059 2227 3228 2284 fuerit
3279 2232 3611 2294 monachus,

2020 2323 2145 2377 talis
2175 2323 2269 2376 ﬁat
2302 2323 2353 2376 in
2389 2323 2495 2377 ﬁne
2527 2325 2650 2376 vita:
2674 2338 2788 2376 suae
2826 2341 2840 2388 ;
2874 2324 3081 2377 donum
3115 2322 3262 2377 enim
3313 2332 3400 2378 est
3443 2327 3615 2377 maxi-

2023 2428 2171 2467 mum
2205 2424 2259 2469 et
2293 2417 2474 2484 regale
2505 2414 2773 2484 sigillum,
2825 2415 3106 2470 secundus
3153 2423 3234 2470 est
3273 2415 3610 2484 baptismus,

2021 2521 2050 2558 a
2080 2509 2315 2576 peccatis
2352 2516 2567 2577 purgat,
2607 2509 2748 2560 dona
2797 2516 2844 2560 et
2883 2507 3090 2576 gratias
3139 2506 3402 2576 impertit,
3442 2511 3613 2564 armis

2022 2601 2248 2655 instruit
2270 2615 2324 2654 et
2349 2596 2546 2670 signat,
2575 2601 2640 2655 ab
2675 2599 2914 2653 inimicis
2973 2600 3142 2663 eruit,
3188 2601 3254 2656 ad
3297 2616 3480 2670 regem
3527 2603 3610 2656 iu-

2023 2694 2282 2762 troducit,
2316 2695 2477 2762 eique
2512 2694 2749 2747 amicum
2783 2687 2952 2747 efﬁk-it
2981 2692 3262 2747 hominem
3291 2709 3307 2762 ;
3357 2696 3403 2750 si
3441 2711 3608 2750 acce-

2025 2791 2144 2855 das,
2181 2788 2581 2844 illuminaheris
2619 2797 2672 2843 et
2701 2805 2808 2844 non
2842 2790 3222 2858 confunderis,
3248 2791 3294 2847 si
3323 2790 3494 2850 fueris
3521 2810 3613 2850 so-

2024 2899 2168 2948 cors,
2197 2897 2544 2952 nequaquam
2575 2883 2849 2946 paenitens
2885 2893 2938 2938 et
2959 2885 3144 2951 segnis
3168 2899 3246 2948 es,
3267 2895 3320 2940 et
3338 2889 3614 2954 quomodo

2026 2990 2208 3044 regem
2240 2973 2638 3042 conspiceres?
2670 2971 2844 3027 Simul
2895 2985 3072 3028 tamen
3112 2973 3292 3044 lingua
3339 2977 3608 3044 pmniten-

2027 3069 2158 3121 tiam
2203 3067 2456 3126 enuntia,
2514 3067 2720 3120 advoca
2769 3065 3115 3122 sacerdotem
3172 3066 3430 3122 facultate
3481 3084 3616 3138 gau-

1957 3155 2001 3214 C
2034 3160 2276 3223 dentem,
2309 3157 2626 3223 humiliare,
2667 3159 2950 3226 conﬁtere,
2992 3173 3176 3213 veram
3211 3174 3310 3226 age
3345 3163 3620 3228 pmniteno

2031 3253 2164 3308 tiam
2273 3252 2503 3322 propius
2565 3245 2712 3306 enim
2772 3250 3180 3322 appropinquat
3230 3251 3325 3307 tibi
3389 3265 3618 3322 regnum

2029 3345 2332 3400 caelorum.
2363 3341 2591 3398 Veniam
2619 3359 2806 3412 posce,
2833 3343 2915 3397 fac
2947 3359 3008 3400 ex
3050 3343 3136 3398 his
3190 3358 3312 3414 quae
3354 3343 3450 3397 tibi
3487 3353 3621 3398 sunt

2031 3437 2486 3498 misericordiam,
2523 3437 2686 3491 redde
2726 3436 2928 3504 injuste
2958 3436 3165 3502 ablata,
3201 3434 3610 3502 fraudatorum,

2030 3529 2075 3583 si
2109 3530 2378 3598 potueris,
2411 3529 2710 3585 secundum
2768 3527 3090 3584 Zacchaaum
3147 3529 3313 3584 redde
3373 3531 3619 3600 quadru-

2031 3623 2176 3691 plum
2203 3639 2219 3689 ;
2261 3637 2394 3676 care
2426 3639 2492 3676 ne
2520 3622 2698 3677 adlmc
2726 3623 2928 3676 malum
2964 3623 3278 3677 committas
3309 3639 3325 3689 ;
3356 3638 3550 3678 amove
3586 3637 3617 3676 a

2031 3723 2083 3766 te
2114 3712 2500 3776 fornicariam,
2524 3711 2664 3780 cjicc
2693 3710 3030 3776 adulteram,
3061 3723 3182 3763 cum
3215 3723 3280 3763 eo
3303 3711 3392 3778 qui
3437 3719 3487 3762 te
3517 3707 3618 3762 of-

2033 3804 2207 3859 fendit
2229 3804 2606 3865 reconciliare,
2629 3802 2697 3857 da
2724 3816 2934 3870 pacem,
2952 3815 3141 3870 pacem
3169 3799 3375 3867 accipe,
3408 3808 3464 3852 ut
3491 3814 3620 3854 cum

2033 3896 2226 3950 amicis
2257 3894 2462 3950 Christi
2504 3894 2600 3948 ﬁas
2631 3911 2646 3958 ;
2679 3892 2764 3948 fac
2805 3907 2970 3963 opera
3001 3891 3412 3949 misericordiae.
3443 3901 3503 3945 ut
3534 3891 3621 3947 di-

2033 3990 2215 4044 vinam
2247 3989 2505 4044 obtineas
2537 3986 3010 4051 misericordiam;
3041 3984 3221 4040 oleum
3250 3995 3501 4039 sanctum
3533 3999 3624 4038 se-

2032 4083 2275 4138 cundum
2331 4080 2565 4151 apostoli
2621 4079 2940 4132 mandatum
3001 4078 3246 4146 suscipe,
3275 4077 3509 4132 credens
3569 4085 3624 4130 te

2036 4185 2393 4246 peccatorum
2428 4171 2814 4228 remissionem
2851 4180 2904 4224 ct
2929 4188 2960 4226 a
3005 4171 3197 4224 morbo
3241 4169 3498 4224 solatium
3535 4168 3624 4222 in-

2034 4280 2350 4327 venturum,
2385 4266 2653 4334 veniaque
2686 4265 2932 4330 obtenta,
2968 4263 3011 4318 si
3041 4261 3226 4317 divina
3266 4261 3487 4330 quidem
3523 4262 3625 4313 mi-

2036 4360 2319 4415 seratione
2349 4372 2518 4413 carne
2536 4365 2763 4411 sanatus
2793 4355 3172 4424 allevatusque
3199 4352 3392 4419 fueris,
3419 4351 3626 4419 gratias

2037 4470 2157 4525 age,
2188 4464 2242 4508 et
2268 4452 2536 4522 promissa
2557 4449 2797 4517 adimple
2823 4449 2875 4501 in
2906 4445 3230 4526 pmniteutia
3268 4458 3622 4514 permanens,

349 4568 459 4603 σον.
497 4553 606 4605 Καὶ
656 4551 755 4621 τὴν
789 4552 987 4618 ἄφεσιν
1023 4549 1302 4620 εὑρηκὼς,
1353 4551 1402 4601 εί
1461 4549 1563 4617 μὲν
1620 4549 1750 4618 θείῳ
1781 4548 1922 4600 ἐλέει

2039 4561 2383 4615 mortemque
2415 4544 2616 4598 iterum
2665 4550 2948 4611 exspecta.
2987 4538 3179 4594 Veniet
3212 4539 3383 4598 enim,
3411 4545 3468 4590 et
3513 4537 3622 4605 jam

347 4643 564 4714 ὲξιαθῇς
594 4646 659 4713 τῇ
696 4644 863 4712 σαρκὶ
885 4642 983 4696 καὶ
1004 4642 1326 4712 ἐξεγερθῇς,
1363 4641 1793 4710 εὐχαρίστησον,
1832 4642 1930 4694 καὶ

347 4739 415 4790 τὰ
445 4736 542 4805 τῆς
579 4737 932 4806 ὑποσχέσεως
964 4736 1210 4800 τέλεσον,
1249 4734 1531 4804 μετανοῶν
1591 4735 1796 4802 μένων·
1834 4737 1929 4787 καὶ

348 4833 415 4884 τὰ
447 4833 540 4885 τοῦ
573 4833 760 4894 τέλους
790 4832 955 4886 πάλιν
992 4832 1293 4902 περίμενε·
1346 4829 1633 4883 ἐλεύσεται
1666 4831 1798 4900 γὰρ,
1834 4833 1930 4883 καὶ

349 4924 512 4990 ἐγγύς
546 4926 700 4976 ἐστι·
727 4926 824 4978 καὶ
858 4925 918 4976 οὐ
945 4923 1022 4993 μὴ
1055 4923 1235 4995 φύγῃς
1277 4923 1471 4976 τούτου
1495 4925 1649 4976 ποτέ·
1676 4927 1768 4976 καὶ
1792 4927 1929 4994 πρὸς

350 5016 483 5068 αὐτὸ
507 5014 771 5085 διηνεκῶς
811 5015 1138 5084 ἐτοιμάζου.
1172 5015 1286 5068 Καὶ
1338 5012 1607 5077 πολλάκις
1653 5030 1736 5067 σοι
1773 5013 1935 5068 τοῦτο

347 5110 519 5176 λέγω,
548 5111 632 5175 τὸ,
693 5126 713 5161 ι
757 5106 1023 5177 Ἕτοιμος
1078 5107 1194 5162 ἔσο.
1243 5125 1263 5159 ι
1313 5105 1471 5160 Ἐπεὶ
1522 5105 1618 5160 καὶ
1678 5106 1705 5158 ὁ
1743 5105 1935 5175 Σωτὴρ

349 5203 650 5267 διαπαντός
681 5217 818 5273 φησι
851 5203 1035 5267 τοῦτο,
1093 5218 1112 5252 ι
1149 5199 1380 5254 Γίνεσθε
1449 5199 1684 5270 ἕτοιμοι,
1725 5217 1743 5251 ι
1809 5200 1932 5270 ἦτοι

355 5297 612 5350 πάντοτε.
651 5297 710 5347 Ei
742 5296 798 5348 δὲ
832 5293 1188 5366 προσκληθῇς
1245 5292 1324 5362 τῷ
1377 5292 1622 5362 θανάτῳ,
1666 5291 1760 5346 ἴνα
1795 5291 1939 5345 510'.-

356 5407 454 5458 μος
486 5388 760 5457 εὑρεθεὶς,
797 5388 938 5457 μετὰ
963 5385 1099 5440 Θεοῦ
1136 5386 1278 5451 εἴης,
1308 5385 1408 5437 καὶ
1444 5383 1586 5454 μετὰ
1617 5383 1729 5436 τῶν
1765 5384 1940 5453 φίλων

353 5479 519 5533 αὐτοῦ
548 5479 832 5550 ταχθείης,
881 5479 976 5531 καὶ
1023 5473 1090 5548 ἧς
1145 5475 1438 5546 ἐπιθυμεῖς
1496 5474 1939 5538 ἐπαπολαύσειας

354 5577 528 5646 χαρᾶς
556 5591 613 5627 τε
647 5577 744 5628 καὶ
778 5572 1143 5634 ἀπολαύσεως
1178 5587 1191 5602 ⁸
1229 5570 1390 5622 τοῦτο
1439 5569 1535 5622 καὶ
1567 5572 1674 5640 γὰρ
1729 5563 1829 5623 ὦδε
1877 5570 1939 5622 τὸ

353 5668 650 5740 άπατηλῶς
674 5667 860 5721 σαῖνόν
897 5683 978 5732 σε,
1007 5668 1040 5735 ἠ
1081 5665 1432 5734 ταλαίπωρος
1463 5663 1653 5732 ἡδονὴ,
1677 5664 1942 5730 ἀγνοοῦν-

2037 4655 2205 4709 prope.
2245 4646 2352 4702 est,
2387 4652 2488 4709 nec
2521 4635 2670 4690 illam
2726 4649 2898 4702 usque
2959 4632 3156 4703 fugies,
3192 4641 3246 4684 et
3271 4632 3338 4684 ad
3396 4646 3518 4683 eam
3575 4643 3626 4683 te

2033 4736 2240 4804 jugiter
2276 4746 2546 4801 praepara,
2579 4729 2888 4796 sazpiusque
2914 4729 3019 4780 hoc
3053 4726 3144 4778 tibi
3178 4723 3299 4777 d‘co
3340 4741 3352 4777 :
3396 4723 3625 4776 l’aratm

2038 4842 2177 4890 esto,
2205 4831 2466 4898 quoniam
2501 4825 2756 4881 Salvator
2783 4836 3004 4887 Setuper
3033 4818 3178 4873 istud
3213 4818 3354 4868 dixit
3387 4834 3400 4868 :
3439 4817 3626 4869 l'lstote

2041 4924 2236 4990 putati,
2273 4936 2468 4986 nempe
2505 4931 2749 4984 semper.
2787 4914 2854 4965 At
2880 4913 2923 4966 si
2956 4926 3103 4963 mors
3139 4908 3236 4961 tibi
3301 4909 3488 4968 instat,
3545 4909 3624 4958 sie

2040 5018 2121 5068 lat:
2157 5025 2212 5066 ut
2245 5021 2468 5082 palatus
2501 5013 2780 5070 inventus,
2825 5004 2903 5059 sis
2931 5017 3055 5055 cum
3092 4999 3220 5064 Deo,
3253 5009 3306 5054 et
3335 5014 3458 5050 cum
3483 5001 3624 5052 ami-

2038 5116 2117 5165 eis
2159 5110 2280 5178 ejus
2313 5107 2626 5170 coltocenis,
2691 5114 2745 5157 et
2777 5114 2942 5171 quam
2985 5096 3336 5164 concupiscis
3396 5093 3627 5164 potiaris

2037 5204 2226 5256 lzeuitia
2253 5210 2308 5254 et
2340 5196 2710 5268 jucunditate.
2739 5194 2839 5246 Hic
2867 5190 3012 5245 enim
3047 5189 3144 5243 tibi
3172 5189 3309 5243 falso
3343 5185 3628 5241 blanditur

2043 5296 2242 5349 misera
2304 5293 2560 5358 voluptas
2595 5288 2688 5358 qui
2741 5285 3075 5353 voluptatem
3139 5282 3357 5347 neseis;
3419 5281 3464 5338 si
3499 5295 3631 5350 ergo

2043 5401 2228 5439 veram
2258 5384 2523 5444 volueris,
2559 5384 2888 5450 praesentem
2927 5384 2983 5429 et
3013 5372 3292 5427 carnalem
3324 5372 3450 5427 odio
3477 5370 3631 5424 inse-

2047 5493 2241 5548 quere,
2277 5487 2333 5528 ut
2382 5489 2564 5528 teram
2598 5480 2654 5525 et
2700 5467 3088 5539 sempiternam
3148 5463 3526 5532 consequaris.
3567 5460 3635 5514 Et

2051 5577 2151 5628 ista
2184 5571 2401 5642 quidem
2439 5569 2506 5622 de
2538 5567 2605 5621 iis
2635 5563 2730 5634 qui
2783 5578 2850 5616 ex
2917 5561 3028 5614 vita
3060 5559 3391 5617 abscedunt,
3446 5567 3537 5622 mp
3565 5568 3633 5605 ‘ze

2049 5683 2172 5738 quae
2199 5666 2267 5721 ab
2302 5663 2435 5734 ipsis
2474 5668 2601 5718 sunt
2630 5658 2902 5713 facienda.

353 5781 422 5818 τα
453 5765 554 5836 τὴν
589 5765 805 5834 ἡδονήν⁹
842 5762 1018 5817 mam
1069 5762 1168 5832 τὴν
1201 5761 1377 5832 ἀληθῆ
1413 5760 1618 5825 θέλειςν
1651 5762 1754 5832 ’τὴν
1779 5765 1838 5818 ἐν
1901 5767 1981 5839 τῷ
2067 5741 2298 5836 παρόντι
2354 5760 2450 5814 καὶ
2513 5757 2612 5826 τὴν
2661 5755 2763 5823 τῆς
2822 5750 3028 5822 σαρκὸς
3084 5748 3335 5818 μίσησον,
3397 5741 3482 5794 ἵνα
3536 5740 3637 5804 τῆς

358 5862 564 5944 ὕνεως·
619 5864 717 5917 καὶ
787 5862 864 5932 μὴ
919 5860 1202 5932 ληγούσης
1274 5861 1560 5931 ἐπιτύχῃς.
1630 5859 1744 5912 Καὶ
1808 5861 1980 5918 ταῦτα
2065 5869 2163 5936 μὶν
2232 5860 2360 5931 περὶ
2415 5857 2524 5911 τῶν
2581 5852 2940 5920 ἐξοδεύοντων
3012 5847 3090 5915 ὡς
3151 5843 3482 5915 ὀφειλόμενα
3536 5839 3636 5893 s5-
