  <div class='ocr_page' id='page_1' title='image "/cluster/home/n/w/nwhite01/storage/ocr_20150623/155/coo.31924054870609/347.png"; bbox 0 0 4046 6448; ppageno 0'>
   <div class='ocr_carea' id='block_1_1' title="bbox 342 756 386 819">
    <p class='ocr_par' dir='ltr' id='par_1_1' title="bbox 342 756 386 819">
     <span class='ocr_line' id='line_1_1' title="bbox 342 756 386 819; baseline 0 0"><span class='ocrx_word' id='word_1_1' title='bbox 342 768 345 769; x_wconf 67' lang='grc'><strong><em>⁷</em></strong></span> <span class='ocrx_word' id='word_1_2' title='bbox 366 756 386 819; x_wconf 68' lang='lat' dir='ltr'><strong>i</strong></span> 
     </span>
    </p>
   </div>
   <div class='ocr_carea' id='block_1_2' title="bbox 364 838 387 873">
    <p class='ocr_par' dir='ltr' id='par_1_2' title="bbox 364 838 387 873">
     <span class='ocr_line' id='line_1_2' title="bbox 364 838 387 873; baseline 0 -18"><span class='ocrx_word' id='word_1_3' title='bbox 364 838 387 873; x_wconf 63' lang='grc' dir='ltr'><strong>ι,</strong></span> 
     </span>
    </p>
   </div>
   <div class='ocr_carea' id='block_1_3' title="bbox 366 884 384 909">
    <p class='ocr_par' dir='ltr' id='par_1_3' title="bbox 366 884 384 909">
     <span class='ocr_line' id='line_1_3' title="bbox 366 884 384 909; baseline 0 -11"><span class='ocrx_word' id='word_1_4' title='bbox 366 884 384 909; x_wconf 40' lang='grc' dir='ltr'><strong>’ν</strong></span> 
     </span>
    </p>
   </div>
   <div class='ocr_carea' id='block_1_4' title="bbox 357 930 369 963">
    <p class='ocr_par' dir='ltr' id='par_1_4' title="bbox 357 930 369 963">
     <span class='ocr_line' id='line_1_4' title="bbox 357 930 369 963; baseline 0 0"><span class='ocrx_word' id='word_1_5' title='bbox 357 930 369 963; x_wconf 79' lang='grc' dir='ltr'><strong>ι</strong></span> 
     </span>
    </p>
   </div>
   <div class='ocr_carea' id='block_1_5' title="bbox 425 317 537 381">
    <p class='ocr_par' dir='ltr' id='par_1_5' title="bbox 425 317 537 381">
     <span class='ocr_line' id='line_1_5' title="bbox 425 317 537 381; baseline -0.009 0"><span class='ocrx_word' id='word_1_6' title='bbox 425 317 537 381; x_wconf 82' lang='grc'><strong>675</strong></span> 
     </span>
    </p>
   </div>
   <div class='ocr_carea' id='block_1_6' title="bbox 935 428 1478 486">
    <p class='ocr_par' dir='ltr' id='par_1_6' title="bbox 935 428 1478 486">
     <span class='ocr_line' id='line_1_6' title="bbox 935 428 1478 486; baseline 0.002 -3"><span class='ocrx_word' id='word_1_7' title='bbox 935 428 1112 484; x_wconf 69' lang='lat' dir='ltr'><strong>CAPU</strong></span> <span class='ocrx_word' id='word_1_8' title='bbox 1137 430 1162 481; x_wconf 74' lang='lat' dir='ltr'><strong>I‘</strong></span> <span class='ocrx_word' id='word_1_9' title='bbox 1204 428 1478 486; x_wconf 69' lang='lat' dir='ltr'><strong>CCCLXI.</strong></span> 
     </span>
    </p>
   </div>
   <div class='ocr_carea' id='block_1_7' title="bbox 423 520 2000 590">
    <p class='ocr_par' dir='ltr' id='par_1_7' title="bbox 423 520 2000 590">
     <span class='ocr_line' id='line_1_7' title="bbox 423 520 2000 590; baseline 0.001 -14"><span class='ocrx_word' id='word_1_10' title='bbox 423 521 497 576; x_wconf 86' lang='lat' dir='ltr'><strong>De</strong></span> <span class='ocrx_word' id='word_1_11' title='bbox 531 520 804 590; x_wconf 75' lang='lat' dir='ltr'><strong>sepultura</strong></span> <span class='ocrx_word' id='word_1_12' title='bbox 829 525 1210 590; x_wconf 78' lang='lat' dir='ltr'><strong>episcoporum.</strong></span> <span class='ocrx_word' id='word_1_13' title='bbox 1240 523 1599 587; x_wconf 73' lang='lat' dir='ltr'><strong>sacerdotum,</strong></span> <span class='ocrx_word' id='word_1_14' title='bbox 1626 540 1717 579; x_wconf 83' lang='lat' dir='ltr'><strong>nec</strong></span> <span class='ocrx_word' id='word_1_15' title='bbox 1750 540 1854 577; x_wconf 83' lang='lat' dir='ltr'><strong>non</strong></span> <span class='ocrx_word' id='word_1_16' title='bbox 1890 541 2000 577; x_wconf 86' lang='lat' dir='ltr'><strong>mo-</strong></span> 
     </span>
    </p>
   </div>
   <div class='ocr_carea' id='block_1_8' title="bbox 843 594 1576 664">
    <p class='ocr_par' dir='ltr' id='par_1_8' title="bbox 843 594 1576 664">
     <span class='ocr_line' id='line_1_8' title="bbox 843 594 1576 664; baseline 0.001 -18"><span class='ocrx_word' id='word_1_17' title='bbox 843 599 1159 655; x_wconf 75' lang='lat' dir='ltr'><strong>nachorum,</strong></span> <span class='ocrx_word' id='word_1_18' title='bbox 1193 594 1576 664; x_wconf 73' lang='lat' dir='ltr'><strong>(ultrorumque.</strong></span> 
     </span>
    </p>
   </div>
   <div class='ocr_carea' id='block_1_9' title="bbox 491 684 2007 759">
    <p class='ocr_par' dir='ltr' id='par_1_9' title="bbox 491 684 2007 759">
     <span class='ocr_line' id='line_1_9' title="bbox 491 684 2007 759; baseline 0.005 -21"><span class='ocrx_word' id='word_1_19' title='bbox 491 684 739 740; x_wconf 75' lang='lat' dir='ltr'><strong>Fratrem</strong></span> <span class='ocrx_word' id='word_1_20' title='bbox 772 701 907 742; x_wconf 88' lang='lat' dir='ltr'><strong>vero</strong></span> <span class='ocrx_word' id='word_1_21' title='bbox 935 690 987 740; x_wconf 90' lang='lat' dir='ltr'><strong>in</strong></span> <span class='ocrx_word' id='word_1_22' title='bbox 1025 689 1128 743; x_wconf 84' lang='lat' dir='ltr'><strong>lide</strong></span> <span class='ocrx_word' id='word_1_23' title='bbox 1153 688 1473 743; x_wconf 76' lang='lat' dir='ltr'><strong>defunctum</strong></span> <span class='ocrx_word' id='word_1_24' title='bbox 1503 690 1580 744; x_wconf 86' lang='lat' dir='ltr'><strong>ita</strong></span> <span class='ocrx_word' id='word_1_25' title='bbox 1608 690 1842 759; x_wconf 79' lang='lat' dir='ltr'><strong>sepelire</strong></span> <span class='ocrx_word' id='word_1_26' title='bbox 1872 706 2007 759; x_wconf 73' lang='lat' dir='ltr'><strong>pra:-</strong></span> 
     </span>
    </p>
   </div>
   <div class='ocr_carea' id='block_1_10' title="bbox 418 776 2004 851">
    <p class='ocr_par' dir='ltr' id='par_1_10' title="bbox 418 776 2004 851">
     <span class='ocr_line' id='line_1_10' title="bbox 418 776 2004 851; baseline 0.004 -20"><span class='ocrx_word' id='word_1_27' title='bbox 418 778 560 845; x_wconf 59' lang='lat' dir='ltr'><strong>ct-pit</strong></span> <span class='ocrx_word' id='word_1_28' title='bbox 605 776 870 834; x_wconf 85' lang='lat' dir='ltr'><strong>Ecclesia.</strong></span> <span class='ocrx_word' id='word_1_29' title='bbox 921 778 1245 835; x_wconf 82' lang='lat' dir='ltr'><strong>Pontiﬁcem</strong></span> <span class='ocrx_word' id='word_1_30' title='bbox 1292 782 1517 851; x_wconf 82' lang='lat' dir='ltr'><strong>quidem</strong></span> <span class='ocrx_word' id='word_1_31' title='bbox 1565 790 1619 836; x_wconf 90' lang='lat' dir='ltr'><strong>et</strong></span> <span class='ocrx_word' id='word_1_32' title='bbox 1664 783 2004 837; x_wconf 88' lang='lat' dir='ltr'><strong>sacerdotem</strong></span> 
     </span>
    </p>
   </div>
   <div class='ocr_carea' id='block_1_11' title="bbox 418 871 2002 945">
    <p class='ocr_par' dir='ltr' id='par_1_11' title="bbox 418 871 2002 945">
     <span class='ocr_line' id='line_1_11' title="bbox 418 871 2002 945; baseline 0.004 -22"><span class='ocrx_word' id='word_1_33' title='bbox 418 871 674 925; x_wconf 81' lang='lat' dir='ltr'><strong>manibus</strong></span> <span class='ocrx_word' id='word_1_34' title='bbox 730 874 1083 928; x_wconf 74' lang='lat' dir='ltr'><strong>sacerdotum</strong></span> <span class='ocrx_word' id='word_1_35' title='bbox 1147 874 1446 929; x_wconf 71' lang='lat' dir='ltr'><strong>committit</strong></span> <span class='ocrx_word' id='word_1_36' title='bbox 1501 885 1764 945; x_wconf 84' lang='lat' dir='ltr'><strong>tanquam</strong></span> <span class='ocrx_word' id='word_1_37' title='bbox 1828 885 2002 929; x_wconf 92' lang='lat' dir='ltr'><strong>totum</strong></span> 
     </span>
    </p>
   </div>
   <div class='ocr_carea' id='block_1_12' title="bbox 365 962 2007 1037">
    <p class='ocr_par' dir='ltr' id='par_1_12' title="bbox 365 962 2007 1037">
     <span class='ocr_line' id='line_1_12' title="bbox 365 962 2007 1037; baseline 0.005 -25"><span class='ocrx_word' id='word_1_38' title='bbox 365 1008 374 1025; x_wconf 44' lang='grc' dir='ltr'><strong><em>π</em></strong></span> <span class='ocrx_word' id='word_1_39' title='bbox 418 971 703 1028; x_wconf 85' lang='lat' dir='ltr'><strong>sanctum,</strong></span> <span class='ocrx_word' id='word_1_40' title='bbox 739 962 833 1032; x_wconf 90' lang='lat' dir='ltr'><strong>qui</strong></span> <span class='ocrx_word' id='word_1_41' title='bbox 872 979 997 1017; x_wconf 88' lang='lat' dir='ltr'><strong>cum</strong></span> <span class='ocrx_word' id='word_1_42' title='bbox 1020 965 1239 1020; x_wconf 80' lang='lat' dir='ltr'><strong>mundis</strong></span> <span class='ocrx_word' id='word_1_43' title='bbox 1270 966 1513 1021; x_wconf 73' lang='lat' dir='ltr'><strong>vestibus</strong></span> <span class='ocrx_word' id='word_1_44' title='bbox 1546 967 1751 1037; x_wconf 84' lang='lat' dir='ltr'><strong>proprii</strong></span> <span class='ocrx_word' id='word_1_45' title='bbox 1786 966 2007 1021; x_wconf 84' lang='lat' dir='ltr'><strong>habitus</strong></span> 
     </span>
    </p>
   </div>
   <div class='ocr_carea' id='block_1_13' title="bbox 342 1034 2007 1129">
    <p class='ocr_par' dir='ltr' id='par_1_13' title="bbox 342 1034 2007 1129">
     <span class='ocr_line' id='line_1_13' title="bbox 342 1034 2007 1129; baseline 0.005 -25"><span class='ocrx_word' id='word_1_46' title='bbox 342 1034 371 1053; x_wconf 47' lang='grc'><strong><em>’⁷</em></strong></span> <span class='ocrx_word' id='word_1_47' title='bbox 418 1052 679 1112; x_wconf 72' lang='lat' dir='ltr'><strong>induunt.</strong></span> <span class='ocrx_word' id='word_1_48' title='bbox 729 1056 888 1111; x_wconf 76' lang='lat' dir='ltr'><strong>Prius</strong></span> <span class='ocrx_word' id='word_1_49' title='bbox 924 1056 1146 1126; x_wconf 82' lang='lat' dir='ltr'><strong>quidem</strong></span> <span class='ocrx_word' id='word_1_50' title='bbox 1181 1057 1329 1113; x_wconf 85' lang='lat' dir='ltr'><strong>intus</strong></span> <span class='ocrx_word' id='word_1_51' title='bbox 1365 1072 1507 1128; x_wconf 80' lang='lat' dir='ltr'><strong>aqua</strong></span> <span class='ocrx_word' id='word_1_52' title='bbox 1547 1034 1767 1113; x_wconf 75' lang='lat' dir='ltr'><strong>tantum</strong></span> <span class='ocrx_word' id='word_1_53' title='bbox 1801 1073 2007 1129; x_wconf 87' lang='lat' dir='ltr'><strong>corpus</strong></span> 
     </span>
    </p>
   </div>
   <div class='ocr_carea' id='block_1_14' title="bbox 419 1147 2003 1223">
    <p class='ocr_par' dir='ltr' id='par_1_14' title="bbox 419 1147 2003 1223">
     <span class='ocr_line' id='line_1_14' title="bbox 419 1147 2003 1223; baseline 0.007 -25"><span class='ocrx_word' id='word_1_54' title='bbox 419 1147 473 1198; x_wconf 91' lang='lat' dir='ltr'><strong>in</strong></span> <span class='ocrx_word' id='word_1_55' title='bbox 528 1147 759 1200; x_wconf 78' lang='lat' dir='ltr'><strong>formam</strong></span> <span class='ocrx_word' id='word_1_56' title='bbox 795 1148 981 1203; x_wconf 89' lang='lat' dir='ltr'><strong>crucis</strong></span> <span class='ocrx_word' id='word_1_57' title='bbox 1015 1152 1245 1220; x_wconf 79' lang='lat' dir='ltr'><strong>spongia</strong></span> <span class='ocrx_word' id='word_1_58' title='bbox 1282 1163 1640 1223; x_wconf 88' lang='lat' dir='ltr'><strong>aspergentes</strong></span> <span class='ocrx_word' id='word_1_59' title='bbox 1681 1153 1736 1208; x_wconf 93' lang='lat' dir='ltr'><strong>in</strong></span> <span class='ocrx_word' id='word_1_60' title='bbox 1784 1154 2003 1223; x_wconf 89' lang='lat' dir='ltr'><strong>signum</strong></span> 
     </span>
    </p>
   </div>
   <div class='ocr_carea' id='block_1_15' title="bbox 416 1240 2003 1313">
    <p class='ocr_par' dir='ltr' id='par_1_15' title="bbox 416 1240 2003 1313">
     <span class='ocr_line' id='line_1_15' title="bbox 416 1240 2003 1313; baseline 0.008 -23"><span class='ocrx_word' id='word_1_61' title='bbox 416 1240 588 1293; x_wconf 81' lang='lat' dir='ltr'><strong>divini</strong></span> <span class='ocrx_word' id='word_1_62' title='bbox 634 1241 1000 1311; x_wconf 72' lang='lat' dir='ltr'><strong>baptismatis,</strong></span> <span class='ocrx_word' id='word_1_63' title='bbox 1038 1245 1252 1300; x_wconf 86' lang='lat' dir='ltr'><strong>scilicet</strong></span> <span class='ocrx_word' id='word_1_64' title='bbox 1290 1247 1342 1300; x_wconf 93' lang='lat' dir='ltr'><strong>in</strong></span> <span class='ocrx_word' id='word_1_65' title='bbox 1379 1246 1581 1313; x_wconf 80' lang='lat' dir='ltr'><strong>fronte,</strong></span> <span class='ocrx_word' id='word_1_66' title='bbox 1615 1247 1671 1302; x_wconf 91' lang='lat' dir='ltr'><strong>in</strong></span> <span class='ocrx_word' id='word_1_67' title='bbox 1709 1250 1913 1312; x_wconf 87' lang='lat' dir='ltr'><strong>oculis,</strong></span> <span class='ocrx_word' id='word_1_68' title='bbox 1950 1249 2003 1302; x_wconf 95' lang='lat' dir='ltr'><strong>in</strong></span> 
     </span>
    </p>
   </div>
   <div class='ocr_carea' id='block_1_16' title="bbox 417 1331 2003 1409">
    <p class='ocr_par' dir='ltr' id='par_1_16' title="bbox 417 1331 2003 1409">
     <span class='ocr_line' id='line_1_16' title="bbox 417 1331 2003 1409; baseline 0.008 -26"><span class='ocrx_word' id='word_1_69' title='bbox 417 1331 597 1396; x_wconf 82' lang='lat' dir='ltr'><strong>labiis,</strong></span> <span class='ocrx_word' id='word_1_70' title='bbox 628 1333 679 1387; x_wconf 92' lang='lat' dir='ltr'><strong>in</strong></span> <span class='ocrx_word' id='word_1_71' title='bbox 708 1344 933 1403; x_wconf 85' lang='lat' dir='ltr'><strong>pectore</strong></span> <span class='ocrx_word' id='word_1_72' title='bbox 953 1345 1009 1390; x_wconf 91' lang='lat' dir='ltr'><strong>et</strong></span> <span class='ocrx_word' id='word_1_73' title='bbox 1040 1335 1265 1406; x_wconf 87' lang='lat' dir='ltr'><strong>insuper</strong></span> <span class='ocrx_word' id='word_1_74' title='bbox 1288 1338 1341 1391; x_wconf 94' lang='lat' dir='ltr'><strong>in</strong></span> <span class='ocrx_word' id='word_1_75' title='bbox 1367 1340 1600 1409; x_wconf 87' lang='lat' dir='ltr'><strong>genibus</strong></span> <span class='ocrx_word' id='word_1_76' title='bbox 1632 1354 1694 1393; x_wconf 89' lang='lat' dir='ltr'><strong>ac</strong></span> <span class='ocrx_word' id='word_1_77' title='bbox 1727 1340 2003 1407; x_wconf 89' lang='lat' dir='ltr'><strong>manibus,</strong></span> 
     </span>
    </p>
   </div>
   <div class='ocr_carea' id='block_1_17' title="bbox 416 1423 2002 1499">
    <p class='ocr_par' dir='ltr' id='par_1_17' title="bbox 416 1423 2002 1499">
     <span class='ocr_line' id='line_1_17' title="bbox 416 1423 2002 1499; baseline 0.007 -25"><span class='ocrx_word' id='word_1_78' title='bbox 416 1439 538 1474; x_wconf 80' lang='lat' dir='ltr'><strong>eum</strong></span> <span class='ocrx_word' id='word_1_79' title='bbox 574 1423 770 1476; x_wconf 78' lang='lat' dir='ltr'><strong>deinde</strong></span> <span class='ocrx_word' id='word_1_80' title='bbox 802 1425 1036 1486; x_wconf 85' lang='lat' dir='ltr'><strong>desuper</strong></span> <span class='ocrx_word' id='word_1_81' title='bbox 1068 1428 1426 1496; x_wconf 80' lang='lat' dir='ltr'><strong>praecinctum</strong></span> <span class='ocrx_word' id='word_1_82' title='bbox 1461 1430 1759 1499; x_wconf 75' lang='lat' dir='ltr'><strong>pontificiis</strong></span> <span class='ocrx_word' id='word_1_83' title='bbox 1788 1446 1883 1485; x_wconf 89' lang='lat' dir='ltr'><strong>seu</strong></span> <span class='ocrx_word' id='word_1_84' title='bbox 1911 1447 2002 1485; x_wconf 84' lang='lat' dir='ltr'><strong>sa-</strong></span> 
     </span>
    </p>
   </div>
   <div class='ocr_carea' id='block_1_18' title="bbox 415 1516 2003 1592">
    <p class='ocr_par' dir='ltr' id='par_1_18' title="bbox 415 1516 2003 1592">
     <span class='ocr_line' id='line_1_18' title="bbox 415 1516 2003 1592; baseline 0.008 -26"><span class='ocrx_word' id='word_1_85' title='bbox 415 1516 793 1573; x_wconf 71' lang='lat' dir='ltr'><strong>cerdotalibus</strong></span> <span class='ocrx_word' id='word_1_86' title='bbox 840 1518 1186 1576; x_wconf 84' lang='lat' dir='ltr'><strong>vestimentis</strong></span> <span class='ocrx_word' id='word_1_87' title='bbox 1225 1521 1496 1587; x_wconf 90' lang='lat' dir='ltr'><strong>induunt,</strong></span> <span class='ocrx_word' id='word_1_88' title='bbox 1555 1524 1759 1592; x_wconf 80' lang='lat' dir='ltr'><strong>caligas</strong></span> <span class='ocrx_word' id='word_1_89' title='bbox 1823 1534 2003 1580; x_wconf 87' lang='lat' dir='ltr'><strong>autem</strong></span> 
     </span>
    </p>
   </div>
   <div class='ocr_carea' id='block_1_19' title="bbox 417 1610 2007 1679">
    <p class='ocr_par' dir='ltr' id='par_1_19' title="bbox 417 1610 2007 1679">
     <span class='ocr_line' id='line_1_19' title="bbox 417 1610 2007 1679; baseline 0.007 -20"><span class='ocrx_word' id='word_1_90' title='bbox 417 1623 741 1661; x_wconf 72' lang='lat' dir='ltr'><strong>communes</strong></span> <span class='ocrx_word' id='word_1_91' title='bbox 792 1610 844 1662; x_wconf 92' lang='lat' dir='ltr'><strong>in</strong></span> <span class='ocrx_word' id='word_1_92' title='bbox 895 1610 1061 1678; x_wconf 88' lang='lat' dir='ltr'><strong>pedes</strong></span> <span class='ocrx_word' id='word_1_93' title='bbox 1109 1612 1414 1679; x_wconf 88' lang='lat' dir='ltr'><strong>inducunt;</strong></span> <span class='ocrx_word' id='word_1_94' title='bbox 1464 1614 1720 1670; x_wconf 88' lang='lat' dir='ltr'><strong>manibus</strong></span> <span class='ocrx_word' id='word_1_95' title='bbox 1754 1631 1884 1672; x_wconf 81' lang='lat' dir='ltr'><strong>vero</strong></span> <span class='ocrx_word' id='word_1_96' title='bbox 1920 1632 2007 1673; x_wconf 86' lang='lat' dir='ltr'><strong>sa-</strong></span> 
     </span>
    </p>
   </div>
   <div class='ocr_carea' id='block_1_20' title="bbox 1248 316 2822 380">
    <p class='ocr_par' dir='ltr' id='par_1_20' title="bbox 1248 316 2822 380">
     <span class='ocr_line' id='line_1_20' title="bbox 1248 316 2822 380; baseline -0.001 -1"><span class='ocrx_word' id='word_1_97' title='bbox 1248 322 1627 380; x_wconf 74' lang='lat' dir='ltr'><strong>SYMEONIS</strong></span> <span class='ocrx_word' id='word_1_98' title='bbox 1667 320 1959 380; x_wconf 66' lang='lat' dir='ltr'><strong>&#39;l‘llEL’SA</strong></span> <span class='ocrx_word' id='word_1_99' title='bbox 1972 316 2110 377; x_wconf 72' lang='lat' dir='ltr'><strong>LON</strong></span> <span class='ocrx_word' id='word_1_100' title='bbox 2128 319 2374 379; x_wconf 81' lang='lat' dir='ltr'><strong>[CENSI</strong></span> <span class='ocrx_word' id='word_1_101' title='bbox 2389 318 2428 377; x_wconf 92' lang='lat' dir='ltr'>S</span> <span class='ocrx_word' id='word_1_102' title='bbox 2468 317 2822 379; x_wconf 79' lang='lat' dir='ltr'><strong>ARCIIIFP.</strong></span> 
     </span>
    </p>
   </div>
   <div class='ocr_carea' id='block_1_21' title="bbox 2029 438 2075 489">
    <p class='ocr_par' dir='ltr' id='par_1_21' title="bbox 2029 438 2075 489">
     <span class='ocr_line' id='line_1_21' title="bbox 2029 438 2075 489; baseline 0 0"><span class='ocrx_word' id='word_1_103' title='bbox 2029 438 2075 489; x_wconf 79' lang='grc' dir='ltr'><strong>Α</strong></span> 
     </span>
    </p>
   </div>
   <div class='ocr_carea' id='block_1_22' title="bbox 3590 316 3703 386">
    <p class='ocr_par' dir='ltr' id='par_1_22' title="bbox 3590 316 3703 386">
     <span class='ocr_line' id='line_1_22' title="bbox 3590 316 3703 386; baseline 0.027 -4"><span class='ocrx_word' id='word_1_104' title='bbox 3590 316 3703 386; x_wconf 83' lang='grc'><strong>676</strong></span> 
     </span>
    </p>
   </div>
   <div class='ocr_carea' id='block_1_23' title="bbox 2686 423 3129 480">
    <p class='ocr_par' dir='ltr' id='par_1_23' title="bbox 2686 423 3129 480">
     <span class='ocr_line' id='line_1_23' title="bbox 2686 423 3129 480; baseline 0.005 -2"><span class='ocrx_word' id='word_1_105' title='bbox 2686 425 2938 480; x_wconf 72' lang='grc' dir='ltr'><strong>ΚΕΦΛΛ.</strong></span> <span class='ocrx_word' id='word_1_106' title='bbox 2960 423 3129 480; x_wconf 75' lang='grc' dir='ltr'><strong>ΤΞᾹ⁹.</strong></span> 
     </span>
    </p>
   </div>
   <div class='ocr_carea' id='block_1_24' title="bbox 2115 516 3694 597">
    <p class='ocr_par' dir='ltr' id='par_1_24' title="bbox 2115 516 3694 597">
     <span class='ocr_line' id='line_1_24' title="bbox 2115 516 3694 597; baseline -0.001 -22"><span class='ocrx_word' id='word_1_107' title='bbox 2115 523 2252 589; x_wconf 77' lang='grc' dir='ltr'>Περί</span> <span class='ocrx_word' id='word_1_108' title='bbox 2277 520 2529 589; x_wconf 81' lang='grc' dir='ltr'><strong>κηδείας</strong></span> <span class='ocrx_word' id='word_1_109' title='bbox 2559 519 2889 597; x_wconf 56' lang='grc' dir='ltr'>ἀρχιερέως</span> <span class='ocrx_word' id='word_1_110' title='bbox 2902 517 3000 597; x_wconf 72' lang='grc' dir='ltr'>καὶ</span> <span class='ocrx_word' id='word_1_111' title='bbox 3019 516 3257 597; x_wconf 60' lang='lat' dir='ltr'><strong>legatur,</strong></span> <span class='ocrx_word' id='word_1_112' title='bbox 3292 516 3381 571; x_wconf 77' lang='grc' dir='ltr'>ἔτι</span> <span class='ocrx_word' id='word_1_113' title='bbox 3406 534 3469 572; x_wconf 78' lang='grc' dir='ltr'><strong>τε</strong></span> <span class='ocrx_word' id='word_1_114' title='bbox 3496 534 3694 589; x_wconf 73' lang='grc' dir='ltr'>μονα-</span> 
     </span>
    </p>
   </div>
   <div class='ocr_carea' id='block_1_25' title="bbox 2636 589 3175 658">
    <p class='ocr_par' dir='ltr' id='par_1_25' title="bbox 2636 589 3175 658">
     <span class='ocr_line' id='line_1_25' title="bbox 2636 589 3175 658; baseline 0.004 -18"><span class='ocrx_word' id='word_1_115' title='bbox 2636 589 2763 658; x_wconf 81' lang='grc' dir='ltr'><strong>χῶν</strong></span> <span class='ocrx_word' id='word_1_116' title='bbox 2793 590 2891 641; x_wconf 78' lang='grc' dir='ltr'><strong>καί</strong></span> <span class='ocrx_word' id='word_1_117' title='bbox 2917 589 3175 642; x_wconf 76' lang='grc' dir='ltr'><strong>λαϊκῶν.</strong></span> 
     </span>
    </p>
   </div>
   <div class='ocr_carea' id='block_1_26' title="bbox 2184 681 3697 753">
    <p class='ocr_par' dir='ltr' id='par_1_26' title="bbox 2184 681 3697 753">
     <span class='ocr_line' id='line_1_26' title="bbox 2184 681 3697 753; baseline 0 -16"><span class='ocrx_word' id='word_1_118' title='bbox 2184 684 2289 740; x_wconf 82' lang='grc' dir='ltr'><strong>Τὸν</strong></span> <span class='ocrx_word' id='word_1_119' title='bbox 2312 684 2368 737; x_wconf 86' lang='grc' dir='ltr'><em>δέ</em></span> <span class='ocrx_word' id='word_1_120' title='bbox 2398 701 2462 753; x_wconf 90' lang='grc' dir='ltr'><strong>γε</strong></span> <span class='ocrx_word' id='word_1_121' title='bbox 2510 684 2567 736; x_wconf 79' lang='grc' dir='ltr'>ὲν</span> <span class='ocrx_word' id='word_1_122' title='bbox 2598 683 2785 736; x_wconf 81' lang='grc' dir='ltr'><strong>πίστει</strong></span> <span class='ocrx_word' id='word_1_123' title='bbox 2809 681 3043 750; x_wconf 78' lang='grc' dir='ltr'>ἀδελφὺν</span> <span class='ocrx_word' id='word_1_124' title='bbox 3067 682 3503 753; x_wconf 79' lang='grc' dir='ltr'><strong>τετελευτηκότα</strong></span> <span class='ocrx_word' id='word_1_125' title='bbox 3549 683 3697 738; x_wconf 76' lang='grc' dir='ltr'>οὕτω</span> 
     </span>
    </p>
   </div>
   <div class='ocr_carea' id='block_1_27' title="bbox 2111 774 3691 849">
    <p class='ocr_par' dir='ltr' id='par_1_27' title="bbox 2111 774 3691 849">
     <span class='ocr_line' id='line_1_27' title="bbox 2111 774 3691 849; baseline 0.001 -19"><span class='ocrx_word' id='word_1_126' title='bbox 2111 776 2432 847; x_wconf 78' lang='grc' dir='ltr'>κηδεύεινή</span> <span class='ocrx_word' id='word_1_127' title='bbox 2486 774 2790 846; x_wconf 79' lang='grc' dir='ltr'><strong>Ἐκκλησία</strong></span> <span class='ocrx_word' id='word_1_128' title='bbox 2832 775 3168 845; x_wconf 72' lang='grc' dir='ltr'>παρέλαϐεν.</span> <span class='ocrx_word' id='word_1_129' title='bbox 3235 777 3526 849; x_wconf 77' lang='grc' dir='ltr'>’Δρχιερέα</span> <span class='ocrx_word' id='word_1_130' title='bbox 3589 778 3691 847; x_wconf 74' lang='grc' dir='ltr'>μὲν</span> 
     </span>
    </p>
   </div>
   <div class='ocr_carea' id='block_1_28' title="bbox 2110 868 3696 941">
    <p class='ocr_par' dir='ltr' id='par_1_28' title="bbox 2110 868 3696 941">
     <span class='ocr_line' id='line_1_28' title="bbox 2110 868 3696 941; baseline 0.001 -19"><span class='ocrx_word' id='word_1_131' title='bbox 2110 869 2241 923; x_wconf 74' lang='grc' dir='ltr'>ὄντα</span> <span class='ocrx_word' id='word_1_132' title='bbox 2266 872 2363 924; x_wconf 78' lang='grc' dir='ltr'>καὶ</span> <span class='ocrx_word' id='word_1_133' title='bbox 2393 868 2546 939; x_wconf 68' lang='grc' dir='ltr'>ἱερέα</span> <span class='ocrx_word' id='word_1_134' title='bbox 2619 870 2811 938; x_wconf 68' lang='grc' dir='ltr'>χερσίν</span> <span class='ocrx_word' id='word_1_135' title='bbox 2853 870 3046 940; x_wconf 80' lang='grc' dir='ltr'><strong>ἱερέων</strong></span> <span class='ocrx_word' id='word_1_136' title='bbox 3101 871 3399 940; x_wconf 73' lang='grc' dir='ltr'><strong>οἰκονομεῖ,</strong></span> <span class='ocrx_word' id='word_1_137' title='bbox 3435 871 3510 935; x_wconf 85' lang='grc' dir='ltr'>ὡς</span> <span class='ocrx_word' id='word_1_138' title='bbox 3548 872 3696 941; x_wconf 78' lang='grc' dir='ltr'>ἱερὸν</span> 
     </span>
    </p>
   </div>
   <div class='ocr_carea' id='block_1_29' title="bbox 2109 960 3693 1035">
    <p class='ocr_par' dir='ltr' id='par_1_29' title="bbox 2109 960 3693 1035">
     <span class='ocr_line' id='line_1_29' title="bbox 2109 960 3693 1035; baseline 0.003 -20"><span class='ocrx_word' id='word_1_139' title='bbox 2109 961 2232 1015; x_wconf 75' lang='grc' dir='ltr'>ὅλον</span> <span class='ocrx_word' id='word_1_140' title='bbox 2261 960 2482 1016; x_wconf 81' lang='grc' dir='ltr'>όντα·οἳ</span> <span class='ocrx_word' id='word_1_141' title='bbox 2521 966 2617 1015; x_wconf 78' lang='grc' dir='ltr'><strong>καὶ</strong></span> <span class='ocrx_word' id='word_1_142' title='bbox 2676 963 2897 1033; x_wconf 73' lang='grc' dir='ltr'>καθαρὰ</span> <span class='ocrx_word' id='word_1_143' title='bbox 2940 964 3134 1019; x_wconf 77' lang='grc' dir='ltr'>τοῦτον</span> <span class='ocrx_word' id='word_1_144' title='bbox 3179 965 3377 1035; x_wconf 71' lang='grc' dir='ltr'>ἱμάτια</span> <span class='ocrx_word' id='word_1_145' title='bbox 3404 965 3501 1019; x_wconf 76' lang='grc' dir='ltr'>τοῦ</span> <span class='ocrx_word' id='word_1_146' title='bbox 3557 967 3693 1021; x_wconf 76' lang='grc' dir='ltr'>ἰδίου</span> 
     </span>
    </p>
   </div>
   <div class='ocr_carea' id='block_1_30' title="bbox 2113 1054 3695 1129">
    <p class='ocr_par' dir='ltr' id='par_1_30' title="bbox 2113 1054 3695 1129">
     <span class='ocr_line' id='line_1_30' title="bbox 2113 1054 3695 1129; baseline 0.005 -23"><span class='ocrx_word' id='word_1_147' title='bbox 2113 1056 2394 1125; x_wconf 73' lang='grc' dir='ltr'>σχήματος</span> <span class='ocrx_word' id='word_1_148' title='bbox 2432 1054 2857 1110; x_wconf 76' lang='grc' dir='ltr'>ἐνδιδύσκουσιο</span> <span class='ocrx_word' id='word_1_149' title='bbox 2920 1059 3192 1129; x_wconf 82' lang='grc' dir='ltr'>πρότερον</span> <span class='ocrx_word' id='word_1_150' title='bbox 3256 1057 3358 1127; x_wconf 80' lang='grc' dir='ltr'>μὲν</span> <span class='ocrx_word' id='word_1_151' title='bbox 3410 1059 3563 1125; x_wconf 77' lang='grc' dir='ltr'>ἐντὸς</span> <span class='ocrx_word' id='word_1_152' title='bbox 3628 1061 3695 1114; x_wconf 67' lang='grc' dir='ltr'><strong>τὸ</strong></span> 
     </span>
    </p>
   </div>
   <div class='ocr_carea' id='block_1_31' title="bbox 2115 1148 3695 1220">
    <p class='ocr_par' dir='ltr' id='par_1_31' title="bbox 2115 1148 3695 1220">
     <span class='ocr_line' id='line_1_31' title="bbox 2115 1148 3695 1220; baseline 0.004 -21"><span class='ocrx_word' id='word_1_153' title='bbox 2115 1150 2275 1215; x_wconf 81' lang='grc' dir='ltr'>σῶμα</span> <span class='ocrx_word' id='word_1_154' title='bbox 2296 1148 2695 1212; x_wconf 84' lang='grc' dir='ltr'>άπονίπτοντες</span> <span class='ocrx_word' id='word_1_155' title='bbox 2722 1150 2877 1202; x_wconf 73' lang='grc' dir='ltr'>ὕδατι</span> <span class='ocrx_word' id='word_1_156' title='bbox 2915 1150 3065 1220; x_wconf 84' lang='grc' dir='ltr'>μόνῳ</span> <span class='ocrx_word' id='word_1_157' title='bbox 3094 1150 3184 1204; x_wconf 76' lang='grc' dir='ltr'>διὰ</span> <span class='ocrx_word' id='word_1_158' title='bbox 3218 1152 3465 1219; x_wconf 79' lang='grc' dir='ltr'>σπόγγου</span> <span class='ocrx_word' id='word_1_159' title='bbox 3525 1170 3695 1207; x_wconf 85' lang='grc' dir='ltr'>σταυ-</span> 
     </span>
    </p>
   </div>
   <div class='ocr_carea' id='block_1_32' title="bbox 2114 1238 3693 1311">
    <p class='ocr_par' dir='ltr' id='par_1_32' title="bbox 2114 1238 3693 1311">
     <span class='ocr_line' id='line_1_32' title="bbox 2114 1238 3693 1311; baseline 0.003 -24"><span class='ocrx_word' id='word_1_160' title='bbox 2114 1238 2359 1305; x_wconf 79' lang='grc' dir='ltr'>ροειδῶς,</span> <span class='ocrx_word' id='word_1_161' title='bbox 2392 1238 2471 1303; x_wconf 86' lang='grc' dir='ltr'><strong>είς</strong></span> <span class='ocrx_word' id='word_1_162' title='bbox 2511 1238 2684 1292; x_wconf 83' lang='grc' dir='ltr'>τύπον</span> <span class='ocrx_word' id='word_1_163' title='bbox 2718 1238 2813 1294; x_wconf 84' lang='grc' dir='ltr'>τοῦ</span> <span class='ocrx_word' id='word_1_164' title='bbox 2849 1241 2999 1310; x_wconf 79' lang='grc' dir='ltr'>ἱεροῦ</span> <span class='ocrx_word' id='word_1_165' title='bbox 3030 1241 3431 1311; x_wconf 79' lang='grc' dir='ltr'>βαπτίσματος,</span> <span class='ocrx_word' id='word_1_166' title='bbox 3465 1242 3606 1296; x_wconf 83' lang='grc' dir='ltr'>κατά</span> <span class='ocrx_word' id='word_1_167' title='bbox 3632 1259 3693 1293; x_wconf 86' lang='grc' dir='ltr'><strong>τε</strong></span> 
     </span>
    </p>
   </div>
   <div class='ocr_carea' id='block_1_33' title="bbox 2112 1331 3695 1405">
    <p class='ocr_par' dir='ltr' id='par_1_33' title="bbox 2112 1331 3695 1405">
     <span class='ocr_line' id='line_1_33' title="bbox 2112 1331 3695 1405; baseline 0.002 -22"><span class='ocrx_word' id='word_1_168' title='bbox 2112 1331 2171 1383; x_wconf 70' lang='grc' dir='ltr'>τὸ</span> <span class='ocrx_word' id='word_1_169' title='bbox 2213 1331 2470 1400; x_wconf 87' lang='grc' dir='ltr'>μέτωπον</span> <span class='ocrx_word' id='word_1_170' title='bbox 2502 1332 2599 1385; x_wconf 77' lang='grc' dir='ltr'><strong>καὶ</strong></span> <span class='ocrx_word' id='word_1_171' title='bbox 2644 1331 2773 1395; x_wconf 78' lang='grc' dir='ltr'>τοὺς</span> <span class='ocrx_word' id='word_1_172' title='bbox 2816 1333 3157 1404; x_wconf 81' lang='grc' dir='ltr'>ὀφθαλμοὺς,</span> <span class='ocrx_word' id='word_1_173' title='bbox 3200 1334 3269 1387; x_wconf 84' lang='grc' dir='ltr'>τὰ</span> <span class='ocrx_word' id='word_1_174' title='bbox 3306 1334 3459 1405; x_wconf 80' lang='grc' dir='ltr'>χείλη</span> <span class='ocrx_word' id='word_1_175' title='bbox 3494 1351 3553 1386; x_wconf 84' lang='grc' dir='ltr'><strong>τε</strong></span> <span class='ocrx_word' id='word_1_176' title='bbox 3597 1336 3695 1387; x_wconf 83' lang='grc' dir='ltr'>καὶ</span> 
     </span>
    </p>
   </div>
   <div class='ocr_carea' id='block_1_34' title="bbox 2109 1423 3695 1498">
    <p class='ocr_par' dir='ltr' id='par_1_34' title="bbox 2109 1423 3695 1498">
     <span class='ocr_line' id='line_1_34' title="bbox 2109 1423 3695 1498; baseline 0.003 -22"><span class='ocrx_word' id='word_1_177' title='bbox 2109 1425 2169 1476; x_wconf 76' lang='grc' dir='ltr'><strong>τὸ</strong></span> <span class='ocrx_word' id='word_1_178' title='bbox 2204 1423 2422 1493; x_wconf 74' lang='grc' dir='ltr'>στῆθος,</span> <span class='ocrx_word' id='word_1_179' title='bbox 2457 1426 2555 1479; x_wconf 81' lang='grc' dir='ltr'>καὶ</span> <span class='ocrx_word' id='word_1_180' title='bbox 2589 1426 2668 1479; x_wconf 78' lang='grc' dir='ltr'>ἔτι</span> <span class='ocrx_word' id='word_1_181' title='bbox 2695 1426 2762 1479; x_wconf 75' lang='grc' dir='ltr'>τὰ</span> <span class='ocrx_word' id='word_1_182' title='bbox 2795 1427 2997 1495; x_wconf 86' lang='grc' dir='ltr'>γόνατα</span> <span class='ocrx_word' id='word_1_183' title='bbox 3027 1425 3124 1478; x_wconf 74' lang='grc' dir='ltr'>καὶ</span> <span class='ocrx_word' id='word_1_184' title='bbox 3152 1427 3250 1488; x_wconf 73' lang='grc' dir='ltr'>τὰς</span> <span class='ocrx_word' id='word_1_185' title='bbox 3275 1430 3463 1498; x_wconf 84' lang='grc' dir='ltr'>χεῖρας</span> <span class='ocrx_word' id='word_1_186' title='bbox 3490 1442 3504 1456; x_wconf 86' lang='grc'><strong>·</strong></span> <span class='ocrx_word' id='word_1_187' title='bbox 3539 1427 3695 1481; x_wconf 74' lang='grc' dir='ltr'>ἐπει-</span> 
     </span>
    </p>
   </div>
   <div class='ocr_carea' id='block_1_35' title="bbox 2110 1517 3693 1590">
    <p class='ocr_par' dir='ltr' id='par_1_35' title="bbox 2110 1517 3693 1590">
     <span class='ocr_line' id='line_1_35' title="bbox 2110 1517 3693 1590; baseline 0.003 -21"><span class='ocrx_word' id='word_1_188' title='bbox 2110 1534 2181 1569; x_wconf 86' lang='grc' dir='ltr'><strong>τα</strong></span> <span class='ocrx_word' id='word_1_189' title='bbox 2233 1517 2291 1570; x_wconf 69' lang='grc' dir='ltr'>δὲ</span> <span class='ocrx_word' id='word_1_190' title='bbox 2342 1518 2746 1588; x_wconf 78' lang='grc' dir='ltr'>περιζώσαντες</span> <span class='ocrx_word' id='word_1_191' title='bbox 2813 1520 3041 1583; x_wconf 78' lang='grc' dir='ltr'>ἄνωθεν,</span> <span class='ocrx_word' id='word_1_192' title='bbox 3094 1519 3162 1574; x_wconf 78' lang='grc' dir='ltr'>τὰ</span> <span class='ocrx_word' id='word_1_193' title='bbox 3213 1520 3599 1590; x_wconf 74' lang='grc' dir='ltr'><strong>ἀρχιερατικὰ,</strong></span> <span class='ocrx_word' id='word_1_194' title='bbox 3656 1518 3693 1588; x_wconf 76' lang='grc' dir='ltr'>ἢ</span> 
     </span>
    </p>
   </div>
   <div class='ocr_carea' id='block_1_36' title="bbox 2112 1609 3692 1683">
    <p class='ocr_par' dir='ltr' id='par_1_36' title="bbox 2112 1609 3692 1683">
     <span class='ocr_line' id='line_1_36' title="bbox 2112 1609 3692 1683; baseline 0.003 -23"><span class='ocrx_word' id='word_1_195' title='bbox 2112 1609 2360 1678; x_wconf 69' lang='grc' dir='ltr'>ἱερατικά</span> <span class='ocrx_word' id='word_1_196' title='bbox 2408 1610 2831 1680; x_wconf 79' lang='grc' dir='ltr'>περιϐάλλουσιν</span> <span class='ocrx_word' id='word_1_197' title='bbox 2901 1612 3099 1682; x_wconf 79' lang='grc' dir='ltr'>ἆμφια.</span> <span class='ocrx_word' id='word_1_198' title='bbox 3170 1612 3294 1666; x_wconf 88' lang='lat' dir='ltr'><strong>Kal</strong></span> <span class='ocrx_word' id='word_1_199' title='bbox 3364 1612 3692 1683; x_wconf 75' lang='grc' dir='ltr'>ὑποδήματα</span> 
     </span>
    </p>
   </div>
   <div class='ocr_carea' id='block_1_37' title="bbox 414 1698 2013 1779">
    <p class='ocr_par' dir='ltr' id='par_1_37' title="bbox 414 1698 2002 1779">
     <span class='ocr_line' id='line_1_37' title="bbox 414 1698 2002 1779; baseline 0.01 -32"><span class='ocrx_word' id='word_1_200' title='bbox 414 1711 572 1749; x_wconf 83' lang='lat' dir='ltr'><strong>crum</strong></span> <span class='ocrx_word' id='word_1_201' title='bbox 627 1698 882 1753; x_wconf 89' lang='lat' dir='ltr'><strong>inserunt</strong></span> <span class='ocrx_word' id='word_1_202' title='bbox 923 1700 1329 1773; x_wconf 83' lang='lat' dir='ltr'><strong>Evangelium,</strong></span> <span class='ocrx_word' id='word_1_203' title='bbox 1380 1705 1526 1775; x_wconf 86' lang='lat' dir='ltr'><strong>quod</strong></span> <span class='ocrx_word' id='word_1_204' title='bbox 1577 1708 1731 1777; x_wconf 87' lang='lat' dir='ltr'><strong>prius</strong></span> <span class='ocrx_word' id='word_1_205' title='bbox 1781 1708 2002 1779; x_wconf 87' lang='lat' dir='ltr'><strong>quidem</strong></span> 
     </span>
    </p>
   </div>
   <div class='ocr_carea' id='block_1_38' title="bbox 2101 1698 3695 1779">
    <p class='ocr_par' dir='ltr' id='par_1_38' title="bbox 2106 1700 3695 1776">
     <span class='ocr_line' id='line_1_38' title="bbox 2106 1700 3695 1776; baseline 0.004 -23"><span class='ocrx_word' id='word_1_206' title='bbox 2106 1700 2164 1753; x_wconf 82' lang='grc' dir='ltr'>δὲ</span> <span class='ocrx_word' id='word_1_207' title='bbox 2197 1703 2364 1755; x_wconf 86' lang='grc' dir='ltr'>καινὰ</span> <span class='ocrx_word' id='word_1_208' title='bbox 2412 1703 2780 1772; x_wconf 70' lang='grc' dir='ltr'>ἐμϐάλλουσιν</span> <span class='ocrx_word' id='word_1_209' title='bbox 2800 1705 2881 1769; x_wconf 85' lang='grc' dir='ltr'><strong>είς</strong></span> <span class='ocrx_word' id='word_1_210' title='bbox 2915 1706 3044 1769; x_wconf 78' lang='grc' dir='ltr'>τοὺς</span> <span class='ocrx_word' id='word_1_211' title='bbox 3070 1705 3258 1769; x_wconf 83' lang='grc' dir='ltr'><strong>πόδας.</strong></span> <span class='ocrx_word' id='word_1_212' title='bbox 3294 1705 3391 1770; x_wconf 71' lang='lat' dir='ltr'><strong>El;</strong></span> <span class='ocrx_word' id='word_1_213' title='bbox 3439 1707 3539 1769; x_wconf 79' lang='grc' dir='ltr'>τὰς</span> <span class='ocrx_word' id='word_1_214' title='bbox 3581 1707 3695 1776; x_wconf 87' lang='grc' dir='ltr'>χεῖ-</span> 
     </span>
    </p>
   </div>
   <div class='ocr_carea' id='block_1_39' title="bbox 412 1789 2013 1871">
    <p class='ocr_par' dir='ltr' id='par_1_39' title="bbox 412 1789 1996 1869">
     <span class='ocr_line' id='line_1_39' title="bbox 412 1789 1996 1869; baseline 0.009 -28"><span class='ocrx_word' id='word_1_215' title='bbox 412 1789 617 1841; x_wconf 81' lang='lat' dir='ltr'><strong>dieitnr</strong></span> <span class='ocrx_word' id='word_1_216' title='bbox 649 1790 702 1843; x_wconf 93' lang='lat' dir='ltr'><strong>in</strong></span> <span class='ocrx_word' id='word_1_217' title='bbox 741 1791 918 1861; x_wconf 87' lang='lat' dir='ltr'><strong>ipsqu</strong></span> <span class='ocrx_word' id='word_1_218' title='bbox 954 1808 983 1847; x_wconf 90' lang='lat' dir='ltr'><strong>e</strong></span> <span class='ocrx_word' id='word_1_219' title='bbox 1017 1794 1124 1847; x_wconf 81' lang='lat' dir='ltr'><strong>vita</strong></span> <span class='ocrx_word' id='word_1_220' title='bbox 1159 1796 1529 1853; x_wconf 84' lang='lat' dir='ltr'><strong>discedentem</strong></span> <span class='ocrx_word' id='word_1_221' title='bbox 1567 1799 1650 1855; x_wconf 84' lang='lat' dir='ltr'><strong>vel</strong></span> <span class='ocrx_word' id='word_1_222' title='bbox 1693 1809 1812 1869; x_wconf 90' lang='lat' dir='ltr'><strong>post</strong></span> <span class='ocrx_word' id='word_1_223' title='bbox 1850 1816 1996 1854; x_wconf 87' lang='lat' dir='ltr'><strong>mor-</strong></span> 
     </span>
    </p>
   </div>
   <div class='ocr_carea' id='block_1_40' title="bbox 2101 1789 3691 1871">
    <p class='ocr_par' dir='ltr' id='par_1_40' title="bbox 2112 1794 3691 1871">
     <span class='ocr_line' id='line_1_40' title="bbox 2112 1794 3691 1871; baseline 0.005 -25"><span class='ocrx_word' id='word_1_224' title='bbox 2112 1811 2213 1863; x_wconf 86' lang='grc' dir='ltr'><strong>ρας</strong></span> <span class='ocrx_word' id='word_1_225' title='bbox 2240 1794 2297 1848; x_wconf 84' lang='grc' dir='ltr'>δὲ</span> <span class='ocrx_word' id='word_1_226' title='bbox 2327 1795 2390 1847; x_wconf 83' lang='grc' dir='ltr'><strong>τὸ</strong></span> <span class='ocrx_word' id='word_1_227' title='bbox 2423 1795 2573 1866; x_wconf 76' lang='grc' dir='ltr'>ῑερ³ιν</span> <span class='ocrx_word' id='word_1_228' title='bbox 2595 1796 2838 1851; x_wconf 89' lang='grc' dir='ltr'>διδόασιν</span> <span class='ocrx_word' id='word_1_229' title='bbox 2871 1798 3211 1867; x_wconf 86' lang='grc' dir='ltr'>Εὐαγγέλιον</span> <span class='ocrx_word' id='word_1_230' title='bbox 3234 1816 3249 1831; x_wconf 86' lang='grc'><strong>·</strong></span> <span class='ocrx_word' id='word_1_231' title='bbox 3284 1799 3315 1853; x_wconf 80' lang='grc' dir='ltr'><strong>δ</strong></span> <span class='ocrx_word' id='word_1_232' title='bbox 3335 1800 3401 1871; x_wconf 74' lang='grc' dir='ltr'>δὴ</span> <span class='ocrx_word' id='word_1_233' title='bbox 3427 1804 3521 1854; x_wconf 82' lang='grc' dir='ltr'><strong>καὶ</strong></span> <span class='ocrx_word' id='word_1_234' title='bbox 3552 1802 3691 1870; x_wconf 79' lang='grc' dir='ltr'>πρό-</span> 
     </span>
    </p>
   </div>
   <div class='ocr_carea' id='block_1_41' title="bbox 418 1883 2003 1959">
    <p class='ocr_par' dir='ltr' id='par_1_41' title="bbox 418 1883 2003 1959">
     <span class='ocr_line' id='line_1_41' title="bbox 418 1883 2003 1959; baseline 0.009 -28"><span class='ocrx_word' id='word_1_235' title='bbox 418 1891 523 1933; x_wconf 90' lang='lat' dir='ltr'><strong>tem</strong></span> <span class='ocrx_word' id='word_1_236' title='bbox 551 1919 565 1946; x_wconf 93' lang='lat'><strong>,</strong></span> <span class='ocrx_word' id='word_1_237' title='bbox 601 1885 645 1936; x_wconf 85' lang='lat' dir='ltr'><strong>si</strong></span> <span class='ocrx_word' id='word_1_238' title='bbox 679 1883 890 1939; x_wconf 88' lang='lat' dir='ltr'><strong>dederit</strong></span> <span class='ocrx_word' id='word_1_239' title='bbox 922 1893 1157 1957; x_wconf 84' lang='lat' dir='ltr'><strong>tempus,</strong></span> <span class='ocrx_word' id='word_1_240' title='bbox 1192 1890 1447 1959; x_wconf 89' lang='lat' dir='ltr'><strong>quoniam</strong></span> <span class='ocrx_word' id='word_1_241' title='bbox 1482 1891 1785 1945; x_wconf 85' lang='lat' dir='ltr'><strong>secundum</strong></span> <span class='ocrx_word' id='word_1_242' title='bbox 1824 1891 2003 1947; x_wconf 84' lang='lat' dir='ltr'><strong>Evan-</strong></span> 
     </span>
    </p>
   </div>
   <div class='ocr_carea' id='block_1_42' title="bbox 412 1972 2000 2054">
    <p class='ocr_par' dir='ltr' id='par_1_42' title="bbox 412 1972 2000 2054">
     <span class='ocr_line' id='line_1_42' title="bbox 412 1972 2000 2054; baseline 0.009 -30"><span class='ocrx_word' id='word_1_243' title='bbox 412 1972 614 2041; x_wconf 82' lang='lat' dir='ltr'><strong>geliutn</strong></span> <span class='ocrx_word' id='word_1_244' title='bbox 649 1975 821 2042; x_wconf 72' lang='lat' dir='ltr'><strong>vixit,</strong></span> <span class='ocrx_word' id='word_1_245' title='bbox 868 1976 1141 2049; x_wconf 88' lang='lat' dir='ltr'><strong>simulque</strong></span> <span class='ocrx_word' id='word_1_246' title='bbox 1172 1990 1231 2035; x_wconf 86' lang='grc' dir='ltr'><strong>ιιι</strong></span> <span class='ocrx_word' id='word_1_247' title='bbox 1266 1983 1673 2037; x_wconf 87' lang='lat' dir='ltr'><strong>miserationem</strong></span> <span class='ocrx_word' id='word_1_248' title='bbox 1708 1993 1761 2037; x_wconf 85' lang='lat' dir='ltr'><strong>et</strong></span> <span class='ocrx_word' id='word_1_249' title='bbox 1812 1985 2000 2054; x_wconf 81' lang='lat' dir='ltr'><strong>prepi-</strong></span> 
     </span>
    </p>
   </div>
   <div class='ocr_carea' id='block_1_43' title="bbox 416 2056 1999 2145">
    <p class='ocr_par' dir='ltr' id='par_1_43' title="bbox 416 2056 1999 2145">
     <span class='ocr_line' id='line_1_43' title="bbox 416 2056 1999 2145; baseline 0.008 -27"><span class='ocrx_word' id='word_1_250' title='bbox 416 2065 695 2121; x_wconf 89' lang='lat' dir='ltr'><strong>tiationcm</strong></span> <span class='ocrx_word' id='word_1_251' title='bbox 731 2078 1059 2138; x_wconf 85' lang='lat' dir='ltr'><strong>asscquatur</strong></span> <span class='ocrx_word' id='word_1_252' title='bbox 1090 2056 1395 2129; x_wconf 67' lang='lat' dir='ltr'><strong>ex&#39;divinis</strong></span> <span class='ocrx_word' id='word_1_253' title='bbox 1431 2074 1689 2145; x_wconf 83' lang='lat' dir='ltr'><strong>eloquiis.</strong></span> <span class='ocrx_word' id='word_1_254' title='bbox 1733 2078 1999 2143; x_wconf 72' lang='lat' dir='ltr'><strong>Qua-nam</strong></span> 
     </span>
    </p>
   </div>
   <div class='ocr_carea' id='block_1_44' title="bbox 411 2158 2002 2240">
    <p class='ocr_par' dir='ltr' id='par_1_44' title="bbox 411 2158 2002 2240">
     <span class='ocr_line' id='line_1_44' title="bbox 411 2158 2002 2240; baseline 0.011 -31"><span class='ocrx_word' id='word_1_255' title='bbox 411 2158 558 2211; x_wconf 90' lang='lat' dir='ltr'><strong>enim</strong></span> <span class='ocrx_word' id='word_1_256' title='bbox 596 2161 702 2215; x_wconf 85' lang='lat' dir='ltr'><strong>alia</strong></span> <span class='ocrx_word' id='word_1_257' title='bbox 735 2163 906 2233; x_wconf 82' lang='lat' dir='ltr'><strong>magis</strong></span> <span class='ocrx_word' id='word_1_258' title='bbox 937 2163 1130 2219; x_wconf 87' lang='lat' dir='ltr'><strong>idonea</strong></span> <span class='ocrx_word' id='word_1_259' title='bbox 1167 2166 1233 2220; x_wconf 90' lang='lat' dir='ltr'><strong>ad</strong></span> <span class='ocrx_word' id='word_1_260' title='bbox 1275 2167 1440 2222; x_wconf 92' lang='lat' dir='ltr'><strong>Deum</strong></span> <span class='ocrx_word' id='word_1_261' title='bbox 1480 2168 1585 2238; x_wconf 85' lang='lat' dir='ltr'><strong>pro</strong></span> <span class='ocrx_word' id='word_1_262' title='bbox 1619 2181 1840 2224; x_wconf 86' lang='lat' dir='ltr'><strong>mortuo</strong></span> <span class='ocrx_word' id='word_1_263' title='bbox 1876 2186 2002 2240; x_wconf 88' lang='lat' dir='ltr'><strong>pro-</strong></span> 
     </span>
    </p>
   </div>
   <div class='ocr_carea' id='block_1_45' title="bbox 412 2251 1993 2325">
    <p class='ocr_par' dir='ltr' id='par_1_45' title="bbox 412 2251 1993 2325">
     <span class='ocr_line' id='line_1_45' title="bbox 412 2251 1993 2325; baseline 0.01 -22"><span class='ocrx_word' id='word_1_264' title='bbox 412 2251 716 2319; x_wconf 85' lang='lat' dir='ltr'><strong>pitiandqu</strong></span> <span class='ocrx_word' id='word_1_265' title='bbox 753 2270 919 2325; x_wconf 85' lang='lat' dir='ltr'><strong>quam</strong></span> <span class='ocrx_word' id='word_1_266' title='bbox 954 2259 1067 2311; x_wconf 71' lang='lat' dir='ltr'><strong>haec</strong></span> <span class='ocrx_word' id='word_1_267' title='bbox 1105 2258 1250 2313; x_wconf 83' lang='lat' dir='ltr'><strong>dicta</strong></span> <span class='ocrx_word' id='word_1_268' title='bbox 1274 2302 1289 2324; x_wconf 88' lang='lat'><strong>,</strong></span> <span class='ocrx_word' id='word_1_269' title='bbox 1328 2260 1637 2316; x_wconf 82' lang='lat' dir='ltr'><strong>iucarnatio</strong></span> <span class='ocrx_word' id='word_1_270' title='bbox 1680 2263 1836 2318; x_wconf 70' lang='lat' dir='ltr'><strong>Verbi</strong></span> <span class='ocrx_word' id='word_1_271' title='bbox 1890 2283 1993 2318; x_wconf 80' lang='lat' dir='ltr'><strong>an—</strong></span> 
     </span>
    </p>
   </div>
   <div class='ocr_carea' id='block_1_46' title="bbox 413 2345 1996 2423">
    <p class='ocr_par' dir='ltr' id='par_1_46' title="bbox 413 2345 1996 2423">
     <span class='ocr_line' id='line_1_46' title="bbox 413 2345 1996 2423; baseline 0.01 -27"><span class='ocrx_word' id='word_1_272' title='bbox 413 2345 683 2411; x_wconf 84' lang='lat' dir='ltr'><strong>nuntiata,</strong></span> <span class='ocrx_word' id='word_1_273' title='bbox 718 2347 1003 2413; x_wconf 70' lang='lat' dir='ltr'><strong>doctrinm,</strong></span> <span class='ocrx_word' id='word_1_274' title='bbox 1042 2353 1317 2420; x_wconf 87' lang='lat' dir='ltr'><strong>mysteria,</strong></span> <span class='ocrx_word' id='word_1_275' title='bbox 1360 2352 1488 2408; x_wconf 92' lang='lat' dir='ltr'><strong>data</strong></span> <span class='ocrx_word' id='word_1_276' title='bbox 1520 2365 1872 2423; x_wconf 82' lang='lat' dir='ltr'><strong>peccatorum</strong></span> <span class='ocrx_word' id='word_1_277' title='bbox 1908 2372 1996 2412; x_wconf 87' lang='lat' dir='ltr'><strong>re-</strong></span> 
     </span>
    </p>
   </div>
   <div class='ocr_carea' id='block_1_47' title="bbox 412 2437 1998 2517">
    <p class='ocr_par' dir='ltr' id='par_1_47' title="bbox 412 2437 1998 2517">
     <span class='ocr_line' id='line_1_47' title="bbox 412 2437 1998 2517; baseline 0.009 -28"><span class='ocrx_word' id='word_1_278' title='bbox 412 2437 641 2506; x_wconf 88' lang='lat' dir='ltr'><strong>missio,</strong></span> <span class='ocrx_word' id='word_1_279' title='bbox 684 2441 931 2497; x_wconf 70' lang='lat' dir='ltr'><strong>toleratu:</strong></span> <span class='ocrx_word' id='word_1_280' title='bbox 964 2459 1064 2513; x_wconf 91' lang='lat' dir='ltr'><strong>pro</strong></span> <span class='ocrx_word' id='word_1_281' title='bbox 1104 2445 1263 2501; x_wconf 89' lang='lat' dir='ltr'><strong>nobis</strong></span> <span class='ocrx_word' id='word_1_282' title='bbox 1303 2448 1589 2517; x_wconf 81' lang='lat' dir='ltr'><strong>passiones</strong></span> <span class='ocrx_word' id='word_1_283' title='bbox 1613 2488 1630 2515; x_wconf 94' lang='lat'><strong>,</strong></span> <span class='ocrx_word' id='word_1_284' title='bbox 1667 2467 1817 2505; x_wconf 84' lang='lat' dir='ltr'><strong>mors</strong></span> <span class='ocrx_word' id='word_1_285' title='bbox 1861 2452 1998 2506; x_wconf 85' lang='lat' dir='ltr'><strong>vivi-</strong></span> 
     </span>
    </p>
   </div>
   <div class='ocr_carea' id='block_1_48' title="bbox 410 2529 1998 2610">
    <p class='ocr_par' dir='ltr' id='par_1_48' title="bbox 410 2529 1998 2610">
     <span class='ocr_line' id='line_1_48' title="bbox 410 2529 1998 2610; baseline 0.009 -27"><span class='ocrx_word' id='word_1_286' title='bbox 410 2529 619 2598; x_wconf 82' lang='lat' dir='ltr'><strong>licans,</strong></span> <span class='ocrx_word' id='word_1_287' title='bbox 653 2541 707 2587; x_wconf 94' lang='lat' dir='ltr'><strong>ct</strong></span> <span class='ocrx_word' id='word_1_288' title='bbox 746 2537 1103 2591; x_wconf 85' lang='lat' dir='ltr'><strong>resurrectio.</strong></span> <span class='ocrx_word' id='word_1_289' title='bbox 1156 2536 1284 2593; x_wconf 68' lang='lat' dir='ltr'><strong>Haec</strong></span> <span class='ocrx_word' id='word_1_290' title='bbox 1331 2540 1502 2610; x_wconf 87' lang='lat' dir='ltr'><strong>igitur</strong></span> <span class='ocrx_word' id='word_1_291' title='bbox 1532 2550 1707 2597; x_wconf 89' lang='lat' dir='ltr'><strong>totum</strong></span> <span class='ocrx_word' id='word_1_292' title='bbox 1748 2543 1998 2599; x_wconf 89' lang='lat' dir='ltr'><strong>ordinem</strong></span> 
     </span>
    </p>
   </div>
   <div class='ocr_carea' id='block_1_49' title="bbox 412 2628 1993 2699">
    <p class='ocr_par' dir='ltr' id='par_1_49' title="bbox 412 2628 1993 2699">
     <span class='ocr_line' id='line_1_49' title="bbox 412 2628 1993 2699; baseline 0.009 -23"><span class='ocrx_word' id='word_1_293' title='bbox 412 2634 697 2692; x_wconf 86' lang='lat' dir='ltr'><strong>superant,</strong></span> <span class='ocrx_word' id='word_1_294' title='bbox 733 2628 1073 2699; x_wconf 86' lang='lat' dir='ltr'><strong>dicendaque</strong></span> <span class='ocrx_word' id='word_1_295' title='bbox 1104 2637 1232 2686; x_wconf 90' lang='lat' dir='ltr'><strong>sunt</strong></span> <span class='ocrx_word' id='word_1_296' title='bbox 1263 2632 1428 2687; x_wconf 86' lang='lat' dir='ltr'><strong>etiam</strong></span> <span class='ocrx_word' id='word_1_297' title='bbox 1464 2634 1518 2688; x_wconf 89' lang='lat' dir='ltr'><strong>in</strong></span> <span class='ocrx_word' id='word_1_298' title='bbox 1550 2633 1782 2691; x_wconf 85' lang='lat' dir='ltr'><strong>decessu</strong></span> <span class='ocrx_word' id='word_1_299' title='bbox 1812 2652 1993 2693; x_wconf 89' lang='lat' dir='ltr'><strong>sacer-</strong></span> 
     </span>
    </p>
   </div>
   <div class='ocr_carea' id='block_1_50' title="bbox 407 2716 2001 2800">
    <p class='ocr_par' dir='ltr' id='par_1_50' title="bbox 407 2716 2001 2800">
     <span class='ocr_line' id='line_1_50' title="bbox 407 2716 2001 2800; baseline 0.011 -31"><span class='ocrx_word' id='word_1_300' title='bbox 407 2716 620 2771; x_wconf 90' lang='lat' dir='ltr'><strong>dotum.</strong></span> <span class='ocrx_word' id='word_1_301' title='bbox 647 2719 718 2773; x_wconf 85' lang='lat' dir='ltr'><strong>At</strong></span> <span class='ocrx_word' id='word_1_302' title='bbox 748 2734 847 2791; x_wconf 75' lang='lat' dir='ltr'><strong>pro</strong></span> <span class='ocrx_word' id='word_1_303' title='bbox 879 2722 1167 2777; x_wconf 87' lang='lat' dir='ltr'><strong>monachis</strong></span> <span class='ocrx_word' id='word_1_304' title='bbox 1235 2723 1433 2793; x_wconf 84' lang='lat' dir='ltr'><strong>legitur</strong></span> <span class='ocrx_word' id='word_1_305' title='bbox 1466 2724 1817 2793; x_wconf 85' lang='lat' dir='ltr'><strong>Psalterium,</strong></span> <span class='ocrx_word' id='word_1_306' title='bbox 1852 2731 2001 2800; x_wconf 90' lang='lat' dir='ltr'><strong>quod</strong></span> 
     </span>
    </p>
   </div>
   <div class='ocr_carea' id='block_1_51' title="bbox 410 2810 1999 2889">
    <p class='ocr_par' dir='ltr' id='par_1_51' title="bbox 410 2810 1999 2889">
     <span class='ocr_line' id='line_1_51' title="bbox 410 2810 1999 2889; baseline 0.009 -29"><span class='ocrx_word' id='word_1_307' title='bbox 410 2810 618 2876; x_wconf 87' lang='lat' dir='ltr'><strong>pariter</strong></span> <span class='ocrx_word' id='word_1_308' title='bbox 664 2822 915 2867; x_wconf 81' lang='lat' dir='ltr'><strong>servatur</strong></span> <span class='ocrx_word' id='word_1_309' title='bbox 951 2814 1092 2884; x_wconf 83' lang='lat' dir='ltr'><strong>apud</strong></span> <span class='ocrx_word' id='word_1_310' title='bbox 1148 2816 1352 2873; x_wconf 90' lang='lat' dir='ltr'><strong>multos</strong></span> <span class='ocrx_word' id='word_1_311' title='bbox 1404 2825 1459 2872; x_wconf 92' lang='lat' dir='ltr'><strong>et</strong></span> <span class='ocrx_word' id='word_1_312' title='bbox 1514 2834 1687 2889; x_wconf 88' lang='lat' dir='ltr'><strong>usque</strong></span> <span class='ocrx_word' id='word_1_313' title='bbox 1732 2820 1799 2874; x_wconf 91' lang='lat' dir='ltr'><strong>ad</strong></span> <span class='ocrx_word' id='word_1_314' title='bbox 1856 2823 1999 2877; x_wconf 89' lang='lat' dir='ltr'><strong>hanc</strong></span> 
     </span>
    </p>
   </div>
   <div class='ocr_carea' id='block_1_52' title="bbox 407 2894 1999 2979">
    <p class='ocr_par' dir='ltr' id='par_1_52' title="bbox 407 2894 1999 2979">
     <span class='ocr_line' id='line_1_52' title="bbox 407 2894 1999 2979; baseline 0.011 -25"><span class='ocrx_word' id='word_1_315' title='bbox 407 2903 603 2955; x_wconf 86' lang='lat' dir='ltr'><strong>horam</strong></span> <span class='ocrx_word' id='word_1_316' title='bbox 641 2902 846 2958; x_wconf 91' lang='lat' dir='ltr'><strong>dicitur</strong></span> <span class='ocrx_word' id='word_1_317' title='bbox 895 2906 1084 2976; x_wconf 89' lang='lat' dir='ltr'><strong>sicque</strong></span> <span class='ocrx_word' id='word_1_318' title='bbox 1132 2894 1299 2979; x_wconf 84' lang='lat' dir='ltr'><strong>super</strong></span> <span class='ocrx_word' id='word_1_319' title='bbox 1355 2926 1482 2965; x_wconf 91' lang='lat' dir='ltr'><strong>eum</strong></span> <span class='ocrx_word' id='word_1_320' title='bbox 1537 2912 1601 2967; x_wconf 89' lang='lat' dir='ltr'><strong>de</strong></span> <span class='ocrx_word' id='word_1_321' title='bbox 1648 2928 1802 2969; x_wconf 86' lang='lat' dir='ltr'><strong>more</strong></span> <span class='ocrx_word' id='word_1_322' title='bbox 1838 2912 1999 2971; x_wconf 83' lang='lat' dir='ltr'><strong>factis</strong></span> 
     </span>
    </p>
   </div>
   <div class='ocr_carea' id='block_1_53' title="bbox 407 2994 1996 3068">
    <p class='ocr_par' dir='ltr' id='par_1_53' title="bbox 407 2994 1996 3068">
     <span class='ocr_line' id='line_1_53' title="bbox 407 2994 1996 3068; baseline 0.009 -23"><span class='ocrx_word' id='word_1_323' title='bbox 407 2994 665 3063; x_wconf 79' lang='lat' dir='ltr'><strong>precibus</strong></span> <span class='ocrx_word' id='word_1_324' title='bbox 703 3007 759 3051; x_wconf 85' lang='lat' dir='ltr'><strong>et</strong></span> <span class='ocrx_word' id='word_1_325' title='bbox 818 2996 1043 3063; x_wconf 76' lang='lat' dir='ltr'><strong>sumtu,</strong></span> <span class='ocrx_word' id='word_1_326' title='bbox 1095 3001 1355 3068; x_wconf 90' lang='lat' dir='ltr'><strong>quoniam</strong></span> <span class='ocrx_word' id='word_1_327' title='bbox 1415 3002 1528 3057; x_wconf 75' lang='lat' dir='ltr'><strong>Deo</strong></span> <span class='ocrx_word' id='word_1_328' title='bbox 1584 3005 1996 3060; x_wconf 87' lang='lat' dir='ltr'><strong>commendavit</strong></span> 
     </span>
    </p>
   </div>
   <div class='ocr_carea' id='block_1_54' title="bbox 406 3084 1995 3156">
    <p class='ocr_par' dir='ltr' id='par_1_54' title="bbox 406 3084 1995 3156">
     <span class='ocr_line' id='line_1_54' title="bbox 406 3084 1995 3156; baseline 0.01 -21"><span class='ocrx_word' id='word_1_329' title='bbox 406 3084 685 3151; x_wconf 85' lang='lat' dir='ltr'><strong>spiritum,</strong></span> <span class='ocrx_word' id='word_1_330' title='bbox 727 3099 1041 3156; x_wconf 80' lang='lat' dir='ltr'><strong>corpusque</strong></span> <span class='ocrx_word' id='word_1_331' title='bbox 1076 3091 1479 3146; x_wconf 73' lang='lat' dir='ltr'><strong>sanctificatum</strong></span> <span class='ocrx_word' id='word_1_332' title='bbox 1513 3104 1703 3149; x_wconf 89' lang='lat' dir='ltr'><strong>sancte</strong></span> <span class='ocrx_word' id='word_1_333' title='bbox 1734 3099 1995 3152; x_wconf 89' lang='lat' dir='ltr'><strong>commit-</strong></span> 
     </span>
    </p>
   </div>
   <div class='ocr_carea' id='block_1_55' title="bbox 2107 1888 3688 1964">
    <p class='ocr_par' dir='ltr' id='par_1_55' title="bbox 2107 1888 3688 1964">
     <span class='ocr_line' id='line_1_55' title="bbox 2107 1888 3688 1964; baseline 0.005 -26"><span class='ocrx_word' id='word_1_334' title='bbox 2107 1903 2267 1957; x_wconf 81' lang='grc' dir='ltr'>τερον</span> <span class='ocrx_word' id='word_1_335' title='bbox 2297 1888 2742 1955; x_wconf 81' lang='grc' dir='ltr'>ἀναγινώσκεται</span> <span class='ocrx_word' id='word_1_336' title='bbox 2770 1891 2859 1944; x_wconf 76' lang='grc' dir='ltr'><strong>ἐπ’</strong></span> <span class='ocrx_word' id='word_1_337' title='bbox 2880 1891 3049 1944; x_wconf 80' lang='grc' dir='ltr'>αὐτὸν</span> <span class='ocrx_word' id='word_1_338' title='bbox 3076 1893 3176 1963; x_wconf 74' lang='grc' dir='ltr'>ἤδη</span> <span class='ocrx_word' id='word_1_339' title='bbox 3224 1891 3567 1946; x_wconf 82' lang='grc' dir='ltr'>τελευτῶντα</span> <span class='ocrx_word' id='word_1_340' title='bbox 3598 1909 3610 1923; x_wconf 90' lang='grc'><strong>·</strong></span> <span class='ocrx_word' id='word_1_341' title='bbox 3653 1895 3688 1964; x_wconf 77' lang='grc' dir='ltr'>ἢ</span> 
     </span>
    </p>
   </div>
   <div class='ocr_carea' id='block_1_56' title="bbox 2107 1978 3694 2053">
    <p class='ocr_par' dir='ltr' id='par_1_56' title="bbox 2107 1978 3694 2053">
     <span class='ocr_line' id='line_1_56' title="bbox 2107 1978 3694 2053; baseline 0.005 -24"><span class='ocrx_word' id='word_1_342' title='bbox 2107 1978 2204 2030; x_wconf 73' lang='grc' dir='ltr'><strong>καὶ</strong></span> <span class='ocrx_word' id='word_1_343' title='bbox 2230 1978 2372 2047; x_wconf 73' lang='grc' dir='ltr'>μετὰ</span> <span class='ocrx_word' id='word_1_344' title='bbox 2411 1978 2665 2045; x_wconf 80' lang='grc' dir='ltr'>Θάνατον,</span> <span class='ocrx_word' id='word_1_345' title='bbox 2699 1982 2747 2033; x_wconf 89' lang='grc' dir='ltr'><strong>εί</strong></span> <span class='ocrx_word' id='word_1_346' title='bbox 2777 1982 2804 2035; x_wconf 88' lang='grc' dir='ltr'><strong>ό</strong></span> <span class='ocrx_word' id='word_1_347' title='bbox 2838 1982 3032 2051; x_wconf 76' lang='grc' dir='ltr'>καιρὸς</span> <span class='ocrx_word' id='word_1_348' title='bbox 3076 1981 3316 2051; x_wconf 81' lang='grc' dir='ltr'>δίδωσιν,</span> <span class='ocrx_word' id='word_1_349' title='bbox 3360 1982 3436 2047; x_wconf 84' lang='grc' dir='ltr'>ὡς</span> <span class='ocrx_word' id='word_1_350' title='bbox 3461 1985 3694 2053; x_wconf 83' lang='grc' dir='ltr'>εὐαγγε-</span> 
     </span>
    </p>
   </div>
   <div class='ocr_carea' id='block_1_57' title="bbox 2106 2069 3691 2148">
    <p class='ocr_par' dir='ltr' id='par_1_57' title="bbox 2106 2069 3691 2148">
     <span class='ocr_line' id='line_1_57' title="bbox 2106 2069 3691 2148; baseline 0.006 -26"><span class='ocrx_word' id='word_1_351' title='bbox 2106 2069 2276 2134; x_wconf 83' lang='grc' dir='ltr'>λικῶς</span> <span class='ocrx_word' id='word_1_352' title='bbox 2303 2070 2467 2124; x_wconf 64' lang='grc' dir='ltr'>αὑτὸν</span> <span class='ocrx_word' id='word_1_353' title='bbox 2496 2071 2740 2143; x_wconf 78' lang='grc' dir='ltr'>ζήσαντα</span> <span class='ocrx_word' id='word_1_354' title='bbox 2761 2089 2775 2104; x_wconf 86' lang='grc'><strong>·</strong></span> <span class='ocrx_word' id='word_1_355' title='bbox 2809 2073 2926 2143; x_wconf 70' lang='grc' dir='ltr'><strong>ἅμα</strong></span> <span class='ocrx_word' id='word_1_356' title='bbox 2956 2073 3012 2126; x_wconf 86' lang='grc' dir='ltr'>δὲ</span> <span class='ocrx_word' id='word_1_357' title='bbox 3060 2075 3155 2127; x_wconf 75' lang='grc' dir='ltr'>καὶ</span> <span class='ocrx_word' id='word_1_358' title='bbox 3200 2077 3280 2140; x_wconf 86' lang='grc' dir='ltr'><strong>είς</strong></span> <span class='ocrx_word' id='word_1_359' title='bbox 3316 2076 3539 2148; x_wconf 73' lang='grc' dir='ltr'>ἱλασμὸν</span> <span class='ocrx_word' id='word_1_360' title='bbox 3595 2081 3691 2131; x_wconf 72' lang='grc' dir='ltr'><strong>καὶ</strong></span> 
     </span>
    </p>
   </div>
   <div class='ocr_carea' id='block_1_58' title="bbox 2108 2162 3689 2243">
    <p class='ocr_par' dir='ltr' id='par_1_58' title="bbox 2108 2162 3689 2243">
     <span class='ocr_line' id='line_1_58' title="bbox 2108 2162 3689 2243; baseline 0.008 -30"><span class='ocrx_word' id='word_1_361' title='bbox 2108 2162 2383 2231; x_wconf 72' lang='grc' dir='ltr'>άγιασμδν</span> <span class='ocrx_word' id='word_1_362' title='bbox 2414 2162 2584 2216; x_wconf 76' lang='grc' dir='ltr'>αὑτοῦ</span> <span class='ocrx_word' id='word_1_363' title='bbox 2609 2164 2673 2216; x_wconf 85' lang='grc' dir='ltr'>ὲκ</span> <span class='ocrx_word' id='word_1_364' title='bbox 2705 2165 2814 2218; x_wconf 84' lang='grc' dir='ltr'><strong>τῶν</strong></span> <span class='ocrx_word' id='word_1_365' title='bbox 2843 2165 3139 2222; x_wconf 85' lang='grc' dir='ltr'>θειοτάτων</span> <span class='ocrx_word' id='word_1_366' title='bbox 3156 2166 3355 2238; x_wconf 81' lang='grc' dir='ltr'>λογίων</span> <span class='ocrx_word' id='word_1_367' title='bbox 3376 2185 3391 2198; x_wconf 89' lang='grc'><strong>·</strong></span> <span class='ocrx_word' id='word_1_368' title='bbox 3426 2170 3547 2225; x_wconf 83' lang='grc' dir='ltr'>τινα</span> <span class='ocrx_word' id='word_1_369' title='bbox 3577 2172 3689 2243; x_wconf 86' lang='grc' dir='ltr'>γὰρ</span> 
     </span>
    </p>
   </div>
   <div class='ocr_carea' id='block_1_59' title="bbox 2104 2256 3685 2333">
    <p class='ocr_par' dir='ltr' id='par_1_59' title="bbox 2104 2256 3685 2333">
     <span class='ocr_line' id='line_1_59' title="bbox 2104 2256 3685 2333; baseline 0.006 -25"><span class='ocrx_word' id='word_1_370' title='bbox 2104 2256 2269 2326; x_wconf 78' lang='grc' dir='ltr'>ἕτερα</span> <span class='ocrx_word' id='word_1_371' title='bbox 2296 2257 2373 2319; x_wconf 86' lang='grc' dir='ltr'><strong>είς</strong></span> <span class='ocrx_word' id='word_1_372' title='bbox 2406 2256 2693 2323; x_wconf 80' lang='grc' dir='ltr'>ἐξιλέωσιν</span> <span class='ocrx_word' id='word_1_373' title='bbox 2720 2257 2860 2312; x_wconf 83' lang='grc' dir='ltr'>Θεοῦ</span> <span class='ocrx_word' id='word_1_374' title='bbox 2886 2259 3114 2330; x_wconf 82' lang='grc' dir='ltr'>μείζονα</span> <span class='ocrx_word' id='word_1_375' title='bbox 3139 2262 3280 2332; x_wconf 81' lang='grc' dir='ltr'>ὑπὲρ</span> <span class='ocrx_word' id='word_1_376' title='bbox 3302 2262 3395 2316; x_wconf 83' lang='grc' dir='ltr'>τοῦ</span> <span class='ocrx_word' id='word_1_377' title='bbox 3428 2265 3685 2333; x_wconf 80' lang='grc' dir='ltr'>κειμένου</span> 
     </span>
    </p>
   </div>
   <div class='ocr_carea' id='block_1_60' title="bbox 2105 2348 3685 2426">
    <p class='ocr_par' dir='ltr' id='par_1_60' title="bbox 2105 2348 3685 2426">
     <span class='ocr_line' id='line_1_60' title="bbox 2105 2348 3685 2426; baseline 0.006 -25"><span class='ocrx_word' id='word_1_378' title='bbox 2105 2348 2520 2420; x_wconf 72' lang='grc' dir='ltr'>ἔσταιῆταῦτα</span> <span class='ocrx_word' id='word_1_379' title='bbox 2566 2350 2889 2422; x_wconf 64' lang='grc' dir='ltr'>λεγόμενας</span> <span class='ocrx_word' id='word_1_380' title='bbox 2938 2352 3228 2425; x_wconf 84' lang='grc' dir='ltr'>Σάρκωσις</span> <span class='ocrx_word' id='word_1_381' title='bbox 3283 2356 3422 2410; x_wconf 84' lang='grc' dir='ltr'>Θεοῦ</span> <span class='ocrx_word' id='word_1_382' title='bbox 3471 2374 3685 2426; x_wconf 83' lang='grc' dir='ltr'>καταγ-</span> 
     </span>
    </p>
   </div>
   <div class='ocr_carea' id='block_1_61' title="bbox 2104 2442 3688 2520">
    <p class='ocr_par' dir='ltr' id='par_1_61' title="bbox 2104 2442 3688 2520">
     <span class='ocr_line' id='line_1_61' title="bbox 2104 2442 3688 2520; baseline 0.006 -26"><span class='ocrx_word' id='word_1_383' title='bbox 2104 2442 2433 2512; x_wconf 81' lang='grc' dir='ltr'>γελλομένη,</span> <span class='ocrx_word' id='word_1_384' title='bbox 2462 2442 2835 2510; x_wconf 84' lang='grc' dir='ltr'>διδασκαλίαι,</span> <span class='ocrx_word' id='word_1_385' title='bbox 2874 2447 3176 2517; x_wconf 81' lang='grc' dir='ltr'>μυστήρια,</span> <span class='ocrx_word' id='word_1_386' title='bbox 3235 2447 3381 2511; x_wconf 90' lang='grc' dir='ltr'>δόσις</span> <span class='ocrx_word' id='word_1_387' title='bbox 3442 2449 3688 2520; x_wconf 75' lang='grc' dir='ltr'><strong>ἀφέσεως</strong></span> 
     </span>
    </p>
   </div>
   <div class='ocr_carea' id='block_1_62' title="bbox 2102 2535 3670 2609">
    <p class='ocr_par' dir='ltr' id='par_1_62' title="bbox 2102 2535 3670 2609">
     <span class='ocr_line' id='line_1_62' title="bbox 2102 2535 3670 2609; baseline 0.004 -22"><span class='ocrx_word' id='word_1_388' title='bbox 2102 2535 2489 2606; x_wconf 72' lang='grc' dir='ltr'>ἐγκλημάτων,</span> <span class='ocrx_word' id='word_1_389' title='bbox 2514 2536 2582 2589; x_wconf 72' lang='grc' dir='ltr'>τὰ</span> <span class='ocrx_word' id='word_1_390' title='bbox 2617 2535 2760 2607; x_wconf 67' lang='grc' dir='ltr'>ὑπὲρ</span> <span class='ocrx_word' id='word_1_391' title='bbox 2798 2537 2957 2608; x_wconf 79' lang='grc' dir='ltr'>ἡμῶν</span> <span class='ocrx_word' id='word_1_392' title='bbox 2990 2538 3161 2609; x_wconf 80' lang='grc' dir='ltr'>πάθη,</span> <span class='ocrx_word' id='word_1_393' title='bbox 3191 2541 3219 2593; x_wconf 89' lang='grc' dir='ltr'><strong>ό</strong></span> <span class='ocrx_word' id='word_1_394' title='bbox 3267 2539 3532 2605; x_wconf 79' lang='grc' dir='ltr'>ζωοποιδς</span> <span class='ocrx_word' id='word_1_395' title='bbox 3572 2540 3670 2595; x_wconf 70' lang='grc' dir='ltr'><strong>θά-</strong></span> 
     </span>
    </p>
   </div>
   <div class='ocr_carea' id='block_1_63' title="bbox 2102 2625 3686 2699">
    <p class='ocr_par' dir='ltr' id='par_1_63' title="bbox 2102 2625 3686 2699">
     <span class='ocr_line' id='line_1_63' title="bbox 2102 2625 3686 2699; baseline 0.006 -22"><span class='ocrx_word' id='word_1_396' title='bbox 2102 2643 2283 2689; x_wconf 87' lang='grc' dir='ltr'>νατος,</span> <span class='ocrx_word' id='word_1_397' title='bbox 2310 2626 2405 2680; x_wconf 70' lang='grc' dir='ltr'><strong>καὶ</strong></span> <span class='ocrx_word' id='word_1_398' title='bbox 2440 2627 2472 2697; x_wconf 77' lang='grc' dir='ltr'><strong>ἡ</strong></span> <span class='ocrx_word' id='word_1_399' title='bbox 2508 2625 2731 2699; x_wconf 75' lang='grc' dir='ltr'>ἔγερσις</span> <span class='ocrx_word' id='word_1_400' title='bbox 2755 2643 2769 2658; x_wconf 76' lang='grc' dir='ltr'><strong>ο</strong></span> <span class='ocrx_word' id='word_1_401' title='bbox 2813 2628 2958 2697; x_wconf 83' lang='grc' dir='ltr'>ὑπὲρ</span> <span class='ocrx_word' id='word_1_402' title='bbox 2985 2628 3212 2685; x_wconf 72' lang='grc' dir='ltr'>ἃπασαν</span> <span class='ocrx_word' id='word_1_403' title='bbox 3240 2627 3335 2685; x_wconf 81' lang='grc' dir='ltr'><strong>οὖν</strong></span> <span class='ocrx_word' id='word_1_404' title='bbox 3359 2631 3535 2686; x_wconf 80' lang='grc' dir='ltr'>ταῦτα</span> <span class='ocrx_word' id='word_1_405' title='bbox 3558 2633 3686 2686; x_wconf 85' lang='grc' dir='ltr'>άκο-</span> 
     </span>
    </p>
   </div>
   <div class='ocr_carea' id='block_1_64' title="bbox 2101 2716 3684 2792">
    <p class='ocr_par' dir='ltr' id='par_1_64' title="bbox 2101 2716 3684 2792">
     <span class='ocr_line' id='line_1_64' title="bbox 2101 2716 3684 2792; baseline 0.004 -24"><span class='ocrx_word' id='word_1_406' title='bbox 2101 2716 2367 2771; x_wconf 83' lang='grc' dir='ltr'>λουθίαν·</span> <span class='ocrx_word' id='word_1_407' title='bbox 2398 2716 2495 2771; x_wconf 80' lang='grc' dir='ltr'>καὶ</span> <span class='ocrx_word' id='word_1_408' title='bbox 2554 2716 2780 2771; x_wconf 84' lang='grc' dir='ltr'>λεκτέον</span> <span class='ocrx_word' id='word_1_409' title='bbox 2835 2717 2931 2772; x_wconf 71' lang='grc' dir='ltr'>ἐπὶ</span> <span class='ocrx_word' id='word_1_410' title='bbox 2986 2721 3103 2784; x_wconf 80' lang='grc' dir='ltr'>τοῖς</span> <span class='ocrx_word' id='word_1_411' title='bbox 3158 2721 3504 2792; x_wconf 82' lang='grc' dir='ltr'>ίερωμένοις.</span> <span class='ocrx_word' id='word_1_412' title='bbox 3560 2722 3684 2778; x_wconf 76' lang='grc' dir='ltr'><strong>Ἐπὶ</strong></span> 
     </span>
    </p>
   </div>
   <div class='ocr_carea' id='block_1_65' title="bbox 2100 2810 3677 2886">
    <p class='ocr_par' dir='ltr' id='par_1_65' title="bbox 2100 2810 3677 2886">
     <span class='ocr_line' id='line_1_65' title="bbox 2100 2810 3677 2886; baseline 0.004 -23"><span class='ocrx_word' id='word_1_413' title='bbox 2100 2810 2156 2864; x_wconf 71' lang='grc' dir='ltr'>δὲ</span> <span class='ocrx_word' id='word_1_414' title='bbox 2192 2810 2487 2882; x_wconf 77' lang='grc' dir='ltr'>μονάζουσι</span> <span class='ocrx_word' id='word_1_415' title='bbox 2522 2811 2583 2864; x_wconf 72' lang='grc' dir='ltr'>τὸ</span> <span class='ocrx_word' id='word_1_416' title='bbox 2606 2811 2950 2883; x_wconf 79' lang='grc' dir='ltr'>Ψαλτήριον,</span> <span class='ocrx_word' id='word_1_417' title='bbox 2977 2811 3005 2865; x_wconf 83' lang='grc' dir='ltr'><strong>δ</strong></span> <span class='ocrx_word' id='word_1_418' title='bbox 3033 2813 3128 2869; x_wconf 74' lang='grc' dir='ltr'>καὶ</span> <span class='ocrx_word' id='word_1_419' title='bbox 3157 2813 3499 2882; x_wconf 81' lang='grc' dir='ltr'>φυλάσσεται</span> <span class='ocrx_word' id='word_1_420' title='bbox 3527 2818 3677 2886; x_wconf 70' lang='grc' dir='ltr'>παρὰ</span> 
     </span>
    </p>
   </div>
   <div class='ocr_carea' id='block_1_66' title="bbox 2100 2903 3683 2974">
    <p class='ocr_par' dir='ltr' id='par_1_66' title="bbox 2100 2903 3683 2974">
     <span class='ocr_line' id='line_1_66' title="bbox 2100 2903 3683 2974; baseline 0.003 -17"><span class='ocrx_word' id='word_1_421' title='bbox 2100 2904 2212 2965; x_wconf 82' lang='grc' dir='ltr'>τοῖς</span> <span class='ocrx_word' id='word_1_422' title='bbox 2237 2903 2455 2967; x_wconf 78' lang='grc' dir='ltr'>πολλοῖς</span> <span class='ocrx_word' id='word_1_423' title='bbox 2485 2903 2591 2969; x_wconf 78' lang='grc' dir='ltr'>ἔτι,</span> <span class='ocrx_word' id='word_1_424' title='bbox 2648 2906 2742 2958; x_wconf 75' lang='grc' dir='ltr'>καὶ</span> <span class='ocrx_word' id='word_1_425' title='bbox 2766 2905 2870 2968; x_wconf 73' lang='grc' dir='ltr'><strong>ἕως</strong></span> <span class='ocrx_word' id='word_1_426' title='bbox 2889 2906 2984 2959; x_wconf 83' lang='grc' dir='ltr'>τοῦ</span> <span class='ocrx_word' id='word_1_427' title='bbox 3018 2905 3114 2959; x_wconf 81' lang='grc' dir='ltr'>νῦν</span> <span class='ocrx_word' id='word_1_428' title='bbox 3144 2905 3387 2974; x_wconf 86' lang='grc' dir='ltr'>λέγεται.</span> <span class='ocrx_word' id='word_1_429' title='bbox 3415 2906 3525 2961; x_wconf 82' lang='grc' dir='ltr'><strong>Καὶ</strong></span> <span class='ocrx_word' id='word_1_430' title='bbox 3540 2908 3683 2963; x_wconf 78' lang='grc' dir='ltr'>οὕτω</span> 
     </span>
    </p>
   </div>
   <div class='ocr_carea' id='block_1_67' title="bbox 2100 2991 3681 3065">
    <p class='ocr_par' dir='ltr' id='par_1_67' title="bbox 2100 2991 3681 3065">
     <span class='ocr_line' id='line_1_67' title="bbox 2100 2991 3681 3065; baseline 0.003 -20"><span class='ocrx_word' id='word_1_431' title='bbox 2100 2993 2199 3063; x_wconf 86' lang='grc' dir='ltr'>τῆς</span> <span class='ocrx_word' id='word_1_432' title='bbox 2219 2991 2387 3063; x_wconf 81' lang='grc' dir='ltr'>εὐχῆς</span> <span class='ocrx_word' id='word_1_433' title='bbox 2410 2992 2486 3056; x_wconf 84' lang='grc' dir='ltr'><strong>ὡς</strong></span> <span class='ocrx_word' id='word_1_434' title='bbox 2516 2993 2640 3056; x_wconf 72' lang='grc' dir='ltr'>ἔοος</span> <span class='ocrx_word' id='word_1_435' title='bbox 2661 2994 2759 3047; x_wconf 82' lang='grc' dir='ltr'><strong>σὺν</strong></span> <span class='ocrx_word' id='word_1_436' title='bbox 2803 2993 3092 3065; x_wconf 86' lang='grc' dir='ltr'>Τρισαγίῳ</span> <span class='ocrx_word' id='word_1_437' title='bbox 3119 2996 3305 3051; x_wconf 73' lang='grc' dir='ltr'>ἐπάνω</span> <span class='ocrx_word' id='word_1_438' title='bbox 3370 2995 3560 3051; x_wconf 80' lang='grc' dir='ltr'>τούτου</span> <span class='ocrx_word' id='word_1_439' title='bbox 3592 3013 3681 3065; x_wconf 84' lang='grc' dir='ltr'>γι-</span> 
     </span>
    </p>
   </div>
   <div class='ocr_carea' id='block_1_68' title="bbox 2101 3086 3679 3162">
    <p class='ocr_par' dir='ltr' id='par_1_68' title="bbox 2101 3086 3679 3162">
     <span class='ocr_line' id='line_1_68' title="bbox 2101 3086 3679 3162; baseline 0.004 -24"><span class='ocrx_word' id='word_1_440' title='bbox 2101 3088 2339 3158; x_wconf 83' lang='grc' dir='ltr'>νομένης</span> <span class='ocrx_word' id='word_1_441' title='bbox 2371 3088 2466 3140; x_wconf 74' lang='grc' dir='ltr'><strong>καὶ</strong></span> <span class='ocrx_word' id='word_1_442' title='bbox 2492 3086 2872 3159; x_wconf 83' lang='grc' dir='ltr'>Θυμιάματος,</span> <span class='ocrx_word' id='word_1_443' title='bbox 2909 3088 2994 3142; x_wconf 83' lang='grc' dir='ltr'>ὅτι</span> <span class='ocrx_word' id='word_1_444' title='bbox 3044 3088 3167 3159; x_wconf 88' lang='grc' dir='ltr'><strong>Θεῷ</strong></span> <span class='ocrx_word' id='word_1_445' title='bbox 3199 3090 3553 3160; x_wconf 83' lang='grc' dir='ltr'>παραδέδωκε</span> <span class='ocrx_word' id='word_1_446' title='bbox 3582 3090 3679 3162; x_wconf 72' lang='grc' dir='ltr'>τὴν</span> 
     </span>
    </p>
   </div>
   <div class='ocr_carea' id='block_1_69' title="bbox 408 3153 2013 3257">
    <p class='ocr_par' dir='ltr' id='par_1_69' title="bbox 408 3176 1995 3246">
     <span class='ocr_line' id='line_1_69' title="bbox 408 3176 1995 3246; baseline 0.013 -20"><span class='ocrx_word' id='word_1_447' title='bbox 408 3176 541 3227; x_wconf 90' lang='lat' dir='ltr'><strong>titur</strong></span> <span class='ocrx_word' id='word_1_448' title='bbox 589 3185 793 3245; x_wconf 79' lang='lat' dir='ltr'><strong>teme;</strong></span> <span class='ocrx_word' id='word_1_449' title='bbox 850 3178 1132 3234; x_wconf 90' lang='lat' dir='ltr'><strong>incensum</strong></span> <span class='ocrx_word' id='word_1_450' title='bbox 1182 3184 1325 3237; x_wconf 92' lang='lat' dir='ltr'><strong>enim</strong></span> <span class='ocrx_word' id='word_1_451' title='bbox 1381 3184 1495 3240; x_wconf 90' lang='lat' dir='ltr'><strong>Deo</strong></span> <span class='ocrx_word' id='word_1_452' title='bbox 1535 3185 1779 3241; x_wconf 90' lang='lat' dir='ltr'><strong>oblatum</strong></span> <span class='ocrx_word' id='word_1_453' title='bbox 1814 3197 1900 3244; x_wconf 89' lang='lat' dir='ltr'><strong>est</strong></span> <span class='ocrx_word' id='word_1_454' title='bbox 1938 3191 1995 3246; x_wconf 91' lang='lat' dir='ltr'><strong>in</strong></span> 
     </span>
    </p>
   </div>
   <div class='ocr_carea' id='block_1_70' title="bbox 2101 3153 3683 3257">
    <p class='ocr_par' dir='ltr' id='par_1_70' title="bbox 2104 3153 3683 3257">
     <span class='ocr_line' id='line_1_70' title="bbox 2104 3153 3683 3257; baseline 0.003 -25"><span class='ocrx_word' id='word_1_455' title='bbox 2104 3153 2306 3250; x_wconf 69' lang='grc' dir='ltr'>ψυχὴν,</span> <span class='ocrx_word' id='word_1_456' title='bbox 2343 3179 2438 3232; x_wconf 62' lang='grc' dir='ltr'><strong>καλ⁵</strong></span> <span class='ocrx_word' id='word_1_457' title='bbox 2469 3179 2530 3232; x_wconf 79' lang='grc' dir='ltr'><strong>τὸ</strong></span> <span class='ocrx_word' id='word_1_458' title='bbox 2548 3153 2710 3251; x_wconf 76' lang='grc' dir='ltr'>σῶμα</span> <span class='ocrx_word' id='word_1_459' title='bbox 2740 3182 3081 3253; x_wconf 78' lang='grc' dir='ltr'>ἡγιασμένον</span> <span class='ocrx_word' id='word_1_460' title='bbox 3113 3153 3294 3253; x_wconf 63' lang='grc' dir='ltr'>άγίως</span> <span class='ocrx_word' id='word_1_461' title='bbox 3316 3187 3384 3256; x_wconf 78' lang='grc' dir='ltr'>τῇ</span> <span class='ocrx_word' id='word_1_462' title='bbox 3410 3187 3481 3257; x_wconf 84' lang='grc' dir='ltr'>γῇ</span> <span class='ocrx_word' id='word_1_463' title='bbox 3505 3153 3683 3256; x_wconf 75' lang='grc' dir='ltr'>παρα-</span> 
     </span>
    </p>
   </div>
   <div class='ocr_carea' id='block_1_71' title="bbox 408 3267 2013 3351">
    <p class='ocr_par' dir='ltr' id='par_1_71' title="bbox 408 3267 1997 3351">
     <span class='ocr_line' id='line_1_71' title="bbox 408 3267 1997 3351; baseline 0.011 -33"><span class='ocrx_word' id='word_1_464' title='bbox 408 3267 854 3336; x_wconf 84' lang='lat' dir='ltr'><strong>propitiationem</strong></span> <span class='ocrx_word' id='word_1_465' title='bbox 904 3285 1004 3341; x_wconf 90' lang='lat' dir='ltr'><strong>pro</strong></span> <span class='ocrx_word' id='word_1_466' title='bbox 1057 3282 1274 3330; x_wconf 89' lang='lat' dir='ltr'><strong>mortuo</strong></span> <span class='ocrx_word' id='word_1_467' title='bbox 1300 3318 1315 3342; x_wconf 92' lang='lat'><strong>,</strong></span> <span class='ocrx_word' id='word_1_468' title='bbox 1351 3286 1408 3330; x_wconf 88' lang='lat' dir='ltr'><strong>et</strong></span> <span class='ocrx_word' id='word_1_469' title='bbox 1461 3282 1515 3332; x_wconf 93' lang='lat' dir='ltr'><strong>in</strong></span> <span class='ocrx_word' id='word_1_470' title='bbox 1548 3279 1762 3349; x_wconf 88' lang='lat' dir='ltr'><strong>signum</strong></span> <span class='ocrx_word' id='word_1_471' title='bbox 1802 3281 1905 3351; x_wconf 73' lang='lat' dir='ltr'><strong>pite</strong></span> <span class='ocrx_word' id='word_1_472' title='bbox 1942 3291 1997 3338; x_wconf 90' lang='lat' dir='ltr'><strong>et</strong></span> 
     </span>
    </p>
   </div>
   <div class='ocr_carea' id='block_1_72' title="bbox 2101 3267 3679 3351">
    <p class='ocr_par' dir='ltr' id='par_1_72' title="bbox 2102 3272 3679 3348">
     <span class='ocr_line' id='line_1_72' title="bbox 2102 3272 3679 3348; baseline 0.004 -24"><span class='ocrx_word' id='word_1_473' title='bbox 2102 3272 2343 3326; x_wconf 87' lang='grc' dir='ltr'>δίδοται·</span> <span class='ocrx_word' id='word_1_474' title='bbox 2384 3272 2480 3325; x_wconf 69' lang='grc' dir='ltr'><strong>καὶ</strong></span> <span class='ocrx_word' id='word_1_475' title='bbox 2537 3272 2599 3326; x_wconf 73' lang='grc' dir='ltr'>τὸ</span> <span class='ocrx_word' id='word_1_476' title='bbox 2634 3273 2889 3345; x_wconf 88' lang='grc' dir='ltr'>θυμίαμα</span> <span class='ocrx_word' id='word_1_477' title='bbox 2933 3274 3043 3347; x_wconf 85' lang='grc' dir='ltr'>γὰρ</span> <span class='ocrx_word' id='word_1_478' title='bbox 3094 3276 3215 3347; x_wconf 85' lang='grc' dir='ltr'><strong>Θεῷ</strong></span> <span class='ocrx_word' id='word_1_479' title='bbox 3272 3278 3679 3348; x_wconf 84' lang='grc' dir='ltr'>προσαγόμενον</span> 
     </span>
    </p>
   </div>
   <div class='ocr_carea' id='block_1_73' title="bbox 407 3359 1992 3442">
    <p class='ocr_par' dir='ltr' id='par_1_73' title="bbox 407 3359 1992 3442">
     <span class='ocr_line' id='line_1_73' title="bbox 407 3359 1992 3442; baseline 0.011 -32"><span class='ocrx_word' id='word_1_480' title='bbox 407 3359 732 3414; x_wconf 66' lang='lat' dir='ltr'><strong>orthodoxae</strong></span> <span class='ocrx_word' id='word_1_481' title='bbox 762 3361 881 3431; x_wconf 86' lang='lat' dir='ltr'><strong>ejus</strong></span> <span class='ocrx_word' id='word_1_482' title='bbox 914 3363 1037 3418; x_wconf 74' lang='lat' dir='ltr'><strong>vita:</strong></span> <span class='ocrx_word' id='word_1_483' title='bbox 1067 3380 1188 3435; x_wconf 71' lang='lat' dir='ltr'><strong>quae</strong></span> <span class='ocrx_word' id='word_1_484' title='bbox 1220 3366 1347 3423; x_wconf 93' lang='lat' dir='ltr'><strong>boni</strong></span> <span class='ocrx_word' id='word_1_485' title='bbox 1384 3370 1569 3426; x_wconf 91' lang='lat' dir='ltr'><strong>odoris</strong></span> <span class='ocrx_word' id='word_1_486' title='bbox 1591 3410 1606 3435; x_wconf 92' lang='lat'><strong>,</strong></span> <span class='ocrx_word' id='word_1_487' title='bbox 1651 3373 1778 3442; x_wconf 89' lang='lat' dir='ltr'><strong>quia</strong></span> <span class='ocrx_word' id='word_1_488' title='bbox 1811 3390 1948 3442; x_wconf 90' lang='lat' dir='ltr'><strong>pura</strong></span> <span class='ocrx_word' id='word_1_489' title='bbox 1975 3413 1992 3439; x_wconf 89' lang='lat'><strong>,</strong></span> 
     </span>
    </p>
   </div>
   <div class='ocr_carea' id='block_1_74' title="bbox 409 3453 1998 3537">
    <p class='ocr_par' dir='ltr' id='par_1_74' title="bbox 409 3453 1998 3537">
     <span class='ocr_line' id='line_1_74' title="bbox 409 3453 1998 3537; baseline 0.013 -33"><span class='ocrx_word' id='word_1_490' title='bbox 409 3453 623 3507; x_wconf 80' lang='lat' dir='ltr'><strong>exstitit</strong></span> <span class='ocrx_word' id='word_1_491' title='bbox 657 3470 672 3520; x_wconf 88' lang='lat'><strong>;</strong></span> <span class='ocrx_word' id='word_1_492' title='bbox 719 3455 900 3511; x_wconf 83' lang='lat' dir='ltr'><strong>levant</strong></span> <span class='ocrx_word' id='word_1_493' title='bbox 934 3468 1119 3528; x_wconf 85' lang='lat' dir='ltr'><strong>postea</strong></span> <span class='ocrx_word' id='word_1_494' title='bbox 1152 3468 1207 3515; x_wconf 91' lang='lat' dir='ltr'><strong>et</strong></span> <span class='ocrx_word' id='word_1_495' title='bbox 1244 3461 1299 3516; x_wconf 90' lang='lat' dir='ltr'><strong>in</strong></span> <span class='ocrx_word' id='word_1_496' title='bbox 1336 3464 1596 3534; x_wconf 88' lang='lat' dir='ltr'><strong>templum</strong></span> <span class='ocrx_word' id='word_1_497' title='bbox 1628 3481 1755 3520; x_wconf 91' lang='lat' dir='ltr'><strong>cum</strong></span> <span class='ocrx_word' id='word_1_498' title='bbox 1788 3467 1998 3537; x_wconf 85' lang='lat' dir='ltr'><strong>lampa-</strong></span> 
     </span>
    </p>
   </div>
   <div class='ocr_carea' id='block_1_75' title="bbox 406 3543 1993 3615">
    <p class='ocr_par' dir='ltr' id='par_1_75' title="bbox 406 3543 1993 3615">
     <span class='ocr_line' id='line_1_75' title="bbox 406 3543 1993 3615; baseline 0.011 -19"><span class='ocrx_word' id='word_1_499' title='bbox 406 3543 567 3600; x_wconf 90' lang='lat' dir='ltr'><strong>dibus</strong></span> <span class='ocrx_word' id='word_1_500' title='bbox 595 3556 816 3615; x_wconf 85' lang='lat' dir='ltr'><strong>portant</strong></span> <span class='ocrx_word' id='word_1_501' title='bbox 846 3549 1089 3605; x_wconf 83' lang='lat' dir='ltr'><strong>divinam</strong></span> <span class='ocrx_word' id='word_1_502' title='bbox 1122 3552 1272 3608; x_wconf 87' lang='lat' dir='ltr'><strong>illam</strong></span> <span class='ocrx_word' id='word_1_503' title='bbox 1302 3566 1355 3611; x_wconf 88' lang='lat' dir='ltr'><strong>et</strong></span> <span class='ocrx_word' id='word_1_504' title='bbox 1383 3556 1787 3613; x_wconf 83' lang='lat' dir='ltr'><strong>indcﬁcieutem</strong></span> <span class='ocrx_word' id='word_1_505' title='bbox 1816 3559 1993 3614; x_wconf 84' lang='lat' dir='ltr'><strong>lucem</strong></span> 
     </span>
    </p>
   </div>
   <div class='ocr_carea' id='block_1_76' title="bbox 406 3636 1997 3719">
    <p class='ocr_par' dir='ltr' id='par_1_76' title="bbox 406 3636 1997 3719">
     <span class='ocr_line' id='line_1_76' title="bbox 406 3636 1997 3719; baseline 0.011 -28"><span class='ocrx_word' id='word_1_506' title='bbox 406 3636 807 3707; x_wconf 76' lang='lat' dir='ltr'><strong>signiﬁcantes.</strong></span> <span class='ocrx_word' id='word_1_507' title='bbox 890 3643 960 3696; x_wconf 84' lang='lat' dir='ltr'><strong>At</strong></span> <span class='ocrx_word' id='word_1_508' title='bbox 1013 3643 1059 3698; x_wconf 91' lang='lat' dir='ltr'><strong>si</strong></span> <span class='ocrx_word' id='word_1_509' title='bbox 1118 3649 1423 3701; x_wconf 86' lang='lat' dir='ltr'><strong>monachus</strong></span> <span class='ocrx_word' id='word_1_510' title='bbox 1478 3648 1643 3703; x_wconf 78' lang='lat' dir='ltr'><strong>fuerit</strong></span> <span class='ocrx_word' id='word_1_511' title='bbox 1702 3659 1997 3719; x_wconf 90' lang='lat' dir='ltr'><strong>mortuus,</strong></span> 
     </span>
    </p>
   </div>
   <div class='ocr_carea' id='block_1_77' title="bbox 406 3732 1995 3811">
    <p class='ocr_par' dir='ltr' id='par_1_77' title="bbox 406 3732 1995 3811">
     <span class='ocr_line' id='line_1_77' title="bbox 406 3732 1995 3811; baseline 0.011 -29"><span class='ocrx_word' id='word_1_512' title='bbox 406 3739 691 3800; x_wconf 80' lang='lat' dir='ltr'><strong>postquam</strong></span> <span class='ocrx_word' id='word_1_513' title='bbox 724 3734 776 3787; x_wconf 90' lang='lat' dir='ltr'><strong>in</strong></span> <span class='ocrx_word' id='word_1_514' title='bbox 810 3732 1043 3788; x_wconf 79' lang='lat' dir='ltr'><strong>formam</strong></span> <span class='ocrx_word' id='word_1_515' title='bbox 1078 3737 1260 3793; x_wconf 90' lang='lat' dir='ltr'><strong>crucis</strong></span> <span class='ocrx_word' id='word_1_516' title='bbox 1293 3740 1395 3794; x_wconf 80' lang='lat' dir='ltr'><strong>fuit</strong></span> <span class='ocrx_word' id='word_1_517' title='bbox 1427 3756 1713 3811; x_wconf 89' lang='lat' dir='ltr'><strong>aspersum</strong></span> <span class='ocrx_word' id='word_1_518' title='bbox 1742 3782 1757 3809; x_wconf 97' lang='lat'><strong>,</strong></span> <span class='ocrx_word' id='word_1_519' title='bbox 1802 3744 1995 3800; x_wconf 88' lang='lat' dir='ltr'><strong>habitu</strong></span> 
     </span>
    </p>
   </div>
   <div class='ocr_carea' id='block_1_78' title="bbox 403 3823 1991 3907">
    <p class='ocr_par' dir='ltr' id='par_1_78' title="bbox 403 3823 1991 3907">
     <span class='ocr_line' id='line_1_78' title="bbox 403 3823 1991 3907; baseline 0.01 -31"><span class='ocrx_word' id='word_1_520' title='bbox 403 3836 527 3876; x_wconf 89' lang='lat' dir='ltr'><strong>eum</strong></span> <span class='ocrx_word' id='word_1_521' title='bbox 564 3823 840 3893; x_wconf 83' lang='lat' dir='ltr'><strong>induunt,</strong></span> <span class='ocrx_word' id='word_1_522' title='bbox 883 3834 938 3881; x_wconf 91' lang='lat' dir='ltr'><strong>et</strong></span> <span class='ocrx_word' id='word_1_523' title='bbox 972 3825 1211 3899; x_wconf 89' lang='lat' dir='ltr'><strong>desuper</strong></span> <span class='ocrx_word' id='word_1_524' title='bbox 1245 3830 1301 3885; x_wconf 93' lang='lat' dir='ltr'><strong>in</strong></span> <span class='ocrx_word' id='word_1_525' title='bbox 1337 3846 1405 3888; x_wconf 91' lang='lat' dir='ltr'><strong>eo</strong></span> <span class='ocrx_word' id='word_1_526' title='bbox 1434 3834 1725 3891; x_wconf 89' lang='lat' dir='ltr'><strong>eonsuitur</strong></span> <span class='ocrx_word' id='word_1_527' title='bbox 1762 3837 1991 3907; x_wconf 83' lang='lat' dir='ltr'><strong>pallium</strong></span> 
     </span>
    </p>
   </div>
   <div class='ocr_carea' id='block_1_79' title="bbox 402 3914 1997 3998">
    <p class='ocr_par' dir='ltr' id='par_1_79' title="bbox 402 3914 1997 3998">
     <span class='ocr_line' id='line_1_79' title="bbox 402 3914 1997 3998; baseline 0.012 -31"><span class='ocrx_word' id='word_1_528' title='bbox 402 3914 547 3983; x_wconf 89' lang='lat' dir='ltr'><strong>quod</strong></span> <span class='ocrx_word' id='word_1_529' title='bbox 625 3916 860 3985; x_wconf 88' lang='lat' dir='ltr'><strong>sepulcri</strong></span> <span class='ocrx_word' id='word_1_530' title='bbox 909 3919 1145 3988; x_wconf 87' lang='lat' dir='ltr'><strong>speciem</strong></span> <span class='ocrx_word' id='word_1_531' title='bbox 1196 3926 1377 3991; x_wconf 84' lang='lat' dir='ltr'><strong>gerit,</strong></span> <span class='ocrx_word' id='word_1_532' title='bbox 1429 3927 1687 3982; x_wconf 85' lang='lat' dir='ltr'><strong>crucibus</strong></span> <span class='ocrx_word' id='word_1_533' title='bbox 1760 3927 1997 3998; x_wconf 86' lang='lat' dir='ltr'><strong>desuper</strong></span> 
     </span>
    </p>
   </div>
   <div class='ocr_carea' id='block_1_80' title="bbox 406 4006 1725 4080">
    <p class='ocr_par' dir='ltr' id='par_1_80' title="bbox 406 4006 1725 4080">
     <span class='ocr_line' id='line_1_80' title="bbox 406 4006 1725 4080; baseline 0.014 -21"><span class='ocrx_word' id='word_1_534' title='bbox 406 4006 564 4063; x_wconf 79' lang='lat' dir='ltr'><strong>lactis</strong></span> <span class='ocrx_word' id='word_1_535' title='bbox 599 4020 822 4080; x_wconf 90' lang='lat' dir='ltr'><strong>propter</strong></span> <span class='ocrx_word' id='word_1_536' title='bbox 848 4010 1130 4068; x_wconf 75' lang='lat' dir='ltr'><strong>ChriStum</strong></span> <span class='ocrx_word' id='word_1_537' title='bbox 1161 4014 1253 4069; x_wconf 89' lang='lat' dir='ltr'><strong>cui</strong></span> <span class='ocrx_word' id='word_1_538' title='bbox 1282 4016 1585 4075; x_wconf 79' lang='lat' dir='ltr'><strong>crucilixus</strong></span> <span class='ocrx_word' id='word_1_539' title='bbox 1618 4027 1725 4077; x_wconf 89' lang='lat' dir='ltr'><strong>est.</strong></span> 
     </span>
    </p>
   </div>
   <div class='ocr_carea' id='block_1_81' title="bbox 917 4287 1474 4347">
    <p class='ocr_par' dir='ltr' id='par_1_81' title="bbox 917 4287 1474 4347">
     <span class='ocr_line' id='line_1_81' title="bbox 917 4287 1474 4347; baseline 0.011 -6"><span class='ocrx_word' id='word_1_540' title='bbox 917 4287 1146 4344; x_wconf 69' lang='lat' dir='ltr'><strong>CAPUT</strong></span> <span class='ocrx_word' id='word_1_541' title='bbox 1179 4288 1474 4347; x_wconf 73' lang='lat' dir='ltr'><strong>CCCLX&quot;.</strong></span> 
     </span>
    </p>
   </div>
   <div class='ocr_carea' id='block_1_82' title="bbox 404 4376 1989 4455">
    <p class='ocr_par' dir='ltr' id='par_1_82' title="bbox 404 4376 1989 4455">
     <span class='ocr_line' id='line_1_82' title="bbox 404 4376 1989 4455; baseline 0.006 -23"><span class='ocrx_word' id='word_1_542' title='bbox 404 4376 584 4444; x_wconf 85' lang='lat' dir='ltr'><strong>Quare</strong></span> <span class='ocrx_word' id='word_1_543' title='bbox 632 4394 787 4433; x_wconf 81' lang='lat' dir='ltr'><strong>saera</strong></span> <span class='ocrx_word' id='word_1_544' title='bbox 836 4380 1038 4436; x_wconf 82' lang='lat' dir='ltr'><strong>Christi</strong></span> <span class='ocrx_word' id='word_1_545' title='bbox 1092 4384 1266 4453; x_wconf 84' lang='lat' dir='ltr'><strong>imago</strong></span> <span class='ocrx_word' id='word_1_546' title='bbox 1300 4399 1457 4453; x_wconf 78' lang='lat' dir='ltr'><strong>super</strong></span> <span class='ocrx_word' id='word_1_547' title='bbox 1494 4385 1723 4441; x_wconf 78' lang='lat' dir='ltr'><strong>cadaver</strong></span> <span class='ocrx_word' id='word_1_548' title='bbox 1756 4385 1989 4455; x_wconf 75' lang='lat' dir='ltr'><strong>defuncti</strong></span> 
     </span>
    </p>
   </div>
   <div class='ocr_carea' id='block_1_83' title="bbox 1032 4465 1286 4523">
    <p class='ocr_par' dir='ltr' id='par_1_83' title="bbox 1032 4465 1286 4523">
     <span class='ocr_line' id='line_1_83' title="bbox 1032 4465 1286 4523; baseline 0.008 -17"><span class='ocrx_word' id='word_1_549' title='bbox 1032 4465 1286 4523; x_wconf 84' lang='lat' dir='ltr'><strong>ponatur.</strong></span> 
     </span>
    </p>
   </div>
   <div class='ocr_carea' id='block_1_84' title="bbox 470 4540 1980 4621">
    <p class='ocr_par' dir='ltr' id='par_1_84' title="bbox 470 4540 1980 4621">
     <span class='ocr_line' id='line_1_84' title="bbox 470 4540 1980 4621; baseline 0.007 -25"><span class='ocrx_word' id='word_1_550' title='bbox 470 4540 538 4596; x_wconf 88' lang='lat' dir='ltr'><strong>Et</strong></span> <span class='ocrx_word' id='word_1_551' title='bbox 578 4542 751 4611; x_wconf 88' lang='lat' dir='ltr'><strong>ipsius</strong></span> <span class='ocrx_word' id='word_1_552' title='bbox 777 4558 937 4614; x_wconf 88' lang='lat' dir='ltr'><strong>quem</strong></span> <span class='ocrx_word' id='word_1_553' title='bbox 974 4543 1165 4601; x_wconf 80' lang='lat' dir='ltr'><strong>dilexit</strong></span> <span class='ocrx_word' id='word_1_554' title='bbox 1191 4559 1412 4603; x_wconf 86' lang='lat' dir='ltr'><strong>sursum</strong></span> <span class='ocrx_word' id='word_1_555' title='bbox 1442 4557 1653 4619; x_wconf 90' lang='lat' dir='ltr'><strong>ponunt</strong></span> <span class='ocrx_word' id='word_1_556' title='bbox 1685 4550 1980 4621; x_wconf 80' lang='lat' dir='ltr'><strong>imaginem</strong></span> 
     </span>
    </p>
   </div>
   <div class='ocr_carea' id='block_1_85' title="bbox 401 4635 1983 4709">
    <p class='ocr_par' dir='ltr' id='par_1_85' title="bbox 401 4635 1983 4709">
     <span class='ocr_line' id='line_1_85' title="bbox 401 4635 1983 4709; baseline 0.006 -21"><span class='ocrx_word' id='word_1_557' title='bbox 401 4641 455 4688; x_wconf 91' lang='lat' dir='ltr'><strong>et</strong></span> <span class='ocrx_word' id='word_1_558' title='bbox 487 4635 737 4691; x_wconf 91' lang='lat' dir='ltr'><strong>oratione</strong></span> <span class='ocrx_word' id='word_1_559' title='bbox 770 4637 917 4692; x_wconf 87' lang='lat' dir='ltr'><strong>dicta</strong></span> <span class='ocrx_word' id='word_1_560' title='bbox 957 4654 986 4692; x_wconf 90' lang='lat' dir='ltr'><strong>a</strong></span> <span class='ocrx_word' id='word_1_561' title='bbox 1029 4639 1339 4705; x_wconf 86' lang='lat' dir='ltr'><strong>sacerdote,</strong></span> <span class='ocrx_word' id='word_1_562' title='bbox 1375 4655 1501 4696; x_wconf 90' lang='lat' dir='ltr'><strong>eum</strong></span> <span class='ocrx_word' id='word_1_563' title='bbox 1540 4641 1781 4709; x_wconf 88' lang='lat' dir='ltr'><strong>tollunt,</strong></span> <span class='ocrx_word' id='word_1_564' title='bbox 1824 4658 1890 4698; x_wconf 90' lang='lat' dir='ltr'><strong>ac</strong></span> <span class='ocrx_word' id='word_1_565' title='bbox 1924 4645 1983 4698; x_wconf 89' lang='lat' dir='ltr'><strong>in</strong></span> 
     </span>
    </p>
   </div>
   <div class='ocr_carea' id='block_1_86' title="bbox 358 4727 1984 4803">
    <p class='ocr_par' dir='ltr' id='par_1_86' title="bbox 358 4727 1984 4803">
     <span class='ocr_line' id='line_1_86' title="bbox 358 4727 1984 4803; baseline 0.007 -23"><span class='ocrx_word' id='word_1_566' title='bbox 358 4729 370 4803; x_wconf 36' lang='grc' dir='ltr'>ί</span> <span class='ocrx_word' id='word_1_567' title='bbox 401 4727 645 4783; x_wconf 83' lang='lat' dir='ltr'><strong>divinum</strong></span> <span class='ocrx_word' id='word_1_568' title='bbox 677 4730 941 4801; x_wconf 88' lang='lat' dir='ltr'><strong>templum</strong></span> <span class='ocrx_word' id='word_1_569' title='bbox 974 4746 1097 4786; x_wconf 90' lang='lat' dir='ltr'><strong>eum</strong></span> <span class='ocrx_word' id='word_1_570' title='bbox 1130 4732 1476 4803; x_wconf 80' lang='lat' dir='ltr'><strong>lampadibus</strong></span> <span class='ocrx_word' id='word_1_571' title='bbox 1507 4732 1773 4791; x_wconf 76' lang='lat' dir='ltr'><strong>inferunt.</strong></span> <span class='ocrx_word' id='word_1_572' title='bbox 1817 4734 1984 4792; x_wconf 82' lang='lat' dir='ltr'><strong>Simi-</strong></span> 
     </span>
    </p>
   </div>
   <div class='ocr_carea' id='block_1_87' title="bbox 356 4776 1983 4913">
    <p class='ocr_par' dir='ltr' id='par_1_87' title="bbox 356 4776 1983 4913">
     <span class='ocr_line' id='line_1_87' title="bbox 404 4776 1981 4803; baseline 0.008 -23"><span class='ocrx_word' id='word_1_573' title='bbox 404 4776 645 4783; x_wconf 75' lang='lat'><strong>__.---_---</strong></span> <span class='ocrx_word' id='word_1_574' title='bbox 679 4776 941 4801; x_wconf 75' lang='grc'><strong>--.-.,,......</strong></span> <span class='ocrx_word' id='word_1_575' title='bbox 976 4776 1097 4786; x_wconf 77' lang='lat'><strong>-.....</strong></span> <span class='ocrx_word' id='word_1_576' title='bbox 1132 4776 1476 4803; x_wconf 82' lang='grc'><strong>......,,...........</strong></span> <span class='ocrx_word' id='word_1_577' title='bbox 1508 4776 1773 4791; x_wconf 70' lang='lat'><strong>.............</strong></span> <span class='ocrx_word' id='word_1_578' title='bbox 1818 4776 1981 4792; x_wconf 65' lang='grc' dir='ltr'><strong>ναι..-</strong></span> 
     </span>
     <span class='ocr_line' id='line_1_88' title="bbox 356 4776 1983 4913; baseline 0.008 -40"><span class='ocrx_word' id='word_1_579' title='bbox 356 4776 374 4913; x_wconf 48' lang='grc'>)</span> <span class='ocrx_word' id='word_1_580' title='bbox 404 4820 532 4876; x_wconf 89' lang='lat' dir='ltr'><strong>liter</strong></span> <span class='ocrx_word' id='word_1_581' title='bbox 583 4820 643 4877; x_wconf 81' lang='lat' dir='ltr'><strong>ﬁt</strong></span> <span class='ocrx_word' id='word_1_582' title='bbox 694 4837 792 4893; x_wconf 90' lang='lat' dir='ltr'><strong>pro</strong></span> <span class='ocrx_word' id='word_1_583' title='bbox 840 4825 993 4880; x_wconf 88' lang='lat' dir='ltr'><strong>laieis</strong></span> <span class='ocrx_word' id='word_1_584' title='bbox 1015 4865 1030 4891; x_wconf 94' lang='lat'><strong>,</strong></span> <span class='ocrx_word' id='word_1_585' title='bbox 1066 4840 1162 4880; x_wconf 85' lang='lat' dir='ltr'><strong>eos</strong></span> <span class='ocrx_word' id='word_1_586' title='bbox 1191 4827 1337 4881; x_wconf 87' lang='lat' dir='ltr'><strong>enim</strong></span> <span class='ocrx_word' id='word_1_587' title='bbox 1370 4827 1589 4884; x_wconf 90' lang='lat' dir='ltr'><strong>mundis</strong></span> <span class='ocrx_word' id='word_1_588' title='bbox 1624 4842 1655 4882; x_wconf 91' lang='lat' dir='ltr'><strong>e</strong></span> <span class='ocrx_word' id='word_1_589' title='bbox 1701 4829 1983 4887; x_wconf 88' lang='lat' dir='ltr'><strong>consuetis</strong></span> 
     </span>
    </p>
   </div>
   <div class='ocr_carea' id='block_1_88' title="bbox 398 4913 1983 4989">
    <p class='ocr_par' dir='ltr' id='par_1_88' title="bbox 398 4913 1983 4989">
     <span class='ocr_line' id='line_1_89' title="bbox 398 4913 1983 4989; baseline 0.008 -22"><span class='ocrx_word' id='word_1_590' title='bbox 398 4913 644 4971; x_wconf 77' lang='lat' dir='ltr'><strong>vestibus</strong></span> <span class='ocrx_word' id='word_1_591' title='bbox 676 4915 932 4983; x_wconf 90' lang='lat' dir='ltr'><strong>induunt,</strong></span> <span class='ocrx_word' id='word_1_592' title='bbox 964 4917 1168 4988; x_wconf 88' lang='lat' dir='ltr'><strong>quibus</strong></span> <span class='ocrx_word' id='word_1_593' title='bbox 1197 4932 1419 4975; x_wconf 88' lang='lat' dir='ltr'><strong>sacrum</strong></span> <span class='ocrx_word' id='word_1_594' title='bbox 1454 4920 1747 4989; x_wconf 89' lang='lat' dir='ltr'><strong>imponunt</strong></span> <span class='ocrx_word' id='word_1_595' title='bbox 1777 4922 1983 4985; x_wconf 86' lang='lat' dir='ltr'><strong>instru-</strong></span> 
     </span>
    </p>
   </div>
   <div class='ocr_carea' id='block_1_89' title="bbox 399 5009 1983 5083">
    <p class='ocr_par' dir='ltr' id='par_1_89' title="bbox 399 5009 1983 5083">
     <span class='ocr_line' id='line_1_90' title="bbox 399 5009 1983 5083; baseline 0.008 -23"><span class='ocrx_word' id='word_1_596' title='bbox 399 5015 641 5062; x_wconf 88' lang='lat' dir='ltr'><strong>mentum</strong></span> <span class='ocrx_word' id='word_1_597' title='bbox 669 5046 684 5073; x_wconf 90' lang='lat'><strong>,</strong></span> <span class='ocrx_word' id='word_1_598' title='bbox 716 5009 977 5079; x_wconf 86' lang='lat' dir='ltr'><strong>quoniam</strong></span> <span class='ocrx_word' id='word_1_599' title='bbox 1028 5009 1207 5064; x_wconf 80' lang='lat' dir='ltr'><strong>ﬁdelis</strong></span> <span class='ocrx_word' id='word_1_600' title='bbox 1256 5010 1361 5065; x_wconf 81' lang='lat' dir='ltr'><strong>fuit</strong></span> <span class='ocrx_word' id='word_1_601' title='bbox 1405 5020 1572 5081; x_wconf 88' lang='lat' dir='ltr'><strong>atque</strong></span> <span class='ocrx_word' id='word_1_602' title='bbox 1619 5022 1888 5083; x_wconf 90' lang='lat' dir='ltr'><strong>sanctus,</strong></span> <span class='ocrx_word' id='word_1_603' title='bbox 1929 5028 1983 5073; x_wconf 92' lang='lat' dir='ltr'><strong>et</strong></span> 
     </span>
    </p>
   </div>
   <div class='ocr_carea' id='block_1_90' title="bbox 402 5100 1984 5180">
    <p class='ocr_par' dir='ltr' id='par_1_90' title="bbox 402 5100 1984 5180">
     <span class='ocr_line' id='line_1_91' title="bbox 402 5100 1984 5180; baseline 0.006 -26"><span class='ocrx_word' id='word_1_604' title='bbox 402 5108 628 5170; x_wconf 88' lang='lat' dir='ltr'><strong>propter</strong></span> <span class='ocrx_word' id='word_1_605' title='bbox 657 5100 865 5158; x_wconf 85' lang='lat' dir='ltr'><strong>Christi</strong></span> <span class='ocrx_word' id='word_1_606' title='bbox 901 5101 1320 5173; x_wconf 90' lang='lat' dir='ltr'><strong>protectionem,</strong></span> <span class='ocrx_word' id='word_1_607' title='bbox 1354 5103 1518 5172; x_wconf 85' lang='lat' dir='ltr'><strong>cujus</strong></span> <span class='ocrx_word' id='word_1_608' title='bbox 1550 5104 1781 5177; x_wconf 89' lang='lat' dir='ltr'><strong>insuper</strong></span> <span class='ocrx_word' id='word_1_609' title='bbox 1818 5107 1984 5180; x_wconf 90' lang='lat' dir='ltr'><strong>erigi-</strong></span> 
     </span>
    </p>
   </div>
   <div class='ocr_carea' id='block_1_91' title="bbox 396 5191 1981 5270">
    <p class='ocr_par' dir='ltr' id='par_1_91' title="bbox 396 5191 1981 5270">
     <span class='ocr_line' id='line_1_92' title="bbox 396 5191 1981 5270; baseline 0.006 -25"><span class='ocrx_word' id='word_1_610' title='bbox 396 5200 482 5245; x_wconf 87' lang='lat' dir='ltr'><strong>tur</strong></span> <span class='ocrx_word' id='word_1_611' title='bbox 513 5193 690 5262; x_wconf 85' lang='lat' dir='ltr'><strong>imago</strong></span> <span class='ocrx_word' id='word_1_612' title='bbox 722 5202 943 5262; x_wconf 88' lang='lat' dir='ltr'><strong>propter</strong></span> <span class='ocrx_word' id='word_1_613' title='bbox 968 5191 1089 5260; x_wconf 87' lang='lat' dir='ltr'><strong>ejus</strong></span> <span class='ocrx_word' id='word_1_614' title='bbox 1123 5192 1285 5246; x_wconf 78' lang='lat' dir='ltr'><strong>(idem</strong></span> <span class='ocrx_word' id='word_1_615' title='bbox 1318 5193 1372 5247; x_wconf 89' lang='lat' dir='ltr'><strong>in</strong></span> <span class='ocrx_word' id='word_1_616' title='bbox 1407 5193 1688 5251; x_wconf 88' lang='lat' dir='ltr'><strong>Christum</strong></span> <span class='ocrx_word' id='word_1_617' title='bbox 1715 5238 1730 5265; x_wconf 91' lang='lat'><strong>,</strong></span> <span class='ocrx_word' id='word_1_618' title='bbox 1762 5208 1817 5254; x_wconf 89' lang='lat' dir='ltr'><strong>et</strong></span> <span class='ocrx_word' id='word_1_619' title='bbox 1842 5214 1981 5270; x_wconf 86' lang='lat' dir='ltr'><strong>quo-</strong></span> 
     </span>
    </p>
   </div>
   <div class='ocr_carea' id='block_1_92' title="bbox 396 5282 1983 5348">
    <p class='ocr_par' dir='ltr' id='par_1_92' title="bbox 396 5282 1983 5348">
     <span class='ocr_line' id='line_1_93' title="bbox 396 5282 1983 5348; baseline 0.008 -13"><span class='ocrx_word' id='word_1_620' title='bbox 396 5282 540 5337; x_wconf 88' lang='lat' dir='ltr'><strong>niam</strong></span> <span class='ocrx_word' id='word_1_621' title='bbox 570 5284 697 5339; x_wconf 89' lang='lat' dir='ltr'><strong>huic</strong></span> <span class='ocrx_word' id='word_1_622' title='bbox 719 5299 874 5339; x_wconf 85' lang='lat' dir='ltr'><strong>suam</strong></span> <span class='ocrx_word' id='word_1_623' title='bbox 899 5284 1306 5339; x_wconf 86' lang='lat' dir='ltr'><strong>commendavit</strong></span> <span class='ocrx_word' id='word_1_624' title='bbox 1328 5288 1594 5345; x_wconf 85' lang='lat' dir='ltr'><strong>animam.</strong></span> <span class='ocrx_word' id='word_1_625' title='bbox 1622 5289 1829 5348; x_wconf 87' lang='lat' dir='ltr'><strong>Deinde</strong></span> <span class='ocrx_word' id='word_1_626' title='bbox 1856 5308 1983 5348; x_wconf 86' lang='lat' dir='ltr'><strong>ora-</strong></span> 
     </span>
    </p>
   </div>
   <div class='ocr_carea' id='block_1_93' title="bbox 396 5376 1981 5453">
    <p class='ocr_par' dir='ltr' id='par_1_93' title="bbox 396 5376 1981 5453">
     <span class='ocr_line' id='line_1_94' title="bbox 396 5376 1981 5453; baseline 0.009 -27"><span class='ocrx_word' id='word_1_627' title='bbox 396 5377 540 5431; x_wconf 85' lang='lat' dir='ltr'><strong>tione</strong></span> <span class='ocrx_word' id='word_1_628' title='bbox 585 5376 729 5430; x_wconf 83' lang='lat' dir='ltr'><strong>facta</strong></span> <span class='ocrx_word' id='word_1_629' title='bbox 752 5414 770 5441; x_wconf 90' lang='lat'><strong>,</strong></span> <span class='ocrx_word' id='word_1_630' title='bbox 798 5376 1101 5443; x_wconf 89' lang='lat' dir='ltr'><strong>attollitur,</strong></span> <span class='ocrx_word' id='word_1_631' title='bbox 1130 5387 1184 5433; x_wconf 91' lang='lat' dir='ltr'><strong>et</strong></span> <span class='ocrx_word' id='word_1_632' title='bbox 1214 5392 1338 5434; x_wconf 91' lang='lat' dir='ltr'><strong>eum</strong></span> <span class='ocrx_word' id='word_1_633' title='bbox 1370 5380 1717 5453; x_wconf 86' lang='lat' dir='ltr'><strong>lampadibus</strong></span> <span class='ocrx_word' id='word_1_634' title='bbox 1757 5386 1811 5440; x_wconf 93' lang='lat' dir='ltr'><strong>in</strong></span> <span class='ocrx_word' id='word_1_635' title='bbox 1846 5398 1981 5441; x_wconf 85' lang='lat' dir='ltr'><strong>tem-</strong></span> 
     </span>
    </p>
   </div>
   <div class='ocr_carea' id='block_1_94' title="bbox 393 5468 1783 5537">
    <p class='ocr_par' dir='ltr' id='par_1_94' title="bbox 393 5468 1783 5537">
     <span class='ocr_line' id='line_1_95' title="bbox 393 5468 1783 5537; baseline 0 -14"><span class='ocrx_word' id='word_1_636' title='bbox 393 5471 542 5537; x_wconf 83' lang='lat' dir='ltr'><strong>plum</strong></span> <span class='ocrx_word' id='word_1_637' title='bbox 576 5468 671 5523; x_wconf 89' lang='lat' dir='ltr'><strong>Dei</strong></span> <span class='ocrx_word' id='word_1_638' title='bbox 703 5469 998 5525; x_wconf 88' lang='lat' dir='ltr'><strong>iuducitur.</strong></span> <span class='ocrx_word' id='word_1_639' title='bbox 1778 5491 1783 5496; x_wconf 63' lang='grc'><em>’</em></span> 
     </span>
    </p>
   </div>
   <div class='ocr_carea' id='block_1_95' title="bbox 890 5562 1475 5621">
    <p class='ocr_par' dir='ltr' id='par_1_95' title="bbox 890 5562 1475 5621">
     <span class='ocr_line' id='line_1_96' title="bbox 890 5562 1475 5621; baseline 0.003 -4"><span class='ocrx_word' id='word_1_640' title='bbox 890 5562 1120 5620; x_wconf 80' lang='lat' dir='ltr'><strong>CAPUT</strong></span> <span class='ocrx_word' id='word_1_641' title='bbox 1155 5563 1475 5621; x_wconf 80' lang='lat' dir='ltr'><strong>CCCLXIII.</strong></span> 
     </span>
    </p>
   </div>
   <div class='ocr_carea' id='block_1_96' title="bbox 393 5650 1974 5729">
    <p class='ocr_par' dir='ltr' id='par_1_96' title="bbox 393 5650 1974 5729">
     <span class='ocr_line' id='line_1_97' title="bbox 393 5650 1974 5729; baseline 0.008 -25"><span class='ocrx_word' id='word_1_642' title='bbox 393 5650 576 5716; x_wconf 81' lang='lat' dir='ltr'><strong>Quare</strong></span> <span class='ocrx_word' id='word_1_643' title='bbox 606 5660 849 5707; x_wconf 80' lang='lat' dir='ltr'><strong>cantetur</strong></span> <span class='ocrx_word' id='word_1_644' title='bbox 873 5655 1099 5726; x_wconf 81' lang='lat' dir='ltr'><strong>hymnus</strong></span> <span class='ocrx_word' id='word_1_645' title='bbox 1127 5658 1376 5728; x_wconf 76' lang='lat' dir='ltr'><strong>Trisagii,</strong></span> <span class='ocrx_word' id='word_1_646' title='bbox 1403 5659 1614 5729; x_wconf 84' lang='lat' dir='ltr'><strong>quando</strong></span> <span class='ocrx_word' id='word_1_647' title='bbox 1642 5658 1889 5729; x_wconf 74' lang='lat' dir='ltr'><strong>defuncti</strong></span> <span class='ocrx_word' id='word_1_648' title='bbox 1920 5663 1974 5716; x_wconf 82' lang='grc' dir='ltr'>ἰιι</span> 
     </span>
    </p>
   </div>
   <div class='ocr_carea' id='block_1_97' title="bbox 900 5729 1544 5798">
    <p class='ocr_par' dir='ltr' id='par_1_97' title="bbox 900 5729 1544 5798">
     <span class='ocr_line' id='line_1_98' title="bbox 900 5729 1544 5798; baseline 0.008 -18"><span class='ocrx_word' id='word_1_649' title='bbox 900 5729 1151 5798; x_wconf 85' lang='lat' dir='ltr'><strong>templum</strong></span> <span class='ocrx_word' id='word_1_650' title='bbox 1190 5729 1544 5798; x_wconf 78' lang='lat' dir='ltr'><strong>inferuutur.‘</strong></span> 
     </span>
    </p>
   </div>
   <div class='ocr_carea' id='block_1_98' title="bbox 456 5807 1969 5895">
    <p class='ocr_par' dir='ltr' id='par_1_98' title="bbox 456 5807 1969 5895">
     <span class='ocr_line' id='line_1_99' title="bbox 456 5807 1969 5895; baseline 0.017 -34"><span class='ocrx_word' id='word_1_651' title='bbox 456 5807 708 5876; x_wconf 75' lang='lat' dir='ltr'><strong>Hymnus</strong></span> <span class='ocrx_word' id='word_1_652' title='bbox 733 5835 881 5885; x_wconf 82' lang='lat' dir='ltr'><strong>vero,</strong></span> <span class='ocrx_word' id='word_1_653' title='bbox 903 5822 1027 5879; x_wconf 90' lang='lat' dir='ltr'><strong>dum</strong></span> <span class='ocrx_word' id='word_1_654' title='bbox 1052 5825 1367 5882; x_wconf 77' lang='lat' dir='ltr'><strong>inferuntur</strong></span> <span class='ocrx_word' id='word_1_655' title='bbox 1388 5826 1706 5885; x_wconf 85' lang='lat' dir='ltr'><strong>sacerdotes</strong></span> <span class='ocrx_word' id='word_1_656' title='bbox 1738 5837 1793 5884; x_wconf 89' lang='lat' dir='ltr'><strong>et</strong></span> <span class='ocrx_word' id='word_1_657' title='bbox 1821 5828 1969 5895; x_wconf 87' lang='lat' dir='ltr'><strong>laici,</strong></span> 
     </span>
    </p>
   </div>
   <div class='ocr_carea' id='block_1_99' title="bbox 2102 3362 3677 3439">
    <p class='ocr_par' dir='ltr' id='par_1_99' title="bbox 2102 3362 3677 3439">
     <span class='ocr_line' id='line_1_100' title="bbox 2102 3362 3677 3439; baseline 0.006 -26"><span class='ocrx_word' id='word_1_658' title='bbox 2102 3362 2183 3425; x_wconf 87' lang='grc' dir='ltr'><strong>είς</strong></span> <span class='ocrx_word' id='word_1_659' title='bbox 2214 3362 2444 3432; x_wconf 85' lang='grc' dir='ltr'>ίλασμόν</span> <span class='ocrx_word' id='word_1_660' title='bbox 2477 3366 2627 3417; x_wconf 80' lang='grc' dir='ltr'>ἐστιν</span> <span class='ocrx_word' id='word_1_661' title='bbox 2669 3366 2811 3436; x_wconf 78' lang='grc' dir='ltr'>ὑπὲρ</span> <span class='ocrx_word' id='word_1_662' title='bbox 2844 3366 2938 3419; x_wconf 79' lang='grc' dir='ltr'>τοῦ</span> <span class='ocrx_word' id='word_1_663' title='bbox 2993 3369 3275 3439; x_wconf 84' lang='grc' dir='ltr'>κειμένου,</span> <span class='ocrx_word' id='word_1_664' title='bbox 3333 3372 3430 3423; x_wconf 77' lang='grc' dir='ltr'><strong>καὶ</strong></span> <span class='ocrx_word' id='word_1_665' title='bbox 3483 3369 3677 3439; x_wconf 82' lang='grc' dir='ltr'>δεῖγμα</span> 
     </span>
    </p>
   </div>
   <div class='ocr_carea' id='block_1_100' title="bbox 2099 3454 3680 3531">
    <p class='ocr_par' dir='ltr' id='par_1_100' title="bbox 2099 3454 3680 3531">
     <span class='ocr_line' id='line_1_101' title="bbox 2099 3454 3680 3531; baseline 0.006 -26"><span class='ocrx_word' id='word_1_666' title='bbox 2099 3456 2199 3523; x_wconf 79' lang='grc' dir='ltr'>τῆς</span> <span class='ocrx_word' id='word_1_667' title='bbox 2228 3454 2489 3518; x_wconf 75' lang='grc' dir='ltr'>εὐσεϐοῦς</span> <span class='ocrx_word' id='word_1_668' title='bbox 2514 3455 2680 3509; x_wconf 81' lang='grc' dir='ltr'>αὐτοῦ</span> <span class='ocrx_word' id='word_1_669' title='bbox 2718 3457 2812 3510; x_wconf 71' lang='grc' dir='ltr'>καὶ</span> <span class='ocrx_word' id='word_1_670' title='bbox 2839 3456 3128 3529; x_wconf 81' lang='grc' dir='ltr'>όρθοδόξου</span> <span class='ocrx_word' id='word_1_671' title='bbox 3163 3458 3328 3531; x_wconf 84' lang='grc' dir='ltr'>ζωῆς,</span> <span class='ocrx_word' id='word_1_672' title='bbox 3382 3460 3680 3515; x_wconf 81' lang='grc' dir='ltr'>εὐωδεστά-</span> 
     </span>
    </p>
   </div>
   <div class='ocr_carea' id='block_1_101' title="bbox 2100 3542 3674 3621">
    <p class='ocr_par' dir='ltr' id='par_1_101' title="bbox 2100 3542 3674 3621">
     <span class='ocr_line' id='line_1_102' title="bbox 2100 3542 3674 3621; baseline 0.005 -25"><span class='ocrx_word' id='word_1_673' title='bbox 2100 3560 2202 3613; x_wconf 85' lang='grc' dir='ltr'><strong>της</strong></span> <span class='ocrx_word' id='word_1_674' title='bbox 2234 3542 2401 3615; x_wconf 76' lang='grc' dir='ltr'>οὔσης</span> <span class='ocrx_word' id='word_1_675' title='bbox 2430 3544 2508 3609; x_wconf 84' lang='grc' dir='ltr'>ὡς</span> <span class='ocrx_word' id='word_1_676' title='bbox 2540 3545 2820 3618; x_wconf 73' lang='grc' dir='ltr'>καθαρᾶς.</span> <span class='ocrx_word' id='word_1_677' title='bbox 2851 3543 2987 3602; x_wconf 78' lang='grc' dir='ltr'>Εἶτα</span> <span class='ocrx_word' id='word_1_678' title='bbox 3018 3553 3266 3621; x_wconf 73' lang='grc' dir='ltr'>αἴρουσι,</span> <span class='ocrx_word' id='word_1_679' title='bbox 3302 3551 3397 3604; x_wconf 75' lang='grc' dir='ltr'>καὶ</span> <span class='ocrx_word' id='word_1_680' title='bbox 3451 3554 3531 3614; x_wconf 86' lang='grc' dir='ltr'><strong>είς</strong></span> <span class='ocrx_word' id='word_1_681' title='bbox 3582 3554 3674 3604; x_wconf 71' lang='grc' dir='ltr'><strong>τὸν</strong></span> 
     </span>
    </p>
   </div>
   <div class='ocr_carea' id='block_1_102' title="bbox 2101 3638 3675 3713">
    <p class='ocr_par' dir='ltr' id='par_1_102' title="bbox 2101 3638 3675 3713">
     <span class='ocr_line' id='line_1_103' title="bbox 2101 3638 3675 3713; baseline 0.005 -22"><span class='ocrx_word' id='word_1_682' title='bbox 2101 3638 2229 3692; x_wconf 69' lang='grc' dir='ltr'>ναὸν</span> <span class='ocrx_word' id='word_1_683' title='bbox 2252 3639 2394 3709; x_wconf 75' lang='grc' dir='ltr'>μετὰ</span> <span class='ocrx_word' id='word_1_684' title='bbox 2430 3640 2739 3711; x_wconf 82' lang='grc' dir='ltr'>λαμπάδων</span> <span class='ocrx_word' id='word_1_685' title='bbox 2782 3643 3101 3713; x_wconf 78' lang='grc' dir='ltr'>κομίζουσι,</span> <span class='ocrx_word' id='word_1_686' title='bbox 3125 3645 3187 3697; x_wconf 80' lang='grc' dir='ltr'>τὸ</span> <span class='ocrx_word' id='word_1_687' title='bbox 3213 3643 3356 3699; x_wconf 85' lang='grc' dir='ltr'>θεῖον</span> <span class='ocrx_word' id='word_1_688' title='bbox 3382 3646 3557 3700; x_wconf 77' lang='grc' dir='ltr'>έκεῖνο</span> <span class='ocrx_word' id='word_1_689' title='bbox 3580 3647 3675 3699; x_wconf 81' lang='grc' dir='ltr'><strong>καὶ</strong></span> 
     </span>
    </p>
   </div>
   <div class='ocr_carea' id='block_1_103' title="bbox 2101 3731 3676 3808">
    <p class='ocr_par' dir='ltr' id='par_1_103' title="bbox 2101 3731 3676 3808">
     <span class='ocr_line' id='line_1_104' title="bbox 2101 3731 3676 3808; baseline 0.004 -25"><span class='ocrx_word' id='word_1_690' title='bbox 2101 3731 2532 3788; x_wconf 82' lang='grc' dir='ltr'>ἀκατάπαυστον</span> <span class='ocrx_word' id='word_1_691' title='bbox 2548 3734 2919 3799; x_wconf 80' lang='grc' dir='ltr'>ὲκτυποῦντες</span> <span class='ocrx_word' id='word_1_692' title='bbox 2962 3735 3099 3806; x_wconf 79' lang='grc' dir='ltr'><strong>φῶς.</strong></span> <span class='ocrx_word' id='word_1_693' title='bbox 3132 3737 3196 3790; x_wconf 86' lang='lat' dir='ltr'><strong>El</strong></span> <span class='ocrx_word' id='word_1_694' title='bbox 3239 3736 3298 3791; x_wconf 78' lang='grc' dir='ltr'><strong>δέ</strong></span> <span class='ocrx_word' id='word_1_695' title='bbox 3335 3753 3399 3807; x_wconf 87' lang='grc' dir='ltr'><strong>γε</strong></span> <span class='ocrx_word' id='word_1_696' title='bbox 3446 3738 3676 3808; x_wconf 73' lang='grc' dir='ltr'>μοναχδς</span> 
     </span>
    </p>
   </div>
   <div class='ocr_carea' id='block_1_104' title="bbox 2098 3826 3680 3903">
    <p class='ocr_par' dir='ltr' id='par_1_104' title="bbox 2098 3826 3680 3903">
     <span class='ocr_line' id='line_1_105' title="bbox 2098 3826 3680 3903; baseline 0.004 -24"><span class='ocrx_word' id='word_1_697' title='bbox 2098 3826 2127 3879; x_wconf 86' lang='grc' dir='ltr'><strong>ὁ</strong></span> <span class='ocrx_word' id='word_1_698' title='bbox 2158 3826 2490 3897; x_wconf 79' lang='grc' dir='ltr'>τελευτήσας</span> <span class='ocrx_word' id='word_1_699' title='bbox 2518 3827 2661 3894; x_wconf 76' lang='grc' dir='ltr'>ἐστὶ,</span> <span class='ocrx_word' id='word_1_700' title='bbox 2697 3828 2839 3899; x_wconf 81' lang='grc' dir='ltr'>μετὰ</span> <span class='ocrx_word' id='word_1_701' title='bbox 2888 3830 2951 3884; x_wconf 80' lang='grc' dir='ltr'><strong>τὸ</strong></span> <span class='ocrx_word' id='word_1_702' title='bbox 3003 3832 3415 3901; x_wconf 84' lang='grc' dir='ltr'>άποσπογγίσαι</span> <span class='ocrx_word' id='word_1_703' title='bbox 3449 3850 3680 3903; x_wconf 87' lang='grc' dir='ltr'><strong>σταυρο⁶</strong></span> 
     </span>
    </p>
   </div>
   <div class='ocr_carea' id='block_1_105' title="bbox 2098 3919 3682 3995">
    <p class='ocr_par' dir='ltr' id='par_1_105' title="bbox 2098 3919 3682 3995">
     <span class='ocr_line' id='line_1_106' title="bbox 2098 3919 3682 3995; baseline 0.005 -25"><span class='ocrx_word' id='word_1_704' title='bbox 2098 3919 2281 3983; x_wconf 77' lang='grc' dir='ltr'>ειδῶς,</span> <span class='ocrx_word' id='word_1_705' title='bbox 2317 3921 2385 3973; x_wconf 84' lang='grc' dir='ltr'>τὰ</span> <span class='ocrx_word' id='word_1_706' title='bbox 2415 3919 2513 3973; x_wconf 81' lang='grc' dir='ltr'>τοῦ</span> <span class='ocrx_word' id='word_1_707' title='bbox 2548 3922 2837 3992; x_wconf 87' lang='grc' dir='ltr'>σχήματος</span> <span class='ocrx_word' id='word_1_708' title='bbox 2865 3923 3262 3992; x_wconf 83' lang='grc' dir='ltr'>ὲνδιδύσκουσι,</span> <span class='ocrx_word' id='word_1_709' title='bbox 3294 3928 3399 3980; x_wconf 72' lang='grc' dir='ltr'>καὶ</span> <span class='ocrx_word' id='word_1_710' title='bbox 3426 3927 3519 3981; x_wconf 75' lang='grc' dir='ltr'><strong>τὸν</strong></span> <span class='ocrx_word' id='word_1_711' title='bbox 3547 3930 3682 3995; x_wconf 71' lang='grc' dir='ltr'>μαν-</span> 
     </span>
    </p>
   </div>
   <div class='ocr_carea' id='block_1_106' title="bbox 2096 4007 3680 4087">
    <p class='ocr_par' dir='ltr' id='par_1_106' title="bbox 2096 4007 3680 4087">
     <span class='ocr_line' id='line_1_107' title="bbox 2096 4007 3680 4087; baseline 0.005 -24"><span class='ocrx_word' id='word_1_712' title='bbox 2096 4007 2233 4063; x_wconf 82' lang='grc' dir='ltr'>δύαν</span> <span class='ocrx_word' id='word_1_713' title='bbox 2260 4009 2471 4064; x_wconf 80' lang='grc' dir='ltr'>ἄνωθεν</span> <span class='ocrx_word' id='word_1_714' title='bbox 2493 4010 2960 4084; x_wconf 76' lang='grc' dir='ltr'>ιπιρράπτουσιν,</span> <span class='ocrx_word' id='word_1_715' title='bbox 2990 4014 3051 4078; x_wconf 80' lang='grc' dir='ltr'>ὃς</span> <span class='ocrx_word' id='word_1_716' title='bbox 3090 4014 3189 4069; x_wconf 86' lang='grc' dir='ltr'>καὶ</span> <span class='ocrx_word' id='word_1_717' title='bbox 3216 4016 3293 4080; x_wconf 86' lang='grc' dir='ltr'>ὡς</span> <span class='ocrx_word' id='word_1_718' title='bbox 3324 4017 3499 4087; x_wconf 81' lang='grc' dir='ltr'>τάφος</span> <span class='ocrx_word' id='word_1_719' title='bbox 3531 4018 3680 4071; x_wconf 73' lang='grc' dir='ltr'>ἐστὶν</span> 
     </span>
    </p>
   </div>
   <div class='ocr_carea' id='block_1_107' title="bbox 2096 4107 3678 4183">
    <p class='ocr_par' dir='ltr' id='par_1_107' title="bbox 2096 4107 3678 4183">
     <span class='ocr_line' id='line_1_108' title="bbox 2096 4107 3678 4183; baseline 0.002 -23"><span class='ocrx_word' id='word_1_720' title='bbox 2096 4107 2249 4177; x_wconf 84' lang='grc' dir='ltr'><strong>αὒτῷ</strong></span> <span class='ocrx_word' id='word_1_721' title='bbox 2283 4120 2297 4135; x_wconf 89' lang='lat'><strong>&#39;</strong></span> <span class='ocrx_word' id='word_1_722' title='bbox 2326 4109 2422 4160; x_wconf 79' lang='grc' dir='ltr'><strong>καὶ</strong></span> <span class='ocrx_word' id='word_1_723' title='bbox 2454 4109 2726 4179; x_wconf 79' lang='grc' dir='ltr'>σταυροὺς</span> <span class='ocrx_word' id='word_1_724' title='bbox 2763 4107 2975 4163; x_wconf 76' lang='grc' dir='ltr'>ἄνωθεν</span> <span class='ocrx_word' id='word_1_725' title='bbox 2999 4110 3305 4177; x_wconf 83' lang='grc' dir='ltr'>ποιοῦντες,</span> <span class='ocrx_word' id='word_1_726' title='bbox 3331 4108 3420 4165; x_wconf 79' lang='grc' dir='ltr'><strong>διὰ</strong></span> <span class='ocrx_word' id='word_1_727' title='bbox 3444 4110 3678 4183; x_wconf 81' lang='grc' dir='ltr'>Χριστὸν</span> 
     </span>
    </p>
   </div>
   <div class='ocr_carea' id='block_1_108' title="bbox 2034 4192 2549 4266">
    <p class='ocr_par' dir='ltr' id='par_1_108' title="bbox 2034 4192 2549 4266">
     <span class='ocr_line' id='line_1_109' title="bbox 2034 4192 2549 4266; baseline 0.008 -18"><span class='ocrx_word' id='word_1_728' title='bbox 2034 4262 2037 4263; x_wconf 16' lang='grc' dir='ltr'><em>ν</em></span> <span class='ocrx_word' id='word_1_729' title='bbox 2098 4192 2549 4266; x_wconf 69' lang='grc' dir='ltr'>ᾧζὲσταῦρωται.</span> 
     </span>
    </p>
   </div>
   <div class='ocr_carea' id='block_1_109' title="bbox 2670 4291 3148 4347">
    <p class='ocr_par' dir='ltr' id='par_1_109' title="bbox 2670 4291 3148 4347">
     <span class='ocr_line' id='line_1_110' title="bbox 2670 4291 3148 4347; baseline 0.006 -3"><span class='ocrx_word' id='word_1_730' title='bbox 2670 4291 2925 4346; x_wconf 81' lang='grc' dir='ltr'><strong>ΚΕΦΔΛ.</strong></span> <span class='ocrx_word' id='word_1_731' title='bbox 2977 4292 3148 4347; x_wconf 67' lang='grc' dir='ltr'><strong>ΤΞΒθ.</strong></span> 
     </span>
    </p>
   </div>
   <div class='ocr_carea' id='block_1_110' title="bbox 2095 4384 3677 4458">
    <p class='ocr_par' dir='ltr' id='par_1_110' title="bbox 2095 4384 3677 4458">
     <span class='ocr_line' id='line_1_111' title="bbox 2095 4384 3677 4458; baseline 0.003 -19"><span class='ocrx_word' id='word_1_732' title='bbox 2095 4385 2255 4440; x_wconf 73' lang='lat' dir='ltr'><strong>Atat!</strong></span> <span class='ocrx_word' id='word_1_733' title='bbox 2283 4384 2429 4454; x_wconf 75' lang='grc' dir='ltr'>ἁγία</span> <span class='ocrx_word' id='word_1_734' title='bbox 2462 4385 2643 4439; x_wconf 85' lang='grc' dir='ltr'>είκὼν</span> <span class='ocrx_word' id='word_1_735' title='bbox 2662 4386 2866 4458; x_wconf 58' lang='grc' dir='ltr'>ἐπάνω</span> <span class='ocrx_word' id='word_1_736' title='bbox 2889 4386 2995 4441; x_wconf 84' lang='grc' dir='ltr'>τοῦ</span> <span class='ocrx_word' id='word_1_737' title='bbox 3048 4388 3350 4458; x_wconf 69' lang='grc' dir='ltr'>,λειψάνου</span> <span class='ocrx_word' id='word_1_738' title='bbox 3397 4391 3504 4445; x_wconf 82' lang='grc' dir='ltr'><strong>τοῦ</strong></span> <span class='ocrx_word' id='word_1_739' title='bbox 3564 4405 3677 4444; x_wconf 84' lang='grc' dir='ltr'>κοι-</span> 
     </span>
    </p>
   </div>
   <div class='ocr_carea' id='block_1_111' title="bbox 2584 4455 3183 4527">
    <p class='ocr_par' dir='ltr' id='par_1_111' title="bbox 2584 4455 3183 4527">
     <span class='ocr_line' id='line_1_112' title="bbox 2584 4455 3183 4527; baseline 0.003 -16"><span class='ocrx_word' id='word_1_740' title='bbox 2584 4455 2887 4527; x_wconf 81' lang='grc' dir='ltr'>μηθέντος</span> <span class='ocrx_word' id='word_1_741' title='bbox 2935 4455 3183 4515; x_wconf 78' lang='grc' dir='ltr'>τίθεταί.</span> 
     </span>
    </p>
   </div>
   <div class='ocr_carea' id='block_1_112' title="bbox 2165 4547 3673 4621">
    <p class='ocr_par' dir='ltr' id='par_1_112' title="bbox 2165 4547 3673 4621">
     <span class='ocr_line' id='line_1_113' title="bbox 2165 4547 3673 4621; baseline 0.005 -21"><span class='ocrx_word' id='word_1_742' title='bbox 2165 4547 2279 4600; x_wconf 88' lang='lat' dir='ltr'><strong>Kal</strong></span> <span class='ocrx_word' id='word_1_743' title='bbox 2300 4547 2489 4602; x_wconf 78' lang='grc' dir='ltr'>εἰκόνα</span> <span class='ocrx_word' id='word_1_744' title='bbox 2508 4548 2675 4603; x_wconf 81' lang='grc' dir='ltr'>αὐτοῦ</span> <span class='ocrx_word' id='word_1_745' title='bbox 2701 4548 3205 4621; x_wconf 79' lang='grc' dir='ltr'>οὗπερὴγάπησεν,</span> <span class='ocrx_word' id='word_1_746' title='bbox 3230 4548 3419 4606; x_wconf 72' lang='grc' dir='ltr'>ἐπάνω</span> <span class='ocrx_word' id='word_1_747' title='bbox 3438 4552 3673 4609; x_wconf 82' lang='grc' dir='ltr'>τιθέασι.</span> 
     </span>
    </p>
   </div>
   <div class='ocr_carea' id='block_1_113' title="bbox 2093 4638 3678 4712">
    <p class='ocr_par' dir='ltr' id='par_1_113' title="bbox 2093 4638 3678 4712">
     <span class='ocr_line' id='line_1_114' title="bbox 2093 4638 3678 4712; baseline 0.004 -21"><span class='ocrx_word' id='word_1_748' title='bbox 2093 4638 2203 4691; x_wconf 87' lang='lat' dir='ltr'><strong>Kal</strong></span> <span class='ocrx_word' id='word_1_749' title='bbox 2230 4639 2329 4709; x_wconf 81' lang='grc' dir='ltr'>τὴν</span> <span class='ocrx_word' id='word_1_750' title='bbox 2353 4638 2519 4711; x_wconf 76' lang='grc' dir='ltr'>εὐχὴν</span> <span class='ocrx_word' id='word_1_751' title='bbox 2546 4638 2835 4710; x_wconf 80' lang='grc' dir='ltr'>εἰρηκότος</span> <span class='ocrx_word' id='word_1_752' title='bbox 2886 4640 2985 4694; x_wconf 81' lang='grc' dir='ltr'>τοῦ</span> <span class='ocrx_word' id='word_1_753' title='bbox 3046 4639 3263 4709; x_wconf 77' lang='grc' dir='ltr'>ἱερέως,</span> <span class='ocrx_word' id='word_1_754' title='bbox 3292 4642 3546 4712; x_wconf 83' lang='grc' dir='ltr'>ατρουσιν</span> <span class='ocrx_word' id='word_1_755' title='bbox 3578 4646 3678 4697; x_wconf 78' lang='grc' dir='ltr'><strong>αὐ-</strong></span> 
     </span>
    </p>
   </div>
   <div class='ocr_carea' id='block_1_114' title="bbox 2091 4727 3669 4806">
    <p class='ocr_par' dir='ltr' id='par_1_114' title="bbox 2091 4727 3669 4806">
     <span class='ocr_line' id='line_1_115' title="bbox 2091 4727 3669 4806; baseline 0.006 -27"><span class='ocrx_word' id='word_1_756' title='bbox 2091 4727 2208 4792; x_wconf 80' lang='grc' dir='ltr'>τὸν,</span> <span class='ocrx_word' id='word_1_757' title='bbox 2244 4729 2339 4780; x_wconf 75' lang='grc' dir='ltr'><strong>καὶ</strong></span> <span class='ocrx_word' id='word_1_758' title='bbox 2370 4730 2451 4791; x_wconf 78' lang='grc' dir='ltr'><strong>τίς</strong></span> <span class='ocrx_word' id='word_1_759' title='bbox 2483 4728 2577 4782; x_wconf 87' lang='grc' dir='ltr'><strong>τδν</strong></span> <span class='ocrx_word' id='word_1_760' title='bbox 2604 4728 2750 4784; x_wconf 83' lang='grc' dir='ltr'>θετον</span> <span class='ocrx_word' id='word_1_761' title='bbox 2796 4729 2929 4784; x_wconf 85' lang='grc' dir='ltr'>ναὸν</span> <span class='ocrx_word' id='word_1_762' title='bbox 2960 4734 3106 4800; x_wconf 85' lang='grc' dir='ltr'><strong>μετά</strong></span> <span class='ocrx_word' id='word_1_763' title='bbox 3158 4731 3467 4803; x_wconf 79' lang='grc' dir='ltr'>λαμπάδων</span> <span class='ocrx_word' id='word_1_764' title='bbox 3508 4738 3669 4806; x_wconf 79' lang='grc' dir='ltr'>κομί-</span> 
     </span>
    </p>
   </div>
   <div class='ocr_carea' id='block_1_115' title="bbox 2092 4818 3680 4897">
    <p class='ocr_par' dir='ltr' id='par_1_115' title="bbox 2092 4818 3680 4897">
     <span class='ocr_line' id='line_1_116' title="bbox 2092 4818 3680 4897; baseline 0.006 -24"><span class='ocrx_word' id='word_1_765' title='bbox 2092 4818 2302 4885; x_wconf 78' lang='grc' dir='ltr'>ζουσιν.</span> <span class='ocrx_word' id='word_1_766' title='bbox 2333 4822 2568 4892; x_wconf 83' lang='grc' dir='ltr'>Ὁμοίως</span> <span class='ocrx_word' id='word_1_767' title='bbox 2597 4823 2654 4876; x_wconf 75' lang='grc' dir='ltr'>δὲ</span> <span class='ocrx_word' id='word_1_768' title='bbox 2686 4823 2782 4878; x_wconf 87' lang='grc' dir='ltr'>καὶ</span> <span class='ocrx_word' id='word_1_769' title='bbox 2802 4824 2966 4897; x_wconf 73' lang='grc'><strong>263</strong></span> <span class='ocrx_word' id='word_1_770' title='bbox 3006 4826 3066 4879; x_wconf 76' lang='grc' dir='ltr'>ὲν</span> <span class='ocrx_word' id='word_1_771' title='bbox 3092 4825 3303 4891; x_wconf 76' lang='grc' dir='ltr'>λαϊκοίς</span> <span class='ocrx_word' id='word_1_772' title='bbox 3316 4827 3525 4897; x_wconf 83' lang='grc' dir='ltr'>γίνεται</span> <span class='ocrx_word' id='word_1_773' title='bbox 3546 4846 3560 4861; x_wconf 90' lang='grc'><strong>·</strong></span> <span class='ocrx_word' id='word_1_774' title='bbox 3583 4846 3680 4883; x_wconf 88' lang='grc' dir='ltr'>κα-</span> 
     </span>
    </p>
   </div>
   <div class='ocr_carea' id='block_1_116' title="bbox 2092 4912 3676 4991">
    <p class='ocr_par' dir='ltr' id='par_1_116' title="bbox 2092 4912 3676 4991">
     <span class='ocr_line' id='line_1_117' title="bbox 2092 4912 3676 4991; baseline 0.006 -25"><span class='ocrx_word' id='word_1_775' title='bbox 2092 4912 2363 4986; x_wconf 57' lang='grc' dir='ltr'>Οαρὰλγὰρ</span> <span class='ocrx_word' id='word_1_776' title='bbox 2385 4916 2662 4971; x_wconf 79' lang='grc' dir='ltr'>ὲνδῦουσιν</span> <span class='ocrx_word' id='word_1_777' title='bbox 2679 4917 2786 4972; x_wconf 84' lang='grc' dir='ltr'>ἀπὸ</span> <span class='ocrx_word' id='word_1_778' title='bbox 2816 4920 2925 4973; x_wconf 84' lang='grc' dir='ltr'>τῶν</span> <span class='ocrx_word' id='word_1_779' title='bbox 2958 4920 3225 4991; x_wconf 73' lang='grc' dir='ltr'>συνήθων.</span> <span class='ocrx_word' id='word_1_780' title='bbox 3247 4922 3393 4978; x_wconf 82' lang='grc' dir='ltr'>’Δνω</span> <span class='ocrx_word' id='word_1_781' title='bbox 3409 4922 3464 4975; x_wconf 82' lang='grc' dir='ltr'><strong>δὲ</strong></span> <span class='ocrx_word' id='word_1_782' title='bbox 3475 4923 3676 4977; x_wconf 86' lang='grc' dir='ltr'>τούτων</span> 
     </span>
    </p>
   </div>
   <div class='ocr_carea' id='block_1_117' title="bbox 2094 5008 3673 5082">
    <p class='ocr_par' dir='ltr' id='par_1_117' title="bbox 2094 5008 3673 5082">
     <span class='ocr_line' id='line_1_118' title="bbox 2094 5008 3673 5082; baseline 0.006 -23"><span class='ocrx_word' id='word_1_783' title='bbox 2094 5008 2242 5079; x_wconf 74' lang='grc' dir='ltr'>ἱερὸν</span> <span class='ocrx_word' id='word_1_784' title='bbox 2269 5009 2517 5064; x_wconf 80' lang='grc' dir='ltr'>τιθέασιν</span> <span class='ocrx_word' id='word_1_785' title='bbox 2558 5010 2817 5080; x_wconf 73' lang='grc' dir='ltr'>ἔπιπλον,</span> <span class='ocrx_word' id='word_1_786' title='bbox 2841 5009 2926 5066; x_wconf 77' lang='grc' dir='ltr'>ὅτι</span> <span class='ocrx_word' id='word_1_787' title='bbox 2952 5013 3149 5077; x_wconf 83' lang='grc' dir='ltr'>πιστός</span> <span class='ocrx_word' id='word_1_788' title='bbox 3173 5031 3234 5068; x_wconf 81' lang='grc' dir='ltr'><strong>τε</strong></span> <span class='ocrx_word' id='word_1_789' title='bbox 3268 5017 3367 5069; x_wconf 70' lang='grc' dir='ltr'><strong>καὶ</strong></span> <span class='ocrx_word' id='word_1_790' title='bbox 3394 5016 3542 5082; x_wconf 82' lang='grc' dir='ltr'>ίερδς</span> <span class='ocrx_word' id='word_1_791' title='bbox 3578 5016 3673 5069; x_wconf 75' lang='grc' dir='ltr'><strong>καὶ</strong></span> 
     </span>
    </p>
   </div>
   <div class='ocr_carea' id='block_1_118' title="bbox 2092 5101 3675 5177">
    <p class='ocr_par' dir='ltr' id='par_1_118' title="bbox 2092 5101 3675 5177">
     <span class='ocr_line' id='line_1_119' title="bbox 2092 5101 3675 5177; baseline 0.005 -23"><span class='ocrx_word' id='word_1_792' title='bbox 2092 5102 2199 5155; x_wconf 83' lang='grc' dir='ltr'>ὑπὸ</span> <span class='ocrx_word' id='word_1_793' title='bbox 2230 5101 2330 5173; x_wconf 78' lang='grc' dir='ltr'><strong>τὴν</strong></span> <span class='ocrx_word' id='word_1_794' title='bbox 2355 5102 2450 5156; x_wconf 82' lang='grc' dir='ltr'>τοῦ</span> <span class='ocrx_word' id='word_1_795' title='bbox 2498 5104 2745 5170; x_wconf 77' lang='grc' dir='ltr'>Χριστοῦ</span> <span class='ocrx_word' id='word_1_796' title='bbox 2804 5106 3043 5177; x_wconf 69' lang='grc' dir='ltr'>σκέπην.</span> <span class='ocrx_word' id='word_1_797' title='bbox 3092 5108 3207 5162; x_wconf 76' lang='grc' dir='ltr'><strong>Καὶ</strong></span> <span class='ocrx_word' id='word_1_798' title='bbox 3274 5107 3441 5162; x_wconf 84' lang='grc' dir='ltr'>είκὼν</span> <span class='ocrx_word' id='word_1_799' title='bbox 3492 5110 3675 5164; x_wconf 68' lang='grc' dir='ltr'>ἐπάνω</span> 
     </span>
    </p>
   </div>
   <div class='ocr_carea' id='block_1_119' title="bbox 2090 5194 3671 5267">
    <p class='ocr_par' dir='ltr' id='par_1_119' title="bbox 2090 5194 3671 5267">
     <span class='ocr_line' id='line_1_120' title="bbox 2090 5194 3671 5267; baseline 0.006 -21"><span class='ocrx_word' id='word_1_800' title='bbox 2090 5194 2283 5248; x_wconf 85' lang='grc' dir='ltr'>τούτου</span> <span class='ocrx_word' id='word_1_801' title='bbox 2308 5194 2399 5248; x_wconf 84' lang='grc' dir='ltr'>διὰ</span> <span class='ocrx_word' id='word_1_802' title='bbox 2431 5196 2532 5265; x_wconf 81' lang='grc' dir='ltr'>τὴν</span> <span class='ocrx_word' id='word_1_803' title='bbox 2564 5199 2645 5261; x_wconf 82' lang='grc' dir='ltr'><strong>είς</strong></span> <span class='ocrx_word' id='word_1_804' title='bbox 2677 5198 2915 5267; x_wconf 81' lang='grc' dir='ltr'>Χριστὸν</span> <span class='ocrx_word' id='word_1_805' title='bbox 2957 5199 3144 5254; x_wconf 87' lang='grc' dir='ltr'>πίστιν</span> <span class='ocrx_word' id='word_1_806' title='bbox 3187 5201 3397 5256; x_wconf 84' lang='grc' dir='ltr'>τίθεται</span> <span class='ocrx_word' id='word_1_807' title='bbox 3436 5219 3450 5233; x_wconf 74' lang='grc' dir='ltr'><strong>ο</strong></span> <span class='ocrx_word' id='word_1_808' title='bbox 3475 5207 3568 5259; x_wconf 73' lang='grc' dir='ltr'>καὶ</span> <span class='ocrx_word' id='word_1_809' title='bbox 3592 5204 3671 5257; x_wconf 85' lang='grc' dir='ltr'>ὅτι</span> 
     </span>
    </p>
   </div>
   <div class='ocr_carea' id='block_1_120' title="bbox 2088 5286 3661 5365">
    <p class='ocr_par' dir='ltr' id='par_1_120' title="bbox 2088 5286 3661 5365">
     <span class='ocr_line' id='line_1_121' title="bbox 2088 5286 3661 5365; baseline 0.006 -25"><span class='ocrx_word' id='word_1_810' title='bbox 2088 5286 2264 5356; x_wconf 75' lang='grc' dir='ltr'>τούτῳ</span> <span class='ocrx_word' id='word_1_811' title='bbox 2299 5288 2588 5356; x_wconf 78' lang='grc' dir='ltr'>παρέδωκε</span> <span class='ocrx_word' id='word_1_812' title='bbox 2614 5290 2715 5359; x_wconf 83' lang='grc' dir='ltr'><strong>τὴν</strong></span> <span class='ocrx_word' id='word_1_813' title='bbox 2731 5290 2934 5363; x_wconf 80' lang='grc' dir='ltr'>ψυχήν.</span> <span class='ocrx_word' id='word_1_814' title='bbox 2962 5293 3075 5346; x_wconf 80' lang='grc' dir='ltr'><strong>Καὶ</strong></span> <span class='ocrx_word' id='word_1_815' title='bbox 3107 5293 3208 5363; x_wconf 83' lang='grc' dir='ltr'>τῆς</span> <span class='ocrx_word' id='word_1_816' title='bbox 3232 5294 3399 5365; x_wconf 84' lang='grc' dir='ltr'>εὐχῆς</span> <span class='ocrx_word' id='word_1_817' title='bbox 3446 5294 3661 5365; x_wconf 82' lang='grc' dir='ltr'>λεγομέ-</span> 
     </span>
    </p>
   </div>
   <div class='ocr_carea' id='block_1_121' title="bbox 2090 5381 3670 5452">
    <p class='ocr_par' dir='ltr' id='par_1_121' title="bbox 2090 5381 3670 5452">
     <span class='ocr_line' id='line_1_122' title="bbox 2090 5381 3670 5452; baseline 0.006 -21"><span class='ocrx_word' id='word_1_818' title='bbox 2090 5395 2187 5448; x_wconf 86' lang='grc' dir='ltr'><strong>νης</strong></span> <span class='ocrx_word' id='word_1_819' title='bbox 2219 5381 2460 5450; x_wconf 74' lang='grc' dir='ltr'>αἴρεται,</span> <span class='ocrx_word' id='word_1_820' title='bbox 2502 5384 2596 5435; x_wconf 85' lang='grc' dir='ltr'>καὶ</span> <span class='ocrx_word' id='word_1_821' title='bbox 2627 5383 2727 5434; x_wconf 79' lang='grc' dir='ltr'><strong>σὺν</strong></span> <span class='ocrx_word' id='word_1_822' title='bbox 2758 5382 3049 5452; x_wconf 85' lang='grc' dir='ltr'>λαμπάσιν</span> <span class='ocrx_word' id='word_1_823' title='bbox 3082 5387 3163 5447; x_wconf 78' lang='grc' dir='ltr'><strong>είς</strong></span> <span class='ocrx_word' id='word_1_824' title='bbox 3214 5387 3309 5437; x_wconf 80' lang='grc' dir='ltr'><strong>τὸν</strong></span> <span class='ocrx_word' id='word_1_825' title='bbox 3346 5385 3492 5440; x_wconf 87' lang='grc' dir='ltr'>θεῖον</span> <span class='ocrx_word' id='word_1_826' title='bbox 3540 5387 3670 5442; x_wconf 73' lang='grc' dir='ltr'>ναὸν</span> 
     </span>
    </p>
   </div>
   <div class='ocr_carea' id='block_1_122' title="bbox 2088 5475 2389 5543">
    <p class='ocr_par' dir='ltr' id='par_1_122' title="bbox 2088 5475 2389 5543">
     <span class='ocr_line' id='line_1_123' title="bbox 2088 5475 2389 5543; baseline 0.007 -17"><span class='ocrx_word' id='word_1_827' title='bbox 2088 5475 2389 5543; x_wconf 65' lang='grc' dir='ltr'>ἀπάγεται.</span> 
     </span>
    </p>
   </div>
   <div class='ocr_carea' id='block_1_123' title="bbox 2657 5570 3111 5629">
    <p class='ocr_par' dir='ltr' id='par_1_123' title="bbox 2657 5570 3111 5629">
     <span class='ocr_line' id='line_1_124' title="bbox 2657 5570 3111 5629; baseline 0.007 -3"><span class='ocrx_word' id='word_1_828' title='bbox 2657 5572 2913 5627; x_wconf 81' lang='grc' dir='ltr'><strong>ΚΕΦΔΛ.</strong></span> <span class='ocrx_word' id='word_1_829' title='bbox 2947 5570 3111 5629; x_wconf 74' lang='grc' dir='ltr'><strong>ΤΞΓ.</strong></span> 
     </span>
    </p>
   </div>
   <div class='ocr_carea' id='block_1_124' title="bbox 2087 5663 3669 5735">
    <p class='ocr_par' dir='ltr' id='par_1_124' title="bbox 2087 5663 3669 5735">
     <span class='ocr_line' id='line_1_125' title="bbox 2087 5663 3669 5735; baseline 0.003 -20"><span class='ocrx_word' id='word_1_830' title='bbox 2087 5663 2251 5717; x_wconf 84' lang='grc' dir='ltr'>Διατί</span> <span class='ocrx_word' id='word_1_831' title='bbox 2278 5664 2311 5717; x_wconf 85' lang='grc' dir='ltr'><strong>ό</strong></span> <span class='ocrx_word' id='word_1_832' title='bbox 2351 5663 2665 5735; x_wconf 70' lang='grc' dir='ltr'>Τρισνάγιος</span> <span class='ocrx_word' id='word_1_833' title='bbox 2692 5665 2885 5735; x_wconf 79' lang='grc' dir='ltr'>ὕμνος</span> <span class='ocrx_word' id='word_1_834' title='bbox 2932 5664 3162 5733; x_wconf 73' lang='grc' dir='ltr'>ᾅδεται,</span> <span class='ocrx_word' id='word_1_835' title='bbox 3186 5665 3259 5721; x_wconf 76' lang='grc' dir='ltr'><strong>ἐν</strong></span> <span class='ocrx_word' id='word_1_836' title='bbox 3298 5664 3378 5732; x_wconf 79' lang='grc' dir='ltr'>τῷ</span> <span class='ocrx_word' id='word_1_837' title='bbox 3407 5665 3549 5733; x_wconf 83' lang='grc' dir='ltr'>τοὺς</span> <span class='ocrx_word' id='word_1_838' title='bbox 3573 5681 3669 5721; x_wconf 78' lang='grc' dir='ltr'>τε-</span> 
     </span>
    </p>
   </div>
   <div class='ocr_carea' id='block_1_125' title="bbox 2299 5733 3457 5807">
    <p class='ocr_par' dir='ltr' id='par_1_125' title="bbox 2299 5733 3457 5807">
     <span class='ocr_line' id='line_1_126' title="bbox 2299 5733 3457 5807; baseline 0.003 -21"><span class='ocrx_word' id='word_1_839' title='bbox 2299 5733 2647 5802; x_wconf 77' lang='grc' dir='ltr'>λευτῶντας</span> <span class='ocrx_word' id='word_1_840' title='bbox 2673 5733 2761 5803; x_wconf 58' lang='lat' dir='ltr'><strong>sic</strong></span> <span class='ocrx_word' id='word_1_841' title='bbox 2793 5736 2900 5790; x_wconf 80' lang='grc' dir='ltr'><strong>τὸν</strong></span> <span class='ocrx_word' id='word_1_842' title='bbox 2921 5737 3075 5790; x_wconf 79' lang='grc' dir='ltr'><strong>ναὸν</strong></span> <span class='ocrx_word' id='word_1_843' title='bbox 3096 5737 3457 5807; x_wconf 79' lang='grc' dir='ltr'>ἀπάγεσθαι.</span> 
     </span>
    </p>
   </div>
   <div class='ocr_carea' id='block_1_126' title="bbox 2160 5826 3671 5894">
    <p class='ocr_par' dir='ltr' id='par_1_126' title="bbox 2160 5826 3671 5894">
     <span class='ocr_line' id='line_1_127' title="bbox 2160 5826 3671 5894; baseline 0.005 -14"><span class='ocrx_word' id='word_1_844' title='bbox 2160 5826 2372 5894; x_wconf 62' lang='lat' dir='ltr'><strong>&quot;rgno;</strong></span> <span class='ocrx_word' id='word_1_845' title='bbox 2405 5827 2460 5881; x_wconf 80' lang='grc' dir='ltr'>δὲ</span> <span class='ocrx_word' id='word_1_846' title='bbox 2497 5829 2554 5885; x_wconf 80' lang='grc' dir='ltr'>ἐν</span> <span class='ocrx_word' id='word_1_847' title='bbox 2581 5828 2657 5894; x_wconf 84' lang='grc' dir='ltr'>τῷ</span> <span class='ocrx_word' id='word_1_848' title='bbox 2694 5830 2999 5892; x_wconf 79' lang='grc' dir='ltr'>ἀπάγεσῦοι</span> <span class='ocrx_word' id='word_1_849' title='bbox 3032 5832 3369 5891; x_wconf 74' lang='grc' dir='ltr'>ίεοωιιένους</span> <span class='ocrx_word' id='word_1_850' title='bbox 3414 5831 3504 5886; x_wconf 76' lang='grc' dir='ltr'>καὶ</span> <span class='ocrx_word' id='word_1_851' title='bbox 3548 5830 3671 5889; x_wconf 68' lang='grc' dir='ltr'>λαῖ-</span> 
     </span>
    </p>
   </div>
  </div>
