4046 6444
345 359 451 421 677

346 478 477 540 κοὺς
503 478 530 529 ὀ
560 473 855 546 Τρισάγιος
896 479 1036 546 μετά
1077 476 1269 546 μέλους
1295 488 1307 503 ⁸

346 571 399 623 οἱ
455 569 821 631 τελευτῶντες
880 568 1081 630 δοῦλοι,
1113 569 1209 620 καὶ
1273 566 1480 636 ταύτην
1516 562 1813 636 ἐκήρυξαν,
1843 568 1937 617 καὶ

347 666 407 718 ἐν
436 663 573 731 αὐτῇ
607 661 1006 723 τετελείωνται,
1034 662 1126 713 καὶ
1159 661 1217 712 ἐν
1262 662 1401 730 αὐτῇ
1458 676 1808 728 πορευονται,
1844 660 1937 710 καὶ

348 757 447 810 σὺν
473 754 728 823 ἀγγέλοις
756 753 1155 824 ταχθήσονται,
1180 756 1296 816 τοῖς
1328 755 1417 807 τὸν
1437 753 1733 824 Τρισάγιον
1770 753 1939 821 ὓμνον

348 848 647 911 ἀπαύστως
676 847 883 918 ᾅδουσι.
909 846 1165 901 Τίθενται
1194 847 1249 900 δὲ
1274 848 1332 899 ἐν
1365 848 1443 915 τῷ
1475 842 1588 915 ναῷ
1658 846 1938 913 ἀρχιερεῖς

354 943 595 1013 μὲνπρδ
626 942 733 995 τῶν
778 941 950 1007 ἁγίων
997 940 1200 1010 θυρῶν,
1234 941 1353 1008 ἦτοι
1402 942 1685 1007 ἐγγυτέρω
1731 939 1933 1001 αὐτῶν,

353 1038 446 1100 οὓς
476 1041 502 1090 ὁ
536 1035 679 1105 ἱερὸς
712 1033 991 1096 Διονύσιος
1028 1037 1121 1087 καὶ
1152 1036 1278 1095 τοὺς
1332 1036 1499 1103 ίερεῖς
1534 1035 1613 1095 εἰς
1646 1033 1705 1085 τὸ
1744 1033 1934 1084 θυσια-

353 1129 578 1198 στήριόν
620 1144 754 1197 φησι
798 1126 1067 1193 τίθεσθαι,
1095 1126 1223 1179 ἔνθα
1253 1128 1346 1180 καὶ
1374 1127 1442 1177 τά
1482 1126 1583 1192 τῆς
1620 1124 1936 1194 ὑπηρεσίας

353 1222 571 1277 αὐτοῖς·
618 1219 749 1280 τοὺς
801 1217 857 1269 δὲ
909 1219 1180 1288 μοναχοὺς
1213 1218 1317 1286 πρὸ
1362 1218 1472 1270 τῶν
1525 1216 1689 1285 ἱερῶν
1734 1215 1935 1285 θυρῶν.

353 1314 479 1364 ἔνθα
509 1312 541 1381 ἡ
575 1310 767 1372 στάσις
810 1310 991 1371 αὐτοῖς
1020 1325 1035 1339 ·
1064 1310 1193 1372 τοὺς
1234 1310 1454 1373 λαῖκοὺς
1492 1309 1548 1361 δὲ
1579 1308 1721 1360 κατὰ
1751 1308 1811 1360 τὸ
1843 1308 1939 1374 μὲ-

356 1421 445 1456 σον
474 1402 570 1453 τοῦ
602 1401 754 1465 ναοῦ,
778 1403 913 1454 ὅπου
943 1401 1037 1455 καὶ
1077 1401 1173 1471 τὴν
1202 1403 1356 1466 τάξιν
1383 1400 1481 1469 τῆς
1510 1400 1754 1462 στάσεως
1778 1398 1935 1468 ἔχου-

355 1513 460 1547 σιν.
511 1492 652 1545 Ἀλλ’
695 1494 792 1562 οὐχ
840 1493 984 1546 οὕτω
1022 1491 1119 1545 νῦν
1166 1492 1417 1558 γίνεται·
1454 1492 1661 1554 πάντας
1697 1491 1804 1562 γάρ
1859 1506 1941 1542 τι-

355 1588 511 1638 θέασι
548 1584 852 1654 μεσαίτατα
884 1583 976 1637 τοῦ
1019 1582 1167 1636 ναοῦ.
1198 1579 1370 1649 Οἶμαι
1401 1582 1455 1634 δὲ
1483 1582 1572 1634 διὰ
1602 1582 1663 1634 τὸ
1692 1581 1940 1650 πολυχω-

355 1681 668 1750 ρητότερον,
699 1680 791 1730 καὶ
824 1677 912 1729 ἵνα
941 1677 1143 1739 πάντες
1162 1676 1332 1745 ὁρῶσί
1350 1692 1409 1728 τε
1430 1676 1526 1727 καὶ
1547 1676 1938 1742 παρίστανταιο

353 1773 384 1840 ἧ
433 1771 622 1840 ἐπειδὴ
675 1770 785 1822 άπὸ
836 1768 930 1822 τοῦ
980 1769 1372 1839 θυσιαστηρίου
1409 1770 1504 1822 καὶ
1533 1768 1581 1818 οί
1648 1767 1940 1837 ίερωμένοι

352 1866 443 1918 τὸν
474 1864 602 1918 ναὸν
636 1863 1053 1932 περιτρέχουσιν
1105 1862 1163 1913 ιν
1215 1878 1275 1913 τε
1333 1861 1564 1923 είσὸδοις
1596 1862 1689 1912 καὶ
1741 1861 1939 1930 θυμιά-

357 1970 506 2024 ματι,
536 1954 665 2016 τοὺς
721 1955 930 2015 πάντας
967 1950 1401 2016 καθαγιάζοντες
1425 1966 1437 1980 ·
1481 1955 1577 2004 καὶ
1613 1951 1705 2003 τὸν
1732 1953 1861 2003 ναὸν
1883 1951 1940 2004 δὲ

352 2048 441 2099 τὸν
492 2046 635 2099 θεῖον
684 2045 837 2098 αὐτοὶ
887 2043 1209 2112 καθιεροῦσι
1251 2043 1329 2113 τῷ
1362 2042 1503 2113 Θεῷ,
1534 2043 1621 2096 διὰ
1654 2041 1813 2096 τοῦτο
1848 2044 1943 2095 καὶ

353 2136 497 2190 οῦτοι
536 2136 631 2190 τοῦ
660 2135 791 2190 ναοῦ
825 2136 990 2206 μέσον
1018 2134 1286 2199 τίθενται,
1317 2138 1735 2205 προσαγόμενοι
1760 2135 1944 2188 τελευ-

355 2230 553 2289 τῶντες
585 2226 777 2297 ὥσπερ
810 2228 866 2279 ἐν
892 2227 1133 2295 οὐρανῷ.
1170 2224 1361 2295 Ὅμως
1413 2226 1592 2295 χρεὼν
1628 2226 1723 2278 καὶ
1750 2226 1818 2278 τὰ
1849 2223 1943 2279 τοῦ

361 2322 597 2390 μεγάλου
646 2318 933 2390 τηρεῖσθαι
996 2320 1298 2382 Διονυσίου,
1362 2318 1437 2382 ὡς
1495 2317 1945 2387 παραδεικνύντα

360 2415 550 2484 σαφῶς
576 2416 675 2484 τὴν
710 2413 944 2467 ἑκάστου
985 2411 1140 2475 τάξιν
1169 2412 1262 2464 καὶ
1293 2411 1386 2463 τὸν
1423 2411 1636 2480 βαθμὸν
1668 2414 1736 2480 τῇ
1776 2426 1947 2463 κατα·

358 2504 540 2559 θέσει·
574 2506 655 2559 ὅτι
688 2506 783 2558 καὶ
815 2503 1024 2566 Παῦλος
1065 2501 1224 2556 τοῦτο
1280 2518 1468 2574 φησιν,
1502 2520 1519 2553 ι
1564 2502 1836 2564 ’Ἕκαστος
1885 2502 1945 2553 ιν

358 2598 436 2669 τῷ
468 2599 581 2669 ἰδίῳ
609 2598 869 2667 τάγματι.
896 2614 915 2647 ι

926 2707 1180 2761 ΚΕΦΑΛ.
1215 2706 1372 2759 ΤΞΝ.

360 2799 500 2868 Περὶ
546 2798 667 2853 τῶν
690 2800 1122 2868 κοιμητηρίων,
1154 2798 1315 2864 ὅπως
1347 2799 1418 2851 ἐν
1457 2799 1666 2867 αὐτοῖς
1714 2800 1788 2855 τὰ
1820 2802 1947 2856 λει-

885 2874 1056 2939 ψαενα
1100 2870 1406 2925 θάπτεται.

430 2965 540 3017 Καὶ
576 2965 609 3035 ὴ
643 2963 847 3034 ἀρχαία
877 2964 934 3016 δὲ
982 2964 1139 3027 τάξις
1172 2963 1346 3031 οὕτως
1396 2962 1533 3035 εἶχε.
1580 2965 1696 3019 Καὶ
1724 2965 1949 3035 δηλοῦσι

354 3060 424 3112 τὰ.
456 3060 725 3128 λεγόμενα
751 3060 1109 3128 κοιμητήρια.
1150 3058 1260 3111 Καὶ
1292 3063 1400 3131 γάρ
1444 3063 1502 3111 ιν
1541 3060 1642 3129 μὲν
1685 3062 1752 3131 τῇ
1789 3060 1947 3111 Κων-

1496 359 1591 417 DE
1636 357 1731 415 Dii
1748 358 1814 416 Dl
1834 355 1932 414 NE
1976 356 2472 418 SEPULTURE.

1345 474 1428 528 ὅτι
1453 476 1545 527 καὶ
1572 478 1674 543 τῆς
1699 473 1931 543 Τριάδος

2051 490 2168 530 cum
2219 489 2379 530 cantu
2430 476 2635 532 dicitur
2684 474 3010 542 Trisagion,
3071 472 3330 541 quoniam
3387 472 3636 529 defuncti

3523 349 3634 426 678

2044 565 2331 621 Trinitatis
2364 568 2507 622 servi
2533 583 2652 621 eam
2685 566 3152 636 pnedicavcrunt,
3190 576 3243 620 et
3280 566 3333 619 itt
3363 565 3481 634 ipsa
3510 580 3641 622 san-

2044 660 2269 713 ctiﬁcati
2303 668 2469 720 sunt.
2512 667 2565 713 et
2597 660 2649 712 iu
2685 660 2798 729 ipsa
2835 659 3156 721 ambulant,
3187 668 3241 712 et
3270 672 3392 711 cum
3428 658 3640 727 angelis

2044 753 2464 807 collocabnntur
2521 753 2615 822 qui
2674 752 2911 823 Trisagii
2976 750 3294 807 indefessim
3365 751 3631 822 hymnum

2043 846 2362 901 concinunt.
2400 848 2594 901 Verum
2629 849 2682 902 in
2718 850 2918 918 templo
2955 857 3301 919 reponuntur
3345 848 3635 917 pontiﬁces

2043 939 2259 1007 quidem
2287 948 2415 996 ante
2436 950 2656 995 sanctas
2675 940 2876 1011 janttas
2899 957 2996 995 seu
3024 942 3077 994 in
3105 942 3226 995 loco
3250 942 3336 996 his
3362 942 3641 1010 proximo,

2044 1044 2423 1098 quossanctus
2450 1032 2745 1104 Dionysius
2778 1043 2944 1101 atque
2974 1033 3289 1089 sacerdotes
3345 1034 3481 1087 dixit
3514 1044 3642 1087 ante

2046 1125 2220 1179 altare
2285 1127 2546 1181 locandas
2581 1141 2704 1181 esse
2781 1126 2873 1179 ubi
2946 1126 3309 1180 ministerium
3346 1133 3639 1188 exercent,

2046 1221 2347 1273 monachos
2390 1228 2570 1272 autem
2617 1228 2745 1273 ante
2780 1233 2965 1273 sacras
3004 1218 3188 1281 fores,
3236 1219 3326 1272 ubi
3372 1223 3594 1273 adstant
3621 1258 3637 1280 ,

2044 1311 2215 1366 laicos
2246 1325 2377 1364 vero
2409 1312 2463 1364 in
2501 1312 2680 1365 medio
2716 1312 2901 1379 templi
2948 1311 3035 1364 ubi
3077 1312 3185 1365 loci
3238 1311 3486 1365 ordinem
3543 1311 3645 1364 ha-

2044 1404 2194 1459 bent.
2230 1402 2333 1456 Sed
2379 1419 2522 1457 nunc
2554 1420 2660 1457 non
2692 1404 2763 1457 ita
2798 1404 2852 1457 ﬁt
2884 1421 2900 1469 ;
2939 1417 3131 1458 omnes
3167 1402 3313 1456 enim
3360 1412 3644 1471 ponuntur

2047 1498 2100 1550 in
2151 1496 2331 1551 medio
2365 1496 2575 1565 templi,
2614 1495 2763 1564 quod
2809 1494 2922 1548 ﬁeri
2955 1510 3153 1549 censeo
3188 1495 3446 1564 quoniam
3493 1496 3645 1549 locus

2041 1603 2126 1646 est
2158 1590 2336 1654 latior,
2372 1605 2581 1643 net-non
2616 1599 2672 1642 ιιι
2711 1572 2905 1641 omnes
2942 1587 3155 1640 videant
3187 1595 3242 1639 ct
3284 1587 3522 1647 adstent.
3560 1588 3642 1639 τινι

2043 1684 2169 1751 quia
2202 1684 2269 1736 ab
2298 1681 2455 1736 altari
2487 1680 2806 1736 sacerdotes
2833 1680 3097 1748 templum
3130 1678 3515 1748 ρειαιιιιιιιιειιιι
3543 1692 3642 1745 ιιι-ι’

2046 1776 2331 1842 ingressus
2358 1783 2411 1827 et
2446 1773 2685 1827 sumtum
2716 1787 2913 1827 omnes
2945 1771 3355 1826 sanctiﬁcantes
3386 1810 3400 1832 ,
3434 1771 3643 1838 ipsum-

2046 1884 2152 1937 que
2184 1868 2426 1921 divinum
2462 1866 2722 1936 templum
2757 1865 2870 1919 Deo
2893 1865 3172 1931 dedicant,
3208 1863 3331 1919 ideo
3361 1864 3464 1933 ipsi
3502 1879 3642 1932 quo-

2044 1977 2151 2031 que
2176 1960 2421 2015 defuncti
2447 1958 2755 2014 afferuntur
2778 1966 2833 2012 et
2862 1957 2916 2011 in
2948 1957 3129 2011 medio
3156 1957 3347 2027 templi
3380 1967 3641 2026 tanquam

2048 2053 2101 2104 in
2135 2052 2275 2106 coelo
2309 2057 2673 2120 reponuntur.
2721 2050 2947 2117 Oportet
2995 2056 3177 2103 tamen
3228 2048 3435 2103 servari
3481 2064 3642 2101 mana

2047 2146 2176 2198 data
2213 2143 2393 2212 magni
2443 2141 2732 2214 Dionysii,
2767 2141 3032 2211 quoniam
3085 2156 3180 2208 per
3218 2140 3640 2195 collocationem

2049 2246 2195 2289 recte
2248 2234 2603 2289 manifestam
2632 2234 3069 2304 uniuscujusque
3112 2236 3341 2304 gradum
3390 2243 3444 2287 ct
3491 2234 3642 2287 ordi-

2048 2344 2195 2393 nem,
2224 2336 2277 2381 et
2306 2327 2437 2396 quia
2466 2324 2669 2382 Paulus
2704 2326 2807 2382 hoc
2835 2326 2975 2382 dixit
3005 2344 3018 2380 :
3048 2326 3297 2397 Quisque
3330 2326 3383 2380 iu
3417 2325 3643 2395 preprio

2048 2422 2261 2476 ordine.
2980 2432 2981 2435 ‘

2548 2720 2782 2777 CAPUT
2822 2720 3148 2779 CCCLXIV.

2051 2809 2129 2866 De
2153 2819 2487 2878 cmmetems,
2510 2813 2774 2883 quomodo
2793 2815 2850 2938 in
2875 2815 2985 2869 illis
3016 2832 3239 2883 corpora
3266 2813 3643 2886 defunctorum

2670 2901 2789 2938 sene
2816 2895 3023 2938 runtur.

2670 2895 3023 2954 sepeliuntur.

2123 2979 2301 3034 Porro
2324 2980 2547 3047 antiqua
2574 2978 2865 3045 dispositio
2889 2978 2972 3033 sic
2993 2987 3135 3041 erat,
3163 2988 3221 3032 ut
3242 2988 3392 3048 patet
3421 2996 3484 3035 ex
3508 2979 3644 3034 lot-is

2052 3074 2252 3136 quibus
2286 3072 2590 3127 coemeterii
2636 3086 2838 3126 nomen
2888 3070 2993 3127 fuit
3035 3073 3379 3142 impositum.
3425 3069 3643 3127 Etenim

357 3154 639 3204 σταντίνου
690 3152 749 3205 ἐν
803 3150 882 3221 τῷ
923 3150 1035 3204 τῶν
1088 3150 1261 3217 ἁγίων
1298 3152 1642 3207 Ἀποστόλων
1700 3153 1945 3223 μεγίστῳ

2057 3166 2111 3221 in
2170 3165 2396 3219 basilica
2450 3162 2849 3231 Constantini,
2918 3164 2970 3218 in
3027 3164 3267 3219 maxima
3323 3175 3646 3221 sanctorum

358 3243 513 3315 σηκῴ
552 3244 603 3297 οι
649 3244 750 3313 μὲν
795 3245 1073 3315 ἀρχιερεῖς
1115 3245 1263 3299 ἔνδον
1308 3244 1403 3298 τοῦ
1455 3246 1853 3317 θυσιαστηρίου
1884 3244 1945 3310 ἐξ

356 3339 533 3406 ἀρχῆς
576 3336 949 3401 κατετίθεντο,
979 3338 1054 3401 ὡς
1108 3339 1203 3390 καὶ
1252 3338 1321 3391 τὰ
1348 3338 1583 3409 λείψανα
1608 3339 1717 3393 τῶν
1747 3339 1943 3408 ἁγίων,

352 3430 444 3482 διὰ.
477 3429 575 3497 τὴν
607 3430 706 3497 τῆς
738 3427 889 3489 θείας
922 3426 1229 3498 ἱερωσύνης
1258 3427 1573 3498 χάριν.Καὶ
1604 3428 1791 3481 πολλοὶ
1816 3430 1947 3498 περὶ

350 3520 547 3575 τούτου
580 3519 888 3588 γράῖδουσιν
917 3519 991 3581 ὡς
1044 3516 1221 3580 οὕτως
1252 3522 1484 3586 ἐγίνετο,
1509 3520 1639 3589 περὶ
1674 3518 1947 3588 λειψάνων

350 3612 762 3682 ἀρχιερατικῶν
808 3610 1184 3681 διηγούμενοι.
1219 3612 1283 3665 Ol.
1317 3611 1561 3681 βασιλεῖς
1594 3611 1653 3667 δὲ
1693 3611 1824 3680 περὶ
1854 3611 1946 3665 τὸν

352 3709 481 3760 ναὸν
513 3708 607 3759 καὶ
638 3705 919 3758 κύκλωθεν
950 3704 1046 3758 τοῦ
1079 3704 1232 3765 ναοῦ,
1278 3706 1355 3767 ὡς
1395 3704 1707 3759 δείκνυνται
1737 3706 1803 3758 ὲκ
1835 3705 1947 3758 τῶν

351 3803 565 3868 τάφων,
592 3774 775 3852 tiam
795 3799 1077 3862 τελοῦντες
1106 3800 1201 3852 καὶ
1231 3800 1409 3861 αὐτοὶ,
1442 3800 1492 3851 εί
1526 3799 1704 3854 καὶτὸ
1733 3800 1948 3870 χρίσμα.

351 3894 451 3963 τῆς
487 3892 770 3962 βασιλείας
803 3892 1018 3955 ἔλαϐον,
1050 3891 1351 3961 ἠγεμονίαν
1375 3891 1475 3961 τῆς
1509 3891 1783 3961 κοσμικῆς
1811 3891 1946 3944 ταύ-

352 4007 452 4058 της
486 3988 659 4059 ἀρχῆς
691 3987 1186 4058 ὶγκεχειρισμένοι.
1213 3988 1324 4040 Καὶ
1344 3988 1403 4039 ἐν
1420 3987 1531 4048 τοῖς
1556 3985 1946 4057 μοναστηρίοις

355 4082 538 4135 δὲ’τὰ
591 4078 1013 4149 άποτεταγμένα
1067 4082 1411 4149 κοιμητήρια
1445 4078 1555 4148 Eoi;
1612 4079 1714 4149 μὲν
1764 4078 1947 4149 ἔχουσι

359 4178 487 4239 τοὺς
528 4178 734 4245 τάφους
761 4173 873 4227 τῶν
909 4173 1228 4243 ἱερωμένων
1263 4172 1518 4242 μοναχῶν
1552 4174 1649 4224 καὶ
1682 4172 1947 4226 ὑποκάτω

359 4268 754 4339 θυσιαστηρίου
785 4283 801 4299 ο
841 4267 949 4337 ίδίᾳ
994 4264 1054 4319 δὲ
1105 4266 1218 4317 τῶν
1275 4265 1524 4319 ἰδιωτῶν.
1572 4264 1665 4317 Διὸ
1700 4264 1797 4318 καὶ
1843 4260 1947 4318 ὦδε

360 4363 540 4434 χρεὼν
588 4364 718 4423 τοὺς
773 4359 872 4429 μὲν
924 4360 1204 4429 ἀρχιερεῖς
1253 4358 1554 4428 ἐγγύτερον
1594 4358 1805 4412 τιθέναι
1847 4359 1947 4410 τοῦ

355 4452 750 4523 θυσιαστηρίου
781 4466 797 4480 ·
843 4451 969 4513 τοὺς
1005 4451 1170 4520 ἱερεῖς
1223 4448 1279 4499 δὲ
1314 4450 1432 4517 μετ’
1456 4449 1657 4511 αὐτοὺς
1689 4450 1784 4503 καὶ
1836 4449 1946 4504 λοι-

358 4548 493 4609 ποὺς
530 4546 741 4607 πάντας
796 4542 1134 4613 κληρικούς⁶
1171 4542 1304 4608 περὶ
1355 4540 1413 4591 δὲ
1472 4542 1570 4602 τὰς
1623 4540 1802 4605 πύλας
1846 4540 1945 4594 τοῦ
1980 4523 2025 4579 Ῐ)

362 4642 489 4695 ναοῦ
522 4642 647 4703 τοὺς
693 4639 918 4700 λαῖκούς
940 4652 954 4667 ο
988 4635 1016 4687 ὃ
1045 4635 1110 4704 δὴ
1145 4636 1239 4685 καὶ
1273 4636 1330 4686 ἐν
1369 4635 1491 4695 ταῖς
1547 4636 1735 4703 μοναῖς
1786 4636 1948 4705 ἀκρι-

358 4734 616 4804 ϐέστερον
656 4731 737 4785 ἔτι
772 4730 1051 4800 τηρεῖται’
1085 4724 1182 4777 καὶ
1208 4724 1336 4787 τοὺς
1371 4724 1473 4794 μὲν
1499 4724 1951 4795 καθηγουμένους

359 4829 454 4880 καὶ
515 4824 850 4898 ίερωμένους
904 4821 1204 4893 ψάλλουσιν
1254 4820 1406 4877 ἔνδον
1456 4820 1552 4875 τοῦ
1608 4820 1763 4888 ναοῦ,
1822 4823 1951 4885 τοὺς

362 4921 577 4983 ἰδιώτας
605 4920 666 4972 δὲ
698 4919 990 4989 μοναχοὺς,
1010 4917 1045 4987 ἢ
1078 4919 1173 4972 καὶ
1200 4915 1445 4984 λαῖκοὺς,
1476 4918 1536 4969 ἐν
1564 4916 1644 4987 τῷ
1671 4917 1906 4987 νάρθηκι
1933 4933 1948 4949 ο

358 5016 387 5069 ὃ
422 5018 516 5070 καὶ
550 5014 637 5083 ἐφ’
664 5014 802 5083 ἡμῖν
836 5012 918 5065 ἔτι
950 5012 1245 5081 γινόμενον
1272 5011 1489 5078 εἴδομεν
1524 5010 1581 5064 ἐν
1607 5028 1751 5066 τισιν
1778 5012 1952 5082 ίεραῖς

362 5112 577 5181 μοναῖς.
634 5107 752 5162 Νῦν
786 5106 846 5159 δὲ
897 5108 1082 5159 πάντα
1112 5107 1179 5176 τῇ
1214 5106 1451 5176 ἀμελείᾳ
1507 5106 1849 5177 παρεωράθη
1881 5107 1953 5162 τὰ

264 5238 273 5245 -
358 5204 585 5273 εὐλαϐῆ,
611 5204 705 5256 καὶ
731 5201 801 5254 τὰ
826 5201 926 5270 τῆς
954 5199 1166 5265 τάξεως
1198 5199 1571 5254 καταλέλυται
1597 5214 1610 5228 ·
1646 5202 1741 5253 καὶ
1770 5201 1953 5254 πάντα

358 5297 607 5367 γίγνεται
642 5294 856 5365 φύρδην
885 5310 901 5325 ο
932 5293 1163 5363 καὶγὰρ
1193 5293 1228 5361 ἡ
1274 5291 1473 5357 ἀταξία
1497 5294 1563 5362 τῇ
1596 5292 1951 5363 ὑπερηφανίᾳ

360 5390 728 5460 συζεύγνυται
766 5387 1046 5459 άπαρχῆς,
1073 5388 1168 5439 καὶ
1198 5388 1295 5439 σὺν
1323 5386 1459 5456 αὐτῇ
1486 5388 1553 5457 τῇ
1578 5386 1949 5457 φιλοκερδείᾳ,

361 5485 457 5539 καὶ
488 5485 558 5537 τὰ
594 5481 840 5553 κοσμικά
898 5480 1227 5550 φρονήματα
1278 5478 1443 5531 πλέον
1473 5478 1562 5530 διὰ
1612 5479 1682 5531 τὰ
1711 5480 1951 5533 ἑκάστου

361 5578 510 5648 πάθη
535 5593 548 5607 ·
582 5576 680 5629 καὶ
713 5576 774 5627 οὐ
807 5573 876 5627 τὰ
907 5572 1016 5626 τῶν
1046 5572 1222 5639 ἁγίων
1266 5572 1484 5641 κρατεῖ.
1530 5571 1641 5624 Καὶ
1674 5572 1864 5626 πολλοὶ
1895 5576 1950 5624 ὲν

360 5675 571 5737 τούτοις
615 5671 960 5743 άφιλοσόφως
1009 5666 1483 5737 φιλοσοφοῦσιν,ἢ
1517 5667 1721 5737 μᾶλλον
1771 5669 1951 5723 εἰπεῖν

361 5769 593 5836 ἀλόγως.
626 5766 756 5831 Καὶ,
781 5765 846 5817 Τί
873 5767 992 5817 ἐστι
1025 5760 1209 5826 τοῦτο,
1243 5763 1468 5830 λέγουσι
1492 5777 1507 5827 ;
1536 5762 1630 5814 καὶ
1654 5761 1706 5813 τί
1734 5762 1947 5825 ἐκεῖνος

367 5867 463 5921 καὶ
499 5865 641 5919 διατί
676 5864 753 5934 μὴ
789 5862 881 5915 καὶ
913 5861 1004 5916 τὸν
1053 5859 1239 5914 λαῐκὺν
1276 5859 1421 5914 ἔνδον
1453 5857 1804 5927 εἰσάγουσιν;
1832 5860 1945 5911 Οὐκ

2052 3259 2422 3328 apostolorum
2457 3257 2717 3322 ecclesia,
2758 3257 3050 3329 pontiﬁces
3093 3259 3315 3326 quidem
3366 3259 3512 3314 intra
3559 3260 3640 3313 al-

2052 3361 2171 3406 tare
2199 3351 2268 3406 ab
2298 3351 2458 3405 initio
2484 3350 2906 3420 deponebantur
2934 3362 3156 3422 propter
3197 3352 3431 3424 gratiam
3465 3353 3643 3407 divini

2051 3444 2367 3499 sacerdotii.
2396 3442 2464 3498 Et
2492 3443 2649 3497 multi
2679 3442 2749 3498 de
2782 3443 2886 3498 hoc
2911 3444 3163 3500 scribunt
3194 3445 3338 3514 quod
3370 3445 3445 3500 ita
3483 3445 3648 3500 ﬁebat

2048 3540 2116 3593 de
2146 3537 2394 3607 reliquiis
2436 3536 2755 3607 pontiﬁcum
2796 3538 3136 3593 disserentes
3160 3576 3177 3601 ,
3227 3553 3384 3607 reges
3418 3552 3550 3593 vero
3590 3539 3646 3591 in

2051 3629 2252 3698 templo
2279 3638 2334 3684 et
2362 3628 2509 3684 circa
2543 3628 2916 3696 templum,ut
2941 3641 3005 3683 ex
3043 3643 3234 3684 eorum
3274 3630 3648 3685 monumentis

2048 3731 2313 3793 apparet,
2345 3738 2514 3792 quum
2543 3731 2597 3776 et
2625 3721 2727 3792 ipsi
2759 3722 2876 3777 sint
2906 3720 3029 3777 laici
3058 3761 3073 3786 ,
3118 3722 3245 3776 licet
3288 3731 3513 3791 at-cepta
3565 3738 3651 3775 re-

2049 3817 2155 3886 gali
2207 3816 2503 3880 unctione,
2552 3814 2986 3869 dominationem
3036 3822 3090 3867 et
3125 3813 3388 3869 saculare
3417 3815 3521 3869 hoc
3553 3814 3650 3869 de-

2052 3904 2371 3960 mandatum
2414 3903 2764 3974 susceperint
2807 3902 3123 3972 imperium.
3158 3904 3228 3957 At
3264 3903 3320 3957 in
3364 3912 3650 3960 monaste-

2050 3996 2150 4051 riis
2173 3996 2457 4066 designata
2483 4002 2613 4051 sunt
2636 3993 2953 4050 cmmeteria
2981 3994 3033 4047 in
3056 3994 3259 4064 quibus
3278 3994 3496 4064 prapria
3520 3998 3650 4066 qui-

2052 4090 2176 4144 dem
2215 4090 2470 4144 monachi
2500 4087 2815 4143 sacerdotio
2847 4087 3024 4142 induti
3056 4087 3259 4142 habent
3289 4098 3649 4142 monumenta

2050 4183 2243 4241 subter
2271 4184 2484 4246 altare,
2517 4182 2625 4238 alia
2675 4190 2858 4237 autem
2909 4181 3135 4252 propria
3187 4180 3391 4238 fratres
3436 4182 3646 4237 idiotas.

2053 4277 2179 4330 Ideo
2222 4276 2310 4331 hic
2354 4274 2523 4328 etiam
2570 4281 2784 4344 oportet
2819 4272 3112 4342 pontiﬁces
3156 4272 3380 4342 quidem
3422 4271 3649 4342 propius

2051 4368 2253 4432 altari,
2300 4344 2617 4421 sacerdotes
2652 4378 2777 4419 vero
2813 4372 2938 4432 post
2982 4378 3078 4418 eos
3126 4372 3179 4417 et
3218 4363 3503 4419 universos
3544 4377 3651 4416 car-

2054 4468 2207 4516 teros
2239 4459 2458 4529 sepeliri
2506 4456 2741 4513 clericos
2766 4494 2783 4520 ,
2818 4454 2993 4510 laicos
3044 4462 3229 4510 autem
3276 4456 3426 4511 circa
3462 4466 3652 4525 portas

2055 4554 2243 4621 templi
2272 4571 2287 4619 ;
2322 4552 2467 4622 quod
2499 4548 2683 4606 adnue
2714 4548 3031 4605 accuratius
3061 4548 3113 4602 in
3147 4549 3503 4605 monasteriis
3533 4564 3652 4604 ser-

2055 4655 2248 4709 vatur;
2281 4641 2542 4712 praesides
2566 4640 2789 4711 quidem
2814 4650 2869 4694 et
2894 4639 3213 4695 sacerdotes
3236 4639 3477 4708 psallunt
3505 4641 3651 4693 intra

2055 4737 2353 4806 templum,
2407 4733 2592 4790 idiota:
2634 4740 2821 4788 autem
2865 4740 2920 4787 et
2967 4730 3223 4786 monachi
3276 4740 3374 4785 aut
3417 4729 3546 4785 laici
3596 4731 3649 4783 iu

2060 4832 2323 4885 narthece
2350 4869 2367 4895 ,
2401 4826 2544 4897 quod
2575 4827 2721 4896 apud
2756 4840 2861 4881 nos
2901 4826 3084 4879 adhuc
3128 4823 3245 4878 ﬁeri
3290 4823 3545 4877 novimus
3594 4826 3651 4877 in

2054 4922 2385 4994 quibusdam
2418 4920 2791 4976 monasteriis.
2825 4918 2985 4973 Nunc
3015 4929 3147 4972 vero
3178 4929 3372 4970 omnes
3403 4915 3480 4985 pii
3508 4915 3652 4971 ritus

2056 5016 2386 5086 negligentia
2420 5012 2715 5082 contempti
2765 5017 2936 5073 sunt,
2986 5021 3331 5076 eversosque
3370 5007 3507 5061 ordo
3534 5045 3549 5070 ,
3594 5017 3652 5060 ct

2054 5110 2241 5163 omnia
2275 5109 2414 5160 tium
2445 5102 2782 5175 promiscue,
2821 5115 2949 5155 nam
2985 5098 3244 5155 confusio
3272 5097 3551 5169 superbia:
3578 5098 3651 5152 ab

2055 5202 2216 5257 initio
2243 5200 2344 5254 fuit
2374 5198 2696 5260 commixta,
2729 5202 2785 5251 et
2815 5209 2940 5250 cum
2973 5194 3094 5264 ipsa
3118 5193 3376 5257 avaritia,
3404 5199 3461 5248 et
3489 5208 3651 5248 mun-

2055 5295 2199 5349 dana
2228 5290 2527 5362 prawalent
2554 5289 2789 5346 consilia
2833 5300 3057 5360 propter
3091 5287 3437 5359 singulorum
3468 5286 3603 5342 vitia
3628 5326 3647 5355 ,

2055 5396 2111 5443 ct
2153 5386 2381 5441 minime
2424 5392 2750 5439 sanctorum
2787 5381 3197 5454 cogitationes;
3243 5381 3407 5436 multi
3443 5380 3504 5435 in
3542 5379 3649 5435 hoc.

2056 5490 2249 5537 contra
2306 5478 2713 5550 philosophiam
2767 5477 3274 5548 philosophantur,
3324 5490 3419 5530 seu
3475 5476 3651 5542 magis

2056 5577 2176 5629 sine
2208 5575 2443 5627 ratione.
2481 5570 2547 5627 Et
2576 5571 2705 5642 quid
2735 5571 2884 5627 hoc?
2917 5570 3195 5640 inquiunt,
3229 5579 3282 5623 et
3312 5567 3446 5637 quid
3475 5566 3603 5622 illm!
3632 5569 3652 5620 Ι

2056 5670 2239 5734 Quare
2271 5667 2473 5721 laicum
2504 5680 2610 5719 non
2642 5665 2795 5720 intus
2827 5662 3116 5719 inferunt?
3154 5660 3346 5717 Nonne
3382 5658 3653 5716 Chrisua-

2058 5778 2163 5816 nus
2192 5760 2304 5816 est?
2341 5759 2540 5821 Etiam,
2565 5757 2756 5823 frater,
2787 5757 3135 5813 Christianus
3160 5762 3265 5820 est,
3297 5752 3393 5808 sed
3422 5766 3531 5808 non
3557 5769 3651 5806 sa-

2058 5856 2252 5913 cerdos
2278 5871 2293 5921 ;
2328 5852 2474 5909 aliud
2508 5851 2732 5925 quidem
2755 5851 3019 5911 sacerdos
3040 5890 3057 5921 ,
3085 5860 3138 5909 et
3179 5847 3329 5905 aliud
3361 5847 3569 5919 laicus;
3605 5848 3652 5903 si
