4046 6434
484 317 593 382 679

1366 270 2542 381 SYMEONIS'THESSALONICENSIS
2577 313 2938 377 ARClllEP.
3631 315 3722 380 680

480 426 690 481 nullum
721 437 866 485 esset
896 428 1222 497 discrimen,
1253 429 1419 501 igitur
1445 441 1501 486 et
1530 431 1706 488 laicus
1738 430 2051 501 baptizabit,

2167 427 2286 482 ἔστι
2313 430 2642 499 Χριστιανός
2668 446 2683 495 ;
2711 430 2819 483 Ναὶ
2860 429 3213 499 Χριστιανὸς,
3236 427 3432 496 ἀδελφέ
3454 444 3468 459 ·
3509 428 3616 485 ἀλλ’
3639 431 3721 503 οὐχ

478 530 533 575 et
563 521 913 591 ministrabit,
940 532 997 579 et
1027 524 1096 579 ad
1127 525 1302 581 altare
1329 526 1582 583 accedet.

981 820 1216 877 CAPUT
1249 820 1546 877 CCCLXV.

472 909 552 967 De
580 911 690 967 illis
735 913 827 983 qni
862 916 1168 969 inordinate
1206 932 1271 968 ac
1315 917 1535 985 confuse
1583 916 1789 983 faciunt
1833 917 2061 981 omnia;

616 985 774 1056 idque
803 985 1130 1041 vehementer
1168 1004 1325 1056 grave
1375 1004 1437 1041 ac
1468 987 1750 1042 molestum
1783 1004 1916 1044 esse.

546 1078 653 1133 Sed
693 1079 825 1148 quid
861 1082 977 1136 haec
1008 1080 1174 1136 dico?
1210 1079 1300 1137 Isti
1335 1082 1431 1152 qui
1466 1082 1654 1137 omnia
1694 1083 2061 1140 commiscent

471 1181 527 1226 ct
563 1172 796 1227 confuse
838 1172 1041 1229 faciunt
1077 1175 1288 1230 nullum
1331 1183 1599 1246 ponentes
1630 1176 1932 1233 discrimen
1969 1193 2060 1232 sa-

471 1280 627 1319 crum
664 1267 805 1321 inter
835 1277 888 1322 et
928 1267 1218 1337 profanum
1247 1308 1264 1335 ,
1299 1270 1433 1324 illud
1465 1271 1673 1326 audent
1715 1272 1900 1327 facere
1926 1308 1945 1335 ,
1987 1270 2061 1325 si-

474 1367 718 1428 nnntque
765 1361 819 1414 in
865 1375 1085 1417 sacrum
1130 1363 1508 1420 sanctuariunt
1556 1365 1768 1421 intrare
1817 1380 1958 1434 quos
2001 1368 2056 1421 in

471 1454 575 1509 huc
607 1455 815 1525 ingredi
846 1456 1104 1527 indignos
1135 1442 1338 1523 sciunt,
1382 1467 1438 1514 et
1470 1461 1681 1527 absque
1713 1460 1897 1531 sigillo
1923 1476 2061 1531 pon-

470 1547 640 1603 titicio
663 1548 857 1616 jubent
888 1550 942 1603 in
971 1550 1208 1605 ecclesia
1247 1567 1437 1608 sacras
1470 1552 1791 1624 Scripturas
1829 1556 2013 1625 legere
2040 1598 2055 1622 ,

468 1643 616 1707 quod
646 1641 699 1693 in
734 1649 939 1708 pestem
974 1642 1047 1696 ita
1074 1643 1397 1699 damnosam
1434 1646 1635 1715 prodiit
1673 1656 1731 1702 ut
1763 1648 1816 1702 in
1847 1663 2056 1705 morem

2170 522 2370 589 ἱερεύς.
2399 521 2633 592 Ἕτερον
2666 521 2723 576 δὲ
2756 524 2960 593 ἱερεὺς,
2991 526 3086 575 καὶ
3109 522 3302 592 ἕτερον
3333 518 3542 585 λαῖκός.
3571 522 3629 575 Εἰ
3672 522 3722 575 δὲ

2166 614 2343 679 οὐδὲν,
2371 615 2465 668 καὶ
2493 617 2521 669 ὁ
2553 614 2746 677 λαῖκὺς
2792 616 2978 670 λοιπον
3026 615 3308 685 βαπτίσει,
3340 616 3434 669 καὶ
3464 615 3725 687 ἱερουργή-

2169 726 2275 776 σει,
2295 712 2392 766 καὶ
2415 712 2498 776 εἰς
2525 711 2588 765 τὸ
2613 711 3008 784 θυσιαστήριον
3037 710 3447 766 εἰσελεύσεται.-

2631 818 2800 898 264
2832 824 3089 879 ΚΕΦΑΛ.
3124 818 3289 877 me.

2163 918 2308 987 Περὶ
2369 912 2491 971 τῶν
2538 917 2808 982 ἀτάκτως
2864 916 3070 987 πάντα
3129 917 3229 970 καί
3280 914 3726 987 curmva

2374 989 2714 1043 ποιούντων
2734 1004 2750 1022 ·
2790 987 2882 1041 ὅτι
2923 986 3104 1042 τοῦτο
3131 987 3278 1042 λίαν
3323 985 3546 1041 δεινόν.

2245 1081 2409 1136 Ἀλλὰ
2431 1079 2551 1143 πῶς
2572 1078 2736 1132 τοῦτό
2758 1094 2902 1150 φημι
2924 1094 2939 1146 ;
2959 1069 3126 1133 Οὗτοι
3147 1078 3195 1131 οἰ
3227 1078 3407 1132 πάντα
3432 1076 3728 1146 συγχέοντες

2162 1174 2259 1229 καὶ
2308 1173 2514 1243 ἀναμὶξ
2556 1168 2865 1237 ποιοῦντες,
2908 1169 3077 1240 μηδὲν
3109 1168 3515 1233 διαστέλλοντες
3542 1167 3729 1236 ἀναμέ-

2164 1285 2256 1322 σον
2285 1265 2433 1338 ἰεροῦ
2463 1284 2524 1321 τε
2550 1266 2646 1319 κα)⁸
2684 1262 2906 1335 ἀνιέρου
2939 1264 3037 1319 καὶ
3068 1263 3232 1318 τοῦτο
3257 1263 3504 1331 τολμῶσι
3537 1264 3725 1315 ποιεῖν·

2161 1362 2259 1415 καὶ
2290 1362 2349 1414 ἐν
2381 1360 2462 1430 τῷ
2497 1360 2632 1434 ἰερῷ
2677 1359 2887 1431 βήματι
2919 1360 3046 1422 τοὺς
3083 1357 3161 1430 μὴ
3191 1357 3379 1426 ἀξίους
3423 1356 3518 1412 τοῦ
3566 1355 3727 1426 βήμα-

2160 1471 2251 1514 τος
2280 1454 2511 1510 εἰσιέναι
2544 1452 2894 1525 συγχωροῦσι
2917 1468 2931 1484 ⁸
2953 1453 3049 1507 καὶ
3079 1451 3206 1523 δίχα
3239 1450 3533 1521 σφραγῖδος
3560 1450 3729 1520 ἀρχιε-

2165 1547 2400 1618 ρατικῆς
2427 1545 2749 1601 κελεύουσιν
2779 1544 3182 1615 ἀναγινώσκειν
3214 1546 3315 1608 τὰς
3355 1545 3514 1615 ἱερὰς
3545 1540 3628 1596 ἐπ’
3650 1543 3729 1596 ἐκ·

2164 1641 2392 1711 κλησίας
2418 1639 2671 1710 Γραφάς.
2698 1641 2811 1695 Καὶ
2838 1638 3098 1694 τοσοῦτον
3126 1639 3284 1693 τοῦτο
3307 1638 3391 1701 εἰς
3422 1636 3592 1709 νομήν
3612 1632 3728 1708 ἦλθε

471 1729 807 1785 inordinatio
856 1733 1214 1799 transiverit,
1269 1736 1539 1804 multique
1585 1753 1932 1808 nequaquam
1987 1741 2051 1797 de

2164 1731 2568 1804 novqpo'rimv,
2598 1731 2674 1796 ὼς
2710 1736 2805 1785 καὶ
2838 1733 2919 1795 εἰς
2968 1731 3091 1795 ἔθος
3135 1732 3238 1801 τὴν
3281 1729 3511 1795 ἀταξίαν
3542 1728 3731 1800 προϐῆ-

471 1836 632 1876 s'acro
664 1823 842 1888 sigillo
886 1834 1113 1890 curent,
1147 1829 1241 1882 sed
1289 1829 1374 1883 vix
1418 1828 1554 1885 illttd
1594 1841 1844 1901 quaerant
1882 1848 2055 1904 quum

472 1916 539 1965 ad
574 1915 799 1971 ordines
837 1919 1198 1985 promerendi
1230 1933 1383 1989 sunt,
1414 1925 1615 1986 vixque
1643 1934 1760 1981 tum
1790 1928 1864 1981 ita
1891 1937 2057 1998 agant

470 2010 886 2064 ut‘sccundttm
943 2015 1404 2070 consuetudinem
1461 2017 1599 2074 illud
1659 2022 1954 2091 accipiant.
2012 2021 2057 2077 Ο

471 2101 667 2163 homo,
697 2117 823 2155 num
858 2118 1020 2170 parva
1060 2105 1174 2159 haec
1211 2108 1547 2176 perpendis?
1571 2119 1624 2165 et
1657 2110 1880 2169 Patrum
1910 2115 2057 2186 leges

469 2191 708 2262 desuper
750 2194 981 2251 traditas
1018 2187 1372 2268 asperneris?
1402 2201 1549 2260 Nihil
1594 2219 1822 2273 parvum
1862 2209 1913 2263 in
1953 2208 2058 2264 Ee-

468 2281 633 2337 clesia
666 2285 845 2355 magni
883 2285 974 2341 Dei
1007 2296 1062 2342 ct
1093 2287 1399 2347 Salvatoris
1429 2295 1603 2350 nostri
1634 2294 1766 2352 Jesu
1798 2299 2002 2355 Christi
2033 2347 2050 2371 ,

469 2375 603 2428 nihil
644 2377 764 2432 sine
795 2379 1064 2449 sapientia
1087 2424 1103 2449 ,
1139 2385 1401 2453 quoniam
1437 2386 1615 2457 ipsius
1650 2401 1733 2445 est
1766 2395 2056 2463 sapientiae

468 2468 701 2525 viventis
732 2468 996 2528 Ecclesia.
1029 2474 1152 2531 Ideo
1184 2478 1367 2532 omnia
1398 2480 1696 2537 maximam
1732 2485 1935 2541 habent
1968 2504 2056 2543 ra-

469 2561 694 2616 tionem.
734 2563 1019 2631 Quomodo
1064 2568 1229 2640 igitur
1274 2571 1502 2629 auderet
1551 2576 1755 2646 aliquis
1806 2582 2053 2637 rationa-

470 2656 604 2709 bdes
636 2654 799 2712 Verbi
852 2656 945 2714 Dei
991 2660 1372 2720 institutiones
1412 2666 1532 2722 suis
1581 2667 1876 2728 insultibus
1921 2689 2056 2728 con-

469 2756 732 2814 temnere,
757 2758 811 2804 et
836 2752 1192 2824 semetipsum
1220 2760 1561 2815 constituere
1587 2760 1830 2833 iudicem
1862 2780 2052 2821 earnm

465 2838 887 2897 exstinctionis?
927 2842 1069 2898 Num
1104 2846 1326 2916 ignoras
1360 2852 1609 2908 ordinem
1646 2856 1830 2911 omnia
1875 2860 2057 2914 conti-

468 2947 621 2996 nere,
650 2933 794 2989 sicut
831 2935 1037 2993 dictum
1068 2941 1192 2995 est?
1223 2951 1280 2997 et
1311 2943 1367 2998 in
1399 2944 1613 3001 caelesti
1650 2944 1897 3005 Ecclesia
1929 2951 2054 3005 exi~

469 3025 636 3076 mium
684 3034 830 3080 stare
874 3028 1168 3085 ordinem?
1218 3031 1390 3104 Igitur
1440 3050 1578 3094 cave
1627 3054 1698 3095 ne
1747 3055 2053 3112 supernum

2164 1842 2252 1877 ναι
2273 1841 2287 1855 ο
2315 1827 2414 1879 καὶ
2440 1826 2502 1878 οὐ
2533 1825 2724 1895 χρείαν
2759 1824 2991 1888 πολλοὺς
3029 1824 3175 1895 ἔχειν
3226 1824 3526 1895 σφραγῖδος
3570 1823 3727 1891 ἱερᾶς,

2167 1916 2302 1970 ἀλλὰ
2332 1917 2485 1984 μόλις
2540 1919 2597 1970 ὲν
2647 1915 2726 1987 τῷ
2779 1915 2996 1986 μέλλειν
3037 1915 3486 1987 χειροτονεῖσθαι,
3509 1914 3627 1968 τότε
3647 1914 3728 1983 Cn-

2164 2012 2309 2063 τεῖνο
2340 2012 2438 2065 καὶ
2477 2010 2628 2078 μόλις
2660 2011 2781 2063 τότε
2809 2009 2885 2072 ὡς
2920 2008 3065 2062 κατὰ
3094 2008 3390 2077 συνήθειάν
3440 2026 3494 2062 τι
3537 2008 3731 2079 λαμϐἁε

2163 2118 2367 2158 νουσιν.
2405 2104 2720 2173 Ἄνθρωπε,
2771 2103 2944 2174 μικρὰ
2995 2102 3171 2156 ταῦτα
3218 2102 3455 2174 λογίζῃ;
3493 2102 3728 2163 καὶτοὺς

2159 2195 2269 2250 τῶν
2306 2197 2572 2267 Πατὲρων
2596 2197 2756 2267 ὅρους
2786 2195 3134 2267 παραλογίζῃ
3157 2197 3286 2259 τοὺς
3320 2195 3535 2251 ἄνωθεν
3571 2212 3729 2265 παρα-

2158 2290 2519 2360 δεδομένους;
2554 2289 2724 2343 Οὐδὲν
2757 2290 2955 2361 μικρὸν
2987 2291 3046 2343 ὲν
3074 2292 3143 2360 τῇ
3193 2288 3291 2344 τοῦ
3341 2290 3582 2361 μεγάλου
3609 2288 3727 2344 Θεοῦ

2160 2384 2257 2438 καὶ
2283 2382 2540 2454 Σωτῆρος
2572 2383 2733 2454 ἡμῶν
2780 2382 2960 2453 Ἰησοῦ
2994 2383 3237 2454 Χριστοῦ
3282 2383 3617 2455 Ἐκκλησία’
3649 2383 3731 2436 οὐ·

2157 2476 2245 2531 δὲν
2272 2476 2399 2547 δίχα
2431 2477 2591 2546 λόγου
2619 2494 2633 2509 ο
2664 2478 2746 2531 ὅτι
2780 2477 2947 2531 αὐτοῦ
2980 2475 3077 2530 τοῦ
3106 2476 3315 2542 ζῶντος
3349 2477 3532 2546 Λόγου
3557 2479 3589 2548 ή
3625 2477 3731 2530 Ἐκ-

2159 2569 2381 2639 κλησία.
2408 2570 2502 2624 Διὸ
2558 2569 2702 2640 μετὰ
2735 2569 2898 2640 λόγου
2945 2571 3128 2624 πάντα
3164 2570 3459 2658 μεγίστου.
3486 2570 3607 2635 Πῶς
3649 2564 3730 2622 οὖν

2157 2663 2333 2735 τολμᾷ
2384 2682 2467 2729 τις
2512 2663 2654 2729 ὅλως
2707 2664 2779 2718 τὰ
2835 2664 2981 2735 μετὰ
3037 2663 3201 2732 λόγου
3233 2664 3331 2718 καὶ
3382 2664 3454 2718 τὰ
3489 2663 3581 2717 τοῦ
3609 2661 3726 2716 Θεοῦ

2159 2758 2338 2825 Λόγου
2375 2757 2537 2822 ἰδίαις
2569 2758 2772 2829 ὁρμαῖς
2811 2758 3066 2828 παρορᾷν
3092 2775 3107 2825 ;
3143 2757 3240 2810 καὶ
3270 2757 3472 2812 ἑαυτδν
3504 2757 3728 2825 εἰσάγειν

2159 2852 2259 2922 τῆς
2303 2851 2515 2906 τούτων
2566 2851 2923 2915 καταλύσεως
2959 2851 3263 2923 νομοθέτην
3292 2869 3307 2919 ;
3344 2853 3464 2906 Οὐκ
3494 2845 3634 2914 οἶδας
3657 2850 3728 2903 ὅτι

2158 2944 2314 3011 τάξις
2367 2946 2589 3015 συνέχει
2641 2944 2842 3010 πάντα,
2873 2944 2952 3011 ὡς
3005 2944 3359 3016 γέγραπταις
3394 2946 3492 2999 καὶ
3538 2944 3726 2998 ὅτιούκ

2164 3035 2315 3089 ἔστιν
2368 3038 2781 3101 ἀκαταστασίας
2810 3038 2839 3090 ὁ
2867 3036 3024 3104 Θεὸς,
3068 3036 3146 3101 ὡς
3170 3040 3199 3091 ό
3229 3036 3569 3109 θεοῤῥήμων
3614 3035 3725 3105 ἔφη.

466 3117 720 3174 ἀνευ-οδε
751 3120 1025 3190 ordinem,
1055 3124 1150 3180 sed
1186 3128 1371 3197 potius
1394 3141 1723 3200 prwsentem
1759 3149 2051 3203 conserva,

2159 3130 2274 3184 ἀλλ’
2326 3132 2557 3201 εἰρήνης
2605 3132 2703 3183 καὶ
2756 3129 3007 3196 τάξεως-ς
3042 3128 3141 3183 καὶ
3191 3131 3276 3183 ὅτι
3330 3130 3365 3194 ἡ
3406 3130 3464 3184 ὲν
3500 3129 3728 3198 οὐρανυῖς

463 3222 521 3268 et
556 3229 653 3283 pro
686 3216 780 3269 illo
827 3227 1094 3286 quantum
1146 3232 1301 3288 potes
1345 3226 1566 3293 zelare,
1616 3242 1796 3297 neque
1838 3237 2049 3286 tantum

465 3307 688 3361 studeas
720 3317 780 3363 ut
801 3325 923 3379 quae
953 3313 1213 3384 accepisti
1244 3318 1548 3382 custodias,
1572 3330 1627 3374 et
1660 3330 1719 3376 ttt
1749 3336 1813 3378 ea
1844 3326 2055 3382 sanctis

464 3408 668 3471 augeas
699 3402 1072 3471 incrementis,
1103 3422 1275 3477 eaque
1299 3410 1538 3467 adornes
1565 3419 1827 3484 tanquam
1858 3415 2051 3474 Patres

463 3491 663 3546 nostri.
710 3491 903 3562 Itaque
960 3511 1146 3567 pugna
1201 3513 1305 3567 pro
1354 3503 1564 3558 sanctis
1614 3504 1901 3562 ordinibus
1933 3549 1946 3574 ,
1994 3521 2054 3566 ιιι

368 3586 371 3589 ’
465 3583 690 3637 multam
730 3598 762 3638 ο
809 3584 921 3642 Deo
961 3591 1270 3647 mercedem
1323 3593 1534 3651 referas
1577 3607 1769 3667 utpote
1807 3600 2049 3672 diligens

463 3677 715 3770 decorem
778 3680 976 3737 domus
1033 3681 1306 3750 Domini,
1371 3699 1737 3762 sanctumque
1796 3696 2048 3752 ordinem

461 3781 619 3821 serva
642 3809 658 3834 ,
691 3777 745 3823 ct
777 3771 1055 3827 adstantes
1094 3774 1148 3828 in
1187 3779 1506 3833 sanctuario
1552 3783 1759 3853 majore
1790 3784 1913 3843 aliis
1954 3787 2054 3842 ho-

462 3874 597 3915 nore
628 3875 963 3932 prosequere
994 3867 1301 3923 secundum
1342 3872 1762 3931 convenientem
1795 3878 1877 3933 eis
1919 3894 2049 3949 gra-

461 3949 589 4005 dum
611 3996 628 4020 ,
662 3965 717 4010 et
757 3956 1002 4011 sedendo
1026 3997 1042 4023 ,
1078 3968 1134 4014 et
1162 3966 1660 4035 communicando,
1692 3979 1748 4024 et
1794 3982 2046 4029 mutuum

460 4048 663 4103 donum
722 4052 1085 4122 accipiendo,
1144 4064 1200 4109 et
1245 4067 1510 4126 augustas
1563 4062 1835 4135 imagines
1879 4075 2049 4138 atque

460 4143 863 4213 sanctissimam
903 4159 1125 4205 crucem
1158 4150 1439 4210 adoranda
1463 4196 1477 4222 ,
1523 4166 1712 4228 utpote
1747 4160 1938 4218 divino
1974 4162 2053 4217 si-

460 4236 591 4306 gillo
621 4240 891 4309 signatos.
948 4237 955 4244 ’

946 4494 1179 4600 CAPUT
1222 4541 1544 4603 CCCLXVI.

461 4650 535 4707 De
564 4652 671 4709 illis
710 4654 803 4723 qui
847 4653 1080 4731 neglecto
1125 4657 1313 4711 ordine
1346 4657 1403 4711 in
1448 4656 1602 4731 ltema
1645 4660 2043 4731 ingrediuntur,

531 4741 650 4778 cum
689 4741 781 4780 nec
819 4729 1117 4804 sacerdotes
1146 4744 1240 4782 nec
1262 4729 1513 4804 monachi
1535 4733 1670 4793 sint,
1699 4729 2045 4804 arroganter-4

416 4840 423 4867 ί
528 4812 628 4867 que
647 4812 757 4866 prce
778 4798 1142 4855 sacerdotibus
1169 4809 1221 4854 et
1253 4803 1528 4856 monac/tis
1558 4810 1707 4857 stant
1739 4798 2042 4862 retardent.

530 4978 588 5035 ln
623 4983 1001 5039 sanctuarium
1034 4982 1243 5039 intrare
1271 4983 1483 5039 nullum
1521 4986 1812 5057 permittas
1844 4998 2045 5059 praeter

458 5090 553 5131 cos
589 5076 684 5146 qui
726 5076 1080 5145 impositione
1119 5091 1385 5131 manuum
1421 5078 1570 5151 digni
1611 5092 1741 5138 sunt
1777 5081 1951 5138 habiti
1989 5091 2045 5139 et

457 5170 616 5225 electi
652 5171 722 5226 ad
770 5169 1195 5226 ministrantium
1245 5178 1452 5227 aeterno
1499 5174 1652 5245 regi,
1696 5182 1752 5229 at
1788 5185 1916 5247 post
1947 5191 2045 5234 eos

458 5276 598 5331 pone
636 5262 940 5318 monachos
976 5270 1033 5318 et
1063 5270 1190 5333 post
1225 5264 1526 5323 monachos
1569 5267 1783 5335 laicos,
1821 5280 1876 5326 et
1904 5285 2046 5327 cave

458 5370 529 5410 ne
573 5354 827 5426 superbis
871 5353 972 5411 des
994 5356 1196 5427 siccum
1247 5367 1467 5416 sanctos
1504 5359 1840 5433 despiciendi
1870 5404 1885 5428 ,
1947 5367 2043 5436 qui

458 5461 628 5514 quum
671 5447 837 5504 stulte
869 5448 1109 5519 cogitent
1144 5451 1200 5506 in
1231 5465 1424 5508 sancta
1457 5463 1512 5511 ct
1543 5455 1729 5511 divina
1770 5456 2045 5514 inducunt

459 5538 588 5592 vitia
620 5552 718 5593 sua
751 5539 968 5611 istaque
998 5539 1391 5607 manil‘estant,
1425 5555 1479 5602 et
1547 5547 1751 5603 nedum
1788 5548 2043 5605 sanctiﬁ-

457 5637 653 5686 centur
676 5673 705 5699 ,ν
731 5633 974 5689 damnati
1021 5647 1154 5691 sunt
1202 5646 1257 5693 et
1304 5640 1590 5698 aversione
1624 5641 1794 5717 digni.
1841 5641 2044 5698 Volunt

457 5724 602 5778 enim
636 5726 838 5786 divinis
872 5731 1204 5799 participare
1238 5735 1541 5796 secundum
1579 5723 1754 5806 genus
1796 5736 2042 5808 ignobile

459 5823 518 5869 et
565 5817 872 5888 abiectum.
910 5825 1125 5883 necnon
1169 5830 1470 5895 secundum
1521 5832 1743 5890 divitias
1797 5831 2044 5889 assidere

2157 3221 2385 3288 εὐταξία
2416 3224 2515 3278 καὶ
2542 3224 2598 3275 ὲν
2623 3224 2691 3294 τῇ
2724 3221 3029 3293 Ἐκκλησία
3058 3220 3214 3283 tati;
3244 3221 3337 3291 Μὴ
3364 3222 3609 3293 παράλυε
3633 3238 3728 3275 τοι-

2157 3312 2368 3384 γαροῢν
2402 3313 2503 3385 τὴν
2535 3313 2746 3369 ἄνωθεν
2792 3315 2948 3380 τάξιν
2967 3331 2983 3347 ο
3021 3315 3160 3368 ἀλλὰ
3195 3313 3400 3384 μᾶλλον
3429 3318 3522 3370 too
3552 3330 3726 3381 συντη-

2158 3404 2270 3477 ρῶν
2305 3404 2538 3478 ταύτην,
2592 3406 2689 3461 καὶ
2719 3408 2865 3478 ὑπὲρ
2895 3404 3072 3477 αὐτῆς
3118 3406 3303 3477 ζηλῶν
3337 3407 3443 3479 ὅση
3471 3407 3688 3477 δύναμις
3711 3421 3725 3438 ·

2157 3500 2249 3552 καὶ
2281 3497 2357 3569 μὴ
2388 3499 2550 3569 μόνον
2579 3496 2854 3564 σπούδαζε
2885 3499 2925 3554 ἃ
2959 3498 3275 3570 παρέλαϐες
3303 3500 3584 3571 συνιστᾷν,
3608 3495 3729 3553 ἀλλὰ

2156 3592 2253 3646 καὶ
2313 3593 2655 3662 προσθήκαις
2722 3595 2902 3665 ἱεραῖς
2968 3594 3324 3662 ὲπαυξάνειν,
3367 3594 3468 3650 καὶ
3521 3594 3727 3665 κοσμεῖν

2156 3685 2352 3749 ταῦτα,
2373 3686 2450 3750 ὡς
2506 3687 2602 3741 καὶ
2652 3689 2701 3741 οῖ
2758 3688 3006 3759 Πατέρες
3053 3689 3233 3759 ήμῶν.
3269 3688 3615 3772 ’Υπερμρχει
3644 3685 3727 3740 οὖν

2154 3779 2268 3832 τῶν
2298 3780 2464 3851 ἱερῶν
2508 3779 2740 3845 τάξεων,
2774 3781 2864 3834 ῑνα
2902 3781 3135 3852 μισθοὺς
3167 3780 3515 3846 πολλαπλοῦς
3544 3780 3726 3849 κομίσῃ

2155 3872 2311 3941 παρὰ
2341 3870 2502 3939 Θεοῦ,
2540 3871 2618 3935 ὡς
2664 3872 2898 3940 ἀγαπῶν
2938 3872 3276 3944 εὐπρέπειαν
3307 3873 3467 3928 οἴκου
3516 3872 3724 3943 Κυρίου,

2155 3965 2253 4019 καὶ
2285 3964 2386 4037 τὴν
2417 3964 2574 4037 ἱερὰν
2604 3964 2796 4036 τηρῶν
2849 3962 3028 4031 τάξιν.
3081 3965 3199 4020 Καὶ
3229 3964 3357 4030 τοὺς
3391 3968 3496 4038 μὲν
3525 3964 3616 4020 τοῦ
3644 3963 3725 4032 βή-

2157 4075 2333 4128 ματος
2379 4057 2766 4131 προτίμαητῶν
2797 4058 3003 4123 ἄλλων,
3026 4059 3173 4113 κατὰ
3231 4059 3325 4114 τὸν
3368 4052 3724 4128 ἀναλογοῦντα

2156 4150 2394 4222 βαθμὸν,
2424 4153 2493 4223 τῇ
2541 4167 2604 4203 τε
2653 4151 2865 4216 στάσει,
2909 4152 3007 4205 καὶ
3034 4153 3103 4222 τῇ
3136 4150 3419 4222 κοινωνίᾳ,
3449 4151 3548 4207 καὶ
3576 4164 3725 4221 μετα-

2154 4244 2315 4314 λήψει
2346 4240 2443 4297 τοῢ
2469 4242 2773 4314 άντιδώρου
2823 4243 2922 4297 καὶ
2968 4243 3338 4314 ἀγιάσματος,
3362 4243 3462 4297 καὶ
3482 4245 3548 4315 τῇ
3572 4258 3726 4313 προσσ

2154 4339 2382 4410 κυνήσει
2436 4337 2546 4391 τῶν
2608 4337 2829 4391 σεπτῶν
2905 4335 3134 4391 εἰκόνων
3178 4337 3277 4392 καὶ
3333 4337 3434 4392 τοῦ
3482 4334 3721 4406 πονήρου

2160 4431 2429 4504 σταυροῦ,
2465 4432 2542 4497 ὡς
2575 4433 2853 4505 σφραγῖδα
2891 4430 3047 4502 ἱερὰν
3078 4431 3324 4504 ἔχοντας.

2706 4551 2958 4607 ΚΕΦΑΛ.
2998 4550 3182 4618 Tzq'.

2152 4666 2289 4736 Περί
2337 4660 2457 4720 τῶν
2482 4664 2756 4736 ἀτάκτως
2790 4665 2860 4720 ἐν
2888 4664 2970 4731 τῷ
2992 4664 3251 4736 βήματι
3281 4657 3615 4736 εἰσιόντων,
3643 4673 3717 4736 ξε·

2218 4733 2498 4791 iam-tow
2535 4735 2794 4803 ἀνιέρων
2847 4736 2947 4790 καὶ
2983 4733 3445 4805 ἁσςρραγίστων,
3477 4733 3572 4788 καὶ
3600 4733 3751 4805 reor!

2221 4800 2696 4877 προισταμένωῷ
2744 4806 2784 4875 ἢ
2829 4800 3716 4877 προκαθὴλιέιλωνηῠπερηφάνως

2220 4875 2556 4950 ἱερωμένων
2583 4875 2684 4932 καί
2713 4876 3030 4947 μοναχῶν.

2219 4995 2333 5050 Καὶ
2361 4995 2420 5050 ὲν
2447 4994 2527 5068 τῷ
2559 4993 2767 5067 βήματι
2797 4991 3036 5050 εἰσιέναι
3081 4996 3150 5067 τῇ
3201 4993 3517 5067 χειροτονίᾳ
3562 4988 3717 5059 igitur

2152 5087 2368 5159 μένους,
2393 5088 2491 5141 καὶ
2516 5087 2598 5152 εἰς
2634 5084 2949 5158 ὑπηρεσίαν
2991 5086 3370 5155 ἀπολεγέντας
3406 5084 3484 5155 τῷ
3527 5078 3714 5147 αἰωνίῳ

2150 5180 2382 5252 βασιλεῖ,
2435 5180 2532 5236 καὶ
2585 5178 2793 5251 μηδένα
2852 5178 3013 5234 ἄλλον
3077 5180 3494 5250 παραχωρήσῃς
3537 5176 3614 5235 εἰς
3659 5169 3711 5222 τὸ

2151 5274 2304 5346 βῆμα
2330 5272 2709 5344 εἰσέρχεσθαι,
2736 5272 2858 5344 μετ’
2886 5271 3088 5336 αὐτοὺς
3117 5270 3176 5324 δὲ
3205 5270 3368 5336 τάξον
3408 5271 3530 5331 τοὺς
3561 5280 3710 5336 μονειο

2149 5367 2303 5441 χοῦς,
2330 5367 2428 5421 καὶ
2461 5367 2600 5439 μετὰ
2631 5366 2860 5430 τούτους
2907 5368 3036 5428 τοὺς
3075 5363 3300 5429 λαῖκούς
3324 5380 3341 5396 ο
3365 5362 3459 5416 καὶ
3500 5359 3571 5429 μὴ
3611 5358 3710 5416 τοῖς

2152 5460 2536 5533 ὑπερηφάνοις
2605 5459 2695 5525 δὸς
2749 5457 2940 5531 χώραν
3011 5458 3408 5528 κατορχεῖσθαι
3465 5455 3558 5508 καὶ
3614 5448 3709 5500 τῶν

2150 5557 2344 5626 ἁγίων,
2373 5555 2423 5608 οἳ
2457 5553 2701 5625 ἀνοήτως
2725 5553 2968 5623 ἔχοντες,
3005 5553 3102 5608 καὶ
3162 5551 3296 5623 περὶ
3341 5549 3408 5604 τὰ
3446 5544 3621 5614 ἅπαθῆ
3650 5556 3703 5593 τε

2149 5653 2245 5706 καὶ
2277 5650 2398 5704 θεῖα
2425 5648 2521 5703 καὶ
2552 5647 2702 5718 πάθη
2745 5647 2962 5700 ἑαυτῶν
2995 5644 3284 5714 εἰσάγουσί
3309 5660 3371 5699 τε
3400 5643 3492 5697 καὶ
3519 5633 3703 5694 ἐπιδεί-

2150 5760 2373 5799 κνυνται
2397 5761 2410 5773 ν
2447 5743 2541 5797 καὶ
2591 5743 2715 5795 ἀντὶ
2749 5739 2844 5794 τοῦ
2880 5738 3229 5809 ἀγιάζισθαι,
3263 5731 3701 5808 κατακεκριμένοι
3782 5818 3789 5823 _

2160 5839 2286 5905 εἰσὶ,
2320 5838 2412 5895 καὶ
2453 5837 2811 5908 ἀποστροφῆς
2863 5835 3040 5903 ἄξιοιο
3077 5834 3322 5891 ἐθέλουσι
3351 5832 3460 5904 γὰρ
3488 5828 3575 5885 καὶ
3607 5821 3700 5877 τῶν
