4046 6444
267 390 354 460 681
1393 391 1492 454 DE
1534 391 1828 454 ORDINE
1880 385 2382 458 SEPULTURJZ.

3418 397 3522 463 (τι

270 518 418 569 Θείων
449 513 700 582 μετέχειν
753 513 895 566 κατὰ
929 513 1085 582 γένος
1136 513 1331 580 ἀγενὲς
1361 515 1456 566 καὶ
1483 515 1710 582 λύομεν,
1741 514 1837 566 καὶ

1943 517 2276 582 pauperibus
2325 514 2740 581 conviciantes,
2792 523 2840 566 ct
2895 514 3198 568 secundum
3251 513 3524 567 humanas

269 608 398 660 κατὰ
420 606 510 658 τὸν
534 606 760 657 πλοῦτον
779 605 1694 675 ὑπερκαθέζεσθαι,βδελυσσόμενοι
1712 607 1841 668 τοὺς

273 698 530 764 πτωχοὺς,
552 695 648 747 καὶ
685 695 916 748 κατὰτὰ
953 695 1274 765 ἀνθρώπινα
1310 697 1604 765 ὑπερέχειν
1639 697 1839 756 πάντα,

272 787 379 840 κατ’
395 787 639 852 ἐξουσίαν
659 787 1099 857 κοσμικὴν.Ἀλλ’
1117 789 1176 840 οὐ
1194 786 1369 841 ταῦτα
1387 789 1519 850 Θεὸς
1538 789 1840 853 ἐξελέξατο·

273 881 384 931 ἐπεὶ
410 883 505 931 καὶ
541 879 602 930 οὐ
623 878 810 930 πολλοὶ
833 879 934 946 μὲν
957 881 1111 946 σοφοὶ
1153 880 1294 932 κατὰ
1338 879 1540 948 σάρκα,
1569 882 1756 949 φησὶν,
1781 881 1840 932 οὐ

279 972 452 1024 πολλοὶ
481 970 721 1034 δυνατοὶ,
758 971 819 1022 οὐ
841 969 1025 1022 πολλοὶ
1055 971 1323 1035 εὐγενεῖς·
1354 970 1602 1023 τουτέστι
1625 971 1843 1023 σπάνιοι

273 1059 402 1116 οὗτοι
420 1065 468 1116 οἱ
489 1067 545 1116 ὲν
567 1062 874 1130 ἀνθρώποις
891 1063 1174 1125 δοκοῦντες
1197 1063 1288 1115 καὶ
1310 1063 1842 1132 ὑπερέχωτεςὰὶλϊ

272 1158 359 1210 οὐκ
389 1159 450 1209 ὲκ
504 1156 711 1209 τούτων
747 1154 1034 1218 ἐξελέξατο
1068 1158 1095 1208 ὁ
1124 1156 1289 1217 Θεόςο
1340 1156 1464 1207 ἐπεὶ
1494 1157 1588 1208 καὶ
1621 1155 1717 1208 τοῦ
1755 1157 1845 1208 κό-

277 1268 399 1321 σμου
434 1249 606 1302 ταῦτα
646 1249 998 1317 φρονήματα,
1032 1250 1126 1300 καλ⁵
1159 1250 1220 1300 οὐ
1257 1246 1352 1300 τοῦ
1409 1248 1545 1300 Θεοῦ
1571 1264 1584 1277 ·
1613 1249 1708 1300 καὶ
1741 1248 1841 1300 ἕνα

277 1345 566 1413 ἄνθρωπον,
595 1342 691 1395 καὶ
723 1341 782 1405 ἐξ
817 1340 935 1403 ἑνὸς
986 1339 1234 1402 ἅπαντας
1269 1339 1577 1410 ’πεποίηκεν
1609 1341 1637 1391 ὁ
1666 1340 1800 1402 Θεός
1823 1355 1838 1371 ·

278 1439 354 1490 καὶ
385 1437 468 1489 ἵνα
503 1434 840 1504 καταισχύνῃ
869 1435 995 1496 τοὺς
1026 1435 1093 1486 τὰ
1120 1434 1215 1485 ἐπὶ
1239 1433 1343 1501 γῆς
1377 1433 1735 1502 φρονοῦντας,
1773 1433 1842 1485 τὰ

194 1585 200 1596 ,
280 1531 419 1599 μωρὰ
447 1529 540 1580 τοῦ
577 1527 809 1595 κόσμου,
854 1526 1044 1594 φησὶν,
1087 1525 1374 1590 ἐξελέξατο
1403 1528 1431 1578 ὀ
1459 1525 1616 1588 Θεὸς,
1648 1525 1744 1578 καὶ
1772 1526 1840 1578 τὰ

274 1621 455 1688 ἀσθενῆ
485 1619 580 1672 τοῦ
613 1619 843 1687 κόσμου,
888 1619 985 1670 καὶ
1016 1617 1088 1669 τὰ
1124 1617 1296 1686 ἀγενῆ
1328 1615 1424 1669 τοῦ
1475 1617 1708 1683 κόσμου,
1743 1618 1840 1669 καὶ

273 1715 334 1766 τὰ
359 1713 752 1781 ἐξουθενημένα
784 1710 1068 1776 ἐξελέξατο
1093 1713 1120 1763 ὁ
1155 1710 1313 1773 Θεὺς,
1341 1710 1439 1763 καὶ
1472 1709 1542 1761 τὰ
1585 1709 1661 1778 μὴ
1708 1709 1838 1761 ὄντα

273 1806 355 1858 καὶ
392 1803 544 1856 οὐδὲν
575 1801 861 1862 δοκοῦντα,
896 1801 984 1853 ἵνα
1034 1801 1101 1853 τὰ
1152 1801 1304 1860 ὄντα,
1356 1800 1478 1869 ἦτοι
1512 1801 1582 1852 τὰ
1625 1801 1838 1874 μεγάλα

1950 605 2277 672 dignitates,
2325 607 2625 674 secundum
2673 607 3006 659 mundanam
3064 615 3388 674 potestatem
3435 623 3528 657 ειμι

1950 697 2309 763 pereminere.
2339 695 2443 749 Sed
2481 712 2584 748 non
2626 697 2738 750 haec
2767 697 2927 765 elegit
2953 697 3236 759 Dominus,
3270 697 3525 766 quoniam

1949 801 2054 838 non
2107 787 2258 839 ιηιιιιί
2309 788 2530 856 quidem
2579 787 2858 856 Sapientes
2906 789 3210 843 secundum
3264 805 3526 847 carnem.

1949 877 2148 943 inquit,
2184 894 2293 930 non
2343 878 2498 931 mnlti
2546 890 2816 947 potentes,
2851 895 2956 932 non
2993 881 3149 933 multi
3201 881 3433 944 nobiles,
3477 877 3528 932 id

1947 977 2052 1029 est,
2089 969 2251 1037 pauci
2280 980 2410 1022 sunt
2440 972 2531 1036 qni
2568 971 2710 1023 inter
2734 971 2983 1024 homines
3012 980 3279 1039 apparent
3311 981 3364 1024 et
3397 982 3533 1039 pra:-

1947 1070 2156 1116 stantes
2201 1075 2349 1116 sunt.
2386 1064 2455 1116 At
2487 1078 2597 1117 non
2637 1081 2700 1117 ex
2743 1063 2828 1116 his
2858 1064 3019 1132 elegit
3058 1062 3321 1118 Dominus
3349 1105 3363 1123 ,
3399 1077 3532 1130 quo-

1947 1155 2091 1206 niam
2119 1155 2198 1206 hae
2232 1155 2416 1208 mundi
2449 1164 2602 1221 sunt,
2634 1172 2742 1208 non
2770 1155 2864 1210 Dei
2887 1155 3340 1224 cogitationes,ct
3363 1171 3531 1208 unum

1948 1244 2222 1298 hominem
2273 1254 2328 1300 et
2372 1261 2436 1300 ex
2490 1261 2599 1299 uno
2641 1261 2832 1300 omnes
2885 1246 3087 1301 fecerat
3121 1247 3296 1309 Dens,
3339 1246 3432 1300 sed
3477 1253 3534 1299 nt

1945 1338 2249 1391 confundat
2301 1346 2517 1391 terrena
2569 1339 2848 1408 sapientes
2875 1377 2890 1402 ,
2938 1340 3102 1392 stulta
3140 1339 3374 1402 mundi,
3415 1338 3488 1391 ait
3516 1378 3531 1398 ,

1945 1431 2108 1499 elo-git
2143 1431 2306 1496 Deus,
2339 1443 2398 1484 et
2428 1430 2644 1484 inﬁrma
2680 1431 2892 1495 mundi,
2929 1441 2984 1483 et
3028 1429 3290 1499 ignobilia
3319 1429 3530 1490 mundi,

1943 1533 1997 1575 et
2034 1523 2472 1592 contemptibilia
2505 1522 2668 1592 elegit
2701 1523 2844 1576 Deus
2875 1563 2886 1583 .
2931 1529 2984 1576 et
3013 1537 3075 1575 ea
3111 1537 3232 1590 qua:
3264 1538 3372 1574 non
3403 1530 3534 1574 sunt

1943 1623 1996 1667 ct
2035 1629 2140 1666 non
2174 1623 2464 1682 apparent,
2501 1624 2555 1667 ut
2586 1630 2648 1667 ea
2695 1630 2817 1683 qua:
2851 1623 3002 1680 sunt,
3037 1629 3234 1683 nempe
3264 1629 3386 1679 qua:
3421 1629 3536 1665 ma-

1944 1721 2046 1774 gna
2083 1707 2340 1759 videntur
2387 1717 2441 1759 et
2478 1706 2755 1768 sublimia,
2789 1706 3101 1761 destrueret
3123 1705 3177 1760 in
3215 1705 3529 1760 humilitate

1946 1799 2280 1853 etveritate;
2308 1795 2408 1853 «Ut
2438 1814 2544 1851 non
2577 1800 2842 1862 glorietur
2858 1799 3040 1852 omnis
3068 1813 3220 1862 caro,
3253 1799 3449 1866 inquit,
3480 1800 3534 1850 in

274 1893 514 1948 δοκοῦντα
565 1895 656 1945 καὶ
692 1891 875 1960 ὑψηλὰ
927 1893 1254 1961 καταργήσῃ
1281 1894 1346 1960 τῇ
1377 1890 1710 1944 ταπεινώσει
1741 1893 1836 1944 καὶ

1943 1900 2238 1958 conspectu
2263 1890 2413 1955 Dei,»
2449 1901 2501 1944 et
2533 1907 2605 1944 ne
2635 1893 2760 1959 quis
2792 1892 3030 1959 sapiens.
3069 1899 3162 1943 aut
3191 1890 3413 1949 nolnlis,
3442 1899 3537 1942 aut

274 1985 520 2055 ἀληθείᾳο
568 2004 588 2037 r
655 1985 843 2046 ’Ὅπως
911 1985 985 2054 μὴ
1047 1987 1392 2053 καυχήσηται
1465 1985 1617 2036 πᾶσα
1689 1984 1831 2054 σὰρξ

272 2079 437 2144 φησὶν,
475 2077 707 2129 ἐνώπιον
768 2076 862 2128 τοῦ
934 2075 1110 2127 Θεοῦ·
1164 2065 1358 2145 ’μηδέ
1420 2093 1502 2137 τις
1564 2075 1746 2143 σοφδς,
1802 2075 1835 2145 ἢ

269 2170 506 2235 εὐγενὴς,
549 2170 581 2239 ἢ
623 2171 862 2240 ἰσχυρὸς,
896 2168 927 2238 ἢ
970 2169 1230 2230 πλούσιος
1271 2169 1416 2222 εἴποι
1474 2168 1837 2238 κατωρθωκέέ

267 2279 348 2314 ναι
386 2263 543 2332 265
570 2265 636 2314 τὰ
683 2265 782 2328 τῆς
840 2263 1117 2330 σωτηρίας
1170 2263 1336 2330 ἡμῖν·
1365 2264 1391 2315 ὁ
1428 2263 1535 2330 γὰρ
1565 2277 1840 2313 ταπεινω-

265 2357 373 2416 θεὶς
406 2357 569 2423 μέχρι
618 2355 840 2422 σαρκὸς,
887 2356 981 2407 καὶ
1018 2357 1081 2406 ὲκ
1115 2354 1382 2422 ταπεινῆς
1421 2355 1519 2422 μὲν
1552 2355 1836 2420 γυναικὸς,

266 2447 420 2514 ἁγίας
447 2446 500 2499 δὲ
529 2447 850 2515 σαρκωθεὶς,
886 2448 914 2498 ό
945 2447 1152 2499 τέκτων
1179 2447 1272 2498 καὶ
1308 2445 1401 2498 τοῦ
1429 2447 1679 2507 τέκτονος
1708 2445 1841 2513 κλη-

265 2541 396 2602 θεὶς,
437 2543 530 2593 καὶ
579 2541 740 2610 μέχρι
796 2539 1034 2609 σταυροῦ
1079 2538 1524 2601 καταδικασθεὶς,
1561 2539 1725 2602 αὐτὸς
1769 2540 1840 2592 δι’

263 2633 455 2684 ἁλιέων
496 2633 592 2684 καὶ
624 2633 1030 2701 σκηνορράφων
1069 2634 1165 2683 καὶ
1199 2631 1446 2683 τελωνῶν
1483 2631 1576 2683 καὶ
1609 2631 1840 2682 ἐθνικῶν

262 2723 683 2786 πιστευσάντων,
717 2724 860 2792 ἡμᾶς
899 2725 992 2774 καὶ
1023 2723 1114 2775 τὸν
1146 2723 1352 2791 κόσμον
1382 2723 1575 2776 ἔσωσε.
1625 2721 1711 2793 Μὴ
1743 2719 1838 2776 οὖν

260 2815 445 2882 καυχώ
472 2815 531 2866 ἐν
557 2816 720 2883 σαρκὶ
749 2811 862 2878 οἷός
885 2833 968 2876 τις
997 2810 1049 2867 εἴ
1076 2832 1089 2844 ·
1121 2817 1307 2881 γήϊνος
1331 2815 1438 2883 γὰρ
1475 2813 1526 2866 εἴ
1549 2830 1562 2844 °
1597 2816 1693 2867 καὶ
1727 2816 1838 2884 ὅσῳ

259 2909 326 2957 ἐκ
364 2905 459 2968 τῆς
494 2907 596 2970 γῆς
643 2906 914 2970 πλουτεῖς,
951 2905 1120 2958 πλείω
1158 2908 1257 2975 τὴν
1311 2907 1522 2975 φθορὰν
1562 2907 1832 2976 ἐπισύρῃ·

257 2985 372 3048 ἀλλ’
419 2997 572 3060 size;
610 2999 684 3060 ὡς
730 3000 841 3050 τῶν
874 2999 1076 3051 λαῐκῶν
1112 2995 1180 3059 εἴ,
1241 2999 1336 3050 και
1391 2999 1696 3068 ἱερωσύνην
1737 3003 1837 3054 οὐκ

257 3086 420 3153 ἔχεις,
471 3087 588 3138 οὐδέ
625 3104 685 3154 γε
727 3089 793 3140 τὰ
827 3087 934 3140 τῶν
972 3089 1318 3156 μοναζόντων
1366 3088 1707 3160 προῄρησαι,
1743 3109 1838 3144 τα-

259 3177 442 3228 τειίλοῦ
476 3181 568 3232 καὶ
593 3179 750 3242 γενοῦ
785 3182 980 3249 κριτὴς
1013 3181 1219 3250 ἀληθής
1242 3195 1256 3209 ’
1293 3182 1386 3234 καὶ
1413 3185 1486 3250 μὴ
1508 3183 1617 3235 τῶν
1641 3184 1836 3252 ἱερέων

254 3269 354 3331 Gn,
389 3273 520 3338 μηδὲ
559 3274 830 3341 μοναχῶν,
869 3273 942 3331 ὡς
977 3274 1164 3334 λαῖκὸς
1195 3277 1504 3345 προσέρχου
1533 3277 1612 3343 τῷ
1639 3279 1837 3348 ἀληθεῖ

257 3364 351 3414 καὶ
403 3364 632 3432 καθαρῴ
681 3365 776 3416 καὶ
837 3367 986 3433 μόνῳ
1030 3368 1216 3435 κριῖῇ.
1255 3370 1362 3419 Καὶ
1420 3369 1608 3432 λαῖκδς
1643 3370 1696 3422 δὲ
1739 3353 1844 3437 ὢν,

255 3460 714 3524 προσευχόμενος,
750 3457 850 3525 δρα
891 3458 975 3521 τίς
1025 3477 1117 3510 σου
1163 3461 1430 3529 κρείττων
1463 3462 1572 3513 τῶν
1611 3463 1835 3529 λαῗκῶν,

255 3548 354 3598 καὶ
393 3549 470 3609 τίς
498 3547 917 3619 καθαρώτερος
957 3552 1019 3602 οὐ
1057 3552 1166 3620 γὰρ
1214 3553 1644 3623 προσωποληψὶα
1686 3561 1838 3624 παρὰ

251 3639 408 3709 Θεῷ·
463 3643 559 3693 καὶ
606 3641 688 3702 τες
728 3642 929 3708 μᾶλλον
965 3644 1174 3712 φίλοςῆ
1215 3647 1279 3697 συ
1311 3645 1429 3715 Θεῷ
1453 3666 1466 3678 ·
1509 3649 1602 3699 καὶ
1636 3648 1838 3716 μᾶλλον

250 3741 336 3790 δτι
377 3741 533 3791 τοῦτο
575 3740 725 3810 παρὰ
761 3747 842 3792 σοί
885 3743 1133 3810 κρίνεται
1169 3745 1226 3794 ὲν
1258 3745 1371 3804 τοῖς
1415 3744 1734 3810 βασιλείοις.
1777 3744 1837 3796 Εἰ

253 3836 362 3902 γὰρ
412 3835 461 3886 οἰ
497 3834 643 3901 φίλοι
691 3835 769 3902 τῷ
831 3833 1045 3902 βασι)ιεί
1092 3834 1481 3903 πλησιάζουσι,
1537 3835 1719 3903 πολλῷ
1773 3852 1837 3902 γε

251 3925 470 3994 μᾶλλον.
514 3925 682 3991 ἐγγὺς
736 3925 948 3976 ἔσονται
1003 3923 1098 3976 τοῦ
1160 3923 1295 3975 Θεοῦ
1344 3926 1392 3976 οἱ
1446 3925 1592 3993 φίλοι
1645 3926 1834 3980 αὑτοῦ.

249 4017 471 4069 Πταίων
497 4013 612 4080 οὖν,
642 4017 947 4086 προσέρχου
969 4018 1042 4077 ὡς
1081 4016 1317 4078 πταίων,
1345 4017 1440 4073 καὶ
1476 4019 1554 4088 μὴ
1587 4019 1694 4086 πρὸ
1730 4035 1831 4085 μο-

245 4108 430 4175 νακῶν
466 4107 650 4176 ἔρχου,
702 4109 1253 4177 καταῡρασυνὸμενος
1289 4109 1508 4162 αὐτῶν·
1561 4113 1686 4163 ἐπεὶ
1741 4113 1836 4166 καὶ

240 4197 390 4252 εἶδον
421 4202 847 4266 εὐγενεστάτους
879 4203 1018 4254 κατὰ
1047 4203 1256 4270 κόσμον
1280 4202 1415 4269 ἐγὼ,
1446 4207 1647 4269 σοροὺς
1671 4205 1836 4270 ὄντας

241 4291 315 4342 τὰ
345 4291 487 4353 Θεῖα,
532 4290 745 4344 ἑαυτῶν
784 4293 1052 4361 μοναχοὺς
1089 4293 1309 4356 ἰδιώτας
1341 4297 1744 4364 προκρίνοντας
1779 4301 1838 4352 ὲν

235 4382 326 4451 τῷ
382 4383 785 4452 προσέρχεσθαι
832 4383 910 4454 τῷ
959 4403 1017 4438 τε
1059 4383 1362 4455 ἁντιδὼρῳ,
1401 4391 1641 4451 καὶτοῖς
1678 4393 1835 4458 ἡγια-

241 4474 472 4541 σμένοις
506 4473 662 4526 ὕδασι
684 4490 698 4503 °
727 4475 866 4543 μηδὲ
895 4476 1004 4527 τῶν
1030 4477 1316 4544 κληρικῶν
1343 4479 1540 4530 ἑαυτὸν
1563 4481 1832 4549 προτίθει,

1944 1984 2102 2037 fortis
2132 1993 2225 2036 aut
2262 1984 2416 2039 dives
2447 1983 2595 2039 dicat
2627 1999 2683 2038 se
2733 1985 2964 2039 salutem
3019 1983 3176 2038 nobis
3223 1982 3535 2046 direxisse;

1945 2093 2069 2128 nam
2105 2076 2428 2129 humiliatus
2460 2091 2630 2142 usque
2657 2077 2722 2130 ad
2755 2091 3002 2140 carnem,
3029 2083 3083 2129 et
3113 2076 3434 2128 incarnatus
3465 2089 3531 2126 ex

1944 2167 2144 2221 [omina
2181 2169 2374 2222 humili
2413 2169 2654 2236 quidem,
2687 2170 2782 2224 sed
2820 2167 3243 2228 sancta.artifex
3276 2179 3531 2228 vocatus,

1943 2259 2169 2314 artificis
2197 2260 2362 2321 lilius,
2402 2270 2457 2314 et
2482 2263 2768 2313 damnatus
2787 2273 2963 2328 usque
2981 2260 3045 2311 ad
3073 2253 3302 2313 mortem
3327 2259 3532 2320 crucis,

1944 2349 2060 2415 ipse
2094 2364 2190 2418 per
2224 2351 2528 2417 piscatores
2553 2390 2568 2413 ,
2611 2363 2707 2418 per
2739 2348 3210 2403 tahernacnlarios
3237 2389 3253 2411 ,
3301 2361 3399 2418 per
3433 2364 3532 2415 pu-

1944 2443 2212 2500 hlicanos.
2250 2459 2346 2510 per
2378 2443 2612 2512 gentiles
2648 2443 2698 2494 in
2731 2457 2854 2495 eum
2893 2442 3205 2503 credentes,
3235 2456 3340 2495 nos
3370 2456 3536 2493 mun-

1944 2536 2187 2602 dumque
2220 2534 2476 2588 salvavit.
2511 2535 2680 2603 Igitur
2708 2534 2816 2588 noli
2845 2535 2899 2587 in
2927 2549 3096 2588 carne
3127 2535 3351 2603 gloriari
3379 2533 3536 2603 quis-

1940 2623 2064 2696 quis
2092 2643 2170 2691 es,
2203 2643 2326 2680 nam
2359 2638 2611 2682 terrenus
2635 2643 2729 2693 es;
2763 2642 2872 2695 quo
2897 2627 3018 2695 plus
3047 2643 3077 2681 e
3105 2634 3251 2681 terra
3285 2626 3533 2688 ditescis,

1944 2731 2094 2774 tanto
2137 2722 2397 2790 majorem
2438 2722 2612 2775 trahis
2649 2721 3018 2787 corruptelam
3055 2737 3071 2784 ;
3115 2721 3208 2774 sed
3260 2721 3442 2774 sciens
3487 2733 3542 2774 to

1943 2817 2144 2869 laicnm
2179 2829 2301 2870 esse
2335 2831 2512 2884 neque
2541 2816 2909 2868 sacerdotium
2942 2814 3167 2877 habere,
3210 2830 3388 2883 neque
3421 2831 3538 2866 mo-

1943 2907 2245 2962 nachorum
2279 2908 2587 2961 institutum
2618 2908 2873 2976 elegisse,
2912 2907 3223 2970 humiliare,
3259 2921 3542 2976 verosque

1936 2998 2100 3069 jndcx
2137 3009 2291 3064 esto;
2331 3013 2498 3067 quum
2537 3014 2637 3051 nec
2688 3000 2829 3052 inter
2879 2998 3198 3053 sacerdotes
3238 3015 3337 3053 nec
3389 3001 3533 3054 inter

1945 3091 2252 3144 monachos
2275 3091 2681 3153 annitmereris,
2707 3100 2766 3144 ut
2791 3091 2962 3144 laicus
2987 3091 3071 3145 adi
3093 3107 3284 3144 verum
3311 3107 3539 3160 purum-

1864 3177 1914 3271 ὲ
1947 3199 2055 3252 que
2087 3197 2152 3236 ac
2186 3185 2362 3238 solum
2393 3184 2660 3251 judicent.
2709 3183 2824 3236 Imo
2874 3199 3040 3252 quum
3095 3184 3267 3237 laicus
3295 3185 3373 3237 sis
3409 3201 3540 3253 sup-

1946 3277 2091 3339 plex,
2125 3277 2246 3330 vide
2277 3276 2399 3344 quis
2429 3292 2493 3329 ex
2531 3277 2688 3328 laicis
2725 3277 2921 3329 melior
2954 3287 3006 3328 te
3037 3277 3132 3343 sit,
3163 3277 3291 3346 quis
3351 3278 3541 3345 purior

1945 3369 2074 3435 (non
2112 3369 2258 3420 ettint
2296 3378 2379 3420 est
2410 3369 2654 3436 acoeptin
2689 3383 2938 3436 personae
2966 3371 3109 3438 apud
3140 3369 3333 3438 Deum)
3360 3410 3375 3431 ,
3411 3386 3540 3424 nec-

1943 3476 2052 3513 non
2088 3464 2210 3527 quis
2239 3460 2306 3514 sit
2339 3461 2511 3528 magis
2539 3461 2750 3514 amicus
2777 3460 2889 3515 Deo
2923 3477 3086 3530 quam
3123 3471 3204 3526 tu,
3230 3465 3537 3530 praesertim

1943 3568 2108 3619 quum
2147 3555 2250 3606 hoc
2288 3553 2426 3605 bene
2462 3554 2751 3638 discernis
2787 3554 2842 3606 in
2877 3555 3085 3624 regiis;
3120 3571 3246 3608 nam
3281 3557 3326 3609 si
3367 3558 3532 3612 amici

1945 3646 2012 3696 ad
2052 3659 2232 3711 regem
2287 3643 2710 3714 approximant,
2764 3657 2976 3715 quanto
3031 3649 3204 3718 magis
3257 3649 3369 3703 Deo
3411 3665 3541 3719 pro-

1943 3736 2123 3804 piores
2161 3747 2326 3791 erunt
2359 3739 2520 3792 amici
2559 3740 2697 3809 ejus.
2735 3739 2922 3809 itaque
2955 3751 3216 3809 peccator
3247 3743 3446 3796 accede
3479 3755 3538 3798 ut

1944 3841 2223 3897 peccator,
2262 3846 2441 3899 neque
2476 3841 2604 3886 ante
2641 3816 2940 3886 monachos
2973 3833 3192 3887 ambula
3230 3849 3325 3887 eos
3351 3849 3536 3901 asper-

1944 3930 2142 3987 natus;
2182 3921 2288 3974 vidi
2329 3936 2430 3990 ego
2476 3923 2773 3977 nobiliores
2822 3925 3122 3978 secundum
3169 3927 3433 3980 mumlum
3471 3929 3539 3982 de

1943 4011 2149 4067 divinis
2180 4015 2458 4083 sapientes
2499 4014 2602 4068 sibi
2639 4015 2937 4070 monachos
2981 4016 3183 4072 idiotas
3217 4033 3537 4087 praeponere.

1942 4107 2071 4159 dum
2147 4106 2470 4161 accederent
2507 4107 2573 4160 ad
2615 4108 2923 4162 antidormn
2956 4110 3033 4180 (-l)
3075 4111 3158 4164 vel
3230 4113 3296 4165 ad
3363 4126 3536 4178 aquas

1947 4197 2358 4262 sanctllicatas;
2392 4213 2568 4274 neque
2604 4203 2947 4268 temetipsum
2983 4201 3202 4256 clericis
3239 4210 3533 4274 antepono.

1941 4287 2035 4341 Sed
2069 4303 2228 4342 mane
2257 4290 2308 4341 in
2343 4287 2539 4342 ordine
2575 4292 2626 4342 in
2659 4306 2771 4357 quo
2805 4293 3037 4346 versaris
3068 4332 3081 4355 ,
3114 4302 3168 4346 et
3197 4308 3320 4348 cum
3359 4298 3534 4348 hmni.

1941 4381 2089 4433 litate
2119 4380 2306 4434 asside
2334 4391 2387 4433 et
2417 4391 2496 4434 sta
2530 4420 2546 4444 ,
2581 4395 2634 4436 et
2680 4385 2746 4436 ad
2782 4381 3069 4438 Dominum
3104 4386 3303 4439 accede
3329 4426 3344 4446 ,
3395 4405 3538 4456 quo-

1942 4475 2088 4524 niam
2147 4491 2166 4522 ‹
2231 4472 2528 4538 Dominus,
2574 4478 2692 4539 ait,
2746 4477 2999 4544 superbis
3081 4479 3320 4541 resistit,
3361 4480 3540 4535 humi-

235 4567 365 4618 ἀλλ’
401 4570 458 4617 ὲν
498 4570 563 4636 τῇ
610 4567 762 4630 τάξει
821 4565 951 4632 μένε
989 4568 1046 4618 ὲν
1177 4569 1502 4637 τυγχάνεις,
1558 4571 1652 4621 καὶ
1701 4576 1837 4639 μετὰ

1950 4567 2090 4619 lthns
2143 4578 2325 4621 autem
2355 4568 2448 4624 dat
2497 4571 2752 4638 gratiam.
2789 4591 2806 4620 ι
2844 4570 2949 4625 Sed
2986 4573 3092 4626 ista
3150 4575 3371 4644 quidem
3401 4578 3538 4630 satis

231 4657 634 4717 ταπεινώσεως
682 4656 943 4720 καοέζου,
982 4659 1078 4712 καὶ
1114 4659 1327 4723 ἵστασο,
1375 4661 1471 4712 καὶ
1513 4661 1590 4729 τῷ
1644 4663 1838 4732 Κυρίῳ

234 4746 584 4815 προσέρχου.
622 4746 745 4798 Ὅτι
785 4745 1018 4814 ιΚύριος
1047 4748 1440 4816 ὑπερηφάνοις,
1470 4753 1655 4818 φησὶν,
1693 4753 1832 4802 διντι⁴

230 4841 535 4891 τάσσεται·
556 4842 834 4898 ταπεινοῖς
863 4841 919 4892 δὲ
946 4841 1132 4893 δίδωσι
1163 4842 1346 4911 χάριν.
1365 4861 1382 4892 ι
1429 4842 1569 4894 Ἀλλ’
1597 4844 1838 4918 ἀρκείτω

233 4932 353 5000 μὲν
383 4932 555 4984 ταῦτα
598 4932 739 4999 ὑπὲρ
769 4933 866 4995 τῆς
907 4934 965 4981 ἐν
1000 4936 1064 5000 τῇ
1107 4933 1227 5002 ἱερᾷ
1275 4933 1574 5004 Ἐκκλησία
1606 4935 1835 4999 τάξεως,

226 5025 347 5090 τῆς
375 5026 466 5074 τὸν
497 5022 727 5093 οὐρανὸν
769 5024 1141 5092 μιμουμένης,
1182 5025 1275 5077 καὶ
1305 5025 1408 5094 τῆς
1443 5029 1572 5095 περὶ
1621 5029 1690 5078 τὰ
1717 5027 1840 5080 Θεία

229 5115 565 5179 εὐλαόειας.
601 5116 708 5167 Τοῦ
763 5116 818 5167 δὲ
856 5117 1052 5186 νεκροῦ
1088 5117 1339 5181 τεθέντος
1375 5120 1518 5171 κατὰ
1572 5121 1755 5185 τάξιν,
1798 5121 1827 5171 ὁ

231 5209 435 5274 ἱερεὺς
469 5207 684 5274 εὐλογεῖ
714 5211 805 5259 τὸν
834 5209 986 5262 Θεό-λ.
1015 5211 1125 5262 Καὶ
1155 5210 1264 5278 γὰρ
1291 5211 1415 5263 τότε
1445 5211 1607 5263 τοῦτο
1633 5212 1836 5281 μᾶλλον

222 5301 705 5370 ἀναγκαιότερον,
738 5299 1081 5366 εὐλογεῖσθαι
1105 5301 1196 5354 τὸν
1230 5301 1452 5370 Κύριον,
1475 5306 1555 5365 εὶς
1593 5304 1652 5354 τὸ
1683 5305 1836 5368 τέλος

217 5391 343 5444 τοῦ
384 5393 586 5461 δρόμου
621 5393 712 5442 τον
735 5392 1027 5460 ἄνθρωπον
1060 5394 1368 5459 ἀγαγόντα,
1400 5399 1497 5468 καὶ
1523 5394 1623 5464 τὴν
1651 5396 1836 5465 ψυχὴν

218 5484 425 5537 αὑτοῦ
469 5484 813 5552 δεδεγμένον,
850 5487 943 5535 καὶ
978 5486 1040 5535 τὸ
1075 5485 1234 5553 σῶμα
1263 5489 1329 5556 τῇ
1366 5491 1435 5557 γῇ
1467 5487 1703 5552 διδόντα,
1739 5489 1838 5543 καὶ

214 5577 336 5629 διὰ.
395 5576 490 5629 τοῦ
552 5576 811 5644 θνήσκειν
848 5576 949 5643 τὴν
1009 5577 1288 5645 προσοχὴν
1348 5579 1490 5651 ἡμῖν¹
1537 5580 1834 5645 δεδωκότα,

216 5670 347 5721 καὶ
388 5669 494 5720 ἀπὸ
529 5667 626 5733 τῆς
663 5665 813 5734 ζωῆς
846 5667 1051 5738 ταύτης
1085 5669 1168 5731 εἰς
1200 5670 1370 5740 ἄλλην
1417 5671 1564 5740 ζωὴν
1611 5689 1837 5742 μετατι-

1946 4660 2056 4711 sint
2114 4661 2177 4711 de
2246 4662 2438 4714 ordine
2503 4663 2554 4714 in
2605 4674 2794 4716 sancta
2857 4664 3094 4719 Ecclesia
3155 4669 3355 4721 uelum
3415 4669 3538 4722 inti-

1945 4761 2095 4803 tante
2148 4761 2203 4805 et
2263 4755 2329 4807 de
2391 4755 2654 4824 religione
2733 4758 2878 4809 circa
2953 4759 3136 4811 dixina
3207 4762 3533 4814 exercenda.

1944 4840 2116 4895 Porro
2146 4857 2365 4897 mortuo
2415 4850 2718 4901 secundum
2757 4849 3003 4902 ordinem
3041 4851 3302 4918 reposito,
3354 4866 3538 4904 sacer-

1946 4938 2045 4986 dos
2097 4936 2371 4989 benedicit
2429 4939 2640 5002 Deum,
2679 4940 2780 4992 hoc
2844 4941 2992 4993 enim
3048 4949 3179 4994 tunc
3233 4950 3316 4995 cst
3360 4944 3558 5010 magis

1949 5030 2318 5083 necessarium
2390 5030 2555 5084 Deum
2607 5034 2928 5086 benedicere
2988 5035 3079 5101 qui
3147 5035 3422 5087 hominem
3467 5039 3532 5089 ad

1947 5130 2148 5173 metam
2174 5137 2372 5176 cursus
2407 5125 2652 5188 adduxit,
2683 5125 2921 5178 animam
2960 5126 3080 5194 ejus
3110 5130 3374 5196 suscepit,
3410 5145 3536 5182 cor—

1947 5225 2051 5277 pus
2081 5221 2241 5264 lerrze
2268 5215 2590 5280 committit,
2656 5231 2750 5283 per
2786 5224 3017 5271 mortem
3070 5235 3172 5273 nos
3199 5219 3534 5290 vigilantiam

1946 5305 2256 5369 ducuil,ah
2303 5309 2402 5359 hac
2442 5309 2549 5360 vita
2610 5309 2664 5360 in
2720 5310 2944 5364 alteram
2999 5312 3164 5366 \itam
3229 5317 3532 5374 transtulit.

1950 5393 2161 5449 scilicet
2191 5405 2478 5461 aeternam,
2516 5415 2843 5470 poenamque
2895 5403 2947 5454 in
2982 5403 3331 5458 benefactum
3386 5424 3538 5459 com~

1951 5489 2206 5550 mutavit,
2263 5492 2540 5559 prascipue
2604 5495 2866 5561 quoniam
2937 5495 3052 5565 ipse
3118 5498 3433 5552 incarnatus
3483 5507 3536 5552 ct

1949 5597 2048 5651 pro
2097 5585 2253 5636 nobis
2301 5598 2555 5641 mortuus
2587 5590 2938 5644 resuscitavit
2968 5599 3022 5644 et
3053 5591 3234 5649 salvos
3285 5591 3448 5653 fecit,
3483 5604 3538 5647 et

1950 5675 2151 5730 iterum
2185 5680 2560 5747 resuscitabit,
2595 5691 2671 5749 et,
2698 5685 2959 5755 quoniam
2996 5684 3176 5742 bonus
3209 5694 3312 5753 est,
3355 5687 3539 5741 salva-

253 5913 258 5916 _
322 5847 409 5918 (Ι)
446 5846 502 5901 ltl
540 5857 648 5908 est,
679 5863 876 5915 panem
916 5849 1437 5915 prmsanctiﬁeatum
1465 5854 1557 5922 qui
1594 5854 1800 5924 pepnlo
1840 5861 1965 5922 post
2000 5853 2220 5910 missam
2261 5857 2632 5916 dividebatur.

579 5947 846 6003 Panum.
883 5943 998 6003 Gtt.
1038 5941 1208 6002 CLV.

3066 5953 3141 6013 22
