4046 6436
597 362 705 426 €83

1439 357 1827 421 SYMEONIS
1868 357 1968 417 TI]
1986 353 2324 414 ESSALON
2339 349 2506 409 lCEN
2521 347 2637 407 SIS
2675 345 3037 407 A'RCIIIEP.

3741 342 3820 407 684

595 480 695 537 bit.
728 476 897 551 Igitur
951 485 1204 532 cantores
1233 474 1416 529 statim
1475 476 1714 529 similem
1765 483 1989 545 cantum
2040 473 2174 540 adji-

2289 471 2539 540 θέμενον,
2590 465 2689 537 τὴν
2727 466 2926 529 ἀΐδιον,
2964 462 3062 516 καὶ
3108 456 3279 524 ὅντως
3326 458 3641 513 τετελεκότα
3671 458 3822 528 φιλαν-

594 572 788 627 ciunt:
824 569 1187 624 «Benedictus
1220 582 1305 635 es,
1327 567 1575 632 Domine,
1607 566 1742 622 doce
1770 582 1859 620 me
1901 566 2170 636 iustifica-

593 663 770 717 tiones
809 670 987 717 tuas»
1030 660 1093 714 Et
1122 660 1328 714 deinde
1381 660 1684 714 recitantur
1739 658 1934 728 psalmi
1967 658 2037 712 ab
2065 657 2174 712 isto

593 752 923 823 incipientes
955 771 968 807 :
999 752 1148 806 Beati
1183 751 1548 812 immaculati.
1580 751 1672 820 qtti
1715 751 1770 804 in
1813 759 1926 805 tres
1966 750 2164 804 statio-

592 860 688 899 nes
710 846 1032 899 dividuntur
1065 846 1119 899 in
1145 844 1360 910 signum
1402 844 1747 914 gloriamque
1777 843 1944 903 simul
1989 841 2175 896 Triui-

591 939 741 993 tatis.
790 936 854 990 lli
913 952 1043 991 vero
1084 938 1278 1007 psalmi
1339 935 1645 991 Salvatoris
1698 936 2172 990 conversationem

594 1027 981 1097 [rmscribunh
1038 1036 1467 1095 sanctorumque
1515 1026 1685 1080 vitam
1723 1025 1778 1080 in
1836 1041 1943 1095 qua
1986 1027 2173 1080 omnis

595 1124 677 1174 vir
704 1120 996 1190 religiosus
1026 1121 1210 1174 vivere
1239 1120 1421 1173 debet.
1473 1120 1540 1172 At
1573 1120 1627 1174 in
1661 1119 1907 1189 qualibet
1938 1119 2177 1173 statione

595 1216 770 1267 oratio
802 1212 859 1265 lit
895 1211 963 1265 ab
994 1211 1252 1266 omnibus
1278 1211 1685 1274 sacerdotibus,
1719 1219 1774 1265 et
1809 1226 2007 1265 rursus
2040 1210 2178 1265 inci-

594 1305 823 1374 piuntur
848 1304 1066 1373 psalmi,
1112 1302 1261 1358 dicto
1300 1302 1515 1356 alleluia
1549 1303 1603 1356 in
1639 1304 1871 1373 singulis
1895 1303 2174 1363 versibus,

594 1394 736 1462 quod
764 1410 889 1449 cum
923 1393 1195 1463 signiﬁcet
1228 1393 1382 1449 Venit
1424 1394 1703 1460 Dominus,
1733 1396 2035 1450 secundum
2059 1395 2180 1460 eius

576 1486 885 1538 adventum
921 1485 1166 1536 ostendit
1209 1483 1263 1536 in
1320 1497 1432 1552 quo
1488 1497 1761 1551 apparens
1832 1497 1932 1536 nos
1986 1498 2180 1538 omnes

596 1576 951 1631 resuscitabit
990 1583 1259 1629 mortuos.
1312 1572 1416 1626 Sed
1471 1582 1525 1626 et
1560 1580 1612 1626 In
1664 1573 1766 1627 alia
1810 1574 2047 1628 statione
2091 1574 2180 1625 di-

593 1669 735 1721 citur
771 1684 785 1723 :
824 1667 931 1720 «Da
971 1668 1211 1735 requiem
1249 1681 1408 1720 servo
1436 1677 1582 1720 tuo.»
1624 1666 1761 1720 Etin
1790 1667 1897 1720 alia
1930 1685 1942 1719 :
1985 1666 2180 1719 «Mise-

582 1776 717 1813 ‘t-rere
748 1760 873 1822 mei,
904 1760 1101 1825 Deus,»
1131 1767 1390 1828 tanquam
1415 1773 1477 1813 ex
1499 1772 1732 1828 persona
1755 1758 2032 1828 jacentis;
2064 1773 2184 1826 qute

2286 560 2534 631 θρωπίαν
2576 560 2673 629 τὴν
2710 557 2989 626 τιμωρίαν
3022 571 3036 584 ·
3069 554 3164 607 καὶ
3196 551 3405 622 μᾶλλον
3443 551 3527 604 ὅτι
3568 554 3822 621 σαρκωθεὶς

2294 646 2474 716 οὗτος,
2501 651 2595 702 καὶ
2627 646 2918 703 ἀποθανὼν
2949 646 3092 715 ὑπὲρ
3116 644 3298 714 ἡμῶν,
3323 643 3477 712 ἡμᾶς
3511 642 3747 711 ἀνέστησέ
3778 659 3822 692 τε

2286 746 2382 800 καὶ
2410 743 2586 797 ἔσωσε
2605 758 2618 771 ·
2647 740 2743 794 καὶ
2767 740 2929 794 πάλιν
2956 738 3226 806 ἐξεγερεῖ,
3256 736 3360 789 καὶ
3389 733 3466 798 ὡς
3494 733 3825 805 saevom-.0;

2288 838 2476 892 σώσει.
2512 836 2687 898 Εὐθὺς
2714 833 2807 888 οὐν
2840 832 2935 886 καὶ
2966 832 3016 884 οἱ
3047 830 3353 900 ψάλλοντες
3379 828 3479 898 τὴν
3505 826 3687 895 ὁμοίαν
3713 826 3825 896 ᾠδὴν,

2287 929 2664 1001 ἐπιφέρουσιν,
2696 945 2715 978 ι
2755 924 3066 994 Εὐλογητὸς
3097 918 3176 982 εῐ.
3209 921 3424 991 Κύριε⁶
3460 917 3665 984 δίδαξόν
3701 937 3757 987 με
3777 934 3829 971 τα

2285 1022 2640 1091 δικαιώματά
2692 1036 2814 1071 σου.
2875 1037 2894 1070 ι
2960 1016 3072 1072 Καὶ
3113 1017 3164 1070 oi
3211 1014 3441 1082 Ψαλμοὶ
3495 1012 3588 1065 τοῦ
3637 1012 3829 1079 ἀμώμου

2288 1114 2489 1184 ἑφεξῆς
2521 1113 2871 1180 ἐπιλέγονται
2896 1127 2910 1143 ·
2953 1109 3051 1164 καὶ
3086 1112 3166 1172 εἰς
3206 1110 3432 1170 στάσεις
3456 1105 3601 1160 οὗτοι
3631 1106 3830 1169 γίνονται

2288 1208 2464 1275 τρεῖς,
2524 1205 2603 1263 είς
2663 1202 2834 1257 τύπον
2861 1202 2981 1272 ἃμα
3038 1199 3323 1266 καὶδόξαν
3377 1199 3478 1267 τῆς
3529 1194 3830 1266 Τριάδος.οἱ

2288 1299 2515 1367 Ψαλμοὶ
2538 1298 2595 1351 δὲ
2629 1291 2777 1351 οὗτοι
2815 1296 2919 1365 τήν
2946 1310 3007 1347 τε
3048 1293 3336 1346 πολιτείαν
3367 1289 3739 1361 προγράφουσι
3758 1282 3830 1337 τοῦ

2291 1393 2570 1461 Σωτῆρος,
2600 1389 2708 1443 καὶ
2739 1389 2839 1458 τὴν
2873 1388 2981 1440 τῶν
3029 1386 3203 1454 ἁγίων
3247 1383 3423 1453 ζωὴν,
3473 1383 3530 1434 ὲν
3627 1380 3711 1432 καὶ
3751 1378 3833 1441 πᾶς

2290 1484 2499 1552 ὀφείλει
2525 1484 2689 1552 ζῆσαι
2739 1482 2848 1534 τῶν
2883 1479 3146 1533 εὐσεϐῶν.
3191 1477 3280 1530 Ἐν
3336 1477 3544 1543 ἑκάστῃ
3588 1472 3641 1526 δὲ
3684 1471 3831 1524 στάσει

2295 1577 2574 1647 προσευχὴ
2618 1576 2770 1645 παρὰ
2805 1572 3028 1625 πάντων
3065 1569 3177 1622 τῶν
3237 1567 3437 1637 ἱερέων
3481 1567 3715 1635 γίνεται·
3759 1561 3831 1614 καὶ

2296 1673 2457 1725 πάλιν
2499 1672 2764 1740 ἄρχονται
2798 1669 2846 1719 οἱ
2876 1664 3126 1734 Ψαλιμοὶ,
3149 1656 3223 1714 ’ἐν
3266 1662 3489 1729 ἑκάστῳ
3526 1658 3683 1727 στίχῳ
3713 1656 3831 1721 λεγο-

2297 1764 2460 1831 μένου
2489 1759 2584 1813 τοῦ
2648 1757 2990 1828 Ἀλληλούῖα.
3026 1757 3091 1808 ⁸0
3121 1754 3183 1807 τὸ
3234 1755 3519 1821 Ἔρχεται
3547 1747 3826 1817 σημαίνονὸ

594 1863 680 1907 est
704 1854 930 1907 omnino
970 1853 1189 1922 propria
1225 1860 1280 1906 ct
1325 1853 1574 1920 perutilis
1601 1851 1795 1905 oratio.
1830 1849 2031 1904 Preces
2059 1865 2186 1904 vero

2301 1840 2544 1920 Κύριος,
2588 1851 2688 1922 τὴν
2736 1850 3044 1920 παρουσίαν
3082 1846 3249 1902 αὐτοῦ
3280 1847 3436 1917 δηλοί
3464 1844 3563 1914 τὴν
3588 1843 3827 1911 δευτέραν,

586 1947 943 2000 sacerdotum
980 1944 1062 1998 sic
1095 1944 1271 1998 ﬁunt:
1310 1944 1606 2004 Diaconos,
1657 1952 1876 2010 sumpto
1904 1943 2183 1997 thurihttlo

584 2041 866 2105 'litureque
918 2036 1200 2105 imposito,
1229 2043 1284 2089 et
1314 2033 1696 2088 benedictione
1722 2049 1752 2086 a
1784 2034 2069 2088 sacerdote
2094 2048 2184 2087 ac-

580 2139 774 2198 cepta,
816 2140 925 2183 stat
964 2130 1020 2183 iit
1059 2128 1238 2182 medio
1277 2127 1344 2182 ad
1403 2138 1567 2197 caput
1611 2126 1860 2193 iacentis,
1898 2134 1952 2180 et
2016 2142 2186 2193 super

592 2238 798 2291 corpus
857 2224 1493 2289 iucensaus,tanquam
1563 2235 1662 2289 pro
1734 2235 1803 2274 eo
1860 2220 2185 2289 deprecans,

596 2320 815 2385 tleoque
859 2316 1149 2370 incensum
1197 2313 1479 2378 olierens,
1537 2328 1669 2367 voce
1698 2313 1810 2367 alta
1862 2312 2039 2367 dicit:
2077 2313 2180 2367 «Et

596 2425 743 2463 nunc
781 2422 1001 2478 quoque
1054 2407 1344 2461 Dominum
1380 2420 1624 2465 oremus,
1664 2426 1680 2455 ο
1737 2420 1841 2459 nos
1882 2406 2085 2461 docens
2118 2419 2184 2459 ex

595 2513 768 2557 tnurte
797 2517 920 2572 qua:
953 2501 1270 2571 supervenit
1329 2515 1455 2554 cum
1525 2499 1633 2553 Deo
1692 2498 2040 2554 reconciliari
2092 2499 2188 2552 de-

595 2599 741 2660 here,
787 2595 1051 2664 quoniam
1104 2608 1206 2648 nos
1238 2607 1460 2661 quoque
1515 2593 1845 2652 moriemur.
1888 2600 2057 2659 utque
2096 2592 2206 2645 re-'

593 2687 873 2745 conciliati
913 2701 1014 2755 pro
1062 2686 1281 2754 jaceute
1344 2685 1731 2753 deprecemur,
1766 2684 1838 2737 ita
1873 2692 1932 2737 ut
1997 2682 2186 2751 aliquo

596 2783 754 2837 modo
785 2796 882 2853 per
915 2781 1223 2835 orationem
1270 2778 1321 2833 ei
1357 2778 1620 2847 prodesse
1673 2776 1970 2845 possimus,
2017 2784 2188 2842 utque

597 2886 697 2940 pax
725 2871 795 2925 sit
813 2872 859 2926 ei
886 2885 1010 2925 eum
1040 2870 1133 2924 Dei
1161 2868 1359 2941 gratia.
1381 2867 1584 2921 Deinde
1621 2883 1717 2937 pro
1751 2867 1941 2935 requie
1980 2867 2181 2921 anima:

593 2962 864 3029 defuncti,
898 2977 1111 3017 necnon
1177 2972 1235 3015 ut
1262 2960 1614 3014 dimittantur
1650 2959 1698 3012 ei
1739 2964 1925 3012 omnia
1956 2968 2183 3027 peccata

592 3058 712 3124 ejus
744 3055 1124 3123 Demittttsque
1161 3052 1401 3107 animam
1428 3054 1547 3123 ejus
1579 3052 1812 3105 colloret
1845 3052 1899 3105 in
1937 3034 2207 3119 requiem

586 3152 889 3218 justorum.
917 3146 982 3199 Et
1004 3161 1198 3200 omnes
1221 3161 1329 3200 una
1350 3161 1484 3200 voce
1507 3144 1858 3200 utilissimam
1879 3145 2185 3201 Orationem

2297 1949 2354 1998 ὲν
2457 1945 2651 2013 φανεὶς
2683 1943 3051 2009 ἐξαναστήσει
3086 1941 3303 2004 πάντας
3330 1941 3481 2010 ἡμᾶς
3517 1936 3826 2004 τεθνηκότας.

2304 2037 2468 2092 Ἀλλὰ
2524 2037 2620 2091 καὶ
2650 2039 2710 2089 ὲν
2742 2038 2810 2106 τῇ
2842 2036 2976 2106 ἄλλῃ
3008 2036 3196 2088 στάσει
3228 2037 3315 2103 τὸ,
3351 2052 3371 2086 ι
3420 2032 3738 2086 Ἀνάπαυσον
3760 2027 3827 2078 τὸν

2293 2129 2480 2183 δοῦλόν
2529 2146 2646 2192 σου,
2692 2146 2711 2180 ι
2768 2128 3012 2197 λέγεται.
3063 2128 3174 2181 Καὶ
3208 2130 3275 2198 τῇ
3310 2127 3498 2197 ἑτέρᾳ,
3550 2143 3569 2176 σ
3626 2121 3827 2188 Ἐλέησόν

2297 2236 2388 2290 με,
2442 2218 2640 2289 Κύριε,
2682 2238 2701 2271 ι
2740 2218 2818 2282 ὡς
2853 2219 2963 2272 ἀπὸ
3017 2218 3321 2287 προσώπου
3379 2216 3479 2270 τοῦ
3531 2213 3824 2283 κειμένου,ή

2293 2314 2606 2383 οίκειοτάτη
2667 2313 2765 2367 καὶ
2820 2312 3110 2383 ὲπωφελὴς
3169 2314 3479 2385 προσευχὴ.
3550 2311 3612 2364 Ἦ
3659 2309 3707 2362 δὲ
3744 2305 3825 2360 τῶν

2296 2406 2491 2475 ἱερέων
2531 2406 2666 2478 εὐχὴ
2714 2407 2930 2475 γίνεται
2969 2407 3112 2460 οὕτω
3135 2422 3151 2439 ο
3186 2406 3466 2469 Λαϐόντος
3493 2403 3725 2459 διακόνου
3757 2400 3824 2452 θυ-

2294 2498 2607 2569 μιατήριον,
2640 2497 2737 2552 καὶ¹
2767 2497 3022 2568 θυμίαμα
3046 2497 3413 2569 ἐμϐαλόντος,
3446 2496 3543 2550 καὶ
3572 2494 3711 2564 παρὰ
3749 2491 3821 2544 τοῦ

2293 2591 2484 2659 ἱερέως
2513 2589 2771 2658 εὐλογίαν
2799 2588 3080 2654 λαϐόντος,
3107 2590 3248 2659 πρὸς
3276 2592 3347 2660 τῇ
3378 2588 3587 2658 κεφαλῇ
3616 2584 3704 2660 τοῦ
3742 2600 3823 2635 κει·

2293 2683 2458 2753 μένου
2511 2685 2653 2736 κατὰ
2709 2682 2773 2735 rb
2822 2682 2989 2752 μέσον
3043 2682 3266 2736 ἵσταται
3303 2674 3484 2744 οὗτος.
3521 2654 3633 2735 Καί
3659 2676 3822 2745 θυμιῶν

2290 2778 2572 2833 ὲπάνωθεν
2602 2777 2697 2831 τοῦ
2738 2778 3019 2847 λειψάνου,
3074 2779 3152 2842 ὡς
3192 2778 3338 2848 ὑπὲρ
3385 2778 3553 2832 αὐτοῦ
3581 2769 3823 2846 προσευχό·

2294 2885 2474 2937 μενος,
2510 2869 2605 2921 καὶ
2638 2867 2718 2938 τῷ
2766 2867 2888 2939 Θεῷ
2917 2869 3250 2940 προσφέρων
3283 2869 3562 2940 θυμίαμα,
3608 2865 3820 2934 ὲκφὼνως

2289 2959 2476 3028 φησιν,
2517 2977 2536 3011 ι
2575 2960 2698 3011 Ἔτι
2727 2961 2828 3013 καὶ
2853 2960 2935 3013 ἔτι
2970 2963 3028 3012 ἐν
3066 2961 3264 3033 εἰρήνῃ
3298 2961 3397 3016 τοῦ
3437 2961 3638 3029 Κυρίου
3664 2952 3820 3023 δεηθῶ-

2293 3069 2394 3119 μεν
2421 3066 2435 3081 ·
2498 3069 2516 3101 ι
2555 3051 2643 3104 διὰ
2666 3052 2759 3104 τοῦ
2789 3052 3091 3121 προϐάντος
3121 3053 3359 3108 θανάτου
3390 3054 3490 3123 τὴν
3517 3048 3814 3113 καταλλαγὴν

2288 3142 2649 3209 ἐκδιδάσκων,
2701 3144 2777 3207 ὡς
2817 3145 2914 3198 καὶ
2966 3146 3130 3214 ἡμεῖς
3182 3144 3579 3216 τεθνηξόμεθα,
3625 3139 3709 3195 καὶ
3754 3136 3816 3187 ἵνα

593 3244 836 3296 clamant
864 3255 879 3293 :
918 3238 1152 3309 «Kyrie,
1183 3238 1453 3292 eleison.»
1482 3238 1757 3292 Diaconus
1791 3246 1972 3292 autem
1995 3251 2188 3292 omnes

2290 3234 2679 3303 διηλλαγμένοι
2715 3236 2861 3306 ὑπὲρ
2911 3237 3007 3291 τοῦ
3036 3240 3297 3303 κειμένου
3336 3237 3641 3308 εὐχώμεθα,
3668 3228 3818 3289 mitia;

593 3334 845 3385 hortatur
877 3340 991 3383 uta
1025 3328 1247 3384 Christo
1281 3329 1425 3383 dona
1476 3329 1873 3384 misericordize
1936 3329 2055 3399 ejus
2096 3329 2184 3399 ja—

592 3422 736 3477 centi
772 3420 1145 3489 expostulent,
1167 3419 1417 3474 videlicet
1445 3435 1669 3490 regnum
1713 3418 1978 3474 caelorum
2004 3428 2060 3474 et
2091 3436 2180 3474 τοι

594 3515 913 3570 missionem
944 3521 1316 3580 peccatorum.
1340 3511 1609 3567 Sacerdos
1634 3529 1766 3568 vero
1793 3516 1972 3582 primo
1997 3529 2180 3569 secre-

508 3652 509 3655 η
595 3619 703 3659 tam
742 3605 1044 3661 orationem
1113 3591 1239 3658 cum
1302 3604 1502 3674 pietate
1558 3606 1666 3660 Deo
1702 3604 1965 3670 olfereus,
2013 3604 2182 3660 Deum

592 3697 883 3768 spirituum
915 3713 1043 3752 eum
1079 3698 1612 3767 appellans,scilicet
1644 3692 1960 3769 angelorum
1989 3707 2044 3752 et
2068 3696 2186 3751 ani-

592 3805 830 3853 marum,
885 3789 1066 3844 carnis
1100 3790 1277 3843 oumis
1305 3804 1503 3858 nempe
1538 3789 1832 3844 hominum
1888 3805 2187 3858 corporeo-

595 3897 739 3945 rum,
772 3881 865 3950 qui
916 3891 1090 3935 morte
1120 3892 1349 3935 mortem
1385 3880 1677 3947 destruxit,
1717 3892 1772 3936 et
1829 3898 1926 3948 per
1960 3896 2206 3937 crucem.

592 3972 866 4027 diabolum
907 3972 1270 4036 concttleavit,
1310 3986 1524 4026 necnon
1577 3986 1676 4042 per
1706 3973 2183 4029 mortificationem

592 4063 758 4116 vitam
789 4061 1085 4130 impertivit
1121 4061 1348 4127 mundo,
1385 4073 1642 4127 precatur
1684 4074 1742 4119 ut
1779 4066 2023 4134 requiem
2088 4069 2182 4120 do—

595 4162 680 4208 nct
716 4154 915 4207 animae
965 4153 1211 4217 deludeti
1246 4154 1303 4207 in
1338 4155 1459 4207 loco
1500 4156 1730 4224 quietis,
1770 4162 1914 4211 unde
1972 4159 2185 4229 aufugit

593 4260 687 4299 seu
717 4244 905 4312 procul
962 4244 1317 4299 abestomnis
1356 4245 1580 4300 tristitia
1610 4263 1672 4302 ac
1701 4248 1959 4316 gemitus,
1990 4263 2185 4317 pecca-

595 4347 821 4407 tumque
868 4354 1031 4393 outne
1062 4339 1163 4407 ipsi
1198 4339 1437 4394 dimittat
1468 4342 1728 4408 actionis,
1761 4344 1913 4396 verbi
1947 4351 2000 4397 et
2031 4346 2181 4413 engi-

524 4430 537 4493 ῗ,
595 4427 1110 4493 tationis,quoniam
1176 4444 1337 4484 nemo
1396 4438 1479 4484 est
1526 4446 1555 4484 a
1613 4447 1835 4498 peccato
1896 4434 2178 4497 immunis,

596 4517 702 4572 nisi
738 4516 825 4570 ille
870 4519 1017 4571 solus
1058 4520 1153 4588 qui
1190 4523 1398 4590 absque
1451 4531 1676 4590 peccato
1708 4523 2033 4578 incarnatus
2067 4535 2179 4587 est,

592 4618 647 4664 et
685 4607 949 4679 quoniam
988 4609 1106 4681 ipse
1131 4612 1438 4681 estjustus,
1479 4623 1536 4668 et
1566 4629 1750 4670 sermo
1788 4617 1908 4685 ejus
1952 4620 2182 4681 veritas,

593 4703 724 4773 quia
748 4711 803 4758 et
830 4703 945 4770 ipse
980 4705 1205 4769 veritas,
1242 4706 1469 4776 ipseque
1505 4707 1643 4761 dixit
1677 4724 1690 4761 :
1731 4726 1750 4760 ι
1797 4706 1909 4780 Ego
1945 4724 2065 4763 sum
2099 4724 2186 4763 re-

593 4798 862 4851 surrectio
883 4808 933 4852 et
962 4797 1091 4857 vita.
1107 4817 1125 4849 ›
1156 4796 1314 4864 Quod
1332 4813 1461 4869 ergo
1483 4795 1731 4854 clamans
1761 4802 2021 4856 sacerdos
2040 4818 2183 4869 quo-

591 4903 697 4957 que
723 4887 856 4943 dicit
885 4891 949 4942 ad
979 4888 1151 4944 Deum
1184 4906 1198 4947 :
1229 4889 1534 4955 «Quoniam
1562 4898 1622 4944 ιιι
1647 4904 1708 4945 es
1744 4892 2073 4948 resurrectio
2103 4909 2121 4962 ;
2152 4912 2171 4943 ι

590 4995 873 5048 speramus
903 4980 1053 5036 enim
1082 4983 1227 5052 quod
1262 4992 1514 5035 mortuus
1543 4984 1684 5036 vivet
1737 4990 1793 5035 et
1841 4996 2093 5054 resurget
2120 4996 2177 5039 et.

593 5073 830 5140 requiem
870 5072 1115 5127 inveniet
1163 5071 1484 5127 Dominum.
1538 5056 1653 5126 Hoc
1711 5072 1878 5143 igitur
1914 5077 1972 5130 lit
2003 5077 2179 5133 tribus

592 5164 922 5220 stationibus
963 5164 1184 5235 psalmi,
1232 5162 1384 5241 Beati
1431 5162 1790 5219 immaculati.
1824 5167 1997 5234 Quem
2054 5179 2178 5239 post

594 5256 860 5323 psalmum
911 5252 1165 5312 versiculi
1200 5256 1459 5331 dicuntur
1487 5271 1584 5327 pro
1615 5258 1921 5313 dormiente
1969 5262 2180 5315 sollici-

592 5359 701 5399 tam
725 5345 1161 5416 deprecationem
1191 5345 1260 5400 ad
1301 5343 1467 5399 Deum
1518 5347 1922 5418 exprimentes;
1973 5351 2175 5407 deinde

590 5437 743 5491 lucus
797 5453 863 5490 ex
905 5435 1213 5509 apostolica
1243 5435 1481 5505 epistola
1528 5452 1819 5510 excerptus
1847 5442 1915 5497 de
1953 5459 2049 5512 spe
2083 5460 2175 5499 re-

588 5530 969 5609 :urrectionis.
1011 5527 1135 5603 Ideo
1167 5544 1274 5582 non
1327 5536 1554 5597 mortui,
1587 5535 1679 5589 sed
1716 5536 2053 5590 dormientes
2087 5548 2174 5590 ut-

590 5628 715 5684 pote
766 5608 1276 5677 resuscitaudiab
1333 5623 1581 5691 aposmlo
1636 5629 1896 5682 dicuntur
1957 5627 2167 5683 tideles.

2290 3328 2355 3381 ἂν
2417 3330 2561 3381 κατά
2616 3347 2668 3382 τι
2722 3330 2887 3383 αὐτὸν
2935 3332 3002 3400 τῇ
3035 3330 3170 3401 εὐχῇ
3221 3321 3817 3401 ὠφελήσωμεν,καὶῖνα

2285 3421 2478 3490 εἰρήνη
2508 3420 2658 3490 αὐτῷ
2698 3421 2925 3491 γένηται
2959 3422 3098 3491 μετὰ
3123 3422 3218 3475 τοῦ
3247 3422 3389 3477 Θεοῦ
3413 3417 3816 3485 καταλλαγέντος-

2291 3508 2526 3567 Ἔπειτα
2572 3515 2714 3585 ὑπὲρ
2748 3518 2851 3585 τῆς
2901 3515 3271 3579 ἀναπαύσεως
3316 3516 3542 3587 εὔχεται
3572 3513 3661 3579 τῆς
3682 3505 3819 3578 ψυχῆς

2286 3603 2385 3656 τοῦ
2442 3606 2884 3676 κεκοιμημένου,
2946 3608 3044 3661 καὶ
3093 3609 3237 3679 ὑπὲρ
3294 3609 3393 3663 τοῦ
3455 3600 3818 3676 συγχωρηθῆναι

2287 3696 2649 3763 αὑτῷπάντα
2679 3700 2750 3753 τὰ
2790 3699 3275 3770 πλημμελήματα,
3320 3703 3422 3756 καὶ
3465 3702 3609 3760 ὅπως
3653 3691 3817 3762 Κύριος

2287 3789 2424 3862 τάξῃ
2453 3789 2552 3861 τὴν
2579 3791 2761 3862 ψυχὴν
2806 3791 2977 3846 αὐτοῦ
3009 3794 3091 3856 είς
3125 3794 3223 3864 τὴν
3269 3794 3580 3849 ἀνάπαυσιν
3629 3786 3723 3840 τῶν
3764 3783 3818 3833 δι-

2286 3883 2482 3936 καίων.
2524 3884 2637 3936 Καὶ
2678 3883 2846 3955 266
2871 3883 3175 3955 ὁμοφώνως
3223 3886 3433 3950 πάντες
3468 3885 3565 3955 τὴν
3593 3883 3819 3943 ἀνυσιμωα

2289 3974 2461 4046 τάτην
2490 3974 2680 4046 εὐχὴν,
2705 3978 2788 4040 τὸ,
2835 3993 2853 4028 t
2886 3976 3087 4047 Κύριε,
3119 3977 3371 4048 ἐλέησον,
3405 3998 3423 4030 ι
3459 3970 3814 4044 ἀνακράζουσι·

2288 4068 2386 4119 καὶ
2435 4068 2648 4129 πάντας
2694 4068 3030 4138 αἰτήσασθαι
3058 4072 3326 4139 παραινεῖ
3354 4070 3502 4140 παρὰ
3531 4058 3743 4134 Χριστοῦ
3763 4053 3815 4119 τῷ

2287 4161 2526 4230 κειμένῳ
2553 4163 2623 4212 τὰ
2647 4158 2772 4230 ἑλέη
2801 4159 2994 4226 αὐτοῦ,
3023 4161 3124 4230 τὴν
3152 4162 3437 4231 βασιλείαν
3464 4159 3570 4214 τῶν
3595 4148 3812 4225 οὐρανῶν.

2286 4258 2383 4305 καὶ⁸
2427 4253 2624 4320 ἄφεσιν
2658 4252 2767 4307 τῶν
2806 4254 3254 4325 ἁμαρτημάτων.
3315 4254 3380 4309 '0
3434 4254 3493 4308 δὲ
3523 4250 3687 4320 ἱερεὺς
3713 4236 3814 4309 πρὸ·

2284 4360 2445 4414 τερον
2475 4346 2577 4414 τὴν
2613 4346 2780 4414 εὐχὴν
2834 4346 3124 4416 μυστικῶς
3164 4347 3244 4417 τῷ
3275 4346 3401 4417 Θεῷ
3436 4344 3554 4416 μετ’
3580 4333 3813 4395 εὐλαϐείας

2286 4436 2622 4503 ἀνενεγκὼν,
2658 4438 2757 4490 καὶ
2789 4436 2924 4491 Θεὸν
2967 4438 3080 4491 τῶν
3120 4443 3456 4511 πνευμάτων
3481 4437 3635 4493 αὐτὸν
3661 4426 3813 4486 εἰπὼν,

2287 4528 2408 4596 ἦτοι
2435 4528 2545 4582 τῶν
2575 4520 2829 4600 ἀγγέλων
2876 4535 2970 4587 καὶ
3006 4535 3119 4589 τῶν
3141 4536 3355 4607 ψυχῶν,
3387 4536 3482 4590 καὶ
3513 4532 3677 4597 πάσης
3714 4533 3814 4586 σαρ-

2290 4621 2405 4686 κὸς,
2428 4623 2548 4692 ἦτοι
2571 4624 2680 4678 τῶν
2702 4626 3041 4696 ὲνσωμάτων
3068 4626 3397 4698 ἀνθρώπων,
3423 4627 3516 4680 τὸν
3528 4623 3609 4677 διὰ
3624 4612 3810 4672 θανάτου

2287 4713 2378 4765 τὸν
2421 4715 2654 4769 θάνατον
2710 4719 3163 4790 καταργήσαντα,
3199 4722 3300 4775 καὶ⁸
3343 4722 3432 4776 διὰ
3484 4709 3703 4783 σταυροῦ
3740 4702 3809 4756 τιν

2284 4805 2530 4860 διάϐολον
2566 4813 3064 4881 καταπατήσαντα,
3095 4813 3194 4867 καὶ
3233 4815 3322 4868 διὰ
3351 4812 3655 4883 νεκρώσεως
3698 4792 3809 4863 ζωὴν

2284 4902 2675 4970 χορηγήσαντα
2732 4902 2811 4966 τεῖ)
2857 4904 3073 4973 κόσμῳ.
3125 4894 3446 4960 ἀναπαῦσαι
3498 4901 3696 4969 εὔχεται
3738 4884 3807 4938 καὶ

2282 4990 2383 5061 τὴν
2411 4993 2507 5046 τοῦ
2554 4996 2921 5066 κοιμηθέντος
2950 5000 3133 5069 ψυχὴν
3163 5003 3223 5052 ἐν
3256 5002 3409 5071 τόπῳ
3449 4997 3686 5052 ἀνέσεως,
3713 4979 3806 5034 ὅθεν

2282 5082 2517 5154 ἀπέδρα,
2547 5085 2669 5152 ἤτοι
2704 5087 2947 5158 μακρὰν,
2996 5092 3150 5143 πᾶσα
3181 5090 3326 5163 λύπη
3369 5092 3461 5146 καὶ
3516 5071 3802 5143 Gratiani“.

2284 5176 2383 5249 καὶ
2420 5177 2530 5230 πᾶν
2567 5178 2886 5249 ἁμάρτημα
2924 5181 3096 5252 αὐτῷ,
3129 5186 3484 5255 συγχωρῆσαι
3512 5167 3736 5248 πράξεώς
3758 5172 3803 5210 τε

2280 5269 2375 5318 καὶ⁸
2410 5268 2571 5336 λόγου
2608 5274 2706 5323 καὶ
2736 5270 3002 5340 διανοίας,
3035 5275 3160 5327 ἐπεὶ
3208 5278 3390 5340 οὐδεὶς
3439 5269 3798 5335 ἀναμάρτητοῦ

2280 5357 2328 5409 εἱ
2364 5357 2438 5427 μὴ
2472 5360 2632 5427 μόνος
2656 5362 2820 5425 αὐτὸς
2862 5364 2891 5415 ό
2935 5365 3344 5438 ἀναμαρτήτως
3405 5352 3798 5430 ενανθρωπήσας’

2281 5450 2376 5501 καὶ
2407 5451 2492 5504 ὅτι
2530 5444 2743 5514 δίκαιος
2778 5456 2942 5521 αὐτός
2969 5472 2982 5487 ·
3029 5460 3123 5512 καὶ
3153 5461 3182 5513 ό
3216 5459 3374 5527 λόγος
3401 5451 3558 5512 αὐτοῦ
3592 5440 3794 5527 ﬁdem}

2276 5541 2360 5594 ὅτι
2405 5545 2499 5596 καὶ
2523 5543 2757 5615 ἀλήθεια
2788 5549 2955 5610 αὐτός
2979 5565 2991 5577 ·
3028 5550 3125 5602 καὶ
3168 5522 3329 5614 αὐτδς
3363 5552 3591 5621 εἴρηκεν,
3624 5554 3642 5587 ⁴
3683 5522 3791 5628 Ἐἶώ

2277 5634 2394 5701 εἰμι
2431 5636 2464 5704 ἡ
2497 5637 2802 5701 ἀνάστασις
2827 5641 2926 5693 καὶ
2955 5643 2986 5711 ἡ
3021 5643 3159 5711 ζωή.
3199 5661 3217 5694 ι
3258 5642 3429 5714 Τοῦτο
3461 5637 3550 5692 οὖν
3579 5628 3792 5714 ἐκφωνένῗ

584 5708 779 5765 Postea
817 5709 1074 5774 Alleluia,
1112 5720 1372 5783 tanquam
1408 5716 1624 5789 signum
1674 5721 1942 5776 adventus
1976 5720 2068 5776 Dei
2117 5731 2196 5787 et.

2289 5725 2368 5777 καὶ
2394 5727 2422 5777 ὁ
2454 5703 2675 5796 ἱερεὺς,
2726 5733 2859 5800 φησὶ
2894 5703 3031 5801 rupi);
3075 5703 3169 5788 τδν
3194 5706 3351 5802 eaeo;
3399 5754 3417 5786 ί
3461 5731 3571 5783 Ὅτι
3601 5719 3657 5773 σὺ
3700 5703 3786 5772 εἶή

586 5801 901 5870 ιιτυιὼυαιίο
942 5807 1247 5872 praesentia:
1293 5806 1499 5866 Christi
1552 5821 1868 5883 nostraeque
1891 5828 1987 5881 per
2038 5828 2166 5867 eum

2272 5817 2592 5884 ἀνάστασις·
2656 5841 2675 5875 ι
2730 5824 3029 5894 ἐλπίζομεν
3077 5826 3210 5898 γὰρ,
3257 5829 3341 5882 δτι
3391 5825 3478 5879 καὶ
3519 5823 3546 5874 δ
3584 5809 3784 5872 κείμενος
