4046 6438
241 368 348 435 035

1393 373 1489 434 DE
1533 369 1827 436 OlllllNE
1868 377 2372 444 SEI‘ULTURE.

3424 377 3528 445 686

245 497 470 566 ζήσεται
506 493 598 548 καὶ
635 496 1024 566 ἀναστήσεται,
1087 514 1181 548 και
1231 495 1541 549 ἀνάπαυσιν
1587 496 1814 563 εὑρήσει

1943 499 2350 554 'csurrectionis
2396 515 2424 552 a
2473 501 2803 564 mortuis,et
2865 499 3077 554 sumtus
3140 508 3363 570 propter
3403 516 3525 569 gra-

243 592 334 642 τὸν
369 586 595 658 Κύριον.
629 587 800 641 Τοῦτο
849 584 943 641 οὖν
977 588 1190 656 γίνεται
1241 587 1337 640 καὶ
1391 589 1450 637 ὲν
1494 589 1618 650 ταῖς
1673 589 1821 656 τρισὶ

247 678 475 731 στάσεσι
508 678 616 729 τῶν
653 680 750 730 τοῦ
802 678 1039 748 ἀμώμου
1072 679 1344 745 Ψαλμῶν.
1407 679 1517 730 Καὶ
1546 681 1826 748 τροπάρια

244 769 301 824 δὲ
331 769 556 836 λέγεται
589 772 728 840 μετά
750 770 843 824 τὸν
887 771 1123 842 ἄμωμον
1159 770 1302 838 ὑπὲρ
1335 768 1430 823 τοῦ
1463 771 1827 841 κοιμηθέντος

245 863 660 930 ἀναγκαιότατα
685 863 926 932 δεήσεως
951 863 1088 931 πρὸς
1112 863 1204 914 τὸν
1245 862 1410 915 Θεόν·
1455 859 1576 915 εἶτα
1608 863 1704 916 καὶ
1734 863 1827 915 τοῦ

244 955 547 1007 ἀποστόλου
584 955 861 1023 περικοπὴ
894 956 1024 1024 περὶ
1055 957 1155 1023 τῆς
1199 955 1418 1017 ἐλπίδος
1461 958 1560 1024 τῆς
1591 956 1830 1008 ἀναστάο

1944 587 2072 639 tiam
2137 587 2226 641 Dei
2291 591 2507 652 corpori
2578 589 2900 645 dormientis
2961 599 3152 660 utpote
3207 581 3382 644 ﬁdelis
3431 605 3524 642 su—

1939 681 2374 747 pervenientem,
2411 692 2467 737 et
2510 683 2863 754 Evangelium
2898 699 2927 738 a
2979 686 3264 739 sacerdote
3331 684 3534 738 dicitur

1945 773 2120 839 ipsam
2180 774 2486 841 praedicens
2542 777 2688 829 velut
2716 793 2813 845 per
2848 779 3103 847 angelum
3129 776 3234 842 Dei
3279 791 3532 831 resurre-

1939 865 2178 918 ctionem
2215 877 2487 922 nostram.
2525 865 2590 922 Et
2621 870 2802 923 statim
2837 879 2960 939 post
2993 872 3106 923 haec
3155 883 3291 923 nova
3335 869 3530 934 oratio,

1936 969 1989 1012 et
2025 970 2142 1026 post
2174 960 2482 1014 orationem
2521 961 2760 1033 hymnus
2792 962 3160 1017 Salutatiouis.

247 1063 412 1110 σεωςο
446 1048 526 1100 διὸ
555 1049 650 1102 καὶ
678 1049 779 1100 οὐκ
816 1049 1208 1116 ἀποθανόντες,
1253 1049 1392 1102 ἀλλὰ
1420 1051 1825 1120 κεκοιμημένοι
1865 1052 1942 1115 ὡς
1985 1055 2420 1123 ἐγερθησόμενοι
2482 1055 2589 1108 ὑπὸ
2630 1056 2725 1109 τοῦ
2781 1056 3110 1110 Ἀποστόλου
3176 1054 3533 1123 ὀνομάζονται

241 1145 293 1198 οἱ
323 1144 540 1197 πιστοί’
578 1145 698 1198 εἶτα
741 1148 800 1199 τὸ
848 1146 1171 1217 ἁλληλούῖα.
1227 1149 1303 1210 ὡς
1376 1147 1678 1218 ἐπιδημίας
1736 1149 1874 1202 Θεοῦ
1912 1151 2170 1220 σημεῖον,
2223 1151 2318 1205 καὶ
2353 1151 2430 1214 ὡς
2489 1154 2756 1224 κήρυγμα
2789 1159 2890 1223 τῆς
2931 1154 3234 1225 παρουσίας
3267 1148 3530 1220 Χριστοῦ,

247 1237 341 1291 καὶ
370 1239 470 1307 τῆς
505 1237 572 1292 δι’
595 1239 760 1292 αὐτοῦ
782 1240 846 1292 ὲκ
878 1239 1090 1309 νεκρῶν
1123 1239 1282 1310 ἡμῶν
1311 1241 1688 1306 ἀναστάσεως,
1723 1245 1816 1294 καὶ
1857 1242 2133 1312 θυμίαμα,
2170 1242 2258 1296 διὰ
2294 1244 2405 1314 τὴν
2435 1245 2814 1317 ἐπερχομένην
2847 1249 2941 1300 καὶ
2971 1249 3028 1300 ὲν
3087 1248 3200 1309 τοῖς
3257 1243 3534 1313 λειψάνοις

241 1340 339 1393 τοῦ
365 1343 721 1410 κοιμηθέντας
753 1344 828 1406 ὠς
866 1345 1057 1397 πιστοῦ
1102 1344 1266 1416 χάριν
1294 1348 1390 1400 τοῦ
1427 1346 1563 1400 Θεοῦ
1584 1365 1596 1378 ·
1640 1350 1734 1401 καὶ
1769 1353 1829 1403 τὸ
1865 1352 2206 1420 Εὐαγγέλιον
2235 1351 2391 1418 παρὰ
2421 1351 2641 1415 ἱερέως,
2669 1348 2843 1416 αὐτὴν
2869 1345 2944 1406 ὡς
2977 1340 3044 1396 δι’
3105 1340 3340 1409 ἀγγέλου
3392 1336 3531 1390 Θεοῦ

246 1438 549 1502 προφαῖνον
586 1435 746 1507 ήμῶν
792 1437 894 1508 τὴν
926 1437 1250 1495 ἀνάστασιν.
1306 1441 1417 1493 Καὶ
1467 1440 1633 1504 εὐθὺς
1681 1443 1824 1512 μετὰ
1897 1446 2062 1497 τοῦτο
2119 1444 2287 1498 πάλιν
2344 1445 2512 1514 εὐχή·
2586 1441 2683 1495 καὶ
2740 1437 2861 1510 μετ’
2915 1435 3084 1505 αὐτὴν
3133 1437 3160 1487 ό
3216 1431 3383 1503 ὕμνος
3434 1430 3531 1485 τοῦ

242 1529 561 1600 ἀσπασμοῦ.

809 1623 1064 1679 ΚΕΦΑΛ.
1109 1625 1274 1682 ΤΞΖν.

360 1739 422 1795 Τί
449 1737 732 1809 σημαίνει
763 1741 797 1793 ὁ
821 1738 921 1793 ἐπὶ
952 1739 1077 1806 τοῖς
1107 1741 1347 1811 νεκροῖς
1367 1741 1719 1812 ἀσπασμός.

318 1902 426 1952 Καὶ
459 1902 487 1954 ὁ
529 1898 899 1962 ἑπιτελεύτιος
947 1899 1268 1966 ἀσπασμός.
1307 1893 1478 1964 Οὗτος
1510 1901 1566 1954 δὲ
1605 1901 1702 1954 καὶ
1736 1900 1824 1954 διὰ

2432 1617 2661 1676 CAPUT
2701 1614 3041 1674 CCCLXVII.

1945 1742 2092 1810 Quid
2123 1737 2328 1796 denotet
2364 1740 2596 1822 hymnus
2621 1736 2986 1798 salutationis,
3018 1732 3108 1801 qui
3153 1746 3311 1800 super
3339 1731 3530 1784 defun-

2523 1817 2624 1862 ctis
2659 1817 2932 1862 cantatur.

1944 1965 1947 1968 _
2015 1906 2260 1974 Denique
2301 1904 2541 1975 hymnus
2583 1898 2934 1957 salutationis
2980 1896 3071 1965 qui
3111 1898 3366 1950 cantatur
3408 1910 3534 1963 pro-

244 1994 346 2063 τὴν
382 1992 686 2060 μετάϐασιν
724 1994 818 2046 καὶ
845 1993 940 2045 τὸν
975 1993 1085 2044 ἀπὸ
1110 1994 1208 2059 τῆς
1243 1993 1393 2060 ζωῆς
1429 1993 1634 2062 ταύτης
1659 2012 1826 2065 χωρι-

1943 2011 2057 2069 pter
2111 2014 2301 2053 eorum
2348 2013 2416 2052 ex
2475 1997 2578 2050 hae
2629 1997 2736 2048 vita
2771 1994 3156 2063 migrationem
3182 1999 3237 2042 et
3265 1987 3530 2042 amandu—

243 2081 408 2150 σμόν’
458 2083 554 2136 καὶ
601 2082 677 2144 ὡς
723 2081 980 2134 κοινωνία
1016 2081 1110 2133 καὶ
1149 2080 1353 2142 ἓνωσίς
1402 2082 1578 2141 ἐστιν,
1618 2080 1700 2132 ὃτι
1736 2080 1828 2132 καὶ

240 2170 572 2243 θνήσκοντες
620 2171 871 2242 ἀλλήλων
928 2173 988 2224 οὐ
1040 2170 1420 2240 χωριζόμεθα.
1477 2170 1686 2231 Πάντες
1721 2172 1830 2240 γὰρ

236 2263 346 2332 τὴν
376 2263 548 2332 αὐτὴν
581 2262 885 2330 όδεύσομεν
926 2262 1115 2331 τρίϐον
1156 2261 1252 2313 καὶ
1284 2259 1400 2328 ἅμα
1431 2259 1827 2328 ταχθησόμεθα

237 2348 411 2419 εἶναι,
449 2358 544 2409 καὶ
585 2356 647 2409 οῦ
705 2355 1172 2426 χωρισθησόμεθά
1231 2371 1385 2407 ποτε.
1445 2349 1669 2423 Χριστῷ
1719 2353 1830 2421 γὰρ

237 2449 546 2518 ζησόμεθα.
600 2449 698 2501 καὶ
746 2447 972 2517 Χριστῷ
1003 2445 1100 2499 νῦν
1153 2446 1447 2514 ἑνούμεθα,
1501 2447 1637 2516 πρὸς
1670 2447 1831 2499 αὑτὸν

241 2541 648 2609 πορευόμενον
693 2543 790 2594 καὶ
843 2537 1036 2608 αὔριον
1091 2539 1334 2608 ἐσόμεθα
1374 2539 1496 2606 μετ’
1556 2539 1829 2606 ἀλλήλων,

239 2632 344 2683 καὶ
395 2630 504 2684 τῶν
567 2630 795 2696 ζώντων
851 2631 1012 2700 ἡμῶν
1070 2629 1573 2699 κοιμηθησομὲνων
1642 2628 1832 2699 ὥσπερ

237 2726 431 2777 αὐτῶν
453 2741 469 2756 ·
522 2728 616 2779 καὶ
655 2726 752 2792 τῆς
782 2725 1136 2786 ἀναστάσεως
1187 2725 1244 2776 δὲ
1278 2724 1582 2794 γενομένης
1623 2727 1688 2793 τῇ
1722 2739 1834 2775 κοι-

238 2815 412 2887 νωνίᾳ
455 2815 556 2884 τῆς
612 2816 780 2886 ὀρθῆς
823 2818 1083 2880 πίστεως,
1115 2816 1250 2885 ego;
1303 2817 1544 2876 ἅπαντες
1574 2817 1622 2868 οἱ
1650 2814 1833 2866 πιστοὶ

245 2911 346 2962 σὺν
375 2907 598 2980 Χριστῷ
629 2908 890 2976 ἐσόμεθα.
921 2908 1030 2961 Τοῦ
1067 2907 1367 2974 ἀσπασμοῦ
1401 2907 1494 2961 οὖν
1545 2907 1822 2958 τελεσθέν-

240 3018 359 3065 τος,
406 3003 500 3054 καὶ
530 3003 564 3070 ἡ
591 3001 977 3070 προειρημένη
1005 3001 1218 3068 γίνεται
1249 3000 1418 3052 πάλιν
1448 3001 1544 3054 ἐπὶ
1580 3000 1659 3066 τῷ
1687 2998 1834 3049 τέλει

243 3091 404 3160 εὐχὴ,
434 3090 510 3152 ὼς
541 3092 780 3162 σφραγὶς
830 3091 1066 3146 τελοῦσα
1103 3093 1213 3146 τῶν
1247 3091 1435 3160 ὕμνων
1459 3108 1474 3124 ο
1532 3093 1629 3144 καὶ
1659 3090 1719 3143 οῦ
1734 3107 1834 3153 τως

243 3187 281 3255 ἡ
315 3184 583 3248 ἀπόλυσις

816 3277 1071 3332 ΚΕΦΑΛ.
1124 3275 1296 3332 ΤΞΗ’.

1939 2095 2169 2157 tionem,
2215 2107 2432 2146 necnon
2460 2089 2719 2159 quoniam
2753 2087 2908 2140 adest
2939 2083 3258 2138 communio
3303 2093 3360 2135 et
3394 2081 3528 2133 adn-

1935 2188 2130 2245 natio.
2164 2193 2439 2254 quatenus
2505 2181 2711 2235 mortui
2768 2192 3116 2249 nequaquam
3172 2177 3240 2229 ah
3297 2173 3530 2228 invicem

1936 2275 2347 2342 separabimur;
2394 2286 2587 2326 omnes
2623 2270 2768 2323 enim
2799 2269 3051 2322 eamdem
3086 2277 3332 2320 teremus
3380 2264 3522 2314 viam

1935 2378 1985 2418 et
2010 2366 2064 2419 in
2087 2366 2279 2419 eodem
2307 2366 2428 2417 Ioco
2464 2361 2884 2424 collocabimur,
2924 2371 3102 2427 neque
3139 2355 3528 2424 separahimnr

1936 2475 2198 2528 unquam,
2249 2471 2374 2512 nam
2432 2455 2656 2511 Christo
2711 2453 2981 2516 vivemus,
3017 2460 3071 2505 et
3108 2466 3256 2502 nunc
3308 2432 3534 2502 Christo

1935 2549 2273 2612 adunamur,
2312 2551 2378 2602 ad
2417 2562 2542 2602 eum
2579 2545 3014 2616 progredientes,
3047 2553 3102 2597 ct
3131 2557 3254 2596 cras
3284 2540 3374 2594 alii
3405 2555 3530 2595 cum

1937 2645 2060 2698 aliis
2111 2643 2272 2696 simul
2307 2641 2540 2703 erimus,
2600 2638 2760 2692 nobis
2817 2639 2908 2706 qui
2959 2635 3200 2689 vivimus
3229 2633 3532 2691 defunctis,

1936 2732 2396 2805 quemadmodum
2457 2744 2512 2787 et
2553 2731 2630 2785 illi
2665 2729 2908 2785 defuncti
2967 2736 3118 2789 sunt,
3156 2726 3409 2795 factaque
3445 2740 3531 2777 re-

1937 2828 2298 2888 surrectione.
2351 2825 2744 2881 communione
2795 2821 3124 2891 verzejidei,
3175 2809 3420 2874 unirersi
3455 2818 3533 2872 si-

1940 2921 2050 2974 muI
2084 2921 2272 2973 lideles
2297 2933 2422 2972 cum
2485 2917 2704 2972 Christo
2754 2917 2986 2971 erimus.
3033 2914 3212 2968 Finito
3244 2912 3413 2982 igitur
3439 2926 3532 2963 sa-

1940 3011 2228 3065 lutationis
2286 3013 2507 3080 hymno,
2543 3007 2795 3077 przedicta
2830 3020 3050 3060 rursum
3094 3003 3293 3057 dicitur
3323 3003 3378 3055 in
3421 2999 3530 3053 ﬁne

1940 3107 2119 3159 oratio
2152 3119 2273 3172 quae
2325 3109 2409 3156 est
2455 3101 2602 3155 velut
2649 3099 2979 3171 hymnorum
3051 3096 3314 3166 sigillum,
3349 3103 3403 3147 et
3453 3093 3536 3148 sic

1942 3195 2270 3248 absolvitur.

2553 3281 2906 3342 CCCLXVIII

252 3397 318 3452 Τί
351 3395 535 3464 δηλοῖ
560 3397 650 3461 τὸ,
677 3414 696 3445 ι
719 3397 941 3450 Αίωγία
968 3397 1004 3464 ἡ
1030 3395 1262 3465 μνήμη,
1288 3415 1304 3446 ι
1329 3395 1630 3466 ᾀδόμενον
1659 3394 1834 3448 ὕστε-

1943 3403 2084 3468 Quid
2117 3402 2380 3466 signiﬁcet
2436 3404 2576 3469 quod
2621 3411 2804 3469 postea
2839 3400 3076 3462 canitur,
3113 3415 3131 3448 ι
3159 3395 3394 3452 Λῖιενιια
3433 3411 3541 3450 me-

980 3484 1117 3535 ρον.

321 3559 477 3613 Μετά
507 3560 563 3612 δὲ
597 3559 696 3628 τὴν
722 3558 988 3612 ἀπόλυσιν
1016 3560 1050 3628 ἡ
1074 3558 1412 3629 ἀνακὴρυξις
1447 3559 1541 3611 τοῦ
1567 3576 1838 3627 κεκοιμη-

251 3651 443 3722 μένου,
496 3651 579 3716 τὸ,
619 3669 637 3702 ι
689 3653 898 3704 Δίωνία
954 3652 988 3720 ἠ
1030 3651 1250 3721 μνήμη.
1305 3669 1324 3701 ν
1383 3651 1494 3703 Καὶ
1549 3653 1660 3721 γὰρ
1703 3651 1837 3720 περὶ

247 3746 476 3807 τούτων,
508 3744 604 3797 τοῦ
638 3741 936 3813 ἀσπασμοῦ
967 3760 1113 3813 φημι
1153 3744 1249 3795 καὶ
1276 3741 1378 3811 τῆς
1412 3737 1830 3812 ἀνακηρύξεως,

249 3839 280 3890 ὁ
319 3837 462 3908 ἱερός
493 3855 629 3906 φησι
660 3837 964 3900 Διονύσιος,
999 3838 1130 3908 περὶ
1172 3835 1268 3889 τοῦ
1297 3835 1596 3904 ἀσπασμοῦ
1629 3837 1834 3904 λέγων,

248 3931 331 3982 δτι
381 3929 533 4000 δηλοῖ
567 3929 666 4000 τὴν
714 3931 853 4000 μετὰ
914 3929 1024 3982 τῶν
1070 3928 1422 3982 ἀπελθόντων
1474 3927 1671 3980 ἕνωσιν
1723 3929 1834 3979 τῶν

249 4020 470 4085 ζώντων
502 4019 661 4093 ἡμῶν
689 4025 747 4076 ὲν
772 4022 1018 4092 Χριστῷ.
1047 4022 1184 4092 Περὶ
1211 4022 1267 4074 δὲ
1291 4022 1391 4089 τῆς
1414 4017 1832 4092 ἀνακηρύξεως,

249 4115 334 4168 ὅτι
356 4117 742 4186 συνετάγησαν
786 4119 902 4178 τοῖς
945 4115 1143 4182 ἁγίοις,
1180 4117 1400 4184 καὶτῆς
1431 4115 1662 4166 ἐκείνων
1693 4112 1836 4176 ἄξιοι

251 4206 621 4277 κληρονομίας
676 4208 837 4272 εἰσὶν,
889 4209 965 4271 ὡς
1011 4208 1108 4259 καὶ
1149 4207 1250 4274 τῆς
1305 4206 1571 4268 πίστεως⁶
1624 4205 1718 4257 καὶ
1749 4224 1840 4257 πι-

250 4299 583 4368 στευόμενον
621 4294 788 4351 τοῦτο
823 4299 958 4368 ἡμῖν
989 4297 1088 4351 καὶ
1131 4297 1415 4368 ᾀδόμενον,
1457 4297 1593 4350 ἀλλᾶ
1638 4298 1733 4350 καλ⁹
1763 4294 1840 4357 ὡς

250 4391 508 4454 ἀνάθεσις
561 4393 677 4444 ἔστι
717 4391 856 4457 πρὸς
906 4390 1042 4444 Θεὸν
1096 4389 1193 4442 τοῦ
1250 4391 1694 4460 κεκοιμημένον,
1737 4392 1832 4443 καὶ

246 4483 434 4550 δέησις
465 4483 606 4551 ὑπὲρ
636 4481 798 4535 αὐτοῦ
831 4480 965 4550 παρ’
1010 4483 1192 4553 ἡμῶν.
1273 4481 1338 4535 Ἦ
1384 4484 1517 4552 εὐχὴ
1565 4483 1623 4536 δὲ
1652 4482 1838 4536 τελευ-

247 4576 421 4638 ταῖον,
443 4574 519 4637 ὡς
548 4574 722 4642 δῶρόν
753 4575 873 4626 ἐστι
908 4575 1006 4626 καὶ
1038 4573 1345 4636 τελείωσις,
1380 4575 1479 4626 καὶ
1501 4575 1582 4635 είς
1611 4573 1710 4643 τὴν
1745 4573 1835 4626 τοῦ

249 4666 387 4718 θεοῦ
409 4667 715 4719 ἀπόλαυσιν
733 4666 1219 4736 παραπέμπουσα,
1243 4666 1338 4717 καὶ
1359 4668 1435 4726 ὡς
1459 4665 1838 4734 παραδιδοῦσα

249 4759 346 4811 τοῦ
367 4759 696 4822 ἀπελθόντος
713 4759 894 4828 ψυχὴν
917 4759 1013 4810 καὶ
1042 4757 1202 4826 σῶμα
1225 4756 1302 4827 τῷ
1323 4757 1465 4827 Θεῷ.
1490 4758 1581 4810 Διὸ
1601 4760 1693 4810 καὶ
1711 4757 1838 4827 ἄχρι

250 4847 349 4901 τοῦ
385 4851 562 4919 τάφου
596 4853 694 4903 σὺν
729 4851 809 4920 τῷ
840 4848 1590 4920 λειψάνῳ-παραγινόμεθα·
1625 4849 1720 4901 καὶ
1749 4850 1842 4900 τὺν

251 4943 551 5010 Τρισάγιον
572 4943 871 5012 ψάλλομεν,
906 4944 988 5006 εἰς
1017 4942 1119 5013 τὴν
1151 4943 1247 5012 τῆς
1281 4942 1514 5010 Τριάδος
1529 4939 1842 5008 δοεολογίαν

250 5036 347 5088 τοῦ
367 5039 526 5107 μόνου
547 5038 683 5090 Θεοῦ
704 5039 888 5107 ἡμῶν.
911 5037 1022 5091 Καὶ
1057 5035 1319 5088 κατατίθε
1331 5052 1432 5104 μεν
1453 5035 1530 5103 τῷ
1597 5036 1756 5104 τάφῳ
1780 5034 1842 5086 τὸ

254 5130 532 5196 λείψανον,
562 5131 658 5182 καὶ
687 5135 752 5201 τῇ
801 5133 871 5201 γῇ
922 5128 1334 5197 παραδιδόαμεν
1364 5129 1454 5180 διὰ
1483 5128 1594 5178 τῶν
1633 5127 1834 5195 εὐχῶν,

255 5219 766 5293 267πληροῦντες
792 5222 851 5274 τὸ
880 5221 1024 5274 θεῖον
1046 5221 1396 5290 πρόσταγμα,
1412 5221 1495 5285 τὸ,
1519 5239 1535 5271 ι
1565 5217 1640 5288 Γῆ
1664 5215 1736 5281 εἷ,
1753 5219 1848 5271 καὶ

257 5315 336 5373 εἰς
367 5313 469 5382 γῆν
498 5311 776 5383 ἀπελεύσῃ
818 5329 832 5344 ο
873 5331 890 5364 ι
936 5314 1028 5366 καὶ
1054 5314 1154 5380 τὴν
1175 5312 1473 5364 ἀνάστασιν
1496 5312 1551 5364 δὲ
1581 5308 1848 5381 κηρύττο-

262 5421 383 5472 μεν,
411 5405 814 5474 σφραγίςοντες
847 5403 910 5457 τδ
929 5404 1188 5473 λείψανον
1219 5404 1307 5457 διὰ
1341 5404 1436 5457 τοῦ
1473 5403 1712 5474 σταυροῦ
1751 5419 1766 5434 ⁶
1807 5404 1842 5473 ἢ

257 5495 437 5548 ἔλαιον
466 5497 617 5564 αὐτῷ
677 5500 963 5566 ἐκχέοντες
999 5497 1366 5564 σταυροειδῶς
1402 5499 1467 5550 ἐκ
1515 5497 1614 5564 τῆς
1662 5515 1844 5565 φωτα-

255 5588 522 5661 γωγοῦ,ἢ
563 5591 748 5642 σκεύει
771 5594 878 5643 τινί
910 5591 1012 5661 τὴν
1058 5591 1161 5658 γῆν
1209 5591 1589 5649 ἐπιϐάλλοντες
1614 5607 1631 5624 ο
1683 5592 1766 5644 ὅτι
1795 5592 1844 5644 el

255 5679 354 5729 καὶ
383 5679 563 5748 θνητοὶ
611 5682 982 5751 γεγενήμεθα,
1041 5681 1156 5734 ἀλλ’
1214 5684 1366 5751 ὅμως
1421 5681 1843 5752 ἀναστησόμεθα

254 5769 345 5823 διὰ
367 5769 458 5822 τοῦ
497 5771 635 5841 ὑπὲρ
672 5774 705 5842 ή
716 5774 830 5839 μῶν
853 5775 1229 5845 σαρκωθέντος
1261 5792 1320 5826 τε
1349 5775 1446 5826 καὶ
1476 5774 1844 5838 ἀποθανόντος

261 5879 446 5930 σαρκι,
485 5868 579 5918 καὶ
642 5870 999 5933 ἀναστάντος,
1057 5872 1151 5922 καὶ
1198 5871 1300 5936 τὴν
1359 5870 1654 5922 ἀνάστασιν
1708 5871 1844 5939 ἡμῖν

965 5996 992 6011 ἦ

2600 3488 2799 3524 moria.
2835 3489 2854 3520 ι

2009 3563 2178 3619 Porro
2213 3577 2335 3634 post
2369 3564 2768 3618 absolutionem
2799 3565 2858 3616 iit
2881 3562 2951 3617 de
2983 3563 3294 3616 dormiente
3324 3563 3540 3616 denun-

1938 3660 2094 3712 tiatio
2128 3677 2140 3712 :
2183 3657 2444 3711 uEterna
2488 3657 2778 3711 memoria.
2809 3673 2830 3707 ι
2859 3655 2932 3710 De
2957 3655 3182 3724 quibus,
3214 3669 3412 3724 nempe
3470 3658 3540 3710 de

1938 3754 2142 3822 hymno
2176 3748 2525 3804 salutationis
2556 3763 2618 3802 ac
2672 3747 3117 3812 denuntiatione.
3151 3755 3380 3800 sanctus
3420 3747 3539 3800 dis-

1937 3845 2114 3899 seruit
2169 3842 2490 3912 Dienysius,
2526 3839 2716 3908 dicens
2783 3837 2851 3891 de
2906 3836 3259 3891 salutationis
3312 3837 3538 3907 hymno,

1937 3939 2197 4006 quoniam
2245 3924 2486 3990 ostendit
2531 3948 2631 3986 nos
2679 3934 2927 3986 viventes
2963 3931 3012 3984 in
3040 3929 3259 3985 Christo
3307 3929 3540 3983 adunari

1939 4043 2062 4082 cum
2096 4027 2393 4082 defunctis.
2423 4036 2479 4080 et
2509 4025 2577 4079 de
2627 4023 3073 4088 denuntiatione,
3110 4021 3374 4092 quoniam
3411 4036 3540 4076 cum

1939 4118 2147 4182 sanctis
2205 4115 2462 4169 collocati
2513 4125 2638 4168 sunt
2676 4121 2733 4167 et
2787 4125 2977 4166 eorum
3034 4109 3356 4164 hmreditate
3391 4107 3543 4178 digni

1940 4223 2070 4267 sunt
2102 4211 2246 4265 sicut
2289 4220 2343 4264 et
2369 4209 2472 4262 (ide
2502 4206 2744 4267 fuerunt.
2787 4220 2997 4261 necnon
3034 4208 3131 4258 nos
3159 4202 3212 4256 id
3240 4200 3462 4256 credere
3484 4207 3544 4256 et.

1940 4315 2186 4365 eantare,
2242 4300 2338 4357 sed
2372 4311 2426 4356 et
2459 4316 2561 4355 nos
2605 4300 2971 4354 dormientem
3008 4296 3074 4351 ad
3107 4295 3275 4350 Deum
3339 4293 3545 4363 produ-

1939 4412 2065 4454 cere
2132 4405 2296 4462 atque
2355 4409 2455 4463 pro
2511 4407 2576 4447 eo
2606 4390 2915 4461 deprecari.
2974 4389 3220 4458 Denique
3255 4389 3314 4441 tit
3359 4385 3544 4440 oratio

1940 4489 2092 4544 velut
2149 4500 2356 4540 munus
2407 4493 2464 4539 et
2527 4483 2879 4537 consecratio
2917 4483 2972 4534 in
3009 4479 3420 4549 possessionem
3448 4478 3544 4532 Dei

1943 4580 2233 4642 inducens,
2261 4576 2488 4646 Deoque
2516 4576 2758 4630 animam
2797 4583 2852 4628 et
2883 4587 3088 4642 corpus
3109 4571 3357 4626 defuncti
3392 4583 3548 4622 corn-

1946 4671 2236 4726 mendans.
2288 4667 2642 4738 Quapropter
2689 4681 2866 4736 usque
2895 4665 2962 4718 ad
3009 4662 3283 4718 tumulum
3337 4676 3544 4730 corpus

1953 4763 2306 4824 comitamur,
2341 4774 2395 4814 et
2428 4759 2722 4828 Trisagion
2771 4757 3059 4824 psallimus
3095 4755 3150 4808 in
3187 4751 3545 4821 gloriﬁcatio-

1948 4871 2070 4908 nem
2106 4853 2394 4907 Trinitatis
2415 4853 2586 4905 unius
2621 4849 2712 4904 Dei
2750 4848 2949 4902 nostri.
3008 4845 3074 4900 Et
3105 4845 3316 4899 tumqu
3341 4857 3545 4911 corpus

1950 4946 2287 5013 imponimus
2348 4943 2491 5012 quod
2529 4952 2691 4995 terrae
2719 4937 3122 4994 committimus
3168 4936 3544 5004 deprecando,

1951 5037 2199 5091 divinum
2234 5035 2586 5103 adiiuplendo
2633 5030 2954 5084 mandatum
2987 5045 3002 5081 :
3037 5048 3054 5080 ι
3101 5027 3268 5081 Terra
3305 5042 3364 5081 es
3398 5036 3453 5081 et
3488 5026 3545 5080 in

1952 5142 2152 5184 terram
2180 5128 2470 5182 reverteris
2493 5142 2542 5190 ςι
2581 5131 2635 5177 et
2666 5121 3122 5176 resurrectionem
3153 5119 3543 5189 praedicamus,

1955 5224 2238 5291 signantes
2292 5234 2496 5288 corpus
2560 5233 2655 5286 per
2710 5229 2957 5278 crucem,
3015 5224 3110 5268 aut
3161 5214 3345 5268 oleum
3380 5230 3548 5284 super

1953 5331 2078 5369 eum
2141 5316 2193 5366 in
2258 5316 2491 5366 formam
2545 5309 2730 5364 crucis
2767 5307 3108 5362 ellundentes
3161 5323 3228 5362 ex
3294 5307 3550 5378 lampade

1953 5407 2164 5468 altaris,
2227 5405 2311 5459 vel
2349 5405 2538 5472 aliquo
2571 5402 2938 5456 instrumento
2967 5409 3170 5454 terram
3207 5399 3544 5470 injicientes.

1952 5504 2081 5572 quia
2132 5502 2234 5555 etsi
2291 5499 2549 5553 mortales
2600 5498 2796 5560 simus,
2833 5510 3188 5564 resurgemus
3225 5505 3408 5550 tamen
3449 5508 3546 5562 per

1954 5611 2079 5651 eum
2118 5596 2208 5664 qui
2241 5607 2341 5662 pro
2397 5592 2557 5646 nobis
2605 5591 2925 5644 incarnatus
2979 5603 3257 5657 earneque
3288 5594 3544 5641 mortuus

1930 5688 2290 5750 'resnrrcxit,
2339 5693 2393 5741 et
2438 5683 2906 5739 resurrectionem
2970 5682 3201 5752 largitus
3234 5689 3322 5734 est
3359 5679 3546 5744 nohis,

1935 5767 2165 5836 'neenon
2194 5781 2322 5849 quia
2376 5779 2462 5832 hic
2511 5778 2602 5847 qui
2646 5777 2910 5847 sepelitur
2942 5780 3212 5845 resurget,
3279 5771 3548 5840 quemad-

1957 5872 2176 5926 modum
2213 5871 2463 5925 Salvator
2500 5876 2686 5924 nostcr
2719 5865 3044 5924 resurrexit.
3093 5863 3218 5920 Ideo
3251 5873 3547 5934 postquam
