4046 6430
270 373 375 439 689

1440 379 1536 439 DE
1566 381 1668 441 Oli
1684 382 1862 442 iiINE
1903 384 2404 453 SEPULTURE.

3449 400 3568 464 691}

269 485 493 553 θρωπος
527 486 761 557 σπέρμα
786 490 884 545 καὶ
903 490 980 552 ὡς
1017 491 1232 561 καρπὸς
1262 490 1328 544 ἐκ
1375 491 1477 562 τῆς
1513 495 1638 561 γῆς,
1672 494 1769 548 καὶ
1792 495 1866 558 ὡς

1977 514 2142 567 quam
2204 502 2420 559 fructus
2483 514 2662 572 terrae,
2703 506 2787 560 vel
2846 515 3105 577 tanquam
3170 524 3402 577 granum
3451 511 3568 565 fru-

270 580 420 643 σῖτος
450 579 934 649 καταϐαλλόμενος
993 585 1074 646 είς
1102 583 1203 653 τὴν
1267 584 1389 654 γῆν,
1433 587 1573 640 Θεοῦ
1633 587 1866 657 δυνάμει

267 671 437 724 πάλιν
466 671 900 742 ἐξαναστήσεται
930 690 945 706 ο
984 674 1081 729 καὶ
1143 673 1257 730 οἷον
1307 678 1618 748 βλαστήσεις
1680 682 1737 733 ὲν
1787 680 1865 750 τῷ

270 762 549 835 μέλλοντι,
583 762 661 831 τῷ
726 764 948 838 Χριστῷ
993 768 1198 830 τέλειος
1246 771 1339 822 καὶ
1395 770 1504 833 ζῶν
1551 772 1868 841 προταχθή-

269 870 444 909 σεται.
478 854 645 925 268
684 854 774 918 Ὠς
804 857 916 928 γὰρ
942 860 970 911 6
999 857 1192 929 παρὼν
1216 860 1430 928 καρπὸς
1469 860 1735 914 θάπτεται
1766 860 1866 930 μὲν

268 945 331 996 ἐν
354 947 420 1013 τῇ
457 948 551 1016 γῇ,
588 947 877 1014 βλαστάνει
917 949 975 1002 δὲ
1026 952 1163 1020 μετὰ
1194 951 1389 1012 ταῦτα,
1448 954 1540 1006 καὶ
1595 952 1864 1021 πολύχουν

270 1039 596 1109 τελεσφορεϊ
648 1041 742 1094 τὸν
793 1042 1030 1111 καρπὸν,
1069 1043 1214 1097 οὕτω
1278 1044 1373 1098 καὶ
1435 1045 1743 1115 ἄνθρωπος,
1787 1045 1864 1114 τῷ

270 1135 492 1206 θανάτῳ
533 1138 600 1207 τῇ
661 1138 732 1205 γῇ
781 1136 1081 1204 διδόμενος,
1117 1140 1485 1209 ἀναστήσεται
1540 1139 1723 1203 αὖθις.
1753 1141 1864 1193 Kal.

270 1226 486 1290 Παῦλος
532 1226 694 1280 τοῦτό
751 1245 910 1297 φησι,
935 1230 1023 1284 διὰ
1055 1231 1520 1300 παραδειγμάτων
1552 1231 1658 1284 τῶν
1694 1247 1865 1299 σπερ-

224 1342 237 1351 -
275 1325 462 1389 μάτων
493 1323 663 1392 δήλην
728 1323 958 1393 θέμενος
1009 1325 1110 1393 τὴν
1169 1326 1492 1380 ἀνάστασιν.
1550 1325 1710 1388 Τινὲς
1764 1324 1865 1392 μὲν

273 1416 364 1468 οὖν
421 1433 608 1481 φασιν,
667 1417 742 1480 ὡς
773 1417 862 1471 διὰ
910 1420 971 1471 τὸ
1004 1420 1192 1487 θαῦμα
1222 1418 1318 1473 τοῦ
1378 1418 1695 1472 καλλινίκου
1725 1416 1866 1488 μάρ-

272 1523 436 1572 τυρος
471 1506 752 1577 Θεοδώρου
802 1507 966 1562 τοῦτο
1008 1509 1274 1580 τελοῦμεν
1328 1511 1391 1564 τδ
1446 1511 1556 1563 τῶν
1607 1508 1864 1578 καρπῶν.

274 1597 389 1650 οὐκ
412 1598 527 1650 ἔστι
558 1597 615 1650 δὲ
672 1599 833 1668 μόνον
867 1600 956 1653 διὰ
999 1601 1179 1667 τοῦτο,
1234 1600 1357 1654 ἐπεὶ
1391 1598 1677 1654 καὶτοῦτο
1718 1599 1867 1653 θεῖον

276 1691 369 1742 καὶ
424 1690 575 1756 παρὰ
624 1690 718 1743 τοῦ
780 1692 943 1757 Θεοῦ,
1005 1693 1147 1746 ἀλλὰ
1195 1693 1283 1746 διὰ
1348 1694 1450 1762 τὴν
1498 1692 1595 1747 τοῦ
1650 1693 1866 1748 Παύλου

278 1783 482 1850 μᾶλλον
535 1785 743 1854 φωνὴν,
772 1785 849 1849 ὼς
904 1787 1327 1858 εἰρήκαμεν.τὰ
1380 1787 1674 1857 σπέρματα
1726 1801 1868 1856 παρ-

275 1848 587 1940 εικάζοντος
624 1848 740 1941 τοῖς
801 1848 1126 1949 ἡμετέροις.
1157 1883 1399 1949 σώμασι,
1457 1848 1867 1948 καταϐαλλομε-
1905 1848 1944 1903 Β

276 1987 386 2033 νοις
436 1974 618 2024 τεκαὶ
666 1972 1084 2044 ἐγειρομένοις,
1138 1975 1491 2043 τιμιωτέροις
1559 1970 1712 2028 οὖσιν
1770 1976 1871 2029 αὑ-

277 2066 403 2118 τ·ῑ,ν.
441 2063 533 2116 Διὸ
573 2065 669 2116 καὶ
714 2065 776 2118 οὐ
833 2064 996 2134 μόνον
1055 2067 1226 2128 σῖτον,
1287 2066 1426 2119 ἀλλὰ
1480 2067 1575 2121 καὶ
1643 2066 1869 2120 πλεῖστα

275 2158 387 2210 τῶν
416 2154 594 2208 ἄλλων
640 2157 981 2225 σπερμάτων
1014 2200 1021 2205 η
1050 2156 1427 2225 προσάγομεν,
1465 2158 1559 2211 καὶ
1605 2152 1749 2211 οῐνον
1806 2158 1871 2209 ὲκ

277 2253 373 2305 τοῦ
415 2253 728 2319 γενήματος
776 2252 878 2320 τῆς
933 2253 1184 2321 ἀμπέλου
1218 2268 1233 2285 ’
1264 2251 1348 2306 ὄτι
1383 2252 1477 2305 καὶ
1515 2250 1677 2304 τοῦτο
1708 2250 1872 2318 ξύλου

279 2347 514 2414 καρπὸς,
553 2347 650 2398 καὶ
679 2345 762 2409 είς
807 2345 907 2416 τὴν
952 2344 1049 2399 τοῦ
1110 2345 1352 2415 Χριστοῦ
1398 2344 1537 2413 μετὰ
1568 2344 1662 2398 τοῦ
1719 2344 1870 2397 σίτου

277 2440 501 2511 ἑξελέγη
525 2441 745 2494 θυσίαν.
797 2439 911 2494 Καὶ
949 2441 1068 2499 ταῖς
1121 2442 1234 2492 τῶν
1289 2440 1465 2508 ἁγίων
1511 2440 1569 2493 δὲ
1624 2440 1871 2509 μνήμαις

277 2531 446 2585 ταῦτο
483 2533 894 2603 προσφέρομεν.
947 2533 1031 2587 ὅτι
1103 2535 1199 2586 καὶ
1249 2534 1405 2587 αὐτοὶ
1452 2534 1665 2605 καρπὸς
1714 2533 1871 2601 ἆγιος

279 2627 377 2681 καὶ
438 2626 887 2696 παραδεδομένοι
927 2629 994 2698 τῇ
1054 2629 1126 2698 γῇ
1170 2631 1284 2689 τοῖς
1348 2626 1516 2690 θείοις
1565 2625 1867 2696 λειψάνοις,

279 2721 378 2776 καὶ
419 2723 476 2774 ἐν
527 2720 752 2790 Χριστῷ
806 2721 1231 2789 ἀναστήσονται.
1275 2719 1604 2788 Ἐξαιρέτως
1669 2718 1727 2771 δὲ
1775 2725 1871 2777 καὶ

282 2817 445 2870 πλέον
487 2820 598 2870 τῶν
653 2814 832 2870 ἄλλων
899 2817 1187 2886 σπορίμων
1238 2816 1267 2868 6
1329 2817 1498 2879 σῖτος,
1551 2816 1634 2867 ὅτι
1685 2815 1778 2867 καὶ
1841 2811 1872 2863 6

282 2911 473 2980 Σωτὴρ
503 2911 564 2963 τὺ
616 2909 816 2963 ἑαυτοῦ
862 2909 1133 2976 πανάγιον
1195 2907 1354 2976 σῶμα
1412 2908 1547 2975 σίτῳ
1596 2903 1869 2973 παρείκα-

281 3021 397 3056 σεν.
447 3003 571 3055 Ἐὰν
601 3004 709 3071 γὰρ
780 3003 854 3073 μὴ
887 3004 915 3055 6
945 3002 1149 3063 κόκκος
1199 3000 1294 3054 τοῦ
1344 3001 1518 3064 σίτου,
1580 3003 1737 3069 φησι,
1769 3016 1870 3051 πε-

282 3097 391 3149 σὼν
412 3101 491 3160 εἰς
515 3098 615 3168 τὴν
645 3097 775 3166 γῆν,
807 3096 1077 3167 ἀποθάνῃ,
1132 3095 1295 3157 αὐτὸς
1330 3096 1493 3165 μόνος
1547 3095 1724 3163 μένει.
1775 3093 1871 3145 Ἐκ

1978 598 2147 649 urenti
2209 598 2262 652 iu
2332 609 2533 654 terram
2586 600 2871 669 injectum,
2932 599 3024 657 Dei
3075 606 3317 672 potentia
3366 605 3565 659 iterum

1974 699 2248 755 resurget,
2281 700 2336 746 et
2364 696 2698 760 germinans,
2731 705 2791 748 ut
2816 695 2889 749 ita
2922 695 3125 759 dicam,
3158 697 3211 749 in
3246 693 3563 753 vita'futura

1975 777 2201 835 Christo
2234 780 2508 850 perfectus
2542 798 2607 838 ac
2638 785 2829 838 vivens
2869 785 3155 841 offeretur.
3192 787 3330 841 Nam
3367 804 3565 856 quem-

1977 872 2275 928 admodum
2308 889 2496 930 semen
2531 877 2584 930 in
2610 884 2753 931 terra
2781 877 3064 947 sepelitur,
3088 881 3359 950 germinat
3382 892 3564 934 autem

1972 974 2166 1035 postea
2219 977 2275 1022 et
2323 969 2557 1023 multum
2622 968 2861 1024 fructum
2918 971 3097 1036 aﬂ'ert,
3138 973 3223 1029 ita
3280 983 3331 1027 et
3404 974 3571 1028 homo

1972 1069 2150 1114 morte
2183 1061 2343 1115 (latus
2377 1070 2556 1128 terrae,
2592 1077 2809 1117 rursum
2849 1074 3117 1133 resurget.
3177 1064 3332 1131 Quod
3365 1065 3567 1122 Paulus

1970 1152 2141 1216 dixit,
2220 1158 2470 1224 exemplo
2546 1159 2817 1211 seminum
2915 1159 3263 1214 manifestam
3361 1161 3567 1216 faciens

1972 1247 2460 1301 resurrectionem.
2540 1245 2796 1303 Nonnulli
2857 1251 3076 1318 quidem
3144 1263 3407 1306 asserunt
3465 1271 3566 1308 nos

1973 1334 2116 1391 hanc
2145 1335 2422 1391 fructuum
2463 1339 2793 1395 oblationem
2826 1341 3004 1397 facere
3057 1356 3279 1414 propter
3328 1346 3569 1401 miracu~

1973 1426 2087 1482 lum
2129 1428 2352 1497 gloriosi
2393 1434 2653 1505 martyris
2681 1434 2955 1490 Theodori
2986 1453 3002 1503 ;
3038 1439 3133 1491 sed
3159 1447 3371 1491 nonest
3402 1454 3567 1507 prop-

1974 1531 2063 1576 ter
2106 1522 2245 1578 istud
2276 1534 2512 1589 tantum,
2546 1527 2652 1581 etsi
2684 1527 2790 1583 hoc
2828 1531 2990 1583 etiam
3043 1530 3290 1584 divinum
3328 1532 3400 1586 sit
3452 1543 3506 1586 et
3534 1548 3563 1586 a

1976 1613 2089 1672 Deo
2133 1618 2473 1687 institutum,
2514 1621 2606 1677 sed
2668 1623 2868 1692 potius,
2925 1632 2985 1676 ut
3030 1624 3294 1692 diximus,
3346 1639 3567 1695 propter
3614 1664 3618 1667 -

1974 1710 2202 1766 verbum
2245 1712 2398 1769 Pauli
2449 1716 2543 1783 qui
2596 1717 2807 1773 semina
2860 1720 3204 1789 comparavit
3237 1720 3565 1788 corporihns

1978 1804 2183 1858 nostris
2209 1820 2331 1873 qua:
2349 1805 2559 1875 sepulta
2587 1809 2986 1863 resuscitantur
3019 1810 3177 1880 longe
3208 1811 3346 1878 ipsis
3381 1812 3558 1865 hono-

1976 1895 2257 1951 rabiliora.
2287 1896 2638 1969 Quapropter
2681 1914 2790 1954 non
2823 1902 3173 1956 solummodo
3200 1900 3564 1963 frumentum.

1977 1989 2071 2044 sed
2105 1998 2159 2043 et
2188 1991 2342 2058 plura
2395 1992 2503 2047 alia
2537 1995 2750 2049 semina
2802 1993 3085 2051 oderimus
3142 1997 3444 2064 vinumque
3496 2013 3561 2050 ev

1975 2079 2251 2148 genimine
2296 2082 2447 2148 vitis,
2483 2085 2744 2152 quoniam
2795 2086 2901 2141 hoc
2943 2099 3163 2155 quoque
3214 2084 3429 2141 fructus
3482 2098 3569 2141 est

1976 2172 2132 2242 ligni,
2164 2183 2218 2228 et
2250 2190 2372 2229 cum
2404 2174 2684 2232 frumento
2734 2177 2790 2232 in
2837 2178 3173 2232 sacrificium
3209 2176 3415 2233 Christi
3469 2178 3570 2234 fuit

1973 2267 2235 2322 electum.
2271 2266 2398 2323 Haec
2452 2283 2588 2324 vero
2626 2269 2793 2325 etiam
2826 2270 2880 2325 in
2943 2271 3569 2327 commemorationibus

1975 2374 2293 2420 sanctorum
2328 2363 2633 2430 oderimus.
2662 2368 2922 2438 quoniam
2957 2367 3059 2439 ipsi
3098 2385 3319 2441 quoque
3353 2369 3570 2423 fructm

1974 2464 2202 2510 sanctus
2238 2466 2397 2512 terrae
2437 2458 2642 2527 pariter
2701 2462 2910 2516 sanctis
2961 2461 3210 2530 reliquiis
3272 2463 3558 2516 commissi

1975 2548 2028 2602 in
2083 2548 2306 2605 Christo
2356 2561 2666 2621 resurgent.
2723 2552 2830 2608 Sed
2883 2554 3188 2625 prmsertim
3241 2564 3297 2609 et
3354 2557 3408 2609 in
3453 2571 3571 2609 ma-

1968 2641 2074 2712 jori
2115 2644 2238 2699 aliis
2309 2645 2611 2701 seminibus
2675 2648 2873 2718 copia,
2913 2647 3148 2703 offertur
3200 2649 3565 2712 frumentum,

1973 2739 2233 2806 quoniam
2305 2738 2558 2793 Salvator
2619 2753 2826 2808 corpus
2897 2754 3059 2796 suum
3152 2740 3568 2796 sanctissimum

1971 2829 2249 2887 frumento
2280 2834 2622 2904 comparavit
2654 2836 2843 2889 dicens
2877 2850 2892 2888 :
2952 2851 2971 2885 ι
3000 2833 3117 2891 Nisi
3170 2851 3403 2907 granum
3457 2834 3570 2887 fru-

1973 2929 2143 2982 menti
2214 2929 2419 2983 cadens
2476 2930 2529 2982 in
2599 2938 2746 2983 terra
2801 2937 3083 2984 mortuum
3142 2928 3329 2994 fuerit,
3389 2929 3567 2996 ipsum

1972 3023 2148 3077 solum
2188 3031 2395 3084 manet,
2419 3040 2436 3073 ι
2472 3039 2583 3092 quo
2618 3039 2774 3077 suam
2811 3023 3035 3078 exhibet
3060 3027 3566 3083 resurrectionem:
3644 3080 3649 3087 ,

1982 3133 2000 3166 ι
2029 3114 2073 3170 si
2108 3130 2240 3170 vero
2279 3126 2554 3169 mortuum
2584 3115 2769 3183 fuerit,
2792 3117 3019 3169 multum
3060 3114 3298 3169 fructum
3328 3117 3511 3170 affert.
3545 3134 3563 3166 ι

275 3193 472 3245 τούτου
494 3190 554 3243 δὲ
578 3191 820 3261 παριστᾷ
848 3189 947 3243 καὶ
1000 3189 1102 3260 τὴν
1147 3187 1315 3242 αὑτοῦ
1371 3186 1613 3260 ἔγερσιν.
1651 3186 1777 3239 Ἐὰν
1813 3186 1870 3240 δὲ

1983 3209 2169 3265 Viden’
2199 3226 2369 3280 quare
2401 3212 2739 3266 frumentum
2772 3208 3175 3279 proponimus?
3215 3211 3445 3280 Insuper
3493 3228 3560 3264 ex

281 3286 551 3356 ἀποθάνῃ,
576 3284 746 3338 πολὺν
796 3283 1015 3352 καρπὸν
1062 3284 1245 3352 φέρει.
1291 3281 1458 3355 Ὁρᾷς
1523 3280 1668 3333 διατί
1724 3281 1871 3333 σῖτον

280 3382 617 3453 προτίθεμεν
651 3396 667 3449 ;
713 3380 880 3434 Ἀλλὰ
915 3381 1013 3434 καὶ
1047 3379 1112 3431 ὲκ
1161 3378 1310 3431 σίτου
1370 3379 1479 3441 πᾶς
1524 3376 1733 3448 ἀληθὴς
1775 3376 1875 3447 ἄρ⁸

277 3492 394 3537 τος.
427 3475 521 3527 Διὸ
548 3476 642 3527 καὶ
702 3472 940 3543 Χριστὸς
996 3474 1025 3525 6
1078 3472 1334 3543 ἀληθινὸς
1397 3471 1492 3523 καὶ
1555 3471 1667 3533 ζῶν
1707 3470 1871 3539 ἄρτος

278 3563 364 3628 εἷς
397 3582 411 3596 ·
445 3566 502 3629 ὃς
530 3566 625 3618 καὶ
662 3563 827 3633 ἄρτον
867 3565 967 3635 τῆς
1018 3562 1161 3631 ζωῆς
1224 3562 1422 3616 ἑαυτὸν
1469 3560 1829 3629 κατωνόμασε
1854 3572 1869 3588 ·

276 3657 351 3711 δι’
382 3658 472 3729 ἣν,
505 3658 581 3720 ὡς
610 3652 789 3726 οἶμαι,
818 3655 1001 3710 αίτίαν
1049 3656 1142 3709 καὶ
1203 3654 1442 3724 ὲξαρχῆς
1497 3655 1631 3723 ἡμῖν
1695 3653 1871 3722 τροφὴ

278 3754 399 3822 τοῖς
442 3751 756 3822 ἀνθρώποις
787 3752 816 3803 6
875 3752 1024 3813 σῖτος
1071 3748 1283 3802 δέδοται
1316 3767 1332 3780 ι
1373 3747 1469 3801 καὶ⁵
1527 3747 1609 3800 ἔτι
1669 3746 1872 3816 μᾶλλον

283 3821 373 3900 δια
401 3846 462 3897 τὸ
491 3821 723 3915 ὲνᾶρτῳ
754 3843 833 3916 τῷ
887 3845 953 3896 ὲκ
1000 3841 1098 3895 τοῦ
1161 3842 1313 3896 σίτου
1369 3840 1586 3911 μέλλειν
1651 3841 1871 3911 δοθῆναι

280 3938 531 4006 τίνεσθαι
557 3940 627 3991 τὰ
673 3941 974 4009 μυστήρια.
1015 3938 1190 4008 Τρίτα
1233 3938 1305 3990 δὲ’
1337 3935 1717 3989 ἐπιτελοῦνται
1758 3935 1873 3987 -καὶ

279 4038 499 4101 ἔννατα,
532 4037 629 4089 καὶ
661 4037 727 4088 τὰ
755 4034 941 4101 λοιπὰ,
974 4033 1272 4107 ἐξαιρέτως
1307 4033 1408 4103 μὲν
1432 4032 1522 4087 διὰ
1565 4034 1667 4104 τὴν
1705 4032 1873 4103 Τριά-

278 4135 367 4197 δα,
398 4134 479 4186 ὅτι
505 4131 636 4204 παρ’
662 4129 836 4200 αὐτῆς
862 4132 999 4201 ἡμῖν
1027 4131 1089 4181 τὸ
1111 4124 1253 4183 εἶναι
1286 4130 1381 4182 καὶ
1408 4128 1441 4199 ἡ
1472 4125 1609 4197 ζωὴ,
1639 4126 1735 4180 καὶ
1774 4125 1870 4180 τοῦ

280 4227 517 4280 θανάτου
550 4225 943 4293 συμφερόντως
973 4224 1109 4293 ἡμῖν
1129 4222 1472 4285 ἐπελθόντος,
1505 4219 1714 4291 αὖθιςή
1742 4220 1873 4272 ἁνα-

278 4321 518 4386 ζὼωσις.
544 4318 679 4373 Φασὶ
706 4318 763 4373 δέ
793 4334 959 4380 τινες,
991 4318 1085 4371 καὶ
1121 4316 1209 4370 διὰ
1244 4315 1344 4388 τὴν
1394 4317 1614 4385 γένεσιν
1643 4314 1739 4368 τοῦ
1778 4314 1871 4366 ἀν-

278 4417 503 4481 θρώπου
529 4432 543 4446 ·
575 4414 660 4468 ὅτι
691 4408 1132 4480 καταϐληθέντος
1166 4410 1262 4464 τοῦ
1332 4409 1654 4478 σπέρματος
1697 4410 1758 4460 ἐν
1804 4409 1868 4478 τῇ

1983 3298 2258 3354 frumento
2290 3299 2471 3353 omnis
2517 3314 2682 3354 verus
2736 3299 2915 3368 panis,
2965 3299 3091 3353 ideo
3124 3298 3383 3355 Christus
3418 3301 3570 3355 solus

1976 3400 2059 3444 est
2093 3406 2256 3446 verus
2307 3390 2576 3461 vivusque
2631 3392 2788 3461 panis
2820 3392 2913 3461 qui
2991 3392 3156 3446 etiam
3208 3395 3566 3461 semetipsum

1980 3499 2173 3552 panem
2206 3484 2329 3537 vita}
2369 3484 2797 3555 cognominavit,
2831 3484 3117 3554 quoniam,
3148 3497 3208 3540 ut
3238 3501 3458 3552 censeo,
3502 3487 3572 3540 ab

1978 3575 2136 3628 initio
2176 3576 2333 3629 nobis
2371 3577 2689 3631 hominibus
2728 3575 3063 3631 frumentum
3102 3579 3155 3633 in
3189 3593 3373 3633 escam
3400 3581 3568 3633 datus

1977 3677 2083 3729 est,
2116 3669 2197 3722 vel
2230 3668 2413 3736 potius
2457 3669 2585 3735 quia
2640 3668 2695 3723 iu
2725 3683 2866 3737 pane
2913 3678 2977 3724 ex
3012 3670 3197 3724 tritico
3227 3673 3566 3727 conficienda

1976 3770 2132 3815 erant
2166 3762 2450 3833 mysteria.
2478 3761 2665 3817 Tertia
2696 3771 2879 3818 autem
2923 3764 3012 3819 die
3051 3779 3115 3818 ac
3153 3780 3291 3819 nona
3321 3774 3373 3819 et
3406 3776 3568 3821 caete-

1980 3849 2053 3904 ris
2086 3851 2411 3905 memoriam
2461 3849 2703 3906 defuncti
2738 3850 2976 3907 facimus
3005 3853 3306 3921 praesertim
3343 3855 3563 3923 quidem

1978 3951 2202 4009 propter
2256 3940 2609 4006 Trinitatem,
2669 3945 2947 4013 quoniam
3000 3945 3069 3997 ah
3120 3945 3239 4014 ipsa
3291 3946 3449 4001 nobis
3484 3953 3568 3999 est

1975 4047 2099 4086 esse
2155 4042 2211 4086 et
2255 4032 2441 4087 vivere
2489 4033 2576 4088 vel
2629 4035 2817 4099 etiam,
2858 4040 3035 4090 morte
3066 4036 3228 4105 nobis
3267 4036 3320 4089 in
3360 4039 3563 4090 bnmnn

1976 4126 2420 4193 Superveniente,
2456 4127 2811 4183 reviviscere.
2850 4127 3048 4182 Dicunt
3077 4143 3208 4182 vero
3259 4129 3426 4197 aliqui
3463 4131 3564 4182 hnc

1975 4219 2140 4272 etiam
2176 4219 2288 4272 fieri
2321 4229 2545 4290 propter
2578 4220 2921 4276 nativitatem
2959 4221 3222 4286 hominis,
3275 4223 3564 4291 quoniam,

1976 4312 2187 4366 semine
2222 4314 2274 4366 in
2323 4321 2543 4368 uterum
2603 4313 2875 4378 immisso,
2924 4313 3197 4367 formatur
3245 4314 3429 4368 infans
3478 4314 3567 4367 die

1978 4408 2159 4466 tertia,
2196 4419 2335 4457 noun
2364 4406 2760 4474 compingitur,
2791 4407 3286 4476 etquadragrsima
3324 4408 3567 4459 viritim-

280 4509 490 4579 μήτρᾳ.
522 4505 827 4576 μορφοῦται
860 4504 923 4558 τδ
954 4503 1156 4574 βρέφος
1188 4504 1247 4554 ἐν
1289 4504 1354 4573 τῇ
1415 4502 1576 4573 τρίτῃ
1617 4516 1631 4530 σ
1673 4503 1739 4573 τῇ
1784 4503 1868 4553 ὲν-

1980 4508 2069 4551 tur
2110 4513 2177 4553 ac
2223 4499 2526 4568 perficitur.
2581 4497 2767 4553 Putari
2821 4509 3003 4554 autem
3063 4509 3240 4569 potest
3299 4494 3566 4554 iul’anteni

277 4605 418 4675 νὰτῃ
442 4603 498 4656 δὲ
546 4602 846 4672 πήγνυται,
897 4597 991 4653 καὶ
1038 4599 1104 4668 τῇ
1165 4596 1578 4666 τεσσαρακοστῇ
1631 4594 1866 4658 ζωοῦται

279 4697 374 4750 καὶ
403 4694 722 4749 τελειοῦται.
757 4693 916 4744 Ἐστι
943 4691 988 4741 δ’
1022 4690 1244 4753 ἐννοεῖν,
1278 4689 1361 4742 ὅτι
1410 4691 1508 4744 καὶ
1563 4687 1641 4759 τῷ
1698 4689 1869 4762 τρίτῳ

281 4792 416 4861 μηνὶ
475 4789 716 4859 σκιρτᾷο
749 4786 841 4839 καὶ
893 4784 971 4855 τῷ
1020 4780 1167 4855 ἓκτερ
1216 4783 1420 4836 τέλειόν
1470 4784 1586 4835 ἐστι
1646 4784 1869 4853 βρέφος,

280 4885 373 4936 καὶ
404 4882 484 4953 τῷ
511 4884 716 4951 ἐννάτῳ
746 4879 1013 4933 τίκτεται.
1044 4877 1156 4930 Καὶ
1211 4877 1293 4929 ἔτι
1350 4877 1622 4943 ἐνιαύσια,
1682 4879 1764 4932 ὅτι
1810 4877 1873 4931 τὸ

279 4975 468 5045 τεχθὲν
499 4977 555 5025 ἐν
585 4971 663 5043 τῷ
692 4972 862 5043 τρίτῳ
897 4973 1027 5042 μηνὶ
1062 4969 1406 5037 αἰσθάνεται,
1460 4974 1557 5025 καὶ
1616 4973 1739 5026 κατ’
1765 4972 1873 5024 6).!-

276 5086 376 5137 γον
438 5067 685 5133 αὔξεται,
746 5066 1064 5128 ἀλλοιώσεις
1125 5066 1415 5136 δεχόμενος
1478 5066 1766 5134 ἄνθρωπος
1815 5069 1872 5119 ἐν

278 5160 499 5230 ἑκάστῳ
523 5158 634 5211 ἔτει
683 5158 776 5210 καὶ
817 5157 959 5208 ἑτῶν
1007 5159 1206 5227 τριάδι.
1263 5159 1359 5210 καὶ
1423 5157 1626 5226 μᾶλλον
1674 5159 1731 5209 ἐν
1793 5155 1872 5227 τῷ

274 5250 543 5318 ἄρχεσθαι
564 5249 662 5318 τὴν
696 5247 888 5318 τρίτην
924 5248 1140 5318 τριάδα,
1191 5248 1312 5318 ἣτις
1362 5248 1513 5313 ἐστὶν
1544 5247 1576 5316 ή
1638 5248 1868 5316 ὲέδόμη,

274 5343 364 5396 διλ
388 5341 450 5415 τὸ
484 5341 737 5395 σύνθετον
768 5336 911 5395 εἶναι
945 5338 1035 5391 τὸν
1066 5338 1382 5408 ἄνθρωπον.
1432 5340 1527 5391 καὶ
1584 5339 1660 5408 μὴ
1713 5340 1870 5392 δύνα-

277 5437 404 5489 σθαι
454 5436 735 5506 περαίνειν
787 5434 844 5486 τὸ
887 5435 1103 5503 τριττὸν
1154 5435 1254 5501 τῆς
1314 5432 1551 5503 τριάδος,
1613 5433 1749 5502 ὅπερ
1802 5433 1871 5486 τὰ

275 5531 430 5581 ἐννέα
455 5529 623 5591 ἐστὶν,
658 5529 714 5580 ἐν
735 5521 816 5590 οἷς
855 5528 882 5579 6
923 5526 1159 5597 ἀριθμὸς
1192 5527 1304 5579 τῶν
1326 5528 1536 5592 τάξεων
1591 5530 1701 5579 τῶν
1773 5528 1871 5596 ἀγ-

274 5621 516 5689 γελικῶν
543 5638 558 5654 ·
589 5622 666 5684 ὡς
699 5619 982 5687 ἀσώματοι
1028 5621 1136 5690 γὰρ
1181 5612 1328 5672 οὗτοι
1373 5621 1466 5673 καὶ
1518 5621 1635 5683 νόες
1681 5622 1864 5691 μόνον,

273 5709 656 5780 ὲντελέστερον
682 5708 857 5778 τούτῳ
878 5707 941 5779 δὴ
964 5709 1062 5761 καὶ
1086 5709 1173 5780 ,τῷ
1208 5709 1432 5781 ἀριθμῷ
1489 5711 1701 5763 ἑαυτῶν
1733 5711 1869 5764 aea-

275 5805 451 5865 νάτως
483 5803 707 5867 ζῶντες,
745 5800 1043 5855 ἑκτυποῦσι
1078 5801 1175 5872 τὴν
1224 5802 1388 5869 ἁγίαν
1434 5803 1642 5874 Τρεάδα
1666 5821 1680 5835 ·
1717 5808 1867 5872 τρεῖς

272 5896 489 5968 τριάῗες
525 5897 632 5969 γὰρ
661 5899 727 5955 τὰ
749 5896 902 5952 ἐννέα
934 5908 947 5928 ⁸
979 5895 1097 5950 ἀλλ’
1148 5896 1306 5967 ήμῶν
1363 5898 1438 5961 ὡς
1476 5898 1748 5952 συνθέτων
1780 5900 1867 5954 ἐϐ-

1979 4605 2167 4645 mense
2190 4592 2351 4646 tertio
2374 4592 2673 4658 ettsultare,
2695 4602 2851 4648 sexto
2876 4594 3172 4661 perfectum
3190 4604 3400 4656 esse,et
3424 4610 3569 4648 nouo

1981 4686 2264 4756 parturiri.
2302 4687 2498 4756 Agitur
2545 4689 2710 4741 etiam
2773 4689 3239 4754 anniversarium,
3303 4691 3564 4756 quoniam

1980 4778 2162 4833 infans
2195 4790 2355 4834 natus
2384 4793 2575 4834 mense
2606 4780 2768 4834 tertio
2814 4781 3001 4845 sentit,
3042 4791 3096 4834 et
3136 4782 3397 4850 paulatim
3451 4800 3567 4835 cre-

1979 4877 2081 4928 scit
2149 4877 2482 4932 mutationes
2551 4877 2829 4944 accipiens
2890 4879 3057 4929 homo
3113 4878 3344 4946 singulis
3405 4881 3565 4931 anuis

1978 4968 2321 5040 singulisque
2376 4980 2650 5024 annorum
2717 4970 3080 5035 terniouibus,
3152 4982 3206 5022 et
3259 4974 3561 5039 praesertim

1976 5067 2105 5117 dum
2143 5064 2335 5134 incipit
2368 5064 2564 5118 tertius
2586 5061 2775 5117 ternio
2799 5062 2889 5130 qui
2920 5071 3004 5116 est
3056 5063 3327 5131 septimus
3360 5080 3561 5126 nimus,

1974 5155 2237 5227 quoniam
2277 5138 2459 5211 homo
2488 5164 2622 5209 tunc
2660 5152 2948 5225 perfectus
2977 5163 3059 5208 est
3112 5170 3289 5223 neque
3336 5154 3560 5208 tertium
3632 5166 3637 5173 ‘

1977 5252 2281 5305 ternionem
2341 5263 2614 5303 annorum
2679 5243 3035 5316 prmtergredi
3102 5255 3282 5317 potest
3333 5262 3396 5302 ex
3455 5266 3564 5316 quo

1977 5360 2170 5399 novem
2204 5342 2333 5397 anni
2365 5349 2623 5397 constant
2660 5343 2713 5396 in
2747 5340 2951 5412 quibus
3003 5341 3374 5412 angelicorum
3406 5345 3562 5396 ordi-
3636 5391 3641 5396 .

1975 5452 2105 5488 num
2163 5434 2443 5490 invenitur
2488 5447 2752 5488 numerus
2797 5450 2812 5498 ;
2852 5433 2904 5486 hi
2964 5435 3110 5487 enim
3186 5445 3380 5489 natura
3441 5450 3561 5497 sua,

1972 5543 2140 5594 (llillm
2167 5529 2279 5583 sint
2305 5527 2615 5598 incorporei
2647 5534 2703 5581 et
2722 5526 3018 5596 spiritales,
3054 5535 3263 5580 tantum
3292 5537 3344 5579 et
3366 5528 3559 5593 exqui-

1972 5623 2135 5677 sitius
2202 5637 2433 5676 numero
2501 5636 2630 5688 suo,
2691 5621 3062 5674 immortalem
3147 5619 3312 5673 vitam
3376 5618 3557 5686 adipti

1972 5726 2221 5771 sanctam
2280 5714 2608 5769 Trinitatem
2688 5721 3104 5783 reprzesentant.
3174 5713 3385 5781 Quippe
3447 5719 3559 5765 tres

1972 5811 2174 5864 triadrs
2225 5826 2418 5864 novem
2477 5809 2721 5875 fni-inut;
2781 5808 2941 5861 nobis
3015 5823 3146 5861 vero
3203 5823 3300 5877 per
3350 5814 3557 5878 septem

1973 5918 2147 5957 anuns
2182 5904 2285 5958 sita
2323 5901 2623 5974 perficitur,
2656 5912 2708 5954 et
2751 5901 3005 5956 similiter
3050 5900 3433 5968 mutationes;
3479 5911 3559 5955 at-
