4056 6442
569 384 670 451 691

1428 386 1814 447 SYMEONIS
1854 386 2621 447 THESSALONICENSIS
2659 384 3012 446 ABCllIEP.
3689 388 3769 449 διε
3842 362 3845 365 ’

574 497 837 560 tiugimus
868 497 1090 566 quidem
1119 498 1187 552 ad
1228 496 1442 552 tertiatn
1473 498 1775 553 trinitatem
1820 514 1919 568 per
1946 514 2142 553 annum

2257 496 2587 567 δοματικὴή
2648 492 2784 566 ζωὴ,
2845 495 2940 547 καὶ
2989 492 3045 545 αἱ
3089 492 3403 556 ’ἀλλοιώσεις
3456 493 3659 562 ὁμοίωςο
3697 503 3768 550 καὶ

573 588 888 655 septimum.
920 591 1013 643 sed
1044 604 1151 643 non
1187 604 1477 658 possumus
1507 591 1749 658 perfecte
1792 606 1888 661 per
1943 605 2149 658 corpus

570 680 880 746 exprimere
901 679 1228 735 Trinitatem
1254 698 1419 752 quam
1447 682 1556 737 alio
1584 684 1767 748 modo,
1800 694 1859 737 ut
1888 683 2150 752 possibile

573 779 678 828 est,
709 781 1188 837 repraesentamus,
1214 783 1394 826 mente
1421 773 1629 827 scilicet
1653 782 1839 827 nostra
1873 773 2151 840 verboque

578 875 643 910 ac
686 862 882 925 spiritu
919 863 984 914 ad
1013 864 1300 931 imaginem
1341 865 1429 917 Dei
1458 866 1653 919 creati:
1684 864 1842 919 Unde
1874 866 2005 921 dum
2035 868 2149 921 haec

570 950 825 1017 fat-imus,
860 953 1060 1023 dieque
1090 957 1246 1008 tertia
1285 967 1338 1009 et
1375 959 1588 1010 caneris
1627 958 1947 1010 memoriam
2000 959 2146 1010 laci-

565 1040 1063 1107 mus,'Trinitatem
1094 1055 1465 1098 monstramus
1487 1060 1549 1099 ac
1573 1045 2148 1114 prtedicamus,nohis-

571 1148 681 1197 que
708 1149 804 1201 per
833 1150 954 1186 eam
982 1151 1106 1189 esse
1149 1136 1310 1189 vilam
1338 1147 1502 1205 atque
1532 1136 1788 1190 salutem.
1824 1138 1986 1191 Bonae
2019 1139 2148 1205 qui-

567 1224 690 1278 dem
724 1233 853 1280 suut
882 1226 998 1279 istae
1041 1229 1421 1295 cogitationes.
1475 1244 1645 1295 qumn
1704 1229 1830 1283 inde
1877 1230 2149 1283 lati-amur

566 1331 666 1368 nos
720 1316 868 1370 nasci
907 1329 961 1370 et
1006 1334 1127 1372 θεεοε
1156 1335 1185 1372 a
1247 1319 1354 1370 lien
1408 1330 1576 1386 atque
1623 1336 1721 1385 pro
1784 1321 1957 1389 gloria
1998 1321 2143 1389 ejus.

564 1406 807 1462 Ecclesia
853 1409 1212 1476 spiritualiter
1243 1422 1297 1462 et
1323 1411 1590 1464 divinitus
1621 1411 1855 1478 judicat,
1902 1413 2148 1481 ritusque

562 1499 925 1555 ecclesiastici
958 1517 1305 1569 nequaquam
1342 1519 1406 1555 ex
1438 1504 1800 1558 sensibililms
1831 1513 2093 1559 constant
2127 1519 2142 1566 ;

563 1590 711 1645 unde
753 1590 883 1645 dum
915 1604 1168 1649 mortuus
1199 1594 1266 1647 ad
1301 1596 1560 1664 templum
1591 1597 1843 1656 alien-tur.
1871 1607 2146 1652 monstra-

561 1689 657 1739 tur
700 1699 825 1739 eum
860 1699 888 1738 a
925 1688 1033 1741 Deo
1086 1688 1257 1743 fuisse
1308 1700 1581 1753 creatum,
1616 1701 1670 1744 et
1702 1691 2000 1747 defunctus
2031 1690 2145 1746 Deo

562 1787 951 1845 praesentatnr.

1043 1975 1274 2031 CAPUT
1313 1977 1657 2032 CCCLXXH.

561 2067 738 2134 Quare
767 2069 948 2133 tertia,
976 2085 1116 2124 nona
1144 2079 1191 2122 el
1218 2071 1625 2136 quadragesima
1653 2071 1737 2124 die
1767 2070 2005 2138 defuncti
2032 2089 2142 2127 me-

1092 2144 1263 2193 moria
1292 2142 1599 2221 celebretur.

627 2229 710 2286 0b
737 2231 880 2286 hanc
903 2246 1033 2285 vero
1051 2246 1269 2287 causam
1299 2234 1618 2287 memoriam
1643 2236 1882 2290 defuncti
1908 2235 2143 2291 iacimus

559 2325 646 2379 tlte
684 2326 865 2390 tertia,
898 2326 1159 2393 quoniam
1210 2327 1298 2392 qui
1347 2342 1377 2378 a
1418 2326 1687 2379 Triuitate
1719 2328 1885 2380 vitam
1936 2330 2143 2396 aet-epit

560 2418 611 2469 in
652 2417 929 2472 nit-liorem
968 2420 1133 2471 vitam
1168 2427 1469 2473 translatus
1511 2421 1905 2487 cttnSpicictur,
1954 2425 2006 2474 in
2046 2437 2142 2473 tta-

559 2518 735 2561 turam
767 2524 794 2561 a
833 2508 939 2563 Deo
971 2524 1209 2563 ercaiam
1246 2513 1314 2564 ab
1347 2511 1522 2569 initio.
1553 2512 1633 2565 vel
1669 2512 1833 2565 etiam
1867 2513 1920 2565 iu
1952 2513 2142 2566 melio-

559 2616 671 2653 rem
707 2600 1049 2654 immutatns.
1086 2600 1239 2655 Noua
1302 2613 1482 2657 autem
1518 2604 1607 2657 die
1656 2606 1714 2657 lit
1749 2604 2026 2665 similiter,
2085 2615 2144 2657 ut

558 2691 808 2761 ipsejam
862 2693 1091 2762 spiritus
1121 2708 1150 2748 a
1197 2711 1434 2764 corpore
1484 2696 1699 2751 solutus
1750 2712 1877 2752 cum
1936 2699 2144 2752 sanctis

557 2786 846 2855 spiritibus
909 2787 1121 2855 angelis
1188 2788 1512 2851 cuilucrtur,
1575 2789 1778 2857 quibus
1837 2792 2138 2844 secundum

558 2888 812 2933 naturam
864 2879 1063 2933 similis
1109 2880 1287 2933 lactus
1333 2892 1440 2942 cst,
1494 2898 1618 2934 cum
1673 2897 1864 2934 novem
1912 2898 2141 2937 mumero

559 2972 851 3026 ordinibus
887 2972 979 3041 qui
1017 2982 1099 3024 ιρι·
1158 2975 1324 3026 lieum
1374 2973 1427 3025 iu
1464 2973 1735 3026 'l‘riuitate
1786 2976 2137 3041 praedicatum

561 3065 857 3125 celebrant,
911 3074 1076 3134 atque
1133 3082 1259 3117 rum
1321 3066 1453 3132 ipsis
1522 3077 1837 3120 sanctorum
1891 3069 2140 3123 omnium

557 3159 851 3228 spiritibus
905 3158 1271 3214 coadnnetur.
1338 3157 1537 3213 Verum
1576 3162 2000 3230 quadragesima
2054 3161 2142 3216 die

2257 591 2545 658 ἁπτόμεθα
2570 590 2671 658 μὲν
2692 591 2854 658 ἡμεῖς
2871 589 2971 656 τῆς
2991 588 3182 656 τρίτης
3216 586 3431 655 τριάδος
3454 586 3538 639 διὰ
3580 589 3664 654 τῆς
3702 588 3771 640 ἐϐ-

2251 684 2444 754 δὸμης,
2467 685 2529 736 οὗ
2548 682 2826 752 δυνάμεθα
2851 682 2909 735 δὲ
2950 681 3251 750 ἐμφανίσαι
3299 680 3491 741 τέλεως
3515 679 3594 732 διὰ
3615 679 3667 733 τὸ
3692 680 3772 732 erit.

2256 773 2425 842 μα,εί
2456 774 2552 826 καὶ
2585 771 2786 840 ἑτέρως
2820 770 2919 840 τὴν
2968 768 3177 839 Τριάδα
3229 769 3305 831 ὡς
3355 766 3573 821 δυνατὸν
3617 768 3773 821 duovi-

2252 864 2437 927 ζομεν,
2473 861 2550 931 τῷ
2568 860 2651 914 νοῒ
2674 861 2829 930 ἡμῶν
2849 861 2946 914 καὶ
2990 860 3135 929 λόγῳ
3183 859 3277 912 καὶ.
3305 859 3565 927 πνεύματι
3593 858 3695 910 κατ’
3718 859 3774 910 εἱ-

2253 954 2383 1008 κόνα
2412 948 2548 1006 Θεοῦ
2580 952 2915 1015 κτισθέντες.
2951 951 3116 1005 Ὅθεν
3173 952 3268 1005 καὶ
3326 949 3495 1003 ταῦτα
3539 950 3773 1018 γινόμενα,

2250 1046 2403 1113 τρίτα
2433 1063 2491 1098 τε
2520 1048 2614 1098 καὶ
2642 1046 2711 1098 τὰ
2744 1045 2931 1109 λοιπὰ,
2956 1046 3056 1117 τὴν
3088 1044 3295 1115 Τριάδα
3354 1040 3561 1113 δηλοῦσί
3604 1057 3657 1093 τε
3706 1042 3776 1092 καὶ

2250 1134 2585 1203 κηρύττουσι
2615 1150 2631 1166 ·
2668 1138 2763 1190 καὶ¹
2796 1135 2871 1199 ὡς
2889 1136 2977 1189 διὰ
3001 1132 3204 1203 ταύτης
3233 1134 3411 1187 πάντα
3447 1133 3573 1201 ἡμῖν
3603 1131 3662 1183 τὰ
3699 1130 3775 1195 τῆς

2251 1228 2397 1297 ζωῆς
2454 1230 2550 1282 καὶ
2595 1229 2695 1298 τῆς
2748 1228 3044 1298 σωτηρίας.
3097 1227 3207 1279 Καὶ
3251 1224 3416 1277 καλαὶ
3472 1224 3565 1291 μὲν
3614 1222 3777 1274 ἔννοιαι

2248 1320 2441 1383 ταῦτα,
2471 1321 2597 1372 ἐπεὶ
2621 1321 2718 1373 καὶ
2739 1320 2773 1388 ἡ
2806 1320 3023 1386 γένεσις
3052 1315 3212 1386 ἡμῶν
3242 1314 3421 1368 καὶτὸ
3467 1309 3597 1366 εῖναι
3659 1310 3778 1379 παρὰ

2248 1406 2408 1472 Θεοῦ,
2438 1408 2534 1460 καὶ
2562 1407 2706 1478 ὑπὲρ
2731 1406 2829 1475 τῆς
2859 1407 3021 1475 δόξης
3056 1403 3222 1458 αὑτοῦ
3254 1403 3351 1456 καὶ
3398 1400 3565 1455 ταῦτα
3597 1399 3777 1467 νοούμε-

2248 1518 2315 1554 να
2345 1516 2361 1531 ·
2400 1497 3003 1571 ἑκκλησιαστικώτερον
3036 1499 3094 1553 δὲ
3130 1498 3193 1551 τὸ
3248 1494 3617 1565 πνευματικῶς
3668 1493 3777 1545 νοεῖν

2247 1597 2426 1647 πάντα
2453 1595 2548 1646 καὶ
2602 1591 2785 1657 θείως,
2807 1593 2903 1645 καὶ
2935 1591 3012 1661 μὴ
3041 1591 3108 1644 ὲκ
3131 1588 3241 1642 τῶν
3263 1587 3539 1658 αἰσθητῶν
3565 1584 3777 1652 συνιστᾷν

2246 1688 2315 1741 τὰ
2344 1687 2443 1757 τῆς
2476 1685 2811 1755 Ἑκκλησίας
2839 1699 2852 1715 ·
2886 1683 3009 1738 ὅθεν
3039 1683 3101 1737 τὸ
3121 1672 3217 1736 τὸν
3245 1679 3645 1747 ἀποθνήσκοντα
3672 1674 3778 1743 πρὸς

2246 1780 2338 1831 τὸν
2365 1779 2490 1831 ναὸν
2519 1777 2753 1845 ἄγεσθαι
2786 1776 2940 1845 δηλοῖ
2999 1777 3082 1830 ὅτι
3140 1777 3207 1829 ὲκ
3244 1773 3382 1828 Θεοῦ
3423 1767 3670 1838 ἐπλάσθη,
3706 1766 3778 1818 καὶ

2178 1889 2217 1943 η
2246 1869 2591 1939 τελευτήσας.
2625 1867 2747 1937 θεῷ
2795 1867 3157 1937 προσάγεται.

2815 1978 3067 2036 ΚΕΦΔΛ.
3093 1981 3261 2037 TOB’.

2244 2075 2408 2127 Διατί
2441 2074 2608 2142 τρίτα
2628 2073 2853 2127 Marci
2876 2090 2940 2127 τε
2977 2072 3080 2127 καί
3113 2071 3592 2141 τεσσαρακοστὰ,
3618 2069 3702 2124 καὶ
3724 2068 3779 2124 τὰ
3841 2128 3848 2141 ,

2723 2146 2912 2198 λοιπὰ
2951 2146 3354 2213 μνημόσυνα.

2315 2243 2397 2297 Tu
2459 2240 2623 2311 τρίτα
2681 2240 2740 2294 δὲ
2803 2240 2945 2309 ὑπὲρ
3012 2239 3205 2292 τούτου
3271 2238 3531 2304 τελεῖται,
3596 2238 3668 2291 ὅτι
3714 2233 3779 2288 διὰ

2242 2337 2345 2404 τῆς
2401 2334 2634 2403 Τριάδος
2693 2333 2756 2386 τὸ
2810 2329 2952 2386 εἶναι
3009 2331 3215 2397 λασὼν,
3244 2335 3344 2386 καὶ
3400 2334 3479 2396 εἰς
3536 2332 3594 2385 τὸ
3646 2325 3697 2383 εὖ
3720 2322 3778 2381 εἶ-

2244 2448 2331 2483 ναι
2388 2427 2667 2499 μεταστάς
2726 2425 3055 2497 ὀφθήσεται,
3118 2427 3200 2488 είς
3242 2425 3305 2478 τὸ
3363 2425 3592 2495 ὲξαρχῆς
3635 2423 3665 2494 ἢ
3708 2422 3779 2472 καὶ

2245 2520 2498 2588 κρεῖττον
2550 2515 2890 2578 ἀλλοιωθείς.
2968 2516 3051 2569 Τά
3112 2516 3308 2568 ἐννατα
3373 2515 3474 2578 δὲ,
3533 2513 3614 2566 ἵνα
3653 2510 3780 2581 269

2243 2614 2355 2675 τ.ἰς
2385 2612 2566 2679 ἁγίοις
2609 2608 2891 2679 πνεύμασι
2920 2610 3036 2671 τοῖς
3068 2607 3326 2675 ἀγγέλοις
3360 2609 3421 2659 τὸ
3454 2607 3656 2674 πνεῦμα
3682 2604 3779 2656 τού·

2243 2722 2340 2759 του
2403 2704 2571 2759 ἀῦλον
2633 2702 2693 2756 ὃν
2760 2703 3207 2771 συγκαταγαγῇ,
3235 2699 3382 2753 κατά
3432 2698 3589 2768 φύσιν
3635 2698 3778 2764 ὅμοιον

2244 2800 2430 2862 αὐτοῖς
2504 2797 2754 2866 γεγονὸς,
2821 2799 2936 2855 τοῖς
3006 2797 3088 2858 είς
3170 2795 3328 2847 ἐννέα
3405 2791 3778 2863 ἀριθμουμένας

2243 2891 2513 2960 τάγμασι,
2546 2890 2643 2941 καὶ
2695 2888 2785 2940 διὰ
2836 2887 3044 2941 τούτων
3101 2887 3345 2957 τρισσῶς
3401 2887 3495 2940 τὸν
3538 2887 3592 2938 ὲν
3628 2879 3778 2953 Tia-.68:

2245 2982 2379 3035 Θεὸν
2415 2982 2747 3050 κηρύττουσι
2782 2979 2879 3032 καὶ
2927 2978 3182 3046 ὑμνοῦσι,
3213 2980 3309 3031 καὶ
3343 2978 3447 3032 σὺν
3491 2977 3661 3038 αὐτοῖς
3695 2973 3779 3032 τοῖς

2245 3075 2353 3128 τῶν
2387 3074 2562 3141 ἁγίων
2590 3073 2849 3126 ἁπάντων
2892 3071 3067 3142 ἑνωθῇ
3101 3073 3404 3139 πνεύμασι.
3441 3072 3521 3125 Τά
3554 3081 3778 3135 τεσσαρα-

2247 3169 2415 3222 κοστά
2443 3167 2523 3230 δὲ,
2549 3166 2636 3220 διὰ
2671 3166 2773 3236 τὴν
2809 3164 2906 3220 τοῦ
2935 3165 3190 3235 Σωτῆρος
3228 3164 3520 3234 ἀνάληψιν,
3560 3160 3683 3231 μετὰ
3707 3156 3780 3225 τὴν

560 3253 885 3306 memoriam
920 3251 1151 3305 facimus
1174 3260 1395 3319 propter
1428 3252 1807 3310 ascensionem
1836 3253 1873 3308 S
1895 3254 2140 3310 .lvatoris

2245 3260 2541 3315 ἀνάστασιν
2567 3261 2627 3312 ὲν
2658 3257 2834 3329 ταύτῃ
2875 3257 3277 3327 γεγενημένην,
3307 3256 3388 3320 ὡς
3424 3256 3490 3310 ἂν
3532 3255 3622 3307 καὶ
3653 3248 3780 3310 αὐτὸς

559 3343 977 3412 quadragesima
1038 3343 1126 3396 die
1192 3353 1315 3413 post
1382 3346 1843 3399 resurrectionem
1913 3346 2136 3411 fartam,

561 3446 621 3489 ut
654 3449 707 3489 ct
749 3437 864 3503 ipse
909 3435 1208 3503 aliquando
1261 3451 1571 3503 resurgens,
1613 3449 1926 3506 assumptus
1960 3441 2142 3505 rapia-

560 3540 649 3583 tur
679 3528 731 3583 in
788 3529 1031 3583 nubibus
1063 3540 1116 3582 et
1162 3540 1417 3583 occurrat
1460 3530 1628 3600 judici
1677 3547 1742 3585 ac
1797 3546 2019 3601 semper
2070 3531 2142 3584 sit

555 3638 679 3676 cum
714 3621 945 3677 Domino
975 3622 1328 3691 conjunctus.
1385 3624 1517 3687 Quae
1551 3622 1671 3677 dies
1729 3625 1889 3677 tertia
1924 3638 2136 3677 necnon

559 3724 712 3769 sexta
742 3724 796 3769 et
826 3729 969 3769 nona
1002 3713 1326 3771 Trinitatem
1367 3717 1747 3771 universorum
1794 3715 1963 3771 Deum
1999 3730 2140 3785 prae-

553 3808 696 3863 dicat
727 3819 784 3863 et
824 3808 879 3862 in
919 3807 1041 3878 ejus
1072 3808 1302 3877 gloriam
1341 3824 1441 3876 pro
1464 3808 1725 3864 deluncto
1762 3808 1820 3863 lit
1850 3808 2136 3873 memoria,

554 3902 818 3978 quoniam
861 3916 957 3971 per
983 3916 1105 3956 eam
1141 3902 1374 3967 exstitit,
1404 3910 1459 3956 et
1488 3905 1553 3956 ad
1586 3917 1966 3971 eamcorpore
1994 3901 2140 3956 solu-

556 4005 644 4051 tus
683 3994 856 4064 pergit
912 3993 1104 4058 homo,
1135 3995 1283 4048 etab
1308 4008 1371 4049 ea
1407 4001 1593 4061 sperat
1639 3994 1806 4049 etiam
1842 4009 1901 4047 se
1954 4007 2139 4046 resur-

558 4097 862 4141 recturum.
906 4084 1170 4142 Similiter
1212 4096 1268 4141 et
1297 4087 1762 4142 anniversarium.
1799 4084 1958 4140 Unde
1995 4095 2142 4139 recte

553 4179 689 4233 illud
746 4179 1077 4249 praedicatur
1135 4194 1233 4248 per
1300 4194 1621 4234 memoriam
1679 4179 1856 4234 tribus
1927 4179 2139 4235 vicibus

551 4280 729 4326 artam
764 4283 819 4325 et
849 4287 946 4341 per
974 4273 1505 4332 consummationem
1532 4288 1655 4343 qua:
1676 4272 1736 4326 lit
1759 4282 1886 4341 post
1905 4288 2136 4335 annum,

551 4381 750 4433 nempe
785 4365 1110 4419 Trinitatem
1140 4365 1306 4421 Deum
1342 4377 1592 4422 nostrum
1633 4366 1803 4421 vitam
1848 4382 1975 4421 esse
2007 4367 2140 4421 uui-

552 4472 837 4512 vcrsorum
872 4459 1109 4528 vitatque
1134 4473 1382 4521 causam,
1429 4460 1604 4528 ipsam
1639 4473 1763 4513 esse
1791 4457 2140 4516 instauratu-

554 4565 673 4604 ram
725 4550 1005 4615 univerSa,
1059 4549 1476 4618 humanamque
1526 4548 1596 4605 ab
1653 4563 1717 4607 ea
1766 4551 2136 4607 renovandam

552 4655 676 4697 esse
707 4650 985 4698 naturam.

1009 4758 1243 4819 CAPUT
1283 4710 1657 4814 CCCLXXHI.

558 4854 738 4922 Quare
766 4872 1010 4912 annuam
1038 4855 1358 4910 celebremus
1384 4856 1693 4908 memoriam
1715 4868 1898 4907 eorum
1925 4853 2018 4922 qui
2039 4854 2146 4907 vita

1210 4939 1498 4978 excessere.
1879 4956 1884 4962 -

623 5020 752 5078 Ideo
799 5022 964 5078 etiam
1013 5020 1245 5092 singulis
1294 5017 1456 5074 annis
1509 5017 1754 5074 defuncti
1804 5019 2067 5076 memoria
2112 5037 2143 5079 a

556 5113 885 5183 propinquis
918 5111 1121 5182 agitur,
1153 5124 1265 5180 quo
1317 5113 1616 5164 ostendunt
1667 5110 1822 5164 illum
1872 5111 2058 5167 vivere
2087 5122 2143 5167 et

555 5209 740 5263 anima
770 5205 1141 5262 immortalem
1174 5219 1297 5260 esse
1329 5212 1384 5259 et
1409 5203 1708 5273 aliquando
1738 5211 2140 5277 renovandum,

555 5302 764 5356 scilicet
815 5296 1037 5368 quando
1083 5296 1233 5350 volet
1276 5297 1508 5353 Creator
1543 5310 1853 5369 corpusque
1899 5306 2141 5357 resusci—

555 5392 711 5454 tabit,
751 5388 999 5460 illudque
1029 5396 1302 5442 testantur
1333 5403 1430 5458 per
1468 5392 1802 5450 oblationem
1840 5389 2140 5461 seminum,

560 5497 772 5538 necnon
806 5480 1572 5550 quoniam,quemadmodum
1602 5485 1855 5540 Christus
1886 5487 1940 5545 in
1973 5502 2143 5543 carne

559 5583 815 5630 mortuus
860 5574 1165 5627 resurrexit
1215 5586 1266 5630 et
1302 5577 1456 5639 vivit,
1506 5577 1579 5631 ita
1622 5588 1676 5632 ct
1711 5594 1834 5644 nos,
1891 5590 1950 5633 ut
2006 5580 2145 5634 dixit

563 5666 786 5727 l’aulns,
818 5663 1009 5733 inipso
1044 5681 1391 5737 resnrgemus
1422 5676 1477 5721 ct
1508 5669 1782 5723 vivemus.
1834 5669 1990 5724 illum
2044 5686 2144 5723 au-

561 5764 671 5810 tem
709 5756 1076 5819 resurrexisse
1105 5767 1157 5814 et
1208 5761 1389 5817 vivere
1415 5771 1689 5815 testantur
1715 5776 1882 5829 opera
1938 5763 2058 5833 ejus
2089 5772 2144 5818 et

565 5849 899 5913 recriliciutn
960 5853 1063 5926 ipsi
1111 5864 1172 5913 ut
1219 5854 1423 5913 viventi
1464 5870 1564 5927 pro
1598 5855 1861 5911 omnibus
1897 5854 2140 5913 oblatum

2244 3354 2365 3408 τότε
2399 3353 2658 3417 ἀναστὰς,
2689 3351 2880 3421 ὥσπερ
2904 3351 3191 3420 ἁναληφθῇ
3239 3350 3519 3419 ἀρπαγεὶς
3567 3349 3619 3400 ὲν
3661 3341 3781 3409 νιφέ-

2244 3445 2386 3511 λαις,
2421 3447 2515 3499 καὶ
2557 3447 2995 3515 προσυπαντήσῃ
3022 3444 3104 3513 τῷ
3138 3445 3329 3513 κριτῇ,
3356 3444 3454 3496 καὶ
3483 3439 3617 3494 οὕτω
3646 3432 3782 3491 συνὼν

2243 3538 2331 3607 εἴη
2369 3539 2602 3593 πάντοτε
2649 3536 2728 3607 τῷ
2784 3536 2999 3606 Κυρίῳ.
3030 3536 3139 3590 Καὶ
3167 3538 3197 3589 6
3232 3535 3338 3606 μὴν
3389 3536 3449 3589 δὲ
3491 3537 3519 3588 6
3563 3525 3783 3601 τρίτοζ.δ

2243 3631 2402 3693 ἕκτος
2430 3648 2488 3683 τε
2520 3631 2616 3684 καὶ
2644 3631 2891 3694 ἔννατος,
2922 3629 3055 3682 αὐτὸ
3089 3629 3155 3699 δὴ
3179 3627 3342 3681 τοῦτο
3371 3628 3470 3699 τὴν
3499 3623 3689 3696 Τριάδα
3714 3616 3784 3671 τὸν

2241 3724 2353 3776 τῶν
2412 3724 2553 3777 ὅλων
2610 3723 2745 3775 Θεὸν
2796 3723 3161 3792 κηρύττουσι,
3209 3722 3307 3773 καὶ
3355 3722 3442 3784 είς
3482 3719 3631 3784 δόξαν
3653 3707 3783 3768 αὑτοῦ

2243 3817 2382 3867 εἰσιν
2417 3815 2560 3885 ὑπὲρ
2600 3812 2694 3887 τοᾷ
2733 3813 3191 3879 τετελευτηκότος
3219 3830 3234 3845 ο
3266 3813 3350 3866 ὅτι
3399 3816 3494 3866 καὶ
3534 3814 3597 3864 ὲκ
3621 3806 3786 3871 ταύτης

2245 3907 2500 3975 συνέστη,
2536 3908 2630 3959 καὶ
2690 3907 2772 3967 είς
2815 3905 3022 3976 ταύτην
3060 3904 3245 3966 λυθεὶς
3294 3905 3397 3957 τοῦ
3441 3903 3677 3971 σώματος
3711 3913 3784 3947 πε·

2243 4001 2506 4070 πόρευται
2556 4000 2867 4069 ἄνθρωπος,
2906 3998 3003 4051 καὶ
3038 3997 3097 4064 ἐξ
3128 3998 3300 4067 αὐτῆς
3328 3999 3496 4052 πάλιν
3522 3994 3712 4057 ἐλπίζει
3741 3987 3784 4039 τὸ

2242 4090 2584 4161 ἀναστῆναι·
2621 4092 2718 4145 καὶ
2771 4091 2847 4144 τὰ
2898 4093 2956 4143 ἐν
3004 4092 3084 4160 τῷ
3126 4091 3270 4144 τέλει
3327 4091 3385 4144 δὲ
3444 4090 3535 4143 τοῦ
3579 4079 3781 4140 ἐνιαυτοῦ

2240 4186 2401 4240 τοῦτο
2435 4185 2799 4253 καταγγέλλει
2850 4184 3040 4255 σαφῶς
3075 4184 3167 4238 διὰ
3206 4183 3300 4238 τοῦ
3328 4183 3550 4255 τρισσοῦ
3583 4182 3678 4233 τῶν
3704 4192 3782 4245 μη-

2242 4278 2370 4343 νῶν,
2405 4280 2500 4330 καὶ
2539 4277 2621 4331 ἔτι
2659 4278 2747 4332 διὰ
2787 4276 2890 4350 τὴν
2936 4278 3116 4331 ἐκεῖσε
3164 4277 3448 4331 τελείωσιν
3478 4294 3493 4309 ο
3527 4276 3603 4329 ὅτι
3634 4274 3661 4341 ή
3698 4267 3781 4321 τῶν

2242 4368 2382 4422 ὅλων
2443 4368 2580 4438 ζωὴ,
2616 4369 2715 4423 καὶ
2766 4369 2860 4421 τοῦ
2921 4366 3063 4424 εἶναι
3117 4370 3270 4423 αἰτία
3324 4371 3358 4441 ἠ
3399 4369 3568 4441 Τριὰς
3612 4367 3639 4418 6
3680 4361 3781 4421 Θεὸς

2245 4461 2426 4532 ἡμῶν,
2474 4461 2612 4532 αὕτη
2675 4461 2786 4517 τῶν
2834 4462 2976 4516 ὅλων
3011 4462 3167 4517 ἔσται
3222 4463 3677 4521 ἀποκατάστασις,
3710 4452 3782 4508 καὶ

2246 4555 2346 4625 τῆς
2372 4554 2726 4630 ἀνθρωπίνης
2756 4555 2968 4626 φύσεως
3010 4556 3363 4626 ἀνακαίνισις

2814 4762 3067 4817 ΚΕΦᾹΛ.
3097 4760 3264 4818 ΤΟΓ’.

2247 4859 2410 4915 Διατί
2438 4858 2571 4913 κατ’
2600 4857 2883 4913 ἐνιαυτὸν
2907 4857 3027 4925 τὴν·
3055 4856 3179 4911 τῶν
3200 4836 3591 4913 ἀπελθόντων
3605 4853 3783 4923 ἄγομεν

2904 4928 3176 4997 μνήμην.

2319 5024 2413 5078 Διὸ
2447 5024 2545 5076 καὶ
2577 5020 2699 5075 κατ’
2728 5021 2979 5074 ἐνιαυτὸν
3014 5023 3046 5088 ἡ
3083 5021 3179 5074 τοῦ
3213 5020 3632 5091 τελευτήσαντος
3669 5009 3782 5077 παρᾶ

2245 5120 2357 5172 τῶν
2384 5116 2772 5187 προσηκόντων
2802 5115 2998 5182 ἄγεται
3032 5113 3248 5185 μνήμη,
3285 5113 3584 5183 δηλούντων
3630 5110 3695 5167 ὡς
3731 5103 3780 5169 ζῇ

2246 5211 2341 5264 καὶ
2370 5208 2642 5272 ἀθάνατός
2677 5209 2795 5260 ἐστι
2825 5209 2891 5278 τῇ
2927 5206 3231 5276 ψυχῇ,.καί
3268 5223 3400 5259 ποτε
3436 5195 3783 5262 ἀνακαινισῦή-

2248 5322 2422 5369 σεται,
2462 5305 2549 5356 ὅτε
2574 5303 2603 5354 6
2640 5301 2853 5363 πλάσας
2905 5300 3179 5369 ἐθελήσει,
3213 5303 3308 5354 καὶ
3343 5300 3402 5352 τὸ
3440 5298 3595 5367 σῶμα
3634 5294 3783 5357 ἐξεγε-

2250 5400 2364 5467 ρεῖο
2401 5397 2497 5449 καὶ
2527 5393 2872 5465 μαρτυροῦσι
2899 5392 3059 5446 τοῦτο
3100 5392 3189 5445 δια
3224 5393 3333 5444 τῶν
3364 5383 3781 5459 προσφερομένων

2251 5487 2584 5557 σπερμάτων
2612 5502 2625 5516 ⁸
2664 5486 2758 5539 καὶ
2806 5486 2910 5545 ὅτι,
2942 5483 3134 5553 ὥσπερ
3189 5486 3216 5537 ὁ
3255 5484 3487 5553 Χριστὸς
3540 5469 3780 5532 ἀποθανὼν

2248 5583 2311 5651 τῇ
2352 5580 2540 5646 σαρκὶ,
2575 5579 2771 5646 ἀνέστη
2817 5576 2911 5629 καὶ
2943 5573 3034 5645 ζῇ,
3076 5576 3173 5627 καὶ
3206 5577 3388 5643 ἡμεῖς,
3441 5576 3511 5635 ὡς
3544 5572 3637 5638 ἔφη
3667 5561 3780 5651 Ποιῧξ

2245 5649 2356 5736 λος,
2391 5674 2448 5724 ὲν
2498 5670 2644 5738 αὐτῷ
2675 5664 3097 5736 ἁναστησόμεθα
3146 5666 3243 5718 καὶ
3288 5663 3580 5735 ζησόμεθα.
3611 5659 3712 5709 Ὅτι
3737 5649 3780 5702 δὲ

2248 5762 2451 5830 ἀνέστη
2480 5764 2576 5814 καὶ
2615 5760 2705 5829 ζῇ,
2747 5757 3217 5828 μαρτυρεῖάὺτοῦ
3245 5760 3314 5812 τὰ
3341 5757 3494 5826 ἔργα,
3526 5753 3611 5805 καὶ
3656 5750 3683 5815 ή
3712 5742 3780 5794 θυ·

2251 5855 2339 5912 σία
2367 5853 2517 5926 αὐτῷ
2549 5850 2939 5924 προσαγομένη
2963 5850 3102 5922 ὑπὲρ
3133 5849 3391 5906 ἁπάντων
3415 5848 3487 5911 ὡς
3518 5844 3682 5910 ζῶντι»
3708 5832 3778 5887 καὶ
