4056 6432
246 350 359 412 693

1430 354 1525 412 DE
1562 354 1854 412 OBDINE
1894 324 2410 417 seruemus.

3444 348 3555 411 (3‘35

250 465 573 536 τελουμένη,
609 466 793 530 καθὼς
841 461 996 531 οὗτος
1050 469 1330 522 ἐκέλευσε.
1366 469 1612 522 Γίνονται
1666 472 1847 523 τοίνυν

1982 482 2007 524 ιι
2066 472 2424 536 celebratum,
2491 482 2650 539 pt'Otll.
2712 472 2830 536 ipse
2896 458 3195 523 mandavit.
3237 466 3321 521 Fit
3383 466 3561 534 igitur

254 560 314 612 αἱ
345 557 559 628 μνῆμαι
590 562 649 611 ὲν
682 562 794 622 τοῖς
826 562 1253 630 προειρημένοις
1301 563 1538 625 καιροῖς,
1566 561 1642 624 ὼς
1692 563 1846 632 εἰρή-

256 668 461 719 καμεν,
491 650 581 703 διὰ
626 652 725 713 τὰς
761 654 1269 721 προγεγραμμένας
1318 654 1499 716 αἰτίας
1532 671 1546 684 ·
1579 658 1673 706 καὶ
1718 655 1848 706 πολ-

256 744 371 806 λοῖς
420 745 532 795 τῶν
580 742 753 811 ἀγίων
797 745 1013 814 ἐδείχθη
1045 763 1104 797 τε
1135 750 1229 799 καὶ
1264 747 1630 817 ἀπεκαλύφθη
1666 749 1698 817 ἡ
1741 749 1850 800 ἀπὸ

257 839 463 890 τούτων
488 839 818 909 ἐγγινομένη
838 844 947 902 τοῖς
981 842 1315 896 ἀπελθοῦσιν
1347 844 1612 911 ὠφέλεια.
1636 846 1727 896 Διὸ
1754 844 1851 897 καὶ

257 931 461 992 ταύτας
488 932 585 994 τὰς
619 935 843 1001 μνήμας
870 934 976 1002 χρὴ
1015 936 1264 997 ἅπαντας
1298 936 1539 988 ἐκτελεῖν
1574 939 1671 990 καὶ
1711 937 1853 1004 μετά

261 1024 500 1090 σπουδῆς
552 1025 708 1091 ὅσης,
745 1027 839 1077 καὶ
902 1028 1139 1094 μάλιστα
1198 1030 1267 1080 τὰ
1320 1028 1423 1096 τῆς
1480 1030 1854 1099 φρικτοτάτης

261 1117 456 1178 θυσίας
491 1132 506 1147 °
542 1120 623 1170 ὅτι
653 1120 747 1170 καὶ
779 1119 869 1170 διὰ
898 1121 1057 1172 τοῦτο
1084 1121 1292 1173 δέδοται
1318 1138 1333 1153 ο

260 1211 602 1273 τελουμένων
661 1213 899 1281 δεήσεων
962 1214 1054 1267 καὶ
1105 1215 1318 1281 εύχῶν,
1378 1214 1473 1267 καὶ
1531 1216 1640 1268 τῶν
1695 1215 1857 1287 ἱερῶν

265 1304 490 1366 θυσιῶν,
520 1315 612 1358 καί
644 1300 752 1358 τῶν
790 1306 872 1369 είς
911 1310 1036 1367 τοὺς
1063 1310 1306 1377 πένητας
1341 1309 1623 1373 εὐποιιῶν,
1667 1313 1728 1361 οὔ
1762 1311 1859 1378 μύ-

264 1415 354 1449 νον
383 1398 498 1457 τοῖς
529 1398 877 1466 ἡμαρτηκόσι
912 1400 1007 1452 καὶ
1054 1402 1111 1452 ἐν
1144 1401 1407 1471 μετανοίᾳ
1442 1401 1728 1466 ἐξελθοῦσι
1761 1402 1857 1456 τοῦ

268 1482 524 1549 σώματος
586 1484 782 1551 ἄφεσίς
833 1501 895 1538 τε
953 1487 1048 1540 καί⁵
1112 1489 1297 1552 ἄνεσις
1352 1491 1578 1549 δίδοται,
1631 1492 1725 1543 καὶ
1758 1493 1860 1560 τῆς

266 1573 539 1640 τιμωρίας
566 1576 886 1645 ἀπαλλαγὴ,
917 1578 1057 1630 ἀλλά
1088 1582 1181 1633 καὶ
1212 1582 1326 1643 τοῖς
1362 1581 1592 1645 δικαίως
1628 1585 1859 1651 ζήσασι,

269 1665 363 1716 καὶ
390 1666 543 1728 τέλος
570 1668 775 1734 ἀγαθὸν
810 1671 905 1721 καὶ
936 1670 1183 1737 θεοφιλὲς
1221 1674 1624 1738 ἀποδεδωκόσι,
1656 1677 1861 1745 μείζων

269 1762 302 1826 ἡ
336 1760 606 1828 κάθαρσις
657 1763 752 1813 καὶ
808 1762 1072 1827 ἀνάϐασις
1124 1768 1466 1834 χορηγεϊται,
1509 1767 1583 1829 ὡς
1637 1769 1734 1820 καὶ
1784 1769 1863 1838 τῷ

270 1853 699 1922 Χρυσορρήμονι
730 1856 879 1907 δοκεῖ
912 1857 970 1907 ἐν
1015 1860 1081 1928 τῇ
1127 1858 1399 1929 ἑρμηνεία
1437 1859 1546 1913 τῶν
1578 1862 1858 1932 Πράξεων,

274 1948 367 1998 καὶ
397 1948 429 2015 ἡ
464 1947 600 2014 πρὸς
635 1948 766 2001 Θεὸν
814 1949 1053 2018 ἐγγύτης
1114 1954 1211 2006 καὶ
1266 1942 1575 2024 παρρησία,
1620 1955 1713 2006 καὶ
1768 1954 1863 2006 τοῦ

276 2043 557 2111 φωτισμοῦ
608 2044 967 2114 λαμπροτέρα
1018 2048 1048 2115 ἡ
1097 2048 1157 2099 ἐκ
1221 2046 1356 2099 Θεοῦ
1408 2048 1717 2115 μετάδοσις.
1759 2050 1866 2101 Καὶ

274 2136 382 2197 πᾶς
416 2135 557 2189 ἔστω
582 2135 869 2202 γινώσκων
903 2140 1117 2205 πιστὸς,
1145 2142 1222 2202 ὡς
1266 2141 1315 2193 εί
1348 2142 1494 2207 φιλεί
1529 2140 1621 2192 τὸν
1663 2144 1866 2193 οἰκεῖον

274 2229 531 2281 ἐντεῦθεν
566 2229 895 2295 ἀπελθόντα,
932 2231 1003 2283 τὰ
1036 2233 1249 2298 μεγάλα
1293 2232 1402 2285 τῶν
1447 2232 1674 2300 ἀγαθῶν
1712 2231 1866 2301 αύτῷ

274 2325 547 2394 προξενιεῖ,
583 2327 910 2395 προσφέρων
937 2327 1077 2396 ὑπὲρ
1106 2327 1272 2379 αὑτοῦ
1307 2344 1320 2359 ’
1352 2328 1446 2380 καὶ
1482 2328 1687 2397 πολλῆς
1718 2328 1867 2397 αὐτῷ

273 2420 373 2489 τῆς
406 2420 749 2489 εὐφροσύνης
778 2422 988 2487 γίνεται
1027 2421 1311 2491 πρόξενος,
1346 2422 1438 2476 καὶ
1463 2424 1662 2493 πένησι
1692 2424 1869 2491 παρέ·-

275 2532 407 2583 χων,
463 2515 560 2565 καὶ
623 2515 1007 2583 αἰχμαλώτους
1072 2514 1469 2583 λυτρούμενος,
1532 2518 1629 2568 καὶ
1693 2518 1869 2571 τᾶλλα

275 2606 469 2671 ποιῶν,
504 2603 585 2668 οἷς
630 2607 763 2669 Θεὸς
818 2607 1186 2677 θεραπεύεται
1216 2626 1230 2640 ο
1266 2610 1563 2677 ἐξαιρέτως
1617 2610 1673 2661 δὲ
1727 2610 1870 2680 ὑπὲρ

278 2698 446 2752 αὑτοῦ
478 2699 576 2762 τὰς
606 2701 983 2769 ἀναιμάκτους
1008 2701 1259 2753 σπεύδων
1283 2703 1619 2755 ἐκτελεῖσθαι
1654 2703 1867 2764 θυσίας.

290 2791 353 2842 Ἦ
412 2792 522 2859 γὰρ
569 2793 661 2843 ἐπὶ
714 2794 780 2861 τῇ
826 2795 1028 2862 φρικτῇ
1086 2790 1249 2863 θυσίᾳ
1303 2794 1482 2863 μερὶς,
1544 2795 1640 2846 καὶ
1690 2797 1721 2863 ἠ
1780 2795 1871 2847 ἐπὶ

278 2885 457 2955 ταύτῃ
505 2883 601 2937 τοῦ
645 2884 973 2948 ἀπελθόντος
1012 2886 1347 2954 ἀνάμνησις,
1392 2887 1469 2953 τῷ
1513 2887 1632 2956 Θεῷ
1683 2888 1872 2939 τοῦτον

282 2981 413 3037 ἑνοῖ,
443 2978 537 3029 καὶ
584 2978 835 3047 ἀοράτως
870 2980 1124 3048 μετέχειν
1157 2979 1326 3032 αὐτοῦ
1364 2981 1597 3049 παρέχει
1629 2982 1724 3033 καὶ
1755 2999 1872 3033 κοι-

280 3073 489 3127 νωνεῖν.
525 3072 694 3125 Ὅθεν
744 3073 806 3123 ἐκ
845 3070 1036 3124 τούτου
1093 3072 1468 3140 ὠφελούμενοι
1517 3074 1585 3126 τὰ
1633 3075 1871 3142 μεγαλα,

279 3166 342 3218 οὐ
404 3164 567 3231 μόνον
624 3163 1073 3234 παρακαλοῦνται
1125 3167 1220 3217 καὶ
1280 3166 1547 3230 σώζονται
1601 3168 1654 3219 οἵ
1700 3186 1757 3220 τε
1817 3170 1875 3221 ἐν

1372 1123 1494 1174 ἐπεὶ
1527 1124 1614 1177 διά
1657 1140 1714 1175 τε
1745 1123 1890 1199 τῶν,

1954 567 2241 627 memoria,
2303 574 2359 617 ut
2414 565 2684 627 diximus,
2751 564 2802 616 in
2873 563 3151 632 praedictis
3206 559 3549 628 temporibus

1955 670 2177 725 propter
2232 674 2326 712 eas
2380 674 2521 727 quas
2599 659 2892 713 retulimus
2946 671 3168 721 causas,
3228 653 3552 719 sanctisque

1955 749 2142 802 multis
2195 759 2566 802 monstratum
2622 759 2793 804 estet
2840 749 3141 802 revelatum
3203 753 3415 813 quanta
3482 742 3555 795 sit

1954 858 2019 895 ex
2054 843 2138 895 his
2177 842 2385 895 utilitas
2412 841 2711 895 defunctis.
2745 841 3041 908 Propterea
3087 839 3185 893 has
3213 850 3553 891 commemo-

1959 939 2201 989 ratioues
2232 950 2458 988 necesse
2492 944 2576 989 est
2619 936 2687 989 ab
2720 935 2983 987 omnibus
3015 931 3221 999 peragi,
3254 940 3308 983 et.
3336 944 3553 983 summa

1956 1029 2120 1083 etiam
2150 1028 2525 1092 contentione,
2551 1037 2606 1082 et
2631 1028 2907 1097 prmeipue
2936 1026 3175 1078 maxime
3206 1022 3555 1076 tremendum

1959 1121 2316 1184 sacriﬁcium,
2371 1122 2515 1187 quod
2573 1122 2718 1175 hanc
2780 1120 2851 1173 ob
2908 1120 3082 1187 ipsam
3138 1132 3249 1170 rem
3300 1115 3554 1169 traditum

1959 1224 2064 1271 est.
2100 1216 2236 1271 Cum
2283 1232 2377 1280 per
2416 1216 2512 1269 bas
2566 1210 2779 1283 pre‘ces,
2834 1220 2889 1267 et
2927 1211 3230 1274 orationes,
3295 1218 3349 1263 et
3402 1223 3560 1263 Sacra

1961 1309 2261 1371 sacrificia,
2295 1321 2347 1362 et
2375 1324 2500 1377 erga
2540 1323 2809 1376 pauperes
2846 1307 2984 1359 bona
3018 1318 3207 1372 opera,
3239 1317 3345 1356 non
3380 1301 3559 1356 solum

1964 1405 2050 1458 his
2111 1404 2204 1473 qui
2265 1403 2612 1472 deliquerunt
2662 1408 2717 1452 et
2771 1414 2895 1452 cunt
2956 1396 3275 1466 pteniteutia
3358 1392 3564 1463 egressi

1964 1505 2092 1550 Suttl.
2123 1511 2152 1548 e
2184 1509 2433 1563 corpore,
2489 1493 2747 1545 remissio
2783 1500 2837 1544 et
2895 1488 3161 1542 relaxatio
3210 1486 3560 1545 conceditur,
3634 1550 3645 1561 ,Α

1965 1598 2018 1641 et
2044 1601 2335 1656 ptBuarum
2367 1585 2643 1646 liberatio,
2677 1583 2772 1637 sed
2823 1590 2877 1634 et
2912 1581 3020 1634 illis
3075 1579 3169 1648 qui
3214 1578 3360 1648 juste
3408 1576 3564 1629 vixe-
3616 1563 3627 1634 ξ

1972 1691 2119 1741 runt,
2161 1692 2215 1733 et
2245 1679 2354 1732 ﬁne
2388 1681 2558 1740 b0n0,
2590 1684 2644 1729 et
2680 1675 2784 1729 Deo
2817 1672 3147 1743 complacita
3178 1672 3345 1725 vitam
3377 1666 3568 1723 termi-
3622 1672 3631 1698 ‘*

1970 1785 2192 1835 narunt,
2244 1772 2422 1840 major
2470 1771 2743 1840 purgatio,
2785 1780 2839 1822 et
2890 1765 3211 1823 sublimatio
3267 1767 3454 1829 datur,
3510 1772 3570 1816 ut

1968 1863 2361 1934 Chrysostomo
2399 1862 2615 1916 videtur
2653 1861 2706 1914 in
2745 1859 3168 1928 expositionein
3191 1856 3326 1912 Acta
3352 1864 3569 1924 aposto-

1975 1957 2174 2021 lorum,
2207 1967 2261 2010 et
2296 1956 2359 2009 ad
2397 1955 2565 2009 Deum
2601 1954 3026 2023 approximatio,
3066 1961 3121 2007 et
3147 1952 3287 2022 apud
3309 1948 3565 2006 eumdem

1973 2051 2221 2109 libertas,
2249 2056 2302 2100 et
2331 2048 2751 2102 illuminationis
2792 2062 2857 2101 ex
2885 2061 2952 2101 eo
2983 2044 3356 2116 suppeditatio
3386 2043 3569 2111 Splen-

1971 2141 2174 2194 didior.
2243 2137 2468 2193 Noverit
2539 2139 2714 2193 ﬁdelis
2798 2139 3005 2203 omnis,
3063 2136 3111 2192 si
3168 2135 3361 2204 diligat
3434 2148 3566 2203 pro-

1973 2237 2237 2305 pinquum
2296 2236 2399 2289 bac
2435 2236 2547 2289 vita
2580 2232 2927 2300 defunctum,
2964 2246 3158 2301 magna
3215 2228 3266 2283 ei
3305 2237 3572 2299 praestare

1974 2329 2137 2390 bona,
2184 2328 2229 2381 si
2280 2343 2379 2397 pro
2426 2344 2489 2382 eo
2540 2326 2755 2389 offerat,
2808 2323 3104 2393 magnique
3159 2322 3346 2391 gaudii
3390 2322 3570 2375 eidem

1976 2440 2098 2478 esse
2135 2436 2440 2485 auctorem,
2478 2421 2524 2475 si
2559 2420 2895 2487 pauperibus
2953 2417 3332 2485 eleemosynas
3384 2416 3570 2477 faciat,

1976 2518 2225 2586 captivos
2288 2516 2539 2577 redimat,
2598 2512 2815 2582 aliaque
2890 2510 3059 2565 faciat
3113 2510 3319 2579 quibus
3370 2507 3573 2561 colitur-

1980 2612 2141 2676 Deus,
2174 2620 2229 2665 et
2265 2609 2569 2679 prmsertim
2622 2609 2667 2661 si
2725 2607 2946 2660 studeat
2998 2605 3290 2659 incruenta
3346 2618 3445 2671 pro
3502 2616 3577 2655 eo,

1979 2704 2162 2773 prragi
2198 2702 2495 2757 sacriﬁcia.
2551 2698 2687 2753 Nam
2727 2699 2777 2752 in
2815 2697 3103 2752 tremendo
3137 2695 3411 2750 sacriﬁcio
3442 2710 3571 2763 par-

1978 2799 2166 2858 ticula,
2199 2807 2250 2849 et
2281 2811 2448 2863 super
2484 2809 2604 2847 eam
2635 2792 2808 2856 illius,
2837 2790 2932 2860 qui
2966 2789 3203 2844 decessit
3235 2802 3575 2842 commemo-

1982 2893 2138 2956 ratio,
2194 2892 2345 2945 illum
2399 2888 2505 2942 Deo
2565 2888 2707 2952 uuit,
2767 2887 2974 2955 Deique
3034 2883 3395 2939 invisibiliter
3458 2880 3577 2935 ﬁeri

1978 2988 2325 3055 participem,
2378 2992 2433 3037 et
2490 2997 2613 3035 cum
2647 2996 2712 3034 eo
2771 2978 3185 3033 communicare
3233 2977 3383 3032 facit.
3439 2974 3577 3030 lliuc

1981 3082 2277 3134 maximam
2355 3075 2652 3128 utilitatem
2724 3072 3034 3137 consecuti,
3090 3071 3449 3126 consolantur
3524 3082 3581 3123 et

1982 3176 2291 3234 Salvantur.
2326 3171 2420 3241 qui
2466 3173 2518 3223 ιιι
2554 3168 2779 3223 Christo
2815 3167 3174 3222 decesserunt
3223 3181 3349 3220 cum
3399 3163 3576 3234 paeni-

280 3255 507 3325 Χριστῷ
541 3256 908 3325 μεταστάντες
939 3258 996 3309 ἐν
1030 3257 1294 3327 μετανοίᾳ
1331 3259 1574 3326 ἀδελφοὶ,
1612 3259 1746 3311 ἀλλά
1779 3260 1872 3312 καὶ

1984 3269 2152 3321 tentia
2191 3265 2411 3317 fratres.
2454 3260 2561 3316 Sed
2594 3269 2649 3314 et
2693 3275 2866 3313 saera:
2899 3259 3578 3327 divinmque.sanctorum

281 3351 338 3402 αἱ
374 3349 482 3400 τῶν
514 3349 687 3415 ἁγίων
722 3350 867 3416 ἱεραὶ
898 3352 994 3401 καὶ
1030 3350 1174 3403 θεῖαι
1202 3348 1377 3420 ψυχαὶ
1411 3351 1532 3405 λίαν
1568 3354 1627 3403 ἐν
1660 3353 1895 3414 τούτοις⁸

282 3441 692 3509 εὺςραίνονται,
722 3443 881 3510 χάριν
912 3442 1093 3493 αὐτῶν
1126 3443 1460 3510 γινομένοις,
1494 3445 1587 3496 καὶ
1618 3446 1676 3495 ἐν
1708 3446 1876 3511 ἀγαλ-

283 3534 464 3587 λιάσει
502 3533 788 3601 σκιρτῶσι,
834 3534 1061 3603 Χριστῴ
1106 3536 1391 3603 ἐνούμενοί
1436 3555 1495 3589 τε
1533 3539 1628 3591 καὶ
1680 3556 1876 3590 κοινω-

283 3626 506 3690 νοῦντες
559 3627 650 3680 διὰ
698 3627 802 3694 τῆς
836 3627 1143 3697 ἱερωτάτης
1185 3628 1377 3693 θυσίας
1405 3630 1615 3700 ταύτης
1655 3633 1748 3682 καὶ
1778 3648 1875 3682 κα-

286 3722 599 3792 θαρώτερον
633 3720 727 3774 καὶ
765 3721 1171 3792 λαμπρότερον,
1211 3724 1305 3775 καὶ
1351 3725 1460 3776 τῶν
1494 3725 1663 3777 αὐτοῦ
1719 3727 1878 3792 μετέ-

290 3831 475 3883 χοντες
499 3812 872 3883 γνησιώτερον
894 3815 1279 3883 χαρισμάτων,
1313 3815 1457 3883 ὑπὲρ
1481 3816 1638 3883 ἡμῶν
1663 3814 1880 3867 ἱκετεύ-

284 3926 441 3959 ουσιν
468 3923 480 3935 °
523 3909 604 3959 ὅτι
634 3908 728 3960 καὶ
756 3907 845 3959 διὰ
869 3906 1028 3958 τοῦτο
1061 3907 1156 3977 τὴν
1190 3906 1384 3960 θυσίαν
1411 3908 1617 3975 ταύτην
1648 3909 1881 3977 Χριστὸς

283 4001 561 4070 ἐνήργησέ
592 4017 650 4052 τε
684 4002 777 4053 καὶ
826 4001 1236 4070 παραδέδωκεν,
1275 4002 1355 4063 εἰς
1380 4001 1658 4071 ἀγιασμὸν
1698 4003 1877 4057 ἁπαν-

284 4108 396 4144 των
427 4096 520 4144 καὶ
552 4093 856 4161 φωτισμὸν,
892 4092 988 4145 καὶ
1037 4093 1126 4146 ἵνα
1157 4092 1278 4162 μετ’
1312 4092 1481 4145 αὐτοῦ
1529 4090 1587 4142 ἓν
1618 4086 1777 4156 ὦσιν,
1807 4092 1882 4154 ὡς

284 4182 515 4250 ηὔξατο.
554 4185 645 4235 Διὸ
675 4185 769 4237 καὶ
810 4185 920 4236 τῶν
964 4185 1332 4254 μεμνημένων
1371 4183 1536 4253 270
1566 4183 1752 4236 αὐτῶν
1787 4183 1885 4235 καὶ

285 4276 389 4336 τὰς
445 4276 748 4341 ἱερωτάτας
778 4274 1175 4327 ἐπιτελούντων
1227 4277 1307 4338 είς
1361 4278 1529 4346 τιμὴν
1576 4275 1760 4327 αὐτῶν
1791 4279 1885 4330 καὶ

288 4368 516 4438 μνήμην
553 4367 769 4432 θυσίας,
798 4367 1065 4436 διηνεκῶς
1101 4368 1502 4437 ύπερεύχονται
1534 4383 1548 4398 ⁸
1601 4368 1693 4420 καὶ
1728 4370 1885 4437 μεσῖ-

284 4479 382 4514 ται
430 4460 638 4515 τούτων
687 4464 784 4514 καὶ
832 4461 1099 4531 πρέσϐεις
1140 4461 1429 4528 γίνονται·
1462 4463 1558 4513 καὶ
1610 4462 1746 4530 πρὸς
1784 4462 1883 4531 τὴν

285 4556 486 4623 ὁμοίαν
541 4554 833 4609 κοινωνίαν
888 4554 1234 4619 ἐξαιτοῦνται
1296 4558 1389 4606 καὶ
1445 4555 1645 4617 αὐτούς
1704 4556 1886 4607 ἐλθεῖν

299 4649 386 4703 τοῦ
442 4649 702 4720 Χριστοῦ.
738 4650 905 4703 Ὅθεν
970 4650 1064 4701 καὶ
1111 4648 1221 4701 τῶν
1254 4648 1500 4717 ἀδελφῶν
1550 4649 1713 4719 ἡμῶν
1774 4649 1885 4701 τῶν

289 4746 639 4799 ἀπελθόντων
702 4742 1126 4814 μνημονευτέον,
1182 4741 1268 4794 ίνα
1321 4742 1417 4793 καὶ
1472 4743 1634 4812 ἡμῶν
1700 4741 1883 4810 ἕτεροι

293 4839 718 4910 μνημονεύσωσι
745 4854 759 4867 ·
793 4838 891 4890 καὶ
926 4837 1069 4906 ὑπὲρ
1101 4835 1211 4889 τῶν
1259 4836 1434 4905 ἁγίων
1485 4838 1887 4905 προσενεκτέον

291 4936 396 5002 ὅση
426 4934 678 5003 δύναμις,
716 4932 804 4986 ῐνα
840 4932 1232 5002 εὐφραίνοντες
1285 4929 1511 4992 τούτους
1545 4930 1603 4981 ἐν
1636 4927 1885 4999 Χριστῷ,

292 5030 394 5084 καὶ
454 5030 683 5097 μεσίτας
738 5027 1205 5097 εὐφραινομένους
1246 5025 1387 5097 πρὸς
1438 5024 1604 5078 αὑτὸν
1647 5024 1885 5093 ἔχωμεν,

292 5123 394 5176 καὶ
434 5122 742 5191 σωθείημεν
776 5120 847 5173 δι’
879 5119 1080 5175 αὐτῶν.

374 5303 693 5371 Κληρικός.
734 5302 871 5355 Ἰδοὺ
930 5303 1060 5373 περὶ
1106 5302 1328 5355 πάντων
1390 5300 1525 5370 ημῖν
1582 5284 1887 5369 ἐδήλωσας,

299 5398 603 5465 ἀγιὼτατε,
641 5396 735 5448 καὶ
773 5395 1023 5460 ἐδίδαξας
1066 5393 1338 5464 ἀκριϐῶς,
1373 5395 1465 5446 καὶ
1514 5393 1583 5445 τὰ
1615 5395 1746 5460 περ’*¹
1794 5391 1888 5442 τοῦ

298 5488 489 5547 τέλους
523 5484 682 5556 ἡμῶν
726 5484 1020 5553 ἐξέθηκας,
1060 5485 1156 5537 καὶ
1199 5485 1300 5537 ὅσα
1331 5486 1464 5554 ἡμῖν
1506 5482 1763 5551 λυσιτελῆ
1796 5482 1893 5533 καὶ

303 5582 550 5649 σωτήρια
579 5579 808 5644 ἔδειξας,
837 5580 931 5631 καὶ
972 5578 1033 5630 τὸ
1076 5579 1175 5646 τῆς
1207 5578 1449 5639 πίστεως
1480 5576 1641 5645 ὀρθὸν
1677 5575 1893 5644 διετρά-

303 5688 504 5735 νωσας.
541 5672 606 5728 Τί
641 5669 735 5727 οὖν
768 5672 1231 5740 ἀνταποδώσομέν
1278 5689 1361 5723 σοι
1410 5670 1574 5723 ἕνεκα
1611 5671 1710 5738 τῆς
1753 5670 1897 5737 ἀγά-

303 5780 449 5833 πηςς
482 5767 661 5836 Χάριν
704 5766 866 5836 μόνον
903 5765 1281 5835 ὁμολογοῦμεν
1312 5765 1390 5834 τῷ
1425 5766 1483 5817 ἐν
1511 5764 1707 5835 Τριάδι
1746 5765 1896 5831 μόνῳ

303 5858 441 5929 Θεῷ,
471 5859 547 5932 τῷ
573 5862 665 5915 καὶ
697 5862 847 5933 ἡμᾶς
877 5861 978 5931 μὲν
1012 5859 1148 5931 πρὸς
1180 5859 1239 5913 τὸ
1270 5860 1550 5930 ἐρωτῆσαι
1582 5858 1892 5928 κινήσαντι,

1982 3360 2179 3413 auim;e
2208 3358 2507 3409 maximum
2536 3355 2589 3407 in
2627 3353 2849 3407 modum
2883 3352 2971 3417 iis,
2991 3367 3113 3421 qua:
3136 3366 3234 3420 pro
3263 3351 3395 3419 ipsis
3417 3350 3578 3414 ﬁunt,

1980 3454 2344 3513 delectantur,
2384 3456 2437 3502 et
2479 3461 2603 3500 cum
2636 3446 2840 3515 gaudio
2867 3446 3168 3511 exsultant,
3202 3445 3423 3498 Christo
3460 3458 3582 3497 sese

1981 3546 2258 3603 unientes,
2311 3552 2364 3594 et
2418 3540 2895 3594 communicantes
2969 3552 3065 3604 per
3126 3537 3576 3592 sacratissimum

1987 3640 2092 3692 hoc
2150 3635 2484 3692 sacrificium
2544 3631 2737 3703 purius
2791 3646 2857 3683 ac
2912 3626 3281 3697 splendidius,
3338 3637 3391 3680 et
3434 3627 3582 3680 illius

1989 3742 2217 3780 munera
2260 3724 2566 3795 perfectius
2602 3721 3019 3793 participantes,
3072 3735 3170 3788 pro
3203 3718 3362 3772 nobis
3394 3734 3583 3787 preces

1985 3817 2247 3872 fundunt.
2304 3815 2456 3882 Quod
2511 3815 2582 3869 ob
2632 3830 2753 3869 eam
2808 3830 3032 3868 causam
3087 3812 3421 3867 sacrificiqu
3480 3812 3585 3863 hoc

1985 3913 2243 3966 Christus
2270 3918 2530 3978 operatus
2561 3917 2667 3972 est,
2715 3917 2770 3960 et
2818 3907 3047 3960 tradidit
3084 3907 3138 3958 in
3180 3905 3581 3958 sanctificatio-

1986 4022 2110 4061 nem
2152 4004 2420 4067 omnium,
2458 4009 2512 4055 et
2564 4000 3061 4063 illuminationem,
3124 4008 3181 4051 et
3229 4007 3287 4051 ut
3338 4012 3462 4052 cum
3518 4012 3587 4050 eo

1988 4116 2159 4154 unum
2195 4106 2404 4160 essent,
2457 4093 2929 4163 quemadmodum
2979 4101 3232 4159 precatus
3285 4102 3387 4143 cst.
3439 4088 3589 4155 Qua-

1987 4204 2211 4264 propter
2252 4204 2351 4259 pro
2402 4189 2471 4242 iis
2517 4186 2611 4256 qui
2640 4200 2831 4239 eorum
2884 4183 3262 4245 recordantur,
3292 4192 3345 4236 et
3400 4198 3591 4237 sacro-

1989 4295 2181 4339 sancta
2222 4275 2517 4344 sacriﬁcia,
2541 4290 2594 4334 et
2627 4276 2951 4333 memoriam
2985 4276 3039 4329 in
3077 4290 3266 4328 eorum
3320 4276 3585 4328 honorem

1988 4386 2282 4450 peragunt,
2321 4374 2586 4430 coutiuuo
2629 4373 2965 4443 supplicant,
3014 4380 3071 4423 et
3106 4369 3440 4423 mediatores
3494 4382 3589 4421 co—

1992 4490 2114 4528 rum
2156 4481 2209 4526 et
2239 4479 2487 4524 oratores
2522 4469 2682 4533 ﬁunt,
2726 4478 2803 4531 et,
2848 4473 2908 4519 ut
2956 4465 3022 4518 ad
3058 4462 3295 4518 similem
3334 4477 3589 4516 commu-

1994 4568 2217 4621 nionem
2267 4563 2475 4619 Christi
2513 4561 2738 4617 insimul
2770 4569 2823 4615 et
2872 4559 2980 4628 ipsi
3032 4559 3277 4624 veniant,
3333 4565 3590 4611 exorant.

1996 4662 2176 4727 Quare
2207 4668 2263 4712 et
2300 4657 2529 4710 fratrum
2581 4664 2901 4708 nostrorum
2948 4660 3296 4706 mortuorum
3348 4664 3594 4703 eorume-

1998 4752 2235 4807 ntoratio
2258 4748 2583 4803 inculcanda
2609 4755 2715 4811 est,
2752 4756 2810 4798 ut
2839 4754 2893 4799 et
2924 4754 3171 4798 nostrum
3214 4741 3302 4795 alii
3352 4755 3594 4795 comme-

2001 4844 2366 4899 morationem
2400 4841 2626 4902 faciant,
2654 4849 2711 4893 et
2738 4836 3015 4891 offerenda
3055 4843 3185 4889 sunt
3236 4848 3335 4903 pro
3389 4833 3596 4886 sanetis

2001 4935 2273 4992 sacriﬁcia
2308 4951 2403 5003 pro
2434 4947 2601 5003 posse
2638 4940 2854 4991 nostro,
2889 4941 2948 4981 ut
3007 4944 3102 4983 eos
3154 4927 3510 4981 consolantes
3538 4926 3593 4977 in

2002 5030 2244 5088 Christo,
2300 5036 2355 5079 et
2397 5024 2726 5078 mediatores
2770 5021 3071 5091 gaudentes
3106 5019 3251 5089 apud
3301 5020 3455 5072 illum
3502 5018 3598 5071 ha-

2004 5126 2251 5182 beamus,
2289 5128 2343 5172 et
2386 5132 2481 5187 per
2513 5132 2608 5169 eos
2636 5116 2871 5168 salutem
2909 5127 3337 5181 consequamur.

2077 5301 2334 5357 Clericus.
2370 5298 2510 5354 Ecce
2561 5297 2747 5351 omnia
2807 5296 2965 5351 nobis
3002 5295 3388 5362 manifestasti,
3428 5309 3601 5347 sauc~

2007 5399 2232 5460 tissnne,
2293 5408 2347 5449 et
2395 5404 2652 5449 accurate
2712 5392 2974 5453 docuisti,
3033 5401 3088 5445 et
3144 5407 3266 5461 qua:
3318 5391 3383 5443 ad
3436 5388 3598 5442 tinent

2009 5505 2258 5548 nostrum
2293 5493 2529 5545 attinent
2565 5491 2893 5558 esposuisti,
2922 5497 2977 5544 et
3027 5502 3394 5559 quaecumque
3446 5486 3604 5539 nobis

2009 5587 2163 5641 utilia
2200 5594 2328 5641 sunt
2358 5601 2421 5639 ac
2452 5584 2712 5637 salutaria
2766 5583 3082 5646 ostendisti,
3141 5580 3379 5649 fideique
3420 5578 3603 5645 expla-

2013 5680 2156 5733 nasti
2193 5678 2605 5732 rectitudinem.
2640 5675 2781 5741 Quid
2827 5691 2958 5743 ergo
2996 5676 3367 5729 retribut'mus
3410 5671 3503 5724 tibi
3534 5671 3604 5724 ob

2010 5781 2156 5822 tuam
2194 5768 2518 5822 charitatem
2556 5766 2577 5819 ί
2611 5764 2833 5820 Gratias
2864 5774 3078 5819 tantum
3140 5763 3356 5834 agimus
3388 5761 3491 5818 soli
3546 5762 3602 5816 iu

2012 5860 2278 5916 Triuitatc
2342 5859 2450 5916 llco
2503 5858 2594 5929 qui
2650 5874 2751 5924 uos
2806 5858 3026 5928 quidem
3084 5856 3149 5911 ad
3208 5851 3605 5913 sciscitandum
