4056 6464
453 326 560 390 099

1191 347 1205 359 ·
1276 317 1668 382 SYMEONIS
1707 313 2467 385 THESSALONICENSIS
2521 310 2880 375 ARCHIEP.

3620 313 3737 376 700

455 456 575 494 nem
655 436 788 491 Filii
846 435 1096 501 hominis,
1152 439 1202 488 et
1262 434 1496 487 biberitis
1543 431 1659 501 ejus
1712 430 2045 499 sanguinem,

2180 427 2261 481 Ὀὔ
2324 427 2661 495 ἀνθρώπου.
2704 425 2802 480 καί
2832 425 3007 493 πίητε
3060 423 3244 480 αὑτοῦ
3296 428 3361 480 τό
3395 422 3559 498 αἷμα,
3615 432 3734 484 οὐκ

456 547 562 584 non
616 527 875 582 habebitis
931 527 1091 581 vitam
1166 525 1221 578 in
1277 525 1421 578 vobis
1453 525 1496 578 ³.
1530 523 1597 577 ΕΙ.
1631 538 1645 575 :
1683 519 1790 591 Ego
1828 520 1959 580 vivo,
1995 529 2046 568 et

454 625 546 694 qui
599 624 887 676 manducat
944 636 1046 684 me,
1112 620 1247 672 vivet
1295 627 1514 686 propter
1582 632 1663 670 me
1693 616 1736 668 ³.
1782 612 1897 667 lloc
1953 625 2047 682 per

453 721 798 770 sacramenta
866 712 1099 780 benigne
1150 711 1422 780 pra‘stitit.

670 805 721 858 1.
751 803 984 870 Quinam
998 813 1074 857 est
1100 802 1315 871 effectus
1345 802 1489 856 sacri
1538 800 1811 872 baptismi.

521 893 588 949 Et
609 904 759 951 certe
793 896 1123 965 baptismate
1154 909 1254 948 nos
1311 901 1621 963 rrgenerat,
1662 892 1931 957 suamq’ue
1956 902 2047 957 ge-

458 988 727 1042 rationem
759 994 909 1041 omni
971 1000 1138 1056 prava
1172 984 1429 1055 passione
1476 989 1819 1051 segregatam
1885 977 2048 1032 nobis

459 1080 648 1134 donat.
701 1078 807 1133 l‘er
854 1094 1113 1132 manuum
1157 1092 1286 1133 vero
1351 1075 1788 1145 impositiouem,
1848 1077 1905 1126 et
1956 1083 2050 1124 sa-

461 1188 612 1226 cram
643 1172 1084 1242 inspirationem,
1146 1169 1413 1241 unguenti
1442 1165 1899 1223 conﬁrmationis
1924 1179 2048 1235 gra-

462 1268 596 1319 tiatn
661 1264 872 1319 inserit.

912 1350 967 1403 2.
1005 1348 1109 1414 Qui
1139 1346 1397 1417 unguenti
1435 1348 1583 1400 sacri

535 1444 887 1516 Unguentum
959 1441 1223 1496 nimirum
1270 1441 1502 1509 ipsemet
1549 1449 1654 1495 est.
1720 1437 2057 1510 Unguentum

462 1538 638 1601 enim,
705 1534 905 1605 inquit,
959 1533 1189 1603 eflusum
1236 1546 1426 1586 nomen
1474 1541 1623 1584 tuum
1647 1535 1690 1584 ⁵.
1745 1532 1849 1599 Qui
1903 1532 2061 1586 unxit

468 1630 825 1699 semetipsum
860 1640 971 1696 qua
1025 1625 1167 1681 Deus
1208 1642 1223 1680 :
1257 1633 1313 1680 et
1349 1634 1547 1681 unctus
1592 1634 1679 1679 est
1723 1640 1830 1694 qua
1863 1625 2052 1677 homo.

468 1721 729 1783 Proinde,
765 1729 819 1773 et
851 1732 954 1773 nos
985 1732 1085 1771 sua
1142 1716 1392 1772 bonitate
1452 1730 1688 1785 ungens,
1737 1715 2060 1770 suaveolen-

408 1811 422 1825 ‘
474 1824 582 1869 teut
621 1819 677 1866 et
722 1810 943 1866 vitalem
998 1809 1228 1881 spiritus
1258 1810 1489 1879 gratiam
1545 1810 1704 1863 nobis
1767 1808 2053 1876 elargitur.

468 1902 625 1971 Quod
674 1915 858 1957 autem
915 1904 1137 1956 tertium
1181 1910 1238 1956 et
1303 1915 1579 1954 summum
1624 1908 1729 1964 est,
1808 1915 1910 1954 nos
1969 1900 2055 1953 sui

473 1996 766 2067 participes
816 1994 1004 2058 elﬁcit,
1066 2001 1122 2047 et
1154 1992 1207 2046 id
1241 1991 1295 2045 in
1359 2000 1835 2046 sacramentorum
1890 1990 2060 2043 tradi-

474 2090 626 2142 tione
673 2085 936 2141 ostendit.
972 2084 1198 2152 Accepit
1244 2081 1391 2137 enim
1467 2097 1689 2152 panem,
1759 2090 1815 2137 et
1866 2096 2062 2138 conse-

472 2180 670 2239 cravit.
702 2188 758 2232 et
790 2178 1019 2231 calicem
1045 2175 1319 2230 similiter.
1345 2173 1413 2228 Ει
1444 2175 1540 2228 Ιιοσ
1571 2176 1816 2243 quidem,
1861 2176 1957 2241 ait,
1983 2182 2062 2228 est

472 2288 664 2342 corpus
697 2285 889 2324 meum.
930 2268 1028 2321 llic
1062 2283 1189 2322 vero
1242 2269 1460 2338 sanguis
1503 2282 1675 2322 meus.
1733 2265 1840 2321 Nec
1865 2282 2062 2322 conse-

475 2383 568 2422 cra
582 2366 652 2418 vit
685 2364 868 2427 modo,
904 2378 1095 2417 verum
1128 2363 1292 2417 etiam
1325 2364 1393 2415 ad
1432 2360 1549 2431 ejus
1582 2375 1684 2416 nos
1717 2359 2066 2414 communio-

475 2476 600 2515 nem
635 2459 863 2514 vocavit.
893 2457 1128 2525 Accipite
1181 2456 1352 2520 enim,
1413 2456 1692 2518 comedite,
1754 2455 1955 2525 inquit,
2015 2462 2067 2508 et

475 2552 633 2607 bibite
655 2568 719 2607 ex
738 2567 799 2605 eo
824 2565 1021 2604 omnes.
1049 2547 1158 2602 Nec
1195 2547 1573 2601 tantummodo
1608 2557 1737 2600 tunc
1762 2546 1906 2600 istud
1951 2546 2069 2616 ipse

479 2648 629 2713 fecit,
662 2650 756 2702 sed
789 2662 885 2716 per
909 2659 1042 2700 suos
1068 2644 1298 2699 idoneos
1325 2640 1631 2706 ministros,
1668 2642 1721 2695 id
1747 2641 1897 2693 omni
1933 2651 2070 2693 tem-

479 2756 613 2810 pore
669 2736 980 2792 iaciendum
1041 2733 1335 2791 concessit.
1373 2731 1491 2787 Hoc
1514 2734 1696 2803 facile,
1746 2734 1943 2802 inquit,
2015 2734 2072 2786 in

434 2877 441 2882 .
483 2847 655 2886 meam
708 2829 1292 2883 commemorationem.
1348 2824 1415 2879 Et
1469 2825 1690 2879 merito.
1761 2824 1818 2879 Si
1861 2824 2063 2880 etenim

481 2921 839 2980 coul'ormiter
863 2918 1024 2973 nobis
1075 2918 1261 2973 carnis
1291 2927 1345 2970 et
1367 2917 1654 2985 sanguinis
1682 2916 1853 2970 nostri
1902 2918 2075 2985 parti-

483 3019 662 3085 cipem
693 3027 754 3068 se
787 3011 971 3074 ellicit,
1006 3017 1059 3064 et
1117 3025 1239 3064 cum
1296 3020 1442 3063 esset
1499 3006 1643 3062 Deus
1694 3009 2073 3074 immutabilis,

2147 522 2318 590 ἔχετε
2349 517 2508 585 ζωὴν
2556 519 2626 572 ἐν
2648 519 2910 585 ἑαυτοῖς.
2944 517 3248 588 Καὶ,Ἐγὼ
3281 516 3375 584 ζῶ,
3408 523 3507 574 καὶ
3533 526 3564 576 ὀ
3592 522 3739 590 τρὼ-

2150 631 2273 683 νων
2305 629 2384 683 με
2436 611 2677 679 ζήσεται
2726 611 2800 663 δι’
2853 610 2977 680 ἐμέ.
3012 611 3184 665 Τοῦτο
3242 614 3363 676 τοῖς
3402 615 3737 685 μυστηρίοις
3796 654 3805 677 ,

2151 704 2446 771 διέπραξεν
2477 702 2724 770 ἀγαθῶς.

2345 794 2416 850 a'.
2455 796 2518 850 Τί
2550 795 2616 849 τὸ
2641 782 2963 865 βάπτισμα
2998 793 3067 848 τὸ
3094 794 3256 864 ἱερὸν
3291 794 3542 865 ἐνεργεῖ.

2224 889 2335 941 Kal
2361 885 2427 959 δὴ
2459 885 2537 958 τῷ
2575 884 2915 956 βαπτίσματι
2950 884 3050 955 μὲν
3090 885 3380 959 ἀναγεννᾷ,
3402 886 3499 959 τὴν
3538 886 3749 941 ἑαυτοῦ

2153 980 2250 1033 καὶ
2272 980 2407 1050 ἡμῖν
2441 978 2626 1047 ἀπαθῆ
2654 978 2831 1041 διδοὺς
2862 977 3142 1048 γέννησιν.
3164 977 3243 1047 Τῇ
3279 979 3521 1032 ὲπιθέσει
3540 978 3600 1032 δὲ
3628 977 3749 1032 τῶν

2153 1070 2357 1140 χειρῶν
2386 1069 2478 1123 καί
2513 1068 2831 1139 ἑμπνεύσει,
2862 1066 2962 1139 τὴν
2989 1066 3086 1121 τοῦ
3142 1068 3317 1140 μύρου
3371 1070 3532 1141 χάριν
3593 1069 3751 1123 twi-

2157 1160 2340 1231 θησιν.

2529 1344 2597 1414 β’.
2642 1346 2707 1400 Τί
2733 1345 2802 1399 τὸ
2825 1346 3025 1416 μύρον
3062 1345 3129 1399 τὸ
3159 1344 3353 1415 ἅγιον.

2236 1442 2301 1494 Ὃ
2320 1440 2384 1509 δὴ
2405 1438 2577 1509 μύρον
2606 1441 2768 1502 αὑτός
2795 1443 2934 1493 ἐστι.
2968 1439 3175 1507 Μύρον
3207 1442 3337 1509 γὰρ,
3368 1439 3555 1510 φησὶν,
3574 1440 3755 1494 ἐκκε-

2159 1533 2353 1588 νωθὲν
2411 1530 2601 1601 ὄνομά
2638 1546 2768 1586 σοι·
2835 1533 3038 1602 χρίσας
3083 1532 3182 1602 μὲν
3215 1530 3429 1595 ἑαυτὸν,
3466 1532 3542 1596 ὡς
3585 1532 3750 1598 Θεὸς,

2160 1627 2406 1697 χρισθεὶς
2444 1624 2502 1678 δὲ
2550 1624 2626 1687 ὡς
2680 1623 2987 1694 ἄνθρωπος.
3041 1624 3132 1676 Διὸ
3174 1625 3270 1676 καὶ
3316 1625 3465 1694 ἡμᾶς
3521 1624 3753 1692 άγαθῶς

2163 1719 2357 1789 χρίων.
2384 1721 2517 1788 ἡμῖν
2545 1722 2778 1787 παρέχει
2800 1717 2898 1789 τὴν
2923 1716 3098 1788 εὐώδη
3132 1722 3224 1771 καὶ
3249 1718 3428 1781 ζῶσαν
3456 1719 3551 1771 τοῦ
3575 1718 3752 1771 Ilvati-

2165 1829 2334 1881 ματος
2381 1812 2634 1883 δύναμιν.
2695 1812 2894 1880 Τρίτον
2927 1812 2985 1865 δὲ
3043 1813 3135 1865 καὶ
3172 1812 3432 1881 μέγιστον
3485 1811 3751 1864 ἁπάντων

2160 1906 2365 1969 δίδωσι,
2397 1906 2457 1957 τὸ
2487 1906 2740 1974 μετέχειν
2771 1905 2919 1971 ἡμᾶς
2955 1895 3144 1970 αἶ’)τοῦ,
3181 1905 3319 1972 ὅπερ
3350 1906 3415 1973 τῇ
3445 1902 3750 1973 παραδόσει

2161 1997 2270 2050 τῶν
2318 1999 2635 2069 μυστηρίων
2686 1996 3026 2067 παρέδειξεν.
3072 1997 3274 2049 Ἐλαῦε
3315 1996 3424 2066 γὰρ
3455 1997 3618 2067 ἄρτον
3652 1998 3751 2049 καὶ

2170 2091 2522 2162 ἱερούργησε,
2572 2091 2667 2144 καὶ
2702 2091 2965 2161 ποτήριον
2995 2090 3219 2161 ὁμοίως.
3255 2092 3364 2145 Καὶ
3408 2090 3470 2143 τὸ
3493 2092 3589 2161 μὲν
3618 2089 3749 2158 ἔφη,

2171 2183 2356 2238 Τοῦτό
2401 2183 2533 2238 ἐστι
2564 2182 2630 2237 τὸ
2656 2180 2830 2252 σῶμά
2867 2199 2984 2248 μου
3008 2198 3023 2213 ο
3077 2182 3139 2234 τὸ
3170 2184 3248 2248 δὲ,
3292 2181 3472 2236 Τοῦτό
3511 2182 3643 2235 ἐστι
3680 2180 3749 2234 τὸ

2166 2271 2314 2346 αἷμά
2357 2293 2500 2345 μου.
2559 2275 2673 2328 Καὶ
2703 2276 2803 2345 οὐχ
2858 2272 3190 2345 ἱερούργησε
3250 2274 3432 2344 μόνον,
3463 2274 3596 2326 ἀλλὰ
3648 2273 3749 2326 καὶ

2169 2371 2308 2436 πρὸς
2339 2366 2439 2437 τὴν
2488 2365 2777 2420 κοινωνίαν
2806 2365 3056 2421 ἐκάλεσε.
3091 2364 3317 2420 Λάϐετε
3352 2368 3481 2434 γὰρ,
3511 2363 3750 2434 φάγετε,

2171 2457 2326 2529 φησὶ,
2356 2458 2453 2511 καί
2482 2458 2648 2511 alata
2673 2457 2744 2521 ἐξ
2775 2458 2962 2511 αὐτοῦ
2990 2455 3235 2522 πάντες.
3274 2456 3386 2510 Καὶ
3410 2458 3470 2509 ού
3498 2456 3620 2509 τότε
3654 2455 3753 2525 μό·

2171 2571 2261 2607 νον
2282 2551 2437 2605 τοῦτο
2456 2551 2759 2621 πεποίηκεν
2783 2550 2967 2617 αὐτὸς,
2999 2550 3138 2603 ἀλλὰ
3165 2553 3259 2603 καὶ
3284 2549 3374 2603 διὰ
3397 2549 3507 2603 τῶν
3533 2550 3753 2603 οἰκείων

2176 2648 2338 2716 μέχρι
2355 2644 2555 2706 παντὸς
2575 2641 2845 2696 τελεῖσθαι
2868 2641 3181 2713 παρέδωκε.
3218 2640 3399 2697 Τοῦτο
3449 2643 3575 2709 γὰρ,
3596 2643 3752 2712 φησὶ,

2174 2734 2400 2790 ποιεῖτε
2432 2736 2519 2799 sit
2550 2732 2665 2801 τὴν
2690 2733 2848 2803 ἐμὴν
2864 2733 3236 2802 ἀνάμνησιν.
3273 2734 3382 2787 Kal
3409 2733 3653 2796 εἰκότως.
3690 2733 3754 2787 Εἱ

2175 2832 2284 2898 γὰρ
2318 2828 2416 2881 καὶ
2444 2827 2607 2891 αὐτὸς
2639 2827 2772 2898 ἡμῖν
2805 2818 3210 2896 παραπλησίως
3233 2826 3437 2897 σαρκὸς
3466 2828 3560 2879 καὶ
3593 2826 3757 2896 αἷμα-

2178 2938 2267 2983 τος
2298 2922 2666 2989 κεκοινώνηκε
2691 2962 2706 2986 ,
2742 2921 2837 2973 καὶ
2886 2920 3010 2974 καθ’
3042 2920 3189 2991 ἡμᾶς
3245 2918 3532 2990 ἄνθρωπος
3575 2918 3753 2987 ὤφθη,

2180 3014 2311 3076 Θεὸς
2338 3013 2414 3066 ὢν
2445 3013 2830 3077 ἀναλλοίωτος,
2861 3013 3066 3075 σκοπὸς
3100 3012 3157 3066 δὲ
3207 3013 3269 3065 τὸ
3295 3012 3543 3077 θεώσεως
3590 3013 3755 3066 αὐτοῦ

485 3106 847 3163 nihilominus
883 3104 1047 3158 homo
1080 3109 1333 3155 nostrum
1389 3100 1589 3153 similis
1640 3101 1913 3169 apparuit,
1969 3115 2075 3169 quo

2186 3108 2479 3176 μετασχεῖν
2535 3108 2703 3177 ἡμᾶς,
2754 3104 2832 3175 τῷ
2888 3105 3153 3175 θειοτάτῳ
3210 3106 3388 3176 τούτῳ
3445 3107 3630 3177 τρόπῳ
3664 3108 3759 3159 καὶ

485 3197 789 3255 divinitatis
818 3193 940 3265 ejus
966 3200 1256 3247 consortes
1286 3204 1350 3244 ac
1367 3189 1504 3244 socii
1531 3190 1820 3246 ﬂeremus:
1852 3190 2082 3246 divinis-

488 3292 631 3346 sima
654 3286 803 3341 istud
837 3296 894 3340 et
922 3298 1089 3354 super
1117 3297 1334 3337 onmem
1371 3289 1592 3350 captum
1623 3282 1836 3337 ratione
1896 3292 2081 3338 actum

488 3388 579 3436 cst
617 3394 634 3445 ;
661 3387 721 3432 ut
741 3376 941 3448 quibus
967 3374 1167 3429 alimur
1183 3382 1237 3427 et
1265 3388 1388 3443 quae
1413 3374 1670 3439 bibimus,
1705 3372 1777 3428 iis
1795 3389 1855 3430 se
1903 3375 2088 3430 immi-

491 3480 699 3535 seret,
740 3470 836 3540 qui
872 3470 1076 3539 ubique
1105 3478 1209 3533 est,
1243 3482 1549 3536 panemque
1578 3477 1632 3521 ct
1663 3468 1847 3521 vinum
1878 3469 1932 3524 in
1964 3484 2086 3525 cor-

490 3580 594 3635 pus
619 3572 674 3619 et
697 3563 1019 3632 sanguinem
1052 3560 1236 3615 divina
1267 3574 1366 3615 sua
1390 3560 1636 3629 potentia
1663 3570 2083 3628 transmutat-ct,

490 3659 585 3728 qui
612 3656 964 3726 omnipotens
995 3662 1098 3708 est.
1134 3652 1240 3707 Per
1268 3652 1382 3705 haac
1412 3655 1571 3708 nobis
1597 3653 1860 3708 inseritur
1881 3664 1935 3709 et
1983 3657 2087 3710 im-

492 3753 760 3805 tniscetur
788 3765 803 3802 :
832 3761 1070 3816 cumque
1101 3747 1175 3802 sit
1216 3745 1310 3800 Sol
1343 3745 1591 3813 iustitiae,
1625 3748 1785 3801 nobis
1815 3748 1980 3812 lucet,
2033 3757 2087 3801 ct

486 3856 605 3898 suae
625 3840 851 3911 puritati
885 3840 1199 3891 contorutes
1229 3836 1623 3891 illustrationes
1682 3837 1900 3893 exhibet
1941 3852 1955 3891 :
1987 3854 2088 3894 nec

491 3932 664 3987 radiis
685 3936 950 3986 duntaxat
976 3930 1240 3982 immissis
1266 3928 1611 3996 simpliciter,
1676 3939 1733 3981 ut
1777 3932 1862 3984 sol
1923 3930 2034 3999 agit
2069 3948 2117 3984 ις

490 4028 591 4084 sed
621 4028 845 4095 insuper
866 4037 934 4078 ex
967 4021 1201 4091 impuris
1217 4034 1352 4090 pura
1379 4022 1577 4085 reddit,
1597 4030 1651 4075 et
1677 4023 1903 4079 luminis
1927 4040 2090 4094 cupa-

489 4135 583 4175 ces
610 4117 798 4173 allicit.

563 4208 796 4276 Quando
830 4206 995 4276 igitur
1022 4204 1409 4274 hujuscemodi
1477 4217 1562 4262 est
1619 4208 1980 4273 sacrificium,
2036 4216 2090 4262 et

494 4304 584 4359 hic
611 4303 736 4356 linis
764 4309 855 4355 est
883 4299 1285 4353 incarnationis
1315 4297 1513 4352 divina:
1536 4315 1659 4369 (per
1707 4316 1831 4353 eam
1888 4304 2092 4369 quippe

497 4404 789 4453 consortes
820 4393 936 4456 Dei,
967 4402 1021 4446 et
1053 4392 1130 4445 dii
1165 4406 1260 4459 per
1292 4392 1524 4462 gratiam
1557 4392 1888 4460 evadimus),
1923 4396 2088 4453 etiam

2187 3200 2327 3268 ὑπὲρ
2387 3199 2543 3267 λόγον
2605 3199 2924 3269 πεποίηκεν,
2987 3192 3071 3261 οἷς
3129 3200 3465 3269 τρεφόμεθα,
3528 3200 3620 3252 καὶ
3677 3195 3761 3263 οἷς

2184 3291 2565 3361 ποτιζόμεθα,
2643 3291 2838 3344 ἑαυτὸν
2900 3291 3254 3358 καταμίξας,
3324 3291 3602 3361 πανταχοῦ
3660 3290 3759 3353 ὢν,

2185 3384 2348 3453 272
2403 3383 2501 3438 καὶ
2529 3385 2622 3436 τὸν
2684 3385 2851 3452 ἄρτον
2898 3381 2994 3435 καὶ
3039 3385 3100 3435 τὸ
3151 3384 3415 3453 ποτήριον
3483 3384 3561 3446 εἱς
3604 3382 3764 3451 σῶμα

2186 3480 2281 3533 καὶ
2339 3473 2479 3546 αἷμα
2525 3479 2593 3547 τῇ
2652 3475 2808 3546 θεῖκῇ
2875 3474 3230 3545 μεταϐάλλων
3288 3474 3457 3528 αὐτοῦ
3514 3475 3764 3543 δυνάμει,

2187 3570 2597 3639 παντοδύναμος
2630 3566 2726 3624 ὢν.
2774 3570 2874 3621 Διὰ
2930 3566 3137 3621 τούτων
3199 3561 3295 3620 οῦν
3351 3568 3486 3635 ἡμῖν
3544 3567 3771 3635 ἀνακιρ-

2186 3665 2343 3715 νᾶται
2377 3665 2473 3716 καὶ
2530 3660 2897 3730 ἀναμίγνυται
2950 3659 3046 3712 καὶ
3075 3656 3425 3727 δικαιοσύνης
3472 3656 3657 3718 Ἥλιος
3690 3654 3770 3709 ὣν

2187 3758 2321 3827 ἡμῖν
2348 3752 2676 3823 ἐπιλάμπει,
2706 3751 2986 3819 ἀναλόγως
3000 3752 3068 3822 τῇ
3101 3750 3430 3820 καθαρότητι
3451 3749 3549 3811 τὰς
3566 3748 3767 3818 ὲλλάμο

2186 3849 2308 3919 ψεις
2341 3848 2621 3918 παρέχων.
2678 3846 2791 3898 Καὶ
2846 3844 2944 3914 οὐχ
2974 3842 3161 3905 ἁπλῶς
3208 3843 3284 3904 ὡς
3340 3841 3492 3910 ἥλιος
3536 3843 3771 3911 ἐνεργεῖ,

2187 3942 2284 4004 τὰς
2324 3940 2548 4003 ἀκτῖνας
2583 3937 2811 4000 ἐντιθεὶς
2846 3937 3030 4006 μόνον,
3063 3932 3201 3988 ἀλλὰ
3233 3934 3328 3987 καὶ
3353 3938 3422 3986 τὰ
3450 3932 3528 4003 μὴ
3553 3933 3773 4003 καθαρά

2189 4036 2442 4110 καθαίρει
2478 4033 2574 4087 καὶ
2601 4029 2832 4085 δεκτικὰ
2856 4027 3035 4097 φωτὸς
3064 4026 3465 4098 ἀπεργάζεται.

2275 4196 2429 4267 Ἐπεῖ
2455 4208 2635 4266 τοίνυν
2667 4209 2911 4264 τοιοῦτόν
2945 4212 3061 4262 ἐστι
3089 4207 3148 4261 τὸ
3177 4207 3276 4276 τῆς
3308 4206 3621 4277 ἱερουργίας
3674 4222 3777 4274 μυο

2194 4310 2437 4379 στήριον,
2473 4307 2568 4359 καὶ
2600 4304 2758 4357 τοῦτο
2791 4303 2963 4373 πέρας
3015 4303 3115 4371 τῆς
3163 4300 3630 4370 ὲνανθρωπήσεως
3676 4298 3774 4352 τοῦ

2179 4400 2352 4462 Θεοῦ,
2388 4398 2458 4452 δι’
2501 4399 2672 4466 αὐτῆς
2716 4396 2829 4466 γὰρ
2876 4393 3011 4447 Θεοῦ
3055 4394 3304 4447 κοινωνοὶ
3336 4392 3625 4460 γινόμεθα,
3677 4393 3777 4444 καὶ

497 4490 709 4546 Christi
741 4486 988 4542 Ecclesia
1014 4485 1251 4539 studium
1287 4486 1428 4538 ineo
1467 4485 1647 4553 majus
1708 4494 1763 4538 et
1813 4488 2075 4539 sacratio:

2194 4494 2337 4546 κατὰ
2364 4492 2525 4562 χάριν
2551 4463 2684 4551 θεοὶ,
2719 4463 2813 4542 καί
2839 4490 2872 4559 ή
2919 4487 3013 4540 τοῦ
3045 4485 3287 4556 Χριστοῦ
3319 4485 3619 4555 Ἐκκλησία
3671 4486 3776 4553 τὴν

500 4571 768 4635 ιι.ιιιὶι›‹ιιί
797 4579 943 4632 unde
971 4578 1196 4647 etquod
1242 4580 1310 4631 ab
1367 4579 1525 4631 initio
1589 4586 1822 4645 accepit,
1869 4579 2091 4631 assidue

497 4683 786 4743 Operutur,
811 4680 866 4727 et
894 4685 989 4741 per
1020 4686 1176 4726 sacra
1208 4673 1457 4739 symuula
1485 4670 1667 4732 docet,
1701 4684 1825 4738 qua:
1869 4686 2091 4722 omnem

500 4775 887 4836 cogitationem
921 4772 1205 4831 superant.
1236 4760 1426 4814 Tanta:
1457 4775 1584 4814 vero
1620 4760 1809 4829 glorias
1860 4775 2089 4829 cumpo-

503 4872 585 4914 tes
616 4865 744 4913 sunt
769 4872 847 4911 ea:
874 4872 994 4925 qua:
1023 4871 1052 4907 a
1097 4856 1256 4908 nobis
1308 4854 1595 4907 visibiliter
1654 4855 1789 4905 liuut
1824 4853 2093 4921 aetinucs,

501 4963 565 5008 ut
583 4953 843 5008 omnibus
873 4948 997 5003 ideo
1026 4950 1130 5003 sint
1167 4948 1545 5000 admirationi.
1576 4942 1782 4999 Verum
1818 4962 1925 4999 non
1973 4964 2091 5000 out-

504 5049 653 5102 nium
687 5058 842 5098 utens
871 5042 937 5095 ad
963 5057 1152 5096 eorum
1185 5039 1430 5108 quarillic
1452 5048 1877 5107 pertractantur,
1904 5040 2092 5110 cngui-

503 5138 714 5192 tionem
767 5144 1017 5206 penetrat
1067 5150 1082 5188 :
1125 5131 1393 5198 multique
1457 5141 1749 5199 propterea
1813 5133 2088 5197 haisitaut,

506 5234 819 5299 horumque
852 5227 1092 5281 rationes
1121 5235 1179 5279 et
1205 5236 1403 5276 causas
1449 5221 1749 5290 exquirunt
1785 5242 1799 5279 :
1832 5233 1889 5278 et
1943 5238 2092 5279 certe

505 5332 727 5392 captum
760 5330 979 5372 oiunem
1021 5312 1441 5374 transcendunt,
1473 5328 1595 5381 qua:
1628 5310 1743 5366 illic
1797 5311 2092 5389 perficiun-

508 5424 619 5470 tur.
652 5412 764 5468 Nec
785 5412 1061 5465 humanus
1083 5408 1287 5466 solum,
1314 5406 1406 5456 sed
1439 5419 1540 5459 nec
1598 5406 1883 5476 angelicas
1934 5410 2095 5463 intel-

508 5509 688 5564 lectus
717 5515 980 5561 enarrare
1006 5515 1073 5563 ac
1101 5501 1300 5553 docere
1331 5511 1516 5569 queat,
1545 5502 1821 5570 quoniodo
1850 5501 1947 5557 Dei
2006 5505 2091 5557 itt-

509 5600 783 5664 carnatio,
811 5594 1089 5665 quomodo
1114 5592 1427 5648 communio
1458 5592 1678 5659 liut,aut
1713 5612 1904 5650 eorunt
1929 5598 2092 5665 quid,-

584 5783 794 5845 ‘Joan.
853 5800 928 5849 Vl,
972 5790 1061 5845 54.
1163 5786 1184 5817 ⁸
1232 5786 1363 5844 ibid.
1431 5785 1520 5843 58.
1600 5786 1621 5821 ⁸
1651 5786 1813 5843 Cant.
1847 5804 1885 5854 ι,
1917 5783 1974 5839 2.

2197 4584 2433 4650 σπουδὴν
2485 4583 2622 4653 πρδς
2652 4581 2814 4634 τοῦτο
2871 4579 3099 4649 μείζονα
3156 4579 3253 4631 καὶ
3304 4577 3584 4648 θειοτέραν
3640 4578 3777 4647 ἔχει.

2197 4677 2361 4730 Ὅθεν
2395 4677 2486 4727 καὶ
2514 4675 2542 4727 ὃ
2585 4672 2895 4744 παρέλαϐεν
2929 4671 2989 4735 ἐξ
3022 4671 3199 4740 ἀρχῆς
3233 4671 3501 4739 διηνεκῶς
3541 4676 3777 4740 ἐνεργεῖ,

2199 4771 2293 4822 καὶ
2321 4767 2408 4820 διὰ
2445 4766 2735 4834 συμὸόλων
2787 4764 2952 4834 ἱερῶν
2985 4763 3228 4818 διδάσκει
3260 4766 3330 4818 τά
3376 4763 3517 4833 ὑπὲρ
3546 4763 3778 4818 ἔννοιαν.

2200 4859 2552 4931 Τηλικαύτης
2575 4858 2633 4910 δὲ
2666 4857 2929 4926 μετέλαϐε
2963 4857 3121 4926 δόξης
3173 4859 3268 4910 καὶ
3297 4858 3366 4908 τὰ
3393 4857 3603 4927 ὁρατῶς
3631 4836 3783 4927 saep-

2197 4954 2459 5023 γνιύμενα,
2489 4956 2572 5005 ὃτι
2597 4950 2762 5004 πᾶσιν
2785 4953 2892 5003 εἱσι
2923 4950 3244 5020 θαυμαστά.
3306 4950 3446 5003 Ἀλλ’
3473 4954 3569 5020 οὐχ
3601 4954 3628 5003 ὁ
3664 4951 3785 5013 νοῦς

2200 5049 2459 5101 ἁπάντων
2507 5044 2642 5113 πρὸς
2676 5044 2776 5113 τὴν
2809 5042 3014 5111 γνῶσιν
3061 5044 3332 5097 διαϐαίνει
3364 5041 3470 5095 τῶν
3528 5044 3785 5110 τελουμέ-

2201 5158 2328 5192 νων.
2355 5137 2521 5191 ’0οεν
2566 5136 2663 5190 καὶ
2701 5134 3028 5205 διαποροῦσι
3054 5136 3264 5201 πολλοὶ,
3298 5137 3391 5188 καὶ
3424 5135 3547 5196 τοὺς
3580 5135 3783 5187 τούτων

2201 5232 2428 5302 ζητοῦσι
2476 5231 2691 5298 λόγους,
2731 5231 2828 5283 καὶ
2879 5232 3099 5294 πάντως
3155 5231 3298 5302 ὑπὲρ
3347 5231 3529 5283 πᾶσιν
3575 5229 3784 5282 ἔννοιάν

2199 5327 2318 5377 ἐστι
2350 5326 2420 5377 τὰ
2455 5323 2780 5392 τελούμενα,
2835 5323 2930 5375 καὶ
2968 5324 3029 5376 οῦ
3066 5323 3229 5393 μόνον
3262 5322 3622 5393 ἀνθρώπινος,
3672 5320 3783 5373 ἀλλ’

2196 5416 2307 5470 οὐδ’
2364 5416 2657 5485 ἁγγελικδς
2685 5416 2750 5469 ἂν
2806 5416 3112 5487 ἐξισχύσειε
3150 5416 3295 5479 νοῦς,
3344 5415 3458 5477 πῶς
3488 5413 3624 5467 Θεοῦ
3656 5416 3786 5481 σάρ-

2197 5527 2395 5575 κωσις,
2425 5510 2459 5580 ἢ
2494 5510 2612 5572 πῶς
2644 5507 2780 5562 Θεοῦ
2808 5508 3066 5563 κοινωνία
3089 5509 3320 5576 διδάξαι,
3350 5508 3383 5578 ἢ
3411 5507 3463 5561 τί
3490 5508 3600 5560 τῶν
3620 5508 3721 5561 ὅσα
3748 5508 3781 5575 ἡ

2210 5602 2511 5671 Ἐκκλησία
2546 5600 2807 5673 κηρύττει
2840 5618 2898 5654 τε
2926 5601 3021 5654 καὶ
3052 5601 3343 5673 διενεργεῖ.
3387 5600 3531 5672 Πλὴν
3563 5599 3626 5653 οὐ
3649 5598 3784 5651 καθ-
