4056 6480
334 392 435 457 701

1349 385 1763 445 EXPOSITIO
1798 384 1896 444 DE
1927 380 2204 442 DIVIX’O
2242 376 2570 439 TEMPU).

3509 373 3631 437 70.27

325 510 451 563 ὀλου
513 504 657 574 ἡμᾶς
720 504 1000 574 ἀμυήτους
1051 502 1263 573 ἀφῆκεν
1293 496 1434 556 εἶναι
1470 501 1599 568 περὶ
1628 500 1738 553 τῶν
1775 497 1907 551 ίδίωη

2027 493 2171 564 piam
2197 507 2320 561 qua:
2349 492 2415 545 ab
2448 490 2693 545 Ecclesia
2725 487 3151 559 promulgantur
3173 495 3245 542 et
3276 484 3609 542 elilciuntur.

321 599 353 651 6
379 597 532 659 Θελς,
582 594 698 648 ἀλλ’
724 596 849 648 ὅσον
889 594 1116 649 δυνατὸν
1144 593 1366 660 εἰδέναι,
1418 593 1514 645 καὶ
1543 591 1775 645 καθόσον
1812 588 1911 658 ζη-

320 694 437 745 τεῖν
468 688 768 757 εὑρίσκειν,
804 689 900 741 καὶ
930 689 988 740 ἐν
1020 688 1274 758 περινοίᾳ
1325 685 1573 753 γίνεσθαι
1621 685 1730 737 τῶν
1765 683 1911 735 ἐκείν

323 800 441 842 νου,
506 782 780 852 παρέσχεν
836 781 968 849 ἡμῖν
1018 780 1296 849 ἀφορμάς,
1346 778 1469 830 ἐπεὶ
1516 779 1611 830 καὶ
1662 777 1729 829 δι’
1761 778 1910 845 ἡμᾶς

320 872 497 926 ταῦτα
550 874 891 942 πέπρακται.
934 871 1179 924 Καθόσον
1208 867 1302 924 οὖν
1331 874 1424 923 καὶ
1454 871 1612 938 ἡμεῖς
1639 870 1913 939 ἠδυνήθηο

326 981 427 1032 μεν
488 964 716 1031 γνῶναι,
767 963 862 1015 καὶ
910 963 1144 1015 καθόσον
1196 963 1330 1032 ἡμῖν
1370 962 1549 1029 ἐδόθη,
1607 961 1911 1029 ἐλαχίστοις

320 1072 383 1123 γε
416 1055 536 1109 οὖσι
575 1055 671 1108 καὶ
692 1056 994 1116 ταπεινοῖς,
1028 1054 1157 1122 περὶ
1186 1071 1261 1105 ων
1284 1054 1624 1121 ἠρωτήσατε,
1654 1052 1911 1118 νομίσαν-

320 1164 413 1209 τες
443 1148 591 1216 ἡμᾶς
617 1143 759 1198 εἷναί
786 1163 861 1209 τι,
897 1146 1129 1212 λέγομεν
1158 1147 1214 1196 ὲν
1248 1145 1461 1215 ἀγάπῃ,
1495 1147 1557 1197 ἐκ
1588 1143 1697 1195 τῶν
1736 1143 1911 1195 [Ιατέ-

325 1256 434 1308 ρων
465 1243 534 1291 τὰ
558 1239 731 1292 πλείω
762 1238 1139 1303 συλλέξαντες.
1167 1238 1301 1290 Οὐδὲ
1328 1239 1438 1306 γὰρ
1466 1237 1576 1290 τῶν
1608 1236 1910 1306 παραδεδο-

327 1332 505 1401 μένων
559 1332 880 1400 καινότερον
930 1329 1057 1382 άλλο
1095 1331 1224 1399 παρ’
1260 1332 1409 1398 ἡμῖν,
1454 1329 1561 1381 οὐδ’
1592 1328 1627 1381 ἃ.
1669 1330 1911 1398 παρελά-

324 1423 494 1492 ϐομεν
538 1422 947 1492 ἠλλοιώσαμεν·
976 1424 1363 1491 τετηρήκαμεν
1393 1422 1468 1486 δὲ,
1496 1422 1570 1484 ὼς
1604 1426 1697 1474 καὶ
1726 1423 1786 1473 τὸ
1809 1421 1912 1491 τῆς

325 1517 563 1577 ¹πίστεως
590 1516 887 1583 Συμὸολον,
918 1517 1040 1569 ὅθεν
1062 1518 1137 1578 ὼς
1163 1518 1292 1583 παρ’
1332 1516 1498 1569 αὑτοῦ
1528 1521 1621 1567 τοῦ
1658 1516 1910 1583 Σωτῆρος

324 1606 423 1658 καὶ
453 1606 561 1657 τῶν
594 1607 910 1659 ἀποστόλων
944 1607 1100 1677 ἐδόθη
1156 1612 1248 1659 καὶ
1276 1607 1385 1658 τῶν
1438 1608 1719 1676 Πατέρων,
1767 1606 1910 1659 οὕτω

322 1698 421 1768 τὴν
455 1698 766 1766 ἱερουργίαν
814 1698 1113 1767 τελοῦμεν·
1150 1702 1241 1752 καὶ
1292 1701 1364 1759 ὡς
1421 1700 1519 1768 μὲν
1546 1701 1571 1750 ὁ
1604 1699 1805 1766 Κύριος
1837 1700 1911 1751 ίε-

325 1791 601 1860 ρούργησε
657 1788 796 1857 μετά
852 1788 962 1839 τῶν
1025 1789 1285 1857 μαθητῶν
1333 1788 1432 1852 ὢν,
1474 1790 1567 1841 καὶ
1622 1790 1714 1840 τὸν
1746 1789 1909 1857 ἄρτον

325 1882 533 1943 κλάσας
602 1881 696 1933 καὶ
755 1880 941 1944 αὐτοῖς
1016 1882 1300 1949 μεταδοὺς,
1369 1886 1462 1933 καί
1515 1881 1575 1933 τὸ
1649 1883 1910 1950 ποτήριον

324 1972 544 2039 ὁμοίως,
580 1972 673 2023 καὶ
710 1971 744 2041 ἡ
791 1970 1093 2039 Ἐκκλησία
1128 1973 1293 2036 ποιεῖ,
1331 1972 1424 2022 τοῦ
1460 1971 1715 2040 ίεράρχου
1771 1973 1910 2039 μετὰ

322 2066 431 2117 τῶν
489 2065 681 2133 ἱερέων
729 2062 1164 2134 ἱερουργοῦντος,
1214 2064 1308 2115 καὶ
1343 2064 1476 2115 πᾶσι
1514 2063 1909 2131 μεταδιδόντος,

319 2156 354 2226 ἢ
392 2158 485 2208 καὶ
519 2157 709 2224 ἱερέως
745 2157 885 2223 μετὰ
908 2156 1130 2207 λοιπῶν.
1173 2157 1343 2207 Τοῦτο
1369 2156 1424 2207 δὲ
1460 2158 1549 2207 καὶ
1575 2158 1601 2206 6
1638 2157 1742 2207 τῶν
1774 2157 1910 2207 ἁπο-

324 2249 528 2301 στόλων
561 2251 829 2317 μαρτυρεῖ
860 2248 1105 2316 διάδοχος
1154 2251 1180 2301 6
1241 2250 1383 2317 ἱερός
1427 2266 1569 2317 φημι
1602 2250 1901 2309 Διονύσιος,

320 2341 466 2395 οὕτω
496 2342 761 2394 διδάσκων
799 2343 1129 2411 ἱερουργεῖν,
1166 2341 1238 2402 ὡς
1269 2343 1452 2411 ἡμεῖς.
1498 2342 1608 2392 Καὶ
1639 2342 1687 2390 οἱ
1717 2340 1911 2409 θεηγό-

321 2453 408 2505 ροι
437 2436 515 2499 δὲ,
544 2436 827 2499 Βασίλειος
865 2437 960 2488 καὶ
1001 2435 1417 2504 Χρυσόστοδλος,
1453 2436 1552 2502 τὴν
1578 2434 1675 2503 τῆς
1705 2450 1912 2502 μυστα-

318 2531 533 2596 γωγίας
563 2529 902 2598 πλατύτερον
955 2528 1239 2594 ἐκθέμενοι
1288 2526 1466 2590 τάξιν,
1497 2526 1641 2579 οὕτω
1677 2526 1916 2591 παραδε·

320 2623 560 2676 δώκασιν
593 2625 857 2691 ἐνεργεῖν,
895 2622 970 2683 ὡς
1012 2623 1044 2688 ἡ
1098 2618 1221 2671 καθ’
1275 2620 1425 2688 ἡμᾶς
1463 2620 1781 2686 Ἐκκλησία,
1818 2618 1917 2671 καὶ

323 2713 702 2784 μαρτυροῦσιν
748 2713 928 2766 αὐτῶν
982 2714 1037 2763 αί
1075 2713 1153 2771 εἰς
1192 2714 1291 2779 τὴν
1358 2711 1674 2780 ἱερουργίαν
1725 2712 1908 2781 εὐχαὶ,

316 2809 417 2870 τὴν
452 2806 682 2873 πρώτην
711 2823 769 2857 τε
802 2807 897 2857 καὶ
926 2805 1191 2873 δευτέραν
1222 2806 1428 2856 εἴσοδον
1464 2804 1907 2871 ὲκδιδάσκουσαι,

318 2898 415 2951 καὶ
443 2897 510 2948 τὰ
545 2898 708 2949 λοιπά
742 2898 839 2965 τῆς
874 2898 1026 2966 ἱερᾶς
1052 2896 1297 2964 τελετῆς.

2019 581 2409 635 Verumtamen
2451 595 2558 634 non
2593 580 2821 633 omnino
2887 578 3055 633 rudes
3078 593 3142 632 ac
3170 577 3397 648 ignaros
3429 591 3610 630 rerum

2018 674 2085 727 ad
2120 690 2176 727 se
2205 673 2599 742 pertinentium
2622 672 2777 726 .Deus
2812 686 2915 726 nos
2951 672 3192 741 reliquit,
3214 671 3308 725 sed
3337 680 3609 740 quantum

2016 766 2084 819 de
2108 765 2176 819 iis
2208 764 2367 826 scire,
2395 764 2744 832 investigare,
2775 775 2827 817 ut
2850 763 3122 827 invenire,
3146 762 3258 816 imo
3282 770 3335 816 et
3365 774 3615 829 compre-

2018 860 2257 914 hendere
2289 875 2577 929 possumus
2606 866 2814 911 tantam
2840 857 3000 911 nobis
3023 858 3370 911 occasionem
3404 852 3615 923 praesti-

2017 955 2082 1006 tit
2111 970 2124 1006 :
2154 952 2601 1022 quandoquidem
2632 966 2801 1006 causa
2830 958 3018 1006 nostra
3050 965 3114 1004 ea
3146 948 3330 1002 omnia
3354 948 3612 1002 instituta

2015 1058 2166 1100 sont.
2203 1047 2477 1111 Quantum
2509 1046 2678 1116 igitur
2712 1045 2871 1101 nobis
2911 1044 3153 1098 minimis
3197 1040 3614 1111 abjectissimis-

2016 1152 2121 1202 que
2149 1152 2480 1192 concessum
2512 1149 2619 1204 est,
2653 1138 2721 1191 de
2762 1138 2830 1192 iis
2896 1152 3022 1205 quae
3071 1149 3172 1189 nos
3232 1148 3357 1188 esse
3405 1132 3612 1201 aliquid

2016 1239 2277 1299 putantes
2312 1230 2718 1300 interrogastis,
2770 1230 2824 1283 in
2880 1229 3154 1283 cltaritate
3217 1226 3611 1289 disseruimus,

2017 1326 2284 1393 pluraque
2323 1339 2387 1377 ex
2418 1324 2505 1377 his
2541 1339 2570 1377 a
2605 1324 2814 1378 sanctis
2848 1323 3102 1377 Patribus
3127 1322 3488 1391 collegimus;
3521 1338 3613 1373 Iit-.-

2015 1430 2122 1483 que
2157 1415 2304 1468 enim
2336 1427 2532 1483 praeter
2548 1430 2611 1469 ea
2640 1432 2759 1484 qua:
2784 1415 2983 1469 tradita
3008 1426 3137 1468 sunt
3166 1430 3367 1467 novum
3400 1412 3609 1480 aliquid

2015 1506 2423 1571 adittvenitntts,
2455 1522 2633 1575 neque
2664 1522 2725 1559 ea
2750 1522 2869 1574 qua:
2897 1508 2964 1558 ab
3002 1505 3126 1557 aliis
3160 1505 3474 1570 accepimus
3501 1503 3608 1555 ulla

2016 1598 2228 1653 ratione
2262 1599 2703 1660 innnutavimus,
2736 1599 2846 1651 imo
2891 1597 3037 1651 sicut
3095 1598 3220 1651 lidei
3285 1597 3584 1667 Symbolum

2015 1690 2226 1758 integra
2264 1691 2581 1759 intactaque
2610 1691 2976 1744 servavimus.
3014 1688 3168 1744 Unde
3198 1690 3339 1744 sicut
3372 1690 3441 1742 ab
3491 1690 3612 1756 ipsc

2016 1782 2303 1836 Salvatore
2342 1783 2595 1836 instituta
2632 1794 2736 1846 est,
2764 1794 2817 1837 et
2845 1784 2913 1837 ab
2945 1784 3236 1849 apostolis,
3271 1793 3325 1838 et
3355 1800 3383 1836 a
3437 1782 3611 1836 Patri-

1943 1854 1988 1913 Β
2022 1875 2123 1928 bus
2190 1876 2408 1937 tradita,
2452 1875 2525 1929 ita
2583 1886 2635 1929 et
2688 1876 2912 1930 missam
2964 1876 3308 1931 celebramus
3340 1895 3353 1931 :
3386 1886 3438 1931 et
3470 1878 3616 1930 sicut

2026 1967 2247 2035 quidem
2290 1966 2578 2031 Dominus,
2609 1983 2733 2021 cum
2790 1968 3078 2037 discipulis
3131 1970 3311 2026 adhuc
3363 1987 3616 2027 ςοιηηιοδ

2032 2074 2164 2113 rans
2187 2060 2555 2126 consecravit,
2576 2069 2629 2115 et
2656 2075 2848 2129 panem
2884 2060 3273 2131 fregit,cisque
3310 2062 3613 2129 distribuit,

2027 2164 2081 2208 et
2114 2155 2340 2208 calicem
2363 2154 2636 2216 similiter,
2659 2157 2728 2207 ita
2757 2165 2809 2207 et
2832 2170 2975 2209 nunc
2998 2154 3239 2210 Ecclesia
3267 2159 3614 2228 exsequitur,

2024 2249 2278 2318 ρηεηιὶθρρ
2330 2263 2453 2303 cum
2523 2249 2903 2301 sacerdotibus
2969 2261 3333 2304 consecrante
3396 2261 3450 2305 ct
3500 2268 3616 2305 om-

2030 2342 2193 2392 nibus
2240 2340 2623 2401 ;listribucnte,
2644 2337 2725 2391 vel
2772 2350 2919 2393 certe
2938 2341 3225 2393 sacerdote
3244 2357 3367 2394 cum
3389 2343 3612 2411 collegis

2025 2433 2360 2487 celebrante.
2397 2432 2511 2487 Hoc
2572 2449 2700 2488 vero
2737 2441 2789 2487 et
2825 2434 3197 2501 apostolorum
3219 2450 3508 2490 successor
3538 2447 3615 2490 te-

2021 2535 2223 2587 statur,
2250 2542 2428 2592 sacer,
2456 2526 2697 2595 inquam,
2721 2525 3153 2597 Dionysiusdum
3171 2530 3249 2582 sic
3273 2528 3613 2593 sacriﬁcare,

2020 2621 2238 2673 sicutt-t
2268 2635 2367 2672 nos
2392 2619 2582 2671 edocet
2617 2634 2630 2669 :
2666 2627 2719 2670 et
2769 2617 3081 2670 divinarum
3139 2634 3321 2672 rerum
3382 2637 3609 2674 enarra-

2024 2724 2172 2767 tores
2202 2712 2437 2767 Basilius
2464 2722 2519 2765 et
2545 2712 2972 2782 CltrysOstomus
3002 2715 3252 2767 ordinem
3290 2716 3470 2769 missa.-
3497 2726 3613 2770 tan-

2022 2806 2092 2860 tis
2121 2807 2397 2874 mysteriis
2423 2806 2641 2874 repleta:
2680 2806 2771 2859 ubi
2804 2814 3110 2874 exponunt,
3142 2807 3223 2860 sic
3278 2822 3397 2861 eam
3448 2813 3613 2878 perii.

2021 2912 2148 2951 cere
2183 2898 2663 2962 commendarunt,
2699 2897 2846 2951 sicut
2876 2907 2929 2951 et
2966 2910 3154 2951 nostra
3184 2895 3430 2953 Ecclesia
3458 2916 3613 2953 exse-

317 2995 505 3061 quitur
539 2993 744 3062 gidque
795 2994 1074 3047 orationes
1150 3008 1339 3044 eorum
1420 2993 1475 3046 in
1555 2993 1717 3045 missa
1777 3007 1900 3061 qua:
1942 2991 2178 3060 primum
2230 3002 2286 3047 et
2316 2993 2617 3047 secundum
2684 2992 2996 3063 ingressum
3047 2994 3403 3065 reliquasque
3455 3012 3600 3051 sacr.

320 3088 564 3159 mysterii
599 3099 780 3157 partes
813 3085 1068 3149 edocent,
1102 3086 1412 3139 clarissime
1444 3095 1910 3141 tomntonstrant.

404 3202 517 3256 Καὶ
541 3201 633 3253 τὸν
660 3199 806 3269 ἱερὸν
836 3200 892 3252 δὲ
918 3202 1044 3251 ναὸν
1093 3199 1154 3251 οὐ
1192 3199 1351 3263 βατὸν
1384 3201 1493 3261 τοῖς
1520 3200 1656 3251 πᾶσι
1691 3197 1907 3268 παραδι-

2100 3202 2164 3254 Ει
2198 3207 2448 3251 ςαιιιιιιιιι
2491 3197 2705 3266 quidem
2743 3196 3008 3266 templum
3045 3211 3150 3251 non
3185 3199 3444 3254 omnibus
3490 3217 3617 3270 per-

317 3296 501 3349 δόασιν
550 3296 599 3347 οἱ
626 3291 1018 3362 Πατέρες,άλλ’
1045 3291 1196 3356 ἄξιον
1220 3292 1530 3355 εὐλαϐείας,
1556 3294 1648 3344 καὶ
1676 3294 1911 3361 μάλιστα

319 3386 387 3456 δὴ
413 3387 475 3438 τὸ
497 3385 724 3454 φρικτὸν
751 3383 1160 3451 θυσιαστήριον.
1193 3383 1301 3435 Καὶ
1323 3384 1500 3450 δῆλον,
1525 3383 1600 3444 ὡς
1638 3383 1743 3446 ἐξω
1786 3383 1911 3450 βάλ-

321 3476 473 3528 λουσι
500 3475 625 3533 τοὺς
657 3475 1126 3543 κατηχουμένους.
1177 3474 1286 3525 Καὶ
1317 3474 1343 3523 6
1392 3473 1537 3540 ἱερὸς
1578 3472 1633 3524 δὲ.
1679 3472 1913 3542 Ἀμϐρό-

319 3585 435 3630 σιος
489 3565 707 3620 καὶτοῦ
753 3566 884 3618 ναοῦ
939 3567 1035 3618 καὶ
1071 3563 1165 3617 τοῦ
1217 3564 1609 3632 θυσιαστηρίου
1664 3563 1909 3630 ὲξιὲιθησε

317 3662 410 3712 τὸν
433 3659 714 3711 θεοδόσιον
741 3658 968 3728 βασιλέα
996 3673 1009 3688 ·
1036 3659 1129 3709 καὶ
1154 3659 1181 3709 6
1210 3658 1266 3708 ἐν
1308 3656 1484 3722 ἁγίοις
1515 3656 1571 3705 δὲ
1604 3655 1908 3724 Γρηγόριος

318 3754 346 3805 6
372 3751 630 3817 Διάλογος
652 3788 668 3813 ,
704 3750 764 3801 οὐ
798 3750 959 3816 μόνον
993 3747 1061 3799 δι’
1092 3746 1329 3815 ὲνζύμου
1364 3748 1531 3815 ἄρτου
1565 3747 1663 3817 τὴν
1716 3749 1910 3800 θυσίαν

320 3843 728 3913 προσφέρεσθαι
774 3844 1065 3912 μαρτυρεῖ,
1109 3840 1247 3894 ἀλλὰ
1301 3843 1395 3893 καὶ
1434 3841 1501 3893 δι’
1545 3841 1731 3904 αἰδοῦς
1781 3843 1908 3903 τοὺς

319 3938 498 4006 ἱεροὺς
530 3940 653 4006 ἄγει
684 3938 1021 4007 ναοὺς,μηδε
1052 3936 1280 4003 λείψανα
1312 3938 1493 4004 ἀφιεὶς
1527 3937 1622 3988 τοῦ
1648 3936 1907 4006 τυχόντος

316 4031 376 4083 ὲν
404 4031 579 4093 αὐτοῖς
604 4032 1075 4083 καταθάπτεσθαι.
1119 4029 1283 4081 Ἀλλά
1314 4030 1409 4080 καὶ
1434 4031 1461 4081 6
1499 4029 1675 4097 μέγας
1700 4029 1907 4080 Ἰσίδω-

326 4139 413 4189 ρος
443 4125 471 4175 ὁ
500 4126 563 4174 ἐκ
588 4123 681 4175 τοῦ
721 4122 1020 4191 Πηλουσίου
1045 4161 1061 4187 ,
1093 4122 1321 4190 ἀρχαῖος
1371 4117 1446 4171 ὢν
1476 4120 1585 4171 τῶν
1619 4122 1901 4189 ιΙατέρων,

317 4217 376 4267 ὲν
410 4214 632 4277 πυλλαίς
676 4214 841 4266 αὐτοῦ
874 4214 982 4266 τῶν
1030 4214 1334 4266 ἐπιστολῶν
1400 4212 1654 4280 περὶτῆς
1696 4210 1904 4274 τάξεως

316 4306 418 4374 τῆς
448 4305 570 4358 καθ’
607 4306 751 4374 ἡμᾶς
779 4304 1124 4373 λειτουργίας
1169 4304 1509 4371 σαφέστερον
1568 4303 1903 4354 ἐκδιδάσκων

316 4404 589 4471 φαίνεται.
616 4401 724 4454 Καὶ
749 4401 775 4451 ὁ
806 4400 875 4451 τὰ
903 4399 1024 4452 θεῖα
1051 4399 1108 4449 δὲ
1143 4401 1305 4465 σοφὸς
1328 4397 1581 4465 Μάξιμος
1613 4398 1757 4449 ἅπαν
1812 4400 1903 4447 ἐκ·

2018 3295 2164 3346 viom
2196 3296 2450 3354 csse,scd
2488 3294 2792 3345 reverentia
2825 3291 3075 3360 dignum,
3108 3295 3618 3352 tremendum-vero

2018 3386 2256 3439 maxime
2289 3385 2481 3453 altare,
2514 3401 2636 3440 esse
2668 3386 2959 3439 voluerunt
2991 3385 3092 3439 SS.
3130 3385 3235 3439 PP.
3267 3390 3422 3452 Quod
3445 3391 3614 3460 liqui-

2016 3481 2086 3534 do
2120 3488 2506 3543 cunstat,cum
2559 3495 2623 3535 ex
2695 3494 2762 3531 ro
2823 3484 3253 3535 catechumenos
3305 3486 3609 3543 emittunt:

2014 3583 2167 3623 Sacer
2198 3584 2328 3622 vero
2359 3569 2710 3635 Ambrosius,
2741 3586 2806 3623 ex
2841 3573 3046 3639 templo
3081 3583 3135 3626 et
3167 3575 3324 3628 altari
3357 3575 3613 3634 Theodo-

2014 3662 2156 3714 sium
2188 3659 2574 3729 imperatorem
2611 3662 2808 3730 ejeClt;
2844 3676 3081 3717 sanctus
3113 3676 3294 3719 autem
3316 3668 3613 3740 Gregorius

2014 3761 2206 3805 auctor
2240 3753 2326 3805 ille
2358 3751 2731 3823 Dialogorum,
2762 3770 2869 3809 non
2904 3759 3067 3813 modo
3102 3775 3226 3813 cum
3265 3750 3643 3820 lerlnetttalo‘

2014 3859 2152 3913 pane
2184 3844 2521 3898 sacriﬁcium
2553 3846 2737 3901 offerri
2770 3858 3021 3914 testatur,
3058 3869 3245 3907 verum
3278 3867 3332 3909 et
3359 3860 3410 3910 in
3449 3874 3616 3915 vene-

2015 3939 2227 3991 ratione
2260 3954 2453 4008 magna
2478 3954 2668 3995 sacras
2694 3943 2858 3996 habet
2887 3947 3054 4008 aedes,
3097 3962 3198 4000 nec
3236 3948 3612 4021 cujuscunque

2012 4046 2073 4083 ca
2096 4031 2277 4085 lavera
2312 4032 2364 4084 in
2395 4034 2463 4086 iis
2496 4034 2718 4103 sepeliri
2755 4036 3024 4102 permittit
3054 4057 3067 4092 :
3094 4041 3349 4097 similiter
3408 4056 3462 4098 et
3510 4044 3610 4101 Isi-

2013 4126 2179 4178 dorus
2211 4126 2485 4181 Pelusiota
2520 4127 2663 4181 inter
2710 4129 2970 4199 antiquos
3027 4130 3219 4187 Patres
3271 4135 3467 4189 merito
3525 4152 3613 4191 re-

2010 4224 2278 4285 ct'nsitus,
2313 4225 2371 4275 in
2404 4223 2678 4293 plerisque
2706 4239 2934 4278 suarum
2954 4224 3404 4298 Epistolarumde
3426 4230 3607 4286 misse

2010 4319 2150 4371 serie
2176 4326 2341 4386 prout
2373 4319 2517 4387 apud
2549 4334 2648 4373 nos
2675 4320 3008 4383 celebratur,
3039 4321 3273 4378 lucidius
3299 4326 3609 4380 edisserere

2009 4411 2228 4464 vnlctur
2258 4430 2269 4464 :
2302 4420 2355 4465 et
2386 4412 2453 4465 de
2486 4411 2691 4467 divinis
2747 4413 2999 4467 eruditus
3058 4413 3333 4469 Maximus
3396 4419 3608 4472 nullum

312 4494 495 4563 τίθησι
527 4493 587 4544 τὸ
631 4493 928 4561 μυστήριον
981 4491 1075 4558 τῆς
1112 4490 1262 4559 ἱερᾶς
1292 4489 1660 4557 λειτουργίας,
1697 4490 1836 4555 ὅπερ
1866 4489 1896 4556 ἡ

2016 4508 2330 4575 mysterium
2353 4521 2524 4559 sacra:
2552 4522 2753 4571 nnsszc,
2794 4524 2952 4576 quam
2982 4510 3224 4564 Ecclesia
3254 4512 3526 4566 catholica
3553 4513 3608 4565 in

320 4588 443 4640 καθ’
481 4588 630 4656 ἡμᾶς
663 4584 964 4654 Ἐκκλησία
992 4582 1294 4651 διενεργεί,
1355 4581 1451 4633 καὶ
1498 4581 1607 4631 τῶν
1652 4582 1710 4631 ἐν
1762 4583 1903 4652 αὐτῇ

320 4683 622 4751 γινομένων
652 4681 777 4738 τοὺς
804 4676 996 4743 λόγους
1027 4672 1416 4742 ὲφερμηνεύει.
1454 4673 1547 4736 Ἐξ
1582 4666 1656 4725 ὧν
1695 4672 1761 4742 δὴ
1810 4675 1905 4724 καὶ

320 4775 479 4843 ἡμεῖς
510 4772 584 4834 ὼς
630 4770 890 4837 Πατέρων
924 4769 1340 4836 ὲρανισάμενοι,
1362 4770 1458 4817 καὶ
1482 4764 1535 4817 εί
1559 4764 1611 4816 τί
1642 4781 1747 4833 περ
1778 4764 1905 4818 ἄλλο

316 4866 467 4935 παρα
496 4864 602 4915 τῶν
632 4863 736 4931 πρὸ
784 4859 942 4928 ἡμῶν
989 4860 1260 4926 ἔγνωμεν,
1311 4858 1597 4927 γράφομεν
1649 4857 1801 4929 ὑμῖν,
1836 4861 1903 4928 τῇ

310 4958 406 5011 τοῦ
452 4956 589 5009 Θεοῦ
627 4956 1005 5024 θαρρήσαντες
1052 4952 1260 5021 χάριτι.
1305 4952 1416 5004 Καὶ
1449 4952 1513 5022 δὴ
1548 4951 1769 5021 πρῶτον
1804 4953 1905 5020 μὲν

310 5052 439 5121 περὶ
464 5049 554 5102 τοῦ
597 5049 744 5101 θείου
808 5047 988 5114 φαμὲν
1016 5044 1186 5097 οἴκου.
1227 5043 1384 5096 Ἐπεὶ
1424 5047 1531 5114 γάρ
1564 5044 1799 5114 ὄργανον
1828 5046 1902 5095 ἱε-

311 5145 574 5213 ρουργίας
608 5139 733 5197 ναός
764 5155 823 5189 τε
852 5143 946 5189 καὶ
978 5136 1183 5206 ἱερεὺς,
1216 5138 1243 5187 6
1276 5135 1379 5205 μὲν
1431 5134 1754 5204 ἱερουργὼν,
1785 5135 1813 5185 6
1840 5135 1899 5186 δὲ

305 5236 371 5288 τὸ
400 5235 787 5302 θυσιαστήριον
811 5231 969 5298 ἔλων,
1006 5232 1099 5280 καὶ
1158 5234 1285 5296 περὶ
1336 5228 1669 5297 ἀμφοτέρων
1723 5242 1897 5295 προσ-

310 5328 439 5399 ῆκόν
466 5331 615 5381 ἐστιν
672 5325 870 5376 εἰπεῖν.

690 5552 759 5619 γ’.
797 5552 863 5606 Τί
897 5551 1068 5603 ἐστιν
1107 5552 1138 5601 ό
1172 5550 1327 5613 θεῖος
1368 5549 1538 5611 ναός.

391 5676 449 5727 Ὀ
481 5673 605 5735 ναὸς
637 5672 833 5732 τοίνυν,
864 5671 912 5720 εί
941 5667 1036 5719 καὶ
1066 5668 1123 5731 ἐξ
1158 5664 1298 5716 ⁹ὒλῶν
1330 5661 1691 5732 συγκείμενός
1723 5664 1896 5725 ἐστιν,

308 5767 421 5824 ἀλλ’
445 5763 536 5819 οὖν
564 5762 934 5833 ὑπερκόσμιον
963 5759 1075 5828 ἔχει
1110 5758 1273 5827 χάριν
1294 5774 1307 5787 ⁸
1343 5756 1577 5809 τελεῖται
1607 5757 1713 5826 γὰρ
1731 5757 1893 5826 273

310 5863 437 5936 παρ’
453 5861 749 5935 ἀρχιερέως
766 5857 952 5926 εὐχαῖς
978 5856 1293 5924 μυστικαῖς,
1311 5852 1401 5906 καὶ
1422 5852 1551 5922 θείῳ
1574 5852 1784 5921 χρίεται
1810 5853 1909 5919 μύ-

2018 4613 2117 4650 usu
2155 4598 2390 4651 liabctet
2424 4598 2688 4665 celebrat,
2725 4616 2833 4654 non
2853 4602 3161 4671 expositum
3183 4603 3463 4675 relinquit,
3497 4622 3614 4660 om-

2016 4690 2278 4755 niumque
2314 4705 2436 4758 qua:
2467 4691 2520 4743 in
2550 4707 2613 4745 ea
2648 4695 2784 4748 tiunt
2814 4696 3058 4750 rationes
3090 4696 3145 4749 in
3175 4698 3414 4751 medium
3439 4700 3613 4752 addu-

2013 4782 2088 4833 cit
2118 4794 2171 4835 et
2200 4783 2618 4853 interpretatur.
2650 4786 2727 4840 Ex
2763 4788 2851 4843 bis
2882 4798 2937 4842 et
2962 4805 3026 4842 ex
3060 4790 3183 4843 aliis
3208 4789 3470 4847 Patribus
3523 4794 3607 4848 di-

2013 4876 2184 4929 eenda
2237 4878 2612 4947 decerpentes,
2639 4879 3012 4948 quodcunque
3045 4881 3115 4934 ab
3163 4886 3609 4943 antecessoribus

2015 4970 2219 5023 nostris
2245 4970 2563 5035 indicimus,
2588 4971 2770 5023 divina
2797 4971 2990 5025 conﬁsi
3026 4974 3202 5040 gratia
3225 4976 3376 5028 vobis
3395 4980 3607 5029 (ξιμοιί-

2011 5063 2209 5116 bimus.
2246 5064 2488 5117 Primum
2516 5065 2681 5133 igitur
2713 5064 2782 5118 de
2808 5065 2987 5117 tlivina
3022 5066 3187 5117 domo
3216 5068 3447 5132 agimus.
3473 5067 3605 5123 Nam

2006 5170 2133 5205 cum
2196 5154 2456 5220 templum
2500 5166 2553 5207 ct
2607 5154 2866 5208 sacerdos
2919 5146 3284 5209 instrumenta
3360 5157 3472 5210 sint
3521 5175 3609 5212 sa—

2007 5245 2636 5311 rriliciodcservientia,
2666 5246 2758 5301 ille
2809 5246 3031 5313 quidem
3100 5262 3454 5315 consecratis,
3504 5251 3607 5305 hoc

2009 5352 2159 5399 \‘cro,
2211 5340 2384 5391 altare
2429 5343 2494 5392 ad
2556 5339 2605 5392 id
2648 5340 2957 5406 exhibens;
3008 5342 3073 5393 de
3120 5352 3353 5411 utroque
3422 5344 3606 5399 dicere

2007 5445 2433 5485 tensentaneutu
2461 5443 2565 5488 est.

2368 5551 2421 5603 5.
2453 5549 2583 5615 Qme
2627 5554 2769 5605 sacri
2826 5554 3004 5623 templi
3067 5557 3227 5610 ratio.

2082 5667 2369 5735 "fetitplum
2409 5681 2536 5734 ergo
2574 5667 2827 5736 quamvis
2861 5684 2926 5722 ex
2960 5669 3338 5723 materialibus
3383 5683 3605 5740 compa-

2008 5772 2154 5814 ctmn
2189 5760 2281 5825 sit,
2319 5760 2538 5815 sublimi
2588 5770 2769 5815 tamen
2824 5763 2999 5831 gratia
3068 5760 3352 5830 przeditum
3404 5768 3490 5816 est
3528 5778 3544 5829 ;
3577 5778 3607 5816 a

2023 5853 2281 5925 pontilice
2339 5853 2482 5907 enim
2521 5851 2771 5924 mysticis
2811 5852 3223 5925 precationibus
3285 5850 3606 5919 dedicatur,
