4056 6432
278 357 381 417 703

276 557 402 609 τότε
431 556 647 619 δεκτέος
669 560 780 619 τοῖς
816 559 910 609 τοῦ
944 558 1140 625 φωτός.
1178 558 1287 611 Καὶ
1323 559 1494 609 ταῦτα
1531 557 1628 624 μὲν
1656 560 1682 608 ὁ
1718 557 1863 616 θεῖος

278 664 343 700 τυ
359 650 444 699 ποῖ
478 650 626 712 ναὸς,
661 652 707 700 εἰ
740 649 832 701 καὶ
860 650 941 701 ἔτι
976 650 1149 701 πλείω
1174 651 1379 702 τούτων
1413 650 1526 701 ἔστι
1564 652 1708 701 νοεῖν
1754 652 1867 709 τοῖς

284 742 434 809 παρὰ
457 741 591 793 Θεοῦ
629 743 855 808 θεωρεῖν
887 745 1146 813 ἐσχηκόσι
1205 743 1458 811 δύναμιν.
1503 743 1561 794 ’0
1589 744 1644 795 δέ
1694 761 1755 809 γε
1790 743 1867 794 ἱε-

286 834 412 901 ρεὺς
442 834 871 900 προηγουμένως
920 834 1020 897 μὲν
1058 836 1205 903 παρὰ
1248 839 1312 904 τῇ
1348 835 1466 905 θείᾳ
1513 833 1703 902 Γραφῇ
1766 832 1869 899 ἄγ-

283 924 443 988 γελος
479 925 689 994 Κυρίου
732 926 1175 996 παντοκράτορος
1208 927 1447 992 λέγεται,
1486 927 1579 979 καὶ
1640 926 1715 988 ὼς
1759 926 1868 978 τῶν

286 1018 447 1069 θείων
491 1018 897 1085 ὲξαγγελτικὸς,
955 1020 1050 1071 καὶ
1108 1020 1183 1081 ὡς
1242 1021 1348 1073 τῶν
1406 1020 1743 1087 θελημάτωνι
1773 1020 1868 1071 τοῦ

285 1107 422 1159 Θεοῦ
450 1110 766 1179 πληρωτὴς.
830 1112 990 1165 Ἀλλά
1047 1113 1141 1165 καὶ
1184 1112 1274 1164 τὸν
1340 1112 1549 1181 Ἰησοῦν
1590 1110 1868 1172 εἰκονίζευ

288 1200 387 1272 τὴν
417 1204 525 1270 γὰρ
554 1203 719 1256 αὐτοῦ
750 1206 815 1274 τῇ
863 1206 1166 1275 χειροτονίᾳ
1204 1208 1474 1276 κέκτηται
1511 1205 1761 1274 δύναμιν.

648 1467 753 1521 κθ’.
788 1470 928 1521 Τίνα
954 1469 1138 1522 τυποῖ
1163 1473 1195 1523 ό
1218 1472 1551 1540 ἀρχιερεύς.

364 1559 474 1611 Καὶ
506 1559 613 1625 πρό
638 1574 701 1625 γε
729 1559 922 1611 τούτου
961 1561 1164 1626 μᾶλλον
1192 1565 1219 1614 ὁ
1257 1564 1543 1635 ίεράρχηε,
1579 1566 1637 1629 ὃς
1664 1570 1756 1622 καὶ
1784 1570 1875 1622 ἐπὶ

296 1651 395 1718 τῆς
420 1651 694 1720 καθέδρας
726 1653 1000 1721 καθῆσθαι
1029 1657 1304 1725 γράφεται
1333 1657 1428 1711 τοῦ
1471 1658 1733 1729 Χριστοῦ,
1780 1662 1876 1714 καὶ

294 1742 392 1810 τὴν
416 1742 668 1805 ἐξουσίαν
693 1745 861 1798 αὑτοῦ
892 1748 1139 1800 πλουτῶν
1160 1749 1295 1817 ἔχει,
1322 1749 1543 1819 δεσμεῖν
1588 1754 1681 1805 καὶ
1726 1753 1876 1805 λύειν

294 1836 360 1904 τῇ
394 1834 488 1887 τοῦ
518 1836 655 1888 Θεοῦ
710 1837 1010 1907 δυνάμενος
1064 1841 1269 1909 χάριτι.
1346 1842 1407 1894 Ὀ
1451 1844 1560 1913 γὰρ
1616 1846 1876 1915 ἱεράρχης

295 1927 393 1993 τῆς
428 1927 539 1979 τῶν
588 1930 906 1983 ἀποστόλων
946 1933 1210 2002 τυγχάνει
1252 1934 1524 2005 διαδοχῆς.
1556 1936 1719 1991 Ὅθεν
1780 1938 1877 1989 καὶ

294 2017 369 2079 ὡς
392 2018 484 2071 τὸν
509 2020 743 2088 Χριστὸν
763 2022 1064 2090 εἰκονίζων,
1105 2026 1165 2077 ὲν
1189 2025 1268 2095 τῷ
1296 2026 1514 2095 μέλλειν
1544 2028 1874 2099 ἱερουργεῖν,

293 2109 363 2160 τὰ
405 2109 525 2179 ἱερά
551 2112 943 2182 περιϐάλλεται
969 2114 1175 2184 ἄμφια,
1212 2120 1494 2185 σημασίαν
1521 2119 1711 2187 ἔχοντα
1744 2119 1881 2170 πάνυ

296 2216 366 2253 τα
388 2201 485 2253 καὶ
531 2201 764 2273 Θεωρίαν
811 2210 1219 2277 πνευματικήν.
1280 2210 1415 2278 Περὶ
1459 2204 1536 2264 ὧν
1580 2212 1676 2263 καὶ
1738 2210 1880 2263 κατά

294 2294 528 2364 δύναμιν
556 2297 810 2365 λέγομεν.
849 2301 1063 2369 Μικρὸν
1092 2301 1150 2354 δὲ
1189 2303 1400 2356 ἀνωθεν
1435 2303 1822 2374 θεωρήσωμεν.

299 2503 361 2555 λ’.
398 2507 562 2569 Τίνες
582 2506 642 2559 at
670 2505 869 2571 τάξεις
894 2505 1108 2632 τῶνέέν
1136 2506 1217 2572 τῷ
1246 2508 1477 2576 ,ϐήματι
1501 2526 1881 2578 χειροτονου-

979 2598 1015 2632 ιι
1054 2596 1193 2632 νων.

973 2596 1193 2648 μενων.
1240 2644 1249 2650 .

651 2673 676 2686 ο

375 2671 499 2722 Τῶν
524 2673 582 2723 ὲν
609 2673 685 2742 τῷ
724 2675 930 2743 βήματι
963 2683 1460 2750 χειροτονουμένων
1494 2683 1573 2744 είς
1601 2687 1749 2751 τρεῖς
1784 2686 1880 2738 τά-

297 2765 412 2829 ξεις
470 2765 885 2836 διαιρουμένων,
942 2761 1270 2834 ἐπισκόπου,
1333 2775 1706 2846 πρεσϐυτέρου
1789 2780 1883 2831 καὶ.

298 2856 573 2920 διακόνου,
597 2860 807 2911 καὶτοῦ
854 2860 952 2929 μὲν
992 2865 1325 2930 φωτιστικοῦ
1370 2866 1687 2937 λεγομένου,
1715 2870 1881 2938 δηλα-

301 2946 367 3013 δὴ
401 2949 493 3000 τοῦ
522 2952 846 3021 ἀρχιερέως,
875 2954 968 3006 καὶ
998 2956 1349 3021 μεταδοτικοῦ
1397 2961 1506 3012 τῶν
1556 2961 1717 3015 θείων
1773 2962 1881 3031 φώ-

304 3059 435 3094 των.
470 3043 677 3107 Πάντες
706 3046 814 3115 γὰρ
845 3048 1187 3116 λαμϐάνουσι
1219 3054 1286 3103 δι’
1327 3052 1515 3118 αὐτοῦ,
1547 3059 1882 3124 χειροτονίας

1305 355 1724 415 ΕΧιδοςιτιο
1770 354 1865 413 DE
1912 354 2183 415 DIVINO
2226 355 2557 418 TEMPLO.

278 465 419 533 πρὸς
446 464 656 527 σκότος.
689 466 749 518 Εἰ
783 463 839 517 δέ
876 483 956 526 τις
991 463 1355 533 ὲπιστραφείη
1420 463 1555 532 «pa;
1606 463 1666 514 τὸ
1724 462 1860 530 φῶς,

1988 461 2077 514 ide
2112 462 2467 525 sentientem,

3446 349 3553 411 7l0

2541 460 2694 516 nefas
2749 471 2853 517 est.
2899 459 3052 514 Nulla
3113 459 3256 514 enim
3317 460 3556 516 societas

1975 556 2111 607 lucis
2147 555 2211 607 ad
2248 556 2521 608 tenebras.
2586 553 2639 607 Si
2678 555 2804 622 quis
2849 563 3029 609 autem
3070 552 3137 607 ad
3188 554 3363 607 lucem
3424 569 3560 606 con-

1972 666 2170 703 versus
2245 649 2452 711 fuerit,
2502 657 2616 700 tum
2653 649 2738 702 his
2789 648 2887 717 qui
2939 648 3081 701 lucis
3112 656 3262 711 sunt,
3298 656 3561 714 acceptus

1971 744 2096 795 erit.
2120 739 2185 794 Et
2209 742 2323 793 hmc
2349 742 2569 809 quidem
2591 742 2840 794 divinum
2874 736 3132 811 templum
3160 751 3219 794 ut
3247 742 3298 793 in
3321 743 3554 809 quadam

1972 835 2142 901 elligie
2196 835 2351 888 nobis
2419 835 2683 899 exhibet;
2742 834 2955 887 tametsi
3023 834 3176 901 plura
3242 835 3365 888 licet
3432 834 3561 887 hinc

1972 925 2079 980 illis
2113 927 2439 996 intelligere,
2474 928 2565 992 qui
2603 927 2989 981 considerandi
3025 926 3335 981 facultatem
3392 926 3565 993 majo-

1972 1026 2086 1069 rem
2139 1033 2166 1069 a
2213 1017 2327 1070 Deo
2385 1028 2736 1087 acceperunt.
2766 1017 3036 1071 Sacerdos
3076 1017 3349 1086 praecipue
3380 1017 3434 1069 iu
3468 1031 3562 1068 sa-

1973 1109 2085 1164 eris
2113 1110 2310 1163 litteris
2331 1113 2558 1180 angelus
2580 1110 2792 1163 Domini
2814 1110 3209 1179 omnipotentis
3233 1108 3561 1177 appellatur,

1973 1214 2033 1256 ιιι
2075 1204 2166 1272 qui
2196 1205 2375 1257 divina
2408 1214 2672 1272 praveepta
2698 1204 2986 1257 annuntiat.
3016 1212 3069 1255 et
3092 1202 3335 1255 divinam
3366 1201 3564 1254 νοιιιιιν

1974 1304 2137 1351 tatem
2165 1295 2404 1362 impleat.
2425 1295 2564 1360 Quin
2584 1304 2635 1348 et
2656 1293 2841 1349 Jesum
2870 1302 3247 1362 repraesentat;
3272 1293 3391 1361 ejus
3412 1293 3557 1347 enim

1976 1395 2300 1458 potestatem
2350 1404 2447 1456 per
2476 1389 2944 1443 consecrationem
2982 1394 3065 1440 est
3096 1387 3351 1455 adeptus.

2185 1481 2274 1535 29.
2311 1480 2444 1545 Quis
2498 1482 2871 1551 prm/iguretur
2934 1481 2998 1534 ab
3052 1484 3312 1548 episcopo.

2051 1570 2114 1622 Et
2160 1571 2393 1639 amplius
2445 1586 2554 1637 pra:
2609 1571 2893 1624 sacerdote
2956 1552 3223 1639 pontifex,
3278 1572 3367 1635 qui
3421 1578 3471 1623 et
3510 1569 3563 1621 in

1977 1663 2236 1716 cathedra
2315 1662 2519 1717 Christi
2591 1661 2786 1717 sedere
2855 1663 3077 1723 dicitur,
3142 1671 3196 1715 et
3278 1661 3565 1730 potestatis

1978 1755 2099 1822 ejus
2128 1754 2343 1822 capiam
2393 1755 2624 1819 obtinet,
2657 1764 2716 1808 ut
2775 1753 2869 1808 Dei
2929 1754 3104 1824 gratia
3169 1754 3338 1822 ligare
3368 1763 3421 1807 et
3454 1755 3565 1805 sol-

1981 1861 2109 1901 vere
2160 1848 2353 1916 possit.
2383 1847 2631 1901 Pontifex
2694 1846 2840 1901 enim
2899 1847 3276 1915 apostolorum
3306 1855 3391 1901 est
3441 1860 3565 1899 suc-

1980 1954 2185 1995 cessor.
2226 1939 2385 1996 Unde
2439 1940 2604 1994 etiam
2654 1949 2916 2008 tanquam
2967 1939 3170 1995 Christi
3229 1939 3409 2008 imago
3450 1952 3563 1991 rem

1981 2034 2224 2088 divinam
2280 2032 2528 2087 facturus
2592 2048 2749 2088 sacra
2810 2034 3139 2089 vestimenta
3187 2032 3386 2095 induit,
3446 2045 3569 2099 quae

1981 2126 2165 2180 omnia
2222 2124 2676 2192 signiﬁcationem
2720 2124 3338 2192 considerationcmque
3396 2121 3569 2190 spiri-

1983 2219 2184 2272 tualetn
2278 2218 2758 2287 complectuntur:
2817 2218 2887 2272 de
2958 2218 3162 2287 quibus
3241 2233 3340 2287 pro
3420 2213 3567 2268 virili

1983 2320 2175 2367 nostra
2264 2310 2535 2366 dicemus.
2616 2309 2789 2364 Paulo
2876 2320 3059 2365 autem
3137 2308 3391 2377 superius
3480 2322 3570 2361 res

1984 2402 2163 2458 omnis
2216 2417 2245 2456 a
2279 2402 2441 2457 nobis
2480 2402 2945 2471 contemplatione
3001 2402 3330 2456 resumenda
3392 2406 3499 2453 est.

1985 2517 2075 2572 50.
2104 2515 2340 2583 Quinam
2369 2517 2474 2570 sint
2505 2517 2715 2570 ordines
2746 2518 2839 2585 qui
2873 2518 2925 2569 in
2958 2516 3161 2570 bemate
3188 2515 3293 2569 sive
3324 2512 3566 2568 sacrario

2595 2588 2935 2641 ordinantur.

2059 2681 2377 2736 [)istribntis
2412 2681 2464 2734 in
2508 2688 2623 2733 tres
2656 2678 2865 2733 classes
2915 2678 2983 2732 iis
3030 2678 3121 2747 qui
3197 2676 3338 2729 intra
3377 2688 3567 2727 sacra-

1986 2778 2127 2831 rium
2185 2774 2536 2839 ordinantur,
2567 2774 2846 2843 episcopo,
2892 2771 3202 2834 sacerdote,
3229 2778 3282 2823 et
3318 2769 3571 2828 diacono,

1986 2866 2180 2919 borum
2259 2866 2551 2933 episcopus
2626 2863 2827 2916 dicitur
2904 2860 3326 2918 illuminativus,
3382 2866 3573 2923 utpote

1986 2959 2078 3028 qui
2148 2958 2494 3024 impertiendi
2549 2957 2773 3010 luminis
2826 2953 3155 3008 auctoritate
3216 2951 3401 3019 pollet.
3437 2948 3571 3003 Om-

1988 3064 2084 3103 nes
2114 3050 2257 3105 enim
2300 3064 2398 3114 per
2441 3065 2563 3103 eum
2604 3048 2885 3115 accipiunt
2917 3045 3128 3098 ordinis
3170 3043 3577 3104 characterem.

307 3134 411 3204 μὲν
437 3137 529 3189 καὶ
563 3140 864 3206 σφραγῖδας
894 3142 1059 3210 ίερεῖς
1089 3162 1147 3195 τε
1207 3147 1299 3198 καὶ
1357 3147 1581 3216 κλῆρος,
1622 3149 1881 3219 καθιερώ-

1995 3145 2111 3199 sive
2143 3142 2482 3207 sacerdotes,
2514 3142 2632 3197 sive
2697 3141 2910 3201 clerici.
2956 3139 3025 3193 ab
3079 3152 3145 3193 eo
3200 3135 3576 3191 dedicationes

303 3243 422 3288 σειὶ
453 3245 510 3280 τε
547 3232 681 3296 ναοὶ,
706 3233 991 3302 βάπτισμα
1012 3235 1068 3286 δὲ
1096 3238 1189 3288 καὶ
1216 3236 1413 3303 ἄφεσιν
1445 3241 1538 3291 καὶ
1569 3241 1869 3309 ἀγιασμδν,

305 3321 626 3390 μυστηρίων
672 3340 728 3375 τε
782 3329 1068 3380 κοινωνίαν
1105 3328 1153 3379 οξ
1186 3328 1385 3394 λαῖκοδ,
1420 3330 1456 3383 ἃ
1483 3332 1663 3385 πάντα
1710 3332 1786 3395 ὡς
1830 3336 1892 3387 ἐκ

305 3412 494 3481 πηγῆς
523 3414 702 3480 φωτὸς
730 3416 831 3485 τῆς
861 3418 1231 3489 ὲπισκοπικῆς
1288 3422 1395 3473 είσι
1429 3422 1674 3492 χάριτος.

729 3615 832 3673 λα’.
866 3622 927 3674 Τί
965 3621 1032 3676 τὸ
1053 3626 1427 3682 τελεστικόν.

379 3860 485 3915 Τοῦ
550 3864 927 3935 πρεσϐυτέρου
969 3866 1025 3919 δὲ
1079 3868 1378 3938 λεγομένου
1433 3871 1768 3935 τελεστικοῦ,
1814 3874 1889 3937 ὡς

306 3953 470 4024 χάριν
499 3954 715 4025 ἔχοντος
748 3958 913 4026 μόνον
944 3961 1265 4032 τελεστικὴν
1297 3963 1377 4025 είς
1427 3965 1527 4027 τὰς
1552 3964 1796 4030 τελετάς,
1826 3966 1888 4018 οὐ

310 4045 419 4113 μὴν
448 4048 833 4121 μεταδοτικήν.
864 4052 1125 4116 Βτπτίζει
1165 4053 1276 4122 γὰρ
1331 4056 1426 4107 καὶ
1475 4056 1772 4125 ίερουργεῖ,
1827 4056 1886 4108 οὐ

302 4139 604 4194 δύναταιδὲ
644 4148 999 4213 χειροτονεῖν,
1031 4147 1140 4199 οὐδ’
1196 4147 1357 4200 ἄλλον
1403 4150 1648 4219 ἐνεργεῖν
1710 4148 1884 4218 ἱερέα,

304 4230 341 4300 ἢ
372 4231 481 4285 τῶν
509 4234 625 4288 ὅσοι
654 4233 861 4300 τάξεως
901 4239 1223 4309 μετέχουσιν
1284 4239 1458 4309 ἱερᾶς.

729 4530 830 4601 λβ’.
876 4529 943 4584 Tl
963 4529 1029 4583 τὸ
1057 4532 1491 4599 λειτουργικόν.

381 4621 486 4677 Τοῦ
518 4623 770 4678 διακόνου
798 4623 857 4676 δὲ
889 4623 1266 4692 λειτουργικοῦ
1299 4623 1616 4693 λεγομένου,
1640 4624 1717 4690 ὡς
1750 4627 1894 4698 ὑπη-

312 4720 468 4783 ρέτου
522 4718 677 4782 τάξιν
728 4718 1037 4787 ἐπέχοντος,
1089 4718 1182 4770 καὶ
1248 4718 1323 4786 μὴ
1386 4717 1689 4788 δυναμένου
1728 4724 1897 4791 χωρὶς

312 4809 504 4879 ἱερέως
538 4828 587 4863 τι
613 4811 902 4877 πράττειν,
940 4810 967 4862 ὃ
1013 4809 1076 4880 δὴ
1135 4809 1237 4878 τῆς
1299 4811 1537 4880 ἐσχάτης
1593 4812 1895 4884 ἀγγελικῆς

308 4904 427 4954 ἐστι
454 4904 683 4972 τάξεως,
720 4903 952 4965 ἕκαστος
976 4902 1158 4955 αὐτῶν
1189 4905 1252 4955 ἔκ
1284 4904 1395 4955 τῶν
1458 4906 1627 4972 τριῶν
1687 4905 1895 4959 τούτων

306 4996 542 5060 τάξεων,
598 4996 880 5061 ἀναλόγως
936 4998 999 5065 τῇ
1055 4995 1231 5059 τάξει,
1292 4996 1631 5065 περιτίθεται
1678 5000 1773 5051 καὶ
1828 4999 1898 5051 τὰ

307 5091 511 5159 ἀμφια.
552 5089 663 5141 Καὶ
689 5089 855 5159 276
884 5089 1129 5151 διάκονος
1163 5088 1284 5157 μὲν,
1320 5089 1419 5141 ὅσα
1453 5088 1553 5156 τὴν
1598 5089 1897 5162 ἀγγελικὴν

306 5186 475 5235 τυποῖ
506 5182 696 5247 τάξιν·
737 5182 1114 5252 πρεσϐύτερος
1145 5180 1199 5232 δὲ
1227 5182 1319 5233 καὶ
1358 5180 1534 5234 ταῦτα
1577 5181 1697 5250 μὲν,
1750 5184 1898 5234 ἐπει-

307 5274 482 5344 δήπερ
510 5275 602 5326 καὶ
630 5271 805 5325 τὸτοῦ
840 5273 1089 5324 διακόνου
1127 5273 1377 5340 χάρισμα
1412 5273 1679 5341 πῴτερον
1713 5272 1897 5335 ἔλαϐε,

310 5372 404 5420 καὶ
434 5370 501 5419 τά
531 5367 630 5431 τῆς
654 5364 975 5432 τελεστικῆς
1009 5363 1065 5416 δὲ
1105 5364 1349 5432 χάριτος,
1387 5366 1452 5431 ἦν
1500 5363 1561 5415 τὸ
1596 5364 1899 5432 ἐπιτραχὴ-

307 5460 423 5513 λιον
452 5461 697 5528 φανεροῖ.
739 5457 798 5507 ’0
848 5455 1109 5525 ἱεράρχης
1141 5453 1221 5515 δὲ,
1282 5453 1376 5505 καὶ
1442 5452 1636 5515 ταῦτα,
1686 5453 1779 5504 καὶ
1820 5452 1898 5503 ἔτι

310 5550 371 5603 τὸ
397 5549 729 5618 ὠμοφόριον,
761 5546 789 5598 ὃ
821 5546 1121 5616 παρίστησι
1176 5544 1598 5613 σεσαρκωμένον
1654 5543 1747 5595 τδν
1803 5542 1897 5594 τοῦ

313 5644 448 5696 Θεοῦ
488 5644 634 5697 Υἱόνι.
670 5642 762 5694 Διὸ
802 5641 895 5692 καὶ
944 5640 1043 5708 τὴν
1078 5637 1274 5705 στολὴν
1316 5636 1414 5706 τὴν
1459 5638 1611 5706 ἱερὰν
1643 5637 1900 5706 ἐνδυόμε-

312 5753 427 5803 νος,
466 5738 734 5808 πρότερον
770 5734 830 5787 τὸ
865 5733 1146 5804 στιχάριον
1199 5730 1611 5809 περιϐάλλεται.

1998 3238 2328 3307 templorum
2374 3235 2528 3291 fiunt.
2567 3250 2631 3289 ex
2664 3250 2727 3288 eo
2781 3233 3113 3301 baptismus,
3178 3228 3572 3288 sanctificatio,

1996 3339 2343 3399 peccatorum
2400 3327 2678 3389 remissio,
2715 3333 3186 3378 sacramentorum
3230 3319 3579 3390 participatio

1996 3424 2049 3475 in
2108 3422 2275 3474 laicos
2331 3433 2524 3471 omnes
2596 3425 2857 3484 tanquam
2938 3430 2967 3469 a
3028 3415 3199 3469 fontis
3263 3411 3474 3467 lumine
3545 3426 3575 3465 a

1994 3515 2170 3584 gratia
2208 3513 2503 3583 episcopali
2536 3510 2779 3580 proﬂuit.

1992 3629 2083 3683 51.
2111 3628 2333 3691 Quidsit
2371 3643 2558 3680 manus
2586 3625 2879 3695 presbyteri
2904 3623 3145 3684 talestici,
3183 3621 3274 3695 qui
3308 3620 3580 3695 baptizare

2063 3710 2108 3751 et
2136 3690 2537 3751 Eucharistiam
2586 3690 2909 3749 "consecrare
2949 3701 3143 3761 potest,
3168 3690 3259 3745 sed
3326 3690 3578 3745 ordinare

2065 3786 2167 3822 non
2198 3774 2389 3837 potest.

2067 3879 2361 3949 Presbyter
2407 3886 2589 3931 autem
2644 3873 2846 3929 dicitur
2904 3872 3231 3937 initiativus,
3262 3881 3450 3941 utpote
3489 3869 3577 3939 qui

1995 3972 2167 4027 solum
2206 3970 2338 4024 alios
2385 3968 2631 4023 initiandi
2697 3967 2927 4032 gratiam
2968 3965 3133 4019 habet
3170 3965 3224 4017 iu
3257 3963 3432 4018 sacris
3466 3977 3583 4032 my-

1994 4065 2181 4121 steriis
2239 4078 2402 4117 :non
2467 4070 2649 4114 tamen
2732 4062 2872 4114 hanc
2953 4059 3279 4113 initiativam
3347 4054 3611 4126 gratiam‘

1991 4159 2115 4213 aliis
2196 4154 2569 4209 communicat
2604 4162 2657 4207 et
2715 4153 3052 4221 impertitur.
3126 4150 3377 4218 Baptizat
3437 4148 3580 4201 enim

1991 4262 2043 4306 et
2112 4259 2450 4314 consecrat;
2512 4261 2621 4301 non
2683 4256 2861 4299 tamen
2921 4254 3099 4313 potest
3180 4245 3318 4297 alios
3367 4240 3589 4294 initiare

1992 4341 2307 4402 ordinibus,
2387 4354 2493 4395 nec
2573 4339 2741 4393 alium
2819 4352 3008 4392 creare
3063 4338 3425 4396 sacerdotem,
3491 4340 3588 4387 aut

1992 4447 2379 4505 qumncunque
2438 4432 2601 4486 alium
2635 4431 2727 4501 qui
2754 4429 2966 4485 ordinis
3004 4427 3149 4483 sacri
3182 4427 3254 4482 sit
3286 4427 3582 4495 particeps.

2176 4525 2267 4581 5‘3.
2302 4523 2443 4589 Quid
2478 4525 2779 4593 liturgicum
2811 4538 3003 4575 munus
3048 4520 3101 4573 in
3146 4520 3391 4572 diacono.

2072 4617 2349 4673 Diaconus
2404 4627 2589 4672 autem
2640 4615 3082 4670 ministratorius
3141 4611 3367 4674 dicitur,
3402 4619 3461 4663 ut
3496 4609 3588 4678 qui

2000 4711 2239 4766 ministri
2290 4710 2468 4765 locum
2510 4718 2711 4771 teneat,
2741 4715 2795 4763 et
2832 4708 2970 4761 citra
3031 4703 3373 4760 sacerdotem
3411 4700 3591 4755 facere

2005 4803 2142 4857 nihil
2190 4804 2399 4872 possit:
2450 4801 2596 4872 quod
2627 4809 2776 4855 certe
2808 4807 2895 4853 est
2948 4796 3123 4851 ultimi
3172 4794 3385 4850 ordinis
3418 4807 3587 4861 auge-

2005 4893 2114 4946 lici.
2182 4892 2429 4960 Quisque
2482 4893 2676 4943 horum
2734 4888 2899 4942 trium
2950 4886 3204 4940 ordinum
3270 4900 3365 4954 pro
3425 4884 3590 4937 ratio-

2001 5000 2071 5038 ne
2121 4983 2205 5038 sui
2266 4992 2443 5037 status
2498 4990 2679 5035 vestes
2755 4978 2953 5030 induit.
3030 4976 3301 5030 Diaconus
3366 4974 3588 5045 quidem

2001 5091 2124 5145 qua:
2161 5074 2467 5144 angelicum
2505 5072 2754 5124 ordinem
2831 5066 3097 5122 referunt.
3151 5067 3444 5137 Presbyter
3477 5067 3591 5119 haec

2001 5168 2190 5221 eadem
2240 5164 2425 5228 habet,
2456 5159 2903 5231 quandoquidem
2961 5158 3235 5213 charisma
3306 5158 3421 5211 sive
3470 5172 3593 5224 gra-

2002 5259 2133 5312 tiam
2194 5257 2346 5324 prius
2412 5254 2660 5321 accepit;
2722 5260 2780 5305 et
2852 5250 3049 5305 deinde
3120 5250 3449 5305 initiativam
3508 5248 3590 5302 vel

2002 5348 2455 5406 sanctificativam
2534 5344 2766 5414 adeptus
2801 5352 2907 5409 est,
2954 5360 3118 5414 qualn
3170 5343 3390 5414 quidem
3468 5341 3591 5410 ejus

2003 5446 2141 5501 stola
2192 5442 2421 5497 indicat.
2504 5441 2759 5495 Pontifex
2852 5449 3034 5495 autem
3089 5442 3309 5507 litec,et
3366 5441 3594 5508 insuper

2004 5538 2109 5592 alia
2168 5544 2510 5598 ornamenta,
2575 5534 2824 5587 videlicet
2857 5534 3108 5601 pallium,
3156 5532 3409 5596 assumit,
3445 5530 3592 5598 quod

2005 5629 2345 5682 incarnalunt
2430 5626 2522 5679 Dei
2597 5623 2795 5677 Filium
2886 5624 3349 5678 considerationis
3429 5621 3593 5674 oculo

2010 5722 2252 5773 exhibet.
2288 5718 2471 5771 Sacris
2498 5733 2628 5789 ergo
2678 5718 2925 5774 vestibus
2968 5719 3097 5773 dum
3138 5716 3405 5780 induitur,
3439 5713 3592 5785 prius

2006 5814 2191 5868 tunica
2241 5811 2514 5867 amicitur.
