4056 6498
460 305 578 379 ηιδ

1332 313 1711 391 εΥΜεοΝΙε
1753 331 2509 403 τῐιεεελιοΝιοΕΝείε
2543 336 2898 410 meumr.

3615 334 3735 406 716

469 455 579 508 qua
620 439 871 496 Christus
901 443 1195 498 cruciﬁxus
1227 452 1281 499 et
1326 447 1686 504 resuscitatus
1744 464 1956 504 summa
1985 458 2040 505 et
2067 454 2091 513 Α

2179 455 2239 508 δν
2273 456 2369 510 τοῦ
2403 456 2539 512 Θεοῦ
2574 459 2828 542 δύναμιν,
2865 461 2936 516 δι’
2959 463 3027 534 ἦν
3061 449 3327 532 κατῆλθεν
3361 451 3389 515 δ
3423 463 3592 532 Λόγος
3629 467 3732 537 μέλ

470 531 583 587 ima
625 535 908 603 amplexus
938 542 1042 590 est.
1077 535 1354 606 imprimis
1411 553 1634 595 saccum
1681 557 1794 608 quo
1840 557 1936 610 per
1961 545 2044 597 lu-

2146 564 2273 619 χρις-
2299 551 2476 620 ἡμῶν,
2505 554 2598 606 καὶ
2625 554 2694 608 τὰ
2725 557 2838 609 ἄνω
2867 556 2964 609 καὶ
2988 556 3059 610 τὰ
3091 555 3264 620 κάτω,
3295 557 3599 627 σαρκωθεὶς
3629 559 3727 612 καὶ

461 620 710 676 dihrium
779 623 1037 680 Salvator
1089 627 1318 684 indutus
1377 639 1482 694 est,
1536 630 1740 686 idcirco
1786 641 1842 687 et
1897 633 2044 687 sacci

2179 645 2486 712 ’ταυρωθεὶς
2531 648 2628 700 καὶ
2671 647 2996 715 ἐξαναστὰς,
3045 652 3114 703 δι’
3141 648 3331 702 ἐαυτοῦ
3368 620 3607 718 ’συνῆξεν
3647 647 3734 714 εἰς

477 713 703 767 formam
769 717 972 785 habet;
1029 735 1129 774 nec
1203 722 1346 775 enim
1379 723 1433 775 in
1477 737 1544 776 eo
1586 732 1740 788 sunt,
1781 741 1902 793 qua:
1952 738 2048 792 ap-

371 859 374 866 ,
467 803 750 869 ’νιιιιειηιιιτ
794 811 1045 866 manicae.
1095 810 1442 868 Manifestius
1492 816 1598 868 hoc
1648 816 1886 882 exhibet.
1938 833 2048 882 quo

392 895 399 912 ⁵
459 895 750 966 νύίεηὶοτεε
773 902 1052 969 pontiﬁces
1071 906 1404 970 vestiuntur,
1422 915 1472 960 et
1491 923 1685 961 saccus
1704 907 1924 962 dicitur.
1941 909 2047 964 Sed

473 997 530 1040 et
562 990 753 1058 reliqui
788 994 1072 1061 pontifices
1091 997 1335 1051 casulam
1358 999 1618 1054 crucibus
1637 1000 1848 1067 plenam
1874 1003 2049 1056 induti

478 1080 641 1148 (quae
675 1090 728 1135 et
762 1085 1170 1141 multicrueium
1209 1089 1391 1142 vocari
1428 1090 1612 1159 solet)
1646 1091 1795 1144 clare
1827 1093 2047 1156 docent,

479 1175 739 1240 quoniam
797 1179 1073 1246 passionis
1131 1177 1347 1233 Domini
1381 1184 1595 1250 signum
1643 1193 1749 1246 est,
1784 1199 1844 1238 se
1899 1184 2049 1236 illum

479 1267 719 1336 imitari;
756 1272 847 1338 qui
881 1287 978 1340 per
1002 1272 1311 1335 passionem
1359 1284 1412 1328 et
1444 1291 1662 1328 crucem
1733 1292 1914 1330 veram
1959 1277 2054 1346 ju-

477 1359 684 1413 stitiam
733 1364 1156 1430 Consummavit,
1189 1377 1242 1419 et
1269 1368 1321 1420 in
1364 1380 1548 1419 veram
1604 1367 1934 1430 libertatein,
1975 1381 2059 1440 ty-

467 1458 652 1506 ranno
685 1453 930 1518 depulso,
966 1469 1067 1509 nos
1097 1471 1287 1510 omnes
1317 1461 1582 1512 asseruit.
1606 1442 1900 1528 Propterea
1929 1475 2054 1514 cum

478 1542 610 1595 illud
671 1543 869 1602 induit.
919 1545 1108 1600 dicit:
1154 1546 1466 1602 Sacerdotes
1524 1551 1620 1612 tui,
1672 1549 1916 1613 Domine,
1973 1552 2057 1604 in-

361 1657 368 1665 -
466 1635 707 1688 'duentur
726 1637 1018 1705 justitiam,
1045 1651 1094 1694 et
1133 1643 1305 1695 sancti
1347 1645 1424 1696 tui
1442 1643 1794 1698 exsultatione
1822 1644 2060 1698 exsulta-

480 1727 632 1780 bunt.
690 1728 766 1782 Re
827 1746 954 1783 vera
1007 1735 1152 1786 enim
1215 1735 1425 1802 justitia
1490 1751 1589 1804 per
1621 1751 1842 1790 erucem
1900 1737 2058 1791 nobis

479 1819 902 1876 exsultationem
944 1833 1175 1892 peperit.
1227 1825 1296 1880 Et
1345 1827 1460 1880 hanc
1504 1835 1632 1880 sunt
1685 1828 1891 1896 quibus
1934 1829 2049 1881 dia-

467 1926 654 1966 conus
684 1923 738 1966 et
773 1917 1035 1972 ειιοιινιὶοε
1080 1929 1369 1980 ornantur.
1431 1921 1652 1987 dempto
1697 1928 1882 1973 tamen
1930 1920 2060 1974 sub-

469 2004 719 2065 -genuali:
758 2015 812 2059 et
855 2007 970 2062 haec
1035 2011 1298 2080 mysteria
1352 2012 1660 2076 continent,
1716 2020 2059 2080 proutano-

481 2095 566 2147 bis
597 2096 769 2151 videri
823 2106 1147 2159 potuerunt.
1882 2106 1885 2108 ’

2151 734 2365 788 ἑαυτόν.
2403 736 2500 788 Διά
2532 737 2693 790 τοῦτο
2725 740 2820 793 καὶ
2852 727 3181 810 ἐξαιρέτως,
3215 741 3275 794 ὃν
3308 740 3594 793 ἐνεδύσατο
3627 743 3734 806 Epp

2154 825 2484 893 παιζόμενος
2514 831 2542 880 6
2574 829 2769 896 Σωτὴρ
2799 830 3116 894 ἐξεικονίζει
3150 831 3370 886 σάκκον.
3403 831 3494 883 Διδ
3527 831 3618 884 καὶ
3652 831 3732 893 ὡς

2158 920 2361 973 σάκκου
2390 919 2558 973 τύπον
2583 923 2789 992 ἐπέχει.
2819 923 2954 975 Οὐδὲ
2983 923 3092 990 γὰρ
3120 923 3232 992 ἔχει
3260 923 3413 976 τοῦτο
3437 923 3474 978 ὃ.
3504 923 3731 977 καλοῦσι

2158 1010 2381 1078 μανικια
2403 1051 2417 1076 ,
2451 1011 2510 1063 τὸ
2545 1014 2894 1080 περιεκτικὸν
2929 1015 3187 1068 ἁπάντων
3215 1014 3415 1083 δηλῶν.
3456 1015 3739 1085 Ἀριδηλό-

2154 1119 2312 1171 τερον
2343 1103 2398 1154 δέ
2431 1102 2590 1155 τοῦτο
2627 1104 2924 1174 παρίστησι
2961 1107 3057 1158 καὶ
3090 1104 3118 1157 ὃ
3153 1105 3428 1159 ἐνδύονται
3461 1107 3510 1159 οἱ
3544 1106 3740 1174 ἐκκρι-

2154 1214 2236 1249 τοι
2266 1196 2374 1248 τῶν
2401 1199 2725 1266 ἀρχιερέων,
2760 1201 2961 1261 σάκκος
2989 1198 3149 1252 τοῦτο
3179 1198 3532 1266 καλούμενον.
3569 1197 3740 1250 Ἀλλὰ

2157 1292 2250 1342 καὶ
2289 1292 2336 1342 οἱ
2374 1289 2554 1342 λοιποὶ
2588 1289 2694 1342 τῶν
2730 1289 3072 1359 ἀρχιερέων,
3111 1291 3169 1342 τὸ
3213 1289 3485 1356 φαινὸλιον
3525 1288 3741 1355 πλῆρες

2161 1382 2410 1447 σταυρῶν
2441 1382 2772 1445 ἐνδυόμενοι,
2805 1381 2832 1432 ὃ
2862 1383 2924 1448 δὴ
2959 1384 3052 1434 καὶ
3082 1381 3482 1449 πολυσταύριον
3513 1383 3541 1432 ὁ
3569 1379 3738 1443 λόγος

2159 1475 2344 1527 καλεῖν
2383 1469 2513 1545 οἶδε,
2550 1472 2710 1524 τοῦτο
2749 1473 2938 1540 σαφῶς
2981 1475 3236 1543 περιστᾷ,
3276 1472 3359 1525 ὅτι
3394 1468 3485 1524 τοῦ
3529 1473 3741 1532 πάθους

2159 1565 2276 1616 ἐστὶ
2325 1562 2420 1615 τοῦ
2473 1563 2730 1631 Σωτῆρος
2780 1563 3102 1630 δηλωτικὸν,
3151 1564 3406 1615 κάκεῖνον
3461 1563 3738 1630 μιμεῖται,

2161 1655 2252 1708 τὸν
2285 1655 2372 1708 διὰ
2409 1655 2600 1709 παθῶν
2636 1655 2730 1706 καὶ
2768 1654 3005 1722 σταυροῦ
3040 1655 3138 1724 τὴν
3175 1655 3347 1724 ἀληθῆ
3383 1653 3741 1717 δικαιοσύνην

2159 1741 2514 1802 τετελεκότα,
2552 1743 2644 1794 καὶ
2679 1744 2778 1810 τὴν
2818 1742 2924 1796 ἀπὸ
2961 1741 3056 1794 τοῦ
3097 1742 3488 1811 τυραννοῦντος
3524 1741 3742 1793 ἐλευθεο

2163 1835 2286 1900 ρίαν
2313 1835 2443 1902 ἡμῖν
2473 1834 2885 1903 παρεσχηκότα,
2923 1835 3020 1887 καὶ
3052 1835 3262 1895 πάντας
3291 1831 3428 1903 ὁμοῦ
3463 1831 3738 1886 σώσαντα.

2160 1922 2250 1972 Διὸ
2277 1924 2371 1972 καὶ
2398 1921 2717 1989 ἐνδυόμενός
2745 1938 2939 1992 φησιν,
2978 1944 2996 1975 ι
3031 1924 3096 1976 Οἱ
3153 1924 3317 1992 ἱερεῖς
3376 1940 3502 1985 σου,
3531 1925 3738 1989 Κύριε,

2161 2013 2481 2066 ἐνδύσονται
2535 2014 2904 2084 δικαιοσύνην,
2930 2017 3026 2069 καὶ
3055 2018 3104 2068 οἱ
3134 2017 3268 2070 δεῖιοὶ
3300 2032 3393 2068 σου
3425 2017 3742 2084 ἀγαλλιάσει

2168 2102 2609 2168 ἁγαλλιάσονται.
2649 2124 2669 2156 ι
2700 2105 2905 2168 Ὄντως
2949 2107 3056 2176 γὰρ
3090 2109 3123 2175 ή
3152 2106 3242 2159 διὰ
3269 2107 3502 2176 σταυροῦ
3533 2107 3737 2160 Strato-

473 2190 616 2260 τσύνη
659 2193 758 2262 τὴν
799 2196 1119 2261 ἀγαλλίασιν
1184 2200 1318 2268 ἡμῖν
1377 2201 1706 2267 ἐχορήγησε.
1749 2199 1857 2252 Καὶ
1898 2197 2068 2253 ταῦτα
2117 2199 2216 2266 μὲν
2247 2201 2391 2269 ἅπερ
2424 2200 2669 2283 ἐνδύεται
2699 2201 2945 2264 διάκονός
2973 2217 3034 2254 τε
3066 2201 3160 2255 καὶ
3193 2201 3407 2272 ἱερεὺς,
3479 2199 3568 2255 τοῦ
3625 2204 3746 2255 ἐπι-

485 2284 737 2347 γονατὶου
790 2289 949 2354 μόνου
998 2293 1188 2361 χωρὶς,
1245 2295 1340 2345 καὶ
1391 2293 1620 2345 τοιαῦτα
1649 2291 1933 2357 τυποῦσιν,
1972 2292 2063 2354 ὡς
2101 2293 2264 2360 ἡμεῖς
2298 2293 2422 2344 ἰδεῖν
2450 2294 2811 2362 ἐδυνήθημεν.

483 2398 572 2452 44.
605 2399 744 2466 Quid
775 2402 1032 2459 immatur
1054 2424 1146 2476 per
1176 2409 1443 2533 lilttiiier’ale
1464 2420 1508 2462 et
1539 2425 1701 2477 quare
1747 2407 1882 2460 illud
1907 2409 1977 2461 sit
2007 2424 2070 2461 ea:

1217 2497 1323 2532 ana
1358 2521 1370 2532 .
1565 2492 1576 2495 ·

1217 2497 1323 2532 ana
1354 2492 1376 2532 ἴ
1565 2492 1576 2495 ’

553 2560 802 2618 Pontifex
828 2575 1006 2620 autem
1039 2583 1162 2621 cum
1196 2569 1520 2632 subgenuali
1542 2579 1594 2622 et
1621 2569 1871 2637 reliquis:
1902 2582 2069 2636 super

483 2669 675 2708 omnes
746 2657 974 2723 gratiam
1027 2657 1210 2712 habet.
1271 2657 1566 2726 Speeiatim
1617 2675 1749 2712 vero
1812 2659 2057 2726 pontifex

485 2743 856 2808 pontiﬁcalem
889 2757 1128 2802 ostentat
1185 2757 1532 2815 potestatem,
1578 2759 1630 2802 et
1688 2765 1906 2804 sacrum
1950 2749 2066 2818 palo

486 2836 619 2889 lium
655 2838 867 2890 induit:
894 2841 1037 2908 quod
1069 2856 1132 2894 ex
1167 2840 1292 2894 lana
1324 2843 1654 2905 eonl'eetmn,
1686 2853 1809 2896 ante
1837 2851 1890 2895 et
1918 2850 2064 2896 retro

484 2931 746 2985 humeros
783 2935 1076 2987 con‘westit.
1126 2933 1246 2988 Hoc
1284 2935 1406 2989 sine
1437 2935 1784 2989 dubitatione
1842 2947 2061 2988 carnem

473 3039 514 3077 -a
549 3021 728 3078 Verbo
781 3040 843 3078 ex
902 3023 1126 3093 Virgine
1162 3037 1382 3095 propter
1432 3042 1532 3082 nos
1561 3035 1909 3096 susceptam,
1961 3027 2064 3078 hu-

475 3129 771 3185 inaniaque
833 3127 1044 3170 naturae
1109 3120 1553 3187 assumptionetn
1615 3121 1880 3174 declarat.
1937 3122 2064 3176 Ideo

2174 2405 2340 2474 278
2382 2403 2482 2473 μδ¹.
2528 2405 2594 2458 Τί
2636 2405 3414 2543 σημαὲτὲειέἔῗοὲμοςρόριον,
3454 2406 3551 2462 zeal
3587 2405 3744 2461 διατὶ

2250 2569 2308 2618 '0
2354 2567 2616 2637 ἱεράρχης
2653 2568 2711 2622 δὲ
2755 2568 2853 2621 σὺν
2885 2568 2965 2636 τῷ
3003 2568 3332 2637 ἐπιγονατιῳ
3367 2567 3461 2621 καὶ
3491 2569 3602 2629 τοῖς
3635 2553 3744 2619 λοι-

2172 2659 2317 2720 ποῖς,
2352 2659 2476 2710 ἐπεὶ
2507 2659 2728 2718 πάντων
2758 2657 2872 2728 ἔχει
2901 2659 3000 2727 τῆν
3031 2659 3212 2728 χάριν,
3247 2657 3538 2727 ἐξαιρέτως
3566 2657 3620 2709 δέ
3652 2656 3744 2709 καὶ

2171 2750 2269 2820 τὴν
2302 2749 2700 2819 ἀρχιερατικὴν
2728 2749 2984 2818 δύναμιν,
3017 2751 3113 2800 καὶ
3140 2747 3200 2801 τὸ
3232 2749 3377 2817 ἱερὸν
3408 2747 3745 2817 περιτίθεται

2174 2839 2508 2910 ὠμοφόριον.
2539 2841 2605 2893 Ὃ
2636 2839 2700 2912 δὴ
2731 2841 2824 2893 καὶ
2855 2839 2916 2903 ἐξ
2945 2839 3092 2907 ἐρίου
3123 2838 3183 2892 δν
3203 2880 3220 2904 ,
3251 2839 3436 2908 κύκλῳ
3467 2841 3592 2910 περὶ
3619 2840 3746 2902 τοὺς

2174 2930 2359 3000 ὤμους
2381 2931 2694 3002 ἔμπροσθέν
2709 2947 2767 2983 τε
2790 2933 2885 2984 καὶ
2905 2931 3131 2984 δπισθεν
3151 2930 3558 3001 περιϐάλλεται.
3578 2929 3747 2982 Τοῦτο

2180 3024 2226 3076 δ’
2252 3023 2423 3093 αὐτὴν
2455 3024 2738 3087 εἰκονίζων
2767 3025 2915 3078 ἐστὶν
2941 3024 3212 3094 ἐναργῶς,
3251 3023 3352 3091 τὴν
3383 3023 3446 3075 ἐκ
3474 3021 3748 3090 Παρθένου

2173 3113 2242 3167 δι’
2273 3117 2423 3185 ἡμᾶς
2475 3116 2754 3185 σάρκωσιν
2801 3118 2897 3170 καὶ
2945 3116 3366 3184 ἐνανθρὼπησιν
3411 3113 3504 3168 τοῦ
3552 3115 3748 3175 Λόγου.

486 3210 632 3272 enim
692 3224 759 3266 ex
823 3211 944 3264 lana
1003 3227 1228 3279 quoque
1287 3217 1516 3278 texitur,
1556 3219 1816 3285 quoniam
1871 3216 2069 3272 errati-

2179 3207 2274 3259 Διά
2305 3207 2464 3260 τοῦτο
2499 3211 2606 3274 γὰρ
2639 3208 2737 3260 καὶ
2773 3207 2831 3273 ἐξ
2866 3207 3036 3276 ἐρίου,
3074 3207 3158 3259 ὅτι
3190 3205 3248 3259 τὸ
3284 3205 3560 3273 πλανηθὲν
3590 3204 3750 3256 τυποῖ

473 3316 608 3354 eam
665 3301 981 3358 manifestat
1044 3319 1226 3370 ovem,
1285 3319 1448 3376 quam
1506 3307 1559 3361 in
1621 3309 1868 3362 humeris
1911 3307 2072 3362 detu-

491 3398 551 3449 lit
601 3396 880 3462 Salvator,
947 3407 1198 3451 na‘turam
1235 3399 1489 3455 videlicet
1517 3410 1768 3456 nosuam
1803 3418 1818 3455 ε
1851 3411 1906 3455 et
1940 3418 2076 3470 quo-

491 3491 634 3544 niam
720 3491 835 3560 ipse
911 3481 1132 3561 quoque
1221 3510 1395 3563 agnus
1461 3510 1558 3563 pro
1624 3497 1783 3549 nobis
1858 3499 2076 3552 occisus

487 3593 720 3638 voratus
796 3589 898 3637 est.
964 3583 1092 3654 ipsa
1169 3590 1334 3640 etiam
1402 3587 1571 3640 verba
1628 3597 1766 3654 quae
1836 3587 2121 3644 humeris-

477 3691 560 3730 -ευ
628 3675 1070 3732 circumvolvens
1127 3679 1294 3742 dicit,
1355 3689 1591 3734 mentem
1644 3680 1782 3733 hanc
1856 3681 2077 3734 c’onllr-

498 3778 668 3823 tuant.
702 3769 795 3822 Ait
847 3770 1034 3824 enim:
1073 3791 1092 3824 ι
1142 3772 1365 3826 Sublata
1399 3773 1451 3825 iu
1518 3774 1800 3836 humeros,
1837 3772 2079 3838 Christe,

490 3869 723 3925 matura,
769 3877 891 3932 qua:
948 3871 1272 3917 erraverat:
1315 3868 1632 3930 assumptus
1683 3859 1794 3914 Deo
1823 3869 1878 3914 et
1928 3861 2078 3914 Patri

505 3952 652 4007 illam
686 3953 956 4009 obtulisti.
987 3971 1005 4005 ι
1040 3953 1104 4008 Ει
1133 3954 1247 4009 ιι..εο
1277 3953 1498 4023 quidem
1523 3952 1590 4006 de
1616 3951 1788 4007 sacris
1817 3952 2078 4013 vestibus.

505 4065 595 4122 45.
627 4067 804 4131 Quare
864 4069 1066 4120 detecto
1126 4068 1294 4133 capite
1353 4082 1514 4119 sacra
1579 4065 1801 4133 faciant,
1873 4075 2083 4134 excepto

574 4138 944 4191 Alexandrino
975 4139 1304 4202 patriarcha,
1339 4136 1564 4201 episcopi
1590 4145 1638 4189 et
1671 4135 1989 4190 saCerdotes.
2016 4134 2084 4189 Et

573 4209 712 4276 quod
766 4217 981 4276 praestet
1040 4223 1142 4260 non
1203 4215 1379 4276 operto
1411 4207 1577 4273 capite
1603 4223 1760 4260 sacra
1801 4206 2083 4260 celebrare.

573 4325 782 4393 Aperto
832 4322 1020 4392 capite
1084 4319 1329 4390 episcopi
1383 4324 1440 4374 et
1475 4318 1790 4375 sacerdotes
1847 4318 2088 4372 Orientis

507 4436 722 4485 omnes,
783 4425 1015 4486 excepto
1081 4415 1455 4469 Alexandrino
1521 4415 1858 4485 patriarcha,
1908 4413 2086 4469 sacris

509 4513 813 4580 funguntur
849 4526 864 4562 :
895 4525 1001 4563 non
1053 4508 1124 4561 ob
1161 4507 1522 4561 humilitatem
1569 4507 1833 4576 aliquam.
1883 4505 1977 4560 sed
2013 4505 2083 4560 ob

509 4621 736 4663 causam
789 4603 1036 4657 altiorem
1085 4609 1139 4655 et
1170 4601 1330 4670 longe
1383 4600 1758 4654 diviniorem:
1808 4596 2082 4662 videlicet,

508 4716 673 4769 quam
727 4698 947 4753 divinus
999 4694 1200 4748 Paulus
1247 4696 1398 4763 ponit
1459 4708 1524 4746 ac
1569 4693 1760 4755 docet,
1803 4690 2084 4745 Christum

506 4799 670 4861 caput
735 4799 980 4844 nostrum
1048 4787 1362 4848 nominans,
1427 4800 1528 4838 nos
1597 4791 1778 4836 autem
1841 4781 2085 4835 membra

510 4886 702 4954 ipsius,
731 4891 787 4936 et
812 4890 1062 4949 Oportere
1085 4894 1185 4932 nos
1216 4877 1494 4930 Christum
1521 4885 1685 4942 caput
1712 4880 1964 4927 nostrum
1997 4872 2092 4925 bo-

514 4980 797 5036 norantes,
833 4968 1167 5039 caputinter
1220 4966 1488 5019 orandum
1558 4963 1823 5016 nudatum
1869 4960 2088 5013 habere.

513 5065 624 5118 Nc
652 5061 725 5116 ob
785 5061 886 5114 hoc
936 5070 1171 5122 tantum,
1207 5057 1300 5110 sed
1333 5056 1464 5124 quia
1503 5055 1667 5108 etiam
1700 5052 1846 5107 nudo
1900 5053 2099 5120 capite,

517 5157 608 5224 qui
639 5151 951 5214 ordinatur,
1011 5151 1236 5205 ordines
1271 5147 1519 5217 suscipit.
1579 5147 1758 5214 Atque
1813 5144 1889 5198 ita
1913 5157 2103 5212 quem-

515 5244 807 5300 admodum
870 5244 1176 5303 ordinatur,
1239 5241 1310 5294 ita
1368 5250 1422 5293 et
1492 5238 1736 5307 precari,
1799 5244 1856 5290 et
1927 5234 2100 5288 sacris

518 5335 736 5404 operari
785 5334 966 5388 debet.
1038 5333 1100 5384 Et
1153 5329 1394 5400 pontifex
1449 5326 1812 5387 potissimum,
1844 5323 2103 5391 quoniam

519 5425 584 5482 ρι’
623 5429 754 5482 dum
799 5434 1178 5486 consecratur,
1222 5439 1252 5476 a
1291 5421 1399 5475 Deo
1453 5420 1646 5473 tradita
1697 5415 1934 5484 eloquia,
1989 5415 2104 5468 sive

520 5537 762 5576 sacrum.
797 5508 1175 5588 Evangelium,
1208 5530 1370 5584 supra
1390 5523 1554 5584 caput
1597 5511 1777 5565 habet.
1810 5506 1921 5561 Nec
1952 5506 2102 5559 aliud

525 5614 801 5684 quidpiam
865 5622 1104 5679 tegmen,
1155 5608 1282 5661 dum
1349 5619 1508 5659 saera
1564 5601 1712 5662 facit,
1745 5596 2110 5666 capitiitnpo-

531 5721 660 5760 nere
706 5705 888 5759 debet.
966 5699 1117 5754 Dicet
1183 5698 1362 5752 tamen
1433 5694 1631 5764 aliquis
1693 5705 1710 5744 :
1786 5686 2108 5744 Patriarcha

532 5815 664 5870 ergo
730 5793 1132 5853 Alexandrinus
1179 5807 1375 5864 gerens
1436 5789 1491 5844 in
1550 5786 1729 5857 Capite
1784 5797 2026 5846 sacrum,
2055 5786 2111 5836 et

2177 3301 2486 3369 πρόϐατον,
2523 3299 2551 3354 ὃ
2587 3301 2679 3354 ἐπὶ
2711 3299 2820 3352 τῶν
2854 3299 3021 3370 ὤμων
3056 3299 3248 3352 ἔλαϐεν
3280 3299 3308 3352 6
3343 3297 3567 3366 Σωτὴρ,
3601 3311 3753 3350 τουτ-

2179 3391 2296 3444 έστι
2330 3393 2428 3461 τὴν
2463 3393 2742 3461 ἡμετέραν
2780 3391 2978 3459 φύσιν,
3015 3391 3110 3444 καὶ
3148 3393 3229 3444 ὅτι
3267 3391 3331 3442 ἐκ
3365 3391 3472 3442 τῶν
3508 3388 3751 3458 οὐρανῶν

2179 3483 2456 3536 κατελθὼι
2482 3483 2797 3552 ἐσαρκὼθη,
2827 3483 2921 3535 καὶ
2947 3483 3026 3535 ὅτι
3053 3483 3146 3534 καὶ
3169 3482 3332 3544 αὐτὸς
3357 3481 3528 3550 ἀμνὸς
3553 3479 3753 3546 ἐκλήθη

2181 3575 2538 3644 σφαγιασθεὶς
2577 3574 2720 3643 ὑπὲρ
2761 3574 2940 3643 ἡμῶν.
2982 3574 3094 3625 Καὶ
3131 3573 3269 3625 αὐτὰ
3310 3572 3367 3626 δὲ
3407 3573 3442 3625 ἆ
3479 3587 3611 3638 φησι
3655 3571 3755 3640 pq.

2186 3686 2330 3737 ματα
2371 3666 2456 3718 ἐπ’
2485 3664 2651 3734 ῶμων
2684 3665 2945 3729 ἑλίττων,
2991 3665 3088 3734 τὴν
3123 3664 3332 3717 ἔννοιαν
3371 3663 3574 3732 βεὸαιοῖ
3597 3678 3611 3692 ⁸
3652 3662 3758 3728 φά-

2184 3776 2302 3811 σκει
2337 3759 2464 3827 γὰρ,
2505 3776 2524 3808 ι
2568 3756 2692 3809 Ἐπὶ
2721 3756 2832 3809 τῶν
2862 3754 3050 3824 ὥμων,
3083 3755 3311 3825 Χριστὲ,
3346 3755 3444 3824 τὴν
3474 3752 3758 3821 πλανηθεῖ-

2182 3866 2284 3902 σαν
2330 3849 2469 3917 ἄρας
2519 3847 2702 3916 φύσιν,
2748 3845 3102 3915 ἀναληφθεὶς,
3148 3845 3227 3913 τῷ
3277 3843 3395 3913 Θεῷ
3442 3844 3536 3896 καὶ
3587 3843 3759 3908 Πατρὶ

2186 3943 2558 4013 προσήγαγες.
2593 3959 2612 3992 ι
2645 3939 2751 3992 Καὶ
2771 3937 2945 3992 ταῦτα
2971 3937 3070 4008 μὲν
3094 3937 3226 4006 περὶ
3243 3935 3339 4004 τῆς
3368 3935 3521 4003 ἱερᾶς
3549 3932 3757 4000 στολῆς.

2190 4064 2291 4127 με’.
2323 4057 2487 4109 Atat!
2512 4054 2805 4127 ἀσκεπεῖς
2830 4051 3447 4127 ,ζειτουργοῦσιῌπλὴις
3470 4049 3576 4127 {of}
3608 4048 3764 4127 24.53-

2263 4127 2585 4192 ξανδρειάς
2606 4117 2901 4193 ἀρχιερεῖς
2923 4138 2986 4176 τε
3008 4117 3105 4176 καὶ
3129 4119 3448 4193 ἱερεῖς’-καὶ
3471 4119 3559 4172 ὅτι
3581 4117 3762 4187 κρεῖτ-

2261 4215 2367 4251 τον
2391 4190 2456 4250 τὸ
2481 4190 2984 4262 ἁπερὶκιιλύπτως
3010 4190 3400 4260 λειτουργεῖν.

2275 4310 2735 4380 ’Δπερικαλύπτῳ
2783 4308 2842 4360 δὲ
2885 4309 2951 4377 τῇ
2999 4307 3206 4375 κεφαλῇ
3250 4305 3302 4358 οἱ
3344 4304 3443 4370 τῆς
3482 4301 3767 4368 Ἀνατολῆς

2195 4405 2452 4475 ἱεράρχαι
2487 4403 2688 4466 πάντες
2724 4404 2816 4454 καὶ
2853 4401 3054 4470 ἱερεῖς,
3091 4399 3230 4468 πλὴν
3261 4399 3352 4450 τοῦ
3389 4397 3484 4465 τῆς
3518 4395 3766 4458 Ἀλεξαν-

2193 4496 2411 4565 δρείας,
2443 4497 2543 4563 τὴν
2578 4493 2892 4562 ἱερουργίαν
2922 4490 3172 4543 τελοῦσιν
3193 4530 3208 4555 ,
3240 4489 3302 4542 οὐ
3333 4489 3451 4542 κατ’
3481 4485 3768 4540 ἐλάττωσὲν

2192 4605 2335 4649 τινα,
2363 4585 2500 4639 ἀλλὰ
2531 4585 2678 4638 κατὰ
2706 4585 2864 4652 λόγον
2891 4582 3222 4652 ὑψηλότερον
3253 4580 3396 4650 μάλα
3426 4579 3490 4649 δὴ
3516 4579 3608 4631 καὶ
3637 4575 3768 4630 θειό-

2196 4695 2372 4748 τερον.
2411 4678 2512 4730 Ὃν
2541 4678 2569 4728 6
2612 4675 2874 4744 θεηγόρος
2919 4673 3128 4735 Παῦλος
3168 4672 3455 4740 ὑποτίθησι
3495 4669 3591 4723 καὶ
3629 4668 3772 4720 διδά-

2199 4789 2345 4834 σκει,
2400 4768 2642 4836 κεφαλὴν
2692 4767 2790 4835 μὲν
2829 4765 2987 4835 ἡμῶν
3047 4765 3138 4816 τὸν
3184 4762 3422 4832 Χριστὸν
3473 4757 3771 4828 ὀνομάζων,

2203 4864 2342 4934 μέλη
2371 4861 2429 4914 δὲ
2460 4861 2603 4928 ἡμᾶς
2633 4860 2797 4911 αὑτοῦ
2817 4898 2832 4924 ,
2861 4857 2956 4910 καὶ
2982 4858 3065 4909 ὅτι
3091 4858 3170 4908 δεῖ
3196 4853 3472 4923 τιμῶντας
3499 4849 3653 4920 ἡμῶν
3679 4848 3776 4915 τὴν

2201 4952 2449 5022 κεφαλὴν
2479 4951 2570 5002 τὸν
2603 4948 2841 5016 Χριστὸν
2871 4943 3354 5017 ὰπερικαλύπτους
3387 4941 3527 5012 ἐχειν
3555 4939 3655 5000 τὰς
3685 4953 3777 4988 κε-

2201 5045 2378 5114 φαλὰς
2411 5044 2468 5094 ἐν
2494 5044 2570 5111 τῷ
2604 5038 3029 5111 προσεύχεσθαι.
3063 5037 3171 5089 Καὶ
3201 5035 3262 5088 οὐ
3294 5034 3383 5088 διὰ
3408 5031 3570 5086 τοῦτο
3602 5029 3776 5100 μόνον,

2202 5137 2318 5192 ἀλλ’
2342 5138 2424 5189 ὅτι
2455 5133 2551 5188 καὶ
2583 5134 2766 5201 γυμνῇ
2793 5134 2860 5201 τῇ
2889 5129 3105 5198 κεφαλῇ
3131 5128 3231 5197 τὴν
3256 5123 3593 5197 χειροτονίαν
3621 5123 3649 5174 6
3674 5137 3766 5191 χει-

2207 5226 2597 5302 ροτονούμενος
2630 5223 2877 5292 δέχεται,
2909 5220 3004 5273 καὶ
3034 5218 3207 5280 οὔτως
3237 5215 3442 5284 ὀφείλει
3469 5213 3545 5276 ὡς
3576 5214 3778 5280 ἐχειρο-

2203 5318 2407 5390 τονήθη
2431 5313 2841 5387 προσεύχεσθαι
2864 5313 2964 5366 καὶ
2989 5310 3318 5382 ἱερουργεῖν.
3352 5306 3413 5358 '0
3439 5303 3495 5356 δέ
3523 5302 3780 5372 ἱεράρχης

2210 5410 2467 5480 μάλιστα,
2498 5407 2621 5459 ἐπεὶ
2649 5398 3132 5475 χειροτονούμενος
3186 5398 3280 5450 ἐπὶ
3309 5393 3551 5462 κεφαλῆς
3582 5391 3693 5459 ἔχει
3725 5406 3768 5439 τ-

2209 5499 2590 5572 θεοπαράδοτα
2621 5497 2781 5565 λόγια
2804 5535 2819 5562 ,
2853 5495 2975 5566 ἦτοι
3009 5491 3070 5545 τὸ
3105 5491 3249 5559 ἱερὸν
3287 5486 3619 5554 Εὑαγγέλιον
3641 5522 3654 5542 ,
3689 5481 3778 5534 οὐκ

2210 5593 2342 5649 ἄλλο
2374 5590 2660 5659 ἐπίϐλημα
2692 5587 2838 5657 ἐχειν
2870 5586 2965 5639 ἐπὶ
2998 5582 3240 5651 κεφαλῆς
3274 5579 3480 5648 ὀφείλει
3515 5579 3571 5628 ἐν
3603 5573 3675 5642 τῷ
3712 5573 3782 5623 is-

2215 5685 2467 5759 ρουργεῖν
2500 5683 2568 5736 τὰ
2601 5680 2874 5736 θειότατα.
2909 5676 3048 5730 Ἀλλ’
3079 5677 3210 5735 ἴσως
3247 5673 3362 5741 ἐρεῖ
3392 5686 3499 5732 τις,
3536 5666 3645 5720 Καὶ
3678 5665 3775 5759 λοι-

2215 5754 2442 5835 πδν-ἐπὶ
2473 5774 2716 5846 κεφαλῆς
2746 5772 2887 5842 ἔχων
2917 5773 2945 5824 ὁ
2981 5764 3388 5835 ’Λλεξανδρεὶας
3425 5759 3568 5830 ἱερὸν
3597 5754 3786 5811 ἐπικά-
