4056 6480
360 358 477 434 ⁵117

1400 360 1822 436 EXP‘O’SI’Tto
1863 360 1964 433 DE
2004 365 2278 439 DIvINo
2314 370 2642 444 TEMPLO.

360 485 576 555 λυμμα,
593 485 685 537 καὶ
702 482 854 538 ἄλλοι
868 483 926 537 δὲ
945 482 1184 537 πλεῖστοι
1204 484 1344 537 κατὰ
1363 484 1668 556 παράδοσιν
1681 484 1938 555 ἀρχαίαν,

2062 489 2144 565 dii
2204 491 2594 562 qnamplurimi
2661 505 2724 548 ex
2789 480 2956 546 veteri
3042 479 3375 558 traditione,
3447 491 3640 551 operto

273 573 281 580 ’
361 578 463 630 οὐκ
496 575 712 642 εὖαγῶς
745 577 1032 642 ποιοῦσινς
1067 577 1147 630 Οὐ
1179 572 1338 630 τοῦτό
1373 580 1517 648 φημι
1538 622 1552 644 ,
1591 579 1813 631 κάκεῖνο
1850 566 1951 646 μὶν

361 669 473 739 γὰρ
506 670 709 737 ἀρχαία
741 668 880 736 πρὸς
909 667 1034 732 τοὺς
1069 668 1424 738 ἐνεργοῦντας
1459 671 1780 739 παράδοσις,
1816 670 1953 724 ἀλλά

363 759 711 829 νομικωτέρα
757 759 963 826 μᾶλλον
989 776 1004 793 ⁶
1051 761 1213 830 ἔφερε
1249 763 1356 831 γὰρ
1395 754 1490 816 καὶ
1519 764 1552 815 ’ὁ
1590 763 1812 833 νομικὸς
1855 764 1952 833 ἀρ-

363 854 584 921 χιερεὺς
612 852 704 904 ἐπὶ
733 852 836 920 τῆς
866 852 1112 920 κεφαλῆς
1144 853 1393 923 κίδαριν,
1425 853 1495 924 ἢν
1525 853 1590 923 δὴ
1622 854 1717 907 καὶ
1751 855 1952 922 μίτραν

363 943 668 1012 ὠνόμαζον,
717 943 862 996 καθά
902 943 965 1012 δὴ
1011 944 1108 996 καὶ
1151 945 1201 997 oi
1246 944 1655 1013 περιτιθέμενοι
1695 945 1952 1015 ῐεράρχαι

366 1034 527 1088 τοῦτο
561 1033 781 1102 φιλοῦσι
815 1033 1020 1090 καλεῖν.
1053 1036 1215 1098 Ἴσως
1249 1034 1535 1106 ἐξομοιοῦν
1566 1037 1787 1106 ἔχουσιν
1818 1036 1952 1091 αὐτὸ

367 1129 463 1182 καὶ
498 1127 576 1198 τῷ
610 1127 706 1180 τοῦ
743 1128 1016 1180 Δεσπότου
1050 1128 1329 1199 ἀκανθίνῳ
1367 1130 1638 1196 στεφάνῳ,
1675 1129 1710 1200 ἢ
1748 1131 1841 1183 καὶ
1875 1129 1952 1198 τῷ

262 1268 277 1278 ,
375 1219 645 1289 σουδαρέῳ
669 1217 745 1288 τῷ
768 1219 860 1271 ἐπὶ
880 1216 978 1287 τῆς
1000 1219 1162 1273 αὑτοῦ
1185 1221 1448 1291 κεφαλῆς.
1472 1219 1613 1274 Ἀλλ’
1632 1222 1783 1290 ὅμως
1804 1224 1953 1275 ὲπει⁴

367 1312 544 1382 δήπερ
587 1309 939 1364 ἀποτίθενται
981 1311 1137 1364 τοῦτο
1177 1311 1272 1363 καὶ
1312 1305 1462 1364 οὗτοι
1499 1313 1581 1374 είς
1620 1312 1952 1380 ἀναγκαίους

366 1407 464 1469 τῆς
501 1403 813 1474 ἱερουργίας
845 1403 1092 1474 καιροὺς,
1127 1407 1497 1476 μαρτυροῦσιν
1545 1405 1620 1469 ὡς
1652 1407 1978 1473 ἀναγκαιοο.

369 1495 506 1564 τέρα
537 1495 570 1565 ἡ
598 1494 693 1547 τοῦ
730 1494 1002 1566 μακαρίου
1037 1497 1339 1566 παράδοσις
1369 1496 1605 1551 Παύλου.
1639 1497 1707 1549 Ἦ
1736 1496 1845 1566 γὰρ
1875 1497 1950 1550 εί-

367 1584 479 1638 κὼν
519 1585 614 1638 τοῦ
657 1586 950 1639 ἀκανθίνου
995 1588 1259 1655 στεφάνου
1327 1588 1416 1643 διὰ
1457 1590 1555 1660 τῆς
1598 1591 1801 1660 κουρᾶς
1842 1591 1951 1644 τῶν

366 1678 570 1747 τριχῶν
608 1679 666 1730 ὲν
703 1680 770 1748 τῇ
818 1679 1028 1746 κεφαλῇ
1075 1679 1183 1730 τῶν
1229 1680 1545 1749 ἱερωμένων
1589 1680 1948 1742 ὲκτυποῦται,

367 1769 465 1836 τῆς
508 1770 659 1840 ἱερᾶς
700 1770 998 1839 σφραγῖδος
1039 1772 1457 1842 ἐνεργουμένης.
1502 1772 1675 1826 Τοῦτο
1712 1773 1770 1826 δὲ
1815 1760 1950 1843 μάλ-

367 1863 458 1916 λον
505 1864 556 1914 οἱ
585 1862 696 1914 τῶν
728 1864 980 1932 μοναχῶν
1012 1864 1300 1932 ἱερωμένοι
1329 1865 1552 1936 δηλοῦσι
1582 1867 1944 1936 σαφέστερον,

363 1953 442 2016 ὥς
471 1955 733 2024 στέφανον
757 1950 973 2026 ἔχοντες
1001 1959 1090 2011 ἐπὶ
1118 1958 1363 2027 κεφαλῆς
1392 1959 1738 2028 κεκαρμένον
1757 1974 1772 1992 ·
1799 1957 1828 2010 δ
1854 1957 1949 2010 καὶ

363 2045 449 2099 ἔτι
494 2045 646 2115 δηλοῖ
690 2047 783 2101 τὸν
827 2049 1093 2118 στέφανον
1133 2051 1231 2119 τῆς
1282 2050 1587 2118 παρθενίας
1633 2049 1832 2104 αὐτῶν.
1875 2049 1950 2102 Τὸ

361 2138 423 2193 δέ
442 2157 504 2207 γε
539 2142 820 2211 σουδάριον
872 2143 933 2194 τὸ
963 2143 1178 2212 εἱλητὸν
1209 2143 1487 2208 εἰκονίζει.
1522 2144 1622 2197 Διά
1650 2143 1809 2196 τοῦτο
1840 2145 1950 2214 γὰρ

366 2232 463 2284 καὶ
483 2232 778 2287 εἱλίσσεται
806 2236 903 2288 καὶ
926 2234 1142 2303 είλητὸν
1161 2233 1307 2288 οὕτω
1331 2235 1596 2290 καλεῖται.
1629 2235 1952 2302 Ἀναγκαιό-

369 2332 528 2389 τερον
560 2323 667 2391 ἄρα
702 2323 761 2374 τδ
795 2323 1266 2393 ἀπερικαλύπτως
1300 2323 1707 2395 προσεύχεσθαι
1743 2327 1838 2378 καὶ
1875 2325 1952 2377 is-

372 2418 630 2484 ρουργεῖν
650 2457 665 2480 ,
700 2417 792 2468 καὶ
827 2416 902 2486 μὴ
932 2416 1235 2487 ἀμελητέον
1265 2416 1458 2471 τούτου
1477 2457 1492 2481 ,
1529 2421 1622 2470 καὶ
1658 2416 1864 2486 μᾶλλον
1895 2419 1954 2469 ὲν

367 2507 484 2572 τοῖς
514 2509 836 2576 ἀναγκαίοις
868 2511 1104 2578 καιροῖς.

371 2717 490 2780 μςν.
539 2707 601 2767 Tl
640 2707 706 2766 τὸ
747 2715 1064 2769 κατελθεῖν
1102 2716 1170 2768 ἐκ
1213 2715 1319 2768 τοῦ
1357 2706 1681 2770 στασιδίου
1723 2715 1831 2769 τὸν
1871 2710 1953 2770 le-

442 2807 444 2810 ·
1027 2785 1288 2854 ράρχην.

452 2877 512 2928 '0
559 2878 656 2943 μὲν
700 2874 794 2930 οὖν
833 2878 1096 2947 ίερὰρχης
1137 2879 1193 2930 ἐν
1237 2877 1318 2949 τῷ
1366 2878 1580 2948 μέλλειν
1621 2879 1952 2950 ῑερουργεῖν,

368 2966 652 3018 κατελθὼν
692 2967 785 3020 τοῦ
830 2968 1046 3032 θρόνου,
1087 2971 1146 3021 ἐν
1182 2961 1227 3037 ᾧ
1272 2970 1632 3037 παρίσταται.
1673 2970 1774 3043 τὴν
1819 2972 1955 3042 πρὸς

369 3054 518 3125 ἡμᾶς
546 3055 639 3108 τοῦ
665 3056 800 3109 Θεοῦ
832 3057 1006 3125 Λόγου
1034 3058 1186 3126 δηλοῖ
1213 3061 1648 3127 ωγκατάϐασιν.

541 3145 652 3215 μζῆ
697 3148 762 3201 Tl
795 3149 861 3201 τὸ
900 3129 1223 3204 ἐνδύεθθαι
1263 3149 1335 3204 τὰ
1375 3150 1785 3220 ἀρχιερατικά.

458 3240 810 3311 Ἒνδυόμενος
852 3241 908 3294 δὲ
947 3241 1045 3310 τὴν
1086 3243 1240 3310 ἱερὰν
1283 3243 1502 3314 στολὴν,
1537 3247 1638 3314 τὴν
1682 3246 1958 3314 παναγίαν

374 3334 546 3390 αὑτοῦ
577 3321 836 3405 σημαίνει
869 3338 1174 3406 σάρκωσιν.

377 3453 494 3518 μηθ.
536 3448 600 3503 Τί
628 3445 698 3500 τὸ
730 3448 1128 3531 κατέρχεσθαι
1159 3449 1308 3531 rode
1337 3443 1576 3520 δυσμὰς
1604 3453 1690 3520 εἷς
1717 3455 1825 3520 τὰς
1853 3445 1958 3510 τοῦ

959 3521 1115 3572 ναοῦ
1149 3521 1373 3586 πύλας.

448 3609 871 3681 Κατερχόμενος
907 3610 965 3664 δὲ
1002 3611 1131 3681 ἄχρι
1165 3614 1261 3666 καὶ
1292 3613 1406 3666 ’τῶν⁵
1435 3615 1530 3668 τοῦ
1567 3616 1697 3669 ναοῦ
1731 3615 1918 3670 πυλῶν
1943 3660 1957 3681 ,

372 3701 476 3773 ιτὴν
503 3702 600 3755 ἐπὶ
631 3703 736 3772 γῆς
767 3702 935 3756 αὐτοῦ
969 3703 1119 3773 δηλοῖ
1151 3704 1458 3771 παρουσίαν
1485 3723 1547 3758 τε
1583 3706 1680 3760 καὶ
1709 3709 1961 3778 φανέρω-

376 3811 490 3855 σιν,
519 3795 612 3848 καὶ
640 3793 739 3862 τὴν
767 3794 931 3863 μέχρι
963 3794 1198 3849 θανάτου
1230 3797 1322 3850 καὶ
1350 3796 1480 3868 ᾆδον
1510 3798 1757 3853 κάθοδον.
1787 3799 1962 3854 Τοῦτο

319 3941 338 3948 _
375 3887 487 3956 γὰρ
517 3887 672 3957 δηλοῖ
700 3888 761 3939 τὸ
791 3887 930 3957 πρὸς
961 3889 1172 3959 δυσμὰς
1205 3891 1370 3960 279
1398 3892 1638 3957 ἀπιέναι,
1671 3893 1767 3944 καὶ
1801 3895 1962 3963 μέχρι

374 3977 488 4029 τῶν
520 3977 705 4030 πυλῶν
737 3979 1045 4032 κατελθεῖν·
1079 3979 1192 4049 Τῆς
1227 3984 1378 4052 ἱερᾶς
1409 3983 1466 4036 δὲ
1500 3983 1816 4055 ἀρξαμένης
1850 3985 1963 4038 λει-

370 4068 667 4138 τουργίας,
702 4069 798 4122 τοῦ
832 4069 1134 4142 ἀρχιερέως
1168 4072 1260 4126 τὸν
1296 4075 1488 4144 καιρὸν
1536 4076 1864 4140 δεδωκότος·
1899 4077 1961 4130 οὐ

375 4161 487 4227 γὰρ
525 4160 750 4214 δυνατὸν
783 4161 954 4230 χωρὶς
995 4163 1161 4218 αὑτοῦ
1197 4181 1248 4217 τι
1289 4167 1696 4237 διενιργεϊσθαι
1721 4180 1738 4204 δ
1773 4171 1821 4223 οἱ
1867 4172 1964 4239 μὲν

332 4322 338 4329 _
375 4253 543 4316 lapsi;
582 4251 732 4305 ἔνδον
772 4253 988 4320 λέγουσι
1027 4255 1124 4319 τὰς
1163 4257 1361 4327 εὐχὰς,
1400 4259 1500 4324 τὰς
1544 4259 1833 4331 οὐρανίους
1873 4280 1964 4316 τυ-

377 4343 608 4408 ποῦντες
635 4343 838 4410 τάξεις.

379 4458 492 4529 μθ¹.
533 4459 696 4513 Διατί
733 4459 966 4528 ψαλμοὶ
1018 4458 1169 4527 ὁμοῦ
1211 4461 1310 4514 καί
1342 4459 1453 4528 τῆς
1479 4459 1725 4530 χάριτος
1757 4463 1961 4531 ὕμνοι.

451 4615 669 4668 Ψάλται
701 4613 756 4668 δὲ
790 4613 1056 4681 ψάλλουσι
1100 4615 1166 4666 τὰ
1216 4615 1541 4683 ἀντίφωνα,
1595 4616 1706 4670 τῶν
1755 4634 1966 4688 προφη-

379 4707 494 4760 τῶν
539 4705 918 4768 ὲκτυποῦντες
955 4704 1047 4757 τὸν
1093 4705 1277 4775 χορόν.
1331 4708 1443 4760 Καὶ
1495 4705 1675 4760 ταῦτα
1728 4711 1968 4779 τρισσῶς

378 4796 680 4867 διαιροῦσι,
739 4796 840 4867 τὴν
897 4797 1108 4867 Τριάδα
1175 4797 1491 4864 τιμῶντες,
1551 4801 1808 4870 ψαλμικά
1868 4805 1968 4871 μὲν

380 4894 746 4963 προλέγοντες
777 4932 792 4951 ,
830 4891 1199 4952 συνάπτοντες
1233 4890 1291 4944 δὲ
1325 4891 1420 4945 καὶ
1479 4894 1544 4945 ὲκ
1595 4895 1695 4963 τῆς
1743 4876 1974 4966 χάριτος

385 4983 610 5054 ὕμνους.
642 4983 752 5037 Καὶ
782 4983 869 5036 διὰ
909 4983 1010 5052 μὲν
1061 4984 1170 5036 τῶν
1197 4983 1492 5053 ψαλμικῶν
1548 4993 1960 5061 προκηρυχθετο

381 5093 490 5129 σαν
527 5076 624 5130 καὶ
654 5078 767 5140 τοῖς
805 5078 1058 5135 παλαιοίς
1095 5077 1527 5146 καταγγέλλουσι
1581 5079 1680 5152 τὴν
1708 5080 1969 5140 τοῦ’Θεοῦ

383 5167 561 5234 Λόγου
598 5167 896 5235 σάρκωσιν,
925 5166 1015 5219 διὰ
1055 5167 1112 5220 δὲ
1147 5167 1254 5220 τῶν
1307 5164 1592 5239 ὲφόμνίων
1658 5174 1829 5244 αὐτὴν
1864 5195 1971 5232 πα-

385 5260 618 5330 ριστῶσι
647 5259 745 5329 τὴν
775 5258 939 5328 χάριν
970 5261 1376 5331 τετελεσμένην
1397 5305 1412 5328 ,
1449 5266 1549 5318 καὶ
1578 5266 1672 5318 τὺν
1700 5269 1798 5322 τοῦ
1830 5270 1970 5329 Θεοῦ

385 5351 516 5403 Υίδν
551 5349 904 5421 σαρκωθέντα
949 5369 1007 5405 τε
1068 5353 1164 5406 καὶ
1222 5355 1404 5410 πάντα
1439 5356 1581 5428 ὑπὲρ
1612 5359 1772 5430 ήμῶν
1813 5364 1970 5434 ἐνερ-

380 5443 656 5513 γήσαντα.

495 5541 540 5586 v'
575 5537 730 5590 ,Ὅτι
768 5537 920 5607 πρῶι
934 5555 1007 5591 ον
1036 5539 1347 5608 καλοῦμεν
1391 5543 1509 5611 τὴν
1543 5546 1860 5600 Θεοτόκον.

463 5626 556 5679 Διὸ
584 5629 681 5680 καὶ
725 5631 948 5699 πρῶτον
985 5630 1084 5698 μὲν
1117 5632 1218 5698 τὴν
1249 5634 1442 5686 τοῦτον
1496 5634 1848 5704 παρθενικῶς
1884 5654 1971 5689 τε-

391 5717 594 5772 κοῦσαν
637 5719 933 5790 τιμῶντες.
970 5723 1073 5789 τὴν
1121 5724 1264 5794 ὑπὲρ
1315 5726 1475 5795 ἡμῶν
1528 5727 1700 5796 αὐτῆς
1754 5728 1970 5782 αἰτοῦσι

391 5813 694 5883 μεσιτείαν.
727 5815 806 5869 Δι’
835 5813 1008 5885 αὐτῆς
1040 5816 1148 5887 γὰρ
1185 5817 1407 5889 πρώτης
1453 5818 1546 5874 καὶ
1589 5820 1763 5890 μόνης
1800 5822 1971 5874 σεσώ·

1979 3179 2026 3243 C

2052 586 2234 655 capite
2284 587 2460 642 sacris
2501 593 2818 658 operantcs,
2904 599 3010 638 non
3053 583 3157 637 rite
3208 596 3272 635 ac
3308 586 3499 632 sancte
3553 569 3639 629 fa.

2054 677 2229 732 ciunt.
2290 676 2440 732 Istud
2494 693 2601 733 non
2675 679 2819 733 dico.
2857 677 2914 731 id
2946 676 2991 730 si
3023 674 3245 744 quidem
3274 671 3437 725 etiam
3490 666 3636 736 apud

2051 773 2146 822 eos
2209 760 2302 838 qui
2352 779 2643 836 usurpant,
2685 769 2911 835 antiqua
2971 757 3198 819 traditio
3258 768 3362 826 est,
3448 770 3636 814 verum

2053 863 2178 932 quae
2237 877 2264 916 a
2335 860 2494 916 nobis
2551 863 2701 915 velut
2773 859 2966 926 legalis
3019 863 3359 916 reccnsctnr,
3413 851 3636 920 quando

2054 961 2109 1005 et
2182 951 2319 1020 legis
2399 950 2659 1007 sacerdos
2727 949 2997 1010 Cidarim,
3060 960 3224 1014 quam
3288 953 3335 998 et
3415 943 3636 996 mitram

2053 1045 2370 1108 vocabant,
2439 1045 2494 1098 in
2550 1043 2732 1112 capite
2776 1043 3026 1111 gerebat.
3095 1039 3217 1104 Quo
3287 1036 3480 1090 eodem
3536 1047 3638 1088 no-

2053 1139 2206 1192 mine
2262 1138 2548 1206 poutiiices
2609 1151 2704 1188 cas
2774 1141 3091 1201 gestantes,
3170 1129 3445 1198 appellare
3507 1141 3638 1182 con-

2055 1238 2378 1284 sueverunt.
2433 1217 2644 1284 Forsan
2684 1231 2736 1281 et
2767 1217 3058 1295 adaequare
3133 1239 3251 1278 eam
3325 1239 3383 1276 se
3453 1219 3641 1274 dicent

2053 1329 2108 1377 et
2170 1321 2379 1375 Domini
2443 1322 2648 1390 spinea:
2710 1329 2971 1382 coronae,
3043 1321 3136 1370 aut
3203 1311 3430 1368 sudario
3491 1310 3641 1380 quod

2055 1414 2155 1468 fuit
2227 1428 2394 1482 super
2469 1419 2632 1482 caput
2711 1413 2848 1484 ejus.
2915 1411 3301 1465 Verumtamen
3384 1420 3508 1459 cmn
3587 1409 3642 1456 et

2055 1505 2109 1560 lii
2177 1521 2297 1560 eam
2351 1507 2528 1573 ipsam
2572 1505 2899 1571 congruenti
2958 1501 3216 1556 sacriﬁcii
3257 1506 3508 1565 tempore
3543 1495 3641 1546 de-

2053 1602 2304 1669 ponant;
2368 1599 2515 1654 beati
2587 1591 2745 1652 Pauli
2828 1594 3179 1649 traditionem
3265 1591 3448 1660 potius
3527 1602 3643 1639 ser-

2053 1687 2288 1741 vandam
2360 1688 2464 1741 hoc
2537 1685 2658 1756 ipso
2725 1684 3115 1740 testiﬁcantur.
3183 1680 3414 1736 Corona!
3490 1676 3635 1730 enim

2055 1775 2256 1850 spinea:
2282 1780 2489 1847 imago,
2523 1793 2619 1849 per
2642 1787 2928 1833 tonsuram
2973 1775 3354 1829 ordinatorum
3385 1778 3445 1824 ut
3467 1778 3519 1823 et
3549 1781 3647 1836 p~r

2056 1871 2295 1940 sigillum
2325 1879 2544 1926 sacrum
2577 1866 2997 1939 przetiguratur;
3031 1865 3175 1936 quod
3221 1861 3472 1917 monachi
3506 1876 3647 1927 prm-

2057 1961 2482 2033 cipue'ordinati
2530 1977 2630 2032 per
2662 1959 3006 2017 coronariam
3059 1966 3348 2011 tonsuram
3376 1952 3642 2007 indicant.

2057 2053 2164 2109 Sed
2229 2051 2596 2121 virginitatem
2639 2063 2861 2121 quoque
2907 2048 3097 2102 eadem
3133 2045 3403 2115 significat
3430 2045 3482 2097 iu
3539 2041 3645 2096 veli

2060 2145 2281 2202 modum
2297 2146 2574 2216 adaptata.
2599 2142 2736 2199 llinc
2753 2141 3056 2198 necessitas
3077 2139 3234 2194 nobis
3255 2137 3432 2191 oritur
3451 2143 3648 2203 aperto

2060 2239 2242 2309 capite
2267 2237 2462 2296 diebus
2496 2237 2720 2294 statutis
2770 2233 3031 2305 precandi
3095 2239 3152 2287 et
3196 2243 3352 2287 sacra
3387 2227 3649 2284 faciendi.

2057 2700 2146 2763 36.
2204 2701 2341 2774 Quia
2391 2697 2654 2778 signiﬁcet
2734 2705 2875 2788 qum
2939 2709 3005 2755 ex
3066 2690 3318 2752 cathedra
3376 2691 3648 2748 descendit

2711 2789 3004 2843 episwpus.

2133 2871 2378 2927 Pontifex
2412 2871 2602 2941 igitur,
2645 2882 2799 2924 sacra
2859 2865 3134 2922 facturus.
3191 2858 3258 2917 de
3317 2858 3516 2911 throno
3577 2856 3639 2908 in

2057 2979 2166 3037 quo
2191 2972 2416 3035 apparet
2439 2960 2802 3026 descendens,
2836 2957 2930 3014 Dei
2969 2953 3132 3011 Verbi
3166 2950 3231 3005 ad
3265 2964 3367 3005 nos
3435 2949 3646 3005 conde-

2056 3059 2400 3116 Scensionem
2430 3057 2640 3125 ﬁgurat.

2164 3151 2254 3205 47.
2280 3207 2282 3209 ,
2307 3148 2468 3214 Quid,
2503 3145 2656 3217 quod
2703 3145 2873 3200 sacris
2921 3141 3240 3198 vestimentis
3275 3138 3534 3194 induitur.

2131 3243 2356 3299 Indutns
2382 3249 2814 3295 autem-sacram
2873 3237 3098 3303 stolam,
3137 3230 3498 3288 sacratissimi
3527 3230 3647 3298 ejus

2063 3335 2501 3392 incarnationem
2529 3332 2829 3403 signiﬁcat.

2075 3451 2165 3507 48.
2222 3450 2362 3516 Quid
2421 3449 2560 3520 quod
2613 3449 2680 3501 ad
2735 3446 3059 3520 occidentem
3113 3452 3296 3514 portas
3353 3439 3653 3511 ingreditur

2737 3518 2944 3586 templi.

2135 3613 2202 3668 Et
2267 3614 2335 3669 ad
2395 3620 2580 3683 portas
2641 3611 2805 3666 etiam
2869 3609 3055 3678 templi
3124 3618 3300 3678 usque
3367 3603 3650 3674 gradiens.

2064 3707 2310 3775 ejusdem
2381 3705 2435 3763 in
2510 3704 2674 3760 terris
2725 3700 3077 3772 praesentiam
3138 3707 3195 3754 et
3255 3695 3654 3750 manifestatin-

2065 3813 2190 3852 nem
2246 3805 2300 3851 et
2370 3797 2721 3851 ad'mortem
2775 3806 2952 3860 usque
3005 3801 3058 3846 et
3114 3789 3353 3844 inferum
3415 3787 3650 3842 descen-

2065 3903 2186 3942 sum
2237 3886 2405 3941 animi
2469 3885 2643 3940 oculis
2711 3882 2932 3953 ingerit.
2963 3883 3079 3936 i-loc
3127 3867 3274 3936 enim
3344 3878 3448 3934 sibi
3500 3877 3655 3935 vult.

2066 3980 2213 4051 quod
2239 3993 2530 4034 occcasnm
2556 3992 2773 4038 versus.
2801 3985 2856 4030 et
2885 3975 2953 4030 ad
2981 3985 3172 4043 portas
3202 3987 3380 4042 usque
3398 3973 3654 4025 deorsum

2063 4071 2330 4142 procedit.
2361 4071 2530 4125 Sacra
2566 4084 2696 4123 vero
2725 4067 2893 4122 missa
2930 4065 3210 4129 inchoata,
3252 4079 3377 4118 cum
3409 4061 3655 4132 pontifex

2068 4165 2286 4233 signum
2321 4162 2556 4226 dederit,
2587 4175 2696 4214 non
2715 4159 2859 4214 enim
2883 4165 3059 4226 potest
3083 4156 3208 4226 quis
3233 4156 3352 4210 sine
3369 4153 3490 4223 ejus
3515 4161 3654 4207 nutu

2065 4256 2363 4324 quidquam
2386 4254 2589 4317 moliri;
2611 4251 2926 4307 sacerdotes
2949 4249 3168 4319 quidem
3195 4248 3344 4303 intus
3371 4247 3655 4302 orationrs
3766 4247 3770 4250 ’

2067 4347 2472 4417 aggrediuntur
2508 4343 2812 4400 cmlestium
2845 4341 3102 4396 ordinum
3136 4349 3322 4411 typum
3377 4349 3650 4409 gerentes.

2075 4459 2164 4517 49.
2201 4461 2380 4526 Quare
2437 4460 2600 4512 simul
2641 4458 2992 4526 concinuntur
3020 4456 3209 4520 psalmi
3259 4463 3305 4506 et
3356 4454 3538 4524 hymni
3591 4455 3655 4508 de

2183 4539 2187 4542 ’
2225 4525 2233 4526 ί
2355 4530 2446 4584 Dei
2499 4531 2551 4583 in
2584 4545 2676 4582 nos
2711 4544 2802 4597 per
2848 4525 3118 4580 Christum
3169 4526 3370 4595 gratia.

2143 4623 2410 4677 Cantores
2465 4635 2596 4676 vero
2653 4618 2950 4687 antipliona
3000 4617 3375 4677 modulantur,
3422 4615 3661 4684 prophe-

2070 4725 2250 4770 tarum
2284 4707 2516 4769 chorum
2553 4713 2873 4782 figurantes,
2914 4710 3292 4778 trifariamque
3323 4708 3412 4762 illa
3467 4708 3660 4762 distri-

2071 4807 2265 4867 buunt,
2324 4815 2380 4861 et
2438 4819 2504 4860 ea
2573 4819 2693 4872 quas
2757 4817 2823 4856 ex
2881 4803 3111 4870 psalmis
3157 4800 3446 4867 desumpta
3504 4809 3656 4859 sunt,

2071 4901 2373 4968 praecinunt
2407 4916 2420 4953 :
2463 4909 2574 4952 tum
2605 4910 2733 4950 vero
2765 4895 3071 4963 adjuugnnt
3101 4893 3354 4963 hymnos,
3384 4892 3476 4959 qui
3530 4908 3658 4961 gra-

2074 4992 2161 5047 tiae
2189 4992 2521 5048 suavitatem
2581 4988 2819 5058 sapiunt.
2855 4985 2924 5040 Et
2961 4984 3244 5055 psalmicis
3280 4983 3501 5053 quidem
3550 4985 3660 5038 illis

2074 5082 2494 5153 prmuuntiatam
2511 5079 2774 5148 antiquis,
2791 5076 2991 5145 quibus
3013 5091 3072 5129 re
3090 5089 3217 5128 vera
3231 5075 3655 5144 pra-dicebatur,

2071 5176 2166 5231 Dei
2217 5174 2380 5228 Verbi
2423 5166 3249 5241 incarnationemsignificant.
3305 5165 3408 5222 Per
3460 5183 3654 5222 versus

2078 5282 2210 5322 vero
2246 5266 2698 5334 resnmptionem,
2729 5263 2906 5332 ipsam
2944 5260 3174 5330 gratiam
3213 5269 3273 5314 ut
3304 5275 3660 5316 consumma-

2072 5367 2182 5412 tam
2223 5366 2280 5411 et
2324 5355 2668 5410 inearuatmn
2714 5353 2806 5408 Dei
2853 5352 3055 5408 Filium
3108 5361 3306 5407 cuncta
3354 5367 3456 5422 pro
3500 5353 3662 5408 nobis

2073 5457 2390 5521 operantem
2426 5456 2841 5518 reprmsentant.
3363 5510 3366 5514 ι

2216 5541 2304 5596 50.
2343 5540 2494 5606 Quod
2533 5540 2766 5607 primum
2815 5537 3146 5607 appellamus
3206 5539 3515 5607 Deiporam.

2145 5634 2549 5703 Proptereaque
2610 5632 2788 5702 primo
2843 5647 2963 5686 eam
2994 5646 3116 5696 quia:
3150 5632 3302 5685 illum
3335 5633 3660 5698 incorrupta

2075 5726 2392 5797 virginitate
2417 5727 2626 5794 peperit
2651 5725 2920 5790 venerati,
2957 5725 3105 5779 illius
3137 5738 3237 5793 per
3286 5735 3452 5792 quam
3483 5715 3660 5778 solam

2079 5837 2144 5877 ac
2183 5820 2416 5892 primam
2451 5818 2643 5878 salvati
2697 5833 2908 5887 sumus,
2962 5831 3061 5889 pro
3097 5817 3257 5874 nobis
3303 5816 3659 5874 intercessio-

3527 369 3637 434 718
3713 423 3722 430 .
