4056 6472
274 403 382 468 729

1268 383 1680 450 EXPOSITIO
1750 381 1848 444 DE
1889 378 2158 442 DIVINO
2210 373 2547 436 TEMPLO.

3448 367 3556 429 72'0

274 513 524 579 δικαίως,
551 510 610 564 τὸ
646 510 766 578 μὲν,
792 505 889 571 τὰς
918 504 1080 576 εὐχὰς
1131 503 1314 558 αὐτῶν
1341 501 1735 572 ἐξαιτούμενοι,
1762 499 1858 552 καὶ

1977 502 2098 548 aunt
2129 491 2316 546 ﬁdeles
2338 503 2531 543 omnes
2559 493 2684 541 ante
2714 484 3048 549 sacerdotes,
3070 499 3132 538 ac
3153 484 3277 554 jure
3309 485 3556 555 quidem,

283 605 596 678 μνησθῆναι
628 600 836 654 τούτων
871 602 930 653 ἐν
984 600 1052 668 τῇ
1087 595 1370 667 ἱερουργίᾳ
1402 594 1671 661 δεόμενοι,
1701 592 1762 644 τὸ
1790 590 1868 655 δὲ,

279 697 554 766 τιμῶντες
582 693 651 745 τὰ
685 691 806 745 θεῖα
851 691 1022 760 δῶρα.
1057 687 1121 741 Ei
1165 687 1276 757 γὰρ
1310 687 1405 738 καὶ
1443 687 1610 754 μήπω
1657 684 1870 752 ἱερουρ-

282 787 454 859 γήθη,
480 785 595 839 ἀλλ’
621 786 679 838 ἐν
707 786 776 854 τῇ
807 783 1066 852 προθέσει
1121 779 1459 848 ἀνετέθησαν
1495 777 1574 845 τῷ
1609 775 1749 844 Θεῷ,
1776 774 1870 827 καὶ

278 885 308 936 ὀ
351 881 534 949 ἱερεὺς
581 877 765 929 ἐκεῖσε
814 874 984 944 εὐχὴν
1016 874 1276 943 ἀνέφερε,
1330 871 1426 924 καὶ
1472 868 1870 940 προσδέξασθαι

279 972 459 1025 ταῦτα
487 965 645 1022 εἶπεν
677 969 770 1021 ἐπὶ
803 968 864 1020 τὸ
912 968 1027 1022 ἄνω
1076 965 1468 1035 θυσιαστήριον
1500 978 1513 992 ’
1548 965 1596 1014 εί
1629 959 1724 1016 οὖν
1775 965 1871 1014 καὶ

285 1066 458 1136 μήπω
489 1060 880 1127 τετελεσμένα,
923 1058 1061 1112 ἀλλὰ
1103 1060 1242 1128 πρὸς
1277 1057 1338 1110 τὸ
1369 1054 1692 1122 τελεσθῆναι
1719 1053 1870 1122 ἡτοι-

287 1153 545 1225 μασμένα
580 1152 710 1216 εἰσὶ,
743 1151 840 1202 καὶ
881 1149 1144 1218 ἀνάθημα
1176 1147 1296 1216 Θεῷ
1338 1147 1433 1199 καὶ
1467 1145 1740 1199 ἀντίτυπα
1770 1142 1866 1196 τοῦ

283 1243 619 1299 Δεσποτικοῦ
664 1241 918 1313 σώματός
951 1259 1010 1294 τε
1049 1242 1146 1294 καὶ⁵
1176 1242 1431 1310 αἵματος.
1483 1241 1545 1291 Οἱ
1590 1239 1733 1292 κατὰ
1776 1236 1867 1290 τὸν

286 1340 426 1394 Κάῖν
457 1333 551 1389 οὖν
595 1334 1045 1404 διαφθονούμενοι
1087 1332 1166 1396 τῷ
1197 1332 1366 1385 Ἀϐελ
1410 1332 1541 1400 ἡμῖν
1585 1330 1866 1394 ἀλαζόνες,

287 1429 382 1482 καὶ
413 1427 782 1497 ὑπερηφάνως
817 1427 955 1478 κατὰ
998 1424 1108 1477 τῶν
1151 1424 1324 1492 ἁγίων
1358 1423 1649 1492 φερόμενοι
1677 1425 1870 1491 ἐντρα-

286 1521 570 1589 πήτωσαν,
616 1517 1092 1587 βλασφημοῦντες,
1137 1517 1231 1570 καὶ
1275 1514 1335 1567 τὸ
1389 1515 1496 1567 ἀπὸ
1527 1511 1664 1567 Θεοῦ
1699 1514 1870 1566 κατά-

287 1627 464 1680 κριμα
498 1608 922 1679 φοϐηθήτωσαν.
951 1607 1026 1659 Οὐ
1047 1607 1157 1674 γὰρ
1180 1604 1469 1657 εἱδωλολατ
1481 1603 1682 1673 ροῦμεν
1706 1605 1868 1673 ἡμεῖς

286 1705 398 1765 τοῖς
426 1701 591 1764 θείοις
616 1700 808 1770 δώροις
840 1697 1321 1766 προσπίπτοντεςιί
1345 1697 1551 1763 ἄπαγε’
1583 1695 1720 1750 ἀλλὰ
1755 1698 1868 1756 τοῖς

285 1772 726 1861 ἀνατεθειμένοις
758 1790 833 1860 τῷ
861 1789 982 1860 Θεῷ
1023 1788 1090 1842 δι’
1125 1789 1300 1858 εὐχῶν
1332 1786 1550 1858 δώροις,
1575 1788 1668 1840 καὶ
1700 1788 1867 1860 μήπω

285 1883 720 1952 τετελεσμένοις,
745 1882 844 1950 τὴν
877 1881 1044 1952 τιμὴν
1084 1882 1460 1950 ἁπονέμομεν,
1493 1881 1567 1941 ὡς
1602 1881 1869 1949 ἡγιασμέ-

290 1993 405 2038 νοις
437 1980 502 2045 τῇ
538 1977 902 2044 προσαγωγῇ,
925 1974 998 2035 ὡς
1022 1973 1425 2042 ἁφιερωμένοις
1447 1971 1540 2025 διὰ
1570 1971 1863 2024 θειοτάτων

286 2066 487 2136 εὐχῶν,
522 2065 596 2128 ὡς
628 2064 948 2127 ἀντιτύποις
981 2060 1101 2119 οὖσι
1135 2063 1227 2117 τοῦ
1277 2063 1531 2134 σώματος
1578 2062 1674 2116 τοῦ
1726 2064 1862 2130 Χρι-

289 2156 414 2211 στοῦ
443 2159 540 2210 καὶ
574 2155 831 2226 αἵματος.
866 2155 932 2210 Οί
978 2157 1035 2209 δὲ
1068 2156 1318 2223 λέγοντες
1351 2154 1527 2208 ταῦτα
1558 2153 1744 2206 λοιπὸν
1798 2154 1867 2206 τὰ

287 2250 683 2321 προσαγόμενα
715 2251 850 2319 παρ’
893 2249 1095 2315 αὐτῶν,
1134 2250 1210 2310 ὡς
1257 2249 1451 2302 εἴδωλα
1484 2247 1592 2318 πρὸ
1630 2249 1727 2316 τῆς
1757 2248 1870 2298 Κυ-

289 2343 486 2412 ριακῆς
531 2343 716 2412 φωνῆς
765 2344 904 2410 μετὰ
947 2343 1048 2402 τὰς
1102 2342 1269 2403 ἄλλας
1303 2343 1470 2410 εὐχὰς
1517 2341 1724 2411 ἔχουσι.
1762 2341 1870 2392 Καὶ

287 2436 452 2485 ποίαν
480 2433 696 2498 ἕξουσιν
729 2434 866 2496 ὅλως
922 2434 1226 2502 ἀπολογίαν
1267 2435 1316 2486 oi
1361 2434 1430 2487 τὰ
1473 2432 1871 2501 ἀνατεθειμένα

286 2529 348 2578 ἐν
373 2528 439 2594 τῇ
468 2525 726 2594 προθέσει
758 2525 910 2595 δῶρα
943 2525 1020 2596 τῷ
1051 2527 1170 2595 Θεῷ
1221 2527 1415 2580 εἴδωλα
1448 2528 1575 2596 (φεῦ
1603 2529 1641 2595 ί)
1673 2525 1872 2596 ὀνομά-

289 2616 496 2680 ζοντες,
528 2618 624 2669 καὶ
651 2617 758 2670 τῶν
785 2616 1064 2669 δυσσεδῶν
1097 2615 1487 2685 Είκονομάχων
1513 2615 1757 2685 χείρονες
1785 2607 1874 2667 oil-

288 2725 405 2775 τοι;
431 2709 557 2762 Ὅτι
598 2710 653 2761 αἱ
690 2709 788 2777 μὲν
821 2707 966 2761 θεῖαι
995 2710 1201 2766 εἰκόνες
1232 2708 1387 2774 ἅγιαι
1419 2707 1516 2775 μὲν
1543 2707 1618 2769 ὡς
1653 2705 1873 2776 μορφώ-

293 2817 440 2872 ματα
467 2802 580 2854 τῶν
611 2801 906 2869 ἀληθινῶν,
932 2801 1004 2853 τὰ
1035 2801 1186 2872 δῶρα
1217 2801 1272 2854 δὲ
1301 2798 1699 2867 ἁνατεθειμένα
1728 2798 1869 2869 Θεῷ,

289 2896 389 2946 καὶ
417 2894 496 2956 είς
524 2893 583 2946 τὸ
615 2895 871 2961 γενέσθαι
902 2894 1062 2963 σῶμα
1099 2895 1194 2946 καὶ
1225 2888 1364 2962 αἷμα
1390 2890 1628 2962 Χριστοῦ
1663 2906 1874 2959 προσα-

289 2987 517 3054 γόμενα.
546 2985 610 3038 Ei
638 2981 732 3064 οὖν
759 2988 881 3050 ταῖς
915 2986 1088 3057 ἱεραῖς
1113 2985 1284 3038 εἰκόσι
1312 2986 1484 3053 τιμὴν
1511 2986 1605 3037 καὶ
1636 2981 1878 3052 προσκύ-

288 3094 450 3148 νησιν
498 3065 801 3143 ἀπονέμειν
860 3079 1176 3144 ὀφείλομεν,
1210 3076 1388 3146 πολλῷ
1441 3076 1644 3144 μᾶλλον
1694 3073 1877 3135 αὐτοῖς

286 3169 404 3228 τοῖς
435 3164 652 3236 δώροις,
675 3168 1001 3230 ἀντιτύποις
1026 3166 1201 3230 οὖσιν,
1235 3165 1308 3229 ὡς
1341 3168 1368 3219 ὁ
1407 3165 1578 3234 μέγας
1609 3163 1744 3232 φησὶ
1771 3162 1878 3215 Ba.-

288 3259 511 3324 σίλειος,
539 3263 635 3316 καὶ
664 3263 800 3329 πρὸς
831 3262 892 3314 τὸ
920 3260 1180 3328 γενέσθαι
1241 3257 1682 3328 προσαγομένοις
1714 3255 1874 3322 σῶμα

289 3352 389 3408 καὶ
436 3348 574 3423 αἷμα
629 3353 891 3421 Χριστοῦ.
941 3354 1053 3408 Καὶ
1080 3353 1167 3407 διὰ
1206 3351 1277 3405 τὰ
1312 3351 1432 3404 θεῖα
1467 3351 1521 3403 δὲ
1561 3349 1731 3418 σκεύη
1768 3348 1875 3417 χρὴ

1976 586 2174 656 partim
2215 583 2460 652 ipsorum
2499 595 2707 650 preces,
2776 587 2831 633 et
2898 579 2981 633 sui
3023 578 3077 631 in
3131 578 3296 630 missa
3350 593 3559 632 memo-

1975 679 2113 730 riam
2156 674 2483 744 cogitantes,
2549 672 2744 739 partim
2779 671 2962 724 divina
3005 669 3147 724 dona
3202 679 3550 724 venerantes.

1975 765 2299 831 Quanquam
2321 761 2468 815 enim
2500 762 2804 814 sacrilieata
2839 758 3082 813 nondum
3117 770 3269 825 sunt,
3306 761 3359 813 iii
3386 760 3552 813 altari

1985 867 2165 910 tamen
2200 854 2590 924 propositionis
2629 853 2737 906 Deo
2777 852 2958 906 dicata
3010 852 3187 915 fuere,
3217 863 3270 907 et
3299 853 3560 907 sacerdos

1975 947 2088 1001 illic
2116 961 2182 1002 ea
2221 946 2331 1000 Deo
2370 945 2567 1000 obtulit
2593 956 2647 998 et
2696 945 2752 998 in
2796 945 3032 998 sublime
3068 946 3242 999 altare
3278 946 3554 1015 deportari

1974 1039 2359 1108 acceptarique
2401 1047 2660 1108 precatus
2689 1046 2794 1092 est.
2835 1035 3101 1102 Quamvis
3155 1038 3324 1103 igitur
3363 1054 3560 1094 conse-

1973 1131 2220 1186 cratione
2248 1131 2490 1184 nondum
2531 1139 2913 1184 consummata
2948 1132 3076 1196 sint,
3113 1145 3302 1183 verum
3339 1140 3398 1183 ut
3427 1144 3562 1184 con-

1978 1235 2260 1280 secrcutnr
2301 1224 2566 1293 disposita
2612 1224 2763 1278 fuere
2809 1232 2864 1278 et
2927 1223 3038 1278 Deo
3073 1225 3278 1289 dicata,
3338 1232 3394 1279 et
3451 1224 3563 1295 typi

1979 1316 2250 1370 Dominici
2289 1316 2538 1385 corporis
2573 1328 2621 1369 et
2658 1316 2942 1384 Sanguinis
2971 1329 3122 1371 sunt.
3151 1316 3255 1382 Qui
3306 1318 3474 1386 igitur
3504 1327 3566 1371 ut

1975 1408 2109 1462 Cain
2142 1409 2303 1462 nobis
2344 1418 2400 1461 ut
2433 1408 2588 1461 Aheli
2620 1408 2868 1461 invident
2909 1419 2963 1463 et
3001 1421 3190 1462 contra
3225 1419 3447 1465 sanctos
3487 1411 3570 1463 in-

1971 1501 2269 1565 vehuntur,
2306 1502 2503 1556 abeant
2539 1504 2590 1555 in
2623 1502 2818 1554 malam
2849 1516 3064 1554 crucem
3089 1511 3143 1553 et
3179 1501 3270 1553 Dei
3294 1501 3561 1568 judicium

1975 1584 2244 1647 metuant.
2277 1592 2394 1648 Non
2440 1595 2582 1647 enim
2611 1607 2712 1646 nos
2762 1601 2888 1647 ante
2918 1592 3098 1646 divina
3146 1592 3288 1646 dona
3335 1601 3393 1645 ut
3422 1594 3563 1646 idola

1972 1685 2410 1752 prosternimur;
2482 1685 2663 1740 absitl
2738 1685 2832 1738 sed
2894 1684 3052 1739 donis
3091 1681 3232 1754 qua!
3274 1685 3382 1739 Deo
3435 1700 3562 1739 cum

1973 1778 2226 1845 precibus
2244 1778 2572 1842 oli'eruntur,
2603 1777 2734 1832 licet
2764 1778 3006 1832 nondum
3051 1780 3393 1832 sanctiﬁcata
3427 1780 3563 1843 sint,

1901 1885 1943 1943 Β
1976 1868 2237 1921 honorem
2293 1871 2584 1924 tribuimus
2639 1879 2700 1922 ut
2757 1868 3163 1922 sanctiﬁcandis
3201 1885 3294 1938 per
3347 1885 3562 1938 preces,

1969 1969 2028 2014 ut
2081 1962 2225 2032 typis
2279 1963 2530 2030 corporis
2603 1977 2666 2017 ac
2738 1963 3025 2031 sanguinis
3087 1963 3380 2016 Douiiuici.
3453 1962 3565 2028 Qui

1972 2066 2101 2106 vero
2170 2053 2361 2107 dicunt
2403 2054 2712 2107 Oblationes
2754 2055 2996 2122 ipsorum
3040 2055 3186 2107 sicut
3225 2054 3367 2107 idola
3434 2064 3563 2107 ante

1971 2157 2160 2197 vocem
2182 2144 2403 2198 Domini
2443 2155 2563 2213 post
2597 2154 2822 2198 caeteras
2857 2158 3049 2213 preces
3079 2146 3302 2200 habent.
3334 2144 3562 2207 Oualem

1972 2250 2137 2302 porro
2196 2236 2412 2288 veniam
2464 2245 2742 2290 merentur
2801 2238 2890 2305 qui
2922 2236 3225 2291 oblationes
3260 2238 3367 2290 Deo
3394 2237 3567 2292 factas

1974 2329 2114 2386 idola
2134 2329 2274 2383 eheu
2301 2331 2313 2383 ε
2346 2331 2630 2383 nominant
2658 2340 2709 2385 et
2741 2331 2924 2400 impiis
2953 2329 3328 2385 lcouomacliis
3353 2330 3568 2400 pejores

1972 2421 2144 2474 sunt?
2187 2420 2394 2475 Divina:
2425 2422 2572 2475 enim
2616 2423 2885 2490 imagines
2941 2439 3114 2476 sacra:
3158 2421 3376 2491 quidem
3434 2430 3567 2475 sunt

1976 2521 2034 2564 ut
2067 2512 2256 2566 forma:
2310 2512 2595 2576 veritatis;
2629 2515 2759 2566 item
2790 2514 2931 2567 dona
2962 2513 3074 2568 Deo
3125 2515 3308 2566 oblata
3370 2522 3562 2582 utpote

1975 2609 2029 2662 in
2086 2622 2288 2676 corpus
2351 2617 2406 2662 et
2465 2609 2788 2674 sanguinem
2861 2607 3065 2661 Christi
3115 2607 3564 2660 transuiutauda.

1978 2703 2034 2758 Si
2088 2719 2217 2774 ergo
2287 2705 2462 2758 sacris
2532 2703 2865 2771 imaginibus
2927 2703 3193 2757 honorem
3252 2702 3562 2757 veneratio-

1977 2810 2212 2863 nemque
2247 2796 2566 2860 tribuimus,
2623 2806 2832 2864 quanto
2861 2796 3036 2865 magis
3082 2797 3197 2865 ipsa
3226 2797 3389 2861 dona,
3422 2813 3564 2864 qum,

1980 2897 2044 2942 ut
2079 2904 2311 2956 magnus
2343 2887 2577 2944 Basilius
2608 2890 2762 2954 dicit,
2799 2893 3042 2960 antitypa
3093 2901 3220 2944 sunt
3267 2900 3320 2942 ct
3355 2893 3562 2953 oblata,

1978 2992 2042 3035 ut
2085 2980 2293 3035 Christi
2347 2997 2546 3050 corpus
2589 2991 2642 3035 et
2683 2984 2910 3049 sanguis
2974 2984 3122 3036 liant.
3164 2984 3306 3049 Quin
3347 2994 3398 3038 et
3440 2999 3565 3054 pro-

1981 3086 2107 3141 pter
2163 3073 2283 3141 ipsa
2341 3088 2497 3136 sacra
2566 3089 2694 3126 vasa
2753 3075 3135 3131 sacerdotibus
3176 3061 3566 3143 procidcndum

1983 3173 2086 3229 est,
2121 3167 2246 3219 lii-ct
2315 3175 2369 3220 et
2413 3166 2662 3234 quaedam
2723 3184 2790 3220 ex
2837 3168 2916 3222 eis
2967 3184 3136 3222 var-ua
3175 3154 3320 3233 Sint;
3384 3172 3569 3226 omnia

1985 3260 2132 3311 enim
2186 3270 2408 3328 propter
2461 3260 2648 3313 divina
2719 3260 2860 3315 tlona
2924 3264 2976 3316 in
3033 3262 3169 3333 ipsis
3225 3275 3571 3331 ecusccrata,

1987 3351 2482 3407 sanetilicatio'uein
2512 3353 2866 3422 participant.

290 3447 624 3504 ὑποπίπτειν
649 3452 762 3513 τοῖς
796 3448 1056 3520 ἱερεῦσιν,
1081 3451 1130 3503 εἰ
1162 3451 1254 3502 καὶ
1285 3447 1348 3513 ἐξ
1376 3447 1557 3501 αὐτῶν
1589 3448 1722 3500 κενά
1750 3463 1875 3500 τινα
2019 3447 2330 3520 Ἀγιασμοῦ
2360 3452 2470 3522 γὰρ
2504 3453 2686 3508 πάντα
2713 3455 2958 3525 μετέχει,
2981 3453 3093 3508 τῶν
3160 3454 3320 3507 θείων
3381 3453 3572 3525 δώρων

2368 3543 2386 3561 Ι

188 3598 194 3603 ,
288 3545 355 3596 ἐν
384 3544 566 3606 αὐτοῖς
593 3546 1090 3616 ίερουργουμένων.

287 3663 392 3718 00'.
419 3662 580 3717 Διατί
620 3664 717 3717 καὶ
749 3665 876 3731 ἱερὰ
910 3668 1069 3738 ,κενὰ
1121 3668 1319 3738 σκεύη
1371 3668 1439 3720 ἐν
1465 3665 1538 3735 τῇ
1567 3666 1784 3733 εἰσόδῳ
1825 3667 1874 3720 oi

1985 3669 2073 3724 79.
2131 3668 2309 3733 Quare
2335 3671 2634 3724 sacerdotes
2670 3673 2723 3725 in
2747 3673 2990 3738 ingressu
3019 3671 3177 3724 etiam
3203 3686 3372 3724 vacua
3406 3685 3566 3723 sacra

785 3737 962 3803 ἱερεῖς
999 3736 1390 3806 κατέχουσιν.

367 3851 476 3904 Καὶ
528 3850 689 3903 τοῦτο
737 3849 793 3902 δὲ
834 3851 893 3902 οὐ
943 3851 1282 3927 θαυμαστὸν,
1309 3852 1357 3902 εί
1382 3852 1516 3904 κενά
1549 3850 1672 3903 τινά
1705 3851 1874 3902 ἐστιν.

291 3945 390 4007 Εἰς
423 3943 592 4014 τιμὴν
621 3945 732 4012 γὰρ
783 3941 893 3996 τῶν
945 3942 1104 3996 θείων
1155 3943 1343 4012 δώρων
1396 3943 1571 3995 ταῦτα
1601 3946 1670 3995 τὰ
1708 3941 1879 4012 σκεύη

293 4032 727 4102 κατέχουσι,καί
758 4029 844 4083 ἵνα
878 4030 932 4082 οῖ
963 4030 1010 4083 θ’
1063 4030 1321 4100 ὁρῶντες,
1365 4030 1416 4082 οἳ
1449 4046 1506 4084 τε
1540 4027 1877 4096 ἐγγίζοντες,

293 4123 631 4192 ἁγιάζωνται
659 4123 884 4186 πάντες.

291 4269 373 4316 π’.
405 4260 568 4318 Atad
599 4259 978 4315 καλύπτεται
1009 4258 1080 4312 τὰ
1123 4259 1252 4313 θεῖα
1297 4259 1456 4326 δῶρα
1509 4257 1579 4310 ἐν
1625 4254 1699 4324 τῇ
1739 4254 1881 4323 ἁγίᾳ

938 4329 1215 4398 τραπέζῃ.

381 4441 771 4511 Ἐπιτιθέμενα
799 4441 856 4494 δὲ
890 4440 962 4493 τὰ
994 4439 1113 4492 θἐῖα
1162 4440 1310 4510 δῶρα
1352 4441 1419 4510 τῇ
1457 4439 1579 4508 ἱερᾷ
1610 4437 1881 4510 τραπέζῃ,

289 4533 657 4599 καλύπτεται,
689 4535 773 4587 ὃτι
799 4535 860 4587 οὑ
890 4536 1000 4596 τοῖς
1030 4535 1199 4586 πᾶσιν
1231 4533 1288 4598 te
1318 4532 1493 4604 ἀρχῆς
1523 4530 1689 4608 284,
1713 4533 1885 4598 ἐγνω-

292 4627 496 4696 σμένος
525 4629 552 4681 ὁ
594 4627 804 4698 Ἰησοῦς
831 4667 847 4689 ,
895 4628 993 4680 καὶ
1045 4627 1128 4678 ὅτι
1177 4625 1562 4694 σωματωθεὶς,
1596 4623 1703 4676 οὐδ’
1742 4622 1886 4675 οὕτω

287 4720 390 4775 τοῦ
438 4719 672 4790 κρυφίου
721 4719 824 4789 τῆς
877 4718 1043 4772 αὑτοῦ
1075 4717 1328 4786 θεότητος
1364 4717 1461 4768 καὶ.
1490 4716 1589 4782 τῆς
1622 4716 1884 4785 προνοίας

289 4809 489 4881 ἐξέστη
517 4827 532 4842 ο
555 4808 671 4862 ἀλλ’
695 4809 1080 4878 ἁκατάλτλπτὸς
1115 4811 1231 4861 ἐστι
1262 4808 1356 4861 καὶ
1384 4807 1616 4876 ἄπειρος
1647 4808 1758 4869 ἀεὶ,
1789 4807 1885 4860 καὶ

290 4901 550 4955 τοσοῦτον
586 4902 749 4972 μόνον
805 4900 1162 4969 γινώσκεται,
1221 4901 1346 4953 ὅσον
1397 4899 1558 4961 αὐτὸς
1595 4897 1884 4951 ἀποκαλύ-

291 5008 444 5046 met.

291 5107 412 5164 πα’.
436 5109 600 5164 Διατί
637 5112 670 5165 ὁ
693 5108 1012 5180 ἀρχιερεὺς
1040 5109 1236 5190 εὐχὴν
1266 5107 1427 5178 παρὰ
1447 5104 1695 5159 πάντων
1717 5103 1879 5172 ἐξαι-

987 5197 1194 5236 τειται.

371 5293 552 5366 Εὐχὴν
578 5295 636 5352 δὲ
673 5297 827 5367 παρὰ
860 5296 1081 5350 πάντων
1125 5295 1360 5352 αἰτεῖται
1419 5291 1718 5353 ὑποκλίνας
1751 5292 1879 5348 ἑαυ-

293 5387 392 5442 τὸν
423 5389 452 5440 ὁ
485 5389 801 5458 ἀρχιερεὺς,
846 5388 1235 5456 ἐπιγινώσκων
1305 5387 1401 5438 καὶ
1448 5383 1613 5446 αὐτὸς
1662 5383 1882 5446 ἑαυτὸν,

295 5477 397 5536 καὶ
433 5479 568 5548 πρὸς
597 5481 658 5532 τὸ
689 5479 852 5548 ἔργον
885 5479 1130 5548 φρίττων
1152 5477 1249 5528 καὶ
1273 5473 1758 5542 ὑποστελλόμενος,
1789 5473 1886 5524 καὶ

293 5569 360 5621 τὸ
399 5566 762 5624 ἁποστολικὶν
791 5569 1026 5640 πληρῶν.
1051 5568 1132 5633 τὸ,
1173 5564 1686 5637 «Ἐξομολογεῖσθαι
1715 5563 1886 5631 ἀλλή-

294 5661 412 5724 λοις
440 5662 509 5716 τὰ
543 5664 1026 5734 uaga-irretitum,»
1062 5662 1177 5728 καὶ,
1208 5679 1226 5712 ι
1255 5660 1432 5729 Ὑπὲρ
1459 5657 1704 5727 ἀλλήλων
1730 5654 1885 5726 εὔχε-

294 5754 428 5805 σθαι
451 5767 465 5782 ⁸
502 5771 521 5805 ι
553 5755 675 5808 οὐδὲ
703 5757 812 5826 γὰρ
837 5755 1000 5820 αὐτὸς
1027 5755 1206 5825 ἑαυτῷ
1239 5753 1454 5824 θαρρεῖ,
1481 5751 1766 5823 ἄνθρωπος
1791 5765 1878 5807 τε·

291 5841 408 5904 λῶν
436 5844 528 5901 καὶ
557 5845 741 5910 αὑτός.

2559 3757 2686 3794 vasa
2750 3751 2981 3795 teneant.

2055 3849 2164 3905 Nec
2199 3853 2400 3906 mirum
2439 3853 2483 3905 si
2523 3853 2771 3922 quaedam
2819 3856 3003 3908 inania
3071 3853 3203 3909 sint.
3265 3854 3322 3908 ln
3388 3855 3568 3909 bono-

1984 3957 2096 3995 rem
2130 3945 2332 4013 quippe
2365 3958 2650 3998 sacrorum
2677 3944 2950 4000 donorum
2993 3946 3105 4000 haec
3128 3956 3371 4016 portant,
3401 3958 3567 4016 atque

1984 4046 2042 4090 ut
2076 4048 2186 4091 tum
2216 4037 2463 4092 videntes
2495 4052 2582 4103 ea,
2641 4049 2756 4093 tuin
2811 4040 3320 4110 appropinquantes
3357 4043 3567 4097 sancti-

1986 4130 2223 4183 liceatur
2257 4145 2470 4186 omnes.

1985 4263 2075 4320 80.
2111 4263 2463 4330 Quamobrem
2491 4263 2670 4318 divina
2703 4264 2846 4317 dona
2902 4266 2956 4319 in
3002 4282 3156 4320 sacra
3205 4283 3382 4321 mensa
3427 4269 3570 4322 oble-

2681 4347 2900 4405 gautur.

2057 4455 2315 4524 Imposita
2347 4462 2530 4508 autem
2559 4453 2717 4507 altari
2761 4469 2917 4508 sacra
2964 4453 3112 4509 dona
3143 4455 3565 4525 cooperinntur,

1987 4547 2116 4616 quia
2149 4545 2539 4600 nonomnibus
2569 4546 2638 4600 ab
2680 4546 2840 4600 initio
2894 4549 3148 4616 cognitus
3208 4546 3310 4601 fuit
3365 4547 3571 4616 Jesus;

1987 4649 2042 4692 et
2094 4639 2219 4693 licet
2273 4653 2471 4708 corpus
2508 4639 2922 4708 assumpsisset,
2981 4657 3097 4706 non.
3127 4650 3307 4694 tamen
3342 4642 3408 4694 ab
3440 4643 3567 4695 abs-

1989 4731 2212 4784 condita
2246 4745 2345 4784 sua
2397 4731 2684 4786 divinitate
2735 4746 2800 4785 ac
2861 4733 3204 4800 providentia
3275 4732 3569 4798 discessit;

1988 4823 2084 4876 sed
2117 4823 2605 4889 incomprehensus
2633 4832 2686 4877 et
2727 4823 2976 4878 infinitus
3024 4832 3106 4876 est
3137 4839 3376 4890 semper,
3439 4833 3567 4877 tan-

1989 4927 2216 4984 tumque
2243 4917 2510 4969 duntaxat
2537 4916 2917 4986 cognoscitur,
2979 4923 3247 4984 quantum
3306 4915 3426 4984 ipse
3485 4930 3573 4970 ie-

1918 4998 1961 5054 D
1993 5007 2155 5060 velat.

1987 5120 2076 5198 8'1.
2110 5119 2491 5188 Quarepreces
2541 5119 2608 5173 ab
2663 5118 2906 5174 omnibus
2971 5131 3217 5188 exposcat
3273 5123 3570 5192 episcopus.

2061 5292 2263 5360 Rreces
2297 5303 2476 5347 autem
2537 5309 2710 5364 prono
2764 5296 2943 5365 capite
2999 5296 3134 5364 petit
3191 5298 3260 5352 ab
3309 5299 3569 5353 omnibus

1987 5383 2260 5453 pontiiex,
2314 5398 2625 5453 agnoscens
2680 5393 2733 5437 et
2791 5385 2907 5454 ipse
2974 5389 3353 5457 semetipsum,
3408 5399 3461 5443 et
3499 5390 3568 5445 ad

1987 5490 2128 5543 opus
2155 5475 2299 5527 istud
2332 5483 2573 5528 tremens
2629 5490 2692 5528 ac
2743 5491 2974 5543 pavens,
3015 5477 3258 5548 illudque
3313 5481 3572 5547 apostoli-

1988 5583 2112 5621 cuin
2142 5566 2397 5635 imi-lens,
2434 5586 2450 5616 ι
2490 5575 2548 5620 ιιι
2580 5566 2944 5622 confiteantur
2968 5569 3288 5624 alterutrum
3321 5582 3564 5640 peccata,

1991 5672 2046 5719 et
2072 5675 2129 5717 ut
2157 5678 2381 5718 oremus
2417 5678 2512 5732 pro
2545 5663 2805 5716 invicem.
2849 5681 2867 5713 ι
2915 5659 3034 5714 Non
3069 5664 3213 5716 enim
3247 5661 3365 5716 ﬁdit
3417 5660 3520 5716 sibi
3553 5701 3568 5732 ,

1989 5770 2114 5810 cum
2156 5755 2274 5828 ipse
2315 5769 2532 5826 quoque
2568 5756 2733 5810 homo
2770 5765 3106 5810 numeretur.
