4056 6428
534 328 650 394 735

1388 339 1773 401 SYMEONIS
1793 339 2542 402 THESSALONICENSIS
2580 313 2938 401 ARCHIEP.

3676 336 3789 405 736

528 448 654 501 lia'c
678 452 856 498 autem
898 446 1076 503 virtus
1108 448 1201 503 Dei
1262 458 1345 504 est
1383 468 1483 507 nec
1511 469 1540 506 a
1585 468 1921 524 quocunque
1953 453 2096 508 ﬁdeli

2209 456 2297 507 καὶ
2327 453 2582 524 οὐδαμῶς
2621 452 3034 526 ίερουργημένα
3079 453 3236 508 ἔσται
3283 454 3353 508 τὰ
3390 454 3521 524 παρ’
3558 456 3787 509 ἐκείνων

531 536 860 605 possidetur,
894 538 987 591 sed
1020 538 1172 594 solus
1200 539 1257 594 in
1289 541 1556 610 dignitate
1586 543 1913 598 sacerdotali
1967 558 2101 597 con-

527 630 774 689 stitutus.
814 630 973 696 cuius
1013 632 1179 685 etiam
1216 647 1409 701 preces
1451 636 1629 701 gratia
1654 636 1839 690 divina
1866 636 2102 712 interce-

527 722 688 775 dente
726 719 982 776 effectum
1038 724 1264 778 habent.
1306 723 1461 791 Quod
1494 730 1586 795 qui
1623 742 1729 781 non
1764 727 1958 790 credit,
2009 733 2103 779 aut

524 814 619 879 qui
652 814 920 883 baptisma
949 824 1003 870 ct
1032 816 1272 871 chrisma
1302 827 1354 872 et
1388 818 1636 873 ordinem
1698 818 2099 874 sacerdotalem

526 910 619 955 aut
672 904 1053 958 remissionem
1099 917 1442 975 peccatorum
1490 918 1583 962 aut
1618 909 1866 971 habitum
1917 921 2105 962 mena.

525 995 738 1049 chalem
776 997 1012 1065 acclapit,
1045 1006 1099 1051 et
1128 1014 1293 1065 super
1339 1014 1502 1068 quem
1559 1000 1825 1054 initiatiO’
1854 1015 1960 1052 non
2020 1005 2104 1052 est

527 1089 921 1153 pronuntiata,
989 1089 1034 1143 is
1106 1090 1306 1144 inﬁdeli
1380 1091 1581 1145 similis
1643 1101 1698 1143 et.
1772 1089 2105 1144 btereditatis

525 1179 851 1234 Christianae
876 1196 1073 1249 expers
1106 1190 1191 1235 est
1230 1182 1549 1237 habendus.
1600 1181 1795 1236 Omnia
1829 1180 2103 1251 siquidem

528 1272 629 1322 ista
665 1286 756 1337 per
789 1280 980 1338 preecs
1009 1287 1038 1325 a
1092 1273 1478 1327 sacerdotibus
1520 1273 1671 1333 fusas
1723 1272 2102 1342 perﬁciuntur.

525 1361 710 1431 Itaque
748 1364 793 1419 si
854 1366 1221 1433 baptizamus,
1277 1368 1584 1421 secundum
1641 1366 1946 1419 doctrinam
2000 1372 2109 1418 tra-

526 1454 694 1507 ditam
733 1456 787 1508 in
822 1456 1044 1510 nomine
1100 1456 1280 1509 Patris
1313 1467 1368 1510 et
1413 1456 1531 1510 Filii
1560 1466 1614 1510 et
1657 1456 1892 1522 Spiritus
1931 1453 2104 1509 sancti

534 1546 901 1614 haptizamus,
948 1545 1337 1614 baptizandum
1404 1548 1505 1601 sub
1558 1546 1842 1600 Trinitatis
1886 1546 2108 1598 invoca-

526 1638 673 1692 tione
706 1639 1002 1693 initiantes.
1036 1638 1139 1693 Sed
1173 1638 1261 1693 illa
1295 1641 1408 1694 sola
1441 1639 1782 1695 invocatione
1802 1652 1964 1708 quam
1990 1636 2107 1691 Sal-

530 1739 688 1782 vator
719 1729 932 1792 docuit,
976 1744 1081 1783 non
1123 1732 1388 1794 contenti,
1433 1729 1615 1785 crucis
1664 1731 1819 1800 signo
1844 1737 1900 1783 et
1930 1728 2108 1783 insuf-

2203 548 2563 619 προτεθέντα,
2614 549 2733 602 οὐδὲ
2775 548 2937 617 σῶμα
2983 548 3078 602 καὶ
3124 543 3264 615 αἷμα
3308 548 3544 616 Χριστοῦ
3577 564 3595 581 ·
3639 548 3785 602 ὥστε

2203 641 2305 694 οὐκ
2334 640 2650 711 ἄνθρωπος,
2689 640 2825 693 ἀλλὰ
2874 641 3010 705 Θεδς
3051 642 3202 695 ἐστιν
3245 643 3273 695 ὁ
3317 641 3406 695 διά
3454 639 3547 694 τοῦ
3595 641 3788 709 ἱερέως

2204 732 2470 802 ἐνεργῶν,
2506 733 2941 800 ἐπικαλουμένου
2970 733 3070 804 τὴν
3101 732 3259 802 χάριν
3305 729 3400 785 τοῦ
3445 730 3787 799 Πνεῦματος,

2206 824 2304 878 καὶ
2331 826 2470 895 ὅπερ
2503 825 2570 878 ἂν
2614 825 2743 895 εἴπῃ
2772 824 2800 875 δ
2830 822 3033 892 ίερεύς,
3072 824 3295 893 ἐνεργόν
3323 825 3441 875 ἐστι
3478 825 3542 894 τῇ
3579 821 3677 889 τῆς
3705 824 3788 873 ίε-

2210 913 2463 983 ρωσῦνης
2511 913 2764 978 δυνάμει.
2812 912 2961 982 Αὕτη
2999 913 3057 965 δὲ
3107 912 3243 965 Θεοῦ
3292 913 3408 965 ἐστι
3438 912 3689 977 δύναμις,
3720 912 3791 980 ἢν

2205 1002 2269 1055 οὐ
2317 1003 2425 1063 πᾶς
2454 1000 2719 1068 κέκτηται
2752 1001 2967 1065 πιστὸς,
3004 998 3119 1053 ἀλλ’
3146 1002 3175 1053 ὁ
3201 1001 3299 1070 τὴν
3326 999 3658 1069 χειροτονίαν
3691 999 3791 1051 τοῦ

2209 1094 2399 1165 ἱερέως
2434 1093 2594 1161 μόνος
2629 1093 2942 1158 δεξάμενος,
2995 1093 3091 1144 καὶ
3137 1093 3287 1145 πᾶσα
3320 1091 3453 1161 εὐχὴ
3498 1092 3664 1144 αὐτοῦ
3693 1108 3792 1143 τε-

2206 1182 2477 1245 λειοποιδς
2534 1182 2658 1254 θείᾳ
2706 1182 2918 1253 χάριτι.
2971 1182 3081 1235 Καὶ
3113 1184 3143 1234 ὁ
3176 1183 3251 1253 μὴ
3303 1179 3463 1236 τοῦτο
3512 1181 3793 1234 πιστεύων

2207 1273 2329 1325 οὐδὲ
2361 1273 2652 1342 δεχόμενος
2687 1272 2812 1327 οὐτε
2844 1273 3128 1342 βάπτισμα
3154 1274 3278 1342 ἄρα,
3308 1272 3431 1326 οὔτε
3471 1274 3661 1343 μύρων
3694 1288 3792 1323 τε-

2208 1362 2388 1431 λετὴν,
2410 1362 2533 1417 οὔτε
2553 1365 2886 1434 χειροτονίαν
2911 1365 3200 1434 ἱερατικῶν
3224 1365 3449 1430 τάξεων,
3483 1363 3607 1418 οὔτε
3629 1364 3794 1417 λῦσιν

2210 1456 2595 1527 ἐγκλημάτων,
2647 1455 2772 1509 οὐτε
2834 1457 2942 1525 μὴν
2997 1458 3281 1526 σχήματος
3340 1454 3575 1526 μοναχοῦ
3630 1456 3791 1526 ἱερὰν

2209 1548 2376 1617 εὐχὴν
2412 1548 2807 1617 παραδέχεται,
2843 1548 2937 1601 καὶ
2987 1550 3220 1602 ἀπίστου
3259 1542 3414 1611 οὗτος
3451 1547 3639 1614 ἔγγὺς,
3688 1549 3794 1599 καὶ

2212 1639 2409 1694 ἑαυτὸν
2441 1639 2539 1707 τῆς
2594 1640 2792 1710 μοίρας
2823 1640 3011 1708 ἐξάγει
3054 1640 3166 1693 τῶν
3208 1640 3568 1710 Χριστιανῶν.
3602 1641 3795 1693 Πάντα

2212 1734 2321 1803 γὰρ
2353 1733 2528 1785 ταῦτα
2552 1732 2619 1785 δι’
2662 1732 2842 1800 εὐχῶν
2884 1733 3127 1785 τελεῖται
3173 1730 3279 1784 τῶν
3310 1728 3619 1800 ἰερατικῶν.
3652 1730 3792 1781 Ὅσα

526 1818 769 1882 ﬁatione,
798 1822 1085 1889 prmceptis
1133 1835 1196 1875 ac
1244 1822 1518 1876 mandatis
1547 1820 1773 1886 additis,
1822 1821 1925 1874 olei
1975 1836 2099 1874 con-

2209 1843 2313 1895 περ
2338 1826 2431 1878 οὐν
2464 1824 2820 1895 βαπτίζοντες
2873 1824 3017 1877 καθὰ
3068 1822 3475 1892 παρελάὸομεν,
3504 1823 3583 1884 εἰς
3612 1820 3793 1890 ὕνομιι

528 1914 729 1966 seet-ali
757 1914 1057 1967 chrismate
1084 1922 1139 1967 ct
1170 1922 1376 1967 sanctae
1422 1912 1711 1968 Trinitatis
1763 1914 2108 1968 invocatione

529 2019 724 2060 recens
785 2005 1121 2074 baptizatum
1187 2006 1560 2075 puriﬁcamus,
1591 2015 1646 2058 et
1688 2020 1883 2074 aquam
1929 2005 2106 2073 bapti-

528 2098 753 2153 smalem
790 2099 947 2167 signo
976 2099 1161 2152 crucis
1208 2109 1263 2153 et
1297 2097 1537 2166 Spiritus
1562 2099 1740 2152 sancti
1802 2098 2110 2152 sanctiﬁca-

530 2206 653 2246 mus
687 2201 741 2246 et
767 2203 1048 2261 unguento
1092 2191 1336 2245 adhibito
1367 2206 1528 2245 sacro
1556 2205 1745 2259 preces
1773 2190 2102 2259 pronuntia-

527 2296 651 2335 mus
732 2281 910 2333 crucis
975 2281 1133 2350 signo
1210 2278 1510 2350 signantes.
1584 2280 1716 2333 Post
1779 2280 2105 2349 baptismum

526 2355 723 2424 deinde
756 2371 1086 2438 bap'izalunt
1113 2378 1167 2425 ct
1197 2370 1316 2424 oleo
1357 2375 1549 2423 sancto
1578 2378 1801 2422 unctum
1854 2369 2110 2437 precibus

525 2460 700 2517 sacris
732 2460 1110 2526 fortiﬁeamus,
1169 2459 1656 2536 Theophaniorum
1725 2467 1910 2512 autem
1969 2458 2108 2514 festo

527 2570 700 2623 aquas
729 2565 1082 2609 consecratas
1128 2554 1383 2622 precibus
1435 2553 1617 2607 denuo
1668 2552 2106 2614 sanctiﬁcamus.

532 2658 591 2701 ut
643 2656 697 2700 ct
729 2660 789 2699 ca
820 2660 940 2713 qua:
999 2643 1244 2713 qu0tidie
1294 2651 1734 2708 consecrantur;
1791 2640 2108 2698 sacerdotes

525 2739 671 2792 enim
726 2736 1152 2805 Spiritnsaucto
1206 2734 1580 2789 intercedente
1637 2734 1895 2788 virtutem
1950 2746 2105 2786 suam

526 2831 803 2900 baptizato
862 2825 1377 2892 communicaruut‘;
1421 2842 1520 2881 nos
1560 2836 1739 2882 autem
1793 2825 2104 2894 pontiﬁcem

526 2923 755 2976 electum
792 2929 886 2973 aut
942 2919 1281 2974 sacerdotem
1339 2933 1433 2987 per
1481 2934 1670 2989 preces
1698 2916 2107 2972 ecclesiasiicas

527 3027 583 3068 et
630 3014 734 3069 sub
798 3013 1038 3082 Spiritus
1095 3012 1269 3067 sa‘ucti
1331 3015 1679 3066 invocatione
1740 3009 2103 3072 admittimus,

462 3167 469 3173 ,
527 3107 655 3177 quia
692 3121 721 3159 a
767 3105 969 3175 linguis
1021 3106 1204 3173 ignitis
1237 3122 1359 3175 quae
1406 3108 1457 3159 in
1506 3104 1782 3174 apostolos
1808 3103 2107 3157 descende-

2211 1914 2543 1988 βαπτίζομεν
2577 1917 2788 1983 [ἰατρὸς
2816 1918 2910 1969 καὶ
2943 1916 3071 1969 Υίοῦ
3121 1917 3216 1968 καὶ
3261 1915 3418 1981 ἁγίου
3442 1913 3790 1981 Πνεῦματος,

2207 2012 2273 2080 τῇ
2301 2010 2587 2077 ἐπικλήσει
2612 2009 2710 2076 τῆς
2732 2007 2961 2077 Τριάδος
2988 2007 3079 2059 τὸν
3108 2006 3501 2076 βαπτιζόμενον
3521 2004 3796 2057 τελειοῦν-

2206 2117 2331 2177 τες..
2351 2100 2529 2153 καίτοι
2557 2116 2619 2167 γε
2646 2098 2764 2153 οὐδὲ
2803 2098 2974 2169 ταύτῃ
3008 2100 3073 2167 τῇ
3108 2099 3396 2167 ἐπικλήσει
3427 2097 3562 2168 μόνῃ
3588 2097 3796 2167 ἀρκού-

2211 2191 2373 2261 μεθα,
2405 2192 2473 2261 ἣν
2502 2191 2821 2259 παρέδωκεν
2843 2192 2871 2240 ὁ
2888 2191 3101 2257 Σωτὴρ,
3123 2189 3261 2242 ἀλλὰ
3282 2190 3547 2259 πρότερον
3569 2190 3670 2260 μὲν
3690 2190 3793 2244 καὶ

2211 2283 2487 2352 σ’ρραγῖδι,
2507 2283 2601 2336 καὶ
2636 2284 3016 2352 ἐμφυσήματι,
3044 2282 3210 2353 286
3233 2283 3327 2335 καὶ
3345 2283 3668 2348 άποταγαῐς,
3691 2280 3793 2334 καὶ

2212 2380 2502 2443 συνταγαῖς
2543 2377 2638 2429 καὶ
2678 2376 2889 2445 εὐχαῖς,
2923 2377 3018 2428 καὶ
3062 2375 3240 2444 χρίσει
3275 2366 3453 2428 ἐλαίου
3482 2373 3789 2442 ἁγιαζομέ-

2213 2486 2304 2522 νου
2336 2468 2615 2536 σφραγῖδι,
2636 2467 2752 2521 ικαὶ
2784 2466 3164 2536 ὲμφυσήματι,
3225 2466 3317 2519 καὶ
3369 2465 3657 2529 ἐπικλήσει
3687 2464 3793 2533 τῆς

2207 2560 2372 2626 ἁγίας
2418 2559 2686 2627 Τριάδος,
2725 2558 2819 2611 τὸν
2871 2557 3271 2627 βαπτιζόμενον
3321 2556 3789 2626 προκαθαίρομεν,

2208 2653 2306 2706 καὶ
2336 2653 2395 2705 τὸ
2429 2650 2575 2722 ὐδωρ
2605 2650 2700 2705 τοῦ
2729 2651 3109 2719 βαπτίσματος
3145 2652 3410 2720 σφραγῖδι
3441 2651 3532 2703 καὶ
3561 2650 3792 2717 ἐπικλήο

2211 2763 2292 2798 σει
2324 2746 2642 2811 Πνεύματος
2683 2743 2842 2808 ἁγίου
2878 2741 3314 2811 καθαγιάζομεν,
3360 2743 3455 2795 καὶ
3506 2740 3564 2794 τὸ
3611 2739 3791 2808 μύρον

2208 2835 2264 2888 δὲ
2294 2836 2353 2888 τὸ
2385 2836 2529 2903 ἱερὸν
2559 2835 2764 2903 ὁμοίως
2787 2834 2975 2904 εὐχαῖς
2999 2833 3445 2903 τελειοποιοῦμεν
3473 2836 3789 2902 ἀρχιερατι-

2210 2928 2356 2987 καίς,
2388 2924 2483 2976 καὶ
2513 2924 2773 2994 σφραγῖδι
2803 2923 2901 2976 τοῦ
2931 2922 3192 2990 σταυροῦ,
3222 2922 3316 2976 καὶ
3340 2923 3480 2992 μετὰ
3504 2924 3565 2974 τὸ
3594 2921 3788 2991 βάπτι-
3844 2924 3851 2929 ’

2212 3033 2326 3084 σμα
2353 3016 2445 3071 τὸν
2471 3016 2843 3087 βαπτισθέντα
2872 3016 2966 3068 καὶ
2993 3016 3288 3084 χρισθέντα
3312 3016 3390 3085 τῷ
3421 3015 3578 3086 μύρῳ
3600 3015 3787 3084 εὐχαῖς

2212 3112 2526 3173 τελειοῦμεν
2559 3112 2755 3179 ἱεραῖς,
2801 3111 2895 3162 καὶ
2943 3111 3055 3170 τοῖς
3105 3107 3422 3175 Θεοφανίοις
3453 3107 3520 3159 τά
3566 3106 3788 3174 ἁγιαζό-

527 3201 679 3256 runt,
716 3208 813 3261 per
848 3193 1088 3261 Spiritus
1123 3195 1299 3248 sancti
1332 3195 1562 3264 gratiam
1589 3206 1639 3249 et
1673 3192 2102 3247 muniﬁcentiam

2217 3215 2351 3269 μενα
2384 3198 2556 3253 ῦδατα
2606 3178 2795 3268 εὐχαῖς
2822 3197 3150 3266 ἁγιάζομεν,
3182 3196 3280 3249 καὶ
3308 3196 3394 3249 ἔτι
3416 3196 3485 3249 τά
3511 3195 3630 3250 καθ’
3660 3194 3790 3247 ἑκά-

529 3289 788 3342 virtutem
814 3297 1160 3343 cmanantem
1196 3295 1547 3357 receperunt.
1582 3286 1672 3341 Sic
1694 3295 1750 3341 et
1790 3301 1892 3340 nos
1948 3284 2106 3355 panis

527 3390 581 3435 et
628 3380 814 3435 calicis
867 3382 922 3435 in
989 3396 1194 3451 corpus
1250 3388 1305 3434 et
1372 3378 1696 3448 sanguinem
1752 3378 1959 3434 Christi
2002 3392 2108 3448 per

531 3487 723 3542 preces
765 3470 1067 3527 sacerdotis
1118 3469 1663 3539 transﬁgurationem
1716 3468 2107 3538 plane‘credi-

533 3581 677 3631 mus,
744 3581 1066 3634 persuasmn
1119 3565 1380 3618 habentes
1455 3562 1637 3618 crucis
1694 3562 1848 3629 signo
1889 3569 1941 3614 et
1979 3557 2107 3629 Spi-

536 3658 671 3713 ritus
737 3657 912 3711 sancti
974 3655 1321 3710 invocatione
1373 3661 1427 3707 et
1485 3652 1670 3707 verbis
1730 3651 1962 3713 Domini.
1998 3651 2107 3705 Ac-

529 3749 712 3815 cipite,
752 3749 918 3811 edite,
974 3755 1026 3802 ct
1064 3747 1234 3801 bibite
1282 3759 1351 3799 ex
1412 3760 1477 3799 eo
1511 3759 1701 3800 omnes
1732 3754 1790 3799 et
1844 3742 2009 3797 iacile
2037 3740 2108 3796 ad

534 3856 710 3895 meam
745 3839 1327 3895 commemorationem
1358 3837 1620 3907 apostolis
1647 3850 1699 3891 et
1735 3851 1923 3912 eorum
1976 3816 2106 3888 suc-

527 3934 844 3988 cessoribus
900 3932 1215 3987 facultatem
1282 3944 1379 4001 per
1419 3944 1608 4000 preces
1654 3928 1915 3998 operandi
1961 3942 2111 3980 com-

530 4025 756 4079 missam
807 4022 997 4085 fuissc.
1042 4021 1255 4077 idcirco
1314 4022 1381 4076 ad
1430 4022 1646 4077 Patrem
1699 4033 2003 4076 conversus
2056 4025 2110 4073 et

531 4118 970 4171 incarnationem
1020 4115 1237 4185 hymnis
1276 4116 1565 4170 celebrans
1610 4111 1899 4175 sacerdos,
1934 4112 2111 4179 primo

531 4208 696 4263 Verba
724 4206 930 4261 Christi
977 4204 1159 4260 divina
1211 4206 1320 4261 alta
1384 4221 1514 4260 voce
1554 4203 1771 4275 repetit,
1815 4199 1960 4271 quod
2008 4213 2112 4254 suo

532 4300 709 4370 ipsius
741 4298 966 4354 nomine
1022 4305 1076 4351 et
1137 4306 1390 4353 nostrum
1450 4298 1695 4351 omnium
1767 4276 1925 4350 sacra
1981 4292 2113 4348 facit

531 4392 835 4448 secundum
913 4391 1250 4446 mandatum.
1335 4390 1415 4444 'l‘u
1469 4400 1694 4453 autem,
1773 4403 2108 4459 quaesumus,

479 4555 490 4563 .
535 4485 799 4557 Spiritum
827 4492 981 4539 tuum
1010 4494 1063 4539 et
1082 4484 1222 4539 dona
1256 4494 1345 4539 tua
1372 4483 1425 4537 in
1455 4496 1555 4537 nos
1581 4481 1819 4545 eﬂuude,
1852 4490 1905 4536 et
1935 4481 2112 4534 htecce

536 4579 589 4633 in
635 4591 835 4645 corpus
889 4586 944 4630 et
995 4577 1329 4646 sanguinem
1363 4573 1593 4637 Christi,
1653 4582 1713 4627 ut
1749 4573 1868 4639 ipse
1915 4572 2110 4633 voluit,

538 4683 588 4724 et
631 4670 839 4740 Spiritu
872 4679 1067 4724 sancto
1092 4668 1364 4725 mediante
1387 4665 1743 4720 transforma.
1778 4664 1903 4721 llaec
1923 4666 2115 4721 dicens

536 4763 792 4818 sacerdos
827 4762 1008 4817 crucis
1045 4762 1203 4830 signo
1232 4770 1314 4813 ter
1349 4741 1497 4812 facto
1547 4773 1751 4827 corpus
1799 4765 1856 4812 et
1889 4758 2116 4829 Sangui-

537 4870 658 4908 nem
692 4860 895 4909 factum
951 4868 1078 4909 esse
1123 4853 1299 4905 credit
1341 4864 1535 4916 panem
1576 4860 1630 4903 et
1672 4851 1920 4905 calicem.
1956 4850 2115 4905 Nunc

534 4956 717 5003 autem
789 4947 1046 5003 Christus
1113 4947 1187 5001 sit
1238 4957 1573 4999 consecratis
1627 4952 1682 4997 et
1738 4953 2111 5005 consecratus,

534 5041 770 5097 offerens
786 5051 839 5097 et
868 5041 1105 5101 oblatus,
1128 5036 1397 5092 exhibens
1415 5042 1579 5103 atque
1603 5034 1876 5089 exhibitus
1894 5036 2036 5092 Sit‘lll
2060 5038 2112 5090 in

528 5148 737 5201 magno
776 5134 1003 5202 legimus
1046 5130 1316 5183 Adventu.
1375 5123 1444 5179 Ut
1484 5138 1666 5180 autem
1729 5127 1931 5182 clarius
1999 5127 2116 5185 haec

539 5219 1335 5295 demonstrmuaueerdos
1376 5218 1519 5272 dona
1568 5234 1673 5273 non
1726 5218 1905 5274 crucis
1961 5219 2119 5288 signo

542 5316 724 5386 signat
780 5315 911 5367 dum
978 5308 1150 5373 dicit,
1205 5308 1470 5375 Accipite,
1525 5310 1690 5373 edite,
1728 5310 1894 5365 bibite
1933 5323 1999 5367 ex
2054 5323 2120 5363 eo

540 5422 758 5462 «niues.
786 5405 868 5458 Ad
904 5403 1117 5457 Patrem
1168 5402 1313 5458 enim
1350 5403 1483 5457 istas
1548 5417 1708 5457 voces
1739 5402 1948 5469 dirigit;
2001 5415 2122 5470 qua:

541 5501 707 5561 dona,
744 5505 882 5552 teste
917 5495 1145 5558 Basilio,
1194 5496 1434 5564 antitypa
1471 5506 1783 5557 evaserunt,
1819 5495 1908 5550 ubi
1938 5508 2120 5549 sacer-

543 5590 645 5643 dos
674 5600 794 5659 post
832 5590 981 5642 dona
1014 5588 1195 5641 oblata
1251 5588 1427 5644 dixit:
1478 5587 1594 5643 Tua
1630 5604 1697 5643 ex
1742 5586 1851 5641 tuis
1897 5594 1969 5639 eL
1998 5583 2121 5653 Spi-

546 5692 635 5735 tus
686 5682 861 5736 s-incti
934 5680 1165 5750 gratiam
1249 5682 1545 5745 invocavit,
1614 5695 1779 5749 quant
1834 5678 2123 5732 advenisse

542 5773 719 5827 credit
745 5783 868 5844 post
923 5788 1131 5843 preces.
1215 5774 1355 5832 Tum
1405 5776 1554 5831 dona
1602 5770 1788 5828 crucis
1829 5772 1987 5840 signo
2037 5771 2118 5826 si-

1434 5953 1465 5985 ο

2213 3308 2346 3361 στην
2378 3291 2738 3361 ἁγιαζόμενα,
2770 3290 2879 3344 τῶν
2910 3292 3104 3359 ἱερέων
3127 3290 3223 3361 τὴν
3258 3291 3412 3360 ἰσχὺν
3433 3287 3788 3356 κεκτημένων

2210 3387 2321 3440 ἀπὸ
2373 3386 2470 3440 τοῦ
2519 3386 2917 3456 βαπτισθέντος
2970 3389 3030 3440 ὲν
3084 3386 3259 3451 ὕδατι,
3321 3387 3411 3439 ὅτε
3467 3385 3528 3439 τὸ
3562 3383 3786 3451 Πνεῦμα

2210 3477 2468 3544 κατῆλθε,
2505 3479 2602 3530 καὶ
2646 3475 2737 3529 τὸν
2773 3472 3223 3547 χειροτονηθέντα
3258 3476 3521 3547 ἀρχιερέα
3551 3473 3584 3549 ἢ
3631 3475 3783 3543 ἱερέα

2208 3569 2477 3640 δεχόμεθα
2529 3568 2639 3623 ἀπὸ
2696 3569 2806 3621 τῶν
2852 3570 3143 3638 ίερατικῶν
3191 3568 3365 3639 εὐχῶν
3413 3569 3507 3620 καὶ
3554 3567 3652 3635 τῆς
3688 3565 3786 3618 τοῦ

2211 3660 2532 3730 Πνεῦματος
2560 3662 2927 3731 ἐπικλήσεως,
2957 3662 3102 3731 ἆπερ
3129 3661 3419 3714 πλουτοῦσι
3439 3659 3537 3730 τὴν
3557 3658 3819 3726 δύναμιν.

2210 3753 2318 3806 ἀπὸ
2347 3752 2444 3820 τῆς
2473 3754 2533 3805 ἔν
2554 3753 2682 3806 εῖδει
2713 3753 2957 3823 πυρίνων
2983 3753 3267 3822 γλωσσῶν,
3288 3752 3362 3814 ὡς
3382 3751 3705 3820 είρήκαμεν,
3732 3751 3789 3802 ἐν

2211 3847 2326 3908 τοῖς
2356 3843 2678 3908 ἀποστόλοις
2714 3843 2984 3913 ἐλθούσης
3029 3844 3127 3897 τοῦ
3182 3843 3541 3912 Παρακλήτου
3584 3838 3788 3911 δωρεᾶς

2212 3957 2271 3993 τε
2303 3939 2400 3993 καὶ
2430 3941 2683 4010 χάριτος,
2716 3937 2862 3991 οὐτω
2893 3939 2990 3991 καὶ
3015 3937 3076 3991 τὸ
3105 3935 3359 4003 γενέσθαι
3388 3938 3482 3990 τὸν
3506 3936 3669 4005 ἄρτον
3696 3936 3786 3987 καὶ

2158 4092 2161 4095 _
2211 4031 2272 4085 τὸ
2308 4033 2577 4101 ποτήριον
2608 4028 2772 4099 σῶμα
2795 4032 2891 4083 καὶ
2913 4026 3056 4099 αἷμα
3080 4029 3343 4100 Χριστοῦ,
3368 4029 3476 4082 ἀπὺ
3510 4029 3616 4080 τῶν
3639 4028 3788 4095 ἱερα-

2212 4124 2379 4177 τικῶν
2436 4121 2772 4191 πιστεύομεν
2819 4123 3010 4190 σαφῶς
3068 4119 3413 4187 ἐνεργεῖσθαι
3454 4118 3651 4189 εὐχῶν,
3695 4118 3784 4170 καὶ

2172 4256 2175 4257 ν
2213 4213 2551 4268 τελειοῦσθαι
2589 4215 2657 4282 τῇ
2708 4212 2804 4266 τοῦ
2854 4212 3092 4282 σταυροῦ
3131 4212 3413 4280 σφραγῖδι,
3450 4211 3543 4263 καὶ
3568 4212 3635 4279 τῇ
3669 4210 3788 4260 ἐπιε-

2215 4307 2407 4375 κλήσει
2438 4304 2531 4359 τοῦ
2567 4306 2723 4373 ἁγίου
2747 4306 3090 4375 Πνεῦματος,
3116 4303 3224 4357 τῶν
3251 4302 3548 4373 Κυριακῶν
3574 4299 3786 4370 φωνῶν.

2216 4395 2299 4459 τὸ,
2333 4395 2560 4460 Λάϐετε,
2587 4396 2818 4463 φάγετε,
2842 4396 2936 4449 καὶ
2966 4395 3122 4448 πίετε
3148 4393 3205 4459 ἐξ
3243 4391 3407 4446 αὐτοῦ
3433 4394 3649 4455 πάντες,
3678 4407 3787 4454 και,

2140 4486 2391 4570 Ι)Τοῦτο
2439 4488 2648 4541 ποιεῖτε
2695 4489 2778 4550 εἰς
2806 4488 2908 4556 τὴν
2961 4487 3102 4570 ἐμήν
3151 4484 3480 4553 ἀνάμνησιν,
3512 4484 3623 4546 τοῖς
3661 4482 3796 4535 ἀπο-

2220 4579 2431 4641 στόλοις
2460 4580 2559 4632 καὶ
2607 4581 2721 4642 τοῖς
2750 4580 2850 4649 τῆς
2879 4578 3105 4647 χάριτος
3135 4576 3318 4630 αὐτῶν
3359 4576 3621 4645 διαδόχοις
3649 4573 3797 4638 ἅπαξ

2218 4668 2378 4724 τοῦτο
2406 4670 2834 4742 παρασχουσῶν,
2882 4668 3147 4722 δύνασθαι
3174 4668 3264 4722 διὰ
3297 4667 3405 4721 τῶν
3439 4666 3618 4737 εὐχῶν
3646 4667 3801 4735 ἐνερ-

2219 4765 2357 4829 γεῖν.
2407 4761 2498 4815 Διὸ
2533 4764 2628 4816 καὶ
2673 4763 2810 4832 πρὸς
2848 4762 2942 4815 τὸν
2977 4762 3197 4831 Πατέρα
3227 4758 3669 4828 ἐκδιηγούμενος,
3703 4758 3795 4809 καὶ

2218 4853 2477 4922 ἅνυμνῶν
2502 4854 2573 4907 τὰ
2604 4854 2705 4923 τῆς
2752 4853 3065 4922 οἰκονομίας
3117 4852 3147 4904 6
3203 4849 3404 4921 ἱερεὺς,
3447 4847 3663 4920 πρῶτον
3695 4862 3805 4916 μεν

2218 4948 2318 5010 τὰς
2348 4945 2444 4999 τοῦ
2495 4944 2735 5016 Χριστοῦ
2790 4945 2942 5007 θείας
2996 4942 3298 5015 ἁνακράζει
3335 4940 3541 5009 φωνάς,
3588 4939 3684 4991 καὶ
3716 4938 3799 4991 ὅτι

2222 5042 2383 5095 τοῦτο
2420 5040 2584 5102 αὐτὸς
2623 5039 2932 5108 παρέδωκε,
2969 5038 3065 5091 καὶ
3113 5037 3196 5089 ὅτι
3228 5034 3329 5088 Διὰ
3374 5033 3534 5087 τοῦτο
3563 5031 3810 5102 προσφές.

2227 5133 2395 5204 ρομέν
2427 5146 2511 5185 σοι
2557 5131 2732 5185 ταῦτα
2778 5130 2919 5201 ὑπὲρ
2964 5129 3246 5192 ἁπάντων,
3299 5130 3439 5182 κατὰ
3489 5126 3588 5198 τὴν
3631 5123 3797 5179 αὐτοῦ

2224 5225 2468 5294 ἐντολὴν,
2530 5224 2717 5279 λοιπὸν
2768 5221 3009 5291 δεόμεθά
3037 5238 3154 5283 σου,
3200 5221 3273 5274 σὺ
3311 5220 3375 5273 τὸ
3434 5217 3658 5287 Πνεῦμά
3700 5231 3797 5269 σου

2224 5316 2613 5382 ἐξαπόστειλον
2649 5316 2729 5379 εἰς
2764 5315 2865 5384 ἐμέ
2911 5332 2972 5367 τε
3017 5314 3108 5367 καὶ
3145 5314 3212 5365 τὰ
3248 5312 3586 5382 προκείμενα
3629 5308 3795 5376 δῶρα.

2223 5412 2336 5465 Καὶ
2359 5408 2586 5478 ποίησον
2613 5407 2788 5461 ταῦτα
2818 5406 2980 5471 σῶμα
3013 5406 3112 5459 καὶ
3155 5399 3294 5475 αἷμα
3325 5402 3511 5468 αὐτοῦ,
3544 5401 3639 5475 ὡς.
3659 5400 3797 5453 ἐκεῖ·

2225 5512 2316 5559 νος
2350 5495 2478 5565 ἔφη,
2510 5495 2831 5564 μεταϐαλὼν
2851 5493 2927 5565 τῷ
2961 5495 3101 5564 ἁγίῳ
3132 5511 3227 5547 σου
3264 5492 3562 5560 Πνεῦματι.
3603 5488 3798 5542 Kal.»

2225 5589 2304 5657 τῷ
2332 5588 2535 5655 λέγειν,
2572 5586 2891 5658 σφραγίζει.
2923 5586 3027 5640 Καὶ
3059 5587 3183 5655 τρὶς
3217 5585 3544 5654 σφραγίσας,
3580 5580 3711 5634 αὐτὸ
3733 5579 3798 5633 τὸ

2227 5680 2388 5746 σῶμα
2421 5681 2513 5733 καὶ
2556 5675 2695 5748 αἷμα
2756 5677 3003 5745 πιστεύει
3051 5671 3205 5730 ἐἶναι
3234 5679 3263 5731 ὁ
3290 5675 3467 5746 ἱερεὺς
3509 5673 3603 5726 τὸν
3634 5673 3798 5743 ἄρτον

2228 5773 2316 5826 καλ
2360 5772 2421 5825 τὸ
2445 5772 2729 5843 ποτήριον,
2768 5770 2891 5824 ἐπεὶ
2920 5770 3013 5824 καὶ
3042 5770 3205 5833 αὐτός
3234 5771 3352 5824 ἐστι
3384 5766 3617 5839 Χριστος
3643 5766 3673 5819 ὀ
3706 5763 3799 5819 διὰ
