4056 6424
281 377 385 440 7.›7

1279 389 1705 451 EXPOSITIO
1748 389 1844 451 DE
1894 392 2166 453 DIVINO
2209 395 2531 462 TEMPLO.

3445 408 3548 471 733

281 495 374 550 τοῦ
429 493 620 563 ἱερέως
654 499 894 568 ἐνεργῶν
929 500 1044 569 ἃμα
1084 502 1160 571 τῷ
1199 505 1373 574 Πατρὶ
1416 505 1510 558 κοιὶ
1558 504 1637 573 τῷ
1685 506 1854 559 Πνεῦ-

1966 517 2094 572 ςιιιιιι
2124 519 2174 563 et
2220 527 2451 581 surgens
2494 514 2637 567 dona
2700 516 2881 570 dit-ina
2926 529 3212 574 consecrat
3269 522 3547 580 dicendo:

284 603 436 656 ματι,
469 586 562 639 καὶ
581 587 747 650 αὐτός
776 591 924 642 ἐστιν
954 593 984 644 6
1013 593 1340 663 προσφέρων
1362 597 1455 648 καὶ
1479 600 1865 666 προσφερόμεο

286 696 404 744 νος,
432 679 527 732 καὶ
565 679 868 750 ἱερουργῶν
913 677 1016 736 ’καὶ
1049 681 1520 756 ἱερουργούμενος,
1557 691 1652 743 καὶ
1698 708 1866 761 προσ-

277 767 591 838 δεχόμενος,
622 771 716 823 καὶ
762 770 1149 841 διαδιδόμενος,
1188 776 1262 839 ὡς
1296 779 1388 831 καὶ
1420 781 1476 830 ἐν
1509 782 1572 848 τῇ
1629 781 1729 847 τῆς
1765 797 1864 848 με-

279 861 454 931 γάλης
484 863 691 915 εξσόδου
733 863 892 917 τοῦτο
937 865 1171 936 λέγομεν
1223 871 1493 942 ἱερωτάτη
1547 873 1706 941 εὐχῇ.
1757 873 1866 926 Καὶ

280 955 369 1007 ἵνα
405 956 742 1025 σαφέστερον
789 960 950 1012 τοῦτο
983 961 1498 1032 παραδηλὼσωμεν,
1533 965 1656 1016 οὐδὲ
1692 981 1867 1032 σφρα-

276 1047 418 1115 γίζει
441 1051 506 1100 τὰ
532 1047 680 1116 δῶρα
703 1052 730 1101 6
755 1051 956 1116 ἱερεὺς,
984 1055 1041 1104 ἐν
1060 1053 1138 1120 τῷ
1159 1055 1358 1117 λέγειν,
1385 1055 1615 1120 Λάϐετε,
1640 1057 1862 1123 φάγετε,

277 1142 374 1192 καὶ
430 1141 581 1192 πῖετε
641 1141 699 1204 ἐξ
750 1144 918 1194 αὐτοῦ
961 1146 1157 1207 πάντες
1240 1147 1598 1214 διηγούμενος
1651 1148 1760 1218 γὰρ
1789 1148 1864 1209 ὡς

277 1230 509 1300 ἔφημεν,
549 1230 750 1294 ταύτας
787 1233 933 1300 λέγει
970 1236 1105 1303 πρὸς
1138 1239 1229 1289 τὸν
1268 1239 1485 1308 Πατέρα
1520 1239 1618 1302 τὰς
1657 1241 1858 1306 φωνὰτ,

277 1323 401 1375 ἐπεὶ
453 1322 548 1375 καὶ
606 1325 744 1392 μετὰ
784 1325 992 1389 ταύτας
1045 1329 1313 1382 ἀντίτυπα
1361 1331 1428 1382 τὰ
1499 1331 1648 1400 δῶρα
1698 1331 1862 1401 φησὶν

278 1415 308 1466 6
347 1416 522 1483 μέγας
559 1415 865 1481 Βασίλειος.
913 1418 1077 1472 Ἀλλὰ
1128 1421 1264 1490 μετὰ
1307 1422 1368 1473 τὸ
1398 1425 1769 1492 προσαγαγεῖν
1795 1426 1862 1477 τὰ

274 1507 446 1577 δῶρα,
481 1511 575 1562 καὶ
605 1511 803 1573 εἰπεῖν,
839 1511 920 1565 Τὰ
960 1514 1026 1564 σὰ
1058 1515 1121 1565 ὲκ
1164 1515 1274 1566 τῶν
1316 1515 1445 1577 σῶν,
1483 1517 1578 1568 καὶ
1609 1517 1862 1568 ἐπικαλέ-

278 1601 478 1653 σασθαι
505 1603 604 1671 τὴν
625 1605 788 1673 χάριν
812 1603 906 1656 τοῦ
940 1606 1276 1675 Πνεῦματος,
1324 1610 1446 1660 τότε
1478 1610 1588 1678 γὰρ
1613 1613 1861 1663 πιστεύει

279 1696 537 1764 παρεῖναι
572 1696 775 1765 ταύτην
809 1699 895 1751 διὰ
922 1691 1022 1763 τῆς
1059 1702 1343 1770 ἱερατικῆς
1393 1703 1582 1773 εὐχῆς,
1625 1706 1860 1767 ἀναστὰς

276 1787 571 1854 σφραγίζει
600 1787 667 1840 τὰ
700 1789 817 1841 θεῖα
847 1791 1014 1858 δῶρα,
1057 1795 1153 1844 καὶ
1196 1795 1433 1864 εἰρηκὼς
1471 1800 1584 1861 xc",
1623 1797 1858 1865 Ποίητον

273 1879 367 1932 τὸν
399 1880 499 1947 μὲν
550 1880 716 1950 ἄρτον
772 1882 965 1936 τοῦτον
1014 1885 1194 1952 τίμιον
1241 1881 1399 1954 σῶμα
1451 1889 1545 1939 τοῦ
1617 1889 1854 1957 Χριστοῦ

274 1987 369 2022 σου
407 1987 421 2001 ο
455 1971 551 2024 καὶ
587 1974 897 2040 σφραγίσας
926 1975 1018 2027 τὸν
1049 1978 1232 2044 ἄρτον,
1271 1979 1385 2030 Τὸο
1409 1979 1464 2031 δὲ
1501 1982 1558 2032 ἐν
1586 1981 1661 2049 τῷ
1690 1999 1855 2051 ποτη-

274 2063 376 2131 ρέῳ
403 2062 586 2129 τίμιον
623 2057 761 2130 αἷμα
792 2066 883 2118 τοῦ
917 2066 1155 2134 Χριστοῦ
1191 2085 1306 2129 σου,
1350 2069 1444 2122 καὶ
1480 2073 1540 2122 rb
1593 2074 1855 2142 ποτήριον

274 2155 610 2220 σφραγίσας,
642 2157 827 2224 τρίτον
853 2158 907 2209 δὲ
950 2160 1042 2211 καὶ
1073 2160 1361 2230 ἀμφότερα
1399 2164 1729 2231 σφραγίσας,
1759 2165 1855 2217 καὶ

271 2245 531 2310 ἀνειπὼν,
588 2248 928 2300 Μεταὸαλὼν
976 2251 1053 2318 τῷ
1105 2253 1385 2321 Πνεῦματὶ
1444 2271 1537 2307 σου
1580 2254 1657 2323 τῷ
1689 2257 1852 2326 ᾁγέῳ,

269 2337 333 2389 τὸ
368 2339 540 2408 Ἀμὴν
567 2340 830 2406 ἐπιὶέγει,
861 2341 1098 2410 βεϐαιῶν
1145 2346 1204 2395 τὸ
1238 2349 1558 2415 μυστήριον,
1593 2348 1685 2400 καὶ
1717 2350 1852 2418 θαρο

274 2429 513 2498 ροὗντως
539 2432 836 2499 ὁμολογῶν,
873 2433 946 2495 ὡς
984 2434 1141 2501 σῶμα
1175 2437 1266 2488 καὶ
1317 2430 1454 2501 αἷμα
1502 2437 1572 2489 ait
1625 2439 1850 2506 προκεί-

275 2523 416 2589 μενὰ
469 2525 579 2574 εἰσι
611 2524 704 2574 τοῦ
737 2525 999 2591 Χριστοῦ,
1036 2529 1101 2594 τῇ
1142 2526 1307 2578 αὐτοῦ
1354 2528 1587 2597 δυνάμει
1619 2530 1713 2582 καὶ
1757 2528 1850 2581 τοῦ

275 2613 485 2677 Harp-6;
517 2617 609 2666 καὶ
653 2616 744 2668 τεῦ
797 2617 1137 2686 Πνεῦμστος,
1194 2620 1288 2672 καὶ
1318 2620 1475 2672 οὐδὲν
1513 2620 1852 2686 ἀνθρώπινον

275 2707 473 2762 ἐκεῖσε.
526 2706 666 2767 ἀλὶα
714 2708 892 2760 πάντα
945 2709 1066 2778 θείᾳ
1113 2712 1328 2777 γίνεται
1377 2713 1584 2781 χάριτι.
1635 2714 1725 2764 Διὸ
1763 2715 1851 2764 καὶ

274 2798 298 2849 5
333 2797 625 2865 προσάγων
672 2803 1212 2871 κεχειροτονημένος,
1248 2803 1341 2854 καὶ
1369 2804 1427 2856 τὸ
1462 2804 1851 2872 θυσιαστήριον

274 2891 360 2958 ἐφ’
389 2884 432 2956 ᾧ
463 2891 529 2944 τὰ
560 2890 728 2958 δῶρα,
764 2893 1122 2962 ἡγιασμένον,
1162 2895 1258 2946 καὶ
1289 2895 1458 2964 χωρὶς
1503 2894 1731 2956 τούτων,
1760 2913 1850 2948 τεο

275 2985 444 3036 λείται
470 2984 644 3038 οὐδέν.
686 2984 950 3053 Θεμέλιος
989 2986 1092 3054 μὲν
1125 2987 1220 3039 οῦν
1248 2989 1364 3039 ἐστι
1405 2990 1502 3056 τῆς
1539 2989 1849 3058 ἱερουργίας

277 3077 337 3127 τὰ
366 3077 462 3128 τοῦ
491 3076 718 3146 κυρίου,
756 3076 829 3138 ὡς
876 3078 1106 3146 ἔφημεν,
1145 3079 1364 3148 ῥήματα
1397 3080 1452 3142 ἐξ
1476 3079 1674 3150 ἀρχῆς,
1705 3082 1853 3148 ἐνερ-

275 3169 360 3233 γεῖ
388 3165 444 3218 δὲ
480 3167 570 3220 διὰ
595 3166 704 3218 τῶν
727 3168 821 3219 τοῦ
861 3167 1053 3236 ἱερέως
1093 3167 1292 3237 εὐχῶν.
1323 3170 1486 3220 Ὥστε
1511 3171 1611 3222 οὐκ
1635 3170 1852 3238 ἅνθρω-

273 3260 373 3320 πός
409 3261 555 3312 ἐστιν
585 3262 612 3312 6
644 3261 905 3327 ἐνεργῶν,
961 3261 1094 3312 καθὸ
1124 3261 1414 3330 ἄνθρωπος
1445 3263 1472 3313 6
1503 3263 1701 3331 ἱερεὺς,
1738 3262 1852 3314 ἀλλ’

272 3354 298 3403 6
335 3351 569 3420 Χριστὸς
602 3354 659 3404 ἐν
711 3353 852 3422 ἁγίῳ
905 3352 1208 3420 Πνεῦματι,
1261 3353 1348 3405 διὰ
1406 3353 1504 3422 τῆς
1551 3353 1852 3424 ἱερωσύνης

276 3446 380 3498 τῶν
417 3447 623 3514 ἱερέων.
680 3448 786 3498 Καὶ
825 3446 1014 3515 ὥσπερ
1065 3447 1210 3512 ἅπαξ
1253 3446 1356 3515 ἔφη
1406 3447 1558 3512 Θεὸς,
1613 3449 1853 3515 Ιςλαστη-

273 3539 480 3607 σὰτωὴ
511 3538 605 3608 γῆ,
643 3539 738 3591 καὶ
769 3539 991 3608 ἐνεργόν
1023 3541 1138 3591 ἐστι
1165 3539 1224 3591 τὸ
1261 3541 1411 3606 ῥῆμα
1457 3540 1551 3592 καὶ
1587 3540 1672 3592 ἀεὶ
1697 3539 1848 3606 φλα-

271 3629 458 3681 στὰνει
489 3631 520 3697 ἡ
548 3629 640 3695 γῆ,
669 3630 786 3689 καὶ,
842 3628 1132 3698 Γενηθήτω
1175 3627 1308 3696 φῶς,
1347 3629 1438 3680 καὶ
1466 3627 1552 3680 ἀεὶ
1586 3627 1766 3693 φαίνει
1792 3625 1852 3679 τὸ

270 3723 409 3789 φῶς,
466 3720 641 3780 οὕτω,
677 3721 846 3773 Τοῦτο
897 3723 1124 3785 ποιεῖτε,
1178 3720 1373 3786 εἰπὼν,
1439 3723 1519 3783 εἱς
1555 3721 1654 3787 τὴν
1711 3719 1851 3787 ἐμὴν

273 3815 602 3881 ἀνάμνησιν,
633 3813 718 3864 ἀεὶ
745 3814 959 3881 ἐνεργεί
981 3812 1070 3864 διὰ
1103 3812 1216 3865 τῶν
1244 3812 1433 3880 ἱερέων
1468 3811 1638 3864 αὐτοῦ
1664 3812 1721 3863 τὸ
1755 3812 1850 3879 ρῆ-

264 3921 368 3973 μα.
390 3906 480 3957 Δι>ι
510 3904 602 3957 καὶ
624 3904 702 3967 τὸ,
732 3902 962 3969 Ποίησον
996 3904 1088 3955 τὸν
1116 3902 1280 3972 ἄρτον
1299 3900 1484 3953 τοῦτον
1507 3901 1668 3969 287
1691 3901 1851 3966 σῶμα

271 3996 534 4066 Χριστοῦ,
569 3998 794 4067 ἐνεργὸν
817 3997 905 4049 διὰ
936 3996 1043 4048 τῶν
1082 3995 1272 4060 ἱερέων
1309 3993 1444 4057 ἐστὶ,
1471 3996 1563 4045 καὶ
1587 3994 1672 4045 διὰ
1694 3991 1851 4045 τοῦτο

272 4091 482 4159 μᾶλλον
513 4088 740 4160 ἀλήθεια
777 4091 870 4140 καὶ
904 4089 964 4140 οὐ
998 4089 1188 4150 τύπος,
1230 4085 1391 4154 σῶμα
1420 4087 1515 4138 καὶ
1551 4081 1688 4154 αἷμα
1716 4087 1850 4153 Χρι-

269 4184 400 4238 στοῦ
430 4185 497 4238 τὰ
531 4182 966 4253 ἱερουργούμενά
1016 4183 1178 4238 εἰσιν.
1233 4181 1316 4233 ὅτι.
1364 4181 1528 4242 αὐτός
1578 4181 1748 4243 ἐστιν,
1776 4179 1849 4241 ὡς

268 4279 622 4349 προείρηται,
655 4278 680 4328 6
723 4275 808 4328 διὰ
852 4275 959 4326 τῶν
1000 4275 1193 4343 ἱερέων
1228 4273 1494 4344 ἐνεργῶν.
1533 4274 1642 4326 Καὶ
1691 4271 1851 4324 τοῦτο

265 4371 441 4431 οὕτως
476 4369 637 4430 αὐτὶς
680 4365 965 4435 παρέδωκε
1013 4365 1287 4431 γίνεσθαι,
1319 4367 1380 4417 τὸ
1409 4365 1497 4418 διὰ
1531 4365 1638 4417 τῶν
1673 4365 1850 4434 εὐχῶν

265 4463 597 4528 ἱ-·ρουργεῖν.
653 4459 852 4512 Ἐλαϐε
903 4459 1011 4530 γὰρ
1063 4457 1153 4511 τὸν
1200 4459 1402 4528 ἄρτον,
1459 4458 1554 4510 καὶ
1631 4460 1710 4520 εἰς
1759 4459 1850 4512 τὸν

1895 1854 1932 1907 Β

265 4551 812 4621 ο-ὶ-ρανὺν-ἀνὲϐλεψε,
871 4549 1014 4602 καθὰ
1047 4550 1378 4616 γέγραπται,
1418 4550 1510 4602 καὶ
1561 4549 1639 4616 τῷ
1671 4549 1847 4617 Πατρὶ
1881 4548 1924 4602 D

265 4644 696 4712 εὐχαριστήσας,
752 4642 951 4694 ἐκλασε
1005 4643 1100 4694 καὶ
1153 4641 1322 4694 ἔδωκε
1375 4643 1488 4702 τοῖς
1539 4641 1850 4711 μαθηταῖς.

265 4736 464 4801 λέγων,
489 4735 721 4798 Λάϐετε,
753 4735 978 4803 φάγετε,
1011 4735 1125 4798 καὶ,
1153 4735 1316 4785 "ista
1349 4730 1408 4797 ἐξ
1434 4731 1623 4794 αὐτοῦ,
1665 4733 1759 4784 καὶ
1786 4730 1852 4784 τὰ

266 4830 431 4880 λοιπᾶ
466 4828 692 4894 ὁμοὶως,
729 4827 872 4879 ὥστε
909 4828 1000 4878 καὶ
1037 4825 1374 4886 αὐτὸς-αὑτὰ
1414 4824 1502 4877 διὰ
1535 4823 1642 4876 τῶν
1676 4823 1853 4892 εὐχῶν

250 4919 627 4988 ..ιερούργησεν
657 4918 719 4971 οὐ
744 4916 936 4987 χρείαν
971 4917 1111 4986 ἔχων
1151 4916 1350 4986 εὐχῶν,
1389 4916 1519 4978 Θεὸς
1553 4913 1627 4968 ὢν
1657 4933 1854 4968 παντο-

265 5015 528 5082 δύναμος,
567 5014 686 5066 ἀλλ’
717 5015 780 5066 ἐκ
831 5013 1023 5066 τούτου
1070 5011 1304 5073 δεικνὺς,
1339 5013 1420 5065 ὅτι
1479 5012 1576 5079 μία
1621 5011 1852 5079 δύναμις

269 5108 366 5173 τῆς
399 5107 650 5174 Τριαδος,
683 5106 776 5157 καὶ
809 5105 866 5156 ἐν
893 5104 972 5172 τῷ
1021 5104 1184 5156 αὐτὸν
1226 5103 1575 5172 αὐτουργεῖν,
1628 5104 1724 5155 καὶ
1761 5103 1851 5154 τὸν

265 5199 492 5268 Πατέρα
550 5196 978 5250 συνευδοκοῦντα
1038 5196 1177 5265 ἔχει,
1231 5197 1328 5248 καὶ
1385 5196 1444 5248 τὸ
1507 5194 1729 5264 Πνεῦμα
1771 5189 1850 5246 ’τδ

263 5291 424 5353 ἅγιον
454 5287 738 5356 συνεργὸν,
775 5287 922 5340 καθὰ
967 5286 1058 5338 καὶ
1089 5287 1147 5337 ὲν
1178 5289 1244 5356 τῇ
1275 5285 1443 5340 αὐτοῦ
1474 5287 1594 5355 θείᾳ
1627 5284 1846 5353 σαρκώ-

263 5398 353 5435 σει
382 5380 622 5447 γέγονεν.
663 5379 840 5440 Αὐτὸς
877 5378 976 5447 μὲν
1017 5380 1127 5447 γὰρ
1177 5375 1246 5449 ἦν
1281 5379 1442 5448 μόνος
1475 5380 1504 5431 ὁ
1532 5379 1851 5448 Μονογενὴς

263 5472 604 5540 σαρκωθεὶς,
643 5470 778 5524 ἀλλᾶ
853 5473 950 5525 καὶ
1005 5474 1032 5524 6
1091 5469 1280 5539 Πατὴρ
1329 5471 1612 5539 εὐδόκησε.
1655 5471 1750 5523 καὶ
1788 5469 1848 5524 τὸ

266 5564 494 5634 Πνεῦμα
527 5563 583 5618 δὲ
605 5565 672 5634 τῇ
705 5563 981 5632 σαρκώσει
1015 5564 1382 5633 συνήργησεν,
1407 5563 1483 5626 ὡς
1517 5563 1614 5616 καὶ
1646 5563 1678 5633 ή
1709 5563 1848 5629 πρὸς

269 5660 362 5725 τὴν
387 5657 660 5727 Παρθένον
696 5657 941 5711 διδάσκει
987 5655 1084 5708 τοῦ
1116 5657 1460 5724 ἀρχαγγέλου
1499 5655 1675 5722 φωνὴ,
1721 5657 1847 5709 ἐπεὶ

263 5752 361 5806 καὶ
391 5749 490 5819 μία.
532 5751 566 5822 ή
612 5749 711 5818 τῆς
741 5748 973 5820 Τριάδος
1001 5748 1237 5817 δύναμις
1272 5749 1367 5801 καὶ
1415 5749 1691 5816 ἐνέργεια,
1748 5751 1845 5802 καὶ

259 5843 416 5901 οὐδὲν
442 5845 576 5910 ὅπερ
601 5845 630 5897 6
660 5843 787 5908 Υἱὸς
827 5841 1133 5911 σαρκωθεὶς
1177 5843 1556 5909 ἐκτετέλεκεν,
1586 5843 1667 5906 εἰς
1695 5842 1722 5895 ὃ
1761 5845 1837 5914 μὴ

1971 597 2080 652 Fac
2129 616 2318 664 panem
2373 605 2517 658 hunc
2576 622 2782 675 corpus
2837 609 3040 664 Christi
3094 613 3412 680 pretiosum.
3443 614 3545 670 Ubi

1967 691 2166 749 deinde
2202 709 2395 760 panem
2429 706 2480 749 et
2534 697 2584 750 in
2617 699 2787 753 calice
2852 703 3152 770 pretiosum
3201 715 3354 757 tuum
3406 723 3536 760 san-

1969 783 2188 851 guinem
2227 785 2426 840 iterum
2465 787 2772 858 iterumque
2797 793 3180 858 sanctiﬁcavit,
3205 805 3253 849 et
3281 797 3544 866 Spiritum

1968 883 2220 928 sanctum
2255 876 2549 944 invocavit,
2586 878 2753 936 Amen
2789 883 2997 951 adjicit,
3038 889 3355 958 mysterium
3414 905 3547 943 con-

1969 964 2258 1029 firmando,
2307 977 2362 1022 et
2407 970 2634 1025 firmiter
2693 975 3018 1040 pronuntiat
3075 978 3221 1046 quod
3255 994 3456 1049 corpus
3491 988 3545 1033 et

1970 1060 2200 1127 sanguis
2233 1060 2438 1114 Christi
2479 1073 2676 1132 prmsto
2712 1080 2838 1122 sunt
2871 1085 2963 1138 per
2995 1069 3167 1134 ipsius
3197 1086 3260 1124 ac
3283 1070 3462 1125 Patris
3494 1081 3547 1125 et

1968 1149 2207 1217 Spiritus
2237 1155 2410 1206 sancti
2445 1159 2859 1224 operationem;
2900 1161 3144 1230 nihilque
3176 1163 3401 1216 humani
3459 1164 3545 1216 in-

1969 1243 2218 1306 tercedit,
2252 1248 2433 1299 omnia
2480 1257 2662 1302 autem
2708 1251 2891 1305 divina
2933 1255 3117 1323 gratia.
3145 1265 3361 1323 peracta
3396 1265 3543 1311 sunt.

1966 1332 2180 1388 Idcirco
2234 1352 2450 1406 quoque
2506 1337 2744 1397 offerens
2807 1346 3066 1399 sacerdos
3112 1357 3362 1411 sanctus,
3417 1363 3545 1402 san-

1964 1437 2223 1495 ctumque.
2274 1429 2442 1484 altare
2473 1432 2526 1485 in
2572 1449 2682 1497 quo
2716 1439 2858 1488 sacri
2875 1437 3054 1490 licium
3083 1440 3384 1508 perficitur,
3425 1442 3544 1496 sine

1964 1521 2162 1583 utribus
2213 1519 2424 1575 duobus
2485 1539 2645 1578 sacra
2702 1526 2847 1579 nulla
2921 1529 3074 1582 ﬁunt.
3151 1529 3317 1598 Igitur
3364 1533 3545 1587 missae

1965 1608 2379 1664 fnrulamontnm
2429 1613 2640 1668 Domini
2672 1619 2832 1670 verba
2869 1628 2991 1672 sunt
3027 1621 3078 1672 in
3125 1635 3280 1674 omna
3331 1623 3542 1690 prolata

1965 1711 2018 1756 et
2052 1720 2148 1772 per
2177 1721 2366 1772 preces
2402 1709 2705 1762 sacerdotis
2765 1712 3068 1778 operantia.
3097 1711 3278 1778 Quare
3307 1730 3544 1780 operaus

1966 1800 2218 1850 Sacerdos
2251 1814 2360 1850 non
2393 1809 2452 1852 ut
2495 1800 2680 1865 homo,
2741 1803 2834 1856 sed
2884 1811 2942 1857 ut
2989 1804 3242 1859 Christus
3307 1809 3360 1859 in
3416 1805 3543 1875 Spi-

1961 1888 2068 1941 ritu
2101 1900 2295 1942 sancto
2333 1902 2592 1958 operatur
2633 1909 2725 1960 per
2757 1896 3154 1950 sacerdotalem
3189 1897 3539 1966 dignitatem.

1957 1978 2023 2032 Et
2079 1981 2221 2035 sicut
2268 1982 2413 2037 Deus
2466 1985 2634 2037 semel
2689 1985 2864 2042 dixit:
2952 1986 3233 2042 Germinet
3285 1998 3454 2051 terra,
3491 2000 3583 2044 et.

1957 2088 2103 2129 terra
2162 2075 2458 2129 secundum
2521 2077 2760 2129 divinam
2819 2078 3159 2133 voluntatem
3223 2081 3542 2148 germinare

1961 2168 2101 2220 haud
2135 2169 2337 2221 desinit
2366 2184 2380 2233 ;
2420 2181 2471 2221 et
2503 2167 2622 2222 Fiat
2651 2170 2764 2230 lux,
2792 2178 2845 2223 et
2878 2171 2968 2223 lux
3005 2186 3222 2238 semper
3262 2174 3431 2236 lucet,
3464 2177 3546 2229 sic

1959 2258 2089 2311 illud
2115 2277 2130 2312 :
2163 2258 2272 2311 lloc
2299 2259 2459 2313 facile
2485 2261 2536 2312 in
2569 2275 2737 2313 meam
2769 2263 3377 2328 commemorationem,
3405 2281 3548 2321 sem-

1963 2367 2060 2421 per
2089 2352 2144 2404 in
2199 2353 2498 2406 sacerdotis
2535 2368 2631 2406 ore
2668 2353 2831 2422 viget.
2875 2355 3012 2410 llinc
3055 2356 3224 2410 illud:
3280 2358 3389 2412 Fac
3447 2373 3544 2427 pa-

1956 2461 2079 2497 nem
2115 2445 2260 2497 hunc
2292 2459 2492 2513 corpus
2556 2443 2784 2510 Christi,
2839 2447 2894 2500 iu
2951 2456 3279 2516 perpetuum
3329 2450 3382 2502 in
3448 2464 3545 2503 ore

1957 2537 2258 2590 sacerdotis
2316 2551 2599 2605 oneratur,
2651 2549 2700 2592 et
2781 2541 2907 2593 inde
2952 2557 3152 2608 corpus
3204 2551 3262 2596 ct
3317 2543 3541 2609 sanguis

1961 2629 2171 2684 Domini
2207 2641 2561 2685 consecratus
2603 2633 2806 2685 veritas
2831 2643 3016 2686 etnon
3074 2647 3232 2704 typus
3261 2643 3365 2699 est,
3401 2636 3543 2688 sicut

1957 2723 2070 2789 ipse
2103 2725 2193 2791 qui
2226 2741 2320 2790 per
2361 2727 2703 2778 sacerdotem
2729 2736 2989 2792 operatur
3022 2729 3414 2792 pronuntiavit.
3449 2729 3542 2784 Sic

1957 2813 2122 2880 igitur
2155 2814 2270 2882 ipse
2299 2815 2609 2882 exemplum
2649 2815 2796 2867 dedit
2858 2817 3132 2882 quomodo
3188 2818 3412 2870 missam
3443 2832 3542 2884 per

1955 2921 2145 2974 preces
2185 2905 2460 2960 celebrare
2500 2907 2818 2962 debeamus.
2870 2908 3095 2975 Accepit
3149 2909 3293 2962 cnim
3317 2924 3537 2977 panem,

1954 3007 2008 3052 et
2075 2999 2274 3052 ccelum
2334 2999 2644 3069 suspiciens
2695 3010 2770 3060 et,
2842 3006 2902 3051 ut
2972 3000 3238 3067 scriptum
3316 3001 3536 3071 legitur,

1956 3093 2155 3160 gratiis.
2199 3092 2311 3146 Dea
2343 3094 2504 3152 actis,
2541 3092 2700 3159 fregit
2740 3101 2794 3145 et
2822 3093 2970 3145 dedit
3027 3093 3348 3160 discipulis:
3385 3095 3540 3148 Acci-

1880 3193 1923 3248 ς,
1956 3184 2086 3252 pite.
2131 3182 2339 3245 dicens,
2383 3191 2432 3235 et
2482 3180 2664 3244 edite;
2713 3171 2785 3242 et,
2820 3178 2995 3232 Bibite
3049 3195 3112 3232 ex
3161 3195 3259 3243 eo,
3317 3190 3372 3232 et
3417 3193 3542 3248 qua:

1962 3284 2288 3343 sequuntur,
2317 3283 2478 3342 atque
2533 3275 2605 3326 ita
2653 3273 2795 3340 ipse,
2823 3273 2913 3341 qui
2955 3273 3208 3342 precibus
3258 3287 3394 3341 opus
3427 3287 3539 3326 non

1960 3367 2142 3428 habet,
2180 3376 2367 3436 utpote
2401 3364 2541 3418 Deus
2568 3364 2946 3433 omnipotens,
2983 3379 3080 3430 per
3138 3378 3328 3430 preces
3379 3376 3539 3416 sacra

1961 3458 2224 3520 instituit,
2277 3457 2667 3509 demonstrans
2705 3457 2848 3522 quod
2879 3470 2983 3506 una
3019 3454 3194 3506 virtus
3243 3461 3326 3505 est
3358 3450 3540 3505 Triui-

1960 3554 2087 3608 tatis
2121 3561 2175 3607 et
2204 3552 2348 3620 quod
2379 3551 2495 3618 ipse
2538 3549 2589 3602 in
2642 3565 2798 3604 sacra
2842 3546 3165 3616 Operatione
3227 3548 3440 3601 l’atrem
3484 3553 3540 3598 et

1961 3647 2222 3716 Spiritum
2254 3651 2502 3699 sanetum
2529 3649 2909 3711 coeperatores
2935 3642 3120 3703 habet,
3167 3637 3314 3707 quod
3372 3638 3538 3692 etiam

1963 3739 2016 3790 in
2055 3737 2238 3789 divina
2271 3734 2651 3789 incarnatione
2686 3733 2959 3802 apparuit.
3009 3733 3126 3800 Ipse
3189 3732 3334 3785 enim
3385 3728 3540 3782 solus

1962 3831 2290 3891 Unigenitus
2319 3838 2403 3884 est
2445 3828 2801 3884 incarnatus;
2830 3824 2922 3877 sed
2951 3825 3108 3878 Pater
3136 3837 3352 3890 quoque
3385 3835 3540 3874 com-

1960 3922 2206 3991 probavit
2255 3927 2310 3974 et
2335 3903 2586 3986 Spiritus
2636 3925 2860 3970 sanctus
2885 3925 3206 3979 cooperatus
3247 3920 3351 3971 est,
3395 3912 3540 3966 sicut

1959 4017 2120 4068 etiam
2152 4012 2471 4081 archangeli
2499 4010 2782 4064 .allocutio
2832 4010 2895 4060 ad
2941 4007 3221 4075 Virginem
3275 4004 3538 4059 ostendit.

1963 4099 2078 4155 Una
2123 4100 2266 4153 enim
2303 4110 2386 4153 est
2419 4096 2711 4152 Trinitatis
2743 4097 2942 4157 virtus,
2979 4105 3034 4150 et
3069 4094 3242 4149 Filius
3278 4095 3538 4148 incarna-

1961 4203 2050 4248 tus
2083 4191 2216 4245 nihil
2261 4190 2388 4245 l'ecit
2438 4191 2558 4244 sine
2593 4188 2995 4258 approbatione
3055 4187 3232 4244 Patris
3278 4196 3373 4240 aut
3420 4187 3541 4241 sine

1959 4284 2346 4352 cooperatione
2381 4282 2623 4351 Spiritus
2669 4283 2868 4336 sancti.
2893 4279 3064 4349 Igitur
3095 4281 3184 4350 qui
3217 4293 3406 4348 preces
3449 4293 3541 4331 sa—

1957 4377 2196 4433 eerdmis
2242 4375 2296 4429 in
2351 4374 2720 4429 celebratione
2783 4375 3169 4442 mysteriorum
3203 4371 3437 4440 respuit,
3493 4371 3538 4424 is

1961 4465 2136 4520 nullas
2165 4480 2393 4534 prorsus
2422 4478 2620 4533 preces
2651 4463 2701 4516 in
2730 4477 2787 4517 se
2837 4461 3082 4516 eﬂicaces
3127 4461 3437 4529 experituri;
3493 4461 3539 4514 is

1955 4573 2062 4612 non
2092 4566 2178 4610 cst
2230 4555 2595 4618 Christianus,
2652 4555 2850 4624 quippe.
2895 4555 3011 4624 qui,
3058 4554 3246 4623 utjam
3275 4553 3540 4616 diximus,

1959 4665 2057 4704 nec
2089 4647 2446 4716 haptismutn,
2488 4663 2586 4702 nec
2641 4647 2908 4710 chrisma,
2955 4661 3056 4700 nec
3129 4644 3535 4715 pmnitcntiam.

1955 4756 2133 4810 neque
2155 4740 2330 4793 oleum
2361 4754 2600 4802 sacrum,
2633 4753 2732 4792 nec
2755 4744 3104 4808 peccatorum
3134 4735 3543 4800 remissionem:J

1955 4841 2050 4886 aut
2088 4829 2466 4885 sacerdotium
2501 4830 2766 4894 divinum,
2803 4838 2894 4882 aut
2941 4829 3103 4881 \‘itam
3156 4825 3536 4884 monasticam,

1955 4931 2049 4978 aut
2113 4922 2379 4990 templum
2429 4929 2701 4978 sanctum,
2771 4927 2864 4970 aut
2913 4917 3132 4984 nuptias
3170 4929 3382 4977 sacras,
3441 4926 3538 4966 aut

1955 5027 2340 5080 quamcunque
2399 5008 2894 5064 sanctiﬁcationem
2948 5007 3000 5057 in
3064 5021 3122 5059 se
3180 5013 3380 5074 portat.
3446 5003 3536 5057 lira

1953 5105 2094 5156 enim
2126 5103 2310 5156 omnia
2355 5116 2449 5168 per
2477 5114 2672 5169 preces
2700 5098 2984 5168 liturgicas
3025 5096 3275 5151 effectum
3311 5097 3534 5150 habent.

1957 5196 2124 5264 lgilttt‘
2153 5195 2244 5254 qui
2287 5193 2410 5248 talis
2449 5200 2557 5255 est,
2609 5189 2786 5244 nullas
2819 5205 2918 5244 nec
2963 5197 3088 5242 ante
3123 5205 3221 5242 nec
3253 5197 3374 5256 post
3409 5189 3539 5242 tuis-

1952 5305 2064 5342 sam
2095 5286 2264 5350 dicat,
2321 5285 2554 5354 Spiritus
2600 5283 2778 5338 sancti
2836 5283 3068 5350 gratiam
3116 5297 3396 5354 nunquam
3453 5283 3536 5336 in-

1954 5391 2125 5444 vocet,
2167 5381 2373 5434 nullam
2435 5395 2558 5434 cum
2594 5379 2817 5434 Christo
2877 5379 3325 5434 communionem
3363 5379 3526 5442 ineat,

1963 5489 2060 5530 nec
2096 5475 2148 5528 in
2185 5473 2456 5536 baptismo
2488 5487 2589 5526 nec
2650 5471 2701 5525 in
2761 5473 2974 5528 ueteris
3017 5473 3374 5527 sacramentis
3413 5471 3537 5539 Spi-

1953 5568 2093 5621 ritus
2140 5565 2314 5620 sancti
2345 5565 2562 5618 invocet
2627 5565 2882 5633 gratiam.
2938 5564 3224 5633 Nunquam
3282 5563 3537 5618 Eet'lesize

1954 5659 2216 5731 mysteria
2246 5659 2560 5729 partieipet,
2589 5673 2656 5712 ne
2682 5659 2754 5714 sit
2809 5659 3181 5714 Christianus.
3241 5657 3296 5711 Si
3351 5666 3529 5710 autem

1950 5752 2324 5806 Christianum
2360 5768 2419 5808 se
2466 5752 2620 5818 dicit,
2660 5753 2704 5809 si
2733 5754 3034 5808 sacerdotis
3059 5768 3241 5820 preces
3273 5752 3535 5812 admittit,

1952 5851 2006 5898 et
2040 5857 2203 5899 voces
2262 5843 2525 5913 mysticas
2577 5843 2809 5912 accipiat
2859 5842 2925 5896 ad
2975 5841 3194 5895 Patrem
3245 5841 3445 5897 elinsas
3477 5851 3534 5896 et

2635 5969 2660 5994 1
