4056 6472
610 403 720 468 739

1467 409 1854 472 SYMEONIS
1892 410 2676 476 TIIESSALONICENSIS
2719 415 3081 477 ARCHIEP.
3262 452 3271 457 -
3701 423 3782 485 ’ίίο

605 523 712 578 sub
775 519 1015 592 Spiritus
1078 522 1254 578 sancti
1338 523 1680 580 invocatione
1730 525 1996 594 prolatas,
2046 525 2172 578 sicut

2291 529 2382 578 καὶ
2413 525 2707 594 εὐδόκησεν
2755 528 2782 578 6
2835 525 3044 597 Πατὴρ,
3077 525 3110 595 ἢ
3145 526 3208 578 τὸ
3243 523 3458 594 Πνεῦμα
3486 525 3540 580 τὸ
3570 529 3698 596 ἅγιον
3731 535 3786 602 μὴ

605 615 868 670 Dominus
898 617 1258 686 praescripsit,
1294 617 1405 672 Deo
1469 619 1673 687 gratias
1719 618 1977 682 dicendo,
2037 617 2185 673 inter

603 705 986 772 mysteriorum
1060 707 1505 761 celebrationem.
1599 707 1656 760 id
1725 708 1872 762 enim
1949 707 2182 775 apostoli

601 796 1026 864 quoquel'accre
1078 799 1177 852 visi
1232 809 1380 860 sunt,
1429 799 1634 865 gratias
1701 809 1924 867 agentes
1971 808 2024 853 et
2081 814 2180 867 pa-

603 905 725 943 nem
763 890 1099 958 frangentes,
1137 890 1494 944 sicutPatres
1532 891 1770 947 Basilius
1818 899 1873 944 et
1933 892 2178 961 Chryso-

601 991 814 1034 stonius
869 982 1234 1035 tradiderunt.
1277 983 1378 1047 Qui
1421 991 1604 1036 autem
1659 983 1948 1044 resistunt,
1995 998 2024 1036 a
2083 996 2181 1037 sua

603 1075 845 1142 ipsorum
869 1074 1082 1144 litnrgia
1116 1073 1542 1141 reprehendendi
1569 1080 1752 1136 erunt,
1781 1073 1906 1142 quia
1936 1082 1986 1127 et
2005 1073 2107 1142 ipsi
2127 1075 2180 1128 in

605 1180 811 1232 corpus
837 1164 1042 1219 Christi
1075 1165 1395 1232 sanguinem
1423 1165 1802 1218 transformari
1865 1166 2076 1228 dicunt,
2128 1175 2183 1243 c_t

599 1258 744 1311 dona
811 1257 1155 1320 benedicunt,
1199 1266 1255 1310 et
1309 1271 1408 1311 suo
1463 1272 1616 1311 more
1678 1266 1869 1310 contra
1939 1257 2179 1311 divinam

600 1352 953 1404 traditionem
991 1351 1426 1414 insuﬂlant,non
1475 1353 1720 1407 contenti
1779 1353 1913 1408 solis
1963 1351 2179 1406 Domini

598 1442 800 1496 verbis.
832 1441 893 1494 Hi
948 1457 1042 1509 per
1084 1457 1183 1496 nos
1219 1458 1355 1496 nova
1404 1443 1755 1498 introducant
1829 1443 2030 1498 licebit.
2072 1443 2182 1498 Nos

597 1548 780 1590 autem
810 1536 1136 1590 traditiOnes
1166 1545 1416 1601 receptas
1444 1538 1832 1600 observantes,
1864 1538 2006 1592 sicut
2059 1537 2179 1590 Sal-

603 1638 756 1680 vator
782 1628 898 1694 ipse
950 1643 1046 1694 per
1074 1629 1346 1694 apostolos
1370 1627 1666 1696 Patresque
1693 1628 1943 1690 tradidit,
1977 1637 2178 1682 sancta!

600 1720 1005 1771 communionis
1038 1723 1293 1787 mysteria
1347 1722 1449 1771 sub
1488 1721 1723 1787 Spiritus
1777 1722 1955 1775 sancti
2019 1722 2175 1775 invo-

599 1811 817 1863 catione
852 1819 902 1862 et
935 1826 1030 1877 per
1066 1810 1228 1864 verba
1262 1810 1472 1864 Domini
1501 1821 1558 1865 et
1605 1813 1954 1867 sacerdotum
1983 1828 2176 1882 preces

599 1903 842 1972 prolatas
891 1918 1236 1973 peragamus,
1294 1914 1347 1958 et
1391 1905 1472 1958 sic
1514 1905 1696 1958 omnia
1751 1906 1935 1958 divina
1989 1922 2175 1960 sacra-

556 2041 562 2046 .
599 2005 810 2059 menta,
845 1995 1131 2050 sacerdote
1178 1995 1390 2049 Numen
1423 1997 1768 2063 implorante,
1808 1997 2172 2064 celebremus,

595 2096 653 2138 et
711 2085 893 2138 crucis
948 2085 1106 2150 signo
1144 2086 1370 2153 signati,
1415 2087 1597 2139 omnia
1627 2087 1692 2140 ad
1723 2097 1973 2141 sanctum
2009 2087 2168 2142 ﬁnem

599 2177 918 2244 perductum
994 2177 1061 2230 iri
1136 2178 1434 2232 secundum
1515 2180 1846 2234 voluntatem
1927 2181 2168 2236 divinam

597 2270 912 2323 credamus.
941 2269 1067 2323 Haec
1096 2268 1385 2324 hactenus.

2290 617 2662 687 συνήργησεν.
2694 616 2911 674 Οὐκοῦν
2943 619 2973 670 6
3006 617 3103 680 τὰς
3141 617 3420 686 ἱερατικὰς
3451 620 3598 689 εὐχὰς
3623 623 3786 676 ἀθετῶν

2287 709 2383 762 ἐπὶ
2445 711 2512 778 τῇ
2565 708 2846 762 τελειώσει
2893 709 3002 762 τῶν
3058 709 3372 779 μυστηρίων
3417 710 3517 763 οὐδ’
3545 711 3685 780 ἄλλην
3718 716 3786 767 ἐπὶ

2285 801 2396 854 τῶν
2423 802 2586 871 ἱερῶν
2639 803 2874 856 ἁπασῶν
2907 802 3142 856 τελετῶν
3171 801 3478 869 τελεστικὴν
3514 803 3655 873 εὐχὴν
3676 805 3788 875 δέχεο

2285 911 2396 959 ται,
2432 894 2524 946 καὶ
2553 893 2614 946 οὐ
2648 892 2977 962 Χριστιανὸς
3011 891 3194 955 οὗτος,
3229 892 3352 944 ἐπεὶ
3375 892 3504 950 ¹οίίιτε
3538 893 3784 964 βάπτισμα,

2283 985 2360 1047 ὡς
2417 986 2856 1055 προειρήκαμεν,
2912 983 3040 1036 οὐτε
3095 984 3330 1054 χρίσμα,
3364 983 3482 1036 οὔτε
3533 987 3786 1053 μετάνοιαν,

2283 1075 2396 1130 οὔτ’
2447 1076 2625 1130 ἔλαιον
2658 1075 2834 1143 ἅγιον,
2880 1075 2993 1128 οὐθ’
3045 1075 3336 1144 ἁμαρτιῶν
3386 1075 3585 1142 ἄφεσιν,
3616 1076 3643 1144 ἢ
3673 1076 3791 1128 θείαν

2287 1165 2612 1235 ἱερωσύνην,
2670 1167 2701 1235 ἦ
2741 1166 3031 1234 μοναδικδν
3080 1166 3288 1235 σχῆμα,
3340 1165 3371 1234 ἢ
3426 1167 3541 1219 ναὺν
3573 1166 3790 1235 ἆγιον,ἧ

2283 1258 2464 1326 τίμιον
2502 1258 2702 1326 γάμον,
2732 1257 2764 1327 ἦ
2812 1257 2936 1310 τινὰ
2971 1257 3108 1320 ὅλως
3156 1257 3428 1324 ἁγιασμὸν
3460 1256 3790 1326 παραδέχεται.

2283 1349 2471 1403 Ταῦτα
2517 1351 2624 1419 γὰρ
2684 1350 2861 1404 πάντα
2890 1349 2979 1402 διὰ
3008 1348 3118 1401 τῶν
3154 1349 3446 1417 ῑερατικῶν
3489 1348 3644 1416 εὐχῶν
3676 1348 3794 1415 ἐνερ-

2281 1446 2483 1510 γεῖται.
2519 1443 2590 1496 Ἢ
2621 1442 2806 1496 τοίνυν
2842 1441 3088 1511 μηδόλως
3115 1441 3282 1512 εὐχὴν
3309 1441 3367 1494 ἐν
3393 1444 3456 1511 τῇ
3497 1440 3744 1511 ἱερουργίᾳ
3769 1441 3792 1508 ἢ

2283 1533 2599 1602 προλεγέτω
2643 1531 3038 1600 ἢέπιλεγέτω,
3087 1533 3184 1586 καὶ
3232 1532 3322 1584 διὰ
3371 1531 3523 1584 τοῦτο
3577 1531 3694 1600 μηδέ
3721 1531 3792 1599 τὴν

2280 1627 2440 1695 χάριν
2489 1625 2856 1679 ἐπικαλείσθω
2915 1626 3011 1678 τοῦ
3079 1624 3433 1695 Πνεύματος,
3477 1625 3546 1686 ῶς
3589 1623 3648 1676 ἂν
3692 1623 3796 1690 μηδὲ

2280 1721 2564 1773 κοινωνίαν
2611 1720 2711 1790 ἐχῃ
2759 1713 3020 1798 Χριστοῦ,
3061 1719 3264 1798 ὁμοίως
3302 1737 3362 1772 τε
3401 1718 3519 1790 μήτ’
3555 1719 3608 1771 ἐν
3635 1717 3702 1786 τῷ
3727 1717 3796 1785 βα-

2281 1812 2550 1878 πτίσματι
2602 1811 2635 1879 ἢ
2673 1812 2793 1872 ταῖς
2825 1795 3015 1872 ἄλλαις
3047 1795 3296 1873 τελεταῖς
3332 1806 3682 1862 ἐπικαλείσθω
3723 1805 3796 1873 τὴν

2208 1869 2250 1924 Β
2280 1869 2444 1973 χάριν
2477 1901 2573 1954 τοῦ
2621 1869 2964 1970 Πνεύματος,
2995 1869 3088 1952 ista
3143 1869 3406 1970 μηδαμῶς
3450 1899 3542 1970 ἔχῃ
3577 1899 3667 1967 τῆς
3700 1869 3796 1950 Ἐκ-

2281 1995 2512 2065 κλησίας
2567 1994 2869 2064 μυστήριον
2893 2033 2906 2053 .
2967 1993 3090 2062 μηδ’
3121 1994 3258 2056 ὅλως
3305 1994 3394 2061 εῐη
3433 1990 3738 2062 Χριστιανὸς,
3770 1987 3794 2056 ἢ

2278 2087 2607 2157 Χριστιανὸς
2663 2086 2842 2154 λέγων
2896 2081 3064 2147 εἶναι,
3115 2085 3209 2137 καὶ
3253 2085 3540 2154 δεχόμενος
3593 2083 3677 2144 τὰς
3713 2079 3793 2131 τῶν

2277 2181 2471 2250 ἱερέων
2497 2179 2661 2248 εὐχὰς
2687 2219 2702 2244 ,
2757 2181 2852 2231 καὶ
2884 2178 2984 2240 τὰς
3036 2177 3360 2240 τελεστικὰς
3411 2175 3610 2237 ταύτας
3653 2170 3795 2240 φωνὰς

2276 2273 2532 2343 δεχέσθω,
2566 2273 2705 2341 πρὸς
2742 2271 2834 2324 τὸν
2865 2269 3083 2339 Πατέρα.
3108 2281 3166 2322 τε
3192 2268 3378 2332 οὔσας,
3411 2269 3503 2322 καὶ
3525 2269 3587 2336 τῇ
3610 2263 3792 2330 ἐπικλή-

596 2376 682 2412 σει
712 2361 1003 2429 γινομένας
1043 2346 1139 2414 τοῦ
1179 2361 1326 2415 θείου
1377 2363 1719 2432 Πνεύματος,
1754 2364 1831 2427 ὡς
1863 2365 2247 2435 παραδέδωκεν
2311 2367 2340 2418 6
2395 2364 2587 2432 Σωτὴρ
2641 2361 2780 2431 πρὸς
2831 2363 2925 2414 τὸν
2999 2360 3218 2429 Πατέρα
3289 2358 3692 2429 εὐχαριστήσας,
3731 2353 3788 2414 ὡς

593 2455 849 2524 εἴρηται,
897 2455 966 2506 ἐν
1017 2454 1093 2525 τῷ
1147 2456 1216 2508 τὰ
1253 2457 1530 2526 μυστήρια
1581 2460 1848 2526 ἐνεργεῖν.
1886 2459 1950 2510 Ὃ
1992 2459 2085 2511 καὶ
2148 2460 2197 2511 οἱ
2275 2457 2566 2512 ἁπᾶστολοι
2630 2453 2914 2517 ποιοῦντες
2975 2452 3326 2516 ἐδείκνυντο,
3401 2444 3794 2520 εὐχαριστοῦντες

593 2549 711 2616 ἅμα
743 2549 837 2600 καὶ¹
870 2547 1105 2612 κλῶντες
1139 2552 1232 2604 τὸν
1257 2538 1444 2619 ἄρτον,
1475 2557 1569 2604 καὶ
1606 2554 1654 2604 oi
1683 2553 1924 2622 Πατέρες
1991 2551 2411 2622 παραδεδώκασι
2486 2549 2764 2610 Βασίλειος
2835 2547 2929 2599 καὶ
2978 2544 3387 2615 Χρυοόστομος.
3451 2544 3511 2596 Οἱ
3584 2537 3794 2594 ἀνθιστά·

594 2659 748 2710 μενοι
797 2644 855 2697 δὲ
900 2645 992 2697 καὶ
1040 2645 1146 2698 ἀπὸ
1199 2647 1301 2712 τῆς
1333 2646 1484 2713 σφῶν
1520 2645 1864 2714 λειτουργίας
1896 2645 2388 2716 ἐξελεγχέσθωσαν.
2433 2643 2701 2712 Εὐχονται
2781 2639 2891 2708 γὰρ
2973 2638 3071 2691 καὶ
3120 2637 3298 2702 αὐτοὶ,

3389 2637 3455 2688 τὰ
3502 2631 3788 2702 προκείμενα

593 2743 756 2812 σῶμα
787 2745 1042 2810 γενέσθαι
1095 2747 1190 2798 καὶ
1239 2741 1378 2812 αἷμα
1413 2745 1508 2800 τοῦ
1547 2745 1814 2815 Χριστοῦ,
1864 2745 1960 2798 καὶ
2007 2745 2291 2813 εὐλογοῦσι
2329 2744 2397 2796 τὰ
2426 2743 2600 2812 δῶρα,
2641 2739 2738 2792 καὶ
2777 2736 3065 2807 ἐμφυσῶσι
3137 2736 3288 2805 παρὰ
3357 2735 3456 2803 τὴν
3528 2729 3664 2783 θείαν
3720 2742 3797 2779 mo

595 2836 841 2902 ράδοσιν,
890 2840 991 2892 οὐκ
1045 2840 1400 2910 ἀρκούμενοι,
1436 2844 1558 2903 ταῖς
1607 2841 1704 2895 τοῦ
1787 2843 1994 2912 Κυρίου
2046 2841 2206 2907 μόνον
2283 2841 2510 2907 φωναῖς.
2553 2834 2694 2889 Ἀλλ’
2747 2826 2892 2886 οὗτοι
2955 2831 3052 2899 μὲν
3103 2830 3280 2883 πάντα
3328 2823 3793 2895 καινοτομείτωσανι

605 2931 803 3001 Ἦμεῖς
839 2936 897 2989 δὲ
931 2939 1228 3005 τηροῦντες
1254 2939 1353 3000 τὰς
1397 2938 1722 3007 παραδόσεις
1759 2937 1826 3001 ἃς
1864 2924 2272 3007 παρελᾶϐομεν,
2302 2937 2376 2998 ὼς
2399 2936 2426 2986 6
2449 2934 2640 3000 Σωτὴρ
2669 2929 2738 2982 δι’
2777 2927 2974 2981 ἐαυτοῦ
3001 2925 3092 2979 καὶ
3163 2924 3270 2977 τῶν
3333 2922 3640 2976 ἀποστόλων
3694 2931 3798 2982 παρ·

590 3027 763 3081 ἔδωκε
817 3031 913 3082 καὶ
961 3030 1240 3100 Πατέρων,
1280 3033 1350 3084 τά
1383 3049 1439 3084 τε
1482 3033 1760 3102 μυστήρια
1808 3032 1907 3100 τῆς
1949 3031 2186 3101 φρικτῆς
2222 3027 2533 3095 ἐκτελῶμεν
2563 3022 2864 3086 κοινωνίας,
2907 3021 2973 3089 τῇ
3022 3019 3312 3086 ἐπικλήσει
3343 3016 3442 3069 τοῦ
3482 3017 3616 3069 θείου
3668 3007 3798 3102 una:

594 3137 790 3190 ματος,
826 3119 916 3173 διὰ
946 3137 1005 3173 τε
1034 3121 1142 3173 τῶν
1172 3121 1265 3174 τοῦ
1315 3122 1522 3191 Κυρίου
1577 3100 1864 3192 ῥημάτων,
1915 3100 2012 3175 καὶ
2057 3120 2169 3173 τῶν
2210 3117 2505 3189 ίερατικῶν
2533 3114 2728 3184 εὐχῶν,
2761 3112 2856 3165 καὶ
2894 3110 3076 3170 πάσας
3119 3108 3219 3170 τὰς
3262 3108 3419 3172 θείας
3483 3103 3706 3166 τελετὰς,
3751 3100 3800 3166 τῇ

592 3217 875 3284 προσευχῇ
910 3213 1004 3268 τοῦ
1032 3214 1223 3284 ίερέως
1250 3217 1306 3267 ἐν
1343 3215 1464 3284 θείᾳ
1494 3215 1804 3284 ἐπικλήσει,
1837 3215 1932 3268 καὶ
1967 3217 2034 3286 τῇ
2069 3213 2164 3267 τοῦ
2201 3210 2436 3281 σταυροῦ
2469 3210 2751 3278 σφραγῖδι,
2785 3204 2886 3273 τὴν
2953 3202 3238 3257 τελείωσιν
3311 3200 3648 3269 πιστεύωμεν
3687 3193 3800 3260 δέκε-

593 3307 723 3361 σθαι
751 3309 890 3361 κατὰ
919 3309 1018 3379 τὴν
1051 3309 1200 3363 θείαν
1235 3311 1566 3380 παράδοσιν.
1602 3311 1762 3362 Ἀλλὰ
1794 3311 1854 3364 τὸ
1886 3312 2016 3380 περί
2042 3309 2233 3363 τούτου
2261 3307 2361 3377 μὲν
2389 3305 2648 3375 ἀρκείτω.

663 3421 753 3476 89.
786 3420 926 3486 Quid
961 3423 1137 3476 oratio
1192 3420 1472 3477 Dominica
1518 3423 1704 3476 doceat
1737 3422 2097 3493 «tradatque.

2277 3417 2386 3474 πῖθ’.
2427 3419 2488 3471 Τί
2510 3417 2550 3485 ἠ
2576 3410 2890 3485 προσευχὴ
2910 3411 2998 3478 τὸ,
3017 3483 3027 3493 .
3049 3411 3292 3493 and?!)
3318 3411 3542 3480 ἡμῶν
3579 3401 3801 3460 διδάσκει

663 3577 907 3634 Tandem
961 3580 1054 3636 tibi
1092 3583 1304 3651 rogavit
1333 3590 1394 3636 ut
1435 3596 1546 3636 uno
1589 3597 1686 3637 ore
1733 3592 1788 3637 et
1833 3598 1942 3638 uno
1989 3584 2174 3638 animo

590 3668 760 3724 Deum
800 3672 1200 3736 collaudemus,
1256 3684 1311 3728 et
1342 3675 1773 3729 misericordiam
1838 3691 2016 3747 magni
2078 3675 2171 3731 Dei

587 3761 713 3817 Jesn
742 3762 948 3819 Christi
994 3781 1160 3835 super
1234 3779 1332 3822 nos
1383 3769 1706 3821 invocavit:
1759 3768 1969 3823 caelesti
2021 3765 2169 3821 Patri

587 3870 691 3910 nos
730 3857 1074 3926 adoptandos
1108 3857 1294 3918 oﬂ‘ert,
1345 3871 1512 3913 orans
1565 3860 1645 3914 uti
1702 3875 1800 3929 per
1860 3861 2170 3914 naturalem

583 3947 708 4015 ejus
735 3947 933 4002 Filium
963 3965 992 4002 a
1018 3958 1241 4018 peccato
1281 3951 1517 4022 purgati,
1580 3953 1879 4006 secundum
1933 3952 2169 4022 gratiam

586 4039 684 4093 lilii
721 4040 980 4104 evadere,
1047 4051 1100 4096 et
1129 4042 1223 4111 qui
1254 4042 1417 4096 Pater
1445 4054 1528 4098 est
1554 4045 1813 4107 caelestis,
1847 4060 1973 4100 eum
2004 4044 2169 4114 digne

585 4146 782 4186 vocare
815 4130 1032 4187 Patrem
1087 4135 1384 4201 possimus.
1423 4133 1537 4188 Hoc
1575 4146 1754 4190 autem
1809 4136 2028 4203 signum
2087 4144 2170 4188 est

585 4226 784 4280 futura:
817 4227 1126 4282 concordiae
1162 4228 1214 4281 itt
1254 4228 1438 4282 futuro
1460 4231 1660 4283 saacnlo
1691 4237 1747 4281 et
1790 4227 2012 4282 nnionis
2038 4241 2163 4281 cum

585 4317 699 4371 Deo
733 4319 784 4372 in
817 4316 1023 4386 Spiritu
1075 4330 1288 4384 sancto,
1354 4337 1451 4390 per
1511 4320 1852 4390 unigenitum
1902 4320 2023 4390 ejus
2083 4319 2172 4372 Fi-

585 4409 740 4464 lium.
777 4408 929 4466 Unde
978 4412 1220 4482 pontifex
1276 4428 1463 4484 pacem
1519 4421 1816 4483 precatus,
1869 4422 1924 4467 et
1979 4412 2171 4482 gratiis

583 4505 745 4569 actis,
781 4513 836 4557 et
865 4505 995 4560 Jesu
1023 4505 1297 4572 invocato,
1333 4506 1409 4558 nti
1469 4520 1528 4560 se
1554 4514 1876 4558 sanctorum
1943 4505 2172 4574 partici—

583 4611 706 4664 pem
737 4596 922 4660 faciat,
960 4605 1014 4653 et
1042 4608 1353 4654 mereantur
1402 4599 1566 4653 etiam
1603 4598 1787 4652 caeteri
1838 4613 1936 4667 per
1985 4599 2168 4668 ipsum

585 4687 882 4757 participes
913 4687 1052 4752 ﬁeri,
1080 4702 1370 4759 postquam
1402 4689 1572 4744 sacris
1595 4688 1889 4754 absolutis,
1924 4689 1992 4744 ad
2022 4704 2168 4745 com-

588 4779 903 4834 munionem
941 4781 1178 4835 devenit.

582 4981 676 5038 90.
725 4980 903 5048 Quare
927 4983 1206 5051 episcopus
1255 4982 1521 5036 humerali
1580 4981 1773 5034 iterum
1805 4998 1916 5036 sese
1950 4983 2163 5040 induat.

652 5141 885 5198 Pallium
929 5142 1127 5197 iterum
1181 5140 1437 5205 assumit,
1486 5140 1780 5196 declarans
1834 5142 1937 5198 hac
1982 5159 2063 5207 re,
2105 5159 2165 5200 se

583 5235 737 5303 prius
765 5235 1078 5289 ministrum
1119 5233 1314 5297 fuisse,
1356 5243 1409 5287 et
1459 5235 1872 5290 sanctissimum
1911 5237 2042 5290 illttd
2073 5253 2164 5290 or-

571 5337 904 5395 namentum
938 5326 993 5379 in
1017 5341 1078 5381 se
1108 5341 1397 5396 capessere
1445 5328 1700 5383 veritum.
1754 5326 2028 5393 Quoniam
2063 5343 2166 5382 au-

586 5427 694 5472 tem
736 5419 978 5488 perfecto
1006 5432 1189 5488 opere,
1247 5426 1302 5473 et
1333 5419 1399 5473 ad
1448 5420 1768 5475 elevandum
1831 5436 2047 5490 panem,
2085 5430 2169 5472 at-

583 5522 693 5575 que
755 5510 810 5564 in
881 5516 1063 5578 partes
1129 5511 1503 5577 dividendum,
1586 5522 1641 5567 et
1715 5513 1780 5566 ad
1839 5513 2166 5580 capiendum

585 5600 821 5669 aliisque
846 5600 1285 5657 distribuendum
1320 5605 1553 5667 accedit,
1588 5619 1815 5659 necesse
1863 5615 1949 5657 est
2012 5603 2166 5656 illum

585 5692 1079 5756 (ιιιιηίῖιιξὶρζηὶῑθῑὶε
1127 5712 1238 5751 suae
1290 5714 1444 5751 saera
1479 5697 1726 5768 symhola
1785 5696 2036 5749 induere.
2104 5693 2171 5749 Et

587 5797 714 5834 eum
751 5786 1019 5852 pontificis
1047 5789 1378 5859 ιιι-ιιιρίριιυιιι
1413 5790 1790 5843 indumentum
1828 5789 1893 5841 sit
1919 5787 2164 5856 pallium,

588 5867 722 5928 illud
761 5877 1068 5934 necessario
1123 5880 1378 5947 assumit,
1412 5889 1467 5936 et
1499 5895 1623 5936 cum
1678 5894 1746 5934 eo
1782 5878 2166 5935 divinissimo-

2842 3502 2906 3538 τε
2930 3483 3032 3537 καί
3065 3482 3260 3550 δηλοῖ.

2350 3581 2519 3644 Τέλος
2550 3580 2607 3632 δὲ
2631 3581 2659 3632 6
2691 3577 2977 3648 ίερὰρχης,
3013 3575 3244 3641 στόματι
3285 3573 3370 3624 ἐνὶ
3402 3573 3500 3624 καὶ
3533 3570 3624 3639 μιᾷ
3651 3563 3800 3632 καρδίᾳ

2277 3673 2728 3745 προσευξάμενος
2778 3670 2950 3722 αίνεῖν
2979 3669 3071 3718 τὸν
3107 3665 3240 3718 Θεὸν
3283 3665 3457 3733 ήμᾶς,
3509 3661 3599 3714 καὶ
3630 3657 3688 3711 τὰ
3712 3653 3804 3717 ὲλέη

2275 3769 2372 3824 τοῦ
2415 3765 2657 3838 μεγάλου
2689 3764 2827 3818 Θεοῦ
2853 3761 3014 3831 ἡμῶν
3049 3757 3225 3827 Ἰησοῦ
3259 3753 3502 3825 Χριστοῦ
3534 3747 3808 3806 ἐπικαλεσά-

2280 3879 2465 3932 μενος,
2519 3860 2660 3929 πρὸς
2691 3857 2791 3928 τὴν
2828 3853 3106 3908 υἱοθεσίαν
3154 3852 3300 3920 ἡμᾶς
3329 3849 3428 3903 τοῦ
3461 3839 3806 3937 ὑπερουρανίοξ

2275 3931 2488 4024 Πατρδς
2522 3953 2738 4020 ἀνάγει,
2772 3948 3066 4017 εὐχόμενος
3096 3944 3182 3996 διὰ
3214 3940 3310 3995 τοῦ
3353 3940 3500 3995 κατὰ
3531 3938 3685 4008 φύσιν
3710 3931 3806 3984 Υίοῦ

2274 4044 2735 4115 κεκαθαρμένους
2762 4039 2907 4094 κατὰ
2928 4039 3088 4107 χάριν
3115 4035 3266 4096 υἱοὺς
3291 4032 3574 4100 γενέσθαι,
3602 4026 3808 4121 xui—Effl-

2276 4136 2407 4202 ξίως
2438 4131 2668 4186 καλέσαι
2705 4129 2864 4198 ἡμῶν
2901 4127 3122 4196 Πατέρα
3167 4124 3260 4176 τὸν
3293 4123 3640 4188 ἐπουράνιον.
3679 4116 3807 4202 Τοῦτο

2272 4199 2330 4276 δὲ
2360 4222 2511 4291 δηλοῖ
2545 4220 2644 4288 τὴν
2679 4221 2742 4272 ἐν
2773 4219 2851 4285 τῷ
2904 4215 3154 4284 μέλλοντι
3180 4213 3593 4282 ὁμοφροσύνην,
3637 4207 3720 4260 καὶ
3740 4199 3810 4269 τὴν

2274 4315 2414 4385 πρὸς
2440 4313 2531 4365 τὸν
2559 4311 2692 4364 Θεὸν
2717 4312 2804 4364 διὰ
2827 4309 2922 4364 τοῦ
2953 4306 3293 4375 Μονογενοῦς
3322 4308 3383 4360 ἐν
3410 4306 3550 4374 ἁγίῳ
3582 4299 3809 4366 Πνεύματι

2273 4407 2493 4460 ἕνωσιν.
2534 4406 2703 4461 Ὅθεν
2739 4406 2835 4458 καὶ
2863 4403 3091 4473 εἰρήνην
3114 4403 3142 4454 6
3169 4399 3436 4470 ίεράρχης
3461 4394 3809 4462 ἐπευξάμενος.

2274 4499 2371 4552 καὶ
2400 4498 2808 4569 εὐχαριστήσας
2840 4496 2938 4548 καὶ
2983 4494 3073 4547 τδν
3116 4491 3326 4562 Ἰησοῦν
3367 4487 3808 4554 ἐπικαλεσάμενος.

2273 4587 2413 4641 ὥστε
2452 4588 2774 4658 μεταδοῦναι
2805 4585 2968 4639 αὐτὸν
3001 4584 3164 4653 αὐτῷ
3195 4583 3308 4638 τῶν
3343 4583 3540 4650 ἁγίων,
3571 4579 3659 4633 καὶ
3683 4587 3809 4628 κατα·

2273 4681 2535 4752 ξιωθῆναι
2553 4681 2721 4750 288
2736 4679 2804 4731 δι’
2825 4678 2994 4732 αὐτοῦ
3019 4679 3113 4730 καὶ
3146 4676 3273 4739 τοὺς
3292 4675 3520 4737 λοιποὺς
3547 4665 3808 4743 μετασχεῖν.

2274 4773 2399 4826 ἐπεὶ
2448 4773 2546 4840 τὴν
2579 4769 2896 4840 ἱερουργίαν
2927 4768 3199 4830 τετέλεκε,
3233 4767 3330 4819 καὶ
3375 4767 3514 4836 πρὸς
3541 4765 3635 4832 τὴν
3661 4769 3812 4813 κοινω·

2279 4861 2397 4916 νίαν
2427 4861 2669 4930 ἔρχεται.

2273 4979 2344 5043 ιί.
2377 4974 2540 5028 Atat!
2579 4972 2769 5026 πάλιν
2800 4973 2863 5025 τὸ
2907 4971 3247 5040 ὠίιοφόριον
3277 4974 3310 5026 ὀ
3343 4966 3654 5040 ἀρχιερεὺς
3689 4957 3811 5016 ἐνδι-

2911 5043 3220 5097 δύσκεται.

2346 5138 2632 5207 Λαμϐἀνει
2661 5137 2830 5190 πάλιν
2853 5135 2913 5188 τὸ
2950 5136 3286 5206 ὠμοφόριον,
3311 5133 3550 5194 δεικνὺς,
3594 5129 3670 5183 ὅτι
3696 5119 3812 5191 πρῶ·

2269 5246 2364 5283 τον
2415 5231 2518 5299 μὲν
2564 5226 2920 5298 ἐξυπηρετῶν
2967 5222 3056 5296 ἦν,
3106 5226 3201 5278 καὶ
3245 5223 3644 5291 εὐλαϐούμενος
3685 5211 3742 5283 ἦν
3768 5207 3812 5299 Ti

2271 5298 2425 5391 ἱερὸν
2457 5322 2635 5375 ἐκεῖνο
2665 5319 2872 5389 ἐνδυμα
2903 5316 3242 5380 ἐνδεδῦσθαι,
3277 5316 3404 5368 ἐπεὶ⁹
3433 5313 3479 5367 δ’
3514 5307 3748 5373 ἐτελέσθη
3767 5298 3813 5351 τδ

2271 5413 2453 5482 ἔργον,
2517 5412 2614 5465 καὶ
2667 5412 2952 5480 ἀνυψῶσαι
3001 5410 3094 5464 τὸν
3145 5410 3313 5480 ἄρτον
3363 5407 3464 5460 καὶ
3513 5403 3715 5475 μελίσιι
3755 5392 3813 5450 εἰς

2275 5505 2438 5574 μέρη,
2472 5502 2568 5556 καὶ
2601 5504 2932 5573 μεταλαϐεῖν
2952 5504 3046 5555 καὶ
3073 5500 3397 5571 μεταδοῦναι
3427 5498 3662 5568 ἔρχεται,
3687 5483 3816 5558 χρεία

2275 5604 2344 5653 τὰ
2372 5599 2472 5668 τῆς
2501 5599 2657 5664 ἀξίας
2687 5599 2865 5651 πάντα
2895 5598 3019 5667 ἱερὰ
3050 5595 3298 5664 σύμϐολα
3325 5588 3657 5645 ἐνδεδῦσθαι.
3691 5575 3816 5668 Ἐπεί

2275 5692 2334 5745 δέ
2356 5665 2450 5751 τοῦ
2477 5671 2733 5761 ἱεράρχου
2769 5665 3050 5759 ἐξαίρετον
3080 5689 3141 5741 τὸ
3164 5685 3476 5755 ὠμοφὸριον
3508 5681 3717 5746 ἔνδυμα,
3742 5665 3814 5720 καῖ

2275 5784 2438 5839 τοῦτο
2493 5786 2651 5855 χρεία
2714 5785 2921 5851 λαϐεῖν,
2971 5786 3067 5837 καὶ
3102 5782 3200 5834 σὺν
3239 5777 3386 5843 αὐτῷ
3422 5777 3534 5829 τῶν
3567 5767 3808 5825 θειοτάτωδ

2282 5878 2632 5949 μεταλαϐεῖν.
2679 5878 3073 5949 Ἐνῖυσὰμενος
3099 5875 3276 5930 τοίνυν
3301 5869 3395 5925 καὶ
3438 5865 3714 5936 ﬁxisti/IL“;
3745 5855 3814 5904 τὸν
