4056 6472
1249 170 1275 187 δ

229 409 335 477 '7l1

1230 393 1646 460 EXPOSITIO
1694 392 1794 452 DE
1830 389 2100 453 DlVlNO
2140 391 2471 451 TEMPLO.

3392 382 3497 447 742

231 524 417 590 ἄρτον,
447 517 567 583 καὶ,
602 514 714 569 «Tit
736 514 900 582 ’Ἅγια
920 512 1033 574 τοῖς
1057 510 1234 578 ἁγίοις
1270 529 1286 560 ι
1322 508 1580 574 ἀνειπὼν,
1610 507 1817 564 ἐκεῖνος
1846 507 1865 563 Δ

1972 518 2038 556 im
2076 518 2133 558 se
2169 502 2492 572 participem
2530 497 2734 555 reddit.
2772 497 3002 553 lndutus
3051 493 3216 561 igitur
3253 502 3307 547 et
3339 493 3394 547 in
3428 494 3505 544 al-

236 614 336 683 μὲν
371 610 507 679 πρὸς
551 608 652 676 τὴν
698 606 849 658 θείαν
911 603 1126 672 ἐκείνην
1176 602 1274 671 τῆς
1326 600 1480 666 ἱερᾶς
1532 596 1818 667 τραπέζης

234 694 656 769 ζ‹ἷ›σαν’τροφὴν
703 698 892 764 ἁγίους
920 695 1164 756 ἅπαντας
1186 692 1365 760 καλεῖ,
1405 709 1425 743 ι
1456 691 1537 743 Τὰ
1567 689 1756 759 Ἀγια,
1794 706 1813 738 ι

234 794 435 860 λέγων,
478 809 497 842 ι
526 789 636 852 τοῖς
672 788 868 857 ἁγίοις.
908 804 927 836 ι

276 978 683 1052 ιιαθ.,Τί,δη.ὶοῖ
716 977 814 1052 τὸ,
852 970 957 1052 pic
982 974 1190 1052 ἅγιος..
1213 967 1298 1038 εἷς
1334 969 1571 1040 Κύριος,
1603 968 1701 1025 καὶ
1732 971 1791 1025 τί

785 1046 1057 1100 διδάσκει
1086 1044 1285 1098 τοῦτο.

328 1140 468 1194 ’(ὶδὲ
505 1138 634 1200 λαὸς
684 1136 986 1206 ὁμοφώνως
1035 1131 1248 1201 κράζει.
1309 1150 1327 1182 ι
1372 1126 1468 1194 Εἷς
1512 1130 1691 1196 ἅγιος,
1746 1127 1829 1189 εἷς

247 1232 452 1301 Κύριος
496 1226 708 1298 Ἰησοῦς
757 1223 1013 1295 Χριστὸς,
1051 1221 1330 1284 εἱς,δόξαν
1363 1219 1499 1273 Θεοῦ
1530 1221 1762 1291 Πατρός.
1806 1240 1825 1271 ›

247 1323 422 1377 Τοῦτο
451 1322 510 1375 δέ
551 1318 764 1382 Παῦλος
792 1318 926 1389 φησὶ
971 1315 1417 1385 κηρυχθήσεσθαι
1452 1315 1511 1366 ἐν
1558 1316 1623 1384 τῇ
1653 1314 1835 1371 τελευ-

250 1418 382 1487 ταίᾳ
438 1414 642 1486 ἡμέρᾳ,
693 1414 783 1465 ὅτε
841 1428 861 1462 ι
918 1409 1126 1478 κάμψει
1173 1409 1283 1461 πᾶν
1335 1407 1463 1475 γόνυ
1512 1407 1590 1475 τῷ
1634 1405 1830 1476 Ἰησοῦ,

254 1510 405 1561 πᾶσα
434 1507 488 1559 δὲ
524 1504 746 1572 γλῶσσα
800 1499 1300 1569 ἐξομολογήσεται,
1350 1499 1433 1551 ότι
1470 1496 1675 1567 Κύριος
1732 1497 1838 1559 ’1η-

1924 602 2036 647 tum
2060 595 2279 648 sublato
2328 608 2490 664 pane,
2528 593 2786 660 dictoque
2823 608 2838 645 :
2892 587 3092 643 Sancta
3130 585 3354 648 sanctis,
3413 584 3504 638 ille

1923 686 2144 755 quidem
2196 686 2264 740 ad
2306 701 2522 739 sacrum
2586 698 2757 739 sacrae
2804 698 3008 736 mensae
3058 689 3113 734 et
3176 681 3357 732 vivum
3401 678 3507 730 ali-

1925 785 2171 833 mentum
2204 787 2424 834 sanctos
2457 790 2649 831 omnes
2684 783 2866 839 vocat,
2900 772 3029 827 dum
3064 771 3195 825 dicit
3224 787 3237 822 :
3297 769 3504 823 Sancta

1929 872 2152 924 sanctis.

1928 984 2018 1038 91.
2041 981 2182 1047 Quid
2212 981 2469 1051 signiﬁcet
2506 976 2648 1034 Unus
2676 988 2921 1051 sanctus,
2972 994 3107 1033 unus
3146 977 3424 1041 Dominus,
3460 987 3510 1030 et

2384 1052 2513 1120 quid
2541 1066 2632 1116 per
2662 1050 2758 1102 hoc
2790 1052 3063 1101 doceatur.

2005 1143 2243 1214 Populus
2278 1144 2517 1197 vicissim
2566 1156 2810 1195 consona
2869 1155 3000 1193 voce
3030 1140 3229 1192 clatnat
3268 1159 3281 1195 :
3314 1159 3331 1191 ι
3362 1139 3516 1193 Unus

1934 1245 2183 1299 sanctus,
2206 1249 2351 1289 unus
2380 1233 2537 1288 Jesus
2578 1231 2833 1285 Christus
2873 1232 2926 1285 in
2953 1231 3123 1299 gloria
3148 1232 3237 1289 Dei
3259 1230 3460 1286 Patris.
3493 1249 3513 1280 ι

1935 1323 2002 1377 Ει
2037 1325 2136 1379 hoc
2171 1326 2417 1394 quidem,
2481 1332 2536 1376 ut
2586 1321 2787 1376 Paulus
2822 1322 2976 1389 dicit,
3042 1322 3425 1392 praedicabitur
3462 1321 3520 1374 in

1937 1416 2132 1470 ultima
2177 1417 2285 1480 die,
2328 1413 2549 1484 quando
2582 1413 2711 1467 Jesu
2759 1432 2777 1463 ι
2808 1412 3056 1467 ﬂectetur
3082 1428 3243 1467 omne
3269 1429 3435 1482 genu,
3465 1420 3521 1465 et

1938 1508 2118 1562 omnis
2153 1507 2337 1574 lingua
2380 1505 2757 1572 confitebitur,
2786 1507 3047 1574 quoniam
3078 1505 3343 1559 Dominus
3362 1505 3523 1558 Jesus

258 1601 385 1662 σοῦς
419 1596 656 1666 Χριστὸς
725 1597 805 1659 είς
834 1594 989 1658 δόξαν
1023 1592 1157 1645 Θεοῦ
1197 1590 1430 1659 Πατρός.
1468 1608 1487 1641 ι
1533 1591 1627 1643 Ἐκ
1648 1588 1837 1642 τούτου

1973 1609 2022 1654 st
2051 1600 2106 1653 in
2138 1598 2310 1669 gloria
2346 1597 2439 1651 Dei
2488 1597 2668 1651 Patris
2702 1596 2740 1649 ⁷.
2778 1615 2796 1646 ι
2825 1597 2903 1649 Ex
2946 1597 3047 1650 hoc
3085 1596 3249 1666 igitur
3281 1610 3528 1649 commu-

255 1692 435 1742 τοίνυν
465 1687 619 1757 κοινὴ
649 1687 869 1740 πάντων
924 1685 1117 1746 ἓνωσις
1168 1683 1278 1734 τῶν
1331 1681 1542 1734 πιστῶν
1577 1682 1841 1751 ἀνομολο-

259 1784 458 1847 γεῖται,
490 1780 639 1847 καὶή
671 1777 964 1845 συμφωνία
994 1779 1148 1844 παρὰ
1180 1777 1398 1829 πάντων
1430 1774 1532 1842 τῆς
1564 1774 1842 1843 ἀνακηρύ-

259 1872 397 1934 ξεως
424 1868 516 1922 τοῦ
550 1867 927 1938 σαρκωθέντος
956 1866 1085 1917 Υίοῦ
1109 1864 1202 1917 τοῦ
1236 1864 1393 1926 Θεοῦ,
1425 1863 1482 1927 ὃς
1513 1863 1605 1917 ἐπὶ
1633 1865 1841 1926 πάντας

260 1959 613 2031 βασιλεύσει,
678 1958 773 2012 καὶ
824 1955 926 2026 τῆς
988 1956 1266 2026 βασιλείας
1320 1954 1488 2008 αὑτοῦ
1538 1955 1638 2007 οὐκ
1692 1953 1843 2007 ἐσται

262 2054 437 2117 τέλος,
482 2052 558 2115 ώς
607 2052 946 2121 γέγραπται.
989 2048 1153 2102 Ἀλλὰ
1183 2049 1278 2101 καὶ
1329 2048 1466 2119 πρὸς
1510 2050 1613 2119 τὴν
1662 2050 1848 2119 φωνὴν

274 2168 294 2200 ι
322 2148 404 2201 Τὰ
434 2147 602 2214 Ἀγια
641 2147 754 2207 τοῖς
780 2145 979 2213 ἁγίοις,
1014 2162 1031 2195 ι
1074 2143 1152 2211 τὸ,
1193 2160 1211 2193 ι
1238 2138 1332 2205 Εἷς
1362 2142 1538 2211 ἅγιος,
1573 2161 1593 2193 ›
1630 2144 1685 2195 ἐν
1716 2143 1849 2194 ἁπο-

269 2238 449 2309 κρίσει
494 2236 810 2306 λεγόμενον,
854 2234 1071 2302 πρῶτον
1109 2233 1208 2303 μὲν
1260 2234 1358 2302 τὴν
1397 2230 1850 2301 αὐτοαγιωσύνην

270 2328 628 2396 καταγγέλλει
659 2327 751 2380 τοῦ
773 2326 931 2390 Θεοῦ,
965 2327 1061 2378 καὶ
1108 2328 1188 2378 ὅτι
1221 2325 1353 2394 παρ’
1378 2324 1543 2377 αὐτοῦ
1576 2326 1711 2378 πᾶσι
1738 2327 1852 2383 τοῖς

265 2420 653 2490 ἁγιαζομένοις
680 2421 829 2472 ἐστὶν
864 2421 891 2473 ό
926 2418 1220 2487 ἁγιασμός.
1246 2417 1355 2470 Καὶ
1382 2406 1769 2478 ταπεινώσεως
1794 2417 1851 2467 δὲ

270 2514 457 2582 ἐπέχει
487 2512 642 2579 λόγον
666 2526 680 2541 ·
725 2511 824 2574 Τίς
868 2509 978 2580 γὰρ
1013 2509 1186 2574 ἔσται,
1212 2507 1369 2576 φησὶ,
1400 2508 1640 2576 καθαρὸς
1669 2506 1849 2576 ἡμῶν,

268 2605 305 2674 ἡ
339 2604 419 2665 τίς
454 2602 646 2670 ἆγιος;
694 2596 786 2665 Εἷς
825 2602 986 2671 μόνος
1021 2601 1199 2669 ἁγιος,
1236 2593 1318 2663 εἷς
1348 2598 1607 2667 Χριστὸς,
1656 2598 1714 2661 ὃς

269 2694 402 2749 λανθ
412 2694 610 2765 ρώπως
641 2696 787 2765 ἡμᾶς
821 2694 1064 2761 ἁγιάσει.

333 2808 442 2878 ιιβν.
484 2808 546 2862 Τί
579 2808 644 2862 τὸ
675 2805 1000 2877 (truta-(Dom
1027 2806 1137 2861 τὸν
1161 2804 1324 2862 θεῖον
1360 2805 1543 2876 ἄρτον
1585 2805 1786 2873 δηλοῖ.

1766 2615 1854 2666 (ρι’

351 2965 424 3016 Τὸ
452 2963 507 3016 δέ
539 2962 824 3033 ἀνυψῶσαι
879 2963 971 3016 τὸν
1017 2964 1183 3031 ἄρτον
1230 2961 1329 3032 τὴν
1372 2962 1467 3014 ἐπὶ
1492 2960 1583 3015 τοῦ
1618 2960 1854 3031 σταυροῦ
1888 3010 1891 3013 .

274 3055 428 3124 δηλοῖ
450 3054 663 3124 ὓψωσιν
691 3053 787 3106 τοῦ
828 3052 1024 3123 Ἰησοῦ.
1053 3055 1148 3106 Διὸ
1179 3054 1277 3107 καὶ
1322 3053 1383 3107 τὸ
1426 3055 1688 3126 ποτήριον
1718 3054 1853 3125 πρό-

1943 1692 2030 1747 nis
2062 1692 2191 1745 unio
2219 1690 2458 1745 ﬁdeliutn
2500 1700 2822 1742 cunctorum
2890 1688 3227 1756 publicatur,
3271 1696 3325 1742 et
3392 1703 3526 1741 con-

1945 1798 2143 1838 sensus
2179 1782 2248 1836 ab
2284 1781 2543 1835 omnibus
2575 1781 2640 1833 de
2672 1780 3064 1849 prmdicatione
3125 1779 3400 1833 incarnati
3432 1778 3527 1831 Dei

1951 1874 2071 1929 Filii
2104 1874 2432 1930 exhibetur:
2474 1875 2565 1943 qui
2604 1874 2853 1944 regnabit
2888 1887 3055 1943 super
3086 1888 3303 1937 omnes,
3352 1881 3406 1927 et
3440 1885 3531 1924 rc-

1950 1965 2041 2036 gni
2072 1966 2190 2034 ejus
2214 1980 2321 2019 non
2354 1966 2457 2019 erit
2488 1964 2635 2030 ﬁnis,
2668 1973 2727 2017 ut
2751 1966 3015 2034 scriptum
3048 1971 3155 2018 est.
3185 1963 3328 2029 Quin
3362 1963 3526 2017 etiam

1951 2056 2016 2109 ad
2037 2058 2264 2119 ‘vocem,
2304 2073 2322 2105 ι
2362 2053 2562 2109 Sancta
2616 2056 2844 2119 sanctis,
2887 2074 2906 2106 ›
2944 2056 3087 2128 quod
3134 2054 3534 2123 respondetur,

1962 2166 1979 2199 ι
2012 2145 2164 2202 Unus
2190 2155 2436 2213 sanctus,
2459 2165 2477 2197 ›
2500 2149 2731 2217 primum
2755 2147 2973 2215 quidem
3001 2148 3175 2217 ipsam
3207 2147 3299 2202 Dei
3324 2146 3535 2200 sancti~

1954 2246 2120 2293 tatem
2158 2252 2263 2305 qua
2295 2253 2361 2291 ex
2415 2248 2590 2293 semet
2628 2249 2851 2293 sanctus
2885 2246 2992 2302 est,
3040 2246 3095 2292 et
3122 2237 3188 2291 ab
3236 2252 3302 2290 eo
3343 2236 3527 2290 omni-

1956 2330 2056 2384 bus
2086 2330 2442 2385 sauctiﬁcatis
2473 2332 2768 2385 sanctitate
2797 2318 3073 2399 proﬂuere
3110 2332 3433 2393 annuntiat,
3485 2337 3542 2381 et

1956 2419 2283 2473 humilitatis
2327 2434 2550 2474 causam
2603 2420 3038 2490 complectitur:
3088 2419 3249 2488 quasi
3299 2418 3540 2481 dicatur,

1956 2513 2089 2577 Quis
2123 2522 2372 2566 nostrum
2407 2512 2667 2579 mundus,
2699 2520 2791 2566 aut
2818 2512 2942 2582 quis
2975 2522 3201 2566 sanctus
3227 2510 3354 2565 est?
3389 2508 3544 2565 Unus

1957 2605 2106 2660 solus
2166 2613 2392 2657 sanctus
2444 2601 2608 2658 .lesus
2670 2602 2947 2669 Christus,
3003 2603 3096 2673 qui
3150 2602 3387 2672 benigne
3437 2615 3543 2655 nos

1958 2690 2346 2748 Sanctiﬁcabit.

1960 2806 2049 2862 92.
2092 2804 2235 2869 Quid
2285 2787 2492 2859 denotet
2545 2807 2684 2875 quod
2741 2806 2795 2858 in
2845 2804 3070 2859 sublime
3126 2805 3335 2858 divinus
3393 2804 3546 2872 panis

2601 2878 2891 2929 attollitur.

2032 2967 2198 3021 Panis
2232 2980 2360 3020 vero
2390 2965 2622 3020 elevatio
2686 2965 2813 3020 Jesu
2857 2967 2913 3020 in
2964 2980 3130 3020 cruce
3180 2964 3542 3021 elevationem

1971 3062 2256 3126 declarat;
2316 3058 2439 3112 idco
2495 3068 2549 3112 et
2598 3059 2773 3112 oculis
2826 3058 2964 3111 calix
3016 3058 3313 3125 obiicitur,
3364 3060 3458 3128 qui
3520 3072 3555 3113 e

279 3163 459 3200 κειται
482 3148 615 3199 αὐτὸ
637 3145 697 3198 τὸ
725 3146 835 3199 ἀπὸ
858 3146 956 3216 τῆς
987 3146 1149 3213 ἁγίας
1173 3145 1339 3199 αὐτοῦ
1388 3144 1588 3217 ρεῦσαν
1616 3147 1858 3217 πλευρᾶς

1973 3168 2132 3208 sacro
2164 3152 2285 3218 ejus
2319 3150 2484 3203 latere
2513 3150 2835 3219 sanguinem
2872 3149 3036 3202 simul
3086 3157 3140 3202 et
3185 3162 3385 3217 aquam
3424 3161 3555 3218 pro-

282 3241 450 3308 φέρον
485 3233 626 3307 αἷμα
648 3239 744 3292 καὶ
768 3238 938 3309 ὕδωρ.

282 3358 399 3422 ιιγθ.
439 3356 600 3407 Δεατι
641 3357 728 3420 είς
753 3355 1024 3423 τέσσαρα
1062 3350 1286 3423 μελιζει
1327 3355 1434 3407 τὸν
1474 3352 1638 3407 θεῖον
1658 3353 1864 3424 ἄρτον,

407 3444 413 3449 ν
571 3426 668 3477 καὶ
697 3425 1103 3493 σταυροειδῶς
1140 3426 1330 3479 αὑτὸν
1356 3428 1580 3492 τίθησι.

365 3620 470 3676 Τὸν
500 3622 599 3692 μὲν
627 3621 719 3674 οὖν
744 3621 909 3691 ἄρτον
932 3622 1011 3684 εἰς
1049 3621 1288 3691 τέσσαρα
1340 3622 1557 3690 διαιρεῖ,
1587 3622 1681 3673 καὶ
1704 3638 1869 3674 σταυ-

290 3715 514 3783 ροειδὼς
566 3712 739 3768 ταῦτα
791 3714 1017 3782 τίθησι,
1078 3716 1180 3766 κᾶν
1230 3716 1404 3781 τούτῳ
1452 3716 1874 3783 ἐσταυρωμένον

290 3808 482 3877 βλέπει
514 3807 603 3858 τὸν
650 3804 875 3876 Ἰησοῦν.
931 3805 1065 3857 Οὐδέ
1111 3808 1218 3876 γὰρ
1270 3806 1406 3876 ἄλλη
1456 3822 1542 3866 τις
1575 3806 1716 3858 οὕτω
1747 3806 1876 3858 θαυ-

294 3898 479 3967 μαστὴ
508 3897 733 3969 θεωρία,
763 3898 839 3961 ώς
867 3898 926 3951 τὸ
957 3900 1047 3949 τὸν
1078 3897 1282 3968 ὑψηλὸν
1314 3896 1445 3951 Θεὸν
1468 3897 1615 3951 οὕτω
1646 3901 1875 3968 θεωρεῖν

292 3990 437 4059 ὑπὲρ
483 3990 641 4058 ἡμῶν
674 3991 950 4044 ταπεινόν.
990 3990 1100 4060 Τὴν
1152 3991 1265 4044 ἄνω
1312 3992 1373 4044 δὲ
1430 3992 1628 4061 μερίδα
1674 3991 1875 4056 λαὸὼν,

294 4082 621 4152 σταυροειδῆ
647 4083 817 4134 τύπον
855 4082 1035 4148 δείξας
1067 4085 1143 4153 τῷ
1190 4083 1341 4153 ἄρτῳ
1401 4084 1656 4154 ἐμϐάλλει
1690 4083 1879 4137 τοῦτον

289 4180 375 4249 τῷ
409 4180 676 4251 ποτηρίῳ,
730 4180 826 4233 καὶ
851 4180 961 4233 τῶν
1000 4180 1318 4252 μυστηρίων
1354 4183 1591 4235 ποιεῖται
1625 4180 1722 4251 τὴν
1748 4180 1882 4234 ἕνω-

294 4289 404 4326 σιν.

372 4386 472 4457 usu
509 4390 671 4443 Διατί
722 4388 826 4442 καὶ
857 4388 985 4449 ζέον
1011 4389 1148 4510 ,ἓοῖς
1185 4388 1547 4457 μυστηρίοις
1583 4389 1814 4459 εἰσάγει

989 4476 1027 4510 υ
1068 4478 1167 4510 ωο.

989 4476 1167 4529 υοωρ.

378 4549 507 4604 Εἶτα
539 4553 635 4606 καὶ
668 4553 789 4616 ζέον
826 4553 968 4621 ὓδωρ
1000 4554 1183 4621 ἐγχέει
1222 4551 1298 4622 τῷ
1330 4552 1598 4622 ποτηρίῳ.
1634 4553 1807 4606 Τοῦτο
1830 4554 1887 4606 δὲ

301 4644 475 4707 ποιεῖ,
547 4642 843 4710 μαρτυρῶν
877 4642 956 4693 ὃτι
992 4641 1088 4692 καὶ
1122 4641 1314 4710 νεκρὸν
1341 4640 1561 4708 γεγονὸς
1592 4640 1652 4691 τὸ
1685 4642 1893 4708 Κυρια-

303 4739 405 4789 κὸν
456 4737 639 4807 σῶμα,
696 4738 794 4806 τῆς
837 4736 987 4797 θείας
1039 4735 1220 4805 ψυχῆς
1281 4734 1448 4787 αὑτοῦ
1503 4735 1891 4805 χωρισθείσης.

305 4828 576 4892 ζωοποιὸν
621 4825 777 4893 αὖθις
809 4829 993 4899 ἔμενε,
1028 4830 1125 4898 τῆς
1160 4829 1414 4898 θεότητος
1460 4827 1561 4897 μὲν
1602 4826 1662 4878 οὐ
1690 4827 1895 4897 διαιρεο

309 4922 502 4988 θείσης
528 4921 695 4990 αὐτῷ,
731 4921 825 4973 καὶ
868 4920 976 4973 τῶν
1010 4920 1308 4989 ἐνεργειῶν
1339 4917 1396 4971 δὲ
1442 4917 1536 4970 τοῦ
1572 4915 1895 4987 Πνεῦματος

310 5011 543 5063 ἁπασῶν
586 5013 661 5080 μὴ
707 5009 1111 5081 χωρισθεισών.
1172 5009 1328 5062 Ἐπεὶ
1379 5007 1472 5061 οῦν
1520 5011 1618 5060 καὶ
1661 5009 1721 5060 τὸ
1773 5008 1897 5072 ζέον

310 5103 461 5173 ὕδωρ
494 5102 731 5172 ζωτικὴν
781 5104 858 5173 τῷ
907 5104 1096 5180 θερμῷ
1134 5102 1434 5171 παρέχεται
1484 5102 1745 5170 ἔμφασιν,
1783 5103 1897 5154 εἰσ-

309 5196 510 5262 άγεται
542 5195 665 5247 τότε
695 5197 754 5247 ἐν
778 5196 854 5264 τῷ
883 5194 1061 5264 καιρῷ
1096 5194 1194 5262 τῆς
1229 5193 1603 5263 μεταλήψεως,
1635 5192 1710 5256 ὼς
1744 5190 1808 5245 ἂν
1833 5193 1902 5245 τὰ

310 5288 472 5359 χείλη
501 5288 580 5358 τῷ
617 5288 864 5357 ποτηρίῳ
901 5288 1312 5358 προσψαύοντες
1362 5289 1459 5340 καὶ
1512 5286 1903 5349 κοινωνοῦντες

310 5378 413 5432 τοῦ
444 5380 695 5450 αἵματος,
727 5380 800 5444 ώς
833 5382 940 5434 ἀπὸ
966 5382 1066 5451 τῆς
1094 5379 1361 5445 ζωοποιοῦ
1405 5380 1649 5451 πλευρᾶς
1680 5379 1899 5449 ἐκείνης

311 5472 572 5535 πίνοντες
609 5474 1000 5545 διατιθώμεθα,
1046 5478 1145 5545 τῆς
1180 5473 1434 5543 θεότητος
1481 5475 1556 5544 μὴ
1601 5472 1898 5543 διαιρεθείο

312 5582 444 5634 σης,
479 5567 820 5637 ἐκτυπούσης
845 5569 1004 5621 τοῦτο
1026 5568 1127 5637 τῆς
1159 5569 1471 5636 εἰσαγωγῆς
1496 5569 1589 5619 καὶ
1616 5565 1872 5636 προσψαύ

312 5674 461 5719 σεως
495 5658 587 5712 τοῦ
625 5658 853 5730 θερμοῦ.
880 5659 998 5732 Πῦρ
1024 5661 1134 5732 γὰρ
1164 5660 1191 5714 ό
1224 5659 1353 5725 Θεὸς
1377 5657 1535 5730 ἡμῶν
1568 5658 1902 5728 γέγραπται.

397 5849 416 5879 ⁷
444 5845 679 5917 Philipp.
726 5862 785 5913 tt,
821 5846 911 5902 ll.

1915 4504 1967 4564 D

1970 3244 2230 3297 ﬂuentem
2274 3239 2543 3293 continet.

1970 3386 2061 3441 93.
2103 3383 2281 3446 Quare
2353 3379 2405 3430 in
2473 3388 2702 3445 quatuor
2770 3389 2949 3447 partes
3011 3378 3221 3431 dividat
3282 3376 3557 3446 episcopus

2044 3469 2259 3507 sacrum
2280 3464 2490 3516 panem,
2516 3458 2565 3500 et
2601 3453 2677 3503 ita
2711 3449 2833 3503 illas
2852 3457 3016 3517 ponat
3047 3457 3101 3500 ut
3135 3448 3363 3516 formant
3389 3447 3562 3500 crucis
3616 3476 3619 3477 ν

2045 3530 2298 3587 νεΙειγιηι.

2047 3640 2251 3693 Panem
2307 3639 2470 3693 etiam
2526 3638 2578 3691 in
2615 3644 2855 3706 quatuor
2908 3644 3099 3704 partes
3152 3632 3371 3698 dividit,
3413 3632 3563 3686 etin

1978 3732 2201 3787 modum
2231 3730 2413 3784 crucis
2458 3732 2760 3798 componit,
2798 3735 2852 3782 et
2904 3728 2958 3780 in
2991 3740 3059 3781 eo
3091 3724 3421 3780 cruciﬁxum
3469 3721 3564 3777 Je-

1980 3836 2101 3877 sutn
2156 3820 2596 3888 contemplatur:
2664 3834 2768 3872 nec
2822 3818 2970 3873 enim
3042 3816 3335 3872 sublimior
3386 3822 3569 3885 potest

1982 3925 2108 3967 esse
2139 3910 2537 3980 contemplatio
2576 3924 2739 3978 quam
2797 3910 2937 3977 ejus,
2972 3908 3067 3977 qui
3124 3920 3248 3961 eum
3286 3906 3361 3959 sit
3411 3904 3562 3960 Deus
3616 3953 3623 3961 .

1982 4004 2233 4060 excelsus
2271 4018 2370 4073 pro
2404 4002 2563 4057 nobis
2596 4000 2819 4056 humilis
2852 4000 3033 4054 factus
3064 4007 3168 4055 est.
3204 3996 3560 4067 Superiorem

1984 4104 2168 4149 autem
2206 4092 2538 4163 portionem,
2566 4106 2692 4146 cum
2726 4105 2813 4156 ea,
2848 4090 3025 4144 I‘orma
3066 4088 3251 4145 crucis
3279 4101 3569 4156 expressa,

1985 4188 2043 4244 in
2112 4184 2339 4242 calicem
2393 4182 2678 4251 immittit,
2735 4184 3244 4256 mysteriorumque
3308 4180 3568 4235 unionem

1989 4280 2143 4335 facit.

1989 4390 2079 4446 94.
2125 4390 2301 4456 Quare
2339 4404 2533 4459 aquam
2558 4389 2852 4471 ferventem
2893 4389 3136 4457 a/fundat
3170 4387 3439 4457 mysteriis
3471 4386 3577 4441 sive

2520 4470 2637 4512 ωηο
2683 4470 3006 4513 εοηδεειγιιο.

2070 4553 2202 4609 Post
2236 4552 2537 4607 ferventem
2576 4567 2771 4621 aquam
2808 4553 2861 4605 in
2897 4552 3126 4606 calicem
3182 4538 3382 4621 injicit,
3419 4551 3566 4621 quod

1999 4649 2134 4703 facit
2170 4655 2424 4712 testatus,
2490 4646 2653 4700 etiam
2718 4654 2997 4699 mortuum
3063 4645 3282 4699 Domini
3349 4660 3576 4714 corpus,

1999 4741 2297 4810 divinaque
2328 4738 2512 4791 anima
2537 4738 2607 4792 ab
2638 4752 2706 4791 eo
2749 4746 3024 4807 separata,
3056 4735 3419 4791 nihilominus
3447 4736 3587 4791 vivi-.

2002 4834 2167 4889 ﬁcum
2226 4831 2522 4893 mansisse,
2585 4828 2879 4883 divinitate
2935 4827 3194 4881 nimirum
3246 4826 3584 4896 operationi-

2000 4926 2215 4995 busque
2265 4923 2507 4993 Spiritus
2546 4920 2819 4975 universis
2850 4918 2922 4983 ab
2956 4933 3025 4973 eo
3057 4917 3377 4987 neutiquam
3407 4916 3586 4971 divul-

2003 5019 2105 5073 sis.
2138 5018 2205 5071 Et
2238 4998 2365 5085 quia
2429 5027 2568 5081 aqua
2618 5009 2795 5063 calida
2844 5009 3061 5062 vitalem
3109 5010 3349 5077 speciem
3385 5006 3456 5061 ob
3488 5021 3585 5061 ca-

2005 5111 2176 5167 lorem
2210 5109 2439 5179 praebet,
2470 5117 2716 5175 tempore
2769 5102 3178 5156 communionis
3237 5100 3534 5155 adhibetur
3566 5115 3582 5167 ;

2007 5213 2069 5257 ut
2099 5200 2268 5255 labris
2298 5198 2535 5254 admotis
2566 5204 2620 5251 et
2677 5195 2936 5264 sanguini
2980 5195 3485 5256 connuunicantes,
3517 5193 3590 5247 ita

2012 5293 2335 5358 alliciantur,
2380 5292 2537 5360 quasi
2574 5303 2605 5343 e
2641 5286 2857 5342 viviﬁco
2917 5286 3012 5342 illo
3048 5285 3216 5341 latere
3265 5286 3595 5341 libaremus.

2010 5384 2264 5443 Nondum
2319 5383 2465 5438 enim
2512 5381 2778 5435 divinitas
2820 5380 3016 5435 avulsa
3057 5387 3167 5443 est,
3206 5378 3353 5448 quod
3385 5392 3481 5447 per
3509 5377 3594 5430 in-

2015 5473 2422 5530 troductionem
2458 5481 2512 5526 et
2537 5470 2741 5526 caloris
2765 5479 3083 5525 contactum
3132 5471 3420 5539 ﬁguratur.
3450 5466 3599 5520 Aﬁ‘e-

2015 5579 2214 5622 runtur
2245 5566 2409 5636 hujus
2477 5564 2555 5618 rei
2613 5563 2878 5626 rationes,
2941 5577 2971 5615 a
3005 5565 3240 5617 summis
3297 5559 3434 5617 viris
3479 5560 3600 5611 aliae

2017 5675 2275 5732 quoque;
2310 5672 2501 5715 verum
2544 5656 2650 5712 ista
2674 5661 2884 5715 nostra
2930 5653 3308 5711 consideratio
3337 5648 3598 5707 sufﬁciat.
