4056 6466
376 340 481 405 745

1356 333 1772 396 EXPOSITIO
1796 333 1894 394 DE
1930 333 2202 395 DIVINO
2241 331 2570 395 TEMPLO.

3522 332 3627 398 746

372 453 530 525 ἡμῶν
561 451 654 515 καὶ
679 447 1094 520 ἱερουργηθέντι
1124 446 1217 500 καὶ
1243 445 1528 517 τεθυμένῳ
1556 446 1651 499 καὶ
1666 444 1742 515 τῷ
1770 445 1945 516 Πατρὶ

2056 462 2145 517 per
2187 446 2564 502 adorationem
2625 454 2679 500 et
2729 450 3173 503 communionem
3229 458 3625 521 aspectumque

370 542 887 615 προσενηνεγμένῳ,
946 540 1041 592 καὶ
1089 539 1177 590 διὰ
1214 538 1313 607 τῆς
1363 538 1792 607 προσκυνήσεως
1851 538 1948 589 καὶ

371 633 729 705 εὐχαριστίας
760 632 858 684 καὶ
905 628 1084 697 ὅψεως
1142 627 1562 693 καθαγιασθῶσι
1614 626 1714 695 μὲν
1740 624 1948 688 ὑλικῶς

370 729 420 780 οἱ
452 723 638 777 πιστοὶ
666 765 683 789 ,
717 720 928 791 τύχωσι
980 721 1038 772 δὲ
1088 718 1319 787 ἱλασμοῦ
1353 717 1406 769 οἵ
1432 734 1490 768 τε
1522 717 1946 784 παριστάμενοι,

371 817 427 870 οἱ
451 832 509 868 τε
541 813 686 877 κατὰ
712 812 871 877 λόγον
899 808 1336 878 ἀποδημοῦντες,
1374 807 1470 859 καὶ
1503 808 1552 859 οἱ
1577 809 1638 859 ὲν
1668 807 1831 859 παντὶ
1871 804 1949 875 τῷ

371 909 563 975 κόσμῳ
594 905 801 968 πιστοὶ,
849 903 943 955 καὶ
976 900 1058 954 ἐτι
1095 901 1143 952 οἱ
1184 897 1673 969 προτελειωθέντες
1705 896 1949 961 εὐσεϐῶς

371 996 788 1062 καταξιωθῶσιν
851 994 1110 1055 ἀνέσεως.
1143 992 1234 1044 Διὸ
1290 990 1385 1043 καὶ
1420 989 1557 1058 ὑπὲρ
1611 988 1950 1051 ὲαυτοῦνπᾶς

375 1089 568 1149 πιστὸς
591 1086 857 1157 εὐχέσθω,
886 1086 979 1138 καὶ
1007 1084 1117 1151 τῶν
1143 1081 1314 1136 αὑτοῦ
1345 1081 1471 1134 τότε
1508 1080 1728 1144 ζώντων
1761 1096 1823 1132 τε
1854 1081 1950 1139 καὶ

369 1181 701 1242 τεθνεώτων,
728 1176 982 1247 καθορῶν
1022 1173 1352 1242 διαλλακτὴν
1399 1172 1565 1224 αὑτὸν
1590 1171 1949 1239 δεικνύμενον

370 1273 463 1325 τὸν
518 1271 825 1343 Δεσπότην,
880 1268 977 1321 atat
1065 1267 1207 1335 ὑπὲρ
1258 1266 1514 1319 ἁπάντων
1583 1262 1952 1333 γεγενημένον

372 1363 567 1416 Θυσίαν
629 1364 725 1416 καὶ
786 1360 1122 1429 ἱλαστήριον.
1171 1357 1281 1410 Καὶ
1323 1357 1420 1409 σὺν
1452 1356 1602 1425 φόόῳ
1653 1356 1819 1408 παντὶ
1858 1354 1952 1408 καὶ

372 1456 547 1523 πόθῳ,
581 1453 692 1505 τῶν
745 1452 905 1504 θείων
935 1451 1301 1519 δεικνυμενων
1348 1446 1561 1516 δώρων,
1593 1445 1702 1506 πᾶς
1756 1444 1952 1504 πιστὸς

372 1543 809 1617 ἁπερικαλύπτῳ
838 1546 904 1613 τῇ
922 1541 1136 1611 κεφαλῇ
1168 1541 1305 1609 πρὸς
1329 1539 1398 1591 τὰ
1421 1538 1544 1590 Θεῖα
1563 1537 1711 1607 δῶρα
1739 1536 1946 1605 ὁράτω,

374 1639 468 1693 καὶ
505 1637 623 1707 μετ’
658 1636 946 1697 εὐλαϐείας
984 1633 1082 1687 καὶ
1132 1632 1338 1702 τρόμου
1393 1627 1797 1700 προσκυνείτω,
1856 1628 1953 1678 καὶ

375 1706 763 1802 προσευχέσθω
796 1728 937 1798 ὑπέρ
971 1744 1030 1781 τε
1083 1724 1281 1779 ἑαυτοῦ
1334 1723 1429 1776 καὶ
1458 1721 1567 1774 τῶν
1624 1719 1814 1785 αὐτοῦ,
1848 1717 1948 1771 καὶ

2050 538 2213 609 plane
2261 538 2643 607 puriﬁcentur,
2695 548 2750 593 et
2834 547 2898 593 ut
2970 541 3320 608 assistentes,
3384 550 3442 598 et
3529 558 3633 613 pro

2050 635 2296 697 tempore
2325 631 2579 683 absentes
2610 637 2665 683 et
2724 643 2819 698 per
2867 645 3085 687 omnem
3128 639 3403 687 terrarum
3430 634 3620 686 orbem

2051 700 2234 772 diffusi
2291 717 2687 772 misericordiae
2756 730 3037 787 compotes
3108 719 3267 784 tiant,
3327 732 3381 775 et
3436 722 3625 789 utqui

2051 812 2157 864 rite
2183 810 2473 879 praeparati
2525 819 2676 875 sunt,
2748 809 3148 880 indulgentiam
3207 813 3629 867 nanciscanwr.

2053 901 2234 968 Quare
2268 902 2447 955 omnis
2500 901 2678 955 ﬁdelis
2724 916 2822 970 pro
2862 916 2922 956 se
2956 915 3013 957 et
3045 916 3145 970 pro
3195 902 3337 957 vivis
3385 916 3450 955 ac
3485 918 3630 955 mor-

2054 992 2163 1046 tuis
2214 1005 2409 1060 preces
2454 989 2642 1057 faciat,
2686 989 2983 1045 Dominum
3044 993 3117 1046 ob
3180 993 3370 1046 oculos
3424 1007 3634 1061 ponens

2053 1081 2148 1151 qui
2180 1096 2292 1151 prae
2320 1081 2575 1137 omnibus
2615 1083 2945 1137 sacriﬁcium
3014 1091 3097 1137 est
3148 1082 3331 1149 factus
3359 1091 3415 1137 et
3451 1085 3634 1153 propi-

2054 1175 2372 1240 tiatorium;
2435 1183 2489 1228 et
2553 1175 2812 1244 quilibet,
2878 1177 3006 1229 dum
3042 1176 3186 1230 dona
3237 1177 3425 1243 divina
3481 1192 3638 1230 mon-

2054 1274 2320 1329 stnntur,
2354 1282 2480 1320 eum
2512 1278 2658 1321 metu
2719 1282 2783 1321 ac
2813 1267 3109 1332 desiderio,
3165 1268 3383 1322 detecto
3419 1270 3629 1337 capite.

2055 1358 2297 1413 ctelcstia
2333 1360 2474 1412 dona
2510 1359 2689 1413 oculis
2737 1360 2954 1422 lustret,
3012 1367 3068 1415 et
3116 1373 3243 1412 cum
3299 1367 3540 1412 tremore
3580 1369 3636 1412 et

2056 1459 2330 1505 cetmnoto
2368 1451 2554 1523 animo
2590 1466 2766 1520 genua
2798 1451 2984 1507 ﬂectat
3021 1453 3196 1508 donec
3240 1453 3499 1508 sacerdos
3546 1451 3635 1505 illa

2054 1544 2271 1596 auferat
2316 1558 2383 1605 ex
2434 1544 2813 1598 tabernaculo.
2868 1544 3039 1599 Nemo
3094 1554 3279 1600 autem
3317 1546 3471 1616 gravi
3535 1546 3629 1598 illo
3670 1612 3675 1615 _

2056 1635 2319 1704 temporis
2368 1645 2649 1689 momento
2704 1637 2956 1691 indolens
3006 1648 3160 1703 esto;
3195 1637 3448 1692 Christus
3485 1639 3633 1691 enim

2059 1726 2172 1794 ipse
2209 1741 2449 1793 praesens
2500 1737 2604 1789 est,
2648 1739 2701 1782 et
2746 1729 2797 1781 in
2849 1730 3021 1783 calice
3069 1729 3484 1784 sanctissimum
3518 1730 3639 1796 ejus

374 1824 594 1877 πάντων
625 1820 856 1889 πιστῶν,
884 1820 958 1883 ὡς
987 1821 1315 1889 εἰρήκαμεν,
1350 1817 1454 1879 ἓως
1475 1818 1503 1869 ό
1552 1814 1732 1885 ἱερεὺς
1759 1811 1953 1881 θυμιά-

2062 1832 2260 1885 corpus
2313 1827 2367 1871 et
2430 1820 2654 1886 sanguis
2715 1829 2988 1889 prostant.
3045 1820 3426 1891 Quodcunque
3488 1824 3636 1875 enim

377 1935 476 1980 σας
503 1916 785 1985 ἀπενέγκῃ
834 1913 1011 1965 ταῦτα
1052 1913 1109 1964 ὲν
1159 1914 1227 1980 τῇ
1270 1908 1556 1980 προθέσει.
1604 1906 1712 1969 Καὶ
1758 1906 1951 1975 μηδεὶς

375 2010 516 2063 κατὰ
539 2001 631 2060 τὸν
685 2005 917 2077 φρικτὸν
946 2004 1158 2056 ἐκεῖνον
1191 2001 1385 2069 καιρὸν
1439 1999 1735 2068 ἀμελείτω.
1778 1996 1950 2059 Αὐτὸς

375 2104 482 2170 γάρ
516 2103 664 2153 ἐστιν
693 2097 1127 2169 ὲμφανιζόμενος
1158 2097 1185 2147 ό
1217 2095 1478 2164 Χριστὸς,
1506 2092 1605 2159 ¹καὶ
1663 2093 1719 2142 ὲν
1750 2090 1827 2159 τῷ
1856 2106 1954 2140 πο-

375 2194 547 2263 τηρίῳ
570 2192 702 2246 αὐτὸ
736 2191 797 2243 τὸ
821 2191 1089 2257 πανάγιον
1115 2185 1281 2240 αὐτοῦ
1308 2185 1471 2253 σῶμα
1520 2182 1614 2234 καὶ
1646 2182 1707 2233 τὸ
1737 2180 1953 2232 θειότα-

374 2304 466 2340 τον
500 2281 665 2354 αἷμα.
714 2283 827 2338 Καὶ
860 2283 998 2351 ὅπερ
1034 2280 1103 2334 ἄν
1134 2297 1218 2344 τις
1264 2280 1388 2331 τότε
1424 2276 1642 2341 εὔξαιτο
1675 2275 1814 2344 μετὰ
1862 2272 1954 2324 πί-

2060 1917 2171 1961 ttnn
2202 1908 2398 1978 aliquis
2432 1911 2647 1978 petierit
2691 1911 2745 1965 in
2801 1922 2989 1967 sancto
3046 1914 3165 1983 ejus
3214 1914 3457 1977 nomine,
3490 1912 3639 1966 acciv-

2059 2000 2192 2066 piet,
2230 2002 2374 2055 sicut
2405 2001 2657 2056 Salvator
2681 2004 2796 2073 ipse
2840 2006 3231 2074 pronuntiavit.
3262 2005 3412 2059 lianc
3440 2005 3640 2060 adora-

2061 2088 2261 2141 tionent
2302 2104 2425 2169 cum
2461 2090 2659 2144 timore
2726 2092 2781 2145 in
2845 2093 3098 2161 ingressu
3150 2094 3636 2160 praesanctiticato-

2060 2194 2180 2232 rum
2230 2180 2455 2250 exsequi
2497 2181 2782 2249 debemus,
2838 2199 3025 2237 verum
3076 2184 3362 2240 Christum
3410 2188 3638 2240 creden—

2064 2281 2148 2325 tes
2180 2286 2305 2325 eum
2340 2290 2501 2341 quem
2543 2276 2803 2330 sacerdos
2836 2277 2888 2329 in
2920 2280 3096 2347 capite
3122 2279 3284 2348 gerit.

378 2398 568 2445 στεως,
605 2381 830 2450 εὑρήσει
868 2380 927 2431 ἐν
953 2378 1031 2445 τῷ
1061 2376 1203 2445 ἁγίῳ
1253 2373 1418 2429 αὑτοῦ
1450 2374 1701 2442 ὀνόματι,
1746 2368 1930 2430 καθώς
1971 2384 2075 2437 περ
2136 2364 2288 2421 εἶπεν
2349 2371 2532 2434 αὑτός.
2576 2373 2796 2441 Ταύτην
2838 2374 2939 2445 τὴν
3005 2376 3144 2444 μετὰ
3197 2375 3362 2443 φόϐου
3406 2373 3647 2445 προσκύ-

375 2490 530 2543 νησιν
559 2472 653 2525 καὶ
708 2470 809 2540 τὴν
858 2467 1172 2537 προσευχήν
1222 2467 1320 2520 καὶ
1370 2466 1430 2519 ὲν
1499 2467 1566 2533 τῇ
1628 2461 1819 2530 είσόδῳ
1850 2460 1957 2513 τῶν
1999 2460 2465 2529 προηγιασμένων
2491 2464 2667 2517 τελεῖν
2688 2464 3005 2533 ὀφείλομεν,
3043 2464 3119 2528 ὡς
3147 2466 3312 2520 αὑτὸν
3546 2467 3640 2522 τὸν

374 2566 611 2636 Χριστὸν
645 2561 881 2632 ὁρῶντες
913 2560 1009 2612 ὲπὶ
1033 2559 1132 2629 τῆς
1182 2556 1428 2625 κεφαλῆς
1455 2554 1548 2609 τοῦ
1586 2556 1779 2624 ἱερέως
1811 2550 2208 2622 κρατούμενον.

380 2684 448 2751 ρ’.
500 2682 561 2734 Τί
583 2680 865 2750 σημαίνει
896 2673 1206 2751 τό-θυμιᾷν
1228 2676 1509 2751 ἤστερον-
1534 2672 1622 2751 τὰ.
1643 2669 1956 2751 μυστήρια

527 2753 627 2804 καὶ
651 2742 747 2816 τὸ,
785 2769 803 2802 ι
830 2742 1196 2818 ’Υψώθήτίό
1237 2742 1402 2811 Θεὸς,
1442 2762 1460 2795 ο
1485 2742 1808 2809 ἐπιλέγειν.

447 2846 560 2897 Καὶ
611 2844 751 2896 οὕτω
807 2842 907 2912 τὴν
942 2840 1035 2894 τοῦ
1076 2840 1212 2893 Θεοῦ
1272 2836 1645 2909 κληρονομίαν
1723 2842 1819 2886 καὶ
1862 2830 1955 2884 τὸν

377 2934 693 3005 περιούσιον
727 2933 857 2987 λαὸν
908 2931 1286 3002 ἐπευξάμενος
1339 2932 1366 2981 ό
1413 2926 1729 2999 ἀρχιερεὺς,
1763 2925 1955 2979 ἄπεισι

378 3027 590 3097 θυμιῶν
621 3028 689 3079 τά
726 3025 899 3093 δῶρα,
940 3023 1239 3090 ἐπιλέγων,
1281 3022 1383 3074 ὅσα
1418 3020 1518 3090 τὴν
1553 3017 1824 3087 ἀνάληψιν
1856 3015 1952 3069 τοῦ

377 3122 631 3189 Σωτῆρος
664 3119 838 3189 δηλοῖ,
865 3117 963 3170 καὶ
987 3118 1087 3186 τὴν
1130 3114 1274 3187 μετὰ
1297 3113 1504 3182 ταύτην
1536 3112 1693 3178 δόξαν
1718 3110 1814 3163 τοῦ
1854 3127 1951 3180 κη-

381 3218 659 3284 ρύγματος
691 3210 857 3265 αὑτοῦ
886 3212 944 3261 ἐν
978 3210 1129 3279 πάσῃ
1181 3210 1247 3277 τῇ
1283 3207 1484 3270 κτίσει,
1513 3204 1678 3257 οἱονεὶ
1706 3201 1953 3271 διαλεγό-

380 3322 541 3373 μενος
597 3302 677 3372 τῷ
739 3301 977 3377 Σωτῆρι,
1020 3301 1115 3352 καὶ
1164 3294 1361 3364 λέγων,
1400 3298 1505 3362 ὅτι,
1546 3297 1620 3349 Σὺ
1675 3295 1953 3364 κατῆλθες

379 3397 572 3464 μέχρις
600 3393 781 3463 ἡμῶν,
819 3393 913 3445 καὶ
940 3390 1065 3446 καθ’
1102 3391 1251 3459 ἡμᾶς
1292 3387 1505 3458 ὤφθης,
1552 3390 1647 3440 καὶ
1683 3389 1764 3450 εἱς
1793 3389 1959 3456 ούρα-

376 3488 501 3548 νοὺς
532 3484 892 3555 ἀνελήλυθας,
932 3484 1029 3536 καὶ
1064 3481 1420 3551 ἀναληφθεὶς,
1450 3481 1517 3551 τῇ
1554 3480 1682 3550 δόξῃ
1712 3483 1811 3547 τῆς
1857 3483 1955 3548 σῆς

376 3580 663 3649 δυνάμεως
697 3578 1072 3645 πεπλήρωκας
1118 3576 1298 3629 πᾶσαν
1328 3572 1426 3643 τὴν
1480 3573 1609 3640 γῆν,
1651 3573 1719 3624 δι’
1768 3567 1836 3643 ἦς
1867 3573 1959 3624 καί

376 3674 536 3742 ἡμεῖς
571 3666 990 3739 ἱερουργοῦντες
1036 3683 1133 3718 σου
1168 3667 1239 3720 τὰ
1299 3665 1603 3735 μυστήρια,
1636 3664 1730 3716 καὶ
1792 3666 1957 3732 μετέ-

375 3761 543 3833 χομέν
572 3776 687 3820 σου,
714 3760 809 3810 καὶ
839 3756 960 3826 μεθ’
989 3756 1149 3826 ἡμῶν
1181 3755 1447 3826 διηνεκῶς
1472 3755 1672 3825 ἔχομέν
1704 3771 1787 3807 σε.
1836 3754 1957 3805 Ἑπὶ

374 3850 608 3912 τούτοις,
642 3849 754 3901 τῶν
785 3846 949 3917 ἱερῶν
987 3846 1177 3915 δώρων
1228 3846 1287 3899 ἐν
1345 3848 1413 3916 τῇ
1450 3844 1712 3915 προθέσει
1763 3845 1959 3895 ἀπενε-

376 3940 644 4010 χθέντων,
688 3940 937 3993 διακόνου
974 3941 1075 4008 μὲν
1104 3939 1196 3992 τὸν
1233 3938 1416 3992 δίσκον
1442 3941 1536 3991 ἐπὶ
1562 3938 1665 4007 τῆς
1692 3936 1955 4004 κεφαλῆς,

379 4033 571 4101 ἱερέων
596 4034 653 4085 δὲ
673 4033 789 4094 ταῖς
814 4031 973 4101 χερσὶ
1009 4032 1078 4085 τὰ
1103 4032 1340 4101 ποτήρια
1400 4030 1760 4099 κατεχόντων,
1794 4028 1958 4087 αὐτὸς

378 4124 806 4195 εὐχαριστήσας,
843 4124 941 4177 καὶ
974 4124 1075 4185 τὰς
1103 4126 1296 4194 χεῖρας
1328 4122 1648 4192 νιψάμενος,
1687 4119 1857 4185 ἔξεισι
1897 4118 1958 4172 τὸ

378 4217 721 4288 καλούμενον
746 4200 1050 4289 άντίὸωρον
1074 4216 1377 4279 ἀντιδιδοὺς
1413 4216 1491 4285 τῷ
1517 4213 1654 4283 λαῷ.

378 4325 486 4398 ρα’.
523 4328 585 4382 Τί
638 4327 773 4380 ἐστι
814 4325 895 4380 τὰ
929 4327 1313 4398 καλούμενον
1367 4327 1722 4395 ἀντίδωρον,
1771 4325 1868 4380 καὶ
1912 4325 1952 4393 ἡ

952 4398 1168 4451 τούτου
1198 4397 1393 4463 δόσις.

458 4572 609 4625 Ἐπεὶ
637 4574 747 4642 γὰρ
774 4573 866 4625 τὸν
899 4569 1159 4642 Χριστὸν,
1198 4572 1275 4634 ὡς
1312 4570 1567 4637 εἴπομεν,
1592 4572 1621 4622 ό
1654 4571 1952 4642 ἀρχιερεὺς

372 4665 651 4727 εἱκονίζει,
687 4665 937 4719 αὑτὸνδὲ
992 4666 1086 4717 καὶ
1149 4663 1479 4734 ἱερούργησε
1537 4665 1631 4715 καὶ
1684 4666 1944 4733 μετέσχε,

374 4757 473 4810 καὶ
498 4761 611 4819 τοῖς
651 4758 975 4827 ἱερωμένοις
1038 4757 1365 4825 μετέδωκεν,
1402 4756 1679 4823 ἁγιασμοῦ
1705 4756 1760 4808 δὲ
1788 4758 1951 4824 χρεία.

376 4855 674 4921 μετασχεῖν
699 4850 795 4903 καὶ
832 4852 922 4903 τὸν
954 4851 1104 4914 λαὸν,
1143 4853 1267 4912 ὅσος
1313 4852 1410 4921 μὲν
1445 4850 1554 4901 ἀπὸ
1578 4850 1687 4903 τῶν
1721 4867 1952 4919 προσευ-

374 4945 484 5014 χῶν
517 4947 543 4996 ὁ
570 4946 845 5014 ἁγιασμὸς
879 4945 975 4997 καὶ
1027 4945 1126 5013 τῆς
1164 4944 1405 5013 φρικτῆς
1448 4943 1790 5014 ἱερουργίας,
1827 4959 1955 5011 νοη-

373 5042 482 5102 τῶς
512 5043 624 5103 τοῖς
660 5042 876 5101 πιστοῖς
912 5040 1204 5109 ημετεδόθη.
1252 5040 1405 5091 Ἐπεὶ
1437 5040 1493 5091 δὲ
1526 5040 1619 5089 καὶ
1667 5037 1738 5089 δι’
1764 5040 1958 5107 αίσθη-

296 5134 301 5135 ⁷
376 5136 486 5185 τῶν
516 5152 685 5186 τινων
734 5136 809 5197 ὡς
858 5137 1017 5205 σῶμα
1067 5136 1480 5204 περικειμένοις
1545 5135 1635 5184 τὴν
1670 5134 1950 5201 ἁγιασμόν

376 5227 486 5279 ἔδει
540 5228 748 5293 λαϐεῖν,
779 5228 869 5282 διὰ
916 5228 1010 5281 τοῦ
1058 5228 1361 5296 ἀντιὸώρου
1412 5230 1648 5296 γίνεται.
1689 5229 1864 5282 Τοῦτο
1899 5229 1955 5281 δὲ

374 5319 714 5396 ἡγιασμένος
744 5320 896 5373 ὲστὶν
938 5321 1103 5390 ἄρτος
1156 5322 1214 5373 ἐν
1266 5322 1333 5391 τῇ
1391 5320 1652 5390 προθέσει
1700 5337 1959 5388 προσενε-

376 5415 552 5487 χθεὶς,
578 5413 638 5478 ἐξ
672 5408 734 5469 οὗ
757 5415 816 5466 τὸ
850 5415 1180 5482 μεσαίτατον
1208 5412 1497 5483 ὲκὸληθὲν,
1533 5414 1629 5465 καὶ
1661 5414 1956 5482 ἱερουργη-

378 5509 537 5577 θῆναι
568 5506 961 5576 προσενεχθέν.
990 5504 1157 5567 Οὗτος
1184 5504 1435 5574 ὕστερον,
1471 5505 1545 5566 ὡς
1573 5505 1669 5557 καὶ
1694 5507 1758 5575 τῇ
1788 5504 1959 5575 λόγχῃ

379 5600 760 5667 σφραγισθεὶς,
797 5600 893 5653 καὶ
927 5601 1045 5652 θεῖα
1081 5598 1376 5667 δεξάμενος
1411 5599 1657 5668 ῥήματα,
1691 5600 1812 5652 ἀντὶ
1848 5600 1957 5651 τῶν

379 5691 569 5762 δώρων
604 5694 709 5745 τῶν
772 5693 1019 5763 φρικτῶν
1070 5694 1274 5765 δηλαδὴ
1335 5693 1676 5764 μυστηρίων,
1728 5694 1836 5754 τοῖς
1879 5692 1956 5762 μὴ

382 5784 716 5854 μετασχοῦσι
751 5784 959 5837 τούτων
991 5785 1317 5855 παρέχεται.
1357 5784 1515 5840 Οὕτω
1570 5784 1827 5855 ποιήσας,
1856 5782 1952 5839 καὶ

658 5880 927 5944 ΡΑτιιοι..
976 5883 1092 5947 Gn.
1138 5881 1305 5947 CLV.

2063 2671 2189 2724 100.
2223 2671 2364 2737 Quid
2393 2674 2648 2753 signiﬁcet
2685 2674 2977 2753 quodipost
3014 2677 3263 2753 mystﬁeria
3307 2677 3368 2744 ﬁt
3407 2677 3641 2749 sul/itus.

2378 2742 2703 2813 additurque
2725 2761 2743 2797 :
2775 2763 2793 2795 ι
2818 2742 3088 2799 Exultat-r3
3121 2742 3314 2800 DeusJ
3470 2742 3504 2749 ’⁷
3608 2758 3611 2759 ⁷

2070 2898 2077 2901 ν
2131 2835 2311 2904 Atque
2343 2834 2417 2888 ita
2446 2850 2611 2906 super
2643 2837 2961 2897 haereditate
3012 2840 3103 2895 Dei
3156 2849 3211 2895 et
3261 2841 3488 2909 copioso
3518 2842 3640 2911 ejus

2044 2927 2261 2996 populo
2293 2928 2549 2982 oratione
2578 2928 2727 2993 fusa,
2765 2931 2879 2985 abit
2931 2933 3175 3001 pontifex
3206 2934 3365 2988 donis
3400 2934 3639 2989 sumtum

2061 3018 2331 3075 adhibens
2357 3028 2412 3074 et
2442 3020 2736 3088 adjiciens,
2780 3039 2904 3090 quae
2948 3025 3340 3081 Ascensiouem
3398 3027 3640 3091 Domini,

2064 3117 2119 3163 et
2174 3109 2227 3165 in
2284 3120 2567 3180 posterum
2634 3113 2865 3181 gloriam
2938 3118 3353 3185 prmdicationis
3407 3120 3462 3174 itt
3528 3130 3642 3173 toto

2064 3204 2271 3257 mundo
2330 3204 2678 3274 significant;
2737 3208 2906 3262 veluti
2977 3210 3059 3264 sic
3118 3210 3453 3267 Salvatoretn
3512 3216 3647 3267 allo-

2064 3310 2237 3364 quens
2269 3312 2283 3349 :
2319 3295 2399 3349 Tu
2436 3312 2609 3367 usque
2643 3297 2713 3352 ad
2759 3315 2860 3353 nos
2912 3300 3249 3359 descendisti
3292 3314 3346 3358 et
3375 3305 3516 3358 inter
3547 3320 3649 3378 nos

2064 3388 2217 3441 visus
2250 3403 2329 3452 cs,
2384 3397 2437 3442 et
2492 3390 2544 3443 in
2596 3392 2796 3444 οωιιιιη
2850 3394 3182 3458 ascendisti,
3237 3404 3290 3447 te
3338 3406 3646 3466 assumpto,

2063 3480 2235 3547 gloria
2270 3481 2488 3534 virtutis
2520 3490 2625 3535 tua:
2687 3498 2908 3536 omnem
2969 3493 3174 3538 terram
3223 3486 3493 3555 implevit,
3547 3504 3646 3557 per

2056 3584 2223 3638 quam
2259 3579 2313 3623 et
2353 3586 2451 3624 nos
2486 3572 2869 3641 sacrificantes
2915 3584 3008 3629 tua
3048 3578 3331 3645 mysteria,
3372 3588 3426 3632 et
3478 3583 3648 3648 parti-

2056 3648 2309 3726 ‘cipamus
2342 3670 2414 3726 te,
2460 3672 2514 3716 et
2551 3664 2800 3733 quotidie
2836 3680 2900 3717 ac
2952 3678 3228 3735 perpetuo
3269 3669 3535 3725 habemus
3569 3682 3641 3724 te.

2062 3749 2190 3804 Post
2220 3751 2356 3816 haec,
2388 3754 2565 3808 sacris
2602 3755 2765 3811 donis
2807 3756 2876 3811 ad
2932 3758 3220 3825 prothesin
3252 3760 3475 3826 delatis,
3518 3763 3639 3815 dia-

2061 3856 2200 3895 cono
2234 3846 2455 3912 quidem
2490 3846 2704 3901 discum
2763 3849 2817 3903 in
2868 3851 3068 3919 capite,
3122 3852 3506 3909 sacerdotibus
3540 3870 3641 3908 au-

2010 3984 2023 4001 ,
2060 3940 2169 3986 tem
2198 3937 2451 3992 manibus
2484 3939 2685 3994 calices
2712 3942 3049 4009 tenentibus,
3084 3945 3200 4013 ipse
3246 3946 3440 4016 gratiis
3473 3950 3634 4009 actis,

2059 4036 2113 4079 et
2145 4028 2398 4083 manibus
2425 4030 2568 4096 latis,
2597 4035 2900 4104 egreditur,
2929 4052 3241 4108 panemque
3289 4039 3637 4095 benedictum

2060 4119 2262 4188 populo
2292 4120 2599 4179 distribuit.

2060 4338 2185 4415 iOl__.
2221 4339 2372 4415 Quid
2407 4342 2477 4415 sit
2533 4344 2688 4415 ponis
2737 4343 3064 4411 benedictus,
3102 4356 3150 4400 et
3192 4347 3330 4415 quod
3385 4347 3474 4401 ille
3532 4350 3643 4404 vice

2133 4409 2492 4489 Eua/tatisth
2525 4412 2712 4493 _datur
2761 4417 2859 4493 iis,
2889 4417 2981 4484 qui
3023 4409 3090 4469 ard
3142 4409 3354 4471 sacram
3403 4434 3643 4473 commu-

2131 4487 2335 4533 nionem
2367 4491 2492 4533 sunt
2519 4487 2792 4550 imparati.

1979 4605 2033 4664 υ
2130 4592 2401 4657 Quoniam
2425 4592 2570 4647 enim
2604 4595 2854 4663 pontifex
2878 4596 3185 4665 Christum,
3219 4611 3279 4655 ut
3328 4603 3643 4668 docuimus,

2058 4683 2337 4752 exprimit,
2364 4683 2541 4752 ipsum
2587 4696 2641 4739 et
2686 4689 3036 4754 sacriﬁcavit,
3084 4700 3136 4744 et
3181 4693 3545 4762 participavit,
3587 4712 3640 4748 et

2065 4776 2197 4830 viris
2222 4777 2394 4830 sacris
2454 4778 2686 4833 initiatis
2748 4780 3084 4848 impertivit;
3142 4786 3635 4841 sanctiﬁcationcnt

2062 4869 2225 4922 etiam
2258 4871 2590 4939 participare
2622 4887 2761 4939 opus
2790 4881 2875 4926 est
2928 4875 3211 4941 populum,
3264 4886 3468 4943 quanta
3517 4882 3641 4946 qni-

2066 4960 2185 5013 dem
2219 4975 2246 5012 a
2278 4963 2533 5028 precibus
2576 4972 2629 5015 et
2676 4978 2705 5014 a
2736 4964 3021 5017 tremendo
3086 4965 3378 5030 sacrificio,
3426 4967 3639 5021 intelle-

2066 5051 2230 5104 ctuali
2280 5054 2440 5106 modo
2470 5054 2832 5108 sanctiﬁcatio
2872 5070 2900 5106 a
2936 5053 3192 5109 ﬁdelibus
3244 5063 3643 5115 communicari

2067 5154 2264 5214 potest.
2295 5144 2358 5198 Et
2389 5146 2651 5213 quoniam
2686 5146 3044 5202 sensibilibus
3090 5149 3421 5218 quibusdam
3453 5155 3637 5217 rebus,

2070 5240 2127 5284 ut
2160 5248 2389 5301 corpore
2450 5243 2623 5288 tectos
2674 5236 3170 5292 sanctiﬁcatione":
3234 5255 3332 5295 nos
3400 5244 3647 5313 recipere

2067 5324 2391 5390 oportebat;
2444 5324 2497 5376 id
2549 5324 2788 5379 maxime
2827 5342 2969 5397 pane
3015 5328 3305 5385 benedicta
3331 5342 3644 5401 praestatur.

2068 5412 2164 5468 ille
2208 5425 2387 5469 autem
2433 5424 2519 5471 est
2578 5417 2739 5486 panis
2791 5420 3192 5487 Sanctiﬁcatus,
3249 5438 3418 5493 super
3456 5440 3563 5493 quo
3592 5429 3646 5481 itt

2064 5507 2457 5576 prepositionis
2528 5524 2716 5562 mensa
2772 5527 2962 5581 preces
3013 5511 3150 5569 fusae
3212 5523 3365 5577 sunt,
3394 5504 3401 5513 ³
3424 5531 3493 5570 ex
3540 5533 3648 5585 quo

2066 5601 2243 5654 media
2303 5616 2431 5669 pars
2510 5612 2750 5666 exsecta,
2818 5606 3077 5673 precibus
3155 5617 3480 5662 consecrata
3541 5619 3645 5660 est.

2064 5695 2160 5749 llic
2191 5705 2377 5765 postea
2408 5707 2466 5751 ut
2495 5697 2739 5753 lanceola
2782 5700 3049 5769 signatus,
3106 5711 3161 5757 et
3215 5701 3417 5756 divinis
3465 5702 3647 5755 verbis

2059 5799 2226 5855 Super
2264 5803 2323 5843 se
2362 5786 2545 5854 factis,
2597 5788 2718 5843 loco
2776 5791 3182 5845 tretuendorum
3218 5792 3487 5849 donorum
3534 5790 3647 5861 (sa—

3261 5889 3337 5949 ει
