4056 6476
423 331 533 399 749

1427 335 1841 399 EXPOSITIO
1874 337 1974 401 DE
2015 339 2294 404 DIVINO
2333 341 2660 404 TEMPLO.

3588 341 3699 405 750

425 458 583 522 ϐείας
642 455 1134 527 μεταποιουμένων
1169 454 1343 521 ἐστὶν,
1380 455 1414 528 ἢ
1446 456 1555 512 τῶν
1599 459 2008 530 ἡμαρτηκότων

2134 457 2377 513 ιίοιοιθιιι
2417 458 2719 513 colentium
2772 465 2877 519 est,
2940 462 3038 509 aut
3064 468 3254 510 earum
3280 467 3402 523 quae
3435 468 3699 524 peccave-

431 550 553 619 μὲν,
599 549 1079 618 μετανενοηκὸτων
1115 547 1194 611 δὲ,
1245 547 1516 617 ἀοράτως,
1550 549 1627 613 ὡς
1657 548 1896 620 ἔφημεν,
1941 551 2007 620 τῇ

2134 560 2266 614 “unt,
2329 549 2718 620 paenitentiam
2775 556 2957 602 tamen
2997 555 3266 617 egerunt,
3312 546 3575 602 invisibili
3612 562 3702 601 ra—

425 641 574 712 ψυχῇ
607 640 707 711 τὴν
759 639 1052 694 κοινωνίαν
1100 641 1198 695 τοῦ
1256 642 1579 712 Πνεῦμα-τος
1636 645 1664 695 6
1717 642 2011 711 ἄνθρωπος

426 732 663 802 δέχεται.
703 733 971 796 Πολλάκις
998 733 1055 786 δέ
1095 750 1161 803 γε
1220 734 1313 787 καὶ
1355 735 1681 803 σωματικὴν
1737 733 2011 803 εὑρίσκει,

429 825 506 888 ὡς
534 825 812 894 ἐμάθομεν
832 825 958 896 τὴν,
1000 826 1292 895 ὠφέλειαν.
1322 827 1386 879 Ei
1418 826 1477 879 δέ
1503 845 1587 891 τις
1614 828 1714 898 τὴν
1733 828 2014 897 ἁμαρτίαν

429 917 730 986 διενεργῶν
758 920 869 987 εἴη,
902 920 999 974 καὶ
1029 919 1238 989 ταύτης
1264 920 1435 990 μηδὲν
1464 920 1862 991 ἀφιστάμενος,
1892 922 2017 975 ἀνε-

434 1009 728 1099 πιτηδείως
756 1010 895 1080 ἔχων
932 1012 1069 1079 πρὸς
1096 1012 1198 1083 τὴν
1230 1013 1542 1078 κοινωνίαν,
1580 1015 1662 1069 είς
1691 1015 2017 1085 κατάκριμα

433 1099 612 1170 ἑαυτῷ
642 1101 797 1154 ἔσται
822 1102 917 1156 καὶ
940 1104 972 1173 ἡ
997 1104 1138 1173 ὑπὲρ
1158 1105 1323 1159 αὐτοῦ
1347 1106 1701 1161 θυσία.⁰’0οεν
1723 1108 1818 1159 καὶ
1853 1124 2023 1177 προσο

444 1193 634 1244 εκτέον
668 1194 813 1259 ἐστὶ,
871 1197 946 1265 μὴ
976 1195 1277 1265 λαμϐάνειν
1324 1197 1415 1250 τὸν
1446 1197 1601 1268 ἱερέα
1635 1198 1789 1268 παρὰ
1818 1199 2021 1261 παντὸς

440 1284 534 1337 τοῦ
569 1285 905 1356 βουλομένου
939 1290 1290 1359 προσφορὰν,
1338 1290 1473 1359 μηδὲ
1515 1291 1855 1363 προσφέρειν
1881 1290 2022 1359 ὑπὲρ

441 1376 729 1440 τοιούτων,
760 1378 810 1431 οἳ
842 1379 941 1449 τὴν
974 1381 1260 1454 ἁμαρτίαν
1291 1382 1488 1453 ἀνέδην
1519 1383 1660 1437 διενε
1674 1384 1888 1452 ργοῦσι,
1944 1383 2021 1454 μή

444 1483 577 1520 ποτε
606 1470 702 1522 καὶ
727 1470 886 1532 αὐτὸς
913 1473 1099 1535 αὐτοῖς
1136 1475 1582 1544 συγκατακριθῇ.
1625 1474 1725 1528 Ἐκ
1752 1474 1942 1529 τούτου
1968 1474 2024 1526 δὲ

445 1559 541 1611 καὶ
566 1562 870 1630 πειρασμοὶ
906 1565 1002 1615 καὶ
1029 1563 1240 1634 θλίψεις
1275 1566 1646 1641 παρὲπονται.
1685 1585 1702 1617 ι
1737 1567 1839 1619 Διὰ
1863 1566 2026 1619 τοῦτο

446 1651 611 1721 γὰρ,›
656 1655 851 1723 φησὶν,
894 1672 912 1705 ι
939 1657 995 1710 ιν
1028 1657 1162 1725 ἡμῖν
1190 1656 1376 1710 πολλοὶ
1410 1656 1661 1719 ἀσθενεῖς
1713 1657 1810 1709 καὶ
1851 1655 2028 1726 ἄρρω·

450 1759 567 1796 στοι
597 1743 695 1798 καὶ
717 1746 1024 1817 κοιμῶνται
1051 1749 1250 1803 ίκανοί.
1288 1768 1307 1801 ι

518 1837 641 1907 Χρὴ
669 1838 725 1891 δὲ
758 1840 850 1892 καὶ
888 1840 979 1894 τὸν
1031 1842 1183 1911 ἱερέαι
1215 1844 1272 1894 ἐν
1304 1844 1420 1906 τοῖς
1449 1842 1594 1896 οὕτω
1624 1843 1908 1911 μεγίστοις
1932 1839 2028 1895 τοῦ
2062 1837 2131 1869 ’³ο

448 1930 587 1984 Θεοῦ
617 1932 800 2002 ἔργοις
852 1934 1035 2005 ἑαυτῷ
1088 1936 1401 2006 προσέχειν,
1435 1936 1530 1990 καὶ
1575 1936 1770 1989 ἑαυτὸν
1808 1935 2035 2005 ἀνακρί-

449 2041 581 2087 νειν,
600 2025 674 2089 ὥς
691 2027 1027 2098 γέγραπται,
1048 2030 1415 2098 προσεκτικὸν
1431 2047 1493 2082 τε
1518 2024 1659 2082 εῖναι
1681 2030 1754 2092 ὡς
1776 2028 2032 2096 δύναμις.

452 2110 515 2164 Et
542 2112 652 2181 γὰρ
677 2117 804 2185 περὶ
837 2117 946 2169 τῶν
977 2117 1156 2171 ἄλλων
1193 2117 1351 2181 οὗτος
1405 2118 1804 2187 ἀσφαλίζεσθαι
1839 2116 2034 2189 χρείαν

452 2200 586 2271 ἔχει,
626 2203 810 2275 πολλῷ
859 2208 1062 2274 μᾶλλον
1097 2210 1227 2279 περὶ
1266 2210 1464 2263 ἑαυτοῦ
1492 2226 1506 2241 ⁸
1539 2211 1633 2264 καὶ
1667 2213 1718 2265 εί
1771 2213 1799 2264 ὁ
1833 2210 2036 2265 ἐσθίων

452 2293 547 2346 καὶ
589 2294 761 2349 πίνων
811 2298 1068 2367 ἀναξίως,
1126 2302 1247 2370 ἦτοι
1301 2302 1579 2355 κοινωνῶν
1624 2302 1811 2372 μόνον,
1860 2306 2040 2373 κρίμα

455 2386 638 2457 ἑαυτῷ
670 2389 842 2444 ἐσθίει
878 2392 975 2445 καὶ
1027 2393 1201 2460 πίνει,
1264 2392 1447 2464 πολλῷ
1498 2395 1702 2464 μᾶλλον
1737 2397 1764 2448 6
1803 2395 2041 2461 ἀναξίως

457 2483 781 2552 ίερουργῶν.
836 2483 935 2536 Διά
982 2483 1142 2537 τοῦτο
1198 2485 1352 2557 πάσῃ
1391 2485 1621 2554 δυνάμει
1669 2487 2037 2556 προσέχωμεν

456 2572 671 2636 ἑαυτοῖς
728 2574 780 2626 οἱ
829 2575 1134 2645 ίερατεύειν
1167 2575 1449 2646 λαχόντες,
1485 2578 1583 2631 καὶ
1630 2578 1797 2631 παντὶ
1850 2577 2043 2648 τρόπῳ

456 2664 833 2735 καθαρότητος
866 2666 1265 2735 ἐπιμελώμεθα
1323 2669 1420 2722 καὶ
1476 2670 1865 2739 ἀμνησικακου
1914 2670 2043 2739 τρό-

457 2774 585 2813 που.
625 2760 973 2825 Ταπείνωσις
1016 2760 1073 2813 δὲ
1108 2759 1206 2813 καὶ
1261 2761 1450 2832 ἀγάπη
1511 2763 1670 2832 ἡμῶν
1718 2763 2040 2828 αὖξανέσθω

463 2851 587 2912 ταῖς
616 2848 817 2919 ψυχαῖς
848 2852 1045 2920 (ταῦτα
1082 2855 1191 2923 γὰρ
1218 2853 1285 2909 τὰ
1301 2852 1442 2923 ἔργα
1460 2853 1553 2906 τοῦ
1580 2856 2043 2925 ἱερουργουμὲνου

462 2942 552 3010 ὑφ’
597 2944 802 3013 ἡμῶν),
840 2946 928 2998 ἴνα
959 2950 1053 3001 καὶ
1104 2947 1163 3000 ἐν
1198 2947 1274 3017 τῷ
1317 2947 1414 3001 νῦν
1455 2949 1614 3001 αίῶνι
1667 2948 1834 3012 ἀξίως
1878 2949 2046 3003 αὐτοῦ

465 3035 810 3106 μετέχοντες,
867 3039 973 3091 κάν
1017 3038 1097 3109 τῷ
1132 3040 1384 3107 μέλλοντι
1418 3041 1517 3109 τῆς
1552 3041 1722 3095 αὐτοῦ
1771 3041 2047 3105 καταξιω-

2118 642 2288 704 tione,
2324 650 2384 694 ut
2413 640 2682 705 diximus,
2735 640 3184 694 communionem
3220 638 3463 708 Spiritus
3521 640 3704 694 suscio

2119 734 2219 805 pit.
2257 732 2412 805 Saepe
2437 740 2645 797 autem,
2684 740 2746 785 ut
2774 730 3119 801 experientia
3165 730 3546 799 probavimus,
3582 744 3706 784 cor-

2120 824 2365 896 poralem
2400 837 2621 893 quoque
2646 823 2935 878 utilitatem
2965 821 3195 876 invenit.
3216 819 3367 886 Quod
3402 820 3445 872 si
3476 827 3700 887 peccata

2120 927 2439 988 perpetrare
2484 915 2685 971 solitus
2737 915 2811 969 sit
2862 913 2977 979 ille,
3046 928 3147 967 nec
3201 912 3270 965 ab
3304 911 3371 965 iis
3400 911 3704 975 abstineat,

2121 1029 2245 1068 cum
2296 1014 2365 1069 ad
2395 1014 2846 1070 communionem
2912 1024 3021 1063 non
3084 1008 3149 1063 sit
3203 1008 3459 1070 idoneus,
3493 1004 3707 1061 sacriﬁ-

2122 1110 2269 1163 cium
2296 1123 2397 1178 pro
2443 1123 2510 1163 eo
2568 1106 2812 1162 oblatum
2866 1102 2921 1156 in
2980 1100 3392 1155 damnationem
3422 1097 3497 1153 illi
3531 1097 3707 1151 cedet.

2128 1202 2625 1263 Undecavcndum
2699 1195 2995 1260 sacerdoti,
3032 1211 3098 1250 ne
3150 1195 3218 1249 ab
3265 1209 3332 1249 eo
3375 1192 3711 1248 oblationem

2126 1296 2387 1364 accipiat,
2444 1308 2582 1349 neve
2635 1306 2737 1362 pro
2794 1289 2999 1344 talibus
3062 1286 3279 1351 offerat,
3347 1284 3444 1352 qni
3497 1283 3713 1353 abjecto

2127 1389 2277 1443 enini
2338 1387 2546 1457 pudore
2606 1396 2833 1456 peccata
2891 1381 3265 1444 committunt,
3300 1394 3368 1435 ne
3411 1379 3552 1433 forte
3583 1392 3713 1431 cum

2129 1480 2267 1550 ipsis
2301 1480 2614 1534 damnetur.
2650 1476 2726 1530 Ex
2783 1475 2887 1531 hoc
2933 1481 3115 1528 autem
3178 1480 3234 1527 et
3300 1469 3636 1525 tentationes
3661 1474 3719 1523 et

2130 1571 2521 1627 tribulationes
2553 1578 2863 1638 sequuntur
2899 1582 2914 1619 :
2948 1582 2967 1615 ι
3008 1563 3245 1627 Idcirco,
3279 1560 3461 1629 inquit
3484 1558 3715 1621 Paulus,

2066 1710 2075 1724 .
2133 1667 2277 1722 inter
2308 1681 2405 1721 vos
2433 1665 2590 1720 multi
2632 1662 2836 1718 infirmi
2870 1670 2924 1717 et
2964 1659 3290 1727 imbecilles,
3350 1666 3406 1713 et
3439 1654 3720 1710 dormiunt

2134 1758 2361 1812 multi’.
2394 1776 2413 1809 ›

2206 1849 2445 1906 Necesse
2499 1858 2587 1904 est
2634 1864 2802 1918 porro
2864 1856 2919 1902 et
2989 1845 3331 1902 sacerdotem
3376 1842 3431 1898 in
3463 1839 3722 1898 maximis

2141 1939 2296 1994 hisce
2332 1939 2597 2007 operibus
2629 1938 2733 1993 sibi
2789 1936 3075 1991 attendere
3108 1944 3166 1991 et:
3191 1934 3499 2006 dijudicare
3530 1934 3728 1989 semet-

2140 2030 2348 2099 ipsum,
2384 2039 2444 2083 ut
2473 2029 2738 2099 scriptum
2766 2037 2870 2092 est,
2896 2037 2951 2082 et
2979 2027 3245 2082 adhibere
3277 2027 3591 2081 cautionem
3627 2039 3728 2095 pro

2139 2122 2373 2179 viribus.
2401 2121 2457 2177 Si
2486 2124 2631 2176 enim
2668 2121 2818 2176 circa
2842 2121 2984 2176 alios
3020 2135 3141 2175 esse
3174 2118 3462 2189 providum
3487 2124 3728 2189 oportet,

2142 2217 2317 2271 multo
2351 2215 2590 2285 amplius
2614 2215 2759 2270 circa
2791 2230 2871 2270 se.
2911 2214 2977 2268 Et
3007 2213 3051 2267 si
3083 2211 3425 2267 manducans
3455 2219 3510 2266 et
3534 2209 3731 2266 bibens

2144 2309 2390 2378 indigne,
2450 2307 2504 2362 id
2539 2315 2646 2374 est,
2705 2306 3130 2362 communicaris
3174 2312 3409 2368 tantum,
3459 2302 3729 2371 judicium

2143 2401 2252 2456 sibi
2282 2401 2580 2455 manducat
2637 2408 2691 2454 et
2749 2399 2906 2463 bibit,
2949 2398 3122 2452 multo
3176 2396 3352 2465 magis
3382 2394 3476 2465 qui
3510 2392 3735 2465 indigne

2144 2493 2447 2550 sacriﬁcat.
2481 2490 2637 2559 Quod
2672 2505 2796 2545 cum
2831 2492 2905 2545 ita
2964 2489 3056 2555 sit,
3109 2498 3383 2558 quantum
3432 2498 3735 2557 possumus

2144 2589 2516 2650 attendamus,
2588 2586 2682 2656 qui
2736 2582 3038 2640 sacerdotii
3086 2589 3294 2637 sortem
3334 2578 3482 2634 nacti
3515 2592 3731 2641 sumus,

2146 2691 2203 2737 et
2230 2680 2381 2736 omni
2413 2678 2578 2734 modo
2632 2675 2893 2746 puritatis
2948 2683 3005 2730 et
3063 2671 3395 2739 injuriarum
3435 2669 3737 2725 oblivionis

2146 2781 2338 2824 curam
2371 2768 2692 2821 habeamus.
2738 2763 3037 2818 llumilitas
3071 2772 3127 2817 et
3160 2761 3407 2818 charitas
3432 2760 3486 2815 in
3524 2760 3740 2813 anima-
3842 2780 3849 2783 >

2146 2861 2252 2917 bus
2291 2859 2498 2914 nostris
2532 2864 2798 2928 augeatur
2847 2856 2993 2925 (haec
3045 2854 3207 2910 enim
3264 2860 3394 2909 sunt
3442 2853 3583 2907 facta
3616 2850 3741 2921 ejus

2148 2952 2241 3024 qui
2271 2968 2301 3007 a
2335 2952 2493 3007 nobis
2530 2948 2932 3019 consecratur),
2968 2957 3027 3004 ut
3066 2959 3120 3003 et
3161 2948 3216 3000 in
3249 2945 3502 3016 praesenti
3537 2942 3741 2999 smcuio

2149 3046 2315 3116 digne
2345 3044 2522 3115 ipsum
2558 3042 2978 3113 participemus,
3029 3049 3085 3095 et
3124 3040 3179 3094 in
3226 3040 3413 3093 futuro
3445 3038 3567 3104 ejus
3596 3035 3743 3090 iners

464 3125 648 3197 θῶμεν
683 3129 1071 3200 ἀνεκφράστου
1107 3133 1203 3186 καὶ
1255 3134 1477 3186 αἰωνίου
1511 3133 1823 3198 κοινωνίας,
1859 3135 2035 3205 χάριτι

2149 3137 2374 3193 labilem
2438 3145 2493 3192 et
2552 3145 2817 3192 aeternam
2876 3135 3323 3189 communionem
3374 3145 3737 3194 mereamur,

463 3218 559 3270 καὶ
591 3218 978 3294 φιλανθρωπίᾳ
1013 3223 1180 3277 αὐτοῦ
1216 3223 1312 3277 τοῦ
1343 3225 1585 3296 Χριστοῦ
1624 3225 1718 3277 τοῦ
1759 3225 1892 3279 Υίοῦ
1943 3226 2040 3282 τοῦ

466 3308 670 3376 ζῶντος
699 3311 836 3365 Θεοῦ
870 3327 886 3342 ⁸
914 3305 958 3380 ᾧ
998 3314 1202 3384 πρέπει
1232 3314 1359 3380 δόξα
1388 3317 1486 3369 σὺν
1506 3316 1586 3385 τῷ
1622 3317 1848 3388 ἀνάρχῳ
1873 3317 2044 3372 αὑτοῦ

468 3402 665 3474 Πατρὶ,
700 3405 797 3458 καὶ
823 3405 901 3475 τῷ
926 3405 1068 3476 ἁγίῳ
1094 3408 1187 3459 καὶ
1212 3404 1463 3479 ζωοποιῷ
1496 3409 1803 3479 Πνεῦματι,
1836 3409 1933 3465 νῦν
1953 3412 2048 3465 καὶ

469 3493 579 3563 ἀεὶ,
605 3497 697 3549 καὶ
729 3498 810 3562 είς
836 3500 964 3562 τοὺς
997 3499 1203 3565 αἰῶνας
1233 3500 1348 3555 τῶκ
1379 3502 1618 3559 αἰώνων.
1663 3502 1863 3575 Ἀμήν.

540 3673 606 3731 Ἰ
635 3674 762 3734 Cor.
784 3694 861 3748 XI,
898 3678 990 3739 50.

2154 3232 2329 3304 gratia
2356 3239 2411 3286 et
2441 3230 2781 3301 benignitate
2803 3228 3053 3297 eiusdem
3086 3227 3294 3283 Christi
3327 3225 3447 3279 Filii
3487 3223 3579 3278 Del
3607 3223 3742 3285 vivi,

2157 3339 2321 3395 quem
2357 3323 2513 3379 decet
2542 3323 2716 3394 gloria
2749 3337 2875 3377 cum
2915 3320 3166 3390 principii
3215 3325 3439 3387 experte
3476 3315 3600 3384 ejus
3638 3313 3747 3369 Pa.-

2159 3424 2266 3482 tre,
2319 3426 2376 3470 et
2440 3414 2797 3471 sanctissimo
2843 3421 2899 3469 et
2960 3411 3180 3465 vivinco
3232 3407 3477 3479 Spiritu,
3511 3420 3657 3463 nunc
3688 3413 3746 3463 et

2160 3521 2403 3578 semper,
2432 3515 2488 3563 et
2514 3507 2569 3560 in
2609 3506 2812 3563 saecula
2843 3504 3194 3560 saeculorum.
3222 3504 3419 3559 Amen.
