4056 6472
393 334 494 401 751

1213 318 1601 383 SYMEONIS
1631 308 2398 376 THESSALONICENSIS
2440 303 2799 365 ARCHIEP.

418 443 3644 497 Μ

1523 642 1874 777 ΤΟΥ
1979 631 2553 769 ΑΥΤΟΥ

900 905 1476 1006 ΕΡΜΗΝΕΙᾹ
1549 908 2226 1000 ΣΥΝΟΠΤΙΚΗ
2285 898 2617 1006 ΚΑΤΑ,
2662 895 3170 990 ΔΥΝΑΜΙΝ

614 1127 724 1181 ΕΙΣ
776 1127 865 1180 ΤΟ
923 1124 1062 1178 ΤΗΣ
1126 1117 1522 1176 ΟΡΘΟΔΟΞΟΥ
1585 1116 1708 1171 ΚΑΙ
1759 1111 2157 1167 ΑΜΩΧΙΙΙΤΟΥ
2223 1109 2422 1164 ΗΜΩΝ
2487 1104 2778 1161 ΠΙΣΤΕΩΣ
2834 1101 2968 1156 ΤΩΝ
3031 1098 3466 1158 ΧΡΙΣΤΙΑΝΩΝ

802 1301 1284 1417 ΘΕΙΟΝ
1415 1295 1698 1410 ΚΑΙ
1805 1289 2272 1407 ΙΕΡΟΝ
2395 1277 3280 1404 ΣΥΜΒΟΛΟΝ.

1291 1663 2788 1832 ΕιυδοΕΜεΠοοιΝοΤΑ

1647 1971 1649 1973 ί
1753 1952 1873 2005 QUA
1883 1951 2060 1997 NTUM
2097 1951 2302 1996 LICUIT

630 2122 1412 2219 EXPOSITIO
1489 2118 1978 2254 DI‘VINI
2070 2120 2238 2211 ET
2329 2113 2733 2208 SACBI
2818 2111 3464 2209 SYMBOLI

1372 2317 1621 2375 RECTAS
1656 2317 1745 2374 AC
1788 2315 2112 2374 SINCERAE
2166 2315 2348 2372 FIDEI
2384 2313 2714 2371 NOSTRAS.

483 2643 623 2698 Ante
653 2640 834 2695 omnia
865 2653 1090 2693 necesse
1128 2651 1194 2692 ac
1221 2637 1461 2690 salutare
1493 2642 1667 2691 estuut
1692 2631 1983 2690 sanctissi-
2016 2637 2034 2695 Λ

2162 2629 2323 2700 292
2360 2631 2492 2700 Περὶ
2521 2629 2616 2682 τοῦ
2659 2630 2954 2700 ἱερωτάτου
2995 2627 3274 2698 Συμϐόλου
3317 2630 3422 2699 τῆς
3450 2627 3675 2698 ἀληθοῦς

418 2750 564 2790 mum
597 2732 663 2788 de
695 2747 819 2786 vera
851 2740 1016 2800 atque
1047 2729 1208 2783 unica
1241 2727 1681 2782 Christianorum
1713 2725 1822 2779 litle
1850 2739 1998 2793 sym—

420 2830 603 2884 bolum
648 2827 714 2880 ad
753 2824 962 2894 apicem
993 2838 1207 2877 summa
1240 2837 1361 2876 cum
1400 2819 1684 2890 diligentia
1735 2817 1994 2872 observe-

2100 2725 2196 2778 καὶ
2218 2725 2385 2792 μόνης
2407 2724 2517 2777 τῶν
2531 2723 2874 2794 Χριστιανῶν
2904 2721 3062 2792 ἡμῶν
3086 2723 3347 2788 πίστεως,
3385 2724 3677 2790 ἀναγκαῖον

2092 2818 2203 2886 μὲν
2244 2818 2340 2868 καὶ
2389 2815 2754 2885 σωτηριῶδες.
2815 2816 2921 2884 πρό
2977 2833 3122 2876 τινος
3164 2817 3338 2870 ἄλλου
3389 2817 3500 2870 τῶν
3557 2813 3681 2882 παρ’

417 2937 564 2984 mus,
600 2934 667 2972 ex
691 2917 799 2972 ima
833 2923 1012 2968 mente
1037 2913 1418 2981 praedicemus,
1447 2919 1528 2976 et,
1561 2909 1649 2962 ubi
1677 2917 1894 2976 tempus
1933 2921 1999 2960 ac

2111 2909 2255 2976 ἡμῖν,
2296 2908 2473 2960 πάντα
2500 2907 2692 2958 πιστὸν
2735 2907 2863 2976 ἄχρι
2904 2907 2995 2960 καὶ
3027 2907 3297 2976 συλλαϐῆς
3331 2910 3428 2962 καὶ
3460 2907 3676 2977 κεραίας

420 3029 509 3069 res
559 3011 776 3082 iubent,
829 3008 1100 3062 rationem
1151 3005 1221 3058 de
1271 3018 1336 3058 eo
1377 3001 1697 3056 reddamus.
1744 3000 1818 3056 lis
1870 3014 2000 3054 vero

421 3105 728 3174 praesertim
759 3099 854 3170 qui
886 3097 1128 3154 scientiae
1153 3109 1216 3148 ac
1246 3094 1509 3148 doctrinae
1541 3092 1897 3162 profundiora
1922 3097 2003 3160 je-

422 3204 615 3250 cerunt
657 3192 1009 3245 fundamenta
1047 3188 1147 3240 ista
1179 3187 1481 3240 necessitas
1511 3185 1795 3249 incumbit,
1825 3184 1895 3236 ita
1943 3192 2003 3237 ut

423 3285 508 3338 vel
541 3291 712 3335 morte
743 3279 1040 3346 obsignare
1076 3277 1236 3328 fidem
1273 3274 1447 3342 parati
1478 3273 1607 3328 sint.
1640 3275 1720 3328 Ac
1760 3289 1866 3328 nos
1899 3272 2000 3342 ipsi

423 3379 541 3448 qui,
579 3372 780 3428 litteris
810 3382 864 3425 et
896 3371 1107 3425 artibus
1157 3368 1336 3422 minus
1381 3367 1587 3432 ornati,
1623 3365 1866 3422 inferiori
1909 3380 2001 3421 ec-

426 3467 748 3523 clesiasticae
807 3461 1128 3517 hierarcbiae
1176 3460 1357 3514 ordini
1407 3459 1756 3526 accensemli,
1816 3457 1997 3512 divina

427 3555 801 3612 misericordia
823 3554 886 3608 ad
918 3551 1318 3623 magisterium,
1339 3551 1446 3604 imo
1471 3552 1534 3604 ad
1561 3549 2005 3620 archiepiscopa-

428 3661 541 3704 tum
561 3647 736 3702 vocati
763 3660 976 3709 sumus,
1010 3658 1106 3714 per
1134 3642 1309 3696 zelum
1335 3643 1727 3710 plerarumque
1755 3639 2002 3695 discendi

429 3741 778 3811 cupidorum,
805 3751 910 3790 non
929 3737 1184 3790 obstante
1211 3731 1410 3786 infesta
1443 3733 1600 3786 turba
1625 3733 1916 3801 impiorum
1943 3749 2006 3786 ac

431 3831 866 3902 haereticorum,
903 3835 1152 3882 nostrum
1208 3839 1334 3878 esse
1385 3823 1752 3891 judicavimus
1787 3836 1847 3876 ea
1884 3835 2006 3892 quae

436 3933 618 3978 mente
651 3922 906 3984 colimus,
942 3932 1007 3972 ac
1054 3931 1188 3971 voce
1229 3917 1588 3984 praedicamus
1613 3915 2003 3982 docemusque,

2097 2999 2282 3061 ἀσινὲς
2316 3002 2502 3069 τηρεῖν
2529 2999 2682 3062 αὐτὸ,
2715 2998 2994 3067 ὀλοψύχως
3030 3015 3087 3050 τε
3125 3000 3454 3069 κηρύσσειν,
3489 3003 3581 3051 καὶ
3607 2997 3677 3049 δι-

2101 3093 2246 3146 δόναι
2272 3092 2430 3156 λόγον
2468 3092 2610 3144 κατὰ
2661 3093 2874 3162 καιρὸν,
2908 3094 2982 3155 ὡς
3039 3092 3290 3162 δύναμις.
3335 3092 3463 3156 Τοῖς
3510 3092 3566 3144 δέ
3619 3105 3678 3158 γε

2105 3185 2308 3252 γνῶσιν
2340 3185 2599 3253 ἐσχηκόσι
2651 3185 2895 3252 μείζονα,
2946 3185 3042 3238 καὶ
3097 3185 3481 3239 διδασκαλικὸν
3539 3184 3676 3250 εἱλη-

2106 3277 2265 3346 φόσιν
2290 3275 2529 3346 ἀξίωμα,
2562 3275 2722 3329 τοῦτο
2763 3276 2997 3345 μάλιστα
3024 3276 3201 3329 τελεῖν
3235 3276 3344 3344 πρὸ
3374 3276 3484 3329 τῶν
3513 3272 3678 3326 ἄλλων

2105 3365 2304 3435 χρεὼν,
2334 3367 2426 3419 καὶ
2456 3366 2554 3433 τὴν
2580 3365 2760 3434 ψυχὴν
2781 3365 3122 3430 προτιθέναι,
3148 3367 3195 3418 εἰ
3220 3366 3417 3417 τούτου
3454 3364 3677 3430 δεήσειε.

2106 3463 2216 3515 Καὶ
2244 3462 2400 3530 ἡμεῖς
2440 3459 2618 3511 τοίνυν
2648 3460 2849 3526 γνώσει
2882 3476 2940 3510 τε
2978 3460 3070 3510 καὶ
3123 3458 3366 3527 μαθήσει
3424 3457 3514 3509 καὶ
3575 3454 3677 3503 τῶν

2111 3553 2322 3621 μικρῶν
2350 3554 2448 3620 τῆς
2481 3549 2808 3619 Ἐκκλησίας
2833 3550 3116 3622 τελοῦντες
3152 3551 3452 3620 ἐλάχιστοι.
3497 3547 3675 3613 Ὅμως

2107 3643 2401 3712 ἠξιωμένοι
2452 3643 2561 3694 τῶν
2612 3643 2887 3712 μεγίστων
2917 3642 3014 3709 τῆς
3046 3641 3397 3709 Ἐκκλησίας,

2106 3735 2403 3798 δασκαλίας
2461 3734 2613 3799 τάξιν
2670 3734 2962 3802 κληθέντες
3011 3738 3107 3788 καὶ
3143 3732 3556 3803 ἀρχιερωσύνης
3595 3745 3676 3796 φι’

2108 3825 2415 3896 λανθρώπῳ
2452 3827 2635 3896 χάριτι
2656 3825 2812 3887 Θεοῦ,
2847 3825 2933 3878 διά
2973 3842 3030 3878 τε
3054 3827 3178 3888 τοὺς
3211 3826 3532 3894 ὲγγίζοντας
3588 3820 3674 3873 καὶ

2112 3919 2302 3989 μαθεῖν
2343 3917 2718 3987 αίτουμένους,
2750 3918 2837 3972 διά
2871 3935 2929 3970 τε
2970 3919 3100 3983 τοὺς
3149 3920 3594 3990 ἐναντιουμένους
3645 3913 3673 3980 ἢ

3475 3641 3552 3699 εἰς
3605 3635 3675 3686 δι-

425 4017 538 4084 jam
565 4013 759 4066 litteris
789 4024 1006 4079 quoque
1036 4008 1317 4074 mandare,
1339 4021 1462 4061 eum
1489 4007 1544 4060 in
1577 4006 1763 4072 linem,
1792 4013 1851 4059 ut
1871 4019 2012 4060 vera:

2114 4011 2462 4082 ἀσεϐεστάσῃ
2498 4008 2690 4080 γνώμῃ
2717 4008 2748 4080 ἢ
2777 4012 3025 4081 αἱρετικῇ
3081 4011 3228 4082 δόξῃ,
3271 4011 3483 4066 δίκαιον
3545 4002 3672 4060 εἶναι
3767 3997 3770 3999 “

431 4123 495 4160 ac
525 4107 772 4166 sincerae,
799 4116 922 4172 quae
949 4099 1092 4170 apud
1115 4114 1214 4153 nos
1230 4107 1334 4164 est,
1356 4099 1574 4168 pietatis
1591 4098 1765 4168 signa,
1794 4098 2010 4152 divinas

2111 4102 2392 4174 ᾠήθημεν,
2422 4103 2450 4155 ὃ
2478 4103 2625 4173 ψυχῇ
2659 4103 2993 4172 πιστεύομεν
3019 4105 3114 4157 καὶ
3147 4106 3411 4174 φέρομεν,
3471 4101 3676 4169 γλώσσῃ

433 4197 740 4265 Seripturas
785 4191 1228 4261 interpretando,
1266 4191 1321 4245 in
1367 4191 1603 4244 medium
1639 4189 2006 4259 proferamus,

436 4287 672 4341 lidelium
706 4284 962 4339 fiduciam
995 4279 1304 4347 fulcientes,
1344 4279 1640 4333 infidelium
1680 4287 1860 4332 autem
1894 4277 2012 4330 ani-

433 4393 551 4433 mos
582 4383 991 4432 convertentes.
1019 4373 1164 4428 Deus
1187 4381 1371 4425 autem
1390 4370 1548 4426 nobis
1572 4371 1663 4425 det
1696 4369 2010 4424 facultatem

431 4471 688 4525 Patribus
716 4483 819 4522 nos
843 4463 1148 4520 submissos
1176 4461 1480 4532 pmbendi,
1505 4472 1559 4515 et
1589 4477 1708 4530 qua:
1731 4461 1893 4515 corde
1925 4473 2016 4528 ge-

435 4565 649 4629 rimus,
692 4559 879 4615 eadem
921 4570 1028 4625 qua
1058 4555 1162 4624 ipsi
1212 4553 1529 4608 sinceritate
1597 4549 2012 4622 pronuntiandi.

437 4658 630 4728 igitur,
661 4653 906 4711 solorum
931 4651 1155 4710 Patrum
1175 4647 1479 4703 doctrinam
1509 4662 1573 4701 ac
1599 4649 1896 4703 sententias
1912 4648 2013 4701 ob-

435 4755 721 4804 servantes
748 4744 988 4814 ipsorum
1014 4739 1440 4803 confessionem,
1464 4737 1731 4802 divinum,
1765 4741 2012 4818 inquam,

443 4838 789 4911 symbolum,
819 4835 1013 4906 pignus
1046 4832 1169 4888 fidei
1205 4831 1348 4901 quod
1382 4840 1845 4898 composuerunt,
1879 4831 2020 4884 inte-

435 4944 590 5000 grum
631 4941 936 4990 servemus,
989 4933 1172 4980 mente
1225 4929 1279 4977 et
1333 4935 1451 4986 ore,
1500 4919 1681 4975 verbis
1731 4931 1785 4974 et
1832 4920 2014 4984 factis,

437 5022 679 5092 quotidie
712 5022 765 5075 in
796 5034 954 5074 sacra
993 5017 1261 5073 concione
1288 5013 1658 5085 proferentes.
1691 5014 2012 5084 Symbolum

439 5124 618 5168 autem
653 5111 779 5167 ﬁdei
813 5109 943 5164 illud
981 5124 1116 5165 voco
1144 5107 1286 5175 quod
1320 5108 1500 5176 primo
1542 5105 1820 5162 Nicaeuum
1855 5123 2015 5164 conc.

441 5205 666 5258 trecenti
698 5201 1000 5258 octodecim
1021 5199 1210 5253 Patres
1236 5199 1338 5252 sub
1361 5197 1720 5254 Constantino
1751 5200 2013 5271 pioimp.,

441 5295 566 5349 etin
601 5292 840 5346 secundo
865 5290 966 5344 sub
981 5286 1287 5343 Theodosio
1325 5289 1411 5356 pio
1449 5289 1578 5358 imp.
1609 5298 1826 5344 centum
1854 5291 2014 5360 quin-

410 5383 704 5454 ’quagiula
759 5381 948 5436 Patres
999 5381 1428 5450 prOnuntiarunt
1479 5381 1893 5452 firmaruntque.
1950 5383 2015 5436 Et

445 5477 558 5531 her
605 5475 826 5546 quidem
861 5488 1019 5529 conc.
1055 5473 1187 5538 duo,
1216 5473 1458 5544 quinque
1483 5474 1839 5545 insequentes
1871 5490 2021 5531 (ncu-

447 5570 674 5623 menicae
735 5567 934 5638 synodi
996 5566 1069 5622 ita
1137 5576 1337 5622 secutae
1397 5575 1524 5622 sunt
1592 5576 1652 5622 ut
1723 5567 1858 5622 nihil
1920 5581 2023 5621 nec

447 5659 805 5728 detrahendo,
839 5675 939 5716 nec
983 5658 1290 5728 adiiciendo
1332 5659 1812 5716 Christianismum
1861 5658 2022 5713 nobis

2111 4210 2169 4246 τε
2208 4194 2573 4265 κηρύττομεν,
2608 4196 2702 4247 καὶ
2731 4195 3083 4265 διδάσκομεν,
3116 4197 3207 4250 καὶ
3242 4197 3537 4267 γράμμασι
3587 4204 3676 4242 και

2091 4284 2504 4358 νθομολογῆσαι,
2539 4287 2635 4339 καὶ
2668 4287 2744 4348 είς
2796 4287 3143 4356 παράστασιν
3203 4288 3304 4357 τῆς
3367 4287 3489 4340 καθ’
3540 4280 3677 4352 ἡμᾶς

2047 5371 2090 5430 ο

2114 4373 2350 4443 ἀληθοῦς
2387 4377 2480 4428 καὶ
2509 4377 2674 4446 μόνης
2699 4376 2999 4445 εὐσεϐείας,
3030 4379 3094 4431 ἐκ
3146 4379 3256 4432 τῶν
3321 4377 3484 4432 θείων
3532 4371 3676 4427 τοῦτο

2114 4467 2504 4537 διερμηνεῦσαι
2528 4468 2762 4539 Γραφῶν
2795 4471 2870 4532 ὡς
2901 4470 3151 4542 δύναμις.
3193 4473 3283 4534 Ὠς
3308 4471 3375 4526 ἂν
3422 4471 3532 4530 τοῖς
3587 4464 3676 4533 μὲν

2115 4562 2348 4623 πιστοῖς,
2380 4559 2688 4629 εὐφροσύνη
2717 4561 2944 4628 γένηται
2975 4564 3177 4630 μᾶλλον
3213 4566 3309 4617 καὶ
3364 4556 3671 4630 στηριγμόςο

2115 4653 2226 4711 τοῖς
2277 4651 2322 4703 δ’
2356 4653 2606 4714 ἀπίστοις
2645 4653 2740 4705 καὶ
2797 4655 3146 4724 ὲτερόφροσιν
3200 4654 3422 4726 ἔλεγχός
3474 4667 3532 4704 τε
3586 4644 3673 4699 καὶ

2116 4743 2337 4806 ὄνειδος.
2386 4745 2550 4814 Ἡμῖν
2618 4743 2663 4797 δ’
2701 4744 2991 4815 ἀποδοθείη
3048 4746 3166 4816 Θεῷ
3227 4747 3324 4817 ἦτε
3385 4744 3517 4816 πρὸς
3559 4735 3673 4796 τοὺς

2121 4837 2371 4907 Πατέρας
2407 4837 2678 4904 ὑποταγὴ,
2712 4838 2803 4889 καὶ
2867 4839 2926 4890 τὸ
2979 4839 3080 4908 τῆς
3113 4839 3400 4908 ὁμολογίας
3433 4838 3540 4889 ἴσον
3576 4829 3666 4882 αὖ·

2118 4930 2231 4990 τοῖς
2260 4928 2562 4996 ἀκραιφνές
2599 4944 2655 4978 τε
2690 4926 2784 4978 καὶ
2816 4926 3053 4997 βέϐαιον.
3092 4929 3206 4980 Οὐκ
3244 4930 3302 4980 ἐν
3363 4927 3535 4986 ἄλλοις
3570 4917 3670 4980 οὖν,

2121 5018 2238 5072 ἀλλ’
2274 5021 2330 5073 ὲν
2358 5021 2471 5083 τοῖς
2499 5018 2607 5072 τῶν
2633 5019 2892 5087 Πατέρων
2912 5019 3093 5073 αὐτῶν
3127 5019 3404 5091 ἱστάμενοι
3454 5015 3667 5086 ῥήμασι,
3725 5013 3729 5017 ’

2119 5114 2220 5184 τήν
2247 5113 2541 5182 ὁμολογίαν
2577 5111 2778 5178 αὐτῶν,
2805 5113 2866 5165 τὸ
2897 5113 3042 5183 ἱερὸν
3063 5112 3360 5184 Σύμϐολον,
3412 5111 3528 5180 ἦτοι
3587 5117 3670 5169 ση-

2125 5208 2277 5275 μεῖον
2309 5206 2408 5275 τῆς
2439 5205 2701 5270 πίστεως,
2729 5204 2867 5272 ὅπερ
2908 5205 3122 5258 ἐκθέσει
3159 5206 3337 5275 οἰκείᾳ
3362 5205 3451 5258 καὶ
3505 5195 3666 5267 ῥῆμα·

2127 5315 2210 5352 σιν
2237 5298 2422 5356 αὐτοῖς
2450 5295 2851 5364 συντεθήκασιν
2897 5287 3067 5359 οὗτοι,
3100 5297 3520 5365 άκαινοτόμητον
3548 5284 3665 5338 πάν-

2122 5403 2192 5458 τῃ
2236 5388 2332 5439 καὶ
2365 5386 2529 5454 ἡμεῖς
2553 5384 2930 5455 συντηροῦμεν
2987 5386 3090 5438 καὶ
3134 5385 3497 5456 ὁμολογοῦμεν
3537 5371 3704 5458 ψυχῇ,

2120 5495 2178 5530 τε
2213 5478 2306 5532 καὶ
2340 5477 2484 5546 λόγῳ
2513 5476 2610 5531 καὶ
2639 5477 2983 5546 πράγμασιν,
3033 5479 3108 5542 ὡς
3138 5478 3263 5532 καθ’
3307 5480 3533 5542 ἑκάστην
3591 5459 3670 5516 ἐπ’

2123 5567 2453 5637 Ἐκκλησίας
2484 5569 2852 5638 κηρύττωμεν.
2891 5569 3169 5640 Σύμϐολον
3202 5570 3256 5622 δέ
3292 5586 3430 5640 φημι
3461 5564 3551 5631 τῆς
3583 5552 3668 5609 σιτί’

2125 5678 2316 5726 στεως,
2354 5662 2491 5730 ὅπερ
2520 5663 2553 5731 ή
2601 5661 2792 5734 πρώτη
2849 5665 2908 5715 ὲν
2941 5661 3148 5734 Νικῖιίᾳ
3204 5665 3314 5716 τῶν
3369 5649 3666 5732 τριακοσίων

450 5749 745 5819 integrum,
792 5753 982 5822 sicque
1015 5751 1274 5808 Ecclesiae
1310 5752 1752 5814 fundamentum.
1803 5755 2020 5823 piorum

2123 5752 2256 5806 δέκα
2279 5756 2375 5806 καὶ
2402 5751 2545 5808 ὀκτὼ
2575 5755 2666 5809 ἐπὶ
2698 5756 3117 5810 Κωνσταντίνου
3152 5755 3248 5810 τοῦ
3292 5748 3534 5809 εὐσεϐοῦς
3577 5741 3663 5811 pa’
