4056 6426
455 371 563 432 753

1520 353 1937 419 EXPOSITIO
1964 352 2184 415 SACRI
2220 352 2578 414 SYMBOLI.

3611 343 3715 414 754

453 481 672 544 σιλέως,
715 477 810 538 καὶ
841 478 876 546 ἡ
929 474 1164 542 δευτέρα
1192 471 1288 524 ἐπὶ
1316 468 1601 522 Θεοδοσίου
1651 465 1743 519 τοῦ
1794 463 2040 534 φιλοχρί-

2153 462 2547 519 confessionem
2581 477 2830 533 vermque
2865 476 2931 518 ac
2978 462 3298 518 orthodoxa:
3341 459 3462 516 lidei
3497 461 3715 531 signum

456 590 586 634 στου
615 571 880 642 βασιλέως
912 570 968 622 ἐν
993 568 1058 636 τῇ
1103 561 1466 633 βασιλευούσῃ
1512 558 2033 612 Κωνσταντινουπό-

451 666 536 718 λει
588 663 698 716 τῶν
729 661 926 715 ἑκατὸν
959 659 1304 726 ⁸πεντήκοντα
1359 654 1531 720 ἁγίων
1569 650 1830 720 Πατέρων
1885 645 2036 699 σύνο-

449 756 671 819 δοι,κα“ι
715 752 1156 822 συνεγράψαντο,
1213 747 1307 802 καὶ
1351 742 1716 799 τελειώσασαι
1770 739 2036 793 ἐϐεϐαίω-

453 863 575 901 σαν.
633 837 704 917 ⁷ῼ
763 862 869 898 τινι
927 841 993 913 δὴ
1043 842 1140 895 καὶ
1185 841 1240 892 αἱ
1293 836 1412 908 μετ’
1452 836 1624 900 αύτάς
1651 829 2037 903 οἰκουμενικαὶ

451 939 593 992 θεῖαι
623 935 794 994 πέντε
817 935 1028 996 σύνοδοι
1059 928 1632 998 κατακολουθήσασαι,
1673 923 1839 994 μηδὲν
1868 937 2038 992 προσ-

455 1030 636 1084 θεῖσαι
696 1028 820 1097 μηδ*
866 1025 1224 1094 ἀφελόμεναι,
1287 1017 1570 1088 ἀκραιφνῆ
1626 1016 1718 1068 τὸν
1770 1016 2038 1083 Χριστια-

452 1121 646 1188 νισμὸν
690 1120 826 1188 ἡμῖν
856 1116 1220 1186 τετηρήκασι,
1251 1114 1347 1166 καὶ
1375 1109 1536 1164 τοῦτο
1578 1108 1678 1178 τῆς
1709 1105 2038 1174 Ἐκκλησίας

456 1212 728 1282 θεμέλιος.
791 1211 910 1272 Καὶ
998 1209 1109 1272 τῶν
1181 1201 1560 1258 εὐσεϐούντων
1624 1196 1890 1268 ὁμολογία
1939 1195 2039 1264 τῆς

453 1303 686 1371 ἀληθοῦς
744 1319 807 1364 τε
860 1303 955 1365 καὶ
1011 1297 1297 1370 ὀρθοδόξου
1353 1295 1593 1356 πίστεως
1654 1291 1905 1359 σημεῖον,
1944 1287 2040 1340 καὶ

457 1396 653 1466 στήλη,
683 1395 779 1448 καὶ
833 1395 959 1464 ὄρος
999 1391 1249 1459 ἀσφαλὴς
1307 1388 1403 1442 καὶ
1445 1385 1764 1446 ἀσάλευτος.
1821 1381 2041 1448 Ταύτην

455 1487 555 1557 τὴν
590 1485 885 1555 ὁμολογίαν
905 1485 936 1536 6
963 1483 1203 1554 ἀρχῆθεν
1233 1481 1494 1548 πολέμιος
1542 1476 1602 1541 ἐξ
1632 1474 1808 1545 ἀρχῆς
1867 1489 2038 1525 κατα-

459 1576 743 1646 πολεμῶν,
778 1575 854 1638 ὡς
894 1573 992 1627 καὶ
1038 1573 1129 1626 τδν
1178 1570 1468 1640 ἄνθρωπον
1506 1567 1679 1620 πάλαι
1737 1563 1841 1632 τῆς
1888 1561 2040 1622 θείας

455 1664 793 1722 ἐσπούδακεν
822 1665 1027 1733 ἐξῶσαι
1075 1662 1293 1734 βουλῆς.
1333 1661 1442 1715 Καὶ
1472 1657 1570 1711 νῦν
1604 1655 1813 1718 ἀθέοις,
1841 1653 2042 1721 ἑτερο-

453 1762 629 1826 δόξοις
670 1776 730 1813 τε
792 1760 1070 1820 πλείστοις
1118 1756 1218 1826 τὴν
1269 1755 1412 1824 πρὸς
1460 1749 1636 1820 αὐτὴν
1701 1745 2040 1815 ἀναθέμενος

2139 555 2484 624 reliquerint,
2520 555 2758 623 itemque
2783 555 3095 608 columnam
3121 568 3185 607 ac
3207 553 3500 607 terminum
3531 554 3719 607 incon-

2138 661 2359 702 cussum
2400 646 2733 700 deﬁnieriut.
2774 645 2922 699 Hauc
2957 644 3358 700 confessionem
3384 659 3720 713 oppugnatis

2139 739 2186 793 is
2219 739 2314 808 qui
2341 753 2370 792 ο
2401 737 2672 808 principio
2709 738 2964 792 inimicus
2998 737 3274 790 hominem
3301 738 3367 790 ad
3398 734 3720 790 inobedien-

2140 830 2271 883 tiam
2296 845 2422 899 erga
2449 829 2780 882 voluntatem
2815 828 3056 882 divinam
3081 829 3316 892 seduxit,
3337 842 3722 897 nuncquoque

2139 920 2424 975 haereticos
2447 919 2514 975 ad
2538 920 2885 976 rebellionem
2930 918 3132 973 excitat
3155 931 3210 973 ut
3231 918 3503 972 hominem
3525 934 3560 984 a_
3581 917 3720 971 veri-

2140 1012 2290 1074 tatis,
2316 1010 2496 1080 inqua
2536 1011 2668 1064 nihil
2702 1010 2848 1074 falsi,
2873 1009 3183 1079 cegnitione
3219 1019 3516 1064 semoreat.
3554 1008 3720 1062 Nobis

2140 1113 2322 1159 autem
2343 1113 2470 1158 ante
2492 1102 2673 1156 omnia
2709 1102 2841 1157 tides
2873 1108 2960 1157 est
2977 1100 3267 1168 servanda.
3288 1099 3550 1165 Quamvis
3569 1099 3714 1152 enim

2141 1210 2170 1248 a
2204 1193 2445 1263 peccatis
2482 1192 2706 1246 minime
2741 1192 3014 1246 immunes
3051 1191 3246 1260 simus,
3292 1203 3486 1246 omnes
3541 1200 3720 1258 tamen

2142 1299 2239 1353 per
2273 1282 2648 1351 paenitentiam
2701 1280 2858 1338 (idem
2895 1280 3155 1334 amissam
3199 1295 3524 1350 recuperare
3579 1281 3724 1332 vale-

2143 1387 2286 1428 mus.
2311 1371 2680 1426 Cnnliteamur
2710 1370 2874 1440 igitur
2907 1378 3162 1424 sanctum
3207 1369 3537 1438 symbolum,
3571 1370 3724 1430 eius-

2144 1479 2249 1535 que
2277 1463 2644 1533 cognitionem
2676 1460 2878 1530 ubique
2913 1461 3219 1530 vulgcmus.
3245 1457 3324 1514 Tu
3355 1469 3557 1528 autem,
3581 1461 3722 1514 Deus

2141 1565 2332 1612 noster
2360 1555 2505 1610 trine
2545 1562 2600 1610 et
2647 1552 2832 1617 unice,
2895 1553 2988 1620 qui
3053 1553 3205 1607 solus
3246 1568 3305 1616 es
3347 1558 3478 1605 ante
3502 1552 3722 1614 saecula,

2143 1661 2308 1717 super
2341 1659 2559 1703 omnem
2592 1643 2977 1707 substantiam,
3015 1657 3233 1697 omnem
3268 1657 3536 1711 superans
3563 1643 3726 1696 intel-

2145 1739 2364 1800 lectum,
2395 1735 2558 1791 Pater
2589 1735 2794 1806 optime
2841 1743 2895 1789 et
2935 1749 3158 1794 causam
3190 1750 3300 1788 non
3356 1733 3587 1799 habens,
3625 1733 3722 1800 Fili

459 1819 663 1924 μάχην,
694 1855 900 1921 ἐξῶσαι
923 1819 1090 1906 πάλιν
1125 1819 1223 1916 της
1249 1819 1512 1917 ἀψευδοῦς
1557 1819 1880 1896 ἐτεισπεύδει
1945 1836 2038 1888 τὸν

2153 1829 2425 1900 unigenite
2444 1837 2500 1884 et
2527 1827 2621 1885 Dei
2657 1826 2920 1891 Verbum,
2947 1834 3002 1880 et
3030 1826 3270 1894 Spiritus
3300 1836 3490 1880 sancte
3511 1841 3539 1879 e
3568 1825 3727 1877 Patre

458 1944 748 2013 ἄνθρωπον
804 1940 1082 2012 γνώσεως.
1149 1937 1288 1992 Ἀλλ’
1351 1937 1486 2004 ἡμῖν
1563 1931 1871 2000 φυλακτέον
1937 1924 2038 1996 τὴν

459 2035 662 2088 πίστιν.
705 2035 769 2088 Ei
798 2035 906 2103 γὰρ
943 2033 1038 2086 καὶ
1073 2029 1372 2099 ἁμαρτίαις
1418 2025 1518 2078 οὐκ
1564 2015 1850 2076 ἀνεύθυνοι
1904 2019 2039 2072 πάν-

456 2141 585 2189 τως,
620 2124 759 2183 ἀλλά
782 2140 846 2192 γε
869 2126 936 2194 τῇ
966 2118 1230 2192 μετανοίᾳ
1260 2117 1356 2172 καὶ
1380 2114 1562 2183 πίστει
1599 2111 1735 2182 πρὸς
1778 2109 1839 2162 τὸ
1864 2107 2042 2175 σωθῆ-

461 2231 548 2266 ναι
573 2213 798 2285 θαρρεῖν
851 2213 1091 2274 ἅπαντες
1131 2209 1348 2280 ἔχομεν.
1411 2197 1812 2274 Ὀμολογητέον
1861 2198 2040 2250 τοίνυν

462 2304 561 2376 τὴν
592 2305 763 2375 καλὴν
787 2304 1104 2374 ὁμολογίαν,
1132 2302 1228 2355 καὶ
1280 2296 1650 2369 ἑρμηνευτέον
1695 2292 1794 2361 τὴν
1841 2290 2044 2358 γνῶσιν

456 2397 654 2467 ταύτης
677 2397 751 2460 ὡς
791 2395 1038 2464 ἐφικτόν.
1075 2395 1147 2446 Σὺ
1183 2392 1239 2445 δὲ
1261 2391 1431 2459 Τριάς
1461 2387 1555 2440 καὶ
1597 2385 1763 2455 μονὰς
1824 2385 1850 2434 6
1908 2379 2043 2442 Θεὸς

457 2487 639 2557 ἡμῶν,
670 2489 699 2541 6
720 2487 878 2557 μόνος
903 2485 992 2540 ἀεὶ
1007 2484 1102 2549 ὣν,
1134 2483 1294 2564 293
1322 2484 1350 2534 6
1378 2476 1729 2549 προαιώνιος,
1760 2475 1787 2526 6
1807 2470 2043 2541 ὑπερθύ-

2147 1922 2473 1993 procedens,
2500 1923 2657 1976 unica
2686 1927 2948 1989 potestas,
2981 1917 3201 1973 unicum
3230 1918 3476 1983 omnium
3511 1918 3724 1988 princi-

2147 2019 2322 2086 pium,
2361 2029 2545 2069 rerum
2592 2027 2715 2082 qua:
2763 2027 2870 2086 non
2925 2018 3080 2065 erant
3115 2010 3404 2075 Conditor,
3446 2017 3498 2064 et
3540 2009 3727 2064 omnia

2149 2108 2460 2172 continens,
2512 2111 2566 2158 et
2601 2102 3002 2164 rationabilium
3039 2102 3382 2157 illumiuator
3427 2109 3593 2170 atque
3627 2102 3732 2170 do-

2148 2207 2290 2264 ctor,
2325 2195 2500 2266 dirige
2536 2209 2638 2250 nos
2675 2193 2772 2264 qui
2819 2192 3060 2247 divinam
3115 2191 3492 2262 expendamus
3527 2206 3623 2260 pro
3643 2191 3731 2243 ’νί-

2154 2289 2306 2343 ribus
2337 2287 2644 2350 scientiam,
2690 2286 2890 2338 virtute
2936 2286 3292 2353 bonitateque
3326 2294 3436 2338 tua.
3468 2283 3727 2338 Sanctiﬁ-

2154 2379 2261 2434 cati
2289 2392 2421 2446 ergo
2455 2387 2510 2430 et
2535 2375 2819 2430 Trinitatis
2855 2375 3202 2430 invocatione
3235 2373 3476 2444 signati,
3514 2372 3730 2428 confes-

2152 2470 2326 2524 sionis
2362 2467 2681 2538 Symbolum
2727 2465 3073 2536 incipiamus.

461 2553 594 2648 σιος,
627 2581 656 2633 6
680 2553 1087 2649 ἀκατάληπτος,
1119 2553 1300 2646 Πάτερ
1332 2572 1502 2642 ἀγαθὲ
1527 2572 1620 2624 καὶ
1649 2567 1882 2638 ἀναίτιε,
1904 2566 1998 2618 Υίὲ
2035 2565 2323 2633 μονογενὲς
2364 2563 2458 2615 καὶ
2483 2561 2625 2628 Λόγε
2651 2559 2806 2620 Θεοῦ,
2839 2559 2936 2612 καὶ
2967 2556 3189 2626 Πνεῦμα
3211 2555 3368 2624 ἀγιον
3418 2556 3482 2607 ἐκ
3516 2553 3729 2624 Πατρὺς

459 2645 882 2751 προερχόμενον,
979 2676 1078 2746 μία
1109 2674 1356 2743 δύναμις,
1391 2672 1425 2739 ἡ
1461 2670 1559 2738 μία
1577 2666 1684 2719 τῶν
1708 2665 1844 2718 ὅλων
1871 2661 2036 2732 ἀρχὴ,
2069 2662 2102 2729 ἡ
2137 2657 2468 2728 δημιουργὸς
2499 2658 2562 2710 ἐκ
2597 2656 2672 2725 μὴ
2705 2655 2892 2715 ὄντων,
2927 2652 3021 2706 καὶ
3042 2652 3338 2720 συνεκτικὴ
3375 2652 3593 2704 πάντωι
3636 2645 3734 2699 καὶ

459 2739 568 2828 τῶν
602 2739 841 2840 λογικῶν
868 2739 1172 2838 ιρωτψιστικὴ
1200 2739 1295 2820 καὶ
1330 2761 1675 2822 διδάσκαλος,
1706 2759 2014 2830 χορήγησον
2063 2755 2195 2823 ἡμῖν
2233 2769 2331 2810 σου
2382 2749 2480 2821 τὴν
2521 2748 2672 2801 θείαν
2722 2747 3059 2816 διασαφῆσαι
3099 2745 3304 2812 γνῶσιν
3365 2745 3442 2807 ὼς
3497 2739 3733 2812 ἐγχωρεῖ

461 2837 710 2936 ἐνεργεία
737 2865 802 2933 τῇ
829 2864 894 2933 σῇ
916 2861 1010 2914 καὶ
1033 2857 1386 2930 χρηστότητι.
1420 2850 1903 2917 Καθαγιασθέντες
1931 2845 2126 2899 οὐκοῦν
2160 2845 2342 2914 ἡμεῖς,
2368 2847 2459 2894 καὶ
2486 2839 2914 2911 σφραγισθέντες
2943 2841 3011 2910 τῇ
3038 2838 3324 2909 ἐπικλήσει
3353 2837 3450 2908 τῆς
3476 2837 3730 2916 Τριόιδοις⁹

462 2961 554 3013 καὶ
589 2957 683 3012 τοῦ
718 2955 996 3025 Συμϐόλου
1033 2953 1130 3021 τῆς
1155 2949 1444 3018 ὁμολογίας
1469 2947 1639 3016 αὐτῆς
1675 2940 2009 3014 ἀρξώμεθα.

466 3047 731 3104 Πιστεύω
785 3046 872 3109 εὶς
896 3041 1036 3097 ,ἕνα
1085 3039 1234 3093 Θεὸν
1278 3034 1512 3104 Πατέρα
1559 3032 2038 3100 παντοκράτορα.

2219 3020 2387 3075 Credo
2417 3022 2470 3074 in
2509 3037 2672 3074 unum
2707 3018 2872 3074 Deum
2903 3017 3061 3073 Patre
3112 3035 3161 3072 m
3190 3019 3624 3086 omnipotentem.

545 3143 633 3205 Ὠς
671 3137 961 3208 θαυμαστὴ
1001 3137 1034 3205 ἡ
1072 3131 1181 3186 τῶν
1239 3130 1502 3200 Πατέρων
1557 3123 1834 3194 θεολογία.
1876 3119 2038 3182 Κατά

2210 3132 2255 3189 0
2292 3135 2429 3188 mira
2481 3132 2703 3187 Patrum
2757 3133 3049 3203 theologia.
3099 3133 3259 3200 cujus
3307 3135 3572 3187 adversus
3617 3145 3735 3185 om-

468 3236 682 3292 πάντων
711 3233 820 3301 γὰρ
842 3229 1003 3296 εύθὺς
1031 3226 1143 3280 τῶν
1177 3221 1520 3278 ἀσεϐούντων
1557 3219 1778 3274 πλουτεῖ
1819 3215 1880 3268 τὸ
1908 3230 2043 3284 προ-

466 3330 665 3398 οίμιον,
708 3324 772 3378 τὸ
801 3320 1074 3390 Πιστεύω
1107 3317 1208 3387 μὲν
1257 3312 1578 3387 προτιθεῑσα
1609 3308 1701 3371 διᾲ
1733 3308 1794 3361 τὸ
1824 3308 1924 3375 τῆς
1955 3307 2040 3359 πί-

471 3436 641 3481 στεως
660 3415 934 3484 ἀσφαλέςο
977 3414 1068 3478 είς
1098 3410 1209 3464 ἕνα
1247 3408 1302 3464 δὲ
1354 3405 1504 3464 Θεὸν
1553 3402 1788 3471 Πατέρα
1817 3416 2043 3454 παντο·

471 3511 749 3580 κράτορα,
775 3509 856 3560 ὅτι
886 3505 1019 3568 Θεὸς
1068 3497 1170 3566 εἷς,
1206 3500 1302 3556 καὶ
1334 3493 1514 3562 οὗτος,
1547 3495 1756 3564 Πατὴρ,
1787 3493 1863 3557 ὡς
1889 3490 2042 3570 πηγὴ

469 3605 580 3656 τῶν
617 3601 677 3664 ἐξ
707 3597 896 3662 αὑτοῦ,
936 3593 1068 3648 Υίοῦ
1098 3610 1158 3646 τε
1193 3593 1292 3648 καὶ
1323 3589 1642 3658 Πνεύματος
1665 3602 1680 3617 ·
1717 3585 1810 3645 καὶ
1836 3585 2042 3644 Παντο-

471 3695 693 3763 κράτωρ
721 3689 896 3753 οὗτος,
940 3685 1014 3746 ὡς
1057 3683 1194 3753 μετά
1224 3679 1319 3733 τοῦ
1369 3680 1546 3746 Λόγου
1594 3677 1689 3729 καὶ
1731 3673 2044 3742 [Ινεύματος

469 3787 577 3839 τῶν
599 3785 735 3837 ὅλων
773 3780 1089 3848 κτισμάτων
1128 3773 1380 3843 ποιητής.
1419 3769 1578 3823 Ἐπεὶ
1620 3768 1728 3836 γὰρ
1764 3766 1906 3817 κατὰ
1948 3761 2044 3833 τὴν

475 3877 751 3936 Μωῦσέως
811 3867 1159 3939 συγγραφὴν,
1216 3866 1338 3934 ἥτις
1387 3859 1730 3930 ἀληθεστάτη
1791 3855 1890 3924 μὲν
1951 3854 2045 3924 καί

473 3971 805 4042 ἀρχαιοτάτη
830 3966 1001 4029 ἐστὶν,
1034 3958 1252 4030 ἐπιδεὴς
1282 3957 1338 4011 δὲ
1370 3957 1528 4027 μόνον
1553 3953 1647 4006 τοῦ
1690 3951 1837 4002 θείου
1867 3949 2046 4016 Εὐαγ-

474 4040 678 4132 γελίου,
715 4057 952 4127 σκιώδης
989 4051 1124 4120 οῦσα
1163 4053 1260 4107 καὶ
1293 4049 1514 4118 ἀτελὴς,
1556 4040 1636 4108 εἷς
1676 4043 1807 4105 Θεὸς
1841 4041 2050 4094 ἐδιδάσ-

475 4131 601 4208 κετο
631 4155 814 4221 μόνον,
847 4151 877 4202 ὁ
909 4148 1097 4216 Πατὴρ
1122 4143 1360 4215 δηλονότι
1389 4156 1404 4174 ·
1433 4141 1462 4195 6
1487 4139 1544 4192 δέ
1575 4153 1638 4204 γε
1671 4137 1843 4202 Λόγος
1869 4132 1963 4186 καὶ
1988 4131 2049 4185 τὸ

478 4247 704 4316 Πνεῦμα
738 4241 997 4314 ἀμυδρῶς
1041 4236 1111 4309 ἦν
1157 4240 1214 4290 ἐν
1261 4236 1398 4305 αὐτῇ
1454 4227 1918 4302 μαρτυρούμενα’
1962 4225 2052 4277 οὐ-

479 4338 638 4408 ρανὸς
667 4337 723 4388 δὲ
760 4334 860 4387 καὶ
906 4331 981 4400 γῆ
1033 4330 1128 4387 καὶ
1165 4328 1231 4381 τά
1267 4327 1326 4379 ἐν
1370 4324 1555 4386 αὐτοῖς
1596 4321 1815 4375 ἅπαντα
1849 4317 1910 4382 ἐξ
1951 4317 2050 4384 οὐκ

476 4432 643 4484 όντων
667 4427 825 4496 Λόγῳ
851 4423 945 4477 καὶ
971 4420 1252 4493 Πνεύματι
1283 4414 1628 4483 πεποιημένα
1655 4411 1788 4466 Θεοῦ
1817 4411 2051 4480 ἐγέγρα-

2150 3242 2249 3283 nes
2282 3227 2486 3296 impios
2521 3226 2633 3279 cito
2661 3226 2917 3295 praavalet
2941 3225 3294 3292 prooemium.
3316 3223 3487 3278 Credo
3515 3223 3733 3292 quidem

2152 3319 2502 3389 praemittitur
2549 3317 2622 3373 ob
2665 3316 2788 3371 ﬁdei
2839 3317 3250 3372 certitndiuem.
3309 3313 3382 3370 In
3411 3331 3574 3370 unum
3605 3329 3736 3367 vero

2151 3411 2324 3465 Deum
2378 3410 2595 3465 Patrem
2646 3409 3085 3476 omnipotentem,
3135 3408 3264 3478 quia
3308 3408 3450 3464 Deus
3495 3423 3638 3461 unus
3683 3415 3737 3460 et

2152 3503 2268 3572 ipse
2293 3503 2484 3565 Pater,
2525 3511 2787 3569 tauquam
2817 3499 2942 3574 fons
2980 3487 3174 3554 eorum
3213 3498 3306 3567 qui
3329 3515 3398 3553 ex
3431 3498 3548 3566 ipso
3583 3507 3734 3558 sunt,

2153 3594 2363 3649 scilicet
2411 3591 2533 3646 Filii
2576 3601 2631 3647 et
2688 3591 2950 3661 Spiritus.
2981 3589 3052 3644 Et
3092 3590 3468 3658 omnipotens,
3507 3589 3600 3656 qui
3641 3603 3737 3656 per

2157 3684 2396 3759 Verbum
2438 3693 2492 3738 et
2531 3681 2797 3752 Spiritum
2824 3683 3070 3735 omnium
3105 3687 3482 3736 creaturarum
3532 3686 3621 3734 est
3659 3679 3737 3734 ia-

2154 3783 2294 3828 ctor.
2330 3771 2612 3841 Siquidem
2639 3769 2945 3836 secundum
2979 3767 3178 3836 Moysis
3223 3765 3579 3834 scripturam,
3613 3779 3733 3832 qum

2154 3864 2442 3920 verissima
2470 3861 2690 3930 quidem
2720 3869 2776 3915 et
2806 3859 3207 3922 vetustissima,
3242 3865 3454 3911 tantum
3490 3871 3618 3911 vero
3649 3855 3733 3908 di-

2155 3960 2285 4011 vino
2318 3964 2440 4024 eget
2476 3951 2798 4022 Evangelio,
2829 3966 2951 4020 qua:
2983 3950 3232 4006 umbram
3264 3949 3426 4004 habet
3454 3957 3508 4002 et
3540 3949 3738 4013 imper-

2157 4046 2477 4107 lectionem,
2523 4057 2668 4102 unus
2703 4041 2846 4095 Deus
2899 4040 3168 4098 duntaxat
3217 4038 3543 4101 docebatur,
3584 4038 3738 4091 Pater

2157 4137 2403 4202 scilicet;
2439 4133 2677 4191 Verbum
2716 4139 2900 4192 autem
2934 4145 2998 4184 ae
3034 4128 3272 4200 Spiritus
3302 4128 3643 4184 subobscure
3684 4128 3736 4180 in

2158 4224 2430 4292 scriptura
2467 4218 2890 4287 indicebantur;
2916 4219 3114 4282 caelum
3138 4230 3268 4270 vero
3289 4226 3343 4271 et
3376 4224 3523 4271 terra
3546 4227 3598 4271 et
3623 4231 3739 4269 0m.

2160 4319 2249 4386 nia
2272 4329 2394 4386 qua:
2423 4314 2478 4374 in
2499 4312 2584 4368 eis
2618 4320 2746 4366 sunt
2766 4325 2798 4366 e
2820 4326 2930 4374 non
2957 4307 3349 4378 exsistentibus
3379 4322 3476 4378 per
3500 4305 3737 4364 Verbum

2160 4419 2214 4465 et
2253 4406 2519 4477 Spiritum
2568 4403 2715 4464 facta
2753 4417 2786 4456 a
2835 4401 2945 4456 Deo
2996 4400 3413 4468 repptabantur.
3442 4397 3734 4454 Hominum

481 4539 584 4575 πτο
608 4538 621 4552 ’
655 4491 833 4587 ἕτεροι
863 4515 920 4569 δὲ
949 4491 1055 4566 τῶν
1081 4509 1383 4580 ἀνθρώπων
1417 4503 1898 4574 ἀποπλανηθέντες
1921 4502 2046 4554 πο).-

2155 4510 2336 4557 autem
2383 4506 2706 4557 ceterorum
2739 4495 3062 4558 aberrantes
3114 4493 3298 4555 multi,
3335 4491 3425 4546 alii
3477 4506 3584 4544 non
3617 4504 3739 4546 esse

478 4617 582 4680 λοὶ,
622 4614 671 4666 οἱ
701 4611 802 4678 μὲν
837 4607 912 4678 μὴ
943 4603 1082 4660 εἶναι
1112 4602 1245 4655 Θεὸν
1275 4602 1592 4669 εἰρήκασιν,
1630 4597 1860 4666 ἄφρονες
1885 4595 2054 4656 ὅντως

479 4707 652 4771 δντες,
690 4701 785 4756 καὶ
827 4699 968 4768 τύχῃ
1009 4695 1103 4754 καὶ
1138 4693 1451 4762 εἱμαρμένῃ
1487 4689 1549 4740 τὸ
1589 4689 1698 4739 πᾶν
1729 4687 2012 4754 ὑπέθηκαν
2039 4701 2054 4716 ο

480 4798 532 4850 οἱ
562 4797 618 4848 δὲ
669 4793 809 4847 θεῶν
838 4788 1060 4859 πλῆθος,
1094 4786 1186 4840 καὶ
1225 4784 1487 4852 δυνάμεις
1520 4778 1700 4832 αὐτῶν
1753 4778 2057 4847 ἐπενόησαν

485 4889 720 4950 ἑαυτοῖς,
751 4878 1197 4950 εἰδωλολατρείας
1229 4875 1429 4944 μανίαν
1451 4890 1512 4926 τε
1541 4875 1634 4924 καὶ
1670 4868 1930 4926 ἀσέϐειαν
1959 4885 2058 4920 συ-

489 4983 851 5049 νεστήσαντο·
889 4973 1041 5028 ἄλλοι
1072 4972 1129 5024 δὲ
1181 4967 1460 5037 γοητείαν,
1489 4967 1586 5018 καὶ
1626 4963 1874 5032 ἀστέρων
1905 4963 2061 5029 κινή-

489 5091 605 5135 σεις
636 5072 732 5138 καὶ
765 5071 982 5135 γένεσιν
1011 5061 1438 5127 συνεσκὲψαντο,
1462 5058 1554 5110 καὶ
1579 5056 1673 5108 τὸν
1711 5055 1911 5124 κόσμον
1939 5052 2060 5106 τοῦ-

487 5181 578 5215 τον
598 5162 767 5214 ἀΐδιον
795 5157 890 5211 καὶ
921 5154 1261 5221 ἀκαταλύτον
1289 5151 1619 5217 ὑπενόησαν,
1649 5148 1741 5199 καὶ
1768 5143 2063 5214 λατρευταὶ

489 5253 786 5323 δαιμονίων
818 5252 916 5304 καὶ
972 5248 1070 5317 τῆς
1101 5244 1334 5306 κτίσεως
1372 5242 1491 5310 ἅμα
1523 5239 1814 5308 γεγόνασιν
1844 5252 1857 5268 °
1903 5238 1936 5308 ἡ
1966 5237 2061 5288 τοῦ

491 5346 726 5418 Χριστοῦ
762 5341 1062 5413 Ἐκκλησία
1094 5338 1259 5398 αὐτὸν
1287 5337 1380 5390 τὸν
1426 5334 1519 5388 τοῦ
1567 5332 1704 5386 Θεοῦ
1755 5331 1934 5398 λόγον,
1971 5330 2064 5382 τὸν

495 5438 761 5512 μονογενῆ
792 5437 940 5498 Υίὸν,
971 5435 1072 5504 τὴν
1107 5432 1477 5498 ἐνυπόστατον
1527 5427 1625 5498 καὶ
1657 5425 1838 5488 ζῶσαν
1873 5422 2066 5490 σοφίαν

491 5511 809 5587 διδάσκαλον
841 5530 1063 5598 ἔχουσα,
1115 5519 1472 5593 διορθουμένη
1521 5517 1586 5570 τὸ
1645 5515 1775 5592 πᾶν,
1825 5513 1920 5566 καὶ
1968 5511 2068 5580 τὴν

493 5627 757 5697 ἀλήθειαν
819 5615 1297 5692 ἐπιμαρτυροῦσα,
1348 5610 1714 5666 ἀποϐάλλεται
1775 5607 1876 5680 μὲν
1927 5607 2067 5684 μετὰ

495 5718 588 5772 τοῦ
617 5715 780 5770 Δαϐὶδ
811 5715 940 5774 τοὺς
982 5711 1058 5782 μὴ
1084 5707 1486 5778 ὁμολογοῦντας
1515 5702 1608 5755 τὸν
1633 5700 1790 5754 Θεόν.
1830 5699 2069 5758 Ἐκεῖνος

497 5814 606 5880 γάρ
641 5825 826 5881 φησιν,
865 5801 1051 5861 Εἶπεν
1097 5801 1304 5871 ἄφρων
1360 5798 1427 5853 ἐν
1465 5791 1683 5862 καρδίᾳ
1725 5787 1915 5846 αὐτοῦ
1957 5789 2067 5842 οὑν

2159 4594 2328 4662 Debui
2349 4591 2629 4656 dixerunt,
2661 4586 2988 4656 insipientes
3016 4583 3196 4648 valde,
3229 4592 3283 4638 et
3307 4581 3538 4639 fortuito
3567 4574 3742 4636 fatali-

2159 4696 2353 4756 terque
2403 4681 2588 4740 omnia
2620 4679 2841 4735 condita
2887 4677 3333 4746 contenderunt;
3380 4675 3471 4729 alii
3516 4675 3740 4730 deorum

2162 4776 2570 4834 multitudinem
2603 4782 2660 4829 et
2685 4786 2879 4829 eorum
2912 4770 3144 4824 virtutes
3166 4767 3272 4823 sibi
3300 4767 3594 4830 (inserunt,
3626 4765 3740 4820 ido-

2164 4869 2410 4926 lolatriae
2443 4865 2814 4936 insipientiam
2867 4869 2922 4916 et
2946 4860 3280 4933 impietatem
3314 4857 3742 4930 conslittterutt'.

2163 4963 2269 5017 Alii
2300 4959 2588 5031 geniorum
2629 4956 2834 5012 cultum
2865 4962 2920 5007 et
2952 4961 3222 5016 astrorum
3259 4958 3440 5005 motus
3480 4955 3535 5021 et
3562 4955 3742 5017 ortum

2161 5049 2654 5106 eonsideraverunt
2682 5080 2702 5108 ,
2748 5052 2804 5097 et
2836 5039 3100 5106 mundum
3138 5036 3307 5092 istum
3341 5045 3603 5090 aeternum
3645 5050 3745 5090 nec

2169 5156 2412 5210 unquam
2466 5138 2864 5198 destruendum
2918 5138 3288 5202 putaverunt,
3335 5137 3390 5186 et.
3439 5129 3742 5210 daemonum

2164 5235 2407 5290 cultores
2437 5239 2599 5298 atque
2631 5234 3016 5300 creaturarum
3047 5220 3177 5294 facti
3209 5228 3360 5275 sunt.
3399 5219 3606 5274 Christi
3642 5204 3746 5272 Ec:

2170 5327 2338 5382 clesia
2365 5325 2542 5392 ipsum
2565 5318 2662 5375 Dei
2695 5315 2955 5383 Verbum,
2978 5314 3201 5368 unicum
3234 5311 3743 5380 Filium,viventcm

2169 5426 2224 5472 et
2254 5431 2350 5486 per
2365 5429 2425 5474 se
2445 5412 2801 5475 exsistentem
2824 5406 3148 5476 sapientiam
3179 5405 3495 5473 magistrum
3518 5402 3744 5477 habens,

2174 5511 2333 5582 plene
2362 5515 2512 5563 recta
2547 5513 2602 5560 et
2633 5501 2848 5558 veritati
2881 5497 3262 5554 testimonium
3295 5493 3607 5565 perlubens,
3641 5506 3746 5542 una

2171 5581 2296 5658 cum
2320 5599 2524 5656 Davide
2544 5595 2762 5666 quidem
2793 5608 2888 5648 eos
2918 5591 3148 5658 abnegat
3173 5587 3266 5658 qui
3293 5599 3401 5640 non
3431 5597 3554 5637 esse
3580 5581 3746 5636 Deum

2172 5693 2364 5750 dicunt
2395 5705 2411 5745 :
2459 5685 2733 5742 exclamat
2772 5683 2918 5736 enim
2951 5681 3068 5750 ipse
3107 5696 3120 5734 :
3156 5696 3174 5730 ι
3209 5675 3353 5736 Dixit
3379 5672 3644 5752 insipiens
3691 5671 3746 5722 in

2174 5784 2338 5843 corde
2367 5794 2492 5847 suo,
2517 5777 2636 5840 Non
2658 5783 2744 5838 est
2775 5776 2938 5832 Deus.
2966 5791 2983 5825 ι
3023 5769 3285 5830 Similiter
3303 5777 3480 5822 autem
3510 5779 3631 5824 cum
3659 5778 3746 5824 et»
