  <div class='ocr_page' id='page_1' title='image "/cluster/home/n/w/nwhite01/storage/ocr_20150623/155/coo.31924054870609/387.png"; bbox 0 0 4056 6434; ppageno 0'>
   <div class='ocr_carea' id='block_1_1' title="bbox 403 331 516 397">
    <p class='ocr_par' dir='ltr' id='par_1_1' title="bbox 403 331 516 397">
     <span class='ocr_line' id='line_1_1' title="bbox 403 331 516 397; baseline 0 0"><span class='ocrx_word' id='word_1_1' title='bbox 403 331 516 397; x_wconf 79' lang='grc'><strong>’155</strong></span> 
     </span>
    </p>
   </div>
   <div class='ocr_carea' id='block_1_2' title="bbox 1231 306 1985 427">
    <p class='ocr_par' dir='ltr' id='par_1_2' title="bbox 1231 346 1985 418">
     <span class='ocr_line' id='line_1_2' title="bbox 1231 346 1985 418; baseline 0.013 -10"><span class='ocrx_word' id='word_1_2' title='bbox 1231 346 1536 411; x_wconf 84' lang='lat' dir='ltr'><strong>SYMEON</strong></span> <span class='ocrx_word' id='word_1_3' title='bbox 1544 352 1619 413; x_wconf 91' lang='lat' dir='ltr'><strong>IS</strong></span> <span class='ocrx_word' id='word_1_4' title='bbox 1650 350 1985 418; x_wconf 81' lang='lat' dir='ltr'><strong>THESSAI</strong></span> 
     </span>
    </p>
   </div>
   <div class='ocr_carea' id='block_1_3' title="bbox 2093 306 3651 427">
    <p class='ocr_par' dir='ltr' id='par_1_3' title="bbox 2093 356 3651 427">
     <span class='ocr_line' id='line_1_3' title="bbox 2093 356 3651 427; baseline 0.004 -7"><span class='ocrx_word' id='word_1_5' title='bbox 2093 360 2422 421; x_wconf 84' lang='lat' dir='ltr'><strong>ilCENSlS</strong></span> <span class='ocrx_word' id='word_1_6' title='bbox 2453 356 2820 423; x_wconf 84' lang='lat' dir='ltr'><strong>ARCHIEP.</strong></span> <span class='ocrx_word' id='word_1_7' title='bbox 3559 361 3651 427; x_wconf 77' lang='lat'><strong>756</strong></span> 
     </span>
    </p>
   </div>
   <div class='ocr_carea' id='block_1_4' title="bbox 396 455 1985 540">
    <p class='ocr_par' dir='ltr' id='par_1_4' title="bbox 396 458 1981 517">
     <span class='ocr_line' id='line_1_4' title="bbox 396 458 1981 517; baseline 0.001 -5"><span class='ocrx_word' id='word_1_8' title='bbox 396 463 516 514; x_wconf 77' lang='lat' dir='ltr'><strong>liL‘ttt</strong></span> <span class='ocrx_word' id='word_1_9' title='bbox 556 459 755 517; x_wconf 62' lang='lat' dir='ltr'><strong>Din-ide</strong></span> <span class='ocrx_word' id='word_1_10' title='bbox 795 470 849 516; x_wconf 90' lang='lat' dir='ltr'><strong>et</strong></span> <span class='ocrx_word' id='word_1_11' title='bbox 902 458 1070 516; x_wconf 82' lang='lat' dir='ltr'><strong>Paulo</strong></span> <span class='ocrx_word' id='word_1_12' title='bbox 1106 463 1403 515; x_wconf 89' lang='lat' dir='ltr'><strong>multorum</strong></span> <span class='ocrx_word' id='word_1_13' title='bbox 1461 474 1706 517; x_wconf 89' lang='lat' dir='ltr'><strong>errorem</strong></span> <span class='ocrx_word' id='word_1_14' title='bbox 1753 461 1981 515; x_wconf 89' lang='lat' dir='ltr'><strong>deorum</strong></span> 
     </span>
    </p>
   </div>
   <div class='ocr_carea' id='block_1_5' title="bbox 2093 455 3652 540">
    <p class='ocr_par' dir='ltr' id='par_1_5' title="bbox 2098 459 3652 540">
     <span class='ocr_line' id='line_1_5' title="bbox 2098 459 3652 540; baseline 0.014 -27"><span class='ocrx_word' id='word_1_15' title='bbox 2098 462 2229 514; x_wconf 77' lang='grc' dir='ltr'>ἔστι</span> <span class='ocrx_word' id='word_1_16' title='bbox 2255 462 2422 530; x_wconf 82' lang='grc' dir='ltr'>Θεός·</span> <span class='ocrx_word' id='word_1_17' title='bbox 2442 464 2743 520; x_wconf 77' lang='grc' dir='ltr'>ἀπωθεῖται</span> <span class='ocrx_word' id='word_1_18' title='bbox 2766 459 2823 523; x_wconf 69' lang='grc' dir='ltr'><strong>δὸ</strong></span> <span class='ocrx_word' id='word_1_19' title='bbox 2845 468 3013 524; x_wconf 84' lang='grc' dir='ltr'>πάλιν</span> <span class='ocrx_word' id='word_1_20' title='bbox 3041 472 3182 540; x_wconf 86' lang='grc' dir='ltr'><strong>μετά</strong></span> <span class='ocrx_word' id='word_1_21' title='bbox 3205 473 3301 529; x_wconf 87' lang='grc' dir='ltr'><strong>τοῦ</strong></span> <span class='ocrx_word' id='word_1_22' title='bbox 3324 478 3488 532; x_wconf 78' lang='grc' dir='ltr'>αὐτοῦ</span> <span class='ocrx_word' id='word_1_23' title='bbox 3504 482 3652 533; x_wconf 71' lang='grc' dir='ltr'>Δαὸιδ</span> 
     </span>
    </p>
   </div>
   <div class='ocr_carea' id='block_1_6' title="bbox 405 550 1985 624">
    <p class='ocr_par' dir='ltr' id='par_1_6' title="bbox 405 550 1985 624">
     <span class='ocr_line' id='line_1_6' title="bbox 405 550 1985 624; baseline 0 -17"><span class='ocrx_word' id='word_1_24' title='bbox 405 555 636 624; x_wconf 88' lang='lat' dir='ltr'><strong>respuit.</strong></span> <span class='ocrx_word' id='word_1_25' title='bbox 678 572 696 605; x_wconf 79' lang='grc' dir='ltr'><strong>ι</strong></span> <span class='ocrx_word' id='word_1_26' title='bbox 727 554 928 610; x_wconf 81' lang='lat' dir='ltr'><strong>Omnes</strong></span> <span class='ocrx_word' id='word_1_27' title='bbox 962 554 1127 619; x_wconf 88' lang='lat' dir='ltr'><strong>enim,</strong></span> <span class='ocrx_word' id='word_1_28' title='bbox 1164 553 1474 623; x_wconf 88' lang='lat' dir='ltr'><strong>inquitille,</strong></span> <span class='ocrx_word' id='word_1_29' title='bbox 1510 553 1583 609; x_wconf 89' lang='lat' dir='ltr'><strong>dii</strong></span> <span class='ocrx_word' id='word_1_30' title='bbox 1609 552 1850 623; x_wconf 87' lang='lat' dir='ltr'><strong>gentium</strong></span> <span class='ocrx_word' id='word_1_31' title='bbox 1876 550 1985 607; x_wconf 71' lang='lat' dir='ltr'><strong>da:-</strong></span> 
     </span>
    </p>
   </div>
   <div class='ocr_carea' id='block_1_7' title="bbox 402 644 1984 715">
    <p class='ocr_par' dir='ltr' id='par_1_7' title="bbox 402 644 1984 715">
     <span class='ocr_line' id='line_1_7' title="bbox 402 644 1984 715; baseline -0.003 -13"><span class='ocrx_word' id='word_1_32' title='bbox 402 648 656 713; x_wconf 61' lang='lat' dir='ltr'><strong>moniap</strong></span> <span class='ocrx_word' id='word_1_33' title='bbox 690 655 744 701; x_wconf 90' lang='lat' dir='ltr'><strong>et</strong></span> <span class='ocrx_word' id='word_1_34' title='bbox 768 644 1003 701; x_wconf 85' lang='lat' dir='ltr'><strong>Paulus:</strong></span> <span class='ocrx_word' id='word_1_35' title='bbox 1040 665 1058 698; x_wconf 79' lang='grc' dir='ltr'><strong>ι</strong></span> <span class='ocrx_word' id='word_1_36' title='bbox 1088 647 1415 701; x_wconf 86' lang='lat' dir='ltr'><strong>Servierunt</strong></span> <span class='ocrx_word' id='word_1_37' title='bbox 1446 646 1516 701; x_wconf 89' lang='lat' dir='ltr'><strong>iis</strong></span> <span class='ocrx_word' id='word_1_38' title='bbox 1534 646 1627 715; x_wconf 90' lang='lat' dir='ltr'><strong>qui</strong></span> <span class='ocrx_word' id='word_1_39' title='bbox 1658 652 1853 700; x_wconf 87' lang='lat' dir='ltr'><strong>natura</strong></span> <span class='ocrx_word' id='word_1_40' title='bbox 1876 658 1984 698; x_wconf 91' lang='lat' dir='ltr'><strong>non</strong></span> 
     </span>
    </p>
   </div>
   <div class='ocr_carea' id='block_1_8' title="bbox 402 735 1982 808">
    <p class='ocr_par' dir='ltr' id='par_1_8' title="bbox 402 735 1982 808">
     <span class='ocr_line' id='line_1_8' title="bbox 402 735 1982 808; baseline -0.004 -13"><span class='ocrx_word' id='word_1_41' title='bbox 402 750 529 795; x_wconf 88' lang='lat' dir='ltr'><strong>sunt</strong></span> <span class='ocrx_word' id='word_1_42' title='bbox 561 738 659 801; x_wconf 89' lang='lat' dir='ltr'><strong>dii.</strong></span> <span class='ocrx_word' id='word_1_43' title='bbox 692 747 740 793; x_wconf 90' lang='lat' dir='ltr'><strong>et</strong></span> <span class='ocrx_word' id='word_1_44' title='bbox 780 739 1055 808; x_wconf 87' lang='lat' dir='ltr'><strong>sapientes</strong></span> <span class='ocrx_word' id='word_1_45' title='bbox 1087 753 1213 793; x_wconf 90' lang='lat' dir='ltr'><strong>cum</strong></span> <span class='ocrx_word' id='word_1_46' title='bbox 1234 747 1443 803; x_wconf 89' lang='lat' dir='ltr'><strong>esseut,</strong></span> <span class='ocrx_word' id='word_1_47' title='bbox 1478 737 1634 791; x_wconf 79' lang='lat' dir='ltr'><strong>stulti</strong></span> <span class='ocrx_word' id='word_1_48' title='bbox 1676 735 1808 791; x_wconf 86' lang='lat' dir='ltr'><strong>facti</strong></span> <span class='ocrx_word' id='word_1_49' title='bbox 1832 745 1982 798; x_wconf 86' lang='lat' dir='ltr'><strong>sunt,</strong></span> 
     </span>
    </p>
   </div>
   <div class='ocr_carea' id='block_1_9' title="bbox 399 825 1986 899">
    <p class='ocr_par' dir='ltr' id='par_1_9' title="bbox 399 825 1986 899">
     <span class='ocr_line' id='line_1_9' title="bbox 399 825 1986 899; baseline -0.004 -12"><span class='ocrx_word' id='word_1_50' title='bbox 399 841 453 887; x_wconf 81' lang='lat' dir='ltr'><strong>et</strong></span> <span class='ocrx_word' id='word_1_51' title='bbox 470 831 779 887; x_wconf 88' lang='lat' dir='ltr'><strong>servierunt</strong></span> <span class='ocrx_word' id='word_1_52' title='bbox 802 837 1071 885; x_wconf 70' lang='lat' dir='ltr'><strong>creaturae</strong></span> <span class='ocrx_word' id='word_1_53' title='bbox 1092 829 1274 899; x_wconf 78' lang='lat' dir='ltr'><strong>potius</strong></span> <span class='ocrx_word' id='word_1_54' title='bbox 1300 845 1462 899; x_wconf 82' lang='lat' dir='ltr'><strong>quam</strong></span> <span class='ocrx_word' id='word_1_55' title='bbox 1480 827 1748 883; x_wconf 84' lang='lat' dir='ltr'><strong>Creatori.</strong></span> <span class='ocrx_word' id='word_1_56' title='bbox 1766 844 1784 878; x_wconf 74' lang='grc' dir='ltr'><strong>ι</strong></span> <span class='ocrx_word' id='word_1_57' title='bbox 1815 825 1986 881; x_wconf 82' lang='lat' dir='ltr'><strong>Perii-</strong></span> 
     </span>
    </p>
   </div>
   <div class='ocr_carea' id='block_1_10' title="bbox 398 917 1990 992">
    <p class='ocr_par' dir='ltr' id='par_1_10' title="bbox 398 917 1990 992">
     <span class='ocr_line' id='line_1_10' title="bbox 398 917 1990 992; baseline -0.006 -14"><span class='ocrx_word' id='word_1_58' title='bbox 398 920 551 978; x_wconf 86' lang='lat' dir='ltr'><strong>cicns</strong></span> <span class='ocrx_word' id='word_1_59' title='bbox 572 930 754 977; x_wconf 89' lang='lat' dir='ltr'><strong>autem</strong></span> <span class='ocrx_word' id='word_1_60' title='bbox 790 923 939 992; x_wconf 90' lang='lat' dir='ltr'><strong>quod</strong></span> <span class='ocrx_word' id='word_1_61' title='bbox 976 920 1078 992; x_wconf 86' lang='lat' dir='ltr'><strong>legi</strong></span> <span class='ocrx_word' id='word_1_62' title='bbox 1106 922 1316 986; x_wconf 85' lang='lat' dir='ltr'><strong>deerat,</strong></span> <span class='ocrx_word' id='word_1_63' title='bbox 1357 935 1457 975; x_wconf 92' lang='lat' dir='ltr'><strong>nec</strong></span> <span class='ocrx_word' id='word_1_64' title='bbox 1488 917 1710 986; x_wconf 85' lang='lat' dir='ltr'><strong>Filium,</strong></span> <span class='ocrx_word' id='word_1_65' title='bbox 1739 933 1840 973; x_wconf 88' lang='lat' dir='ltr'><strong>nec</strong></span> <span class='ocrx_word' id='word_1_66' title='bbox 1865 917 1990 986; x_wconf 83' lang='lat' dir='ltr'><strong>Spi-</strong></span> 
     </span>
    </p>
   </div>
   <div class='ocr_carea' id='block_1_11' title="bbox 380 1008 1987 1084">
    <p class='ocr_par' dir='ltr' id='par_1_11' title="bbox 380 1008 1987 1084">
     <span class='ocr_line' id='line_1_11' title="bbox 380 1008 1987 1084; baseline -0.002 -17"><span class='ocrx_word' id='word_1_67' title='bbox 380 1008 563 1081; x_wconf 65' lang='lat' dir='ltr'><strong>iritum</strong></span> <span class='ocrx_word' id='word_1_68' title='bbox 591 1022 780 1084; x_wconf 85' lang='lat' dir='ltr'><strong>aperte</strong></span> <span class='ocrx_word' id='word_1_69' title='bbox 804 1012 1046 1079; x_wconf 85' lang='lat' dir='ltr'><strong>docenti,</strong></span> <span class='ocrx_word' id='word_1_70' title='bbox 1078 1013 1225 1067; x_wconf 88' lang='lat' dir='ltr'><strong>clare</strong></span> <span class='ocrx_word' id='word_1_71' title='bbox 1256 1021 1310 1066; x_wconf 91' lang='lat' dir='ltr'><strong>et</strong></span> <span class='ocrx_word' id='word_1_72' title='bbox 1336 1012 1422 1082; x_wconf 91' lang='lat' dir='ltr'><strong>pie</strong></span> <span class='ocrx_word' id='word_1_73' title='bbox 1454 1011 1651 1065; x_wconf 84' lang='lat' dir='ltr'><strong>clamat</strong></span> <span class='ocrx_word' id='word_1_74' title='bbox 1681 1026 1696 1064; x_wconf 88' lang='lat'><strong>:</strong></span> <span class='ocrx_word' id='word_1_75' title='bbox 1734 1008 1903 1063; x_wconf 84' lang='lat' dir='ltr'><strong>Credo</strong></span> <span class='ocrx_word' id='word_1_76' title='bbox 1932 1009 1987 1063; x_wconf 80' lang='lat' dir='ltr'><strong>in</strong></span> 
     </span>
    </p>
   </div>
   <div class='ocr_carea' id='block_1_12' title="bbox 400 1094 1983 1170">
    <p class='ocr_par' dir='ltr' id='par_1_12' title="bbox 400 1094 1983 1170">
     <span class='ocr_line' id='line_1_12' title="bbox 400 1094 1983 1170; baseline -0.004 -13"><span class='ocrx_word' id='word_1_77' title='bbox 400 1118 564 1158; x_wconf 84' lang='lat' dir='ltr'><strong>unum</strong></span> <span class='ocrx_word' id='word_1_78' title='bbox 589 1104 758 1158; x_wconf 83' lang='lat' dir='ltr'><strong>Deum</strong></span> <span class='ocrx_word' id='word_1_79' title='bbox 785 1103 1005 1158; x_wconf 77' lang='lat' dir='ltr'><strong>Patrem</strong></span> <span class='ocrx_word' id='word_1_80' title='bbox 1037 1104 1453 1170; x_wconf 76' lang='lat' dir='ltr'><strong>omnipotentem</strong></span> <span class='ocrx_word' id='word_1_81' title='bbox 1482 1114 1501 1154; x_wconf 89' lang='lat'><strong><em>:</em></strong></span> <span class='ocrx_word' id='word_1_82' title='bbox 1535 1100 1708 1155; x_wconf 84' lang='lat' dir='ltr'><strong><em>Credo</em></strong></span> <span class='ocrx_word' id='word_1_83' title='bbox 1763 1094 1983 1168; x_wconf 86' lang='lat' dir='ltr'><strong>quidem</strong></span> 
     </span>
    </p>
   </div>
   <div class='ocr_carea' id='block_1_13' title="bbox 399 1193 1986 1267">
    <p class='ocr_par' dir='ltr' id='par_1_13' title="bbox 399 1193 1986 1267">
     <span class='ocr_line' id='line_1_13' title="bbox 399 1193 1986 1267; baseline -0.006 -17"><span class='ocrx_word' id='word_1_84' title='bbox 399 1209 463 1250; x_wconf 74' lang='lat' dir='ltr'><strong>ex</strong></span> <span class='ocrx_word' id='word_1_85' title='bbox 497 1212 565 1252; x_wconf 91' lang='lat' dir='ltr'><strong>eo</strong></span> <span class='ocrx_word' id='word_1_86' title='bbox 602 1198 752 1267; x_wconf 92' lang='lat' dir='ltr'><strong>quod</strong></span> <span class='ocrx_word' id='word_1_87' title='bbox 789 1196 958 1252; x_wconf 88' lang='lat' dir='ltr'><strong>corde</strong></span> <span class='ocrx_word' id='word_1_88' title='bbox 990 1196 1045 1250; x_wconf 92' lang='lat' dir='ltr'><strong>in</strong></span> <span class='ocrx_word' id='word_1_89' title='bbox 1104 1196 1273 1250; x_wconf 90' lang='lat' dir='ltr'><strong>Deum</strong></span> <span class='ocrx_word' id='word_1_90' title='bbox 1325 1193 1734 1249; x_wconf 80' lang='lat' dir='ltr'><strong>confessionem</strong></span> <span class='ocrx_word' id='word_1_91' title='bbox 1766 1193 1986 1260; x_wconf 85' lang='lat' dir='ltr'><strong>profite-</strong></span> 
     </span>
    </p>
   </div>
   <div class='ocr_carea' id='block_1_14' title="bbox 399 1282 1985 1356">
    <p class='ocr_par' dir='ltr' id='par_1_14' title="bbox 399 1282 1985 1356">
     <span class='ocr_line' id='line_1_14' title="bbox 399 1282 1985 1356; baseline -0.007 -12"><span class='ocrx_word' id='word_1_92' title='bbox 399 1298 514 1355; x_wconf 85' lang='lat' dir='ltr'><strong>tur,</strong></span> <span class='ocrx_word' id='word_1_93' title='bbox 546 1286 701 1356; x_wconf 81' lang='lat' dir='ltr'><strong>juxta</strong></span> <span class='ocrx_word' id='word_1_94' title='bbox 738 1287 968 1344; x_wconf 87' lang='lat' dir='ltr'><strong>Paulum</strong></span> <span class='ocrx_word' id='word_1_95' title='bbox 998 1289 1309 1343; x_wconf 90' lang='lat' dir='ltr'><strong>dicentem:</strong></span> <span class='ocrx_word' id='word_1_96' title='bbox 1375 1304 1394 1339; x_wconf 78' lang='grc' dir='ltr'><strong>ι</strong></span> <span class='ocrx_word' id='word_1_97' title='bbox 1428 1285 1608 1341; x_wconf 87' lang='lat' dir='ltr'><strong>Corde</strong></span> <span class='ocrx_word' id='word_1_98' title='bbox 1642 1284 1881 1338; x_wconf 87' lang='lat' dir='ltr'><strong>creditur</strong></span> <span class='ocrx_word' id='word_1_99' title='bbox 1920 1282 1985 1334; x_wconf 87' lang='lat' dir='ltr'><strong>ad</strong></span> 
     </span>
    </p>
   </div>
   <div class='ocr_carea' id='block_1_15' title="bbox 394 1374 1983 1451">
    <p class='ocr_par' dir='ltr' id='par_1_15' title="bbox 394 1374 1983 1451">
     <span class='ocr_line' id='line_1_15' title="bbox 394 1374 1983 1451; baseline -0.003 -18"><span class='ocrx_word' id='word_1_100' title='bbox 394 1382 687 1451; x_wconf 73' lang='lat' dir='ltr'><strong>justitiam,</strong></span> <span class='ocrx_word' id='word_1_101' title='bbox 726 1396 822 1436; x_wconf 92' lang='lat' dir='ltr'><strong>ore</strong></span> <span class='ocrx_word' id='word_1_102' title='bbox 856 1390 1037 1437; x_wconf 88' lang='lat' dir='ltr'><strong>autem</strong></span> <span class='ocrx_word' id='word_1_103' title='bbox 1065 1378 1337 1436; x_wconf 81' lang='lat' dir='ltr'><strong>confessio</strong></span> <span class='ocrx_word' id='word_1_104' title='bbox 1371 1378 1429 1433; x_wconf 80' lang='lat' dir='ltr'><strong>tit</strong></span> <span class='ocrx_word' id='word_1_105' title='bbox 1465 1380 1529 1432; x_wconf 89' lang='lat' dir='ltr'><strong>ad</strong></span> <span class='ocrx_word' id='word_1_106' title='bbox 1562 1378 1819 1433; x_wconf 89' lang='lat' dir='ltr'><strong>salutem.</strong></span> <span class='ocrx_word' id='word_1_107' title='bbox 1865 1393 1883 1430; x_wconf 73' lang='grc' dir='ltr'><strong>ι</strong></span> <span class='ocrx_word' id='word_1_108' title='bbox 1918 1374 1983 1430; x_wconf 84' lang='lat' dir='ltr'><strong>In</strong></span> 
     </span>
    </p>
   </div>
   <div class='ocr_carea' id='block_1_16' title="bbox 399 1469 1986 1542">
    <p class='ocr_par' dir='ltr' id='par_1_16' title="bbox 399 1469 1986 1542">
     <span class='ocr_line' id='line_1_16' title="bbox 399 1469 1986 1542; baseline -0.003 -17"><span class='ocrx_word' id='word_1_109' title='bbox 399 1487 563 1526; x_wconf 81' lang='lat' dir='ltr'><strong>unum</strong></span> <span class='ocrx_word' id='word_1_110' title='bbox 604 1489 735 1529; x_wconf 90' lang='lat' dir='ltr'><strong>vero</strong></span> <span class='ocrx_word' id='word_1_111' title='bbox 770 1472 965 1537; x_wconf 78' lang='lat' dir='ltr'><strong>Deum,</strong></span> <span class='ocrx_word' id='word_1_112' title='bbox 998 1473 1064 1527; x_wconf 88' lang='lat' dir='ltr'><strong>ad</strong></span> <span class='ocrx_word' id='word_1_113' title='bbox 1097 1472 1497 1542; x_wconf 89' lang='lat' dir='ltr'><strong>oppositionem</strong></span> <span class='ocrx_word' id='word_1_114' title='bbox 1527 1481 1639 1523; x_wconf 90' lang='lat' dir='ltr'><strong>tum</strong></span> <span class='ocrx_word' id='word_1_115' title='bbox 1669 1482 1860 1523; x_wconf 91' lang='lat' dir='ltr'><strong>eorum</strong></span> <span class='ocrx_word' id='word_1_116' title='bbox 1892 1469 1986 1537; x_wconf 89' lang='lat' dir='ltr'><strong>qui</strong></span> 
     </span>
    </p>
   </div>
   <div class='ocr_carea' id='block_1_17' title="bbox 400 1561 1990 1636">
    <p class='ocr_par' dir='ltr' id='par_1_17' title="bbox 400 1561 1990 1636">
     <span class='ocr_line' id='line_1_17' title="bbox 400 1561 1990 1636; baseline -0.002 -19"><span class='ocrx_word' id='word_1_117' title='bbox 400 1564 569 1621; x_wconf 85' lang='lat' dir='ltr'><strong>Deum</strong></span> <span class='ocrx_word' id='word_1_118' title='bbox 612 1577 834 1636; x_wconf 83' lang='lat' dir='ltr'><strong>negant,</strong></span> <span class='ocrx_word' id='word_1_119' title='bbox 870 1574 984 1619; x_wconf 91' lang='lat' dir='ltr'><strong>tum</strong></span> <span class='ocrx_word' id='word_1_120' title='bbox 1032 1565 1331 1635; x_wconf 86' lang='lat' dir='ltr'><strong>impiorum</strong></span> <span class='ocrx_word' id='word_1_121' title='bbox 1361 1563 1455 1634; x_wconf 92' lang='lat' dir='ltr'><strong>qui</strong></span> <span class='ocrx_word' id='word_1_122' title='bbox 1488 1563 1671 1633; x_wconf 85' lang='lat' dir='ltr'><strong>plures</strong></span> <span class='ocrx_word' id='word_1_123' title='bbox 1719 1561 1990 1616; x_wconf 78' lang='lat' dir='ltr'><strong>invocant</strong></span> 
     </span>
    </p>
   </div>
   <div class='ocr_carea' id='block_1_18' title="bbox 397 1648 1990 1723">
    <p class='ocr_par' dir='ltr' id='par_1_18' title="bbox 397 1648 1990 1723">
     <span class='ocr_line' id='line_1_18' title="bbox 397 1648 1990 1723; baseline -0.004 -13"><span class='ocrx_word' id='word_1_124' title='bbox 397 1656 549 1711; x_wconf 84' lang='lat' dir='ltr'><strong>deos.</strong></span> <span class='ocrx_word' id='word_1_125' title='bbox 586 1655 793 1711; x_wconf 84' lang='lat' dir='ltr'><strong>Deinde</strong></span> <span class='ocrx_word' id='word_1_126' title='bbox 823 1650 1043 1710; x_wconf 78' lang='lat' dir='ltr'><strong>Patrem</strong></span> <span class='ocrx_word' id='word_1_127' title='bbox 1090 1653 1504 1723; x_wconf 81' lang='lat' dir='ltr'><strong>omnipotentem</strong></span> <span class='ocrx_word' id='word_1_128' title='bbox 1531 1664 1550 1702; x_wconf 91' lang='lat'><strong><em>:</em></strong></span> <span class='ocrx_word' id='word_1_129' title='bbox 1584 1648 1802 1704; x_wconf 86' lang='lat' dir='ltr'><strong>Patrem</strong></span> <span class='ocrx_word' id='word_1_130' title='bbox 1863 1662 1990 1718; x_wconf 87' lang='lat' dir='ltr'><strong>pro-</strong></span> 
     </span>
    </p>
   </div>
   <div class='ocr_carea' id='block_1_19' title="bbox 400 1737 1986 1813">
    <p class='ocr_par' dir='ltr' id='par_1_19' title="bbox 400 1737 1986 1813">
     <span class='ocr_line' id='line_1_19' title="bbox 400 1737 1986 1813; baseline -0.003 -18"><span class='ocrx_word' id='word_1_131' title='bbox 400 1752 521 1812; x_wconf 88' lang='lat' dir='ltr'><strong>pter</strong></span> <span class='ocrx_word' id='word_1_132' title='bbox 551 1744 670 1812; x_wconf 85' lang='lat' dir='ltr'><strong>ejus</strong></span> <span class='ocrx_word' id='word_1_133' title='bbox 703 1737 1289 1813; x_wconf 80' lang='lat' dir='ltr'><strong>ttnigenitumVerbum</strong></span> <span class='ocrx_word' id='word_1_134' title='bbox 1324 1750 1379 1797; x_wconf 92' lang='lat' dir='ltr'><strong>et</strong></span> <span class='ocrx_word' id='word_1_135' title='bbox 1408 1743 1477 1797; x_wconf 89' lang='lat' dir='ltr'><strong>ab</strong></span> <span class='ocrx_word' id='word_1_136' title='bbox 1505 1755 1570 1795; x_wconf 92' lang='lat' dir='ltr'><strong>eo</strong></span> <span class='ocrx_word' id='word_1_137' title='bbox 1601 1741 1986 1810; x_wconf 84' lang='lat' dir='ltr'><strong>procedentem</strong></span> 
     </span>
    </p>
   </div>
   <div class='ocr_carea' id='block_1_20' title="bbox 2097 553 3654 644">
    <p class='ocr_par' dir='ltr' id='par_1_20' title="bbox 2097 553 3654 644">
     <span class='ocr_line' id='line_1_20' title="bbox 2097 553 3654 644; baseline 0.015 -39"><span class='ocrx_word' id='word_1_138' title='bbox 2097 553 2192 607; x_wconf 78' lang='grc' dir='ltr'><strong>καὶ</strong></span> <span class='ocrx_word' id='word_1_139' title='bbox 2259 553 2344 608; x_wconf 86' lang='grc' dir='ltr'>..οῦ</span> <span class='ocrx_word' id='word_1_140' title='bbox 2385 555 2622 625; x_wconf 86' lang='grc' dir='ltr'>Παύλου,</span> <span class='ocrx_word' id='word_1_141' title='bbox 2680 561 2782 631; x_wconf 78' lang='grc' dir='ltr'>τὴν</span> <span class='ocrx_word' id='word_1_142' title='bbox 2828 562 2940 618; x_wconf 89' lang='grc' dir='ltr'><strong>τῶν</strong></span> <span class='ocrx_word' id='word_1_143' title='bbox 2991 564 3208 621; x_wconf 82' lang='grc' dir='ltr'>πολλῶν</span> <span class='ocrx_word' id='word_1_144' title='bbox 3263 569 3406 633; x_wconf 79' lang='grc' dir='ltr'>θεῶν</span> <span class='ocrx_word' id='word_1_145' title='bbox 3431 570 3654 644; x_wconf 81' lang='grc' dir='ltr'>πλάνην.</span> 
     </span>
    </p>
   </div>
   <div class='ocr_carea' id='block_1_21' title="bbox 2095 645 3659 720">
    <p class='ocr_par' dir='ltr' id='par_1_21' title="bbox 2095 645 3659 720">
     <span class='ocr_line' id='line_1_21' title="bbox 2095 645 3659 720; baseline 0.013 -23"><span class='ocrx_word' id='word_1_146' title='bbox 2095 645 2323 713; x_wconf 81' lang='grc' dir='ltr'><em>Πάντες</em></span> <span class='ocrx_word' id='word_1_147' title='bbox 2352 647 2483 719; x_wconf 81' lang='grc' dir='ltr'>γὰρ,</span> <span class='ocrx_word' id='word_1_148' title='bbox 2512 648 2675 719; x_wconf 71' lang='grc' dir='ltr'>φησὶν</span> <span class='ocrx_word' id='word_1_149' title='bbox 2705 653 2733 705; x_wconf 89' lang='grc' dir='ltr'><strong>ὁ</strong></span> <span class='ocrx_word' id='word_1_150' title='bbox 2762 652 2944 720; x_wconf 80' lang='grc' dir='ltr'>αὐτὸς,</span> <span class='ocrx_word' id='word_1_151' title='bbox 2972 657 3028 709; x_wconf 79' lang='lat' dir='ltr'><strong>oi</strong></span> <span class='ocrx_word' id='word_1_152' title='bbox 3053 657 3175 711; x_wconf 79' lang='grc' dir='ltr'>θεοί</span> <span class='ocrx_word' id='word_1_153' title='bbox 3203 657 3322 713; x_wconf 79' lang='grc' dir='ltr'><strong>τῶν</strong></span> <span class='ocrx_word' id='word_1_154' title='bbox 3340 661 3529 716; x_wconf 72' lang='grc' dir='ltr'>ἐθνῶν</span> <span class='ocrx_word' id='word_1_155' title='bbox 3544 664 3659 718; x_wconf 80' lang='grc' dir='ltr'>δαι-</span> 
     </span>
    </p>
   </div>
   <div class='ocr_carea' id='block_1_22' title="bbox 2093 738 3662 824">
    <p class='ocr_par' dir='ltr' id='par_1_22' title="bbox 2093 738 3662 824">
     <span class='ocr_line' id='line_1_22' title="bbox 2093 738 3662 824; baseline 0.014 -34"><span class='ocrx_word' id='word_1_156' title='bbox 2093 738 2291 807; x_wconf 78' lang='grc' dir='ltr'>μόνια,</span> <span class='ocrx_word' id='word_1_157' title='bbox 2323 741 2417 794; x_wconf 79' lang='grc' dir='ltr'><strong>καὶ</strong></span> <span class='ocrx_word' id='word_1_158' title='bbox 2450 742 2477 793; x_wconf 90' lang='grc' dir='ltr'><strong>ὁ</strong></span> <span class='ocrx_word' id='word_1_159' title='bbox 2502 740 2731 809; x_wconf 80' lang='grc' dir='ltr'><strong>Παῦλος,</strong></span> <span class='ocrx_word' id='word_1_160' title='bbox 2768 747 3184 817; x_wconf 78' lang='grc' dir='ltr'>Ἐλάτρευσαν</span> <span class='ocrx_word' id='word_1_161' title='bbox 3210 752 3339 819; x_wconf 83' lang='grc' dir='ltr'>τοῖς</span> <span class='ocrx_word' id='word_1_162' title='bbox 3361 754 3447 823; x_wconf 78' lang='grc' dir='ltr'><strong>μή</strong></span> <span class='ocrx_word' id='word_1_163' title='bbox 3493 756 3662 824; x_wconf 62' lang='grc' dir='ltr'>φύσει</span> 
     </span>
    </p>
   </div>
   <div class='ocr_carea' id='block_1_23' title="bbox 2092 826 3663 913">
    <p class='ocr_par' dir='ltr' id='par_1_23' title="bbox 2092 826 3663 913">
     <span class='ocr_line' id='line_1_23' title="bbox 2092 826 3663 913; baseline 0.013 -30"><span class='ocrx_word' id='word_1_164' title='bbox 2092 826 2239 885; x_wconf 87' lang='grc' dir='ltr'>οὖσι</span> <span class='ocrx_word' id='word_1_165' title='bbox 2276 831 2455 899; x_wconf 79' lang='grc' dir='ltr'>θεοῖς,</span> <span class='ocrx_word' id='word_1_166' title='bbox 2490 833 2591 889; x_wconf 73' lang='grc' dir='ltr'><strong>καὶ</strong></span> <span class='ocrx_word' id='word_1_167' title='bbox 2652 837 2835 907; x_wconf 75' lang='grc' dir='ltr'>σοφοί</span> <span class='ocrx_word' id='word_1_168' title='bbox 2887 840 3060 910; x_wconf 78' lang='grc' dir='ltr'>ὄντες</span> <span class='ocrx_word' id='word_1_169' title='bbox 3086 842 3544 913; x_wconf 78' lang='grc' dir='ltr'><strong>ἐμωράνθησαν,</strong></span> <span class='ocrx_word' id='word_1_170' title='bbox 3572 850 3663 905; x_wconf 73' lang='grc' dir='ltr'>καί</span> 
     </span>
    </p>
   </div>
   <div class='ocr_carea' id='block_1_24' title="bbox 2094 914 3721 998">
    <p class='ocr_par' dir='ltr' id='par_1_24' title="bbox 2094 914 3721 998">
     <span class='ocr_line' id='line_1_24' title="bbox 2094 914 3721 998; baseline 0.012 -25"><span class='ocrx_word' id='word_1_171' title='bbox 2094 921 2473 991; x_wconf 73' lang='grc' dir='ltr'><strong>ἐλάτρευσαν</strong></span> <span class='ocrx_word' id='word_1_172' title='bbox 2507 924 2584 994; x_wconf 81' lang='grc' dir='ltr'><strong>τῇ</strong></span> <span class='ocrx_word' id='word_1_173' title='bbox 2613 928 2810 983; x_wconf 79' lang='grc' dir='ltr'>κτίσει</span> <span class='ocrx_word' id='word_1_174' title='bbox 2852 931 3015 998; x_wconf 81' lang='grc' dir='ltr'>παρὰ</span> <span class='ocrx_word' id='word_1_175' title='bbox 3052 933 3161 987; x_wconf 79' lang='grc' dir='ltr'><strong>τὸν</strong></span> <span class='ocrx_word' id='word_1_176' title='bbox 3219 936 3544 993; x_wconf 81' lang='grc' dir='ltr'>Κτίσαντα.</span> <span class='ocrx_word' id='word_1_177' title='bbox 3574 939 3665 991; x_wconf 91' lang='grc' dir='ltr'><strong>Τε-</strong></span> <span class='ocrx_word' id='word_1_178' title='bbox 3716 914 3721 921; x_wconf 25' lang='grc' dir='ltr'><em>ί</em></span> 
     </span>
    </p>
   </div>
   <div class='ocr_carea' id='block_1_25' title="bbox 2093 1012 3665 1098">
    <p class='ocr_par' dir='ltr' id='par_1_25' title="bbox 2093 1012 3665 1098">
     <span class='ocr_line' id='line_1_25' title="bbox 2093 1012 3665 1098; baseline 0.012 -35"><span class='ocrx_word' id='word_1_179' title='bbox 2093 1012 2315 1067; x_wconf 89' lang='grc' dir='ltr'>λειοῦσα</span> <span class='ocrx_word' id='word_1_180' title='bbox 2348 1016 2404 1068; x_wconf 85' lang='grc' dir='ltr'>δὲ</span> <span class='ocrx_word' id='word_1_181' title='bbox 2436 1018 2531 1070; x_wconf 77' lang='grc' dir='ltr'><strong>καὶ</strong></span> <span class='ocrx_word' id='word_1_182' title='bbox 2558 1016 2657 1089; x_wconf 77' lang='grc' dir='ltr'>τὴν</span> <span class='ocrx_word' id='word_1_183' title='bbox 2689 1021 2782 1072; x_wconf 87' lang='grc' dir='ltr'><strong>τοῦ</strong></span> <span class='ocrx_word' id='word_1_184' title='bbox 2814 1021 2983 1091; x_wconf 90' lang='grc' dir='ltr'>νόμου</span> <span class='ocrx_word' id='word_1_185' title='bbox 3026 1023 3287 1096; x_wconf 80' lang='grc' dir='ltr'>ἔλλειψιν,</span> <span class='ocrx_word' id='word_1_186' title='bbox 3326 1027 3403 1098; x_wconf 79' lang='grc' dir='ltr'>μὴ</span> <span class='ocrx_word' id='word_1_187' title='bbox 3431 1028 3522 1082; x_wconf 87' lang='grc' dir='ltr'><strong>τὸν</strong></span> <span class='ocrx_word' id='word_1_188' title='bbox 3546 1030 3665 1083; x_wconf 86' lang='grc' dir='ltr'>Υἱὸν</span> 
     </span>
    </p>
   </div>
   <div class='ocr_carea' id='block_1_26' title="bbox 2094 1106 3664 1191">
    <p class='ocr_par' dir='ltr' id='par_1_26' title="bbox 2094 1106 3664 1191">
     <span class='ocr_line' id='line_1_26' title="bbox 2094 1106 3664 1191; baseline 0.01 -34"><span class='ocrx_word' id='word_1_189' title='bbox 2094 1106 2190 1159; x_wconf 79' lang='grc' dir='ltr'><strong>καὶ</strong></span> <span class='ocrx_word' id='word_1_190' title='bbox 2217 1107 2277 1159; x_wconf 87' lang='grc' dir='ltr'><strong>τὸ</strong></span> <span class='ocrx_word' id='word_1_191' title='bbox 2310 1106 2540 1179; x_wconf 79' lang='grc' dir='ltr'><strong>Πνεῦμα</strong></span> <span class='ocrx_word' id='word_1_192' title='bbox 2573 1111 2762 1180; x_wconf 83' lang='grc' dir='ltr'>σαφῶς</span> <span class='ocrx_word' id='word_1_193' title='bbox 2814 1113 3252 1182; x_wconf 81' lang='grc' dir='ltr'>ὲκδιδάσκοντος,</span> <span class='ocrx_word' id='word_1_194' title='bbox 3286 1118 3553 1191; x_wconf 83' lang='grc' dir='ltr'><strong>λαμπρῶς</strong></span> <span class='ocrx_word' id='word_1_195' title='bbox 3578 1121 3664 1174; x_wconf 75' lang='grc' dir='ltr'><strong>καὶ</strong></span> 
     </span>
    </p>
   </div>
   <div class='ocr_carea' id='block_1_27' title="bbox 2094 1195 3665 1279">
    <p class='ocr_par' dir='ltr' id='par_1_27' title="bbox 2094 1195 3665 1279">
     <span class='ocr_line' id='line_1_27' title="bbox 2094 1195 3665 1279; baseline 0.011 -33"><span class='ocrx_word' id='word_1_196' title='bbox 2094 1195 2334 1259; x_wconf 70' lang='grc' dir='ltr'>εὐσεϐῶς</span> <span class='ocrx_word' id='word_1_197' title='bbox 2391 1200 2582 1272; x_wconf 75' lang='grc' dir='ltr'>ἐκϐοᾷ,</span> <span class='ocrx_word' id='word_1_198' title='bbox 2643 1206 2911 1259; x_wconf 78' lang='grc' dir='ltr'><strong>Πιστεύω</strong></span> <span class='ocrx_word' id='word_1_199' title='bbox 2941 1209 3029 1274; x_wconf 79' lang='grc' dir='ltr'>εὶς</span> <span class='ocrx_word' id='word_1_200' title='bbox 3085 1207 3197 1263; x_wconf 76' lang='grc' dir='ltr'><strong>ἕνα</strong></span> <span class='ocrx_word' id='word_1_201' title='bbox 3240 1210 3393 1265; x_wconf 61' lang='lat' dir='ltr'><strong>eger</strong></span> <span class='ocrx_word' id='word_1_202' title='bbox 3447 1211 3665 1279; x_wconf 74' lang='grc' dir='ltr'>Πατέρα</span> 
     </span>
    </p>
   </div>
   <div class='ocr_carea' id='block_1_28' title="bbox 2097 1289 3664 1370">
    <p class='ocr_par' dir='ltr' id='par_1_28' title="bbox 2097 1289 3664 1370">
     <span class='ocr_line' id='line_1_28' title="bbox 2097 1289 3664 1370; baseline 0.01 -32"><span class='ocrx_word' id='word_1_203' title='bbox 2097 1289 2559 1359; x_wconf 75' lang='grc' dir='ltr'>παντοκράτορα</span> <span class='ocrx_word' id='word_1_204' title='bbox 2581 1309 2595 1323; x_wconf 77' lang='grc' dir='ltr'><strong><em>ο</em></strong></span> <span class='ocrx_word' id='word_1_205' title='bbox 2631 1293 2694 1346; x_wconf 84' lang='grc' dir='ltr'><strong>τὸ</strong></span> <span class='ocrx_word' id='word_1_206' title='bbox 2739 1295 2841 1363; x_wconf 74' lang='grc' dir='ltr'><strong>μὲν</strong></span> <span class='ocrx_word' id='word_1_207' title='bbox 2884 1299 3176 1363; x_wconf 85' lang='grc' dir='ltr'><strong>Πιστεύω,</strong></span> <span class='ocrx_word' id='word_1_208' title='bbox 3220 1299 3311 1353; x_wconf 85' lang='grc' dir='ltr'><strong>διὰ</strong></span> <span class='ocrx_word' id='word_1_209' title='bbox 3344 1299 3405 1353; x_wconf 75' lang='grc' dir='ltr'><strong>τὸ</strong></span> <span class='ocrx_word' id='word_1_210' title='bbox 3445 1300 3509 1354; x_wconf 68' lang='grc' dir='ltr'><strong>ἐκ</strong></span> <span class='ocrx_word' id='word_1_211' title='bbox 3540 1317 3664 1370; x_wconf 85' lang='grc' dir='ltr'>καρ-</span> 
     </span>
    </p>
   </div>
   <div class='ocr_carea' id='block_1_29' title="bbox 2093 1377 3665 1463">
    <p class='ocr_par' dir='ltr' id='par_1_29' title="bbox 2093 1377 3665 1463">
     <span class='ocr_line' id='line_1_29' title="bbox 2093 1377 3665 1463; baseline 0.01 -33"><span class='ocrx_word' id='word_1_212' title='bbox 2093 1377 2213 1442; x_wconf 95' lang='grc' dir='ltr'>δίας</span> <span class='ocrx_word' id='word_1_213' title='bbox 2257 1381 2359 1451; x_wconf 77' lang='grc' dir='ltr'>τὴν</span> <span class='ocrx_word' id='word_1_214' title='bbox 2394 1386 2476 1446; x_wconf 83' lang='grc' dir='ltr'><strong>είς</strong></span> <span class='ocrx_word' id='word_1_215' title='bbox 2526 1385 2662 1439; x_wconf 80' lang='grc' dir='ltr'>Θεὸν</span> <span class='ocrx_word' id='word_1_216' title='bbox 2718 1388 3022 1458; x_wconf 79' lang='grc' dir='ltr'><strong>κηρύσσειν</strong></span> <span class='ocrx_word' id='word_1_217' title='bbox 3068 1391 3363 1463; x_wconf 77' lang='grc' dir='ltr'><strong>ὁμολογίαν</strong></span> <span class='ocrx_word' id='word_1_218' title='bbox 3406 1394 3548 1447; x_wconf 81' lang='grc' dir='ltr'>κατὰ</span> <span class='ocrx_word' id='word_1_219' title='bbox 3582 1395 3665 1446; x_wconf 86' lang='grc' dir='ltr'><strong>τὸν</strong></span> 
     </span>
    </p>
   </div>
   <div class='ocr_carea' id='block_1_30' title="bbox 2094 1470 3667 1551">
    <p class='ocr_par' dir='ltr' id='par_1_30' title="bbox 2094 1470 3667 1551">
     <span class='ocr_line' id='line_1_30' title="bbox 2094 1470 3667 1551; baseline 0.011 -29"><span class='ocrx_word' id='word_1_220' title='bbox 2094 1470 2311 1525; x_wconf 81' lang='grc' dir='ltr'>Παῦλον</span> <span class='ocrx_word' id='word_1_221' title='bbox 2342 1474 2591 1544; x_wconf 71' lang='grc' dir='ltr'>λέγοντα,</span> <span class='ocrx_word' id='word_1_222' title='bbox 2627 1479 2857 1548; x_wconf 75' lang='grc' dir='ltr'>Καρδίᾳ</span> <span class='ocrx_word' id='word_1_223' title='bbox 2903 1480 3023 1550; x_wconf 74' lang='grc' dir='ltr'><strong>μὲν</strong></span> <span class='ocrx_word' id='word_1_224' title='bbox 3078 1484 3429 1537; x_wconf 76' lang='grc' dir='ltr'><strong>πιστεύεται</strong></span> <span class='ocrx_word' id='word_1_225' title='bbox 3469 1487 3557 1551; x_wconf 72' lang='grc' dir='ltr'><strong>είς</strong></span> <span class='ocrx_word' id='word_1_226' title='bbox 3587 1486 3667 1539; x_wconf 81' lang='grc' dir='ltr'>δι-</span> 
     </span>
    </p>
   </div>
   <div class='ocr_carea' id='block_1_31' title="bbox 2094 1567 3665 1642">
    <p class='ocr_par' dir='ltr' id='par_1_31' title="bbox 2094 1567 3665 1642">
     <span class='ocr_line' id='line_1_31' title="bbox 2094 1567 3665 1642; baseline 0.009 -28"><span class='ocrx_word' id='word_1_227' title='bbox 2094 1567 2456 1633; x_wconf 79' lang='grc' dir='ltr'>καιοσύνην,</span> <span class='ocrx_word' id='word_1_228' title='bbox 2509 1568 2766 1638; x_wconf 81' lang='grc' dir='ltr'>στόματι</span> <span class='ocrx_word' id='word_1_229' title='bbox 2818 1570 2889 1623; x_wconf 80' lang='grc' dir='ltr'>δὲ</span> <span class='ocrx_word' id='word_1_230' title='bbox 2929 1572 3308 1641; x_wconf 73' lang='grc' dir='ltr'><strong>ὁμολογεῖται</strong></span> <span class='ocrx_word' id='word_1_231' title='bbox 3350 1576 3439 1639; x_wconf 82' lang='grc' dir='ltr'>εις</span> <span class='ocrx_word' id='word_1_232' title='bbox 3480 1588 3665 1642; x_wconf 82' lang='grc' dir='ltr'>σωτη-</span> 
     </span>
    </p>
   </div>
   <div class='ocr_carea' id='block_1_32' title="bbox 2090 1656 3664 1735">
    <p class='ocr_par' dir='ltr' id='par_1_32' title="bbox 2090 1656 3664 1735">
     <span class='ocr_line' id='line_1_32' title="bbox 2090 1656 3664 1735; baseline 0.008 -28"><span class='ocrx_word' id='word_1_233' title='bbox 2090 1656 2235 1724; x_wconf 83' lang='grc' dir='ltr'><strong>ρίαν</strong></span> <span class='ocrx_word' id='word_1_234' title='bbox 2263 1672 2277 1687; x_wconf 78' lang='grc' dir='ltr'><strong>ο</strong></span> <span class='ocrx_word' id='word_1_235' title='bbox 2311 1657 2374 1710; x_wconf 87' lang='grc' dir='ltr'><strong>τὸ</strong></span> <span class='ocrx_word' id='word_1_236' title='bbox 2401 1658 2458 1711; x_wconf 79' lang='grc' dir='ltr'>δὲ</span> <span class='ocrx_word' id='word_1_237' title='bbox 2490 1658 2596 1725; x_wconf 77' lang='grc' dir='ltr'><strong>ΕἸς</strong></span> <span class='ocrx_word' id='word_1_238' title='bbox 2630 1659 2741 1713; x_wconf 79' lang='grc' dir='ltr'>ἕνα</span> <span class='ocrx_word' id='word_1_239' title='bbox 2768 1662 2940 1725; x_wconf 82' lang='grc' dir='ltr'>Θεὸν,</span> <span class='ocrx_word' id='word_1_240' title='bbox 2970 1663 3050 1726; x_wconf 77' lang='grc' dir='ltr'><strong>είς</strong></span> <span class='ocrx_word' id='word_1_241' title='bbox 3080 1663 3396 1735; x_wconf 76' lang='grc' dir='ltr'>ἀνατροπὴν</span> <span class='ocrx_word' id='word_1_242' title='bbox 3430 1664 3545 1735; x_wconf 82' lang='grc' dir='ltr'><strong>ἀμα</strong></span> <span class='ocrx_word' id='word_1_243' title='bbox 3563 1666 3664 1719; x_wconf 85' lang='grc' dir='ltr'><strong>τῶν</strong></span> 
     </span>
    </p>
   </div>
   <div class='ocr_carea' id='block_1_33' title="bbox 2096 1747 3663 1820">
    <p class='ocr_par' dir='ltr' id='par_1_33' title="bbox 2096 1747 3663 1820">
     <span class='ocr_line' id='line_1_33' title="bbox 2096 1747 3663 1820; baseline 0.008 -22"><span class='ocrx_word' id='word_1_244' title='bbox 2096 1760 2153 1798; x_wconf 80' lang='grc' dir='ltr'><strong>τε</strong></span> <span class='ocrx_word' id='word_1_245' title='bbox 2197 1747 2272 1817; x_wconf 83' lang='grc' dir='ltr'>μὴ</span> <span class='ocrx_word' id='word_1_246' title='bbox 2320 1747 2456 1802; x_wconf 90' lang='grc' dir='ltr'>Θεὸν</span> <span class='ocrx_word' id='word_1_247' title='bbox 2496 1750 2932 1820; x_wconf 77' lang='grc' dir='ltr'>ὁμολογούντων,</span> <span class='ocrx_word' id='word_1_248' title='bbox 2975 1754 3069 1805; x_wconf 79' lang='grc' dir='ltr'><strong>καὶ</strong></span> <span class='ocrx_word' id='word_1_249' title='bbox 3116 1754 3225 1807; x_wconf 87' lang='grc' dir='ltr'><strong>τῶν</strong></span> <span class='ocrx_word' id='word_1_250' title='bbox 3260 1755 3490 1817; x_wconf 77' lang='grc' dir='ltr'>πολλοὺς</span> <span class='ocrx_word' id='word_1_251' title='bbox 3519 1757 3663 1818; x_wconf 76' lang='grc' dir='ltr'>θεοὺς</span> 
     </span>
    </p>
   </div>
   <div class='ocr_carea' id='block_1_34' title="bbox 398 1826 1985 1915">
    <p class='ocr_par' dir='ltr' id='par_1_34' title="bbox 398 1826 1985 1902">
     <span class='ocr_line' id='line_1_34' title="bbox 398 1826 1985 1902; baseline -0.003 -17"><span class='ocrx_word' id='word_1_252' title='bbox 398 1826 688 1902; x_wconf 88' lang='lat' dir='ltr'><strong>Spiritum,</strong></span> <span class='ocrx_word' id='word_1_253' title='bbox 743 1847 864 1901; x_wconf 68' lang='lat' dir='ltr'><strong>quae</strong></span> <span class='ocrx_word' id='word_1_254' title='bbox 900 1831 1274 1887; x_wconf 81' lang='lat' dir='ltr'><strong>conﬁtentium</strong></span> <span class='ocrx_word' id='word_1_255' title='bbox 1307 1830 1476 1887; x_wconf 89' lang='lat' dir='ltr'><strong>Deum</strong></span> <span class='ocrx_word' id='word_1_256' title='bbox 1501 1829 1656 1885; x_wconf 90' lang='lat' dir='ltr'><strong>multi</strong></span> <span class='ocrx_word' id='word_1_257' title='bbox 1693 1829 1985 1898; x_wconf 86' lang='lat' dir='ltr'><strong>rejiciunt,</strong></span> 
     </span>
    </p>
   </div>
   <div class='ocr_carea' id='block_1_35' title="bbox 2093 1826 3659 1915">
    <p class='ocr_par' dir='ltr' id='par_1_35' title="bbox 2093 1836 3659 1915">
     <span class='ocr_line' id='line_1_35' title="bbox 2093 1836 3659 1915; baseline 0.008 -26"><span class='ocrx_word' id='word_1_258' title='bbox 2093 1836 2366 1906; x_wconf 86' lang='grc' dir='ltr'>λεγόντων</span> <span class='ocrx_word' id='word_1_259' title='bbox 2399 1840 2577 1895; x_wconf 77' lang='grc' dir='ltr'>ἀθέων</span> <span class='ocrx_word' id='word_1_260' title='bbox 2602 1858 2617 1874; x_wconf 66' lang='grc' dir='ltr'><strong>θ</strong></span> <span class='ocrx_word' id='word_1_261' title='bbox 2663 1841 2857 1896; x_wconf 72' lang='grc' dir='ltr'>ἔπειτα</span> <span class='ocrx_word' id='word_1_262' title='bbox 2899 1844 3133 1912; x_wconf 77' lang='grc' dir='ltr'>Πατέρα</span> <span class='ocrx_word' id='word_1_263' title='bbox 3179 1845 3659 1915; x_wconf 77' lang='grc' dir='ltr'>παντοκράτορα·</span> 
     </span>
    </p>
   </div>
   <div class='ocr_carea' id='block_1_36' title="bbox 400 1923 1992 1995">
    <p class='ocr_par' dir='ltr' id='par_1_36' title="bbox 400 1923 1992 1995">
     <span class='ocr_line' id='line_1_36' title="bbox 400 1923 1992 1995; baseline -0.004 -16"><span class='ocrx_word' id='word_1_264' title='bbox 400 1939 598 1994; x_wconf 88' lang='lat' dir='ltr'><strong>nempe</strong></span> <span class='ocrx_word' id='word_1_265' title='bbox 618 1924 770 1995; x_wconf 87' lang='lat' dir='ltr'><strong>impii</strong></span> <span class='ocrx_word' id='word_1_266' title='bbox 792 1923 962 1979; x_wconf 63' lang='lat' dir='ltr'><strong>Judaei</strong></span> <span class='ocrx_word' id='word_1_267' title='bbox 986 1932 1040 1979; x_wconf 92' lang='lat' dir='ltr'><strong>et</strong></span> <span class='ocrx_word' id='word_1_268' title='bbox 1057 1938 1182 1979; x_wconf 88' lang='lat' dir='ltr'><strong>cum</strong></span> <span class='ocrx_word' id='word_1_269' title='bbox 1202 1924 1332 1994; x_wconf 82' lang='lat' dir='ltr'><strong>ipsis</strong></span> <span class='ocrx_word' id='word_1_270' title='bbox 1350 1923 1440 1977; x_wconf 87' lang='lat' dir='ltr'><strong>alii</strong></span> <span class='ocrx_word' id='word_1_271' title='bbox 1461 1924 1629 1977; x_wconf 91' lang='lat' dir='ltr'><strong>Deum</strong></span> <span class='ocrx_word' id='word_1_272' title='bbox 1651 1934 1992 1991; x_wconf 82' lang='lat' dir='ltr'><strong>consequen-</strong></span> 
     </span>
    </p>
   </div>
   <div class='ocr_carea' id='block_1_37' title="bbox 398 2009 1991 2085">
    <p class='ocr_par' dir='ltr' id='par_1_37' title="bbox 398 2009 1991 2085">
     <span class='ocr_line' id='line_1_37' title="bbox 398 2009 1991 2085; baseline -0.004 -16"><span class='ocrx_word' id='word_1_273' title='bbox 398 2020 480 2070; x_wconf 80' lang='lat' dir='ltr'><strong>ter</strong></span> <span class='ocrx_word' id='word_1_274' title='bbox 494 2015 763 2085; x_wconf 88' lang='lat' dir='ltr'><strong>complete</strong></span> <span class='ocrx_word' id='word_1_275' title='bbox 797 2026 1080 2085; x_wconf 82' lang='lat' dir='ltr'><strong>negantes.</strong></span> <span class='ocrx_word' id='word_1_276' title='bbox 1104 2014 1161 2070; x_wconf 90' lang='lat' dir='ltr'><strong>Si</strong></span> <span class='ocrx_word' id='word_1_277' title='bbox 1188 2015 1333 2069; x_wconf 92' lang='lat' dir='ltr'><strong>enim</strong></span> <span class='ocrx_word' id='word_1_278' title='bbox 1361 2015 1568 2083; x_wconf 85' lang='lat' dir='ltr'><strong>absque</strong></span> <span class='ocrx_word' id='word_1_279' title='bbox 1594 2011 1767 2066; x_wconf 83' lang='lat' dir='ltr'><strong>Verbo</strong></span> <span class='ocrx_word' id='word_1_280' title='bbox 1787 2021 1843 2066; x_wconf 89' lang='lat' dir='ltr'><strong>et</strong></span> <span class='ocrx_word' id='word_1_281' title='bbox 1864 2009 1991 2079; x_wconf 81' lang='lat' dir='ltr'><strong>Spi-</strong></span> 
     </span>
    </p>
   </div>
   <div class='ocr_carea' id='block_1_38' title="bbox 397 2103 1986 2176">
    <p class='ocr_par' dir='ltr' id='par_1_38' title="bbox 397 2103 1986 2176">
     <span class='ocr_line' id='line_1_38' title="bbox 397 2103 1986 2176; baseline -0.004 -16"><span class='ocrx_word' id='word_1_282' title='bbox 397 2107 507 2161; x_wconf 86' lang='lat' dir='ltr'><strong>ritu</strong></span> <span class='ocrx_word' id='word_1_283' title='bbox 534 2106 699 2173; x_wconf 89' lang='lat' dir='ltr'><strong>Dcus,</strong></span> <span class='ocrx_word' id='word_1_284' title='bbox 730 2120 859 2176; x_wconf 88' lang='lat' dir='ltr'><strong>ergo</strong></span> <span class='ocrx_word' id='word_1_285' title='bbox 886 2105 1243 2176; x_wconf 85' lang='lat' dir='ltr'><strong>imperfectus</strong></span> <span class='ocrx_word' id='word_1_286' title='bbox 1272 2115 1361 2174; x_wconf 89' lang='lat' dir='ltr'><strong>;et</strong></span> <span class='ocrx_word' id='word_1_287' title='bbox 1389 2105 1435 2160; x_wconf 89' lang='lat' dir='ltr'><strong>si</strong></span> <span class='ocrx_word' id='word_1_288' title='bbox 1466 2103 1843 2175; x_wconf 89' lang='lat' dir='ltr'><strong>imperfectus,</strong></span> <span class='ocrx_word' id='word_1_289' title='bbox 1877 2115 1986 2155; x_wconf 92' lang='lat' dir='ltr'><strong>non</strong></span> 
     </span>
    </p>
   </div>
   <div class='ocr_carea' id='block_1_39' title="bbox 398 2192 1986 2267">
    <p class='ocr_par' dir='ltr' id='par_1_39' title="bbox 398 2192 1986 2267">
     <span class='ocr_line' id='line_1_39' title="bbox 398 2192 1986 2267; baseline -0.001 -19"><span class='ocrx_word' id='word_1_290' title='bbox 398 2210 585 2252; x_wconf 75' lang='lat' dir='ltr'><strong>verus.</strong></span> <span class='ocrx_word' id='word_1_291' title='bbox 614 2199 790 2267; x_wconf 88' lang='lat' dir='ltr'><strong>Atque</strong></span> <span class='ocrx_word' id='word_1_292' title='bbox 819 2198 899 2252; x_wconf 89' lang='lat' dir='ltr'><strong>sic</strong></span> <span class='ocrx_word' id='word_1_293' title='bbox 932 2207 986 2251; x_wconf 92' lang='lat' dir='ltr'><strong>et</strong></span> <span class='ocrx_word' id='word_1_294' title='bbox 1018 2197 1095 2260; x_wconf 88' lang='lat' dir='ltr'><strong>hi,</strong></span> <span class='ocrx_word' id='word_1_295' title='bbox 1123 2207 1179 2259; x_wconf 86' lang='lat' dir='ltr'><strong>ut</strong></span> <span class='ocrx_word' id='word_1_296' title='bbox 1208 2197 1471 2260; x_wconf 78' lang='lat' dir='ltr'><strong>diximus,</strong></span> <span class='ocrx_word' id='word_1_297' title='bbox 1513 2196 1567 2249; x_wconf 92' lang='lat' dir='ltr'><strong>in</strong></span> <span class='ocrx_word' id='word_1_298' title='bbox 1598 2210 1787 2250; x_wconf 89' lang='lat' dir='ltr'><strong>verum</strong></span> <span class='ocrx_word' id='word_1_299' title='bbox 1815 2192 1986 2248; x_wconf 92' lang='lat' dir='ltr'><strong>Deum</strong></span> 
     </span>
    </p>
   </div>
   <div class='ocr_carea' id='block_1_40' title="bbox 404 2285 1988 2351">
    <p class='ocr_par' dir='ltr' id='par_1_40' title="bbox 404 2285 1988 2351">
     <span class='ocr_line' id='line_1_40' title="bbox 404 2285 1988 2351; baseline -0.001 -9"><span class='ocrx_word' id='word_1_300' title='bbox 404 2305 512 2342; x_wconf 89' lang='lat' dir='ltr'><strong>non</strong></span> <span class='ocrx_word' id='word_1_301' title='bbox 541 2290 833 2344; x_wconf 89' lang='lat' dir='ltr'><strong>credentes</strong></span> <span class='ocrx_word' id='word_1_302' title='bbox 858 2288 1028 2343; x_wconf 89' lang='lat' dir='ltr'><strong>athei.</strong></span> <span class='ocrx_word' id='word_1_303' title='bbox 1054 2287 1111 2343; x_wconf 91' lang='lat' dir='ltr'><strong>Si</strong></span> <span class='ocrx_word' id='word_1_304' title='bbox 1147 2289 1292 2342; x_wconf 91' lang='lat' dir='ltr'><strong>enim</strong></span> <span class='ocrx_word' id='word_1_305' title='bbox 1321 2288 1374 2341; x_wconf 90' lang='lat' dir='ltr'><strong>in</strong></span> <span class='ocrx_word' id='word_1_306' title='bbox 1397 2286 1770 2341; x_wconf 82' lang='lat' dir='ltr'><strong>rationalibus</strong></span> <span class='ocrx_word' id='word_1_307' title='bbox 1801 2285 1988 2351; x_wconf 87' lang='lat' dir='ltr'><strong>nobis,</strong></span> 
     </span>
    </p>
   </div>
   <div class='ocr_carea' id='block_1_41' title="bbox 400 2379 1990 2452">
    <p class='ocr_par' dir='ltr' id='par_1_41' title="bbox 400 2379 1990 2452">
     <span class='ocr_line' id='line_1_41' title="bbox 400 2379 1990 2452; baseline -0.001 -17"><span class='ocrx_word' id='word_1_308' title='bbox 400 2382 611 2452; x_wconf 78' lang='lat' dir='ltr'><strong>angelis</strong></span> <span class='ocrx_word' id='word_1_309' title='bbox 648 2391 703 2437; x_wconf 88' lang='lat' dir='ltr'><strong>et</strong></span> <span class='ocrx_word' id='word_1_310' title='bbox 738 2382 1077 2446; x_wconf 89' lang='lat' dir='ltr'><strong>hominibus,</strong></span> <span class='ocrx_word' id='word_1_311' title='bbox 1107 2380 1346 2436; x_wconf 80' lang='lat' dir='ltr'><strong>Verbum</strong></span> <span class='ocrx_word' id='word_1_312' title='bbox 1371 2390 1455 2435; x_wconf 91' lang='lat' dir='ltr'><strong>est</strong></span> <span class='ocrx_word' id='word_1_313' title='bbox 1481 2388 1536 2435; x_wconf 89' lang='lat' dir='ltr'><strong>et</strong></span> <span class='ocrx_word' id='word_1_314' title='bbox 1562 2379 1829 2449; x_wconf 82' lang='lat' dir='ltr'><strong>Spiritus,</strong></span> <span class='ocrx_word' id='word_1_315' title='bbox 1853 2394 1990 2448; x_wconf 77' lang='lat' dir='ltr'><strong>quo-</strong></span> 
     </span>
    </p>
   </div>
   <div class='ocr_carea' id='block_1_42' title="bbox 403 2469 1981 2539">
    <p class='ocr_par' dir='ltr' id='par_1_42' title="bbox 403 2469 1981 2539">
     <span class='ocr_line' id='line_1_42' title="bbox 403 2469 1981 2539; baseline -0.001 -15"><span class='ocrx_word' id='word_1_316' title='bbox 403 2471 567 2528; x_wconf 88' lang='lat' dir='ltr'><strong>modo</strong></span> <span class='ocrx_word' id='word_1_317' title='bbox 599 2488 707 2527; x_wconf 88' lang='lat' dir='ltr'><strong>non</strong></span> <span class='ocrx_word' id='word_1_318' title='bbox 744 2474 796 2526; x_wconf 93' lang='lat' dir='ltr'><strong>in</strong></span> <span class='ocrx_word' id='word_1_319' title='bbox 837 2472 949 2527; x_wconf 88' lang='lat' dir='ltr'><strong>Deo</strong></span> <span class='ocrx_word' id='word_1_320' title='bbox 980 2472 1361 2527; x_wconf 86' lang='lat' dir='ltr'><strong>universorum</strong></span> <span class='ocrx_word' id='word_1_321' title='bbox 1396 2478 1450 2524; x_wconf 92' lang='lat' dir='ltr'><strong>et</strong></span> <span class='ocrx_word' id='word_1_322' title='bbox 1479 2469 1781 2539; x_wconf 67' lang='lat' dir='ltr'><strong>prmsertim</strong></span> <span class='ocrx_word' id='word_1_323' title='bbox 1814 2469 1981 2522; x_wconf 90' lang='lat' dir='ltr'><strong>ratio-</strong></span> 
     </span>
    </p>
   </div>
   <div class='ocr_carea' id='block_1_43' title="bbox 405 2561 1985 2635">
    <p class='ocr_par' dir='ltr' id='par_1_43' title="bbox 405 2561 1985 2635">
     <span class='ocr_line' id='line_1_43' title="bbox 405 2561 1985 2635; baseline -0.002 -17"><span class='ocrx_word' id='word_1_324' title='bbox 405 2563 611 2619; x_wconf 87' lang='lat' dir='ltr'><strong>ualium</strong></span> <span class='ocrx_word' id='word_1_325' title='bbox 648 2565 740 2634; x_wconf 89' lang='lat' dir='ltr'><strong>qui</strong></span> <span class='ocrx_word' id='word_1_326' title='bbox 770 2576 894 2619; x_wconf 87' lang='lat' dir='ltr'><strong>eum</strong></span> <span class='ocrx_word' id='word_1_327' title='bbox 925 2572 1208 2635; x_wconf 91' lang='lat' dir='ltr'><strong>utcunque</strong></span> <span class='ocrx_word' id='word_1_328' title='bbox 1226 2562 1608 2634; x_wconf 75' lang='lat' dir='ltr'><strong>cognoscunt?</strong></span> <span class='ocrx_word' id='word_1_329' title='bbox 1634 2561 1769 2617; x_wconf 83' lang='lat' dir='ltr'><strong>Vide</strong></span> <span class='ocrx_word' id='word_1_330' title='bbox 1800 2569 1985 2617; x_wconf 88' lang='lat' dir='ltr'><strong>autem</strong></span> 
     </span>
    </p>
   </div>
   <div class='ocr_carea' id='block_1_44' title="bbox 406 2650 1987 2726">
    <p class='ocr_par' dir='ltr' id='par_1_44' title="bbox 406 2650 1987 2726">
     <span class='ocr_line' id='line_1_44' title="bbox 406 2650 1987 2726; baseline -0.004 -15"><span class='ocrx_word' id='word_1_331' title='bbox 406 2658 605 2711; x_wconf 78' lang='lat' dir='ltr'><strong>mirum</strong></span> <span class='ocrx_word' id='word_1_332' title='bbox 633 2654 687 2711; x_wconf 91' lang='lat' dir='ltr'><strong>lu</strong></span> <span class='ocrx_word' id='word_1_333' title='bbox 712 2656 936 2710; x_wconf 88' lang='lat' dir='ltr'><strong>modum</strong></span> <span class='ocrx_word' id='word_1_334' title='bbox 962 2664 1018 2710; x_wconf 85' lang='lat' dir='ltr'><strong>et</strong></span> <span class='ocrx_word' id='word_1_335' title='bbox 1049 2653 1101 2710; x_wconf 91' lang='lat' dir='ltr'><strong>id</strong></span> <span class='ocrx_word' id='word_1_336' title='bbox 1126 2654 1371 2726; x_wconf 86' lang='lat' dir='ltr'><strong>proiecto</strong></span> <span class='ocrx_word' id='word_1_337' title='bbox 1395 2652 1866 2709; x_wconf 87' lang='lat' dir='ltr'><strong>contemnentium</strong></span> <span class='ocrx_word' id='word_1_338' title='bbox 1892 2650 1987 2706; x_wconf 86' lang='lat' dir='ltr'><strong>Dei</strong></span> 
     </span>
    </p>
   </div>
   <div class='ocr_carea' id='block_1_45' title="bbox 404 2744 1997 2817">
    <p class='ocr_par' dir='ltr' id='par_1_45' title="bbox 404 2744 1997 2817">
     <span class='ocr_line' id='line_1_45' title="bbox 404 2744 1997 2817; baseline -0.003 -16"><span class='ocrx_word' id='word_1_339' title='bbox 404 2747 645 2803; x_wconf 83' lang='lat' dir='ltr'><strong>Verbum</strong></span> <span class='ocrx_word' id='word_1_340' title='bbox 687 2756 741 2802; x_wconf 91' lang='lat' dir='ltr'><strong>et</strong></span> <span class='ocrx_word' id='word_1_341' title='bbox 769 2747 1033 2817; x_wconf 84' lang='lat' dir='ltr'><strong>Spiritum</strong></span> <span class='ocrx_word' id='word_1_342' title='bbox 1066 2748 1402 2817; x_wconf 86' lang='lat' dir='ltr'><strong>impietatem</strong></span> <span class='ocrx_word' id='word_1_343' title='bbox 1457 2744 1766 2815; x_wconf 79' lang='lat' dir='ltr'><strong>patefacere</strong></span> <span class='ocrx_word' id='word_1_344' title='bbox 1811 2760 1827 2799; x_wconf 90' lang='lat'><strong>:</strong></span> <span class='ocrx_word' id='word_1_345' title='bbox 1865 2759 1997 2813; x_wconf 88' lang='lat' dir='ltr'><strong>pro-</strong></span> 
     </span>
    </p>
   </div>
   <div class='ocr_carea' id='block_1_46' title="bbox 410 2835 1991 2909">
    <p class='ocr_par' dir='ltr' id='par_1_46' title="bbox 410 2835 1991 2909">
     <span class='ocr_line' id='line_1_46' title="bbox 410 2835 1991 2909; baseline -0.001 -16"><span class='ocrx_word' id='word_1_346' title='bbox 410 2840 531 2900; x_wconf 76' lang='lat' dir='ltr'><strong>prio</strong></span> <span class='ocrx_word' id='word_1_347' title='bbox 559 2842 733 2895; x_wconf 87' lang='lat' dir='ltr'><strong>verbo</strong></span> <span class='ocrx_word' id='word_1_348' title='bbox 761 2854 826 2894; x_wconf 75' lang='lat' dir='ltr'><strong>ex</strong></span> <span class='ocrx_word' id='word_1_349' title='bbox 854 2839 988 2909; x_wconf 85' lang='lat' dir='ltr'><strong>ipsis</strong></span> <span class='ocrx_word' id='word_1_350' title='bbox 1034 2840 1220 2908; x_wconf 81' lang='lat' dir='ltr'><strong>genito</strong></span> <span class='ocrx_word' id='word_1_351' title='bbox 1266 2838 1519 2892; x_wconf 90' lang='lat' dir='ltr'><strong>nituntur</strong></span> <span class='ocrx_word' id='word_1_352' title='bbox 1570 2838 1663 2893; x_wconf 92' lang='lat' dir='ltr'><strong>Dei</strong></span> <span class='ocrx_word' id='word_1_353' title='bbox 1713 2835 1871 2891; x_wconf 90' lang='lat' dir='ltr'><strong>Verbi</strong></span> <span class='ocrx_word' id='word_1_354' title='bbox 1932 2835 1991 2891; x_wconf 87' lang='lat' dir='ltr'><strong>in</strong></span> 
     </span>
    </p>
   </div>
   <div class='ocr_carea' id='block_1_47' title="bbox 404 2926 1989 2998">
    <p class='ocr_par' dir='ltr' id='par_1_47' title="bbox 404 2926 1989 2998">
     <span class='ocr_line' id='line_1_47' title="bbox 404 2926 1989 2998; baseline -0.002 -15"><span class='ocrx_word' id='word_1_355' title='bbox 404 2928 565 2986; x_wconf 82' lang='lat' dir='ltr'><strong>Patre</strong></span> <span class='ocrx_word' id='word_1_356' title='bbox 592 2931 902 2986; x_wconf 58' lang='lat' dir='ltr'><strong>viventis’tet</strong></span> <span class='ocrx_word' id='word_1_357' title='bbox 924 2930 1240 2986; x_wconf 80' lang='lat' dir='ltr'><strong>exsistentis</strong></span> <span class='ocrx_word' id='word_1_358' title='bbox 1264 2929 1551 2985; x_wconf 84' lang='lat' dir='ltr'><strong>destruere</strong></span> <span class='ocrx_word' id='word_1_359' title='bbox 1577 2926 1735 2998; x_wconf 88' lang='lat' dir='ltr'><strong>(proh</strong></span> <span class='ocrx_word' id='word_1_360' title='bbox 1758 2926 1796 2997; x_wconf 93' lang='lat' dir='ltr'><strong>l)</strong></span> <span class='ocrx_word' id='word_1_361' title='bbox 1824 2940 1989 2996; x_wconf 84' lang='lat' dir='ltr'><strong>gene-</strong></span> 
     </span>
    </p>
   </div>
   <div class='ocr_carea' id='block_1_48' title="bbox 406 3018 1991 3092">
    <p class='ocr_par' dir='ltr' id='par_1_48' title="bbox 406 3018 1991 3092">
     <span class='ocr_line' id='line_1_48' title="bbox 406 3018 1991 3092; baseline -0.003 -15"><span class='ocrx_word' id='word_1_362' title='bbox 406 3025 677 3078; x_wconf 68' lang='lat' dir='ltr'><strong>rationem</strong></span> <span class='ocrx_word' id='word_1_363' title='bbox 710 3032 839 3085; x_wconf 80' lang='lat' dir='ltr'><strong>ante</strong></span> <span class='ocrx_word' id='word_1_364' title='bbox 870 3037 1034 3078; x_wconf 88' lang='lat' dir='ltr'><strong>omne</strong></span> <span class='ocrx_word' id='word_1_365' title='bbox 1064 3021 1420 3092; x_wconf 87' lang='lat' dir='ltr'><strong>principium;</strong></span> <span class='ocrx_word' id='word_1_366' title='bbox 1444 3029 1498 3075; x_wconf 88' lang='lat' dir='ltr'><strong>et</strong></span> <span class='ocrx_word' id='word_1_367' title='bbox 1524 3023 1788 3089; x_wconf 87' lang='lat' dir='ltr'><strong>plasmata</strong></span> <span class='ocrx_word' id='word_1_368' title='bbox 1812 3018 1991 3088; x_wconf 81' lang='lat' dir='ltr'><strong>imago</strong></span> 
     </span>
    </p>
   </div>
   <div class='ocr_carea' id='block_1_49' title="bbox 405 3110 1991 3187">
    <p class='ocr_par' dir='ltr' id='par_1_49' title="bbox 405 3110 1991 3187">
     <span class='ocr_line' id='line_1_49' title="bbox 405 3110 1991 3187; baseline -0.003 -19"><span class='ocrx_word' id='word_1_369' title='bbox 405 3124 755 3187; x_wconf 85' lang='lat' dir='ltr'><strong>prototyputn</strong></span> <span class='ocrx_word' id='word_1_370' title='bbox 788 3130 951 3171; x_wconf 90' lang='lat' dir='ltr'><strong>suum</strong></span> <span class='ocrx_word' id='word_1_371' title='bbox 987 3114 1439 3183; x_wconf 84' lang='lat' dir='ltr'><strong>conditoremque</strong></span> <span class='ocrx_word' id='word_1_372' title='bbox 1487 3112 1728 3182; x_wconf 83' lang='lat' dir='ltr'><strong>prodens</strong></span> <span class='ocrx_word' id='word_1_373' title='bbox 1769 3110 1854 3165; x_wconf 85' lang='lat' dir='ltr'><strong>vel</strong></span> <span class='ocrx_word' id='word_1_374' title='bbox 1903 3111 1991 3164; x_wconf 89' lang='lat' dir='ltr'><strong>in-</strong></span> 
     </span>
    </p>
   </div>
   <div class='ocr_carea' id='block_1_50' title="bbox 402 3202 1989 3278">
    <p class='ocr_par' dir='ltr' id='par_1_50' title="bbox 402 3202 1989 3278">
     <span class='ocr_line' id='line_1_50' title="bbox 402 3202 1989 3278; baseline -0.003 -17"><span class='ocrx_word' id='word_1_375' title='bbox 402 3212 540 3271; x_wconf 87' lang='lat' dir='ltr'><strong>vita,</strong></span> <span class='ocrx_word' id='word_1_376' title='bbox 576 3224 679 3262; x_wconf 89' lang='lat' dir='ltr'><strong>nec</strong></span> <span class='ocrx_word' id='word_1_377' title='bbox 706 3208 1042 3278; x_wconf 87' lang='lat' dir='ltr'><strong>intelligens,</strong></span> <span class='ocrx_word' id='word_1_378' title='bbox 1087 3206 1354 3260; x_wconf 87' lang='lat' dir='ltr'><strong>adversus</strong></span> <span class='ocrx_word' id='word_1_379' title='bbox 1390 3218 1515 3259; x_wconf 92' lang='lat' dir='ltr'><strong>eum</strong></span> <span class='ocrx_word' id='word_1_380' title='bbox 1550 3203 1748 3258; x_wconf 84' lang='lat' dir='ltr'><strong>insane</strong></span> <span class='ocrx_word' id='word_1_381' title='bbox 1792 3202 1989 3270; x_wconf 86' lang='lat' dir='ltr'><strong>fertur,</strong></span> 
     </span>
    </p>
   </div>
   <div class='ocr_carea' id='block_1_51' title="bbox 405 3296 1989 3365">
    <p class='ocr_par' dir='ltr' id='par_1_51' title="bbox 405 3296 1989 3365">
     <span class='ocr_line' id='line_1_51' title="bbox 405 3296 1989 3365; baseline -0.003 -10"><span class='ocrx_word' id='word_1_382' title='bbox 405 3309 661 3355; x_wconf 85' lang='lat' dir='ltr'><strong>creatura</strong></span> <span class='ocrx_word' id='word_1_383' title='bbox 719 3312 1051 3365; x_wconf 80' lang='lat' dir='ltr'><strong>creatorem,</strong></span> <span class='ocrx_word' id='word_1_384' title='bbox 1090 3308 1146 3352; x_wconf 91' lang='lat' dir='ltr'><strong>et</strong></span> <span class='ocrx_word' id='word_1_385' title='bbox 1186 3296 1355 3353; x_wconf 89' lang='lat' dir='ltr'><strong>Deum</strong></span> <span class='ocrx_word' id='word_1_386' title='bbox 1415 3297 1627 3352; x_wconf 89' lang='lat' dir='ltr'><strong>factura</strong></span> <span class='ocrx_word' id='word_1_387' title='bbox 1664 3296 1989 3356; x_wconf 91' lang='lat' dir='ltr'><strong>contemnit.</strong></span> 
     </span>
    </p>
   </div>
   <div class='ocr_carea' id='block_1_52' title="bbox 405 3388 1989 3461">
    <p class='ocr_par' dir='ltr' id='par_1_52' title="bbox 405 3388 1989 3461">
     <span class='ocr_line' id='line_1_52' title="bbox 405 3388 1989 3461; baseline -0.001 -15"><span class='ocrx_word' id='word_1_388' title='bbox 405 3392 469 3446; x_wconf 85' lang='lat' dir='ltr'><strong>Et</strong></span> <span class='ocrx_word' id='word_1_389' title='bbox 494 3392 538 3446; x_wconf 88' lang='lat' dir='ltr'><strong>si</strong></span> <span class='ocrx_word' id='word_1_390' title='bbox 581 3408 679 3461; x_wconf 90' lang='lat' dir='ltr'><strong>per</strong></span> <span class='ocrx_word' id='word_1_391' title='bbox 704 3406 764 3447; x_wconf 89' lang='lat' dir='ltr'><strong>se</strong></span> <span class='ocrx_word' id='word_1_392' title='bbox 807 3391 1157 3447; x_wconf 81' lang='lat' dir='ltr'><strong>exsistentem</strong></span> <span class='ocrx_word' id='word_1_393' title='bbox 1210 3389 1448 3446; x_wconf 90' lang='lat' dir='ltr'><strong>Verbum</strong></span> <span class='ocrx_word' id='word_1_394' title='bbox 1487 3398 1541 3445; x_wconf 89' lang='lat' dir='ltr'><strong>et</strong></span> <span class='ocrx_word' id='word_1_395' title='bbox 1579 3388 1842 3460; x_wconf 87' lang='lat' dir='ltr'><strong>Spiritum</strong></span> <span class='ocrx_word' id='word_1_396' title='bbox 1877 3404 1989 3444; x_wconf 83' lang='lat' dir='ltr'><strong>non</strong></span> 
     </span>
    </p>
   </div>
   <div class='ocr_carea' id='block_1_53' title="bbox 406 3482 1989 3554">
    <p class='ocr_par' dir='ltr' id='par_1_53' title="bbox 406 3482 1989 3554">
     <span class='ocr_line' id='line_1_53' title="bbox 406 3482 1989 3554; baseline 0.001 -17"><span class='ocrx_word' id='word_1_397' title='bbox 406 3485 609 3539; x_wconf 86' lang='lat' dir='ltr'><strong>habere</strong></span> <span class='ocrx_word' id='word_1_398' title='bbox 638 3485 771 3539; x_wconf 82' lang='lat' dir='ltr'><strong>dicit</strong></span> <span class='ocrx_word' id='word_1_399' title='bbox 802 3484 996 3550; x_wconf 85' lang='lat' dir='ltr'><strong>Deum,</strong></span> <span class='ocrx_word' id='word_1_400' title='bbox 1022 3486 1163 3539; x_wconf 88' lang='lat' dir='ltr'><strong>sicut</strong></span> <span class='ocrx_word' id='word_1_401' title='bbox 1191 3493 1243 3538; x_wconf 91' lang='lat' dir='ltr'><strong>et</strong></span> <span class='ocrx_word' id='word_1_402' title='bbox 1272 3498 1395 3554; x_wconf 83' lang='lat' dir='ltr'><strong>quae</strong></span> <span class='ocrx_word' id='word_1_403' title='bbox 1421 3484 1638 3553; x_wconf 80' lang='lat' dir='ltr'><strong>propria</strong></span> <span class='ocrx_word' id='word_1_404' title='bbox 1670 3490 1799 3537; x_wconf 88' lang='lat' dir='ltr'><strong>sunt</strong></span> <span class='ocrx_word' id='word_1_405' title='bbox 1824 3482 1989 3538; x_wconf 86' lang='lat' dir='ltr'><strong>habet</strong></span> 
     </span>
    </p>
   </div>
   <div class='ocr_carea' id='block_1_54' title="bbox 408 3574 1988 3647">
    <p class='ocr_par' dir='ltr' id='par_1_54' title="bbox 408 3574 1988 3647">
     <span class='ocr_line' id='line_1_54' title="bbox 408 3574 1988 3647; baseline -0.001 -18"><span class='ocrx_word' id='word_1_406' title='bbox 408 3579 597 3641; x_wconf 90' lang='lat' dir='ltr'><strong>homo,</strong></span> <span class='ocrx_word' id='word_1_407' title='bbox 648 3578 730 3631; x_wconf 93' lang='lat' dir='ltr'><strong>sic</strong></span> <span class='ocrx_word' id='word_1_408' title='bbox 779 3577 933 3631; x_wconf 79' lang='lat' dir='ltr'><strong>valde</strong></span> <span class='ocrx_word' id='word_1_409' title='bbox 976 3576 1142 3647; x_wconf 87' lang='lat' dir='ltr'><strong>impia</strong></span> <span class='ocrx_word' id='word_1_410' title='bbox 1192 3585 1318 3640; x_wconf 90' lang='lat' dir='ltr'><strong>est,</strong></span> <span class='ocrx_word' id='word_1_411' title='bbox 1374 3574 1750 3629; x_wconf 89' lang='lat' dir='ltr'><strong>testimonium</strong></span> <span class='ocrx_word' id='word_1_412' title='bbox 1800 3574 1988 3628; x_wconf 80' lang='lat' dir='ltr'><strong>divina</strong></span> 
     </span>
    </p>
   </div>
   <div class='ocr_carea' id='block_1_55' title="bbox 402 3665 1987 3739">
    <p class='ocr_par' dir='ltr' id='par_1_55' title="bbox 402 3665 1987 3739">
     <span class='ocr_line' id='line_1_55' title="bbox 402 3665 1987 3739; baseline 0 -18"><span class='ocrx_word' id='word_1_413' title='bbox 402 3670 569 3724; x_wconf 84' lang='lat' dir='ltr'><strong>dante</strong></span> <span class='ocrx_word' id='word_1_414' title='bbox 605 3670 914 3739; x_wconf 88' lang='lat' dir='ltr'><strong>Scriptura,</strong></span> <span class='ocrx_word' id='word_1_415' title='bbox 953 3669 1098 3739; x_wconf 89' lang='lat' dir='ltr'><strong>quod</strong></span> <span class='ocrx_word' id='word_1_416' title='bbox 1141 3671 1328 3724; x_wconf 84' lang='lat' dir='ltr'><strong>vivens</strong></span> <span class='ocrx_word' id='word_1_417' title='bbox 1362 3667 1418 3721; x_wconf 87' lang='lat' dir='ltr'><strong>in</strong></span> <span class='ocrx_word' id='word_1_418' title='bbox 1452 3668 1701 3737; x_wconf 66' lang='lat' dir='ltr'><strong>caeloque</strong></span> <span class='ocrx_word' id='word_1_419' title='bbox 1733 3665 1987 3721; x_wconf 84' lang='lat' dir='ltr'><strong>habitans</strong></span> 
     </span>
    </p>
   </div>
   <div class='ocr_carea' id='block_1_56' title="bbox 404 3758 1989 3832">
    <p class='ocr_par' dir='ltr' id='par_1_56' title="bbox 404 3758 1989 3832">
     <span class='ocr_line' id='line_1_56' title="bbox 404 3758 1989 3832; baseline -0.001 -17"><span class='ocrx_word' id='word_1_420' title='bbox 404 3764 475 3817; x_wconf 79' lang='lat' dir='ltr'><strong>sit</strong></span> <span class='ocrx_word' id='word_1_421' title='bbox 505 3761 597 3817; x_wconf 90' lang='lat' dir='ltr'><strong>Dei</strong></span> <span class='ocrx_word' id='word_1_422' title='bbox 618 3760 878 3827; x_wconf 86' lang='lat' dir='ltr'><strong>Verbum,</strong></span> <span class='ocrx_word' id='word_1_423' title='bbox 914 3762 1193 3832; x_wconf 87' lang='lat' dir='ltr'><strong>Sapientia</strong></span> <span class='ocrx_word' id='word_1_424' title='bbox 1219 3763 1359 3829; x_wconf 90' lang='lat' dir='ltr'><strong>viva,</strong></span> <span class='ocrx_word' id='word_1_425' title='bbox 1386 3770 1440 3817; x_wconf 91' lang='lat' dir='ltr'><strong>et</strong></span> <span class='ocrx_word' id='word_1_426' title='bbox 1470 3762 1523 3815; x_wconf 94' lang='lat' dir='ltr'><strong>in</strong></span> <span class='ocrx_word' id='word_1_427' title='bbox 1554 3776 1614 3817; x_wconf 87' lang='lat' dir='ltr'><strong>se</strong></span> <span class='ocrx_word' id='word_1_428' title='bbox 1640 3762 1756 3827; x_wconf 87' lang='lat' dir='ltr'><strong>ipsa</strong></span> <span class='ocrx_word' id='word_1_429' title='bbox 1788 3758 1989 3815; x_wconf 91' lang='lat' dir='ltr'><strong>intelli-</strong></span> 
     </span>
    </p>
   </div>
   <div class='ocr_carea' id='block_1_57' title="bbox 402 3846 1987 3925">
    <p class='ocr_par' dir='ltr' id='par_1_57' title="bbox 402 3846 1987 3925">
     <span class='ocr_line' id='line_1_57' title="bbox 402 3846 1987 3925; baseline -0.003 -16"><span class='ocrx_word' id='word_1_430' title='bbox 402 3855 601 3924; x_wconf 71' lang='lat' dir='ltr'><strong>gentia:</strong></span> <span class='ocrx_word' id='word_1_431' title='bbox 629 3866 681 3909; x_wconf 90' lang='lat' dir='ltr'><strong>et</strong></span> <span class='ocrx_word' id='word_1_432' title='bbox 714 3846 1025 3910; x_wconf 75' lang='lat' dir='ltr'><strong>sanctitatis</strong></span> <span class='ocrx_word' id='word_1_433' title='bbox 1056 3855 1309 3925; x_wconf 88' lang='lat' dir='ltr'><strong>spiritum</strong></span> <span class='ocrx_word' id='word_1_434' title='bbox 1338 3854 1568 3909; x_wconf 86' lang='lat' dir='ltr'><strong>habens.</strong></span> <span class='ocrx_word' id='word_1_435' title='bbox 1598 3852 1663 3907; x_wconf 90' lang='lat' dir='ltr'><strong>Et</strong></span> <span class='ocrx_word' id='word_1_436' title='bbox 1693 3853 1782 3907; x_wconf 90' lang='lat' dir='ltr'><strong>hic</strong></span> <span class='ocrx_word' id='word_1_437' title='bbox 1810 3852 1987 3905; x_wconf 80' lang='lat' dir='ltr'><strong>vivifi-</strong></span> 
     </span>
    </p>
   </div>
   <div class='ocr_carea' id='block_1_58' title="bbox 403 3941 1987 4015">
    <p class='ocr_par' dir='ltr' id='par_1_58' title="bbox 403 3941 1987 4015">
     <span class='ocr_line' id='line_1_58' title="bbox 403 3941 1987 4015; baseline -0.001 -16"><span class='ocrx_word' id='word_1_438' title='bbox 403 3960 537 4000; x_wconf 83' lang='lat' dir='ltr'><strong>cans</strong></span> <span class='ocrx_word' id='word_1_439' title='bbox 557 3956 613 4000; x_wconf 90' lang='lat' dir='ltr'><strong>et</strong></span> <span class='ocrx_word' id='word_1_440' title='bbox 643 3947 799 4001; x_wconf 81' lang='lat' dir='ltr'><strong>vivax</strong></span> <span class='ocrx_word' id='word_1_441' title='bbox 823 3947 940 4015; x_wconf 84' lang='lat' dir='ltr'><strong>ipse</strong></span> <span class='ocrx_word' id='word_1_442' title='bbox 966 3946 1059 4000; x_wconf 89' lang='lat' dir='ltr'><strong>Dei</strong></span> <span class='ocrx_word' id='word_1_443' title='bbox 1092 3955 1479 4001; x_wconf 88' lang='lat' dir='ltr'><strong>sacrosanctus</strong></span> <span class='ocrx_word' id='word_1_444' title='bbox 1508 3944 1764 4014; x_wconf 88' lang='lat' dir='ltr'><strong>Spiritus.</strong></span> <span class='ocrx_word' id='word_1_445' title='bbox 1792 3941 1987 4012; x_wconf 91' lang='lat' dir='ltr'><strong>Impiat</strong></span> 
     </span>
    </p>
   </div>
   <div class='ocr_carea' id='block_1_59' title="bbox 401 4030 1985 4107">
    <p class='ocr_par' dir='ltr' id='par_1_59' title="bbox 401 4030 1985 4107">
     <span class='ocr_line' id='line_1_59' title="bbox 401 4030 1985 4107; baseline -0.002 -19"><span class='ocrx_word' id='word_1_446' title='bbox 401 4042 532 4106; x_wconf 74' lang='lat' dir='ltr'><strong>ergo</strong></span> <span class='ocrx_word' id='word_1_447' title='bbox 556 4051 615 4091; x_wconf 89' lang='lat' dir='ltr'><strong>se</strong></span> <span class='ocrx_word' id='word_1_448' title='bbox 638 4037 754 4106; x_wconf 86' lang='lat' dir='ltr'><strong>qui,</strong></span> <span class='ocrx_word' id='word_1_449' title='bbox 784 4037 1066 4091; x_wconf 87' lang='lat' dir='ltr'><strong>atheorum</strong></span> <span class='ocrx_word' id='word_1_450' title='bbox 1095 4037 1332 4092; x_wconf 87' lang='lat' dir='ltr'><strong>rationes</strong></span> <span class='ocrx_word' id='word_1_451' title='bbox 1351 4050 1573 4107; x_wconf 86' lang='lat' dir='ltr'><strong>gerens,</strong></span> <span class='ocrx_word' id='word_1_452' title='bbox 1592 4034 1861 4088; x_wconf 87' lang='lat' dir='ltr'><strong>viventem</strong></span> <span class='ocrx_word' id='word_1_453' title='bbox 1888 4030 1985 4086; x_wconf 91' lang='lat' dir='ltr'><strong>Del</strong></span> 
     </span>
    </p>
   </div>
   <div class='ocr_carea' id='block_1_60' title="bbox 407 4125 1984 4199">
    <p class='ocr_par' dir='ltr' id='par_1_60' title="bbox 407 4125 1984 4199">
     <span class='ocr_line' id='line_1_60' title="bbox 407 4125 1984 4199; baseline 0 -19"><span class='ocrx_word' id='word_1_454' title='bbox 407 4128 646 4184; x_wconf 77' lang='lat' dir='ltr'><strong>Verbum</strong></span> <span class='ocrx_word' id='word_1_455' title='bbox 689 4129 921 4199; x_wconf 82' lang='lat' dir='ltr'><strong>despicit</strong></span> <span class='ocrx_word' id='word_1_456' title='bbox 952 4137 1007 4185; x_wconf 90' lang='lat' dir='ltr'><strong>et</strong></span> <span class='ocrx_word' id='word_1_457' title='bbox 1038 4127 1306 4197; x_wconf 90' lang='lat' dir='ltr'><strong>Spiritum</strong></span> <span class='ocrx_word' id='word_1_458' title='bbox 1334 4168 1349 4192; x_wconf 92' lang='lat'><strong>,</strong></span> <span class='ocrx_word' id='word_1_459' title='bbox 1381 4143 1489 4183; x_wconf 92' lang='lat' dir='ltr'><strong>non</strong></span> <span class='ocrx_word' id='word_1_460' title='bbox 1541 4136 1802 4198; x_wconf 90' lang='lat' dir='ltr'><strong>reputans</strong></span> <span class='ocrx_word' id='word_1_461' title='bbox 1837 4125 1984 4196; x_wconf 83' lang='lat' dir='ltr'><strong>quod</strong></span> 
     </span>
    </p>
   </div>
   <div class='ocr_carea' id='block_1_61' title="bbox 400 4217 1989 4291">
    <p class='ocr_par' dir='ltr' id='par_1_61' title="bbox 400 4217 1989 4291">
     <span class='ocr_line' id='line_1_61' title="bbox 400 4217 1989 4291; baseline -0.003 -15"><span class='ocrx_word' id='word_1_462' title='bbox 400 4231 652 4276; x_wconf 88' lang='lat' dir='ltr'><strong>creatura</strong></span> <span class='ocrx_word' id='word_1_463' title='bbox 679 4222 771 4291; x_wconf 85' lang='lat' dir='ltr'><strong>qui</strong></span> <span class='ocrx_word' id='word_1_464' title='bbox 802 4230 905 4285; x_wconf 87' lang='lat' dir='ltr'><strong>est,</strong></span> <span class='ocrx_word' id='word_1_465' title='bbox 928 4221 974 4275; x_wconf 91' lang='lat' dir='ltr'><strong>si</strong></span> <span class='ocrx_word' id='word_1_466' title='bbox 996 4221 1233 4291; x_wconf 90' lang='lat' dir='ltr'><strong>quodam</strong></span> <span class='ocrx_word' id='word_1_467' title='bbox 1262 4220 1421 4275; x_wconf 92' lang='lat' dir='ltr'><strong>modo</strong></span> <span class='ocrx_word' id='word_1_468' title='bbox 1442 4218 1754 4276; x_wconf 88' lang='lat' dir='ltr'><strong>Conditoris</strong></span> <span class='ocrx_word' id='word_1_469' title='bbox 1786 4217 1989 4287; x_wconf 83' lang='lat' dir='ltr'><strong>praebet</strong></span> 
     </span>
    </p>
   </div>
   <div class='ocr_carea' id='block_1_62' title="bbox 403 4308 1984 4382">
    <p class='ocr_par' dir='ltr' id='par_1_62' title="bbox 403 4308 1984 4382">
     <span class='ocr_line' id='line_1_62' title="bbox 403 4308 1984 4382; baseline -0.005 -15"><span class='ocrx_word' id='word_1_470' title='bbox 403 4312 742 4382; x_wconf 76' lang='lat' dir='ltr'><strong>imaginem,</strong></span> <span class='ocrx_word' id='word_1_471' title='bbox 796 4312 1001 4381; x_wconf 88' lang='lat' dir='ltr'><strong>pariter</strong></span> <span class='ocrx_word' id='word_1_472' title='bbox 1042 4319 1096 4364; x_wconf 90' lang='lat' dir='ltr'><strong>et</strong></span> <span class='ocrx_word' id='word_1_473' title='bbox 1123 4310 1176 4365; x_wconf 91' lang='lat' dir='ltr'><strong>id</strong></span> <span class='ocrx_word' id='word_1_474' title='bbox 1228 4319 1506 4380; x_wconf 91' lang='lat' dir='ltr'><strong>utcunque</strong></span> <span class='ocrx_word' id='word_1_475' title='bbox 1551 4310 1606 4363; x_wconf 90' lang='lat' dir='ltr'><strong>in</strong></span> <span class='ocrx_word' id='word_1_476' title='bbox 1656 4323 1716 4365; x_wconf 89' lang='lat' dir='ltr'><strong>se</strong></span> <span class='ocrx_word' id='word_1_477' title='bbox 1765 4308 1984 4374; x_wconf 84' lang='lat' dir='ltr'><strong>habeat,</strong></span> 
     </span>
    </p>
   </div>
   <div class='ocr_carea' id='block_1_63' title="bbox 402 4400 1985 4474">
    <p class='ocr_par' dir='ltr' id='par_1_63' title="bbox 402 4400 1985 4474">
     <span class='ocr_line' id='line_1_63' title="bbox 402 4400 1985 4474; baseline -0.001 -17"><span class='ocrx_word' id='word_1_478' title='bbox 402 4404 852 4468; x_wconf 85' lang='lat' dir='ltr'><strong>adumbratione,</strong></span> <span class='ocrx_word' id='word_1_479' title='bbox 882 4419 992 4459; x_wconf 90' lang='lat' dir='ltr'><strong>non</strong></span> <span class='ocrx_word' id='word_1_480' title='bbox 1022 4402 1250 4458; x_wconf 86' lang='lat' dir='ltr'><strong>veritate</strong></span> <span class='ocrx_word' id='word_1_481' title='bbox 1286 4403 1551 4474; x_wconf 86' lang='lat' dir='ltr'><strong>locuples.</strong></span> <span class='ocrx_word' id='word_1_482' title='bbox 1586 4400 1799 4456; x_wconf 88' lang='lat' dir='ltr'><strong>Etenim</strong></span> <span class='ocrx_word' id='word_1_483' title='bbox 1842 4416 1985 4456; x_wconf 88' lang='lat' dir='ltr'><strong>sem-</strong></span> 
     </span>
    </p>
   </div>
   <div class='ocr_carea' id='block_1_64' title="bbox 2093 1929 3663 2006">
    <p class='ocr_par' dir='ltr' id='par_1_64' title="bbox 2093 1929 3663 2006">
     <span class='ocr_line' id='line_1_64' title="bbox 2093 1929 3663 2006; baseline 0.004 -22"><span class='ocrx_word' id='word_1_484' title='bbox 2093 1929 2347 1997; x_wconf 81' lang='grc' dir='ltr'>Πατέρα,</span> <span class='ocrx_word' id='word_1_485' title='bbox 2397 1930 2485 1984; x_wconf 87' lang='grc' dir='ltr'><strong>διά</strong></span> <span class='ocrx_word' id='word_1_486' title='bbox 2537 1932 2632 1985; x_wconf 84' lang='grc' dir='ltr'><strong>τὸν</strong></span> <span class='ocrx_word' id='word_1_487' title='bbox 2666 1936 2935 2006; x_wconf 83' lang='grc' dir='ltr'>μονογενῆ</span> <span class='ocrx_word' id='word_1_488' title='bbox 2965 1936 3133 1990; x_wconf 74' lang='grc' dir='ltr'>αὐτοῦ</span> <span class='ocrx_word' id='word_1_489' title='bbox 3180 1937 3374 2005; x_wconf 88' lang='grc' dir='ltr'>Λόγον,</span> <span class='ocrx_word' id='word_1_490' title='bbox 3402 1938 3495 1991; x_wconf 73' lang='grc' dir='ltr'><strong>καὶ</strong></span> <span class='ocrx_word' id='word_1_491' title='bbox 3523 1940 3581 1991; x_wconf 77' lang='grc' dir='ltr'><strong>τὸ</strong></span> <span class='ocrx_word' id='word_1_492' title='bbox 3608 1938 3663 2005; x_wconf 74' lang='grc' dir='ltr'><strong>ἐξ</strong></span> 
     </span>
    </p>
   </div>
   <div class='ocr_carea' id='block_1_65' title="bbox 2096 2019 3664 2099">
    <p class='ocr_par' dir='ltr' id='par_1_65' title="bbox 2096 2019 3664 2099">
     <span class='ocr_line' id='line_1_65' title="bbox 2096 2019 3664 2099; baseline 0.004 -24"><span class='ocrx_word' id='word_1_493' title='bbox 2096 2019 2263 2075; x_wconf 81' lang='grc' dir='ltr'>αὐτοῦ</span> <span class='ocrx_word' id='word_1_494' title='bbox 2296 2022 2544 2089; x_wconf 84' lang='grc' dir='ltr'>Πνεῦμα.</span> <span class='ocrx_word' id='word_1_495' title='bbox 2569 2024 2638 2078; x_wconf 79' lang='grc' dir='ltr'><strong>Ἀ</strong></span> <span class='ocrx_word' id='word_1_496' title='bbox 2669 2028 2764 2078; x_wconf 82' lang='grc' dir='ltr'><strong>καὶ</strong></span> <span class='ocrx_word' id='word_1_497' title='bbox 2791 2026 2975 2079; x_wconf 79' lang='grc' dir='ltr'>πολλοὶ</span> <span class='ocrx_word' id='word_1_498' title='bbox 3003 2028 3113 2080; x_wconf 87' lang='grc' dir='ltr'><strong>τῶν</strong></span> <span class='ocrx_word' id='word_1_499' title='bbox 3138 2027 3550 2097; x_wconf 75' lang='grc' dir='ltr'>ὁμολογούντων</span> <span class='ocrx_word' id='word_1_500' title='bbox 3578 2029 3664 2099; x_wconf 85' lang='grc' dir='ltr'><strong>δῆ-</strong></span> 
     </span>
    </p>
   </div>
   <div class='ocr_carea' id='block_1_66' title="bbox 2097 2111 3661 2185">
    <p class='ocr_par' dir='ltr' id='par_1_66' title="bbox 2097 2111 3661 2185">
     <span class='ocr_line' id='line_1_66' title="bbox 2097 2111 3661 2185; baseline 0.003 -18"><span class='ocrx_word' id='word_1_501' title='bbox 2097 2112 2192 2167; x_wconf 86' lang='grc' dir='ltr'><strong>θεν</strong></span> <span class='ocrx_word' id='word_1_502' title='bbox 2222 2111 2355 2167; x_wconf 84' lang='grc' dir='ltr'>Θεὸν</span> <span class='ocrx_word' id='word_1_503' title='bbox 2383 2114 2741 2184; x_wconf 77' lang='grc' dir='ltr'>ὴθετήκασιν,</span> <span class='ocrx_word' id='word_1_504' title='bbox 2768 2117 2844 2181; x_wconf 84' lang='grc' dir='ltr'><strong>ὡς</strong></span> <span class='ocrx_word' id='word_1_505' title='bbox 2879 2119 2930 2171; x_wconf 82' lang='grc' dir='ltr'>οἱ</span> <span class='ocrx_word' id='word_1_506' title='bbox 2959 2118 3239 2183; x_wconf 79' lang='grc' dir='ltr'>δυσσεϐεῖς</span> <span class='ocrx_word' id='word_1_507' title='bbox 3277 2118 3543 2185; x_wconf 79' lang='grc' dir='ltr'>Ἰουδαῖοι,</span> <span class='ocrx_word' id='word_1_508' title='bbox 3572 2120 3661 2174; x_wconf 76' lang='grc' dir='ltr'><strong>καὶ</strong></span> 
     </span>
    </p>
   </div>
   <div class='ocr_carea' id='block_1_67' title="bbox 2098 2204 3663 2283">
    <p class='ocr_par' dir='ltr' id='par_1_67' title="bbox 2098 2204 3663 2283">
     <span class='ocr_line' id='line_1_67' title="bbox 2098 2204 3663 2283; baseline 0.006 -27"><span class='ocrx_word' id='word_1_509' title='bbox 2098 2204 2198 2257; x_wconf 83' lang='grc' dir='ltr'><strong>σὺν</strong></span> <span class='ocrx_word' id='word_1_510' title='bbox 2220 2205 2408 2269; x_wconf 81' lang='grc' dir='ltr'>αὐτοῖς</span> <span class='ocrx_word' id='word_1_511' title='bbox 2447 2206 2623 2273; x_wconf 79' lang='grc' dir='ltr'>ἄλλοι,</span> <span class='ocrx_word' id='word_1_512' title='bbox 2658 2208 2811 2262; x_wconf 81' lang='grc' dir='ltr'>ἄθεοι</span> <span class='ocrx_word' id='word_1_513' title='bbox 2841 2208 3126 2273; x_wconf 82' lang='grc' dir='ltr'>τελοῦντες</span> <span class='ocrx_word' id='word_1_514' title='bbox 3165 2212 3261 2265; x_wconf 79' lang='grc' dir='ltr'><strong>καὶ</strong></span> <span class='ocrx_word' id='word_1_515' title='bbox 3284 2211 3451 2266; x_wconf 89' lang='grc' dir='ltr'>οῦτοι.</span> <span class='ocrx_word' id='word_1_516' title='bbox 3475 2212 3535 2266; x_wconf 79' lang='lat' dir='ltr'><strong>Et</strong></span> <span class='ocrx_word' id='word_1_517' title='bbox 3564 2213 3663 2283; x_wconf 81' lang='grc' dir='ltr'>γὰρ</span> 
     </span>
    </p>
   </div>
   <div class='ocr_carea' id='block_1_68' title="bbox 2093 2296 3665 2373">
    <p class='ocr_par' dir='ltr' id='par_1_68' title="bbox 2093 2296 3665 2373">
     <span class='ocr_line' id='line_1_68' title="bbox 2093 2296 3665 2373; baseline 0.004 -24"><span class='ocrx_word' id='word_1_518' title='bbox 2093 2296 2218 2365; x_wconf 85' lang='grc' dir='ltr'>ὁίχα</span> <span class='ocrx_word' id='word_1_519' title='bbox 2237 2296 2401 2366; x_wconf 81' lang='grc' dir='ltr'>λόγου</span> <span class='ocrx_word' id='word_1_520' title='bbox 2422 2298 2519 2351; x_wconf 68' lang='grc' dir='ltr'><strong>καὶ</strong></span> <span class='ocrx_word' id='word_1_521' title='bbox 2550 2299 2864 2369; x_wconf 86' lang='grc' dir='ltr'>Πνεύματος</span> <span class='ocrx_word' id='word_1_522' title='bbox 2886 2302 2913 2354; x_wconf 87' lang='grc' dir='ltr'><strong>ὁ</strong></span> <span class='ocrx_word' id='word_1_523' title='bbox 2941 2299 3094 2365; x_wconf 91' lang='grc' dir='ltr'>Θεὸς,</span> <span class='ocrx_word' id='word_1_524' title='bbox 3118 2302 3315 2373; x_wconf 80' lang='grc' dir='ltr'>ἀτελὴς</span> <span class='ocrx_word' id='word_1_525' title='bbox 3338 2305 3447 2372; x_wconf 83' lang='grc' dir='ltr'>ἄρα</span> <span class='ocrx_word' id='word_1_526' title='bbox 3472 2320 3484 2333; x_wconf 77' lang='grc'><strong><em>⁸</em></strong></span> <span class='ocrx_word' id='word_1_527' title='bbox 3506 2304 3595 2356; x_wconf 77' lang='grc' dir='ltr'><strong>καὶ</strong></span> <span class='ocrx_word' id='word_1_528' title='bbox 3619 2303 3665 2356; x_wconf 79' lang='grc' dir='ltr'><strong>εί</strong></span> 
     </span>
    </p>
   </div>
   <div class='ocr_carea' id='block_1_69' title="bbox 2094 2387 3665 2464">
    <p class='ocr_par' dir='ltr' id='par_1_69' title="bbox 2094 2387 3665 2464">
     <span class='ocr_line' id='line_1_69' title="bbox 2094 2387 3665 2464; baseline 0.004 -25"><span class='ocrx_word' id='word_1_529' title='bbox 2094 2387 2314 2457; x_wconf 83' lang='grc' dir='ltr'>ἀτελὴς,</span> <span class='ocrx_word' id='word_1_530' title='bbox 2342 2388 2442 2442; x_wconf 79' lang='grc' dir='ltr'><strong>οὐκ</strong></span> <span class='ocrx_word' id='word_1_531' title='bbox 2478 2389 2691 2461; x_wconf 83' lang='grc' dir='ltr'>ἀληθής</span> <span class='ocrx_word' id='word_1_532' title='bbox 2712 2408 2726 2423; x_wconf 78' lang='grc' dir='ltr'><strong>ο</strong></span> <span class='ocrx_word' id='word_1_533' title='bbox 2758 2391 2852 2445; x_wconf 75' lang='grc' dir='ltr'><strong>καὶ</strong></span> <span class='ocrx_word' id='word_1_534' title='bbox 2878 2392 3021 2445; x_wconf 76' lang='grc' dir='ltr'>οὕτω</span> <span class='ocrx_word' id='word_1_535' title='bbox 3043 2392 3139 2446; x_wconf 72' lang='grc' dir='ltr'><strong>καλ⁵</strong></span> <span class='ocrx_word' id='word_1_536' title='bbox 3167 2394 3325 2447; x_wconf 73' lang='grc' dir='ltr'>αὐτοὶ</span> <span class='ocrx_word' id='word_1_537' title='bbox 3350 2394 3425 2457; x_wconf 86' lang='grc' dir='ltr'>ὡς</span> <span class='ocrx_word' id='word_1_538' title='bbox 3454 2396 3665 2464; x_wconf 74' lang='grc' dir='ltr'>εἰρήκα-</span> 
     </span>
    </p>
   </div>
   <div class='ocr_carea' id='block_1_70' title="bbox 2097 2481 3664 2557">
    <p class='ocr_par' dir='ltr' id='par_1_70' title="bbox 2097 2481 3664 2557">
     <span class='ocr_line' id='line_1_70' title="bbox 2097 2481 3664 2557; baseline 0.005 -25"><span class='ocrx_word' id='word_1_539' title='bbox 2097 2498 2217 2549; x_wconf 85' lang='grc' dir='ltr'>μεν,</span> <span class='ocrx_word' id='word_1_540' title='bbox 2254 2483 2333 2545; x_wconf 81' lang='grc' dir='ltr'><strong>είς</strong></span> <span class='ocrx_word' id='word_1_541' title='bbox 2364 2481 2458 2536; x_wconf 91' lang='grc' dir='ltr'><strong>τὸν</strong></span> <span class='ocrx_word' id='word_1_542' title='bbox 2511 2483 2682 2547; x_wconf 77' lang='grc' dir='ltr'>ὅντως</span> <span class='ocrx_word' id='word_1_543' title='bbox 2710 2483 2844 2538; x_wconf 87' lang='grc' dir='ltr'>Θεὸν</span> <span class='ocrx_word' id='word_1_544' title='bbox 2901 2484 2977 2557; x_wconf 77' lang='grc' dir='ltr'>μὴ</span> <span class='ocrx_word' id='word_1_545' title='bbox 3014 2486 3368 2551; x_wconf 79' lang='grc' dir='ltr'>πιστεύοντες</span> <span class='ocrx_word' id='word_1_546' title='bbox 3417 2487 3581 2542; x_wconf 76' lang='grc' dir='ltr'>ἄθεοι.</span> <span class='ocrx_word' id='word_1_547' title='bbox 3607 2489 3664 2541; x_wconf 77' lang='lat' dir='ltr'><strong>Et</strong></span> 
     </span>
    </p>
   </div>
   <div class='ocr_carea' id='block_1_71' title="bbox 2093 2572 3665 2647">
    <p class='ocr_par' dir='ltr' id='par_1_71' title="bbox 2093 2572 3665 2647">
     <span class='ocr_line' id='line_1_71' title="bbox 2093 2572 3665 2647; baseline 0.004 -23"><span class='ocrx_word' id='word_1_548' title='bbox 2093 2572 2203 2642; x_wconf 73' lang='grc' dir='ltr'><strong>γὰρ</strong></span> <span class='ocrx_word' id='word_1_549' title='bbox 2233 2575 2291 2626; x_wconf 80' lang='grc' dir='ltr'>ὲν</span> <span class='ocrx_word' id='word_1_550' title='bbox 2318 2574 2430 2637; x_wconf 78' lang='grc' dir='ltr'>τοῖς</span> <span class='ocrx_word' id='word_1_551' title='bbox 2469 2574 2710 2645; x_wconf 82' lang='grc' dir='ltr'>λογικοῖς</span> <span class='ocrx_word' id='word_1_552' title='bbox 2737 2578 2893 2647; x_wconf 75' lang='grc' dir='ltr'>ἡμῖν,</span> <span class='ocrx_word' id='word_1_553' title='bbox 2928 2578 3184 2646; x_wconf 79' lang='grc' dir='ltr'>ἀγγέλοις</span> <span class='ocrx_word' id='word_1_554' title='bbox 3212 2594 3273 2632; x_wconf 83' lang='grc' dir='ltr'><strong>τε</strong></span> <span class='ocrx_word' id='word_1_555' title='bbox 3326 2579 3423 2632; x_wconf 77' lang='grc' dir='ltr'>καὶ</span> <span class='ocrx_word' id='word_1_556' title='bbox 3463 2577 3665 2647; x_wconf 78' lang='grc' dir='ltr'>ἀνθρώ-</span> 
     </span>
    </p>
   </div>
   <div class='ocr_carea' id='block_1_72' title="bbox 2096 2665 3664 2741">
    <p class='ocr_par' dir='ltr' id='par_1_72' title="bbox 2096 2665 3664 2741">
     <span class='ocr_line' id='line_1_72' title="bbox 2096 2665 3664 2741; baseline 0.003 -24"><span class='ocrx_word' id='word_1_557' title='bbox 2096 2681 2243 2729; x_wconf 88' lang='grc' dir='ltr'>ποις,</span> <span class='ocrx_word' id='word_1_558' title='bbox 2282 2665 2459 2733; x_wconf 85' lang='grc' dir='ltr'>Λόγος</span> <span class='ocrx_word' id='word_1_559' title='bbox 2490 2668 2609 2721; x_wconf 75' lang='grc' dir='ltr'>ὲστὶ</span> <span class='ocrx_word' id='word_1_560' title='bbox 2638 2670 2730 2720; x_wconf 69' lang='grc' dir='ltr'><strong>καὶ</strong></span> <span class='ocrx_word' id='word_1_561' title='bbox 2764 2668 3010 2739; x_wconf 82' lang='grc' dir='ltr'>Πνεῦμα,</span> <span class='ocrx_word' id='word_1_562' title='bbox 3049 2669 3167 2733; x_wconf 82' lang='grc' dir='ltr'><strong>πῶς</strong></span> <span class='ocrx_word' id='word_1_563' title='bbox 3213 2670 3316 2724; x_wconf 78' lang='grc' dir='ltr'><strong>οὐκ</strong></span> <span class='ocrx_word' id='word_1_564' title='bbox 3351 2673 3410 2725; x_wconf 78' lang='grc' dir='ltr'>ὲν</span> <span class='ocrx_word' id='word_1_565' title='bbox 3452 2670 3528 2741; x_wconf 89' lang='grc' dir='ltr'><strong>τῷ</strong></span> <span class='ocrx_word' id='word_1_566' title='bbox 3554 2670 3664 2740; x_wconf 84' lang='grc' dir='ltr'><strong>Θεῷ</strong></span> 
     </span>
    </p>
   </div>
   <div class='ocr_carea' id='block_1_73' title="bbox 2093 2754 3665 2830">
    <p class='ocr_par' dir='ltr' id='par_1_73' title="bbox 2093 2754 3665 2830">
     <span class='ocr_line' id='line_1_73' title="bbox 2093 2754 3665 2830; baseline 0.004 -23"><span class='ocrx_word' id='word_1_567' title='bbox 2093 2754 2203 2807; x_wconf 88' lang='grc' dir='ltr'><strong>τῶν</strong></span> <span class='ocrx_word' id='word_1_568' title='bbox 2234 2756 2395 2820; x_wconf 86' lang='grc' dir='ltr'>ὅλων,</span> <span class='ocrx_word' id='word_1_569' title='bbox 2452 2758 2545 2809; x_wconf 81' lang='grc' dir='ltr'><strong>καὶ</strong></span> <span class='ocrx_word' id='word_1_570' title='bbox 2573 2757 2683 2810; x_wconf 85' lang='grc' dir='ltr'><strong>τῶν</strong></span> <span class='ocrx_word' id='word_1_571' title='bbox 2718 2756 2956 2827; x_wconf 81' lang='grc' dir='ltr'>λογικῶν</span> <span class='ocrx_word' id='word_1_572' title='bbox 2991 2760 3253 2830; x_wconf 86' lang='grc' dir='ltr'>μάλιστα,</span> <span class='ocrx_word' id='word_1_573' title='bbox 3284 2763 3395 2815; x_wconf 91' lang='grc' dir='ltr'><strong>τῶν</strong></span> <span class='ocrx_word' id='word_1_574' title='bbox 3429 2761 3665 2815; x_wconf 80' lang='grc' dir='ltr'>ὁπωσοῦν</span> 
     </span>
    </p>
   </div>
   <div class='ocr_carea' id='block_1_74' title="bbox 2094 2846 3664 2922">
    <p class='ocr_par' dir='ltr' id='par_1_74' title="bbox 2094 2846 3664 2922">
     <span class='ocr_line' id='line_1_74' title="bbox 2094 2846 3664 2922; baseline 0.003 -24"><span class='ocrx_word' id='word_1_575' title='bbox 2094 2846 2568 2914; x_wconf 80' lang='grc' dir='ltr'>ὲπιγινωσκόντων</span> <span class='ocrx_word' id='word_1_576' title='bbox 2617 2849 2820 2916; x_wconf 60' lang='lat' dir='ltr'><strong>adadv;</strong></span> <span class='ocrx_word' id='word_1_577' title='bbox 2881 2850 3026 2920; x_wconf 86' lang='grc' dir='ltr'>Ὅρα</span> <span class='ocrx_word' id='word_1_578' title='bbox 3090 2851 3145 2904; x_wconf 67' lang='grc' dir='ltr'>δὲ</span> <span class='ocrx_word' id='word_1_579' title='bbox 3198 2853 3515 2922; x_wconf 81' lang='grc' dir='ltr'>παραδόξως</span> <span class='ocrx_word' id='word_1_580' title='bbox 3578 2853 3664 2904; x_wconf 78' lang='grc' dir='ltr'><strong>καὶ</strong></span> 
     </span>
    </p>
   </div>
   <div class='ocr_carea' id='block_1_75' title="bbox 2094 2935 3664 3011">
    <p class='ocr_par' dir='ltr' id='par_1_75' title="bbox 2094 2935 3664 3011">
     <span class='ocr_line' id='line_1_75' title="bbox 2094 2935 3664 3011; baseline 0.002 -21"><span class='ocrx_word' id='word_1_581' title='bbox 2094 2935 2254 2990; x_wconf 87' lang='grc' dir='ltr'>τοῦτο</span> <span class='ocrx_word' id='word_1_582' title='bbox 2280 2940 2698 3008; x_wconf 85' lang='grc' dir='ltr'>παραστατικὸν</span> <span class='ocrx_word' id='word_1_583' title='bbox 2739 2941 2982 3010; x_wconf 84' lang='grc' dir='ltr'>μάλιστα</span> <span class='ocrx_word' id='word_1_584' title='bbox 2999 2941 3102 3011; x_wconf 83' lang='grc' dir='ltr'>τῆς</span> <span class='ocrx_word' id='word_1_585' title='bbox 3129 2943 3389 3006; x_wconf 89' lang='grc' dir='ltr'>ἀσεϐείας</span> <span class='ocrx_word' id='word_1_586' title='bbox 3418 2943 3527 2997; x_wconf 87' lang='grc' dir='ltr'><strong>τῶν</strong></span> <span class='ocrx_word' id='word_1_587' title='bbox 3549 2942 3664 2995; x_wconf 83' lang='grc' dir='ltr'>ἀθε-</span> 
     </span>
    </p>
   </div>
   <div class='ocr_carea' id='block_1_76' title="bbox 2094 3028 3660 3107">
    <p class='ocr_par' dir='ltr' id='par_1_76' title="bbox 2094 3028 3660 3107">
     <span class='ocr_line' id='line_1_76' title="bbox 2094 3028 3660 3107; baseline 0.004 -26"><span class='ocrx_word' id='word_1_588' title='bbox 2094 3028 2333 3084; x_wconf 85' lang='grc' dir='ltr'>τούντων</span> <span class='ocrx_word' id='word_1_589' title='bbox 2363 3030 2456 3083; x_wconf 89' lang='grc' dir='ltr'><strong>τὸν</strong></span> <span class='ocrx_word' id='word_1_590' title='bbox 2484 3032 2580 3085; x_wconf 83' lang='grc' dir='ltr'><strong>τοῦ</strong></span> <span class='ocrx_word' id='word_1_591' title='bbox 2626 3032 2761 3086; x_wconf 86' lang='grc' dir='ltr'>Θεοῦ</span> <span class='ocrx_word' id='word_1_592' title='bbox 2795 3033 2969 3101; x_wconf 86' lang='grc' dir='ltr'>Λόγον</span> <span class='ocrx_word' id='word_1_593' title='bbox 3005 3034 3182 3088; x_wconf 76' lang='grc' dir='ltr'>καὶτὸ</span> <span class='ocrx_word' id='word_1_594' title='bbox 3210 3036 3462 3107; x_wconf 83' lang='grc' dir='ltr'>Πνεῦμα.</span> <span class='ocrx_word' id='word_1_595' title='bbox 3512 3036 3660 3103; x_wconf 84' lang='grc' dir='ltr'>Λόγῳ</span> 
     </span>
    </p>
   </div>
   <div class='ocr_carea' id='block_1_77' title="bbox 2093 3122 3662 3200">
    <p class='ocr_par' dir='ltr' id='par_1_77' title="bbox 2093 3122 3662 3200">
     <span class='ocr_line' id='line_1_77' title="bbox 2093 3122 3662 3200; baseline 0.001 -25"><span class='ocrx_word' id='word_1_596' title='bbox 2093 3122 2204 3193; x_wconf 84' lang='grc' dir='ltr'>γὰρ</span> <span class='ocrx_word' id='word_1_597' title='bbox 2260 3123 2375 3195; x_wconf 85' lang='grc' dir='ltr'>ίδίῳ</span> <span class='ocrx_word' id='word_1_598' title='bbox 2406 3125 2702 3194; x_wconf 84' lang='grc' dir='ltr'>πειρῶνται</span> <span class='ocrx_word' id='word_1_599' title='bbox 2733 3125 2791 3192; x_wconf 74' lang='grc' dir='ltr'><strong>ἑξ</strong></span> <span class='ocrx_word' id='word_1_600' title='bbox 2831 3126 3016 3180; x_wconf 78' lang='grc' dir='ltr'>αὐτῶν</span> <span class='ocrx_word' id='word_1_601' title='bbox 3062 3130 3371 3200; x_wconf 83' lang='grc' dir='ltr'>τικτομένῳ</span> <span class='ocrx_word' id='word_1_602' title='bbox 3424 3126 3520 3199; x_wconf 83' lang='grc' dir='ltr'>τὴν</span> <span class='ocrx_word' id='word_1_603' title='bbox 3572 3125 3662 3179; x_wconf 85' lang='grc' dir='ltr'><strong>τοῦ</strong></span> 
     </span>
    </p>
   </div>
   <div class='ocr_carea' id='block_1_78' title="bbox 2096 3214 3663 3292">
    <p class='ocr_par' dir='ltr' id='par_1_78' title="bbox 2096 3214 3663 3292">
     <span class='ocr_line' id='line_1_78' title="bbox 2096 3214 3663 3292; baseline 0.001 -23"><span class='ocrx_word' id='word_1_604' title='bbox 2096 3214 2233 3269; x_wconf 83' lang='grc' dir='ltr'>Θεοῦ</span> <span class='ocrx_word' id='word_1_605' title='bbox 2257 3216 2433 3285; x_wconf 87' lang='grc' dir='ltr'>Λόγου</span> <span class='ocrx_word' id='word_1_606' title='bbox 2453 3216 2548 3270; x_wconf 87' lang='grc' dir='ltr'><strong>τοῦ</strong></span> <span class='ocrx_word' id='word_1_607' title='bbox 2572 3216 2775 3281; x_wconf 76' lang='grc' dir='ltr'>ζῶντος</span> <span class='ocrx_word' id='word_1_608' title='bbox 2805 3219 2901 3271; x_wconf 77' lang='grc' dir='ltr'><strong>καὶ</strong></span> <span class='ocrx_word' id='word_1_609' title='bbox 2934 3218 3083 3282; x_wconf 77' lang='grc' dir='ltr'>ὄντος</span> <span class='ocrx_word' id='word_1_610' title='bbox 3116 3220 3175 3273; x_wconf 81' lang='grc' dir='ltr'>ἐν</span> <span class='ocrx_word' id='word_1_611' title='bbox 3199 3219 3280 3289; x_wconf 83' lang='grc' dir='ltr'><strong>τῷ</strong></span> <span class='ocrx_word' id='word_1_612' title='bbox 3319 3221 3493 3292; x_wconf 79' lang='grc' dir='ltr'>Πατρὶ</span> <span class='ocrx_word' id='word_1_613' title='bbox 3520 3221 3663 3272; x_wconf 84' lang='grc' dir='ltr'>ἀναι-</span> 
     </span>
    </p>
   </div>
   <div class='ocr_carea' id='block_1_79' title="bbox 2099 3306 3661 3383">
    <p class='ocr_par' dir='ltr' id='par_1_79' title="bbox 2099 3306 3661 3383">
     <span class='ocr_line' id='line_1_79' title="bbox 2099 3306 3661 3383; baseline 0.002 -23"><span class='ocrx_word' id='word_1_614' title='bbox 2099 3309 2214 3378; x_wconf 79' lang='grc' dir='ltr'>ρεῖν</span> <span class='ocrx_word' id='word_1_615' title='bbox 2238 3306 2418 3378; x_wconf 76' lang='grc' dir='ltr'>(φεῦῑ)</span> <span class='ocrx_word' id='word_1_616' title='bbox 2444 3309 2785 3380; x_wconf 85' lang='grc' dir='ltr'>προάναρχον</span> <span class='ocrx_word' id='word_1_617' title='bbox 2815 3310 3105 3381; x_wconf 74' lang='grc' dir='ltr'>γέννησενο</span> <span class='ocrx_word' id='word_1_618' title='bbox 3150 3312 3245 3365; x_wconf 69' lang='grc' dir='ltr'><strong>κα)⁵</strong></span> <span class='ocrx_word' id='word_1_619' title='bbox 3276 3313 3311 3383; x_wconf 75' lang='grc' dir='ltr'>ἡ</span> <span class='ocrx_word' id='word_1_620' title='bbox 3343 3312 3661 3382; x_wconf 82' lang='grc' dir='ltr'>δημιουργη-</span> 
     </span>
    </p>
   </div>
   <div class='ocr_carea' id='block_1_80' title="bbox 2094 3398 3660 3474">
    <p class='ocr_par' dir='ltr' id='par_1_80' title="bbox 2094 3398 3660 3474">
     <span class='ocr_line' id='line_1_80' title="bbox 2094 3398 3660 3474; baseline 0.002 -22"><span class='ocrx_word' id='word_1_621' title='bbox 2094 3398 2249 3452; x_wconf 80' lang='grc' dir='ltr'><strong>Θείσα</strong></span> <span class='ocrx_word' id='word_1_622' title='bbox 2274 3399 2461 3464; x_wconf 82' lang='grc' dir='ltr'>εἰκὼν,</span> <span class='ocrx_word' id='word_1_623' title='bbox 2486 3400 2547 3452; x_wconf 90' lang='grc' dir='ltr'><strong>τὸ</strong></span> <span class='ocrx_word' id='word_1_624' title='bbox 2572 3400 2934 3470; x_wconf 87' lang='grc' dir='ltr'>πρωτότυπον</span> <span class='ocrx_word' id='word_1_625' title='bbox 2958 3402 3154 3471; x_wconf 82' lang='grc' dir='ltr'>ἑαυτῆς</span> <span class='ocrx_word' id='word_1_626' title='bbox 3181 3404 3274 3455; x_wconf 81' lang='grc' dir='ltr'><strong>καὶ</strong></span> <span class='ocrx_word' id='word_1_627' title='bbox 3308 3405 3399 3458; x_wconf 87' lang='grc' dir='ltr'><strong>τὸν</strong></span> <span class='ocrx_word' id='word_1_628' title='bbox 3416 3405 3660 3474; x_wconf 81' lang='grc' dir='ltr'>δημιουρ-</span> 
     </span>
    </p>
   </div>
   <div class='ocr_carea' id='block_1_81' title="bbox 2094 3490 3658 3564">
    <p class='ocr_par' dir='ltr' id='par_1_81' title="bbox 2094 3490 3658 3564">
     <span class='ocr_line' id='line_1_81' title="bbox 2094 3490 3658 3564; baseline 0.002 -21"><span class='ocrx_word' id='word_1_629' title='bbox 2094 3490 2191 3560; x_wconf 93' lang='grc' dir='ltr'><strong>γὸν</strong></span> <span class='ocrx_word' id='word_1_630' title='bbox 2230 3491 2585 3563; x_wconf 80' lang='grc' dir='ltr'>μαρτυροῦσα</span> <span class='ocrx_word' id='word_1_631' title='bbox 2614 3494 2709 3548; x_wconf 74' lang='grc' dir='ltr'><strong>καὶ</strong></span> <span class='ocrx_word' id='word_1_632' title='bbox 2739 3494 2814 3564; x_wconf 79' lang='grc' dir='ltr'>μὴ</span> <span class='ocrx_word' id='word_1_633' title='bbox 2847 3493 3063 3560; x_wconf 86' lang='grc' dir='ltr'>νοοῦσα,</span> <span class='ocrx_word' id='word_1_634' title='bbox 3098 3495 3222 3547; x_wconf 83' lang='grc' dir='ltr'>κατ’</span> <span class='ocrx_word' id='word_1_635' title='bbox 3251 3495 3421 3548; x_wconf 81' lang='grc' dir='ltr'>αὑτοῦ</span> <span class='ocrx_word' id='word_1_636' title='bbox 3446 3497 3658 3564; x_wconf 78' lang='grc' dir='ltr'>φέρεται</span> 
     </span>
    </p>
   </div>
   <div class='ocr_carea' id='block_1_82' title="bbox 2095 3581 3660 3654">
    <p class='ocr_par' dir='ltr' id='par_1_82' title="bbox 2095 3581 3660 3654">
     <span class='ocr_line' id='line_1_82' title="bbox 2095 3581 3660 3654; baseline 0 -19"><span class='ocrx_word' id='word_1_637' title='bbox 2095 3581 2415 3647; x_wconf 79' lang='grc' dir='ltr'>ἀλογίστως.</span> <span class='ocrx_word' id='word_1_638' title='bbox 2438 3581 2551 3636; x_wconf 76' lang='grc' dir='ltr'><strong>Καὶ</strong></span> <span class='ocrx_word' id='word_1_639' title='bbox 2572 3584 2631 3634; x_wconf 91' lang='grc' dir='ltr'><strong>τὸ</strong></span> <span class='ocrx_word' id='word_1_640' title='bbox 2660 3584 2889 3653; x_wconf 83' lang='grc' dir='ltr'>κτίσμα,</span> <span class='ocrx_word' id='word_1_641' title='bbox 2905 3583 2996 3637; x_wconf 86' lang='grc' dir='ltr'><strong>τὸν</strong></span> <span class='ocrx_word' id='word_1_642' title='bbox 3010 3584 3252 3654; x_wconf 71' lang='grc' dir='ltr'>κτίστην</span> <span class='ocrx_word' id='word_1_643' title='bbox 3279 3585 3482 3651; x_wconf 84' lang='grc' dir='ltr'>ἀθετεῖ,</span> <span class='ocrx_word' id='word_1_644' title='bbox 3498 3584 3660 3639; x_wconf 77' lang='grc' dir='ltr'>καὶτὸ</span> 
     </span>
    </p>
   </div>
   <div class='ocr_carea' id='block_1_83' title="bbox 2096 3674 3657 3747">
    <p class='ocr_par' dir='ltr' id='par_1_83' title="bbox 2096 3674 3657 3747">
     <span class='ocr_line' id='line_1_83' title="bbox 2096 3674 3657 3747; baseline -0.001 -20"><span class='ocrx_word' id='word_1_645' title='bbox 2096 3676 2309 3745; x_wconf 84' lang='grc' dir='ltr'>ποίημα</span> <span class='ocrx_word' id='word_1_646' title='bbox 2328 3674 2420 3728; x_wconf 88' lang='grc' dir='ltr'><strong>τὸν</strong></span> <span class='ocrx_word' id='word_1_647' title='bbox 2439 3675 2590 3729; x_wconf 89' lang='grc' dir='ltr'>Θεόν.</span> <span class='ocrx_word' id='word_1_648' title='bbox 2618 3675 2782 3747; x_wconf 66' lang='grc'><strong>294</strong></span> <span class='ocrx_word' id='word_1_649' title='bbox 2813 3676 2874 3729; x_wconf 76' lang='lat' dir='ltr'><strong>Et</strong></span> <span class='ocrx_word' id='word_1_650' title='bbox 2895 3677 2951 3730; x_wconf 73' lang='grc' dir='ltr'>δὶ</span> <span class='ocrx_word' id='word_1_651' title='bbox 2979 3678 3074 3731; x_wconf 77' lang='grc' dir='ltr'>καὶ</span> <span class='ocrx_word' id='word_1_652' title='bbox 3103 3677 3180 3745; x_wconf 77' lang='grc' dir='ltr'>μὴ</span> <span class='ocrx_word' id='word_1_653' title='bbox 3200 3678 3560 3731; x_wconf 80' lang='grc' dir='ltr'>ἑνυπόστατον</span> <span class='ocrx_word' id='word_1_654' title='bbox 3576 3675 3657 3728; x_wconf 87' lang='grc' dir='ltr'><strong>τὸν</strong></span> 
     </span>
    </p>
   </div>
   <div class='ocr_carea' id='block_1_84' title="bbox 2094 3766 3661 3837">
    <p class='ocr_par' dir='ltr' id='par_1_84' title="bbox 2094 3766 3661 3837">
     <span class='ocr_line' id='line_1_84' title="bbox 2094 3766 3661 3837; baseline 0.009 -21"><span class='ocrx_word' id='word_1_655' title='bbox 2094 3766 2267 3837; x_wconf 90' lang='grc' dir='ltr'>Λόγον</span> <span class='ocrx_word' id='word_1_656' title='bbox 2294 3766 2390 3820; x_wconf 78' lang='grc' dir='ltr'><strong>καὶ</strong></span> <span class='ocrx_word' id='word_1_657' title='bbox 2426 3766 2489 3819; x_wconf 88' lang='grc' dir='ltr'><strong>τὸ</strong></span> <span class='ocrx_word' id='word_1_658' title='bbox 2528 3766 2753 3837; x_wconf 87' lang='grc' dir='ltr'>Πνεῦμα</span> <span class='ocrx_word' id='word_1_659' title='bbox 2781 3767 2931 3837; x_wconf 83' lang='grc' dir='ltr'>λέγει</span> <span class='ocrx_word' id='word_1_660' title='bbox 2971 3768 3276 3836; x_wconf 82' lang='grc' dir='ltr'>κεκτῆσθαι</span> <span class='ocrx_word' id='word_1_661' title='bbox 3308 3772 3400 3823; x_wconf 89' lang='grc' dir='ltr'><strong>τὸν</strong></span> <span class='ocrx_word' id='word_1_662' title='bbox 3423 3770 3569 3831; x_wconf 85' lang='grc' dir='ltr'>Θεὸν,</span> <span class='ocrx_word' id='word_1_663' title='bbox 3591 3767 3661 3829; x_wconf 76' lang='grc' dir='ltr'><strong>ὡς</strong></span> 
     </span>
    </p>
   </div>
   <div class='ocr_carea' id='block_1_85' title="bbox 2095 3858 3660 3931">
    <p class='ocr_par' dir='ltr' id='par_1_85' title="bbox 2095 3858 3660 3931">
     <span class='ocr_line' id='line_1_85' title="bbox 2095 3858 3660 3931; baseline -0.002 -18"><span class='ocrx_word' id='word_1_664' title='bbox 2095 3859 2188 3913; x_wconf 75' lang='grc' dir='ltr'><strong>καὶ</strong></span> <span class='ocrx_word' id='word_1_665' title='bbox 2213 3858 2284 3913; x_wconf 77' lang='grc' dir='ltr'><strong>τὰ</strong></span> <span class='ocrx_word' id='word_1_666' title='bbox 2309 3859 2506 3913; x_wconf 81' lang='grc' dir='ltr'>ἑαυτοῦ</span> <span class='ocrx_word' id='word_1_667' title='bbox 2536 3858 2847 3929; x_wconf 77' lang='grc' dir='ltr'>ἄνθρωπος,</span> <span class='ocrx_word' id='word_1_668' title='bbox 2882 3859 2978 3914; x_wconf 79' lang='grc' dir='ltr'><strong>καὶ</strong></span> <span class='ocrx_word' id='word_1_669' title='bbox 3006 3860 3150 3913; x_wconf 74' lang='grc' dir='ltr'>οὕτω</span> <span class='ocrx_word' id='word_1_670' title='bbox 3197 3860 3436 3931; x_wconf 87' lang='grc' dir='ltr'>μάλιστα</span> <span class='ocrx_word' id='word_1_671' title='bbox 3483 3860 3660 3912; x_wconf 86' lang='grc' dir='ltr'>δυσσε-</span> 
     </span>
    </p>
   </div>
   <div class='ocr_carea' id='block_1_86' title="bbox 2096 3948 3657 4022">
    <p class='ocr_par' dir='ltr' id='par_1_86' title="bbox 2096 3948 3657 4022">
     <span class='ocr_line' id='line_1_86' title="bbox 2096 3948 3657 4022; baseline -0.001 -20"><span class='ocrx_word' id='word_1_672' title='bbox 2096 3949 2203 4011; x_wconf 84' lang='grc' dir='ltr'>ϐεῖ,</span> <span class='ocrx_word' id='word_1_673' title='bbox 2233 3950 2333 4020; x_wconf 86' lang='grc' dir='ltr'>τῆς</span> <span class='ocrx_word' id='word_1_674' title='bbox 2368 3949 2537 4014; x_wconf 85' lang='grc' dir='ltr'>,θείας</span> <span class='ocrx_word' id='word_1_675' title='bbox 2571 3950 2957 4021; x_wconf 86' lang='grc' dir='ltr'>μαρτυρούσης</span> <span class='ocrx_word' id='word_1_676' title='bbox 2989 3951 3234 4022; x_wconf 82' lang='grc' dir='ltr'>Γραφῆς,</span> <span class='ocrx_word' id='word_1_677' title='bbox 3288 3954 3383 4007; x_wconf 89' lang='grc' dir='ltr'><strong>τοῦ</strong></span> <span class='ocrx_word' id='word_1_678' title='bbox 3417 3950 3549 4007; x_wconf 83' lang='grc' dir='ltr'>Θεοῦ</span> <span class='ocrx_word' id='word_1_679' title='bbox 3572 3948 3657 4002; x_wconf 83' lang='grc' dir='ltr'><strong>τὸν</strong></span> 
     </span>
    </p>
   </div>
   <div class='ocr_carea' id='block_1_87' title="bbox 2094 4040 3659 4114">
    <p class='ocr_par' dir='ltr' id='par_1_87' title="bbox 2094 4040 3659 4114">
     <span class='ocr_line' id='line_1_87' title="bbox 2094 4040 3659 4114; baseline -0.003 -19"><span class='ocrx_word' id='word_1_680' title='bbox 2094 4042 2268 4109; x_wconf 88' lang='grc' dir='ltr'>Λόγον</span> <span class='ocrx_word' id='word_1_681' title='bbox 2322 4042 2503 4104; x_wconf 77' lang='grc' dir='ltr'>ζῶντα</span> <span class='ocrx_word' id='word_1_682' title='bbox 2548 4041 2643 4094; x_wconf 86' lang='grc' dir='ltr'><strong>καὶ</strong></span> <span class='ocrx_word' id='word_1_683' title='bbox 2684 4042 2744 4095; x_wconf 89' lang='grc' dir='ltr'>ὲν</span> <span class='ocrx_word' id='word_1_684' title='bbox 2789 4041 2866 4111; x_wconf 85' lang='grc' dir='ltr'>τῷ</span> <span class='ocrx_word' id='word_1_685' title='bbox 2911 4043 3127 4113; x_wconf 77' lang='grc' dir='ltr'>ούρανῷ</span> <span class='ocrx_word' id='word_1_686' title='bbox 3178 4045 3520 4114; x_wconf 81' lang='grc' dir='ltr'>διαμένοντα,</span> <span class='ocrx_word' id='word_1_687' title='bbox 3572 4040 3659 4095; x_wconf 80' lang='grc' dir='ltr'><strong>καὶ</strong></span> 
     </span>
    </p>
   </div>
   <div class='ocr_carea' id='block_1_88' title="bbox 2092 4133 3658 4207">
    <p class='ocr_par' dir='ltr' id='par_1_88' title="bbox 2092 4133 3658 4207">
     <span class='ocr_line' id='line_1_88' title="bbox 2092 4133 3658 4207; baseline -0.001 -20"><span class='ocrx_word' id='word_1_688' title='bbox 2092 4133 2283 4188; x_wconf 85' lang='grc' dir='ltr'>τοῦτον</span> <span class='ocrx_word' id='word_1_689' title='bbox 2328 4134 2533 4201; x_wconf 79' lang='grc' dir='ltr'>Σοφίαν</span> <span class='ocrx_word' id='word_1_690' title='bbox 2573 4133 2774 4200; x_wconf 85' lang='grc' dir='ltr'>ζῶσαν,</span> <span class='ocrx_word' id='word_1_691' title='bbox 2812 4136 2906 4188; x_wconf 81' lang='grc' dir='ltr'><strong>καὶ</strong></span> <span class='ocrx_word' id='word_1_692' title='bbox 2933 4136 2992 4187; x_wconf 77' lang='grc' dir='ltr'>ἐν</span> <span class='ocrx_word' id='word_1_693' title='bbox 3041 4136 3180 4207; x_wconf 77' lang='grc' dir='ltr'>αὐτῇ</span> <span class='ocrx_word' id='word_1_694' title='bbox 3230 4137 3455 4207; x_wconf 83' lang='grc' dir='ltr'>Πνεῦμα</span> <span class='ocrx_word' id='word_1_695' title='bbox 3483 4134 3658 4202; x_wconf 78' lang='grc' dir='ltr'>νοερὸν</span> 
     </span>
    </p>
   </div>
   <div class='ocr_carea' id='block_1_89' title="bbox 2094 4224 3656 4296">
    <p class='ocr_par' dir='ltr' id='par_1_89' title="bbox 2094 4224 3656 4296">
     <span class='ocr_line' id='line_1_89' title="bbox 2094 4224 3656 4296; baseline -0.003 -15"><span class='ocrx_word' id='word_1_696' title='bbox 2094 4228 2190 4281; x_wconf 75' lang='grc' dir='ltr'><strong>καὶ</strong></span> <span class='ocrx_word' id='word_1_697' title='bbox 2232 4226 2392 4295; x_wconf 80' lang='grc' dir='ltr'>ἅγιον</span> <span class='ocrx_word' id='word_1_698' title='bbox 2439 4226 2670 4296; x_wconf 77' lang='grc' dir='ltr'>ἔχουσαν</span> <span class='ocrx_word' id='word_1_699' title='bbox 2696 4244 2711 4260; x_wconf 79' lang='grc' dir='ltr'><strong>ο</strong></span> <span class='ocrx_word' id='word_1_700' title='bbox 2746 4228 2841 4281; x_wconf 80' lang='grc' dir='ltr'><strong>καὶ</strong></span> <span class='ocrx_word' id='word_1_701' title='bbox 2888 4227 3152 4290; x_wconf 77' lang='grc' dir='ltr'>ζωοποιὸν</span> <span class='ocrx_word' id='word_1_702' title='bbox 3193 4229 3251 4283; x_wconf 80' lang='grc' dir='ltr'>δὲ</span> <span class='ocrx_word' id='word_1_703' title='bbox 3278 4233 3376 4283; x_wconf 84' lang='grc' dir='ltr'><strong>καὶ</strong></span> <span class='ocrx_word' id='word_1_704' title='bbox 3401 4229 3506 4294; x_wconf 81' lang='grc' dir='ltr'><strong>ζῶν</strong></span> <span class='ocrx_word' id='word_1_705' title='bbox 3536 4224 3656 4279; x_wconf 83' lang='grc' dir='ltr'>αὐτὸ</span> 
     </span>
    </p>
   </div>
   <div class='ocr_carea' id='block_1_90' title="bbox 2091 4320 3655 4395">
    <p class='ocr_par' dir='ltr' id='par_1_90' title="bbox 2091 4320 3655 4395">
     <span class='ocr_line' id='line_1_90' title="bbox 2091 4320 3655 4395; baseline -0.003 -18"><span class='ocrx_word' id='word_1_706' title='bbox 2091 4325 2154 4377; x_wconf 88' lang='grc' dir='ltr'><strong>τὸ</strong></span> <span class='ocrx_word' id='word_1_707' title='bbox 2191 4322 2287 4376; x_wconf 89' lang='grc' dir='ltr'><strong>τοῦ</strong></span> <span class='ocrx_word' id='word_1_708' title='bbox 2338 4323 2473 4377; x_wconf 86' lang='grc' dir='ltr'>Θεοῦ</span> <span class='ocrx_word' id='word_1_709' title='bbox 2522 4324 2791 4393; x_wconf 76' lang='grc' dir='ltr'>πανάγιον</span> <span class='ocrx_word' id='word_1_710' title='bbox 2843 4324 3088 4395; x_wconf 90' lang='grc' dir='ltr'>Πνεῦμα.</span> <span class='ocrx_word' id='word_1_711' title='bbox 3121 4326 3388 4379; x_wconf 85' lang='grc' dir='ltr'>Δυσσεϐετ</span> <span class='ocrx_word' id='word_1_712' title='bbox 3433 4320 3655 4378; x_wconf 81' lang='grc' dir='ltr'>τοίνυνὸ</span> 
     </span>
    </p>
   </div>
   <div class='ocr_carea' id='block_1_91' title="bbox 2092 4411 3656 4484">
    <p class='ocr_par' dir='ltr' id='par_1_91' title="bbox 2092 4411 3656 4484">
     <span class='ocr_line' id='line_1_91' title="bbox 2092 4411 3656 4484; baseline -0.005 -14"><span class='ocrx_word' id='word_1_713' title='bbox 2092 4416 2302 4470; x_wconf 85' lang='grc' dir='ltr'>ἀθετῶν</span> <span class='ocrx_word' id='word_1_714' title='bbox 2358 4417 2532 4471; x_wconf 68' lang='grc' dir='ltr'>ἀθέως</span> <span class='ocrx_word' id='word_1_715' title='bbox 2560 4417 2653 4470; x_wconf 90' lang='grc' dir='ltr'><strong>τὸν</strong></span> <span class='ocrx_word' id='word_1_716' title='bbox 2706 4416 2883 4481; x_wconf 81' lang='grc' dir='ltr'>ζῶντα</span> <span class='ocrx_word' id='word_1_717' title='bbox 2938 4418 3111 4484; x_wconf 70' lang='grc' dir='ltr'>Λόγον</span> <span class='ocrx_word' id='word_1_718' title='bbox 3164 4416 3257 4470; x_wconf 88' lang='grc' dir='ltr'><strong>τοῦ</strong></span> <span class='ocrx_word' id='word_1_719' title='bbox 3312 4415 3446 4471; x_wconf 84' lang='grc' dir='ltr'>Θεοῦ</span> <span class='ocrx_word' id='word_1_720' title='bbox 3487 4417 3575 4469; x_wconf 72' lang='grc' dir='ltr'><strong>καὶ</strong></span> <span class='ocrx_word' id='word_1_721' title='bbox 3601 4411 3656 4463; x_wconf 86' lang='grc' dir='ltr'><strong>τὸ</strong></span> 
     </span>
    </p>
   </div>
   <div class='ocr_carea' id='block_1_92' title="bbox 318 4491 1985 4580">
    <p class='ocr_par' dir='ltr' id='par_1_92' title="bbox 318 4491 1985 4566">
     <span class='ocr_line' id='line_1_92' title="bbox 318 4491 1985 4566; baseline -0.005 -12"><span class='ocrx_word' id='word_1_722' title='bbox 318 4548 325 4554; x_wconf 93' lang='grc'><strong>.</strong></span> <span class='ocrx_word' id='word_1_723' title='bbox 405 4512 503 4566; x_wconf 87' lang='lat' dir='ltr'><strong>per</strong></span> <span class='ocrx_word' id='word_1_724' title='bbox 529 4496 752 4566; x_wconf 85' lang='lat' dir='ltr'><strong>quidem</strong></span> <span class='ocrx_word' id='word_1_725' title='bbox 789 4496 1026 4551; x_wconf 83' lang='lat' dir='ltr'><strong>existens</strong></span> <span class='ocrx_word' id='word_1_726' title='bbox 1056 4495 1199 4551; x_wconf 91' lang='lat' dir='ltr'><strong>Deus</strong></span> <span class='ocrx_word' id='word_1_727' title='bbox 1225 4510 1442 4565; x_wconf 88' lang='lat' dir='ltr'><strong>semper</strong></span> <span class='ocrx_word' id='word_1_728' title='bbox 1465 4494 1825 4550; x_wconf 86' lang='lat' dir='ltr'><strong>exsistentem</strong></span> <span class='ocrx_word' id='word_1_729' title='bbox 1854 4491 1985 4549; x_wconf 91' lang='lat' dir='ltr'><strong>Ver-</strong></span> 
     </span>
    </p>
   </div>
   <div class='ocr_carea' id='block_1_93' title="bbox 2093 4491 3653 4580">
    <p class='ocr_par' dir='ltr' id='par_1_93' title="bbox 2094 4503 3653 4578">
     <span class='ocr_line' id='line_1_93' title="bbox 2094 4503 3653 4578; baseline -0.004 -18"><span class='ocrx_word' id='word_1_730' title='bbox 2094 4507 2341 4576; x_wconf 86' lang='grc' dir='ltr'>Πνεῦμα,</span> <span class='ocrx_word' id='word_1_731' title='bbox 2376 4506 2450 4578; x_wconf 79' lang='grc' dir='ltr'>μὴ</span> <span class='ocrx_word' id='word_1_732' title='bbox 2486 4506 2640 4569; x_wconf 73' lang='grc' dir='ltr'>εἰδὼς</span> <span class='ocrx_word' id='word_1_733' title='bbox 2667 4506 2748 4559; x_wconf 85' lang='grc' dir='ltr'>ὅτι</span> <span class='ocrx_word' id='word_1_734' title='bbox 2804 4507 3011 4576; x_wconf 80' lang='grc' dir='ltr'>κτίσμα</span> <span class='ocrx_word' id='word_1_735' title='bbox 3038 4505 3138 4570; x_wconf 82' lang='grc' dir='ltr'>ὢν,</span> <span class='ocrx_word' id='word_1_736' title='bbox 3174 4507 3223 4559; x_wconf 80' lang='grc' dir='ltr'><strong>εί</strong></span> <span class='ocrx_word' id='word_1_737' title='bbox 3251 4507 3355 4561; x_wconf 66' lang='grc' dir='ltr'><strong>καὶ</strong></span> <span class='ocrx_word' id='word_1_738' title='bbox 3390 4503 3653 4567; x_wconf 78' lang='grc' dir='ltr'>είκονίζων</span> 
     </span>
    </p>
   </div>
   <div class='ocr_carea' id='block_1_94' title="bbox 399 4584 1986 4657">
    <p class='ocr_par' dir='ltr' id='par_1_94' title="bbox 399 4584 1986 4657">
     <span class='ocr_line' id='line_1_94' title="bbox 399 4584 1986 4657; baseline -0.002 -15"><span class='ocrx_word' id='word_1_739' title='bbox 399 4589 533 4642; x_wconf 85' lang='lat' dir='ltr'><strong>hum</strong></span> <span class='ocrx_word' id='word_1_740' title='bbox 558 4587 937 4657; x_wconf 90' lang='lat' dir='ltr'><strong>Spiritumque</strong></span> <span class='ocrx_word' id='word_1_741' title='bbox 967 4593 1218 4641; x_wconf 91' lang='lat' dir='ltr'><strong>sanctum</strong></span> <span class='ocrx_word' id='word_1_742' title='bbox 1242 4588 1508 4642; x_wconf 88' lang='lat' dir='ltr'><strong>viventem</strong></span> <span class='ocrx_word' id='word_1_743' title='bbox 1537 4586 1719 4641; x_wconf 87' lang='lat' dir='ltr'><strong>habet.</strong></span> <span class='ocrx_word' id='word_1_744' title='bbox 1744 4584 1986 4656; x_wconf 86' lang='lat' dir='ltr'><strong>Angelus</strong></span> 
     </span>
    </p>
   </div>
   <div class='ocr_carea' id='block_1_95' title="bbox 400 4675 1982 4745">
    <p class='ocr_par' dir='ltr' id='par_1_95' title="bbox 400 4675 1982 4745">
     <span class='ocr_line' id='line_1_95' title="bbox 400 4675 1982 4745; baseline -0.003 -11"><span class='ocrx_word' id='word_1_745' title='bbox 400 4690 608 4745; x_wconf 87' lang='lat' dir='ltr'><strong>autem,</strong></span> <span class='ocrx_word' id='word_1_746' title='bbox 628 4680 793 4735; x_wconf 88' lang='lat' dir='ltr'><strong>homo</strong></span> <span class='ocrx_word' id='word_1_747' title='bbox 807 4680 1034 4744; x_wconf 87' lang='lat' dir='ltr'><strong>etiam,e</strong></span> <span class='ocrx_word' id='word_1_748' title='bbox 1057 4692 1165 4734; x_wconf 92' lang='lat' dir='ltr'><strong>non</strong></span> <span class='ocrx_word' id='word_1_749' title='bbox 1181 4679 1480 4735; x_wconf 83' lang='lat' dir='ltr'><strong>exsistente</strong></span> <span class='ocrx_word' id='word_1_750' title='bbox 1498 4677 1770 4732; x_wconf 84' lang='lat' dir='ltr'><strong>exsistens</strong></span> <span class='ocrx_word' id='word_1_751' title='bbox 1785 4675 1982 4741; x_wconf 84' lang='lat' dir='ltr'><strong>factus,</strong></span> 
     </span>
    </p>
   </div>
   <div class='ocr_carea' id='block_1_96' title="bbox 401 4766 1981 4841">
    <p class='ocr_par' dir='ltr' id='par_1_96' title="bbox 401 4766 1981 4841">
     <span class='ocr_line' id='line_1_96' title="bbox 401 4766 1981 4841; baseline -0.004 -15"><span class='ocrx_word' id='word_1_752' title='bbox 401 4787 511 4827; x_wconf 88' lang='lat' dir='ltr'><strong>non</strong></span> <span class='ocrx_word' id='word_1_753' title='bbox 543 4781 762 4841; x_wconf 84' lang='lat' dir='ltr'><strong>semper</strong></span> <span class='ocrx_word' id='word_1_754' title='bbox 799 4770 900 4825; x_wconf 91' lang='lat' dir='ltr'><strong>fuit</strong></span> <span class='ocrx_word' id='word_1_755' title='bbox 951 4780 1006 4826; x_wconf 92' lang='lat' dir='ltr'><strong>et</strong></span> <span class='ocrx_word' id='word_1_756' title='bbox 1058 4772 1335 4827; x_wconf 85' lang='lat' dir='ltr'><strong>mutabilis</strong></span> <span class='ocrx_word' id='word_1_757' title='bbox 1380 4778 1484 4831; x_wconf 84' lang='lat' dir='ltr'><strong>est,</strong></span> <span class='ocrx_word' id='word_1_758' title='bbox 1514 4781 1569 4824; x_wconf 91' lang='lat' dir='ltr'><strong>et</strong></span> <span class='ocrx_word' id='word_1_759' title='bbox 1602 4766 1842 4822; x_wconf 86' lang='lat' dir='ltr'><strong>Verbum</strong></span> <span class='ocrx_word' id='word_1_760' title='bbox 1872 4781 1981 4821; x_wconf 89' lang='lat' dir='ltr'><strong>non</strong></span> 
     </span>
    </p>
   </div>
   <div class='ocr_carea' id='block_1_97' title="bbox 399 4860 1986 4934">
    <p class='ocr_par' dir='ltr' id='par_1_97' title="bbox 399 4860 1986 4934">
     <span class='ocr_line' id='line_1_97' title="bbox 399 4860 1986 4934; baseline -0.004 -15"><span class='ocrx_word' id='word_1_761' title='bbox 399 4880 497 4934; x_wconf 88' lang='lat' dir='ltr'><strong>per</strong></span> <span class='ocrx_word' id='word_1_762' title='bbox 529 4880 589 4921; x_wconf 82' lang='lat' dir='ltr'><strong>se.</strong></span> <span class='ocrx_word' id='word_1_763' title='bbox 616 4865 990 4930; x_wconf 79' lang='lat' dir='ltr'><strong>exsisteutem,</strong></span> <span class='ocrx_word' id='word_1_764' title='bbox 1048 4864 1140 4919; x_wconf 87' lang='lat' dir='ltr'><strong>sed</strong></span> <span class='ocrx_word' id='word_1_765' title='bbox 1176 4866 1401 4919; x_wconf 90' lang='lat' dir='ltr'><strong>omnino</strong></span> <span class='ocrx_word' id='word_1_766' title='bbox 1427 4863 1593 4926; x_wconf 86' lang='lat' dir='ltr'><strong>alium</strong></span> <span class='ocrx_word' id='word_1_767' title='bbox 1633 4860 1816 4917; x_wconf 87' lang='lat' dir='ltr'><strong>habet.</strong></span> <span class='ocrx_word' id='word_1_768' title='bbox 1852 4860 1986 4913; x_wconf 86' lang='lat' dir='ltr'><strong>Pro-</strong></span> 
     </span>
    </p>
   </div>
   <div class='ocr_carea' id='block_1_98' title="bbox 398 4955 1984 5028">
    <p class='ocr_par' dir='ltr' id='par_1_98' title="bbox 398 4955 1984 5028">
     <span class='ocr_line' id='line_1_98' title="bbox 398 4955 1984 5028; baseline -0.005 -17"><span class='ocrx_word' id='word_1_769' title='bbox 398 4966 587 5026; x_wconf 84' lang='lat' dir='ltr'><strong>pterea</strong></span> <span class='ocrx_word' id='word_1_770' title='bbox 632 4955 792 5011; x_wconf 86' lang='lat' dir='ltr'><strong>Pater</strong></span> <span class='ocrx_word' id='word_1_771' title='bbox 828 4956 989 5012; x_wconf 90' lang='lat' dir='ltr'><strong>solus</strong></span> <span class='ocrx_word' id='word_1_772' title='bbox 1039 4971 1203 5012; x_wconf 86' lang='lat' dir='ltr'><strong>verus</strong></span> <span class='ocrx_word' id='word_1_773' title='bbox 1251 4957 1413 5028; x_wconf 73' lang='lat' dir='ltr'><strong>Deus,</strong></span> <span class='ocrx_word' id='word_1_774' title='bbox 1453 4962 1714 5022; x_wconf 87' lang='lat' dir='ltr'><strong>tanquam</strong></span> <span class='ocrx_word' id='word_1_775' title='bbox 1767 4964 1984 5020; x_wconf 85' lang='lat' dir='ltr'><strong>semper</strong></span> 
     </span>
    </p>
   </div>
   <div class='ocr_carea' id='block_1_99' title="bbox 400 5036 1982 5112">
    <p class='ocr_par' dir='ltr' id='par_1_99' title="bbox 400 5036 1982 5112">
     <span class='ocr_line' id='line_1_99' title="bbox 400 5036 1982 5112; baseline -0.005 -12"><span class='ocrx_word' id='word_1_776' title='bbox 400 5046 677 5102; x_wconf 76' lang='lat' dir='ltr'><strong>exsistens</strong></span> <span class='ocrx_word' id='word_1_777' title='bbox 706 5045 887 5112; x_wconf 84' lang='lat' dir='ltr'><strong>Pater,</strong></span> <span class='ocrx_word' id='word_1_778' title='bbox 918 5043 1080 5100; x_wconf 86' lang='lat' dir='ltr'><strong>Pater</strong></span> <span class='ocrx_word' id='word_1_779' title='bbox 1113 5060 1219 5099; x_wconf 90' lang='lat' dir='ltr'><strong>non</strong></span> <span class='ocrx_word' id='word_1_780' title='bbox 1248 5051 1495 5098; x_wconf 89' lang='lat' dir='ltr'><strong>nostrum</strong></span> <span class='ocrx_word' id='word_1_781' title='bbox 1514 5042 1605 5111; x_wconf 83' lang='lat' dir='ltr'><strong>qui</strong></span> <span class='ocrx_word' id='word_1_782' title='bbox 1642 5048 1827 5109; x_wconf 90' lang='lat' dir='ltr'><strong>postea</strong></span> <span class='ocrx_word' id='word_1_783' title='bbox 1854 5036 1982 5092; x_wconf 87' lang='lat' dir='ltr'><strong>facti</strong></span> 
     </span>
    </p>
   </div>
   <div class='ocr_carea' id='block_1_100' title="bbox 398 5132 1980 5208">
    <p class='ocr_par' dir='ltr' id='par_1_100' title="bbox 398 5132 1980 5208">
     <span class='ocr_line' id='line_1_100' title="bbox 398 5132 1980 5208; baseline -0.004 -15"><span class='ocrx_word' id='word_1_784' title='bbox 398 5154 595 5194; x_wconf 87' lang='lat' dir='ltr'><strong>sumus</strong></span> <span class='ocrx_word' id='word_1_785' title='bbox 617 5180 634 5206; x_wconf 95' lang='lat'><strong>,</strong></span> <span class='ocrx_word' id='word_1_786' title='bbox 667 5139 771 5193; x_wconf 91' lang='lat' dir='ltr'><strong>erit</strong></span> <span class='ocrx_word' id='word_1_787' title='bbox 802 5136 1099 5208; x_wconf 88' lang='lat' dir='ltr'><strong>aliquando</strong></span> <span class='ocrx_word' id='word_1_788' title='bbox 1130 5136 1308 5191; x_wconf 87' lang='lat' dir='ltr'><strong>factus</strong></span> <span class='ocrx_word' id='word_1_789' title='bbox 1334 5132 1513 5189; x_wconf 88' lang='lat' dir='ltr'><strong>Pater.</strong></span> <span class='ocrx_word' id='word_1_790' title='bbox 1541 5132 1598 5187; x_wconf 89' lang='lat' dir='ltr'><strong>Si</strong></span> <span class='ocrx_word' id='word_1_791' title='bbox 1629 5133 1849 5202; x_wconf 92' lang='lat' dir='ltr'><strong>quando</strong></span> <span class='ocrx_word' id='word_1_792' title='bbox 1880 5147 1980 5186; x_wconf 87' lang='lat' dir='ltr'><strong>au-</strong></span> 
     </span>
    </p>
   </div>
   <div class='ocr_carea' id='block_1_101' title="bbox 398 5225 1977 5296">
    <p class='ocr_par' dir='ltr' id='par_1_101' title="bbox 398 5225 1977 5296">
     <span class='ocr_line' id='line_1_101' title="bbox 398 5225 1977 5296; baseline -0.003 -12"><span class='ocrx_word' id='word_1_793' title='bbox 398 5239 509 5287; x_wconf 91' lang='lat' dir='ltr'><strong>tem</strong></span> <span class='ocrx_word' id='word_1_794' title='bbox 555 5241 740 5286; x_wconf 89' lang='lat' dir='ltr'><strong>noster</strong></span> <span class='ocrx_word' id='word_1_795' title='bbox 792 5231 1015 5296; x_wconf 88' lang='lat' dir='ltr'><strong>dicitur,</strong></span> <span class='ocrx_word' id='word_1_796' title='bbox 1069 5228 1369 5284; x_wconf 89' lang='lat' dir='ltr'><strong>secundum</strong></span> <span class='ocrx_word' id='word_1_797' title='bbox 1396 5227 1653 5296; x_wconf 89' lang='lat' dir='ltr'><strong>gratiam,</strong></span> <span class='ocrx_word' id='word_1_798' title='bbox 1697 5225 1823 5296; x_wconf 87' lang='lat' dir='ltr'><strong>quia</strong></span> <span class='ocrx_word' id='word_1_799' title='bbox 1872 5239 1977 5280; x_wconf 83' lang='lat' dir='ltr'><strong>nos</strong></span> 
     </span>
    </p>
   </div>
   <div class='ocr_carea' id='block_1_102' title="bbox 397 5317 1980 5390">
    <p class='ocr_par' dir='ltr' id='par_1_102' title="bbox 397 5317 1980 5390">
     <span class='ocr_line' id='line_1_102' title="bbox 397 5317 1980 5390; baseline -0.003 -12"><span class='ocrx_word' id='word_1_800' title='bbox 397 5323 663 5390; x_wconf 80' lang='lat' dir='ltr'><strong>condidit,</strong></span> <span class='ocrx_word' id='word_1_801' title='bbox 683 5338 791 5377; x_wconf 90' lang='lat' dir='ltr'><strong>non</strong></span> <span class='ocrx_word' id='word_1_802' title='bbox 811 5323 1117 5378; x_wconf 82' lang='lat' dir='ltr'><strong>secundum</strong></span> <span class='ocrx_word' id='word_1_803' title='bbox 1147 5329 1398 5374; x_wconf 88' lang='lat' dir='ltr'><strong>naturam</strong></span> <span class='ocrx_word' id='word_1_804' title='bbox 1424 5334 1441 5387; x_wconf 85' lang='lat'><strong>;</strong></span> <span class='ocrx_word' id='word_1_805' title='bbox 1466 5319 1511 5373; x_wconf 90' lang='lat' dir='ltr'><strong>si</strong></span> <span class='ocrx_word' id='word_1_806' title='bbox 1541 5318 1683 5373; x_wconf 91' lang='lat' dir='ltr'><strong>enim</strong></span> <span class='ocrx_word' id='word_1_807' title='bbox 1719 5317 1844 5384; x_wconf 80' lang='lat' dir='ltr'><strong>hoc,</strong></span> <span class='ocrx_word' id='word_1_808' title='bbox 1878 5318 1980 5373; x_wconf 75' lang='lat' dir='ltr'><strong>im-</strong></span> 
     </span>
    </p>
   </div>
   <div class='ocr_carea' id='block_1_103' title="bbox 396 5411 1979 5485">
    <p class='ocr_par' dir='ltr' id='par_1_103' title="bbox 396 5411 1979 5485">
     <span class='ocr_line' id='line_1_103' title="bbox 396 5411 1979 5485; baseline -0.003 -15"><span class='ocrx_word' id='word_1_809' title='bbox 396 5415 695 5485; x_wconf 85' lang='lat' dir='ltr'><strong>perfectus.</strong></span> <span class='ocrx_word' id='word_1_810' title='bbox 725 5414 843 5470; x_wconf 82' lang='lat' dir='ltr'><strong>Non</strong></span> <span class='ocrx_word' id='word_1_811' title='bbox 876 5428 941 5468; x_wconf 73' lang='lat' dir='ltr'><strong>ex</strong></span> <span class='ocrx_word' id='word_1_812' title='bbox 971 5414 1090 5481; x_wconf 90' lang='lat' dir='ltr'><strong>ipso</strong></span> <span class='ocrx_word' id='word_1_813' title='bbox 1118 5426 1219 5467; x_wconf 91' lang='lat' dir='ltr'><strong>nos</strong></span> <span class='ocrx_word' id='word_1_814' title='bbox 1250 5411 1549 5465; x_wconf 87' lang='lat' dir='ltr'><strong>secundum</strong></span> <span class='ocrx_word' id='word_1_815' title='bbox 1578 5418 1852 5477; x_wconf 88' lang='lat' dir='ltr'><strong>naturam,</strong></span> <span class='ocrx_word' id='word_1_816' title='bbox 1883 5411 1979 5466; x_wconf 91' lang='lat' dir='ltr'><strong>scd</strong></span> 
     </span>
    </p>
   </div>
   <div class='ocr_carea' id='block_1_104' title="bbox 400 5500 1978 5572">
    <p class='ocr_par' dir='ltr' id='par_1_104' title="bbox 400 5500 1978 5572">
     <span class='ocr_line' id='line_1_104' title="bbox 400 5500 1978 5572; baseline 0 -13"><span class='ocrx_word' id='word_1_817' title='bbox 400 5522 432 5559; x_wconf 89' lang='lat' dir='ltr'><strong>e</strong></span> <span class='ocrx_word' id='word_1_818' title='bbox 459 5520 569 5559; x_wconf 91' lang='lat' dir='ltr'><strong>non</strong></span> <span class='ocrx_word' id='word_1_819' title='bbox 596 5503 988 5561; x_wconf 81' lang='lat' dir='ltr'><strong>exsistentibus</strong></span> <span class='ocrx_word' id='word_1_820' title='bbox 1022 5502 1151 5556; x_wconf 89' lang='lat' dir='ltr'><strong>facti</strong></span> <span class='ocrx_word' id='word_1_821' title='bbox 1176 5516 1386 5557; x_wconf 89' lang='lat' dir='ltr'><strong>sumus.</strong></span> <span class='ocrx_word' id='word_1_822' title='bbox 1406 5500 1536 5557; x_wconf 86' lang='lat' dir='ltr'><strong>inde</strong></span> <span class='ocrx_word' id='word_1_823' title='bbox 1559 5517 1679 5556; x_wconf 91' lang='lat' dir='ltr'><strong>cum</strong></span> <span class='ocrx_word' id='word_1_824' title='bbox 1707 5503 1978 5572; x_wconf 84' lang='lat' dir='ltr'><strong>perfectus</strong></span> 
     </span>
    </p>
   </div>
   <div class='ocr_carea' id='block_1_105' title="bbox 404 5596 1977 5663">
    <p class='ocr_par' dir='ltr' id='par_1_105' title="bbox 404 5596 1977 5663">
     <span class='ocr_line' id='line_1_105' title="bbox 404 5596 1977 5663; baseline -0.001 -14"><span class='ocrx_word' id='word_1_825' title='bbox 404 5597 476 5649; x_wconf 83' lang='lat' dir='ltr'><strong>sit</strong></span> <span class='ocrx_word' id='word_1_826' title='bbox 509 5596 675 5661; x_wconf 89' lang='lat' dir='ltr'><strong>Deus,</strong></span> <span class='ocrx_word' id='word_1_827' title='bbox 709 5596 871 5650; x_wconf 86' lang='lat' dir='ltr'><strong>Pater</strong></span> <span class='ocrx_word' id='word_1_828' title='bbox 905 5609 1122 5663; x_wconf 89' lang='lat' dir='ltr'><strong>semper</strong></span> <span class='ocrx_word' id='word_1_829' title='bbox 1153 5602 1238 5649; x_wconf 91' lang='lat' dir='ltr'><strong>est</strong></span> <span class='ocrx_word' id='word_1_830' title='bbox 1270 5609 1376 5648; x_wconf 84' lang='lat' dir='ltr'><strong>una</strong></span> <span class='ocrx_word' id='word_1_831' title='bbox 1407 5609 1531 5648; x_wconf 90' lang='lat' dir='ltr'><strong>cum</strong></span> <span class='ocrx_word' id='word_1_832' title='bbox 1559 5609 1624 5649; x_wconf 92' lang='lat' dir='ltr'><strong>eo</strong></span> <span class='ocrx_word' id='word_1_833' title='bbox 1649 5604 1900 5649; x_wconf 86' lang='lat' dir='ltr'><strong>naturam</strong></span> <span class='ocrx_word' id='word_1_834' title='bbox 1927 5603 1977 5650; x_wconf 86' lang='lat' dir='ltr'><strong>et</strong></span> 
     </span>
    </p>
   </div>
   <div class='ocr_carea' id='block_1_106' title="bbox 401 5685 1974 5755">
    <p class='ocr_par' dir='ltr' id='par_1_106' title="bbox 401 5685 1974 5755">
     <span class='ocr_line' id='line_1_106' title="bbox 401 5685 1974 5755; baseline -0.001 -13"><span class='ocrx_word' id='word_1_835' title='bbox 401 5687 789 5742; x_wconf 77' lang='lat' dir='ltr'><strong>exsistentiam</strong></span> <span class='ocrx_word' id='word_1_836' title='bbox 821 5686 1027 5755; x_wconf 88' lang='lat' dir='ltr'><strong>absque</strong></span> <span class='ocrx_word' id='word_1_837' title='bbox 1066 5685 1335 5755; x_wconf 90' lang='lat' dir='ltr'><strong>principio</strong></span> <span class='ocrx_word' id='word_1_838' title='bbox 1357 5686 1679 5743; x_wconf 85' lang='lat' dir='ltr'><strong>habentibus</strong></span> <span class='ocrx_word' id='word_1_839' title='bbox 1706 5686 1886 5741; x_wconf 80' lang='lat' dir='ltr'><strong>Verbo</strong></span> <span class='ocrx_word' id='word_1_840' title='bbox 1926 5695 1974 5741; x_wconf 91' lang='lat' dir='ltr'><strong>et</strong></span> 
     </span>
    </p>
   </div>
   <div class='ocr_carea' id='block_1_107' title="bbox 402 5776 1973 5850">
    <p class='ocr_par' dir='ltr' id='par_1_107' title="bbox 402 5776 1973 5850">
     <span class='ocr_line' id='line_1_107' title="bbox 402 5776 1973 5850; baseline 0 -18"><span class='ocrx_word' id='word_1_841' title='bbox 402 5776 717 5835; x_wconf 76' lang='lat' dir='ltr'><strong>viviﬁcante</strong></span> <span class='ocrx_word' id='word_1_842' title='bbox 777 5777 1006 5848; x_wconf 88' lang='lat' dir='ltr'><strong>Spiritu.</strong></span> <span class='ocrx_word' id='word_1_843' title='bbox 1037 5776 1255 5848; x_wconf 87' lang='lat' dir='ltr'><strong>Optime</strong></span> <span class='ocrx_word' id='word_1_844' title='bbox 1300 5777 1465 5850; x_wconf 84' lang='lat' dir='ltr'><strong>igitur</strong></span> <span class='ocrx_word' id='word_1_845' title='bbox 1509 5778 1641 5835; x_wconf 85' lang='lat' dir='ltr'><strong>dicit</strong></span> <span class='ocrx_word' id='word_1_846' title='bbox 1684 5777 1973 5833; x_wconf 83' lang='lat' dir='ltr'><strong>Ecclesia:</strong></span> 
     </span>
    </p>
   </div>
   <div class='ocr_carea' id='block_1_108' title="bbox 2091 4599 3651 4669">
    <p class='ocr_par' dir='ltr' id='par_1_108' title="bbox 2091 4599 3651 4669">
     <span class='ocr_line' id='line_1_108' title="bbox 2091 4599 3651 4669; baseline -0.008 -14"><span class='ocrx_word' id='word_1_847' title='bbox 2091 4602 2207 4655; x_wconf 73' lang='grc' dir='ltr'>ἐστὶ</span> <span class='ocrx_word' id='word_1_848' title='bbox 2234 4602 2375 4654; x_wconf 87' lang='grc' dir='ltr'>κατά</span> <span class='ocrx_word' id='word_1_849' title='bbox 2406 4618 2458 4654; x_wconf 88' lang='grc' dir='ltr'><strong>τι</strong></span> <span class='ocrx_word' id='word_1_850' title='bbox 2513 4600 2605 4653; x_wconf 88' lang='grc' dir='ltr'><strong>τὸν</strong></span> <span class='ocrx_word' id='word_1_851' title='bbox 2634 4602 2934 4667; x_wconf 72' lang='grc' dir='ltr'>κτίσαντα,</span> <span class='ocrx_word' id='word_1_852' title='bbox 2970 4601 3118 4669; x_wconf 87' lang='grc' dir='ltr'>ὅμως</span> <span class='ocrx_word' id='word_1_853' title='bbox 3158 4600 3256 4653; x_wconf 68' lang='grc' dir='ltr'><strong>καὶ</strong></span> <span class='ocrx_word' id='word_1_854' title='bbox 3286 4599 3417 4654; x_wconf 88' lang='grc' dir='ltr'>αὐτὸ</span> <span class='ocrx_word' id='word_1_855' title='bbox 3442 4599 3527 4651; x_wconf 87' lang='grc' dir='ltr'>ὃτι</span> <span class='ocrx_word' id='word_1_856' title='bbox 3555 4607 3651 4661; x_wconf 90' lang='grc' dir='ltr'><strong>περ</strong></span> 
     </span>
    </p>
   </div>
   <div class='ocr_carea' id='block_1_109' title="bbox 2090 4685 3651 4764">
    <p class='ocr_par' dir='ltr' id='par_1_109' title="bbox 2090 4685 3651 4764">
     <span class='ocr_line' id='line_1_109' title="bbox 2090 4685 3651 4764; baseline -0.008 -17"><span class='ocrx_word' id='word_1_857' title='bbox 2090 4696 2148 4749; x_wconf 70' lang='grc' dir='ltr'>ὲν</span> <span class='ocrx_word' id='word_1_858' title='bbox 2183 4694 2362 4764; x_wconf 79' lang='grc' dir='ltr'>ἑαυτῷ</span> <span class='ocrx_word' id='word_1_859' title='bbox 2414 4693 2700 4763; x_wconf 84' lang='grc' dir='ltr'>κέκτηται,</span> <span class='ocrx_word' id='word_1_860' title='bbox 2760 4692 3125 4764; x_wconf 78' lang='grc' dir='ltr'>σκιαγραφίᾳ,</span> <span class='ocrx_word' id='word_1_861' title='bbox 3167 4692 3263 4746; x_wconf 71' lang='grc' dir='ltr'><strong>καὶ</strong></span> <span class='ocrx_word' id='word_1_862' title='bbox 3293 4691 3394 4745; x_wconf 82' lang='grc' dir='ltr'><strong>οὐκ</strong></span> <span class='ocrx_word' id='word_1_863' title='bbox 3434 4685 3651 4757; x_wconf 79' lang='grc' dir='ltr'>ἀληθείᾳ</span> 
     </span>
    </p>
   </div>
   <div class='ocr_carea' id='block_1_110' title="bbox 2092 4779 3650 4855">
    <p class='ocr_par' dir='ltr' id='par_1_110' title="bbox 2092 4779 3650 4855">
     <span class='ocr_line' id='line_1_110' title="bbox 2092 4779 3650 4855; baseline -0.005 -18"><span class='ocrx_word' id='word_1_864' title='bbox 2092 4784 2332 4842; x_wconf 81' lang='grc' dir='ltr'>πλουτεῖ.</span> <span class='ocrx_word' id='word_1_865' title='bbox 2373 4785 2432 4837; x_wconf 86' lang='grc'><strong>’0</strong></span> <span class='ocrx_word' id='word_1_866' title='bbox 2471 4784 2573 4855; x_wconf 79' lang='grc' dir='ltr'>μὲν</span> <span class='ocrx_word' id='word_1_867' title='bbox 2601 4785 2711 4854; x_wconf 84' lang='grc' dir='ltr'>γὰρ</span> <span class='ocrx_word' id='word_1_868' title='bbox 2745 4784 2879 4845; x_wconf 84' lang='grc' dir='ltr'>Θεὸς</span> <span class='ocrx_word' id='word_1_869' title='bbox 2903 4785 2990 4837; x_wconf 77' lang='grc' dir='ltr'>ἀεὶ</span> <span class='ocrx_word' id='word_1_870' title='bbox 3021 4783 3099 4838; x_wconf 82' lang='grc' dir='ltr'><strong>ῶν</strong></span> <span class='ocrx_word' id='word_1_871' title='bbox 3130 4785 3267 4851; x_wconf 74' lang='grc' dir='ltr'>ἐστι,</span> <span class='ocrx_word' id='word_1_872' title='bbox 3300 4784 3395 4837; x_wconf 71' lang='grc' dir='ltr'><strong>καὶ</strong></span> <span class='ocrx_word' id='word_1_873' title='bbox 3425 4782 3509 4835; x_wconf 69' lang='grc' dir='ltr'><strong>ἀεὶ</strong></span> <span class='ocrx_word' id='word_1_874' title='bbox 3529 4779 3650 4831; x_wconf 75' lang='grc' dir='ltr'>ὄντα</span> 
     </span>
    </p>
   </div>
   <div class='ocr_carea' id='block_1_111' title="bbox 2089 4872 3757 4957">
    <p class='ocr_par' dir='ltr' id='par_1_111' title="bbox 2089 4872 3757 4957">
     <span class='ocr_line' id='line_1_111' title="bbox 2089 4872 3757 4957; baseline 0.008 -28"><span class='ocrx_word' id='word_1_875' title='bbox 2089 4876 2180 4929; x_wconf 86' lang='grc' dir='ltr'><strong>τὸν</strong></span> <span class='ocrx_word' id='word_1_876' title='bbox 2208 4878 2378 4945; x_wconf 89' lang='grc' dir='ltr'>Λόγον</span> <span class='ocrx_word' id='word_1_877' title='bbox 2405 4877 2539 4947; x_wconf 75' lang='grc' dir='ltr'>ἔχει,</span> <span class='ocrx_word' id='word_1_878' title='bbox 2576 4879 2669 4930; x_wconf 71' lang='grc' dir='ltr'><strong>καὶ</strong></span> <span class='ocrx_word' id='word_1_879' title='bbox 2700 4877 2762 4930; x_wconf 88' lang='grc' dir='ltr'><strong>τὸ</strong></span> <span class='ocrx_word' id='word_1_880' title='bbox 2793 4877 2903 4940; x_wconf 77' lang='grc' dir='ltr'>ζῶν</span> <span class='ocrx_word' id='word_1_881' title='bbox 2928 4877 3153 4948; x_wconf 87' lang='grc' dir='ltr'>Πνεῦμα</span> <span class='ocrx_word' id='word_1_882' title='bbox 3183 4876 3245 4930; x_wconf 83' lang='grc' dir='ltr'><strong>τὸ</strong></span> <span class='ocrx_word' id='word_1_883' title='bbox 3276 4877 3463 4945; x_wconf 84' lang='grc' dir='ltr'>ἆγιον⁶</span> <span class='ocrx_word' id='word_1_884' title='bbox 3492 4872 3649 4939; x_wconf 66' lang='grc' dir='ltr'>ἅγιε·</span> <span class='ocrx_word' id='word_1_885' title='bbox 3750 4951 3757 4957; x_wconf 14' lang='grc' dir='ltr'><strong>γ</strong></span> 
     </span>
    </p>
   </div>
   <div class='ocr_carea' id='block_1_112' title="bbox 2089 4965 3647 5039">
    <p class='ocr_par' dir='ltr' id='par_1_112' title="bbox 2089 4965 3647 5039">
     <span class='ocr_line' id='line_1_112' title="bbox 2089 4965 3647 5039; baseline -0.001 -18"><span class='ocrx_word' id='word_1_886' title='bbox 2089 4978 2178 5033; x_wconf 73' lang='grc' dir='ltr'><strong>λος</strong></span> <span class='ocrx_word' id='word_1_887' title='bbox 2212 4969 2268 5023; x_wconf 81' lang='grc' dir='ltr'>δέ</span> <span class='ocrx_word' id='word_1_888' title='bbox 2298 4987 2361 5038; x_wconf 83' lang='grc' dir='ltr'><strong>γε</strong></span> <span class='ocrx_word' id='word_1_889' title='bbox 2411 4972 2507 5023; x_wconf 75' lang='grc' dir='ltr'><strong>καὶ</strong></span> <span class='ocrx_word' id='word_1_890' title='bbox 2556 4970 2839 5038; x_wconf 79' lang='grc' dir='ltr'>ἄνθρωπος</span> <span class='ocrx_word' id='word_1_891' title='bbox 2876 4971 2939 5023; x_wconf 84' lang='grc' dir='ltr'><strong>ὲκ</strong></span> <span class='ocrx_word' id='word_1_892' title='bbox 2959 4968 3053 5021; x_wconf 90' lang='grc' dir='ltr'><strong>τοῦ</strong></span> <span class='ocrx_word' id='word_1_893' title='bbox 3084 4970 3158 5039; x_wconf 82' lang='grc' dir='ltr'>μὴ</span> <span class='ocrx_word' id='word_1_894' title='bbox 3197 4969 3351 5032; x_wconf 75' lang='grc' dir='ltr'>ὄντος</span> <span class='ocrx_word' id='word_1_895' title='bbox 3383 4965 3458 5019; x_wconf 83' lang='grc' dir='ltr'>ὢν</span> <span class='ocrx_word' id='word_1_896' title='bbox 3498 4976 3647 5029; x_wconf 83' lang='grc' dir='ltr'>γεγο-</span> 
     </span>
    </p>
   </div>
   <div class='ocr_carea' id='block_1_113' title="bbox 2090 5048 3647 5127">
    <p class='ocr_par' dir='ltr' id='par_1_113' title="bbox 2090 5048 3647 5127">
     <span class='ocr_line' id='line_1_113' title="bbox 2090 5048 3647 5127; baseline -0.007 -19"><span class='ocrx_word' id='word_1_897' title='bbox 2090 5054 2218 5123; x_wconf 70' lang='grc' dir='ltr'>νὼς,</span> <span class='ocrx_word' id='word_1_898' title='bbox 2251 5058 2343 5109; x_wconf 73' lang='grc' dir='ltr'><strong>καὶ</strong></span> <span class='ocrx_word' id='word_1_899' title='bbox 2399 5058 2498 5109; x_wconf 87' lang='grc' dir='ltr'>ούκ</span> <span class='ocrx_word' id='word_1_900' title='bbox 2544 5057 2633 5109; x_wconf 82' lang='grc' dir='ltr'>ἀεὶ</span> <span class='ocrx_word' id='word_1_901' title='bbox 2668 5054 2758 5127; x_wconf 78' lang='grc' dir='ltr'>ἦν,</span> <span class='ocrx_word' id='word_1_902' title='bbox 2790 5059 2901 5110; x_wconf 73' lang='grc' dir='ltr'><strong>καὶ</strong></span> <span class='ocrx_word' id='word_1_903' title='bbox 2934 5057 3230 5120; x_wconf 77' lang='grc' dir='ltr'>ἀλλοιωτός</span> <span class='ocrx_word' id='word_1_904' title='bbox 3259 5058 3396 5121; x_wconf 74' lang='grc' dir='ltr'>ἐστι,</span> <span class='ocrx_word' id='word_1_905' title='bbox 3431 5054 3522 5106; x_wconf 84' lang='grc' dir='ltr'><strong>καὶ</strong></span> <span class='ocrx_word' id='word_1_906' title='bbox 3564 5048 3647 5100; x_wconf 86' lang='grc' dir='ltr'><strong>τὸν</strong></span> 
     </span>
    </p>
   </div>
   <div class='ocr_carea' id='block_1_114' title="bbox 2090 5134 3647 5217">
    <p class='ocr_par' dir='ltr' id='par_1_114' title="bbox 2090 5134 3647 5217">
     <span class='ocr_line' id='line_1_114' title="bbox 2090 5134 3647 5217; baseline -0.009 -18"><span class='ocrx_word' id='word_1_907' title='bbox 2090 5146 2249 5214; x_wconf 88' lang='grc' dir='ltr'>λόγον</span> <span class='ocrx_word' id='word_1_908' title='bbox 2275 5147 2377 5199; x_wconf 85' lang='grc' dir='ltr'><strong>οὐκ</strong></span> <span class='ocrx_word' id='word_1_909' title='bbox 2409 5149 2800 5210; x_wconf 85' lang='grc' dir='ltr'>ἐνυπόστατον,</span> <span class='ocrx_word' id='word_1_910' title='bbox 2834 5146 2949 5200; x_wconf 85' lang='grc' dir='ltr'>ἀλλ’</span> <span class='ocrx_word' id='word_1_911' title='bbox 2986 5145 3370 5217; x_wconf 87' lang='grc' dir='ltr'>ἀλλοιούμενον</span> <span class='ocrx_word' id='word_1_912' title='bbox 3402 5143 3527 5213; x_wconf 77' lang='grc' dir='ltr'>ἔχει.</span> <span class='ocrx_word' id='word_1_913' title='bbox 3554 5134 3647 5188; x_wconf 84' lang='grc' dir='ltr'>Διά</span> 
     </span>
    </p>
   </div>
   <div class='ocr_carea' id='block_1_115' title="bbox 2088 5228 3646 5309">
    <p class='ocr_par' dir='ltr' id='par_1_115' title="bbox 2088 5228 3646 5309">
     <span class='ocr_line' id='line_1_115' title="bbox 2088 5228 3646 5309; baseline -0.006 -19"><span class='ocrx_word' id='word_1_914' title='bbox 2088 5236 2246 5290; x_wconf 87' lang='grc' dir='ltr'>τοῦτο</span> <span class='ocrx_word' id='word_1_915' title='bbox 2281 5238 2469 5309; x_wconf 80' lang='grc' dir='ltr'>Πατὴρ</span> <span class='ocrx_word' id='word_1_916' title='bbox 2504 5238 2661 5308; x_wconf 87' lang='grc' dir='ltr'>μόνος</span> <span class='ocrx_word' id='word_1_917' title='bbox 2691 5239 2719 5292; x_wconf 88' lang='grc' dir='ltr'><strong>ὁ</strong></span> <span class='ocrx_word' id='word_1_918' title='bbox 2748 5237 2880 5299; x_wconf 87' lang='grc' dir='ltr'>Θεὸς</span> <span class='ocrx_word' id='word_1_919' title='bbox 2911 5236 3139 5309; x_wconf 78' lang='grc' dir='ltr'>ἀληθὴς,</span> <span class='ocrx_word' id='word_1_920' title='bbox 3185 5237 3263 5300; x_wconf 85' lang='grc' dir='ltr'>ὡς</span> <span class='ocrx_word' id='word_1_921' title='bbox 3303 5235 3389 5289; x_wconf 79' lang='grc' dir='ltr'>ἀεὶ</span> <span class='ocrx_word' id='word_1_922' title='bbox 3430 5232 3505 5286; x_wconf 82' lang='grc' dir='ltr'>ὢν</span> <span class='ocrx_word' id='word_1_923' title='bbox 3545 5228 3646 5281; x_wconf 82' lang='grc' dir='ltr'>Πα-</span> 
     </span>
    </p>
   </div>
   <div class='ocr_carea' id='block_1_116' title="bbox 2088 5318 3644 5402">
    <p class='ocr_par' dir='ltr' id='par_1_116' title="bbox 2088 5318 3644 5402">
     <span class='ocr_line' id='line_1_116' title="bbox 2088 5318 3644 5402; baseline -0.001 -19"><span class='ocrx_word' id='word_1_924' title='bbox 2088 5331 2194 5400; x_wconf 85' lang='grc' dir='ltr'>τήρ</span> <span class='ocrx_word' id='word_1_925' title='bbox 2218 5346 2234 5361; x_wconf 92' lang='grc'><strong>·</strong></span> <span class='ocrx_word' id='word_1_926' title='bbox 2275 5331 2367 5384; x_wconf 60' lang='grc' dir='ltr'><strong>καὶ¹</strong></span> <span class='ocrx_word' id='word_1_927' title='bbox 2400 5331 2590 5401; x_wconf 74' lang='grc' dir='ltr'>Πατὴρ</span> <span class='ocrx_word' id='word_1_928' title='bbox 2614 5332 2711 5402; x_wconf 85' lang='grc' dir='ltr'><strong>οὐχ</strong></span> <span class='ocrx_word' id='word_1_929' title='bbox 2738 5332 3004 5401; x_wconf 76' lang='grc' dir='ltr'>ἡμέτερος</span> <span class='ocrx_word' id='word_1_930' title='bbox 3036 5331 3145 5384; x_wconf 89' lang='grc' dir='ltr'><strong>τῶν</strong></span> <span class='ocrx_word' id='word_1_931' title='bbox 3178 5328 3408 5399; x_wconf 77' lang='grc' dir='ltr'>ὕστερον</span> <span class='ocrx_word' id='word_1_932' title='bbox 3440 5318 3644 5392; x_wconf 74' lang='grc' dir='ltr'>γεγονό-</span> 
     </span>
    </p>
   </div>
   <div class='ocr_carea' id='block_1_117' title="bbox 2089 5408 3644 5494">
    <p class='ocr_par' dir='ltr' id='par_1_117' title="bbox 2089 5408 3644 5494">
     <span class='ocr_line' id='line_1_117' title="bbox 2089 5408 3644 5494; baseline -0.007 -18"><span class='ocrx_word' id='word_1_933' title='bbox 2089 5436 2216 5477; x_wconf 82' lang='grc' dir='ltr'>των.</span> <span class='ocrx_word' id='word_1_934' title='bbox 2252 5424 2445 5477; x_wconf 86' lang='grc' dir='ltr'>Ἔσται</span> <span class='ocrx_word' id='word_1_935' title='bbox 2500 5424 2612 5494; x_wconf 83' lang='grc' dir='ltr'>γάρ</span> <span class='ocrx_word' id='word_1_936' title='bbox 2642 5440 2773 5477; x_wconf 87' lang='grc' dir='ltr'>ποτε</span> <span class='ocrx_word' id='word_1_937' title='bbox 2827 5421 3067 5493; x_wconf 84' lang='grc' dir='ltr'>γεγονὼς</span> <span class='ocrx_word' id='word_1_938' title='bbox 3100 5423 3309 5493; x_wconf 87' lang='grc' dir='ltr'>Πατήρ.</span> <span class='ocrx_word' id='word_1_939' title='bbox 3373 5419 3435 5473; x_wconf 83' lang='grc' dir='ltr'><strong>Ει</strong></span> <span class='ocrx_word' id='word_1_940' title='bbox 3476 5415 3531 5468; x_wconf 79' lang='grc' dir='ltr'>δὲ</span> <span class='ocrx_word' id='word_1_941' title='bbox 3558 5408 3644 5463; x_wconf 78' lang='grc' dir='ltr'><strong>καὶ</strong></span> 
     </span>
    </p>
   </div>
   <div class='ocr_carea' id='block_1_118' title="bbox 2090 5503 3642 5586">
    <p class='ocr_par' dir='ltr' id='par_1_118' title="bbox 2090 5503 3642 5586">
     <span class='ocr_line' id='line_1_118' title="bbox 2090 5503 3642 5586; baseline -0.01 -17"><span class='ocrx_word' id='word_1_942' title='bbox 2090 5516 2281 5585; x_wconf 81' lang='grc' dir='ltr'>Πατὴρ</span> <span class='ocrx_word' id='word_1_943' title='bbox 2321 5518 2352 5585; x_wconf 82' lang='grc' dir='ltr'>ἡ</span> <span class='ocrx_word' id='word_1_944' title='bbox 2366 5515 2485 5586; x_wconf 90' lang='grc' dir='ltr'><strong>μῶν</strong></span> <span class='ocrx_word' id='word_1_945' title='bbox 2521 5533 2651 5570; x_wconf 86' lang='grc' dir='ltr'>ποτε</span> <span class='ocrx_word' id='word_1_946' title='bbox 2684 5516 2931 5584; x_wconf 82' lang='grc' dir='ltr'>λέγεται,</span> <span class='ocrx_word' id='word_1_947' title='bbox 2973 5514 3117 5570; x_wconf 84' lang='grc' dir='ltr'>κατὰ</span> <span class='ocrx_word' id='word_1_948' title='bbox 3168 5506 3330 5584; x_wconf 75' lang='grc' dir='ltr'>χάριν</span> <span class='ocrx_word' id='word_1_949' title='bbox 3370 5508 3540 5570; x_wconf 88' lang='grc' dir='ltr'>τοῦτο,</span> <span class='ocrx_word' id='word_1_950' title='bbox 3568 5503 3642 5555; x_wconf 79' lang='grc' dir='ltr'><strong>ὁτι</strong></span> 
     </span>
    </p>
   </div>
   <div class='ocr_carea' id='block_1_119' title="bbox 2089 5596 3641 5678">
    <p class='ocr_par' dir='ltr' id='par_1_119' title="bbox 2089 5596 3641 5678">
     <span class='ocr_line' id='line_1_119' title="bbox 2089 5596 3641 5678; baseline -0.001 -19"><span class='ocrx_word' id='word_1_951' title='bbox 2089 5608 2555 5678; x_wconf 81' lang='grc' dir='ltr'>δεδημιούργηκεν</span> <span class='ocrx_word' id='word_1_952' title='bbox 2581 5610 2753 5678; x_wconf 79' lang='grc' dir='ltr'>ἡμᾶς,</span> <span class='ocrx_word' id='word_1_953' title='bbox 2787 5609 2849 5661; x_wconf 84' lang='grc' dir='ltr'><strong>ού</strong></span> <span class='ocrx_word' id='word_1_954' title='bbox 2874 5609 3016 5662; x_wconf 73' lang='grc' dir='ltr'>κατὰ</span> <span class='ocrx_word' id='word_1_955' title='bbox 3044 5607 3224 5677; x_wconf 84' lang='grc' dir='ltr'>φύσιν.</span> <span class='ocrx_word' id='word_1_956' title='bbox 3265 5608 3324 5660; x_wconf 77' lang='lat' dir='ltr'><strong>Et</strong></span> <span class='ocrx_word' id='word_1_957' title='bbox 3353 5604 3455 5672; x_wconf 83' lang='grc' dir='ltr'><strong>γὰρ</strong></span> <span class='ocrx_word' id='word_1_958' title='bbox 3479 5596 3641 5657; x_wconf 71' lang='grc' dir='ltr'>τοῦτον</span> 
     </span>
    </p>
   </div>
   <div class='ocr_carea' id='block_1_120' title="bbox 2089 5687 3642 5771">
    <p class='ocr_par' dir='ltr' id='par_1_120' title="bbox 2089 5687 3642 5771">
     <span class='ocr_line' id='line_1_120' title="bbox 2089 5687 3642 5771; baseline -0.017 -8"><span class='ocrx_word' id='word_1_959' title='bbox 2089 5698 2304 5767; x_wconf 81' lang='grc' dir='ltr'>ἀτελής.</span> <span class='ocrx_word' id='word_1_960' title='bbox 2337 5700 2412 5752; x_wconf 80' lang='grc' dir='ltr'><strong>Οὐ</strong></span> <span class='ocrx_word' id='word_1_961' title='bbox 2445 5699 2554 5771; x_wconf 83' lang='grc' dir='ltr'><strong>γὰρ</strong></span> <span class='ocrx_word' id='word_1_962' title='bbox 2584 5701 2640 5767; x_wconf 76' lang='grc' dir='ltr'><strong>ἐξ</strong></span> <span class='ocrx_word' id='word_1_963' title='bbox 2667 5699 2832 5755; x_wconf 84' lang='grc' dir='ltr'>αὐτοῦ</span> <span class='ocrx_word' id='word_1_964' title='bbox 2863 5702 3025 5770; x_wconf 78' lang='grc' dir='ltr'>ἡμεῖς</span> <span class='ocrx_word' id='word_1_965' title='bbox 3056 5699 3202 5753; x_wconf 76' lang='grc' dir='ltr'>κατὰ</span> <span class='ocrx_word' id='word_1_966' title='bbox 3243 5697 3423 5767; x_wconf 85' lang='grc' dir='ltr'>φύσιν,</span> <span class='ocrx_word' id='word_1_967' title='bbox 3448 5690 3557 5746; x_wconf 87' lang='grc' dir='ltr'>ἀλλ’</span> <span class='ocrx_word' id='word_1_968' title='bbox 3583 5687 3642 5738; x_wconf 72' lang='lat' dir='ltr'><strong>lx</strong></span> 
     </span>
    </p>
   </div>
   <div class='ocr_carea' id='block_1_121' title="bbox 2099 5776 3640 5864">
    <p class='ocr_par' dir='ltr' id='par_1_121' title="bbox 2099 5776 3640 5864">
     <span class='ocr_line' id='line_1_121' title="bbox 2099 5776 3640 5864; baseline -0.006 -20"><span class='ocrx_word' id='word_1_969' title='bbox 2099 5790 2174 5858; x_wconf 79' lang='grc' dir='ltr'>μὴ</span> <span class='ocrx_word' id='word_1_970' title='bbox 2225 5791 2397 5847; x_wconf 71' lang='grc' dir='ltr'>ὄντων</span> <span class='ocrx_word' id='word_1_971' title='bbox 2445 5792 2770 5864; x_wconf 83' lang='grc' dir='ltr'>γεγόναμεν.</span> <span class='ocrx_word' id='word_1_972' title='bbox 2803 5793 2970 5848; x_wconf 79' lang='grc' dir='ltr'>Ὅθεν</span> <span class='ocrx_word' id='word_1_973' title='bbox 3023 5792 3210 5864; x_wconf 73' lang='grc' dir='ltr'>ἐπειδὴ</span> <span class='ocrx_word' id='word_1_974' title='bbox 3267 5785 3564 5845; x_wconf 79' lang='grc' dir='ltr'>παντέλειος</span> <span class='ocrx_word' id='word_1_975' title='bbox 3614 5776 3640 5828; x_wconf 82' lang='grc' dir='ltr'><strong>ὁ</strong></span> 
     </span>
    </p>
   </div>
  </div>
