4056 6424
449 310 555 374 757

1506 314 1916 378 EXPOSITIO
1947 313 2171 375 SACRI
2206 310 2556 375 SYMBOLI.

3590 310 3701 373 755'

439 436 571 498 Θεὸς
625 433 815 503 Πατήρ
843 435 992 487 ἐστιν
1017 432 1106 487 ἀεὶ
1130 429 1225 485 τοῦ
1256 429 1538 501 συμφυοῦς
1566 431 1714 501 αὑτῷ
1749 432 1843 484 καὶ
1873 432 2012 495 ζῶν-

2136 422 2307 478 Credo
2340 427 2392 478 in
2417 440 2576 477 unum
2612 422 2777 481 Deum
2815 423 3049 478 Patrem.
3104 422 3520 493 Ormtt‘potentem
3572 440 3701 477 vero

442 546 532 590 τος
561 527 901 595 συνανάρχου
930 526 1106 592 Λόγου
1134 525 1227 578 καὶ
1254 523 1349 576 τοῦ
1374 522 1639 586 ζωοποιοῦ
1672 522 2011 592 Πνεύματος.

442 618 639 680 Καλῶς
688 618 796 688 ἄρα
829 620 861 688 ἡ
900 618 1202 684 Ἐκκλησία
1252 616 1406 683 φησί,
1464 614 1737 668 Πιστεύω
1789 617 1876 680 εἰς
1905 614 2016 667 ἕνα
2072 632 2075 633 ⁷

443 711 593 764 Θεὸν
624 710 875 775 Πατέρα.
914 706 1373 774 Παντοκράτορα
1422 704 1500 772 δὲ,
1534 705 1621 759 διὰ
1652 705 1713 757 τὸ
1738 706 1806 758 τά
1835 704 2014 758 πάντα

443 801 710 871 συνέχειν.
758 801 834 854 Οὐ
876 799 987 869 γὰρ
1034 798 1169 869 τύχῃ
1202 798 1296 851 καὶ
1326 797 1560 866 γενέσει,
1607 796 1743 851 ἀλλά
1786 796 2015 867 προνοίᾳ

441 891 605 948 αὐτοῦ
636 892 816 945 πάντα
865 890 1078 955 ἄγεται,
1114 888 1163 940 εἰ
1221 888 1315 941 καὶ
1349 887 1417 939 τά
1453 886 1554 956 μὲν
1578 885 1833 948 εὐδοκῶν,
1863 887 1929 939 τά
1957 886 2014 938 δὲ

444 982 748 1051 συγχωρῶν
794 980 1059 1051 ἀρρήτοις
1100 978 1413 1045 οἰκονομίας
1458 976 1701 1048 τρόποις,
1729 976 1919 1028 διοικεῖ
1956 992 2014 1027 τε

353 1123 361 1132 ,
443 1072 539 1125 καὶ
586 1070 899 1139 προνοεῖται
935 1067 1347 1137 συμφερόντως.
1382 1067 1506 1119 Ἔτι
1555 1064 2015 1133 Παντοκράτορα

440 1162 613 1227 λέγει,
652 1162 733 1213 ὅτι
764 1161 941 1213 πάντα
984 1159 1149 1213 αὑτοῦ
1184 1160 1279 1211 καὶ
1306 1158 1364 1223 ἐξ
1409 1157 1574 1212 αὐτοῦ
1602 1157 2017 1227 δημιουργικῶς

440 1248 518 1320 τῷ
546 1250 706 1319 Λόγῳ
734 1266 794 1302 τε
828 1250 922 1302 καὶ
972 1249 1051 1319 τῷ
1083 1249 1385 1317 Πνεύματι,
1415 1248 1490 1311 ὡς
1519 1249 1584 1301 ἐκ
1639 1247 1715 1319 μὴ
1747 1249 1917 1301 ὄντων
1948 1248 2017 1301 τά

440 1343 619 1395 πάντα
650 1342 1033 1412 πεποιηκότος.
1069 1342 1254 1395 Πάντα
1277 1341 1370 1395 οὖν
1390 1343 1694 1412 διακρατετ,
1724 1343 1813 1395 καί
1838 1342 2014 1404 καλῶς

439 1433 831 1515 διακυϐεργῶν,
860 1433 1076 1502 συνέχει
1100 1434 1173 1494 ὡς
1200 1433 1467 1503 βούλεται.
1496 1434 1589 1486 Διὸ
1623 1434 1712 1487 καὶ
1734 1434 2017 1502 ποιήματα

438 1526 635 1580 τούτου
670 1521 809 1580 εἶναι
835 1525 905 1580 τὰ
929 1523 1109 1578 πάντα
1140 1523 1199 1576 τὸ
1237 1524 1381 1596 ἰερόν
1424 1542 1558 1595 φησι
1597 1524 1897 1595 Σύμϐολον,
1932 1524 2014 1578 λέ-

440 1634 537 1685 γον
571 1615 736 1671 αὐτὸν
1986 1613 1990 1617 ’

442 1728 711 1799 Ποιητὴν
736 1730 999 1799 οὐρανοῦ
1025 1731 1125 1855 mal
1158 1731 1288 1817 γῇς,
1313 1730 1543 1798 ὁρατῶν
1569 1747 1629 1785 τε
1650 1730 1892 1785 πάντων
1915 1727 2014 1785 καὶ

1114 1818 1362 1855 οοατων.

429 1850 434 1855 .
1074 1818 1362 1868 αορατων.

516 1891 590 1944 Τδ
636 1891 736 1961 μὲν
775 1891 881 1946 ἀπὸ
923 1891 1018 1944 τοῦ
1063 1892 1344 1954 Μωῦσέως
1377 1891 1675 1961 λαμϐάνον,
1712 1892 1772 1943 τὸ
1801 1891 1860 1944 δὲ
1908 1891 2016 1944 ἀπὸ

443 1982 541 2036 τοῦ
575 1984 814 2037 Παύλου.
853 1983 1117 2036 Ἐνταῦθα
1150 1983 1205 2036 δὲ
1238 1985 1354 2052 ἅμα
1381 1984 1471 2035 καὶ
1502 1985 1682 2036 πᾶσαν
1717 1983 2015 2035 ἀπωθεῖται

444 2073 633 2135 ἁθεῖας
660 2074 932 2129 ἐπίνοιαν.
952 2073 1072 2126 Τῶν
1105 2091 1164 2126 τε
1195 2074 1305 2144 γὰρ
1334 2074 1506 2127 ἀΐδιον
1532 2074 1907 2143 ὑπειληφότων
1923 2073 2016 2126 τὸν

443 2164 691 2232 οὐρανὸν,
719 2164 812 2218 καὶ
846 2165 954 2234 πρὸ
983 2163 1173 2219 τούτου
1202 2166 1299 2235 τὴν
1330 2162 1464 2233 ὕλην
1484 2165 1738 2234 ἄναρχον,
1758 2166 1850 2217 καὶ
1878 2164 2017 2227 ἰδέας

442 2254 596 2317 τινὰς
627 2256 683 2307 ὲν
712 2255 832 2325 Θεῷ
856 2257 957 2325 τὴν
1000 2256 1260 2308 ἀπόνοιαν
1302 2258 1592 2326 καταργεῖ,
1632 2256 1726 2321 καὶ
1763 2256 1871 2308 τῶν
1896 2255 2017 2308 θεο-

444 2344 747 2398 ποιούντων
777 2345 833 2399 δὲ
868 2347 934 2399 τὰ
965 2346 1143 2412 ἄστρα
1170 2346 1269 2416 τὴν
1313 2346 1543 2416 πλάνην,
1578 2347 1673 2398 καὶ
1704 2346 1784 2398 ἔτι
1813 2345 1922 2398 τῶν
1949 2346 2019 2399 τὰ

444 2438 575 2506 περὶ
601 2437 696 2505 τῆς
727 2437 851 2504 γῆς,
888 2438 983 2490 καὶ
1012 2440 1109 2508 τὴν
1144 2441 1247 2506 γῆν
1271 2437 1459 2507 αὐτὴν,
1492 2441 1586 2492 καὶ
1614 2439 1681 2490 ea
1709 2438 1844 2491 ἀλλα
1874 2454 2020 2490 στοι-

444 2528 567 2596 χεῖα
628 2526 785 2589 θεοὺς
836 2526 1174 2597 νομιζόντων
1214 2526 1413 2592 ἀθέως,
1447 2528 1544 2580 καὶ
1585 2528 1712 2595 περί
1744 2528 1811 2581 τά
1856 2526 2021 2581 λοιπά

446 2618 723 2688 κτίσματα
770 2619 1157 2689 πλανωμένων.
1195 2620 1371 2672 Μόνον
1404 2622 1513 2690 γὰρ
1554 2620 1661 2672 τῶν
1691 2620 1829 2673 ὅλων
1857 2636 2023 2689 ποιηι

443 2709 565 2779 τὴν,
593 2712 683 2763 τὸν
710 2710 843 2763 Θεόν
889 2728 1055 2781 φησιν
1086 2710 1339 2780 ούρανοῦ,
1392 2712 1487 2763 καὶ
1524 2710 1632 2763 τῶν
1673 2711 1731 2763 ὲν
1780 2709 2017 2781 οὐρανῷ,

445 2802 547 2870 γῆς
604 2802 833 2856 καὶτῶν
865 2802 920 2853 ὲν
958 2804 1050 2871 γῇ,
1086 2801 1300 2871 όρατῶν
1325 2819 1384 2854 τε
1439 2802 1678 2867 πάντων,
1718 2803 1878 2872 ἀέρος
1916 2820 2019 2872 φη-

450 2894 512 2961 μὶ
544 2894 636 2944 καὶ
669 2893 776 2945 τῶν
808 2894 865 2946 ὲν
898 2893 1069 2962 αὐτῷ,
1106 2892 1383 2963 Θαλάσσης
1417 2910 1475 2945 τε
1508 2896 1601 2946 καὶ
1636 2893 1742 2946 τῶν
1767 2895 1825 2946 ὲν
1859 2894 2019 2961 αὐτῇ,

448 2983 620 3049 πυρὸς
654 2981 746 3033 καὶ
775 2980 884 3033 τῶν
912 2982 1055 3034 κατά
1088 2981 1251 3050 μέρος
1299 2982 1557 3035 ἁπάντων
1582 3000 1596 3016 ο
1626 2982 1767 3036 ἀλλά
1794 2984 1883 3035 καὶ
1911 2982 2022 3035 τῶν

446 3067 694 3135 ἀοράτων
743 3061 942 3133 αὐτῶν,
993 3068 1241 3136 ἀγγέλων
1295 3070 1390 3122 καὶ
1441 3071 1733 3140 δαιμόνων,
1784 3074 1877 3125 καὶ
1913 3072 2021 3126 τῶν

2043 1776 2089 1836 Β

2130 529 2198 571 eo
2228 515 2372 585 quod
2402 517 2583 571 omnia
2612 516 2917 581 contineat;
2955 530 3075 585 qua:
3102 531 3209 570 non
3241 516 3464 571 fortuito
3498 525 3548 569 et
3575 531 3701 583 pro-

2132 615 2253 674 pter;
2287 607 2647 673 nativitatem,
2687 608 2780 662 sed
2834 606 2955 677 ejus
2997 606 3344 662 Providentia
3400 618 3703 669 moventur,

2134 695 2265 749 licet
2298 694 2663 750 ineﬂ'abilibus
2689 697 3007 751 oeconomiae
3041 697 3345 752 rationibus
3376 698 3486 751 haec
3513 712 3707 765 appro-

2132 784 2247 851 bet,
2274 787 2363 841 illa
2394 788 2706 857 permittat;
2736 800 3042 858 opportune.
3076 797 3131 843 et
3155 791 3420 857 gubernat
3448 798 3500 843 et
3524 788 3707 858 provi-

2132 876 2243 932 det.
2269 878 2461 934 Adhuc
2490 878 2930 946 Omnipotentem
2964 879 3119 945 dicit,
3154 881 3279 949 quia
3306 880 3487 934 omnia
3534 880 3706 947 ipsius

2134 973 2285 1033 sunt,
2317 975 2373 1020 et
2404 983 2468 1021 ex
2501 967 2619 1037 ipso
2652 968 2951 1023 conditoris
2979 970 3194 1024 actione
3239 986 3334 1039 per
3386 970 3619 1025 Verbum
3655 981 3708 1023 et

2135 1057 2396 1125 Spiritum
2424 1058 2646 1124 factore,
2671 1066 2728 1114 ut
2745 1074 2776 1115 e
2796 1075 2903 1114 non
2924 1061 3309 1114 exsistentibus
3331 1068 3537 1114 starent
3558 1062 3713 1115 exsi-

2133 1150 2345 1203 stentia.
2380 1148 2574 1203 Omnia
2609 1166 2739 1219 ergo
2784 1152 2884 1205 sub
2915 1151 3142 1220 imperio
3179 1159 3364 1217 tenet,
3402 1160 3456 1204 et
3491 1152 3725 1220 optime

2131 1240 2463 1310 gubernans,
2496 1243 2742 1296 continet
2776 1252 2936 1313 prout
2965 1245 3113 1307 vult;
3152 1244 3273 1297 ideo
3302 1252 3354 1296 et
3379 1242 3499 1310 ejus
3534 1241 3710 1297 factu-

2133 1345 2247 1382 ram
2281 1344 2405 1383 esse
2435 1332 2617 1386 omnia
2651 1342 2900 1390 sanctum
2936 1334 3075 1390 dicit
3106 1334 3423 1406 Symbolum
3454 1372 3467 1399 ,
3507 1336 3706 1404 praedi-

2130 1436 2263 1479 cans
2290 1436 2414 1481 eum

2132 1723 2414 1780 Factorem
2447 1724 2567 1779 cozh'
2597 1733 2644 1779 et
2678 1722 3167 1846 terrafbtltt'sibiliutn
3202 1721 3434 1775 omnium
3470 1729 3518 1773 et
3564 1720 3697 1773 iuvi-

2784 1811 2829 1846 ει
2868 1810 2881 1845 ι
2909 1809 3036 1845 tum.

2784 1809 3036 1847 atomum.

2205 1883 2338 1938 Illud
2372 1898 2401 1938 e
2431 1883 2611 1953 Moyse
2645 1890 2859 1952 petens,
2889 1883 2994 1936 hoc
3025 1896 3054 1935 e
3077 1881 3359 1935 Paulo..ln
3398 1896 3507 1948 quo
3540 1880 3709 1934 simul

2134 1988 2186 2032 et
2225 1992 2440 2031 onmem
2471 1978 2764 2045 impietatis
2800 1976 2977 2045 rejicit
3014 1984 3253 2030 reatum.
3288 1975 3518 2029 Istorum
3558 1974 3703 2027 enim

2134 2069 2223 2136 qui
2260 2078 2517 2122 aeternum
2542 2069 2737 2122 caalum
2773 2076 2962 2137 putant
2987 2077 3039 2121 et
3074 2076 3201 2120 ante
3231 2067 3362 2119 illud
3420 2066 3704 2119 materiam

2134 2156 2402 2226 principio
2433 2168 2731 2227 expertem,
2759 2168 2814 2213 et
2852 2159 3003 2212 ideas
3031 2158 3298 2225 quasdam
3331 2159 3383 2211 in
3417 2158 3527 2211 Deo
3565 2159 3708 2212 insa-

2133 2249 2278 2302 niam
2317 2250 2522 2318 abjicit,
2554 2259 2607 2305 et
2658 2267 2848 2306 eorum
2881 2251 2971 2321 qui
3016 2251 3241 2305 deorum
3289 2266 3516 2303 numero
3561 2261 3713 2303 astra

2130 2339 2414 2393 ascribunt
2462 2341 2882 2405 aberrationem,
2916 2340 3093 2394 adhuc
3120 2349 3173 2393 et
3199 2340 3427 2393 istorum
3454 2342 3544 2408 qui
3576 2342 3713 2396 deos

2129 2430 2276 2498 quod
2324 2441 2410 2484 est
2456 2445 2626 2499 super
2677 2440 2897 2496 terram,
2929 2440 3130 2486 terram
3163 2432 3335 2500 ipsam
3369 2440 3422 2484 et
3455 2433 3558 2485 alia
3591 2433 3708 2487 ele-

2130 2531 2308 2576 menta
2342 2524 2627 2577 atlteorum
2662 2538 2808 2577 more
2839 2523 3197 2587 arbitrantur,
3226 2534 3280 2577 et
3309 2525 3452 2579 circa
3486 2533 3711 2578 creatu-

2132 2627 2222 2667 ras
2249 2615 2487 2683 reliquas
2514 2627 2719 2669 errant.
2747 2614 2932 2669 Solum
2960 2617 3103 2669 enim
3133 2615 3511 2669 universorum
3541 2616 3711 2670 facto-

2132 2720 2243 2758 rem
2275 2704 2443 2758 Deum
2475 2705 2628 2771 dicit,
2654 2705 2775 2760 caeli
2809 2715 2861 2759 et
2891 2721 3082 2760 eorum
3116 2720 3247 2775 qua!
3271 2706 3323 2759 in
3358 2707 3518 2769 coelo,
3551 2716 3710 2761 terrae

2129 2804 2184 2850 et
2236 2812 2423 2850 eorum
2470 2812 2588 2865 qum
2628 2797 2682 2859 in
2751 2806 2935 2861 terra;
2978 2808 3033 2851 et
3074 2797 3374 2850 visibilium
3422 2797 3707 2860 omnium,

2130 2901 2311 2942 acrem
2338 2886 2458 2941 dico
2489 2898 2541 2941 et
2568 2903 2690 2958 qua:
2714 2888 2765 2942 in
2790 2904 2876 2952 eo,
2898 2904 3048 2943 mare
3077 2898 3127 2942 et
3153 2903 3272 2957 quae
3306 2888 3358 2941 in
3387 2903 3471 2949 eo,
3501 2888 3707 2957 ignem,

2131 2987 2184 3033 et
2215 2979 2396 3034 omnia
2426 2980 2580 3049 juxta
2613 2995 2804 3048 genus.
2836 2980 2943 3036 Sed
2974 2990 3027 3035 et
3054 2981 3432 3046 invisibilium,
3484 2983 3708 3049 angelo-

2134 3086 2281 3138 rum,
2313 3072 2620 3127 darmonum
2655 3083 2709 3128 et
2741 3073 2945 3142 pariter
2984 3074 3344 3127 humanarum
3377 3073 3705 3133 animarum,

445 3155 800 3225 ἀνθρωπίνων
831 3156 909 3209 έτι
951 3156 1160 3226 ψυχῶν.
1204 3157 1391 3211 Ταῦτα
1437 3162 1547 3229 γὰρ
1592 3163 2020 3231 προηγουμένως

2136 3161 2252 3218 hinc
2302 3165 2445 3220 enim
2500 3166 2877 3235 principaliter
2913 3165 3070 3220 nobis
3106 3165 3319 3234 cognita
3366 3163 3664 3216 invisibilia
3691 3204 3703 3225 ,

447 3250 769 3316 ἐγνωσμένα
804 3251 938 3319 ἡμῖν
977 3251 1209 3320 ἀόρατα,
1235 3252 1332 3304 καὶ
1369 3252 1574 3306 τούτων
1626 3253 1896 3324 κηρύσσει
1933 3254 2024 3324 δη-

449 3338 712 3408 μιουργὸν
742 3339 832 3392 τὸν
863 3340 996 3393 Θεόν
1022 3357 1035 3371 ·
1068 3342 1160 3394 καὶ
1193 3343 1269 3405 ὡς
1308 3343 1522 3413 ἀληθῶς
1549 3345 1641 3397 καὶ
1668 3346 1895 3408 δικαίως
1926 3346 2022 3416 δη-

451 3430 714 3501 μιουργὸν
760 3433 853 3484 καὶ
900 3432 1007 3487 τῶν
1045 3434 1293 3503 ἀοράτων
1330 3436 1421 3487 τὸν
1457 3436 1588 3488 Θεδν
1619 3438 2019 3508 ἐπιμαρτυρεῖο

446 3522 530 3573 ὅτι
558 3524 651 3575 καὶ
680 3522 817 3590 ἐστι,
862 3525 955 3577 καὶ
995 3525 1147 3578 οὐδὲν
1172 3526 1281 3579 τῶν
1307 3528 1630 3595 γεγονότων,
1666 3528 1805 3597 πλὴν
1823 3528 1987 3581 αὐτοῦ
2007 3546 2020 3560 ο

448 3616 544 3667 καὶ
593 3616 673 3668 ἔτι
723 3617 1001 3681 συνετίζον
1050 3619 1218 3689 ἡμᾶς,
1281 3618 1369 3671 ῐνα
1430 3619 1504 3688 μὴ
1536 3620 1898 3692 πλανηθῶμεν
1948 3623 2022 3685 ὡς

448 3709 841 3779 προαιρετικὴν
872 3710 1048 3780 ψυχὴν
1070 3711 1301 3780 ἔχοντες,
1338 3712 1433 3764 καὶ
1466 3712 1604 3782 ὑπὲρ
1644 3716 1790 3783 ἡμᾶς
1819 3732 1869 3767 τι
1892 3732 2023 3783 (ppo-

448 3799 726 3867 νήσωμεν,
754 3800 897 3852 καθά
929 3802 1235 3855 πεπόνθασι
1270 3802 1381 3854 τῶν
1411 3804 1687 3857 ἀσυνέτων
1741 3805 1951 3869 πολλοὶ,
1987 3803 2021 3874 ἢ

448 3890 746 3959 δαιμονίων
776 3893 1124 3959 φαντασίαις,
1172 3894 1207 3964 ἢ
1242 3894 1477 3956 πλάναις
1515 3895 1676 3957 ἰδίαις
1712 3894 1805 3948 τοῦ
1852 3898 2024 3964 καθή-

451 3998 640 4045 κοντος
680 3983 1158 4053 ἀποπλανηθέντες
1181 3998 1197 4013 ⁸
1230 3984 1388 4038 τοῦτο
1426 3986 1532 4055 γὰρ
1570 3986 1722 4055 φίλον
1761 3990 1872 4050 τοῖς
1913 3987 2024 4039 δαί-

454 4087 603 4140 μοσι,
656 4073 991 4142 πανούργοις
1027 4074 1371 4139 φαντασίαις,
1424 4076 1698 4146 ὑποσυλᾷν
1743 4077 1837 4129 καὶ
1890 4077 2024 4129 ὑπο-

451 4160 693 4233 φειὶρειν
720 4162 828 4216 τῶν
875 4164 1177 4232 ἀλογίστων
1213 4154 1442 4227 πολλούς
1464 4182 1479 4199 ·
1515 4167 1649 4219 ἀλλά
1693 4167 1789 4221 καὶ
1831 4168 1917 4220 ἵνα
1952 4169 2025 4238 μή

452 4269 584 4306 ποτε
609 4256 706 4317 τάς
739 4255 1038 4323 ἀγγελιγάς
1072 4260 1167 4309 καὶ
1201 4257 1460 4327 ὑπεράνω
1498 4259 1755 4328 δυνάμεις
1778 4259 1852 4322 ὡς
1876 4259 2029 4322 θεοὺς

451 4344 828 4415 λογισώμεθα,
882 4341 1042 4401 τοῦτο
1092 4349 1335 4417 τίθησιν.
1369 4350 1430 4401 Εἰ
1482 4351 1591 4420 γὰρ
1616 4353 1713 4403 καὶ
1739 4351 1871 4421 περὶ
1898 4351 2030 4405 Θεὺν

454 4430 635 4503 αὗται,
670 4439 766 4491 καὶ⁵
819 4439 1252 4509 πεπληρωμέναι
1309 4441 1489 4511 δόξης,
1535 4444 1629 4495 καὶ
1676 4442 1821 4496 θείου
1858 4445 2030 4498 πᾶσαι

453 4528 654 4596 φωτὸς,
686 4528 803 4583 ἀλλ’
842 4531 991 4599 ὅμως
1018 4531 1293 4598 κτίσματα
1326 4534 1419 4585 καὶ
1451 4532 1648 4596 ἐνδεεῖς
1673 4533 1782 4586 τῶν
1819 4535 2028 4589 ἐκεῖθεν

453 4623 926 4692 ἀπαυγασμάτων,
959 4624 1056 4676 καὶ
1099 4622 1362 4676 λαϐοῦσαι
1415 4624 1541 4677 ὅσον
1591 4624 1901 4693 εἰλήφασιν,
1946 4625 2026 4679 ἔτι

454 4712 548 4763 καὶ
578 4712 768 4781 χρείαν
802 4711 985 4782 ἔχουσι
1044 4712 1346 4781 μειζόνων·
1379 4713 1474 4765 καὶ
1520 4713 1582 4764 τὸ
1631 4714 1838 4767 τέλειον
1881 4714 2028 4768 οὐδέ-

453 4820 583 4856 ποτε
612 4804 898 4874 λήψονται,
938 4805 1013 4876 μὴ
1045 4804 1323 4875 χωροῦσαι
1369 4806 1490 4859 ὅλον
1519 4806 1579 4858 τὸ
1614 4806 1707 4860 τοῦ
1738 4807 2023 4874 ἀκτίστου,

454 4898 688 4960 κτισταὶ,
721 4895 797 4959 ὡς
855 4894 1091 4967 εἴρηται,
1126 4896 1287 4949 οὖσαι
1324 4897 1553 4963 ἄπειρον
1574 4899 1717 4966 γὰρ,
1759 4897 1876 4951 ἀλλ’
1905 4900 2028 4951 ὅσον

452 4988 711 5041 δύνανται
742 4990 968 5057 χωρεῖν,
1001 4987 1269 5052 ἐλλειπεῖς
1312 4989 1399 5042 ἀεὶ
1441 4986 1617 5044 οὖσαι.
1656 4990 1819 5052 Τέλος
1847 4988 1903 5040 δὲ
1933 4991 2028 5043 καὶ

454 5079 771 5141 παντέλειος
804 5079 965 5146 μόνος
1003 5082 1031 5132 ὁ
1059 5079 1355 5150 τριαδικῶς
1398 5081 1740 5151 ὑμνούμενος
1768 5080 1899 5152 παρ’
1930 5082 2026 5136 αὑ·-

454 5170 564 5222 τῶν
594 5170 747 5232 Θεός.
776 5171 932 5223 Ἔστι
962 5170 1020 5224 δὲ
1054 5172 1152 5223 καὶ
1180 5170 1321 5225 ἄλλα
1352 5172 1589 5225 πλεῖστα
1618 5172 1727 5225 τῶν
1756 5173 2027 5242 ἀοράτων,

453 5256 526 5315 ῶν
564 5264 656 5314 καὶ
686 5263 753 5314 τὰ
781 5262 1023 5332 ὀνόματα
1052 5264 1109 5315 ὲν
1152 5262 1230 5333 τῷ
1268 5264 1519 5334 μέλλοντι
1547 5265 1707 5318 αἰῶνι
1748 5264 2029 5319 ἀποκαλύ-

456 5354 689 5407 πτεσθαι
721 5352 883 5424 295
910 5356 1338 5426 μεμαθήκαμεν.
1377 5357 1571 5426 Ὅμως
1586 5358 1644 5409 δὲ
1668 5357 1874 5411 τούτων
1896 5358 2030 5412 πάν-

454 5462 563 5497 των
592 5446 841 5513 ἀοράτων
854 5461 913 5498 τε
936 5446 1053 5516 ἃμα
1071 5449 1166 5501 καὶ
1182 5449 1396 5517 ὁρατῶν
1425 5448 1649 5517 ποιητὴν
1680 5449 2027 5519 ὴἘκκλησία

455 5538 548 5588 τὸν
576 5536 710 5589 Θεὸν
746 5540 1036 5607 μαρτυρεῖ,
1069 5539 1165 5593 τὸν
1194 5541 1414 5610 Πατέρα
1455 5540 1547 5594 τοῦ
1586 5539 1786 5605 ζῶντος
1830 5542 2025 5607 Λόγου,

455 5631 549 5682 τὸν
600 5628 919 5698 ἀγέννητον,
952 5628 1044 5682 τὸν
1108 5632 1373 5697 ἀναίτιον,
1408 5633 1500 5686 τὸν
1531 5633 1895 5705 προάναρχον,
1938 5634 2028 5685 τὸν

460 5720 845 5783 ἀτελεύτητον,
877 5720 968 5773 τὸν
1018 5721 1258 5789 αἰώνιον,
1294 5724 1385 5776 τὸν
1424 5724 1767 5790 πανταίτιον,
1820 5724 1909 5777 τὸν
1943 5723 2030 5778 ἀεὶ

2058 4491 2108 4551 D

2132 3270 2367 3325 quorum
2418 3257 2763 3312 conditorem
2806 3259 3104 3326 proclamat
3148 3256 3339 3315 Deum,
3370 3262 3425 3307 et
3476 3267 3601 3306 vere
3645 3266 3710 3303 ac

2130 3347 2279 3416 juste
2311 3348 2473 3401 etiam
2503 3348 2857 3403 invisibilium
2883 3347 3224 3402 conditorem
3254 3345 3423 3399 Deum
3457 3351 3706 3403 testatur,

2134 3440 2225 3508 qui
2260 3448 2345 3494 est
2373 3448 2426 3492 et
2458 3440 2580 3495 sine
2612 3441 2730 3508 ipso
2761 3440 2893 3493 nihil
2932 3440 3133 3493 factum
3172 3446 3276 3491 est.
3308 3436 3369 3489 Et
3402 3436 3581 3489 adhuc
3614 3450 3712 3488 nos

2133 3529 2291 3583 docet
2318 3545 2387 3583 ne
2416 3530 2569 3598 quasi
2594 3530 2731 3584 vane
2762 3528 3186 3597 distinguentem
3220 3527 3462 3579 animum
3499 3525 3704 3578 baben-

2134 3628 2216 3673 tes
2240 3633 2485 3672 erremus
2512 3628 2563 3671 et
2595 3633 2757 3687 supra
2782 3617 3002 3671 modum
3035 3616 3465 3685 cogitationibus
3500 3615 3711 3669 nostris

2134 3709 2462 3763 cxtollamur
2504 3718 2663 3778 prout
2688 3708 2867 3763 allecti
2896 3716 3027 3762 sunt
3060 3707 3435 3775 imprudentes
3465 3707 3708 3774 plurimi,

2135 3809 2227 3853 aut
2253 3800 2557 3854 daemonum
2594 3799 2895 3869 phantasiis
2926 3807 3021 3852 aut
3053 3797 3290 3868 propriis
3330 3797 3713 3852 deliramentis

2136 3906 2165 3943 a
2194 3899 2341 3945 recto
2376 3890 2758 3955 deﬂectentes;
2788 3890 3094 3945 daemonum
3115 3888 3317 3957 quippe
3343 3903 3459 3941 mos
3484 3896 3567 3942 est
3589 3890 3715 3957 qui-

2137 3979 2373 4034 buslibet
2401 3982 2703 4049 pltantasiis
2732 3983 2913 4051 plures
2953 3981 3241 4051 subripere
3274 3990 3329 4035 et
3356 3996 3716 4049 corrumpere

2137 4070 2372 4140 ineptos.
2409 4070 2516 4126 Sed
2539 4074 2701 4127 etiam
2737 4088 2804 4128 ne
2829 4072 2969 4129 forte
3000 4074 3275 4142 angelicas
3310 4081 3365 4126 et
3396 4074 3713 4141 superiores

2138 4172 2433 4229 potestates
2461 4163 2592 4218 deos
2616 4165 2963 4229 arbitremur,
2998 4165 3112 4218 haec
3147 4165 3307 4219 verba
3339 4164 3554 4218 ellatur.
3583 4165 3717 4229 Quae

2139 4256 2182 4308 si
2214 4255 2357 4310 circa
2393 4260 2560 4310 Deum
2593 4257 2744 4324 ipsae,
2778 4257 2948 4326 gloria
2980 4256 3191 4311 referta:
3212 4268 3267 4311 et
3289 4258 3475 4311 divino
3506 4257 3715 4311 redun-

2141 4349 2330 4401 dantes
2366 4348 2586 4415 lumine,
2624 4350 2981 4406 nibilominus
3016 4359 3287 4405 creatura:
3328 4361 3381 4405 et
3422 4353 3720 4420 splendore

2140 4452 2168 4491 a
2199 4440 2309 4493 Deo
2344 4440 2645 4510 indigentes
2677 4456 2706 4495 a
2736 4457 2845 4511 quo
2871 4452 3208 4513 acceperunt
3259 4459 3382 4513 quae
3415 4444 3623 4497 habent
3667 4454 3718 4497 et

2141 4531 2444 4600 majoribus
2480 4533 2674 4588 horum
2702 4534 2881 4588 adhuc
2911 4549 3048 4603 opus
3074 4533 3300 4597 habent,
3324 4543 3377 4588 et
3406 4534 3717 4603 perfectum

2142 4640 2421 4694 nunquam
2474 4626 2741 4695 attingent
2766 4667 2780 4689 ,
2816 4625 3045 4680 increati
3086 4627 3477 4695 plenitudinem
3515 4640 3714 4693 capere

2142 4732 2250 4773 non
2278 4718 2540 4782 valentes,
2574 4726 2761 4787 utpote
2792 4726 3057 4773 creaturae
3086 4718 3228 4770 sicut
3259 4716 3464 4769 dictum
3490 4726 3592 4779 ρει,
3620 4714 3720 4766 im-

2144 4810 2404 4879 possibile
2434 4818 2518 4863 est
2545 4810 2688 4863 enim
2719 4827 2733 4875 ;
2802 4809 2896 4863 sed
2940 4807 3341 4878 quantumlibet
3373 4819 3569 4873 cupere
3598 4820 3722 4874 pos-

2143 4901 2275 4965 sint,
2310 4916 2529 4969 semper
2562 4902 2643 4954 eis
2672 4900 2877 4967 aliquid
2913 4899 3088 4953 deest.
3131 4899 3412 4953 Perfectus
3454 4904 3638 4950 autem
3669 4907 3724 4951 et

2142 4994 2370 5047 omnino
2403 4991 2676 5061 perfectus
2701 4991 2847 5044 solus
2883 4999 2965 5044 ter
2995 4991 3063 5043 ab
3099 4991 3180 5045 eis
3208 4989 3514 5044 celebratus
3550 4988 3715 5041 Deus.

2142 5082 2283 5137 Sunt
2313 5090 2367 5137 et
2391 5083 2497 5137 alia
2528 5083 2882 5138 invisibilium
2916 5083 3177 5150 pleraque
3219 5096 3448 5149 quorum
3498 5080 3719 5133 nomina

2144 5176 2199 5230 in
2222 5184 2453 5230 venturo
2487 5176 2686 5229 sareulo
2714 5172 2941 5227 revelari
2968 5173 3295 5227 audivimus.
3326 5172 3589 5225 Similiter
3626 5171 3727 5224 bo-

2145 5268 2552 5328 rum_omnium
2592 5265 2941 5320 invisibilium
2977 5266 3181 5335 pariter
3205 5277 3260 5319 et
3304 5264 3601 5320 visibilium
3637 5263 3720 5316 la-

2147 5368 2352 5413 ctorem
2388 5358 2627 5413 Ecclesia
2659 5356 2831 5411 Deum
2862 5366 3115 5420 testatur,
3163 5356 3399 5411 viventis
3431 5357 3589 5411 Verbi
3624 5357 3725 5408 Pa-

2146 5460 2283 5505 trem
2338 5451 2662 5519 ingenitum,
2692 5450 2897 5518 absque
2956 5464 3149 5514 causa,
3190 5449 3369 5509 initio,
3411 5449 3531 5511 line,
3565 5456 3725 5500 aeter-

2147 5561 2299 5605 num,
2335 5543 2579 5597 omnium
2611 5557 2853 5606 causam,
2886 5541 2977 5611 qui
3012 5555 3234 5610 semper
3265 5549 3367 5601 est,
3402 5539 3493 5607 qui
3530 5550 3723 5590 natura

2148 5636 2296 5691 solus
2328 5635 2523 5689 bonus.
2552 5634 2593 5687 E
2621 5632 2804 5702 seipso
2832 5645 2958 5686 ante
2986 5646 3147 5685 omne
3172 5629 3432 5683 saaculum
3462 5636 3515 5680 et
3538 5626 3727 5679 int-lla-

2150 5729 2353 5793 bilitcr,
2386 5726 2503 5783 sine
2540 5726 2765 5783 materia
2798 5738 3158 5795 corporcque,
3204 5730 3258 5777 ct
3290 5718 3499 5789 absque
3552 5719 3727 5773 animi
