2028 3215
242 147 297 178 ’759

649 146 845 184 SYMEONIS
860 153 1239 189 TllESSALONICENSIS
1258 157 1438 189 ARCIIIEPa

1794 156 1843 189 760

226 208 425 237 commotione
453 208 576 245 ejusdem
605 213 711 236 naturae
736 209 969 238 consubstantiale
997 214 1025 238 et

1076 202 1152 242 ὄντα,
1165 210 1210 236 τὸν
1224 210 1305 243 φύσει
1320 210 1401 245 μόνον
1416 210 1527 246 ἀγαθὸν,
1542 206 1588 239 τδν
1602 212 1631 246 ἒξ
1645 213 1727 241 αὐτοῦ
1738 224 1846 251 πρσαιω-

242 251 411 281 indivisibile
425 261 504 282 suum
525 258 637 290 general
653 260 680 282 et
693 254 813 282 Verbum
824 275 832 288 ,
855 256 1029 290 unigenitum

242 295 452 332 Filium,lumen
466 299 572 332 verum,
588 300 675 329 vivam
692 298 862 337 Sapientiam
879 309 928 336 per
943 308 1026 337 quam

237 348 334 370 cuncta
351 344 377 384 in
393 350 489 384 sancto
502 345 565 373 fceit
581 341 693 381 Spiritu.
706 346 764 375 Hoc
777 354 841 376 vero
852 345 971 375 Verbum
986 347 1025 375 sic

238 393 342 418 testans
357 389 391 418 de
404 390 459 419 Deo
478 392 569 423 docet.

239 543 274 572 Et
287 545 316 573 in
334 554 414 574 unum
431 545 573 579 Dominum
597 546 689 575 Iesum
708 548 844 576 Christum
860 547 962 576 Filium
978 546 1025 577 Dei

541 583 720 619 unigenitum.

272 636 331 665 Non
343 645 357 664 a
372 638 464 672 seipso
472 638 539 665 illud
548 638 636 667 docet.
650 637 785 672 Ecclesia,
802 640 849 668 sed
869 640 952 669 Paulo
964 649 1024 668 ma-

236 681 322 717 gistro
333 684 472 719 gaudens:
485 684 564 712 nobis
586 685 658 712 enim
670 706 679 719 ,
694 685 748 716 ait,
766 693 838 714 unus
858 686 931 714 Deus
946 686 1026 714 Pater

236 737 252 756 θ
265 736 321 764 quo
335 730 426 756 omnia
441 736 469 757 et
486 737 561 758 unus
582 730 715 758 Dominus
730 731 811 759 Jesus
839 731 964 759 Christus
979 739 1026 766 per

238 783 319 809 quem
334 775 438 806 omnia.
450 774 603 803 dlvinitatis
615 781 642 803 et
656 777 770 805 dominii
794 777 822 804 in
841 785 926 805 unum
944 777 1024 805 reduv

237 828 301 848 rens
311 829 422 848 nomen.
433 821 500 848 Nam
511 822 597 856 primo
608 823 715 856 quidem
726 824 763 850 ait
778 831 785 850 :
804 823 887 850 Credo
901 824 927 849 in
942 832 1023 850 unum

236 866 320 892 Deum
338 865 457 898 Patrem,
469 875 521 893 non
540 868 652 900 multos,
668 869 713 896 sed
725 877 807 896 unum
824 870 915 896 dicens
927 869 1020 898 Deum.

235 918 261 938 ιιι
274 913 345 939 hunc
357 913 475 944 Patrem,
493 912 593 947 cujus?
610 922 663 941 non
682 920 870 942 creaturarum
886 921 1021 949 nostrum,

234 963 262 984 ut
277 958 494 986 demonstratum
512 965 564 992 est,
584 967 636 987 non
655 960 727 987 enim
743 966 839 988 natura
859 970 909 990 nos
929 963 1020 996 eLDeo,

233 1003 338 1030 factura
354 1005 402 1039 qui
416 1012 521 1035 sumus.
548 1006 596 1033 sed
612 1006 721 1033 Patrem
745 1007 889 1040 luminum,
908 1009 978 1035 sicut
993 1009 1022 1035 ὃ.

233 1049 357 1076 Jacobus
369 1049 477 1081 scribit,
493 1049 554 1077 Filii
572 1050 675 1078 scilicet
689 1056 715 1078 et
735 1051 861 1085 Spiritus,
878 1053 949 1080 illius
963 1054 1022 1080 sine

234 1101 356 1128 Icmpore
376 1095 410 1122 ab
426 1095 486 1129 ipso
506 1096 600 1130 geniti,
616 1096 698 1131 hujus
713 1098 896 1131 procedentis.
915 1098 1020 1126 Idcirco

231 1146 258 1167 et
277 1141 360 1168 Deum
377 1142 472 1170 dicens
496 1142 604 1169 Patrem
626 1147 654 1170 et
686 1144 827 1172 Dominum
846 1146 935 1180 ipsum
956 1155 1018 1174 cum

231 1186 373 1222 Scriptura
405 1192 495 1214 vocat.
518 1187 550 1214 Et
571 1187 669 1215 Filium
695 1197 797 1218 vocans
826 1191 970 1219 Dominum
995 1198 1022 1220 et

230 1232 314 1259 Deum
327 1233 416 1267 ipsum
433 1233 504 1260 sicut
519 1232 660 1268 Scriptura
676 1239 802 1262 testatur.
817 1236 849 1263 Et
866 1237 935 1265 Deus
959 1246 1020 1266 cum

230 1279 266 1304 sit
282 1278 365 1305 Pater
379 1282 462 1312 atque
472 1278 605 1306 Dominus
619 1284 791 1315 creatorque,
801 1287 827 1309 et
841 1281 926 1310 Filius
943 1284 1020 1310 simi-

231 1323 293 1350 liter
310 1328 337 1350 et
358 1323 479 1357 Spiritus
505 1330 633 1352 sanctus.
659 1326 691 1352 Et
707 1334 778 1353 unus
793 1326 865 1355 Deus
882 1328 963 1355 Pater
979 1333 1021 1356 est

227 1369 389 1405 cumWerbo
402 1374 429 1397 et
439 1370 553 1404 Spiritu,
563 1376 590 1398 et
602 1372 723 1399 omnium
735 1373 867 1402 Dominus
888 1379 916 1401 et
929 1375 1020 1403 omnis

226 1416 372 1443 creationis
389 1417 525 1444 conditor.
545 1417 623 1450 Quod
636 1418 720 1446 David
733 1419 884 1453 allirmans,
904 1430 913 1447 ε
929 1420 1018 1449 Verbo

227 1460 345 1494 Domini,
371 1462 472 1496 inquit,
489 1463 551 1490 cceli
571 1464 672 1491 ﬁrmati
699 1470 774 1497 sunt,
793 1471 819 1493 et
842 1466 939 1501 spiritu
962 1469 1019 1496 oris

225 1506 284 1540 u-jus
305 1508 395 1535 omnis
412 1507 499 1535 virtus
516 1516 625 1542 eorum,
641 1519 651 1536 ι
684 1515 711 1538 et
733 1518 901 1546 quarcunque
915 1513 966 1540 alia
985 1513 1019 1542 de

1076 257 1141 287 νίως
1159 255 1206 282 καὶ
1216 256 1379 291 άρρεύστως
1396 257 1444 284 καὶ
1461 258 1564 290 ἀΰλως.
1576 260 1623 287 καὶ
1633 255 1791 295 ἀσωμάτὶυς,
1806 264 1847 289 καὶ

1075 300 1190 333 ἀπαθῶς
1211 301 1258 328 τὸν
1275 302 1387 336 συμφυῆ
1401 302 1450 329 καὶ
1471 302 1615 337 όμοούσιον
1636 305 1683 332 καὶ
1710 306 1847 342 ἀδιαίρετον

1076 347 1160 375 αὑτοῦ
1187 347 1356 382 γεννήσαντα
1386 348 1484 382 Λόγον,
1502 349 1549 375 τὸν
1580 350 1713 386 μονογενῆ
1739 351 1808 384 rm,
1822 354 1848 379 τὸ

1076 394 1135 429 φῶς
1150 394 1180 421 τὸ
1191 393 1329 429 metm,
1341 395 1392 429 τὴν
1405 395 1498 426 ζῶσαν
1512 396 1626 430 Σοφίαν,
1637 397 1670 423 δι’
1680 394 1713 433 ἦς
1727 398 1759 425 τὰ
1770 399 1849 427 πάντα

1074 441 1105 467 ἐν
1122 440 1192 476 ἁγίῳ
1220 440 1332 475 ἐποίησε
1358 440 1511 476 Πνεῦματι.
1530 442 1632 469 Τοῦτον
1653 443 1682 470 δδ
1701 444 1746 471 τὸν
1770 446 1849 481 Λόγον

1073 486 1161 518 οὕτως
1176 486 1405 522 ἐπιμαρτυροῦσι
1419 487 1542 521 θεολογεῖ
1552 506 1562 520 ,

1075 555 1129 582 Καὶ
1147 555 1202 588 εἰς’
1216 554 1271 582 ἕνα
1297 555 1406 588 Κύριον
1428 554 1553 588 Ἰησοῦν
1565 555 1697 588 Χριστὸν
1710 555 1762 584 τὸν
1789 557 1850 584 rm

1268 589 1321 616 τοῦ
1337 588 1412 616 Θεοῦ
1426 590 1481 616 τὸν
1495 589 1660 625 μονογενῆ.
1863 611 1865 615 ι

1109 647 1166 673 Οὐκ
1177 646 1224 680 ἀφ’
1239 645 1339 678 ἑαυτῆς
1365 646 1507 679 φάσκουσα
1532 639 1621 680 τοῦτο,
1638 647 1685 674 τον
1710 648 1811 676 Παῦλον
1826 648 1851 675 δὲ

1074 691 1228 718 πλουτοῦσα
1241 691 1413 718 διδάσκαλον.
1432 690 1513 726 Ἦμῖν
1539 692 1605 726 γὰρ,
1625 692 1717 726 φησὶν,
1741 690 1779 724 εἷς
1792 693 1851 725 Θεὸς

1074 736 1089 763 ὸ
1105 734 1208 770 Πατὴρ,
1223 734 1252 767 ἐξ
1272 731 1303 762 οὗ
1319 735 1354 762 τὰ
1381 735 1482 768 πάντα,
1496 735 1543 762 καὶ
1570 733 1610 767 εἷς
1636 736 1736 771 Κύριος
1754 736 1851 772 ἕΙησοῦς

1075 780 1205 815 Χριστὸς,
1222 780 1256 807 δι’
1271 777 1303 807 οὗ
1317 780 1351 808 τὰ
1368 781 1458 808 πάντα
1484 780 1515 807 τὸ
1540 781 1591 813 τῆς
1607 781 1734 817 θεότητος
1748 782 1794 809 καὶ
1809 791 1851 809 κυ-

1074 829 1198 864 ριότητος
1210 828 1250 859 εἰς
1265 827 1294 853 ἓν
1310 827 1466 861 συνάγουσαι
1479 827 1575 861 ὄνομα.
1594 827 1730 862 Πρότερον
1743 828 1791 863 μὲν
1801 828 1850 863 γὰρ

1074 876 1137 910 ἔφη,
1155 874 1289 901 Πιστεύω
1305 875 1349 906 εἷς
1365 874 1419 901 ἕνα
1434 873 1508 901 Θεὸν
1527 874 1646 908 Πατέρα
1658 882 1665 891 ·
1681 875 1712 901 οὐ
1735 874 1850 907 πολλοὺς.

1073 921 1131 947 ἀλλ’
1145 921 1192 947 ἕνα
1210 920 1328 953 λέγουσα
1352 919 1429 951 Θεὸν,
1444 920 1491 945 καὶ
1511 918 1605 945 τοῦτον
1625 919 1745 954 Πατέρα,
1768 920 1849 954 τίνοςς

1073 969 1103 995 οὒ
1117 968 1171 994 τῶν
1185 967 1344 1001 κτισμάτων
1362 966 1447 1000 ἡμῶν,
1461 965 1498 997 ὡς
1512 965 1660 999 δεδήλωται
1674 974 1680 982 ·
1695 966 1726 992 οὐ
1742 965 1795 1002 γὰρ
1805 965 1851 1000 φύ-

1073 1021 1115 1040 σει
1128 1014 1207 1047 ἡμεῖς
1223 1013 1254 1038 ὲκ
1267 1011 1345 1043 Θεοῦ,
1356 1011 1497 1045 ποιήματα
1509 1010 1563 1044 γάρ
1577 1018 1584 1024 ·
1601 1009 1671 1036 ἀλλὰ
1682 1010 1788 1045 Πατέρα
1801 1011 1850 1037 τῶν

1072 1061 1180 1093 φώτων,
1194 1059 1232 1089 ὡς
1246 1058 1259 1083 ὁ
1275 1057 1449 1091 ’Δδελφόοεος
1463 1057 1577 1092 γράφει,
1595 1056 1642 1083 τοῦ
1659 1057 1745 1098 ᾼόγου
1757 1055 1850 1092 δηλαδὴ

1072 1106 1120 1132 καὶΙ
1133 1105 1180 1131 τοῦ
1194 1104 1361 1138 Πνεύματος,
1378 1103 1424 1129 τοῦ
1439 1103 1489 1137 μὲν
1505 1103 1627 1137 ἀχρὸνως
1649 1102 1679 1135 ἒξ
1699 1103 1779 1130 αὐτοῦ
1793 1111 1848 1136 rev-

1072 1152 1207 1186 νωμὲνου,
1232 1150 1279 1175 τοῦ
1303 1149 1331 1175 δὲ
1350 1148 1579 1183 ἐκπορευομένου.
1606 1148 1652 1175 Διὺ
1673 1149 1718 1175 καὶ
1739 1149 1801 1175 Θεὸν
1812 1149 1863 1176 ὶέ-’

1070 1206 1157 1231 γουσα
1172 1197 1217 1222 τὸν
1232 1196 1350 1228 Πατέρα,
1367 1195 1417 1221 καὶ
1429 1194 1531 1228 Κύριον
1543 1194 1625 1220 αὐτὸν
1645 1194 1715 1229 μετὰ
1728 1193 1776 1228 τῆς
1787 1194 1849 1229 Γραο

1069 1243 1124 1277 φῆς
1140 1240 1286 1276 ὀνομάζει·
1303 1241 1350 1267 καὶ
1362 1240 1407 1266 τὸν
1423 1239 1486 1265 Υἱὸν
1502 1239 1530 1265 δὲ
1546 1239 1669 1281 καλοῦσα
1683 1239 1793 1274 Κύριον,
1806 1239 1848 1266 καὶ

1068 1289 1134 1315 Θεὸν
1150 1288 1239 1318 αὑτὸν,
1261 1287 1298 1317 ὡς
1315 1286 1331 1320 ἡ
1354 1285 1450 1320 Γραφὴ
1467 1285 1622 1320 μαρτυρεῖ·
1639 1285 1689 1311 καὶ
1713 1284 1776 1316 Θεὸς
1789 1283 1848 1311 ὣνῦ

1068 1334 1163 1368 Πατὴρ
1182 1333 1228 1359 καὶ
1255 1331 1358 1364 Κύριος
1376 1331 1424 1357 καὶ
1452 1329 1631 1364 δημιουργὸς.
1656 1330 1704 1357 καὶ
1718 1330 1732 1356 ὸ
1752 1328 1808 1362 Υἱὸς
1821 1330 1847 1357 6ο

1068 1380 1152 1414 μοὶως
1166 1378 1212 1404 καὶ
1237 1378 1266 1403 τὸ
1282 1377 1395 1411 Πνεῦμα
1412 1376 1441 1402 τὺ
1458 1375 1551 1409 ἅγιον·
1573 1375 1621 1402 καὶ
1633 1370 1677 1407 εἷς
1690 1375 1755 1407 Θεὸς
1768 1376 1781 1401 ὁ
1796 1375 1847 1401 Πα-

1066 1426 1118 1459 τὴρ
1134 1423 1203 1458 μετὰ
1219 1421 1266 1449 τοῦ
1294 1421 1381 1455 Λόγου
1406 1421 1466 1447 ἐστὶ
1481 1420 1587 1448 καὶτοῦ
1609 1422 1768 1456 Πνεύματος
1779 1429 1786 1437 ·
1803 1420 1846 1447 καὶ

1070 1472 1171 1506 Κύριος
1191 1470 1300 1496 πάντων
1324 1468 1411 1500 οὗτος.
1440 1468 1487 1495 καὶ
1506 1468 1674 1503 δημιουργὸς
1689 1468 1777 1503 πάσης
1793 1467 1845 1494 κτι-

1070 1525 1150 1547 σεως.
1167 1516 1222 1542 Καὶ
1237 1515 1317 1541 τοῦτο
1334 1514 1416 1540 Δαὸὶδ
1432 1514 1628 1548 ἐπιμαρτυρεῖ,
1646 1513 1689 1546 Τῷ
1703 1514 1781 1548 λόγῳ
1796 1514 1845 1540 Κυ-

224 1551 295 1579 Filio
311 1557 338 1579 et
350 1553 453 1587 Spiritu
466 1553 559 1581 divina
572 1555 638 1582 dicit
651 1555 804 1591 Scriptura.
818 1557 870 1585 Sed
887 1561 1017 1594 quemad-

1067 1564 1149 1599 plov,
1165 1562 1262 1596 ὶέγων,
1279 1563 1306 1588 οὶ
1327 1558 1452 1594 οὐρανοὶ
1472 1559 1712 1593 ἐστερεώθησαν,
1736 1558 1784 1586 καί
1809 1556 1844 1590 τῷ

226 1598 340 1625 modum
356 1599 471 1633 impium
488 1605 568 1627 estet
582 1602 663 1629 atheo
674 1602 787 1637 dignum
798 1604 820 1630 si
833 1604 917 1632 Deum
934 1613 1018 1642 negas

225 1651 296 1675 esse,
315 1645 372 1678 pari
389 1645 494 1672 insania
512 1646 618 1673 laborat
632 1647 678 1681 qui
696 1648 781 1675 Deum
798 1650 907 1685 quidem
928 1653 1017 1678 conli-

225 1694 309 1720 tetur,
321 1695 460 1717 carentem
478 1695 568 1718 tamen
579 1691 678 1724 Verbo,
692 1694 751 1720 viva
768 1695 853 1729 ipsius
865 1696 1015 1731 Sapientia,

224 1736 342 1766 potentia
356 1744 403 1770 per
421 1743 450 1763 se
462 1739 620 1771 cxsistente,
640 1747 702 1766 vera
715 1740 841 1775 imagine,
858 1742 1016 1771 charactere

223 1786 250 1807 ιιι
263 1781 422 1809 substantiae
440 1783 600 1817 splendore;
618 1789 643 1811 et
659 1786 765 1813 viviﬁco
782 1787 895 1821 Spiritu,
911 1790 1013 1816 sancti-

223 1829 322 1854 ticanle
336 1833 362 1855 ct
377 1829 469 1856 omnia
481 1830 636 1857 viviﬁcante
647 1850 654 1862 ,
683 1839 729 1865 per
747 1840 777 1859 se
791 1834 940 1861 exsistcnte
954 1835 1013 1867 ejus

223 1873 460 1905 potentia.Natura
475 1875 645 1903 fructilicans
659 1877 787 1911 cilicacia,
806 1883 833 1905 ut
852 1886 964 1908 sanctus
975 1882 1013 1908 ait

222 1919 355 1953 tiyrillus,
370 1920 431 1947 sine
446 1928 562 1956 corpore
579 1923 606 1949 in
620 1923 674 1950 Deo
687 1928 739 1956 est,
761 1925 813 1959 ipsi
830 1926 935 1960 absque
953 1935 1010 1953 ma-

222 1966 289 1992 teria
305 1966 481 2000 coexistens;
499 1972 527 1994 et
545 1967 624 1996 divus
646 1968 796 2005 Dionysius
809 1990 816 2003 ,
833 1979 847 1997 a
865 1972 920 1999 Deo
937 1974 1012 2008 geni-

221 2016 279 2037 tum
304 2018 365 2038 esse
390 2012 457 2039 dicit
482 2012 509 2039 in
532 2012 697 2049 Patrezqui
725 2015 808 2049 igitur
833 2019 1010 2052 contemptim

223 2056 297 2083 hunc
318 2056 353 2083 ab
377 2056 422 2084 illo
447 2063 567 2091 separat,
585 2060 781 2093 perfectionem
801 2062 852 2096 ipsi
877 2070 932 2090 nou
953 2064 1010 2091 dat.

220 2102 274 2129 Sed
297 2106 325 2130 et
346 2104 464 2137 creatio,
482 2103 641 2132 Creatorem
672 2111 753 2141 prout
777 2112 868 2143 potest
888 2109 1009 2143 imitans,

220 2147 381 2182 proclamat,
401 2150 514 2184 propius
526 2151 637 2185 quidem
654 2157 682 2180 et
696 2153 756 2181 sine
773 2161 889 2188 corpore
904 2155 1010 2184 intelle-

221 2194 332 2225 ctualis,
351 2196 490 2223 sunsibilis
510 2204 574 2224 vero
597 2198 717 2225 crassius
734 2203 761 2226 et
774 2200 924 2227 secundum
939 2201 1009 2229 divi-

1067 1610 1215 1643 Πνεύματι
1229 1607 1281 1634 τοῦ
1302 1606 1452 1640 στόματος
1477 1604 1571 1632 αὑτοῦ
1585 1604 1672 1632 πᾶσα
1695 1605 1714 1639 ἡ
1727 1604 1844 1639 δύναμις

1067 1655 1178 1687 αὐτῶν,
1199 1654 1245 1680 καὶ
1270 1654 1374 1686 ὅσαπερ
1401 1651 1469 1678 ἄλλα
1496 1650 1561 1684 περὶ
1577 1650 1623 1677 τοῦ
1641 1650 1707 1677 Υῑοῦ
1734 1652 1780 1676 καὶ
1802 1648 1844 1676 τοῦ

1066 1702 1226 1736 Πνεῦματος
1242 1700 1257 1733 ἡ
1272 1698 1331 1725 θεία
1342 1698 1440 1733 φάσκει
1456 1696 1654 1732 Γραφή.Ἀλλὰ
1668 1697 1726 1729 καὶ,
1738 1695 1773 1727 ὡς
1786 1695 1843 1722 das-

1065 1749 1111 1778 ὁές
1127 1756 1156 1773 τε
1171 1747 1215 1772 καὶ
1233 1745 1313 1771 ἄθεον
1324 1744 1353 1769 τὸ
1363 1744 1400 1778 μὴ
1411 1742 1576 1776 εἶναιλέγειν
1590 1741 1657 1768 Θεὸν
1673 1742 1721 1777 τῆς
1732 1743 1790 1776 ῐσης
1799 1749 1845 1783 μαι

1065 1794 1135 1825 νὶας,
1153 1793 1200 1818 καὶ
1218 1792 1263 1817 τὸν
1277 1790 1344 1816 Θεὸν
1368 1789 1418 1823 μὲν
1433 1788 1513 1822 δῆθεν
1529 1787 1682 1821 ὁμολογεῖν,
1696 1787 1806 1822 ἄμοιρον
1819 1785 1843 1811 δι

1063 1838 1159 1865 τοῦτον
1175 1837 1270 1870 λόγου,
1290 1837 1339 1867 τῆς
1355 1834 1446 1868 ζώσης
1462 1833 1546 1860 αὑτοῦ
1568 1833 1680 1868 Σοφίας,
1695 1834 1745 1867 τῆς
1754 1833 1842 1859 Evom-

1065 1884 1163 1910 οτάτου
1181 1881 1262 1908 αὑτοῦ
1277 1880 1429 1914 δυνάμεως,
1446 1879 1551 1910 εἰκόνος
1564 1887 1594 1905 τε
1611 1878 1730 1913 ἀληθοῦς
1742 1877 1788 1904 καὶ
1799 1885 1846 1912 χα-

1064 1928 1201 1965 ρακτῆρος
1231 1928 1278 1953 καὶ
1308 1926 1526 1959 ἁπαυγάσματος
1555 1924 1604 1951 καὶ
1636 1924 1685 1950 τοῦ
1718 1919 1844 1956 ζωοποιοίῖ

1063 1975 1233 2008 Πνεύματος,
1260 1972 1309 2006 τῆς
1336 1971 1500 2005 ἁγιαστικῆς
1531 1970 1579 1997 καὶ
1603 1969 1790 2004 ζωοποιοὺσης
1811 1966 1842 1994 τὰ

1063 2021 1153 2048 πάντα
1168 2019 1352 2046 ὲνυποστάτου
1372 2016 1453 2044 αὐτοῦ
1478 2017 1631 2051 δυνάμεως.
1647 2016 1686 2043 Τὸ
1701 2018 1755 2051 γὰρ
1769 2015 1841 2050 φύσει

1062 2066 1229 2101 καρπογόνον
1250 2064 1287 2095 ὠς
1310 2064 1323 2090 ὁ
1346 2063 1418 2098 ἱερός
1433 2071 1500 2097 φησι
1524 2060 1672 2096 Κύριλλος,
1697 2060 1841 2096 ἀσωμάτως

1061 2113 1135 2138 ἐστὶν
1163 2112 1192 2136 ὲν
1207 2110 1246 2145 τῷ
1261 2109 1331 2144 Θεῷ,
1359 2108 1434 2142 αὐτῷ
1459 2107 1632 2143 συνυπάρχον
1646 2108 1747 2139 se)“;
1765 2105 1813 2133 Καὶ
1827 2105 1840 2131 ὁ

1061 2157 1133 2186 οεῐος
1160 2155 1188 2182 δὲ
1211 2155 1349 2185 Διονύσιος
1370 2154 1399 2180 τὸ
1416 2152 1541 2186 θεογόνον
1557 2149 1627 2179 εἶναι
1649 2161 1734 2187 φησιν
1758 2152 1786 2178 ἐν
1805 2149 1841 2184 τῷ

1062 2201 1161 2235 Πατρί.
1181 2200 1209 2226 '0
1234 2200 1325 2226 τοίνυν
1349 2198 1445 2225 τούτου
1462 2197 1558 2224 τοῦτον
1579 2197 1738 2232 ἀποστερῶν
1757 2200 1839 2230 παρα-

222 2239 339 2272 sionem,
351 2238 516 2268 elllueutiam
533 2246 558 2268 ct
572 2249 682 2270 sensus.
697 2244 726 2272 Si
739 2244 821 2279 igitur
834 2246 866 2273 ad
879 2245 906 2273 id
917 2248 1009 2274 omnia
1021 2244 1025 2274 i

1067 2247 1168 2282 ppévw;
1181 2246 1212 2271 οὐ
1221 2245 1250 2271 τὸ
1264 2245 1367 2271 τέλειον
1382 2243 1456 2278 αὐτῷ
1467 2243 1586 2270 δίδωσιν.
1595 2243 1677 2270 Ἀλλὰ
1687 2243 1753 2277 καὶὴ
1761 2241 1841 2271 κτίσις

218 2284 347 2316 tendunt,
363 2285 395 2311 ad
407 2285 626 2315 t'ructiﬂcandum
646 2289 756 2322 similia,
773 2295 800 2318 et
814 2291 1009 2320 intellectualis

217 2331 328 2364 quidem
345 2331 508 2365 sapientiam
529 2334 700 2368 spiritualius
725 2335 753 2363 in
777 2337 876 2372 seipsis
893 2339 1008 2373 gignunt

216 2377 243 2403 in
259 2377 368 2404 vivente
388 2377 498 2412 spiritu,
515 2380 654 2407 sensibilia
671 2389 735 2409 vero
748 2387 833 2417 prout
846 2383 949 2412 dictum
965 2391 1006 2412 est

215 2422 392 2455 sensibiliter,
402 2430 416 2450 a
433 2423 488 2452 Deo
503 2432 568 2452 vero
583 2427 673 2454 omnia
687 2435 696 2460 ;
708 2429 846 2462 quomodo
859 2429 902 2457 his
914 2430 1005 2458 minor

215 2468 260 2500 qui
278 2475 309 2495 ea
329 2469 452 2496 condidit
467 2470 556 2498 Deus?
570 2471 662 2506 Itaque
678 2480 750 2500 unus
762 2473 843 2502 Pater
857 2483 940 2503 unum
954 2476 1002 2503 Fi-

216 2513 283 2540 lium
301 2513 509 2548 inseparabilem
523 2516 603 2544 habet
619 2518 666 2551 qui
679 2523 705 2545 et
717 2526 749 2546 ex
765 2519 824 2554 ipso
836 2521 1005 2556 unigenitus,

216 2560 304 2592 ipsius
318 2567 426 2595 semper
445 2560 531 2589 Filius
546 2562 652 2597 absque
676 2566 792 2597 Corpore
813 2566 933 2600 genitus.
951 2566 1004 2594 lla-

216 2612 269 2636 que
285 2609 313 2632 et
328 2606 431 2638 optime
441 2606 508 2634 dicit
523 2615 532 2634 ε

1060 2291 1106 2317 τὸν
1125 2290 1243 2325 κτίστην
1260 2289 1297 2320 ὡς
1319 2290 1438 2323 ἐγχωρεῖ
1464 2288 1672 2323 ὲξομοιουμὲνη,
1695 2287 1838 2323 κηρύσσει·

1062 2335 1210 2370 ἐγγύτερον
1225 2334 1273 2369 μὲν
1285 2334 1334 2361 καὶ
1349 2334 1504 2368 ἁσωμάτως
1518 2333 1535 2368 ἠ
1547 2333 1641 2369 νοητὴ,
1655 2334 1672 2369 ὴ
1687 2332 1799 2368 αἰσθητὴ
1810 2329 1838 2357 δι

1060 2381 1224 2415 παχυτέρως
1247 2388 1276 2406 τε
1298 2379 1344 2406 καὶ
1361 2380 1433 2406 κατὰ
1447 2379 1535 2414 τομὴν
1553 2379 1602 2405 καὶ
1619 2379 1714 2414 ῥεῦσιν
1734 2379 1780 2406 καὶ
1795 2377 1837 2404 αι-

1062 2429 1168 2462 σθησιν.
1185 2427 1215 2453 Εί
1231 2425 1277 2453 οὖν
1301 2426 1391 2452 πάντα
1406 2425 1473 2460 πρὸς
1491 2425 1571 2451 τοῦτο
1584 2426 1645 2461 ὁρᾷ,
1662 2425 1691 2452 τδ
1704 2426 1834 2460 καρπογο-

1059 2475 1114 2501 νεῖν
1132 2474 1222 2508 ὅμοια,
1244 2473 1292 2498 καὶ
1303 2471 1337 2498 τὰ.
1352 2471 1402 2506 μὲν
1418 2470 1514 2505 λογικά
1531 2471 1632 2505 μᾶλλον
1643 2467 1744 2506 νοητῶς
1755 2469 1834 2497 τίκτει

1058 2521 1107 2555 τὴν
1123 2518 1220 2552 σοφίαν
1235 2517 1264 2543 ὲν
1275 2516 1381 2548 ἑαυτοῖς
1399 2517 1429 2542 ἐν
1443 2516 1482 2551 τῷ
1496 2515 1577 2548 ζῶντι
1601 2516 1750 2551 Πνεΰματι,
1764 2514 1796 2541 τὰ
1807 2513 1834 2540 δι
1861 2514 1865 2518 ’

1060 2558 1189 2600 αεὶτοητά,
1205 2563 1300 2598 ὥσπερ
1320 2563 1439 2598 εἴρηται,
1456 2561 1603 2597 αἰσθητῶς,
1617 2562 1652 2588 τὰ
1665 2561 1753 2588 πάντα
1766 2560 1794 2587 δὲ
1804 2559 1834 2584 ὲκ

1059 2599 1143 2638 Θεοῦζ
1163 2610 1221 2642 πῶς
1231 2609 1349 2636 ἐλάττων
1363 2611 1465 2636 τούτων
1480 2610 1494 2635 ὁ
1511 2610 1607 2640 κτίσας
1617 2607 1687 2635 αὐτὰ
1698 2607 1762 2639 Θεός
1770 2614 1779 2640 ;
1789 2605 1834 2632 Διά

214 2655 294 2681 τοῦτο
314 2653 354 2686 εἷς
374 2654 440 2681 ὣνὸ
456 2654 562 2688 Πατὴρ,
583 2653 631 2680 καὶ
655 2653 704 2680 ἕνα
723 2653 787 2680 Υἱὺν
812 2663 908 2682 τουτον
925 2655 1080 2690 ἀχώριστον
1107 2657 1176 2692 ἔχει,
1210 2657 1240 2689 ὃς
1270 2658 1317 2684 καὶ
1347 2657 1496 2694 μονογενὴς
1520 2657 1552 2692 ἐξ
1581 2657 1675 2692 αὐτοῦ,
1708 2657 1755 2684 καὶ
1789 2653 1831 2682 at

213 2699 277 2732 Υἱὸς
292 2701 386 2733 αὑτοῦ,
414 2699 570 2733 ἀσωμάτοις
591 2699 802 2735 γεγεννημένος.
826 2701 871 2727 Διὸ
887 2702 935 2728 καὶ
953 2702 1046 2733 καλῶς
1063 2712 1131 2738 φησι
1144 2711 1153 2719 ο

215 2775 248 2801 Et
265 2775 292 2802 in
307 2782 390 2801 unum
407 2772 548 2800 Doniinunt
561 2772 651 2800 Jesu‘m
664 2773 795 2802 Christum
823 2774 925 2802 Filium
951 2774 1005 2803 Dei

523 2809 697 2843 unigenitum.

251 2865 335 2893 Paulo
354 2865 437 2894 altius
457 2865 636 2901 repetendum
657 2875 664 2894 :
684 2871 751 2901 lum,
783 2868 811 2895 in
837 2876 922 2897 unum
935 2867 1005 2895 dici-

1056 2777 1109 2805 Kal
1124 2777 1167 2810 είς
1181 2776 1235 2803 ἕνα
1257 2776 1368 2808 Κύριον
1388 2774 1514 2808 Ἰησοῦν
1533 2775 1664 2809 Χριστὸν
1689 2775 1742 2802 τὸν
1769 2773 1832 2802 Υιὸν

1247 2811 1300 2837 τοῦ
1323 2810 1396 2837 Θεοῦ
1412 2810 1465 2836 τὸν
1477 2810 1643 2845 μονογενῆ.

1094 2866 1315 2902 Ἐπαναληπτέον
1330 2867 1357 2893 δὲ
1377 2866 1422 2893 τὸν
1438 2866 1517 2901 λόγον
1549 2866 1640 2893 πάλιν.
1665 2866 1701 2893 Te
1714 2865 1764 2900 μὲν
1783 2861 1827 2891 οὖν
