4056 6462
316 393 416 454 761

1372 400 1795 461 EXPOSITIO
1838 401 2059 459 S\(‘.Rl
2114 392 2466 460 SYMBOU.
2520 408 2523 409 ⁷

3465 400 3565 462 7θὲ

310 512 398 572 εἰς
442 506 553 559 ἕνα
581 505 774 570 εἰπεῖν,
816 505 894 559 ὅτι
927 505 1023 557 οὐκ
1053 504 1160 557 elei.
1194 504 1398 571 πολλοὶ,
1430 506 1546 558 ἀλλ’
1576 502 1655 567 εἷς
1682 508 1708 558 6
1753 508 1880 569 Υἱὸς

1998 514 2095 567 tur,
2137 505 2260 572 quia
2290 520 2395 558 non
2446 505 2598 558 multi
2635 505 2729 559 sed
2763 522 2896 559 unus
2947 506 3040 560 Dei
3105 506 3277 560 Filius
3308 516 3414 567 est,
3454 518 3564 557 tum

312 598 411 652 τοῦ
442 597 612 650 Θεοῦ*
647 598 709 648 τὸ
761 595 818 649 δὲ
860 598 1098 663 Κύριον,
1153 598 1251 649 καὶ
1279 598 1362 649 ὅτι
1401 597 1605 668 Κύριος
1661 601 1883 651 πάντων

313 691 431 743 loti.
459 692 550 742 καὶ
583 690 669 742 διὰ
699 689 758 740 τὸ
798 689 1065 758 συμφυές.
1114 689 1269 742 Οὕτω
1318 691 1428 759 γὰρ
1476 692 1571 744 καὶ
1620 694 1647 744 6
1695 693 1885 760 Πατὴρ

313 782 641 851 ὀνομάζεται
689 782 913 849 Κύριος,
944 783 1084 836 καθὰ
1117 784 1180 851 δὴ
1235 785 1328 836 καὶ
1358 784 1386 835 ὁ
1422 786 1611 853 Πατὴρ
1634 785 1775 847 Θεὸς
1808 786 1883 837 ὢν

313 875 400 928 ἀεὶ
441 876 538 927 καὶ
568 872 928 942 καλούμενος,
958 874 1052 926 καὶ
1082 875 1110 925 6
1143 874 1272 937 Υἱὸς
1310 875 1513 944 ὁμοίως
1546 876 1676 939 Θεὸς
1702 878 1885 930 καλεῖ-

312 965 402 1017 ται
437 982 496 1017 τε
545 963 639 1017 καὶ
692 962 832 1018 ἐστι.
878 964 989 1018 Kal
1029 966 1174 1031 Θεὸς
1207 963 1286 1035 ἦν
1321 970 1353 1021 ὁ
1375 968 1585 1037 Λόγος,
1614 969 1675 1019 τὸ
1710 969 1885 1037 Εὐαγ-

313 1056 492 1123 γέλιόν
526 1072 680 1123 φησι.
748 1057 854 1108 Καὶ
895 1059 923 1109 6
972 1058 1332 1127 ὴγαπημένος
1380 1061 1511 1130 περὶ
1564 1060 1660 1114 τοῦ
1710 1061 1876 1114 Pio-3°

308 1146 499 1213 Οὗτός
533 1149 706 1219 ἐστιν
739 1151 772 1201 ὁ
805 1149 1095 1216 ἀληθινὸς
1132 1154 1308 1217 Θεός·
1342 1154 1442 1225 οὐχ
1483 1155 1559 1213 ὡς
1594 1153 1688 1206 δύο
1713 1154 1883 1207 ὄντων

314 1240 474 1303 θεῶν,
510 1238 690 1305 ἄπαγε
722 1238 734 1290 ι
771 1238 889 1290 ἀλλ’
929 1240 1004 1303 ὼς
1032 1241 1151 1303 ἑνὸς
1180 1243 1316 1296 Θεοῦ
1360 1244 1455 1296 τοῦ
1495 1246 1707 1315 [ἰατρὸς
1745 1247 1886 1314 μετά

312 1333 407 1387 τοῦ
432 1334 560 1387 Υἰοῦ
592 1350 653 1387 τε
685 1327 779 1386 καὶ
798 1336 937 1388 Πνεύ
949 1354 1138 1406 ματος,
1164 1338 1485 1409 ἀχωρίστως
1501 1332 1559 1396 ἒν
1590 1343 1738 1411 αὐτῷ
1766 1344 1888 1396 τού-

312 1442 418 1479 ⁴τιον
441 1424 635 1487 ὄντων,
655 1426 748 1477 καὶ
770 1428 870 1496 μιᾷ
886 1427 1116 1494 δυνάμει
1157 1431 1251 1481 καὶ
1275 1433 1528 1504 ἐνεργείᾳ
1549 1437 1889 1506 συνεχόνρων

313 1517 373 1569 τὸ
402 1518 530 1582 πᾶν,
562 1516 639 1580 ὡς
666 1516 905 1587 εἴρηται.
940 1519 1150 1589 Ἰησοῦν
1180 1522 1416 1591 Χριστὸν
1453 1526 1510 1577 δέ
1543 1527 1712 1596 296
1753 1544 1889 1596 φησι

196 1660 205 1663 ν
315 1608 406 1659 τὸν
438 1607 567 1660 Υἱὸν
588 1608 682 1661 τοῦ
713 1609 845 1660 Θεοῦ
873 1610 963 1663 τὸν
996 1614 1284 1679 μονογενῆ.
1309 1615 1395 1667 διὰ
1426 1616 1488 1669 τὸ
1535 1620 1887 1687 σαρκωθῆναι

315 1699 532 1766 ἀληθῶς
572 1702 637 1753 ὲκ
672 1700 946 1771 Παρθένου
987 1706 1077 1756 τὸν
1116 1706 1207 1759 τοῦ
1235 1707 1370 1762 Θεοῦ
1422 1711 1616 1778 Λόγον,
1650 1714 1743 1765 καὶ
1780 1714 1886 1781 ’1η-

1990 593 2292 657 Dominum,
2325 596 2450 663 quia
2490 594 2755 649 Dominus
2807 597 3057 650 omnium
3117 604 3202 650 est
3252 606 3306 649 et
3364 604 3571 647 natura:

1985 686 2320 739 consortimn
2364 687 2540 740 habet.
2576 687 2666 740 Sic
2724 696 2778 739 et
2817 686 2977 741 Pater
3015 699 3237 740 vocatur
3284 685 3567 748 Dominus,

1988 784 2247 841 tanquam
2282 777 2440 830 Pater
2468 775 2611 830 Deus
2642 793 2854 845 semper
2889 780 3164 833 exsistens
3220 788 3274 832 et
3316 790 3565 839 vocatus,

1985 873 2038 919 et
2074 864 2246 919 Filius
2281 867 2538 920 similiter
2577 869 2718 921 Deus
2760 877 2982 920 vocatur
3030 876 3076 921 et
3117 876 3234 921 est:
3297 868 3361 920 Et
3431 868 3566 920 Deus

1985 967 2100 1009 erat
2136 956 2375 1021 Verbum,
2412 961 2583 1024 inquit
2608 961 2979 1029 Evangelium.
3015 964 3079 1015 Et
3111 962 3341 1015 dilectus
3371 962 3438 1014 de
3479 961 3572 1013 Fi—

1989 1046 2062 1099 lio
2089 1048 2255 1101 dicit:
2301 1049 2400 1100 Hic
2446 1060 2522 1103 est
2579 1068 2726 1104 verus
2777 1052 2939 1117 Deus,
2992 1068 3103 1105 non
3137 1054 3289 1120 quasi
3319 1055 3427 1105 duo
3459 1056 3570 1106 sint

1994 1136 2104 1199 dii,
2147 1139 2323 1192 absit!
2360 1141 2452 1194 sed
2482 1143 2625 1209 quod
2660 1143 2728 1195 sit
2758 1159 2898 1196 unus
2928 1144 3067 1198 Deus
3098 1143 3395 1197 Paterrum
3433 1144 3570 1197 Filio

1997 1240 2051 1285 et
2085 1231 2323 1300 Spiritu,
2361 1234 2801 1301 inseparabiliter
2826 1237 2878 1290 in
2896 1253 2959 1289 eo
2983 1237 3347 1291 existentibus
3383 1248 3437 1291 et
3464 1254 3570 1291 una

1991 1329 2256 1389 potestate
2288 1332 2343 1375 et
2363 1324 2600 1379 eﬂicacia
2637 1328 2841 1390 oumia,
2876 1335 2933 1377 ut
2972 1327 3177 1381 dictum
3215 1336 3300 1380 est
3337 1368 3351 1391 ,
3387 1330 3569 1380 conti-

1992 1415 2265 1468 nentibus.
2309 1415 2493 1469 Jesnm
2527 1417 2812 1471 Christum
2848 1421 2922 1471 ait
2953 1420 3148 1474 Filium
3188 1421 3281 1474 Dei
3321 1422 3571 1489 unigeni-

1993 1516 2129 1567 tum,
2160 1507 2286 1573 quia
2322 1523 2444 1561 vere
2474 1525 2503 1561 e
2529 1510 2692 1563 Maria
2731 1510 2948 1579 Virgine
2979 1512 3318 1565 incarnatum
3359 1524 3443 1565 est
3478 1511 3570 1564 Dei

1991 1596 2251 1663 Verbum,
2277 1607 2436 1668 atque
2469 1597 2628 1654 Jesus
2663 1610 2888 1655 vocatus
2925 1611 3027 1666 est,
3064 1611 3117 1656 et
3144 1602 3397 1656 Christus
3428 1603 3573 1655 cele-

1992 1687 2203 1744 bratus.
2268 1690 2516 1745 Hominis
2572 1696 2718 1746 enim
2780 1706 3027 1746 naturam
3079 1695 3173 1763 qui
3235 1693 3562 1761 assumpsit,

316 1792 443 1844 σοῦν
473 1791 761 1862 κληθῆναι,
787 1794 879 1847 καὶ
923 1796 1159 1865 Χριστὸν
1190 1799 1657 1873 ἀνακηρυχθῆναι.
1702 1806 1885 1859 Ἐναν-

1998 1797 2117 1833 eum
2143 1797 2307 1835 carne
2339 1783 2612 1837 indivisus
2654 1786 2875 1839 mansit.
2909 1784 3002 1838 Dei
3039 1800 3168 1854 ergo
3226 1786 3567 1850 unigenitum

317 1884 615 1953 θρωπήσας
642 1886 772 1953 γὰρ,
806 1889 946 1950 μετὰ
977 1890 1075 1959 τῆς
1107 1894 1310 1960 σαρκὸς
1351 1896 1653 1962 ἀδιαίρετος
1680 1898 1887 1965 ἔμεινε.

313 1977 418 2029 Τὸν
452 1976 582 2030 Υίὺν
609 1974 702 2031 οὖν
729 1979 825 2032 τοῦ
855 1980 989 2035 Θεοῦ
1014 1983 1107 2035 τὸν
1136 1988 1405 2056 μογογενῆ
1425 1989 1630 2058 Ἰησοῦν
1657 1992 1891 2062 Χριστὸν

312 2070 484 2137 λέγει,
515 2071 588 2133 ὡς
620 2071 712 2125 τὸν
738 2073 903 2128 αὐτὸν
930 2075 1062 2128 Θεὸν
1089 2077 1236 2143 ὄντα,
1282 2080 1379 2131 καὶ
1409 2081 1703 2152 ἄνθρωπον
1732 2102 1889 2152 γεγο-

314 2164 443 2214 νότα
472 2176 488 2191 ⁶
525 2165 792 2233 μονογενῆ
823 2167 901 2231 δὲ,
941 2168 1029 2220 διὰ
1063 2169 1123 2221 τὸ
1160 2172 1322 2239 μόνον
1367 2175 1429 2225 ὲκ
1466 2176 1626 2242 μόνου
1656 2177 1750 2229 τοῦ
1784 2179 1892 2230 Πα-

314 2254 441 2321 τρὸς
509 2254 697 2310 τοῦτον
734 2253 873 2312 εἶναι
906 2262 1201 2332 γεννητῶς.
1233 2265 1297 2318 ’Ὀ
1328 2266 1422 2319 καὶ
1454 2268 1893 2340 διερμηνεύουσα

313 2346 495 2414 λέγει*

318 2475 431 2527 Τὸν
451 2474 519 2528 ἐκ
547 2475 653 2529 τοῦ
692 2480 925 2548 Πατρός
958 2486 1325 2607 γεῖγηθέντα
1346 2491 1461 2558 πρὸ
1500 2484 1746 2547 πάιλτων
1766 2496 1891 2550 τῶν

979 2573 1015 2607 α
1043 2573 1225 2607 ωνων.

979 2573 1225 2611 αιωνων.

392 2657 464 2709 Οὐ
499 2657 609 2727 γὰρ
632 2660 857 2714 ἄλλοθέν
877 2663 1044 2729 ἐστιν,
1084 2667 1199 2719 ἀλλ’
1230 2670 1293 2723 ὲκ
1322 2673 1412 2726 τοῦ
1448 2676 1679 2745 Πατρός,
1708 2681 1800 2733 καὶ
1827 2682 1888 2734 οὺ

317 2747 459 2800 κατὰ
493 2750 617 2811 τοὺς
648 2750 863 2817 ἀθέους,
898 2755 930 2825 ἢ
960 2758 1021 2808 ἐκ
1058 2757 1197 2811 θεῶν
1233 2764 1505 2834 μητέρων,
1532 2769 1564 2833 ἦ
1615 2773 1893 2837 γυναικῶν

316 2837 517 2903 ἀθέων,
553 2840 629 2903 ὡς
672 2844 845 2899 ταῦτα
878 2847 1132 2915 δαίμονες
1172 2857 1289 2916 τοῖς
1327 2859 1704 2929 πλανωμένοις
1759 2867 1889 2936 περὶ

319 2932 535 3027 ψευδῶν
568 2952 730 2990 τινων
757 2938 1083 3011 προῦλεγον,
1116 2947 1195 3009 εἰς
1226 2949 1484 3020 ἀθέτησιν
1516 2956 1611 3008 τοῦ
1650 2932 1895 3027 Μονογ-ε-

321 3020 469 3090 νοῦς,
506 3027 603 3076 καὶ
644 3030 740 3095 τῆς
776 3030 942 3083 αὐτοῦ
998 3036 1309 3108 οἰκονομίας
1360 3043 1607 3113 ἄρνησιν,
1655 3049 1772 3102 ἀλλ’
1810 3020 1893 3106 ⁷ὲκ

483 3116 571 3169 ἀεὶ
623 3116 825 3184 ζῶντος
876 3126 971 3177 καὶ
1031 3130 1197 3197 μόνου
1254 3131 1389 3187 Θεοῦ
1456 3138 1671 3211 Πατρὸς
1732 3144 1894 3213 μόνος

324 3192 474 3269 Υἱός.
997 3192 1045 3295 ,⁷

324 3342 445 3398 Τὸν
474 3344 543 3400 ἐκ
567 3347 674 3403 τοῦ
700 3352 927 3422 Πατρός
952 3363 1317 3435 τεγνηθέντα
1359 3366 1473 3435 πρὸ
1504 3370 1746 3426 πάντων
1776 3372 1896 3429 τῶν

983 3429 1233 3486 αἰώνων.

398 3532 473 3586 Οὐ
512 3536 621 3607 γὰρ
647 3538 1008 3613 ὑστερογενὴς
1038 3543 1133 3597 τοῦ
1170 3547 1401 3618 Πατρδς,
1440 3550 1526 3607 ἵνα
1570 3558 1643 3623 μὴ
1677 3558 1772 3611 καὶ
1797 3561 1896 3613 οὐκ

327 3622 406 3678 ὧν
438 3645 568 3680 ποτε
613 3624 804 3702 Πατὴρ
854 3635 1125 3707 ὑπονοηθῇ
1159 3642 1185 3692 6
1218 3643 1425 3712 Πατὴρ,
1460 3647 1554 3699 καὶ
1584 3651 1780 3721 ἀτελὴς
1809 3654 1897 3707 διὰ

325 3717 504 3785 τοῦτο,
550 3720 581 3789 ἦ
617 3723 643 3774 6
675 3722 799 3785 re;
853 3725 929 3796 μὴ
971 3727 1089 3791 ὅλος
1134 3730 1211 3784 ὧν
1247 3750 1379 3787 ποτε
1422 3737 1570 3799 Υἱὸς,
1603 3717 1796 3810 ἀτελὴς
1822 3744 1897 3799 ὢν

327 3810 425 3903 διαὶ
480 3812 665 3879 αὐτὸς,
717 3815 835 3868 ἀλλ’
868 3818 942 3880 ὡς
970 3820 1174 3884 τέλειος
1203 3825 1231 3875 6
1263 3827 1453 3896 Πατήρ
1476 3845 1491 3859 ·
1535 3834 1631 3885 καὶ
1670 3834 1778 3903 γὰρ
1811 3838 1898 3890 ἀεὶ

326 3897 404 3953 ὢν
445 3902 560 3953 ἐστι
593 3904 807 3974 Πατὴρ,
832 3908 928 3961 καὶ
953 3912 979 3961 ὁ
1014 3910 1140 3975 Υἱὸς
1172 3915 1374 3979 τέλειος
1401 3920 1488 3971 ἀεὶ
1513 3919 1588 3972 ὢν
1624 3897 1771 3987 Υέός.
1800 3928 1899 3981 Διά

327 3992 487 4045 τοῦτο
519 3995 625 4063 πρὸ
672 3996 778 4049 τῶν
825 4002 1040 4053 αἰώνων
1062 4020 1076 4035 ⁸
1113 4006 1274 4069 αὐτὸς
1325 4011 1434 4080 γὰρ
1465 4012 1561 4063 καὶ
1590 4017 1715 4079 τοὺς
1762 4018 1897 4071 αζῶ-
1926 4003 1929 4007 ’

331 4101 427 4146 νας
484 4088 766 4158 ἐποίησεν.
806 4091 934 4144 Υἱὸν
976 4090 1069 4147 οὖν
1107 4097 1236 4152 ὄντα
1276 4118 1333 4152 τε
1391 4106 1485 4157 καὶ
1540 4107 1895 4178 καλούμενον,

330 4176 415 4321 ivga
482 4178 559 4250 μὴ
623 4181 763 4235 κατά
828 4184 999 4251 πάθος
1056 4204 1140 4253 τις
1200 4192 1363 4249 αὐτὸν
1425 4198 1670 4274 ὑπολάϐῃ
1714 4176 1896 4259 sixte-

332 4286 363 4321 σ
400 4287 477 4321 αι.

332 4286 477 4337 συαι,

896 4415 1023 4483 Φῶς
1048 4418 1117 4473 ἐκ
1143 4426 1340 4492 φωτός
1432 4410 1433 4415 η

1994 1873 2189 1926 Filium
2239 1872 2425 1927 Jesum
2479 1874 2758 1929 Christum
2818 1876 2972 1941 dicit,
3030 1876 3240 1929 scilicet
3302 1876 3555 1929 eumdem

1997 1962 2166 2015 Deum
2196 1963 2548 2017 exsistentem
2573 1979 2621 2016 et
2652 1966 2923 2018 hominem
2946 1966 3170 2020 factum.
3202 1964 3561 2034 Unigenilum

1993 2069 2123 2107 vero
2162 2054 2288 2122 quia
2313 2055 2462 2108 solus
2493 2070 2522 2107 e
2549 2056 2669 2109 solo
2707 2057 2863 2111 Patre
2897 2071 2992 2125 per
3017 2057 3425 2125 generationem
3467 2065 3569 2122 est,

1997 2147 2140 2214 quod
2180 2148 2544 2214 interpretans
2580 2148 2745 2201 dicit:

2174 2471 2261 2525 Ea:
2289 2468 2450 2525 Patre
2500 2474 2739 2543 genitum
2794 2484 2916 2530 ante
2954 2479 3134 2531 omnia
3178 2480 3396 2535 swcula.

2073 2630 2190 2684 Non
2227 2631 2373 2684 enim
2428 2632 2685 2697 aliunde,
2723 2634 2816 2688 sed
2847 2650 2877 2689 e
2906 2634 3071 2691 Patre
3098 2653 3113 2698 ;
3147 2652 3249 2692 nec
3272 2640 3575 2695 secundum

2002 2723 2192 2777 atlteos
2232 2737 2294 2775 ex
2322 2722 2548 2787 deabus,
2572 2734 2665 2777 aut
2684 2725 3011 2781 mulieribus
3041 2743 3147 2781 nou
3175 2729 3411 2795 deabus,
3433 2732 3577 2786 sicut

1998 2822 2249 2873 errantes
2277 2812 2543 2867 daemonia
2580 2814 2633 2867 in
2673 2814 3228 2883 fabulis-quibusdam
3255 2819 3381 2872 olim
3418 2821 3581 2875 doce-

2001 2903 2155 2965 bant,
2190 2900 2244 2956 iu
2296 2913 2670 2972 contemptum
2704 2902 2979 2973 Unigeniti
3008 2906 3234 2976 ejusque
3259 2912 3577 2964 oeconomia:

2001 2994 2339 3063 negationem
2372 3009 2385 3045 :
2417 2994 2513 3049 sed
2561 3009 2774 3065 semper
2802 2996 3037 3052 viventis
3070 2999 3241 3053 solius
3276 3000 3366 3053 Dei
3401 2999 3579 3057 Patris

2001 3088 2150 3143 solus
2217 3086 2409 3142 Filius.

2210 3329 2298 3384 Ea:
2325 3328 2487 3384 Patre
2511 3331 2744 3401 genitum
2784 3342 2906 3385 ante
2935 3332 3110 3385 omnia
3138 3333 3362 3390 sa’cula.

2001 3519 2005 3524 -
2070 3486 2190 3541 Non
2225 3488 2514 3556 posteriori
2549 3499 2829 3540 momento
2854 3503 2885 3542 e
2914 3488 3076 3543 Patre
3094 3492 3334 3558 genitus,
3361 3508 3431 3547 ne
3486 3509 3577 3546 su-

1999 3578 2246 3647 spicandi
2278 3578 2429 3631 locus
2460 3578 2603 3631 adsit
2626 3576 2772 3645 quod
2808 3578 3101 3647 aliquando
3127 3584 3285 3634 l’ater
3326 3598 3433 3635 non
3465 3583 3584 3638 fue-

2014 3667 2084 3717 rit
2117 3664 2297 3729 Pater,
2338 3666 2461 3719 ideo
2499 3666 2872 3734 imperfectus,
2905 3676 2998 3720 aut
3039 3667 3212 3723 Filius
3272 3686 3383 3725 non
3433 3680 3582 3730 totus

2002 3774 2217 3826 semper
2247 3758 2408 3811 fuerit
2444 3757 2640 3820 Filius,
2672 3760 3027 3828 imperfectus
3066 3771 3119 3816 et
3154 3764 3302 3833 ipse;
3336 3764 3428 3818 sed
3466 3775 3587 3819 tan-

2001 3865 2165 3919 quam
2205 3848 2476 3918 perfectus
2499 3850 2680 3914 Pater,
2704 3850 2913 3904 scilicet
2947 3868 3162 3921 semper
3185 3857 3454 3911 exsistens
3486 3856 3589 3909 Pa-

2004 3953 2082 3995 ter
2131 3951 2234 4005 est,
2262 3950 2332 4004 tet
2362 3940 2536 3996 Filius
2565 3943 2839 4011 perfectus
2867 3958 3080 4015 semper
3107 3945 3300 4003 Filius.
3333 3948 3586 4017 Propter-

2001 4048 2062 4085 ea
2128 4045 2255 4087 ante
2302 4035 2525 4099 saecula,
2563 4035 2766 4105 quippe
2792 4038 2882 4106 qui
2938 4040 3134 4092 swcula
3177 4039 3323 4095 fecit.
3394 4042 3585 4094 Filium

2003 4125 2163 4193 igitur
2199 4124 2547 4179 exsistentem
2596 4134 2649 4179 et
2696 4140 2973 4193 vocatum,
3004 4145 3073 4183 ne
3116 4132 3418 4185 secundum
3464 4133 3588 4188 libi-

2000 4214 2182 4268 dinem
2216 4217 2464 4285 generari
2504 4219 2627 4287 quis
2686 4234 2809 4272 eum
2841 4220 3158 4286 arbitretur,

2499 4393 2701 4485 Lam-en
2749 4396 2811 4450 de
2861 4399 3087 4466 lumine,

410 4520 475 4574 'H
516 4523 827 4620 Ἐκξλησία
849 4530 1033 4620 φησιν.
1067 4534 1130 4586 El
1167 4537 1275 4606 γὰρ
1308 4539 1366 4603 ἐξ
1397 4540 1547 4612 ἡλίου
1576 4545 1732 4609 ἀκτὶς
1754 4551 1894 4620 ἀχω-

2074 4504 2179 4574 Ait.
2207 4504 2486 4561 Ecclesia:
2525 4508 2567 4560 si
2594 4508 2738 4562 enim
2778 4526 2809 4563 e
2846 4510 2965 4565 sole
3024 4512 3209 4566 radius
3241 4512 3581 4583 inseparabi-

2004 4598 2123 4620 ιιι...
2153 4606 2196 4620 ..ι
2255 4599 2365 4620 -1-.-
2403 4598 2620 4620 lil‘IJS..-
2682 4612 2718 4620 _.
2756 4601 2776 4620 l'
2816 4602 2928 4620 I__-,_
2973 4618 2984 4620 μ
3070 4605 3081 4615 ο
3276 4614 3286 4620 .
3532 4617 3540 4620 Α

329 4612 529 4683 ρίστως
559 4613 655 4667 καὶ
683 4616 931 4682 ἀπαθῶς,
966 4622 1062 4673 καὶ
1110 4625 1453 4697 ἀπαύγασμα
1478 4635 1541 4686 ἐκ
1576 4638 1767 4705 πυρὸς,
1794 4612 1899 4694 ’ίιαὶ

326 4706 392 4757 ὲκ
440 4704 533 4759 τοῦ
587 4709 858 4779 ἡμετέρου
892 4713 984 4766 νοῦ
1033 4716 1060 4767 ὁ
1112 4717 1415 4786 ἐνδιάθετος
1474 4704 1666 4791 λόγοςέ
1718 4730 1897 4800 πολλῷ

328 4794 532 4888 μᾶλλον
562 4799 589 4851 δ
618 4800 709 4853 τοῦ
741 4800 833 4855 νοῦ
871 4804 967 4856 καὶ
1022 4806 1114 4860 τοῦ
1145 4808 1297 4877 ἡλίου
1328 4812 1482 4881 Θεὸς,
1515 4817 1543 4869 ὁ
1570 4818 1700 4882 Θεδς
1723 4794 1898 4888 Λόγοξ

325 4887 392 4936 ἐκ
441 4887 533 4973 τοῦ
566 4888 698 4941 Θεοῦ
731 4892 824 4945 καὶ
871 4894 1104 4965 Πατρὸς,
1159 4899 1482 4971 ἀδιαιρέτως
1519 4909 1612 4961 καὶ
1646 4887 1893 4976 ἀπαθῶς.

322 4979 417 5073 Διρ
448 4978 633 5073 τοῦτον
673 4983 789 5050 φῶς
819 4985 882 5038 ὲκ
915 4988 1113 5056 φωτὸς,
1149 4992 1209 5043 τὸ
1238 4994 1383 5064 ἱερόν
1422 5015 1554 5070 φησι
1595 5001 1895 5073 Σύμϐολον,

322 5070 419 5123 καὶ
450 5071 530 5125 ἔτι

553 5185 705 5239 Θεὸν
737 5188 1033 5259 ἀληθινὸν
1057 5195 1127 5250 ἐκ
1167 5198 1316 5263 Θεοῦ
1348 5200 1665 5273 ἀληθινοῦ,

410 5295 500 5360 Ὠς
535 5300 594 5351 ὲν
618 5300 761 5372 ἀρχῇ
792 5301 922 5357 ὄντα
965 5305 1057 5359 τὸν
1086 5309 1181 5361 τοῦ
1212 5310 1349 5365 Θεοῦ
1388 5315 1582 5384 Λόγον,
1626 5320 1722 5372 καὶ
1760 5320 1896 5386 πρὸς

322 5387 419 5441 τὸν
479 5388 611 5443 Θεὸν
652 5391 805 5454 ὄντα,
859 5399 955 5452 καὶ
983 5398 1117 5452 θεὸν
1170 5402 1319 5469 ὄντα,
1349 5405 1444 5456 καὶ
1476 5409 1534 5458 ὲν
1569 5409 1709 5480 ἀρχῇ
1768 5412 1897 5468 ὄντα

322 5483 462 5549 πρὸς
508 5484 603 5537 τὸν
636 5484 789 5552 Θεὸν,
820 5490 915 5542 καὶ
946 5490 1045 5561 τὴν
1071 5492 1242 5562 αὐτὴν
1274 5495 1485 5562 οὐσίαν,
1524 5498 1683 5564 δόξαν
1714 5516 1773 5553 τε
1806 5507 1898 5557 καὶ

322 5572 556 5644 δύναμιν
580 5580 919 5649 κεκτημένον
940 5584 1033 5636 τοῦ
1071 5585 1305 5655 Πατνρὸς,
1334 5589 1428 5641 καὶ
1458 5590 1519 5641 οὐ
1555 5598 1894 5665 κεχωρισμέ·

324 5682 419 5720 νον
441 5670 634 5735 αὑτοῦ,
673 5673 796 5725 οὐδὲ
838 5674 943 5745 ἰδίᾳ
1002 5678 1346 5748 κινούμενον,
1378 5681 1494 5735 ἀλλ’
1523 5684 1581 5737 ὲν
1604 5686 1681 5753 τῷ
1718 5688 1897 5758 "arpi.

324 5759 480 5828 ὄντα,
515 5765 610 5816 καὶ
642 5766 730 5817 ἀεὶ
773 5765 928 5833 ὄντα,
965 5772 1058 5823 καὶ
1092 5774 1190 5825 σὺν
1228 5775 1378 5843 αὐτῷ
1412 5778 1764 5847 ἐνεργοῦντα,
1801 5781 1897 5834 καὶ

328 5854 498 5922 μηδὲν
550 5854 643 5926 ἀφ’
674 5858 891 5927 ἑαυτοῦ,
927 5861 1286 5937 ἀλλ’λόσαπερ
1337 5866 1403 5924 ἂν
1435 5868 1608 5925 ἐθέλοι
1634 5874 1662 5926 ὁ
1694 5873 1888 5940 Πατὴρ

2002 4598 2123 4651 liter
2149 4606 2202 4651 et
2252 4599 2370 4652 sine
2403 4598 2645 4663 libidine,
2673 4612 2725 4654 et
2753 4601 2930 4671 fulgor
2963 4618 3031 4657 ex
3067 4605 3211 4674 igne,
3236 4614 3293 4659 et
3316 4620 3346 4658 e
3399 4617 3580 4662 mente

2006 4697 2191 4742 nostra
2228 4689 2477 4743 naturale
2512 4691 2760 4756 verbum,
2790 4693 2961 4747 multo
2990 4696 3158 4765 magis
3185 4697 3383 4750 mentis
3405 4705 3461 4751 et
3490 4714 3583 4753 so-

2004 4780 2070 4832 lis
2097 4779 2257 4847 Deus,
2287 4782 2430 4836 Deus
2464 4780 2703 4837 Verbum
2734 4800 2764 4837 e
2805 4783 2913 4839 Deo
2940 4786 3099 4840 Patre
3147 4776 3588 4855 inseparabiliter

2005 4876 2283 4944 etabsque
2308 4875 2569 4931 libidine:
2599 4878 2719 4931 ideo
2752 4877 2904 4931 illum
2953 4887 3109 4933 vocat
3142 4878 3347 4933 Lumen
3406 4881 3472 4934 de
3505 4880 3588 4933 lu-

2004 4965 2155 5020 mine
2183 4950 2437 5023 sanctum
2495 4969 2827 5039 symbolum,
2866 4979 2920 5023 et
2952 4970 3181 5025 deinde:

2392 5188 2560 5243 Deum
2598 5205 2777 5244 verum
2809 5192 2872 5246 de
2904 5192 3010 5247 Deo
3040 5209 3183 5263 vero,

2072 5299 2350 5370 Tanquam
2382 5302 2434 5355 in
2465 5303 2731 5373 principio
2767 5306 3043 5363 exsistens
3077 5308 3171 5364 Dei
3230 5309 3497 5379 Verbum,
3534 5323 3588 5370 et

2005 5395 2145 5463 apud
2176 5393 2367 5458 Deum,
2390 5404 2443 5449 et
2477 5380 2646 5449 Deum
2678 5398 2954 5454 exsistens
2977 5411 3030 5453 et
3058 5401 3110 5455 in
3146 5403 3416 5474 principio
3445 5406 3589 5461 exsi-

2005 5496 2151 5555 steus
2179 5488 2321 5552 apud
2370 5488 2564 5553 Deum,
2625 5491 2870 5545 eamdem
2908 5495 3238 5560 essentiam,
3266 5498 3495 5569 gloriam
3534 5508 3589 5553 et

2006 5588 2325 5649 potestatem
2348 5594 2511 5648 quam
2539 5580 2759 5635 Patrem
2789 5582 3015 5651 habens,
3044 5602 3141 5641 nec
3173 5590 3239 5642 ab
3276 5603 3342 5642 eo
3364 5605 3587 5658 separa—

2007 5681 2141 5738 tum,
2179 5688 2280 5727 nec
2298 5688 2546 5728 seorsum
2570 5676 2855 5744 agitatum,
2886 5680 2980 5732 sed
3019 5681 3071 5733 in
3099 5679 3259 5733 Patre
3290 5683 3587 5745 exsisteos,

2006 5771 2056 5815 et
2091 5776 2305 5830 semper
2333 5770 2537 5816 etcum
2570 5765 2690 5834 ipso
2714 5780 2970 5836 operans,
3001 5780 3053 5824 et
3103 5770 3238 5824 nihil
3271 5772 3390 5824 sino
3418 5774 3539 5841 ipso
3565 5790 3583 5838 ;

2005 5853 2097 5909 sed
2140 5868 2479 5926 quaecunque
2512 5860 2624 5913 ruit
2676 5857 2837 5913 Pater
2877 5859 3102 5939 faciens,
3157 5859 3426 5930 siquidem
3477 5876 3589 5917 una
