4056 6438
537 359 644 426 763

1345 347 1734 412 SYMEONIS
1775 341 2548 408 THESSALONICENSIS
2589 339 2787 402 ARCI]
2801 340 2825 399 Ι
2834 338 2952 398 ΕΡ.

3672 338 3759 398 ’764

533 473 795 528 Voluntas
832 475 888 522 et
919 463 1097 519 Patris
1127 472 1179 518 et
1213 461 1359 528 Filii,
1383 460 1526 516 sicut
1558 457 1818 513 divinitas
1857 465 1911 510 ct
1925 465 2117 526 poten-
2141 485 2156 520 Α

2237 451 2536 523 πράττοντα
2558 465 2573 481 ⁸
2609 448 2732 502 ἐπεὶ
2789 449 2893 518 μία
2927 445 3145 516 θέλησις
3183 445 3395 515 Πατρός
3417 462 3475 498 τε
3518 447 3604 499 καὶ
3633 447 3760 516 Υίοῦ,

529 565 606 618 tia
636 573 828 616 eorum
856 571 983 612 una.
1011 552 1170 610 Unde
1203 563 1258 610 et

981 733 1251 796 Genitum,
1299 746 1401 784 non
1429 728 1656 799 factum.

599 826 754 894 Quod
783 840 892 881 non
932 832 994 878 ut
1046 822 1254 878 creatio
1294 829 1539 874 creatum
1590 829 1696 883 est,
1728 817 1822 872 sed
1870 816 2114 887 genitura

2215 544 2292 607 ὡς
2343 544 2501 613 καὶὴ
2564 541 2756 612 θιότης
2815 541 2912 594 καλ⁵
2951 540 3186 611 δύναμις
3235 539 3443 593 τούτων
3486 541 3596 610 μία.
3627 542 3764 597 Ὅθεν

2219 639 2316 692 καὶ
2347 638 2432 704 τὸ,

2573 728 2978 797 Γεγνηθέντα,
3022 729 3096 784 οὐ
3132 729 3474 796 ποιηθέντα.

2293 821 2432 877 Οὐδὲ
2465 822 2576 892 γάρ
2632 822 2709 884 ὡς
2746 823 2979 893 ﬁat-cici;
3012 821 3498 893 δεδημιούργηται.
3530 822 3766 895 Γεγέννη-

530 921 775 992 ejusdem
817 927 1029 974 natura:
1057 914 1358 986 perfectum
1397 911 1675 978 Verbum;
1736 924 1836 964 nec
1895 917 2111 962 tantum
2148 956 2155 963 .

2237 935 2315 970 tat
2343 917 2401 970 δὲ
2429 917 2687 986 συμφυὴς
2711 915 2882 968 τελῶν
2911 915 3108 982 Λόγος.
3133 915 3243 969 Καὶ
3266 915 3327 988 οὗ
3366 915 3526 984 μόνον
3551 915 3644 969 οὐκ
3667 916 3769 971 ἔστι

528 1029 639 1068 non
671 1021 757 1066 est
778 1019 1060 1073 creatura,
1091 1007 1183 1062 sed
1217 1005 1380 1060 etiam
1421 1004 1806 1058 universorum
1842 1017 1968 1055 cum
2007 1000 2119 1055 Pa-

532 1117 617 1158 tre
643 1113 699 1160 et
725 1103 932 1170 Spiritu
970 1100 1146 1154 factor
1182 1108 1285 1151 est.
1343 1094 1618 1164 Scriptum
1660 1102 1746 1148 est
1783 1093 1954 1158 enim,
2016 1093 2122 1158 Qui

530 1196 707 1249 omnia
730 1194 901 1262 fecisti
931 1196 985 1245 in
1054 1189 1214 1243 Verbo
1255 1197 1378 1252 tuo;
1408 1196 1458 1240 et
1509 1187 1621 1240 sine
1652 1187 1764 1254 ipso
1799 1186 2000 1254 factum
2043 1193 2121 1238 est

529 1287 660 1340 nihil
692 1287 828 1356 quod
878 1284 1081 1352 factum
1123 1291 1224 1335 est.
1282 1278 1347 1332 Et
1379 1279 1614 1332 Paulus:
1648 1276 1752 1331 Per
1781 1293 1940 1348 quem
1991 1279 2117 1346 fecit

529 1389 577 1432 et
641 1378 860 1431 sa'cula.
933 1374 1058 1430 Mox
1116 1374 1322 1437 adddit,
1378 1371 1907 1428 Consubstantialem
1946 1371 2122 1426 Patri.

529 1483 637 1537 qua
677 1470 836 1520 unica
887 1479 1024 1519 voce
1071 1478 1292 1518 omnem
1314 1462 1504 1531 dejicit
1544 1477 1656 1515 non
1694 1471 1905 1514 tantum
1969 1461 2111 1526 Arii,

529 1561 625 1615 sed
655 1567 711 1614 et
737 1557 984 1612 omnium
1024 1555 1455 1626 irreligiosorum
1500 1554 1892 1622 blasiibemiam
1929 1570 1994 1609 ac
2025 1555 2129 1608 im-

536 1653 815 1722 pietatem,
840 1648 984 1718 quod
1012 1664 1042 1702 e
1069 1647 1373 1717 Scripturis
1401 1645 1695 1701 deductum
1761 1647 1976 1701 statuit.
2013 1645 2130 1700 Lu-

538 1758 661 1796 men
701 1743 847 1796 enim
873 1741 1052 1806 Pater,
1085 1739 1264 1792 lumen
1293 1737 1464 1792 Filius
1499 1740 1816 1791 nominatur
1850 1749 1905 1792 et
1951 1738 2134 1807 splen-

2228 1009 2465 1078 ποίημα,
2494 1009 2632 1062 άλλὰ
2667 1011 2762 1062 καὶ
2809 1009 2920 1062 τῶν
2951 1009 3091 1062 ὅλων
3130 1010 3362 1080 ποιητὴς
3391 1011 3487 1064 σὺν
3517 1009 3592 1077 τῷ
3623 1012 3773 1080 Πατρὶ

2226 1102 2322 1156 καὶ
2347 1103 2744 1173 τῷΠνεῠματι.
2779 1103 2835 1156 '0
2865 1103 3135 1170 ποιήσας
3168 1104 3300 1173 γὰρ,
3329 1105 3483 1173 φησὶ,
3517 1107 3584 1159 τὰ
3606 1105 3776 1159 πάντα

2226 1194 2297 1247 ἐν
2339 1196 2512 1263 Λόγῳ
2535 1211 2654 1249 σου
2679 1211 2694 1226 ο
2726 1194 2826 1249 καὶ
2857 1196 3037 1264 χωρίς
3068 1195 3253 1249 αὐτοῦ
3277 1195 3514 1264 ἐγένετο
3536 1197 3666 1251 οὐδὲ
3701 1197 3775 1262 ἓν.

2228 1285 2260 1340 ὅ
2288 1287 2516 1357 γέγονε.
2554 1288 2668 1341 Καὶ
2697 1288 2726 1339 6
2769 1287 3003 1351 Παῦλος,
3052 1290 3136 1343 Δι’
3165 1285 3239 1344 οὗ
3268 1288 3367 1343 καί
3420 1289 3559 1355 τοὺς
3589 1289 3778 1358 αίῶνας

2227 1378 2543 1444 ἐποίησεν.
2578 1374 2716 1434 Εἶτα
2775 1381 2996 1448 ἐπάγει,
3039 1381 3402 1451 Ὀμοούσιον
3455 1383 3533 1448 τῷ
3583 1385 3773 1451 Πατρί·

2232 1471 2325 1522 καὶ
2355 1473 2419 1540 τῇ
2447 1471 2548 1542 μιᾷ
2581 1471 2757 1544 ταύτῃ
2787 1473 2947 1543 ῥήσει
3004 1475 3185 1527 πᾶσαν
3215 1473 3544 1529 καταϐάλλει
3563 1474 3620 1527 οὐ
3643 1476 3779 1542 μόνον

2246 1563 2483 1632 Ἀρείου,
2519 1564 2656 1618 ἀλλὰ
2690 1565 2788 1618 καὶ
2832 1565 3246 1620 δυσσεὸούντων
3296 1566 3549 1621 ἁπάντων
3573 1567 3780 1636 βλασφη-

2239 1655 2372 1725 μίαν
2399 1673 2457 1708 τε
2491 1656 2587 1711 καὶ
2618 1657 2902 1712 ἀσέϐειαν.
2935 1658 3046 1710 Kal
3076 1657 3260 1727 τίθησι
3289 1658 3450 1712 τοῦτο
3479 1660 3705 1726 συνάγων
3730 1659 3782 1710 ὲκ

2236 1747 2346 1799 τῶν
2398 1748 2654 1818 Γραφῶν.
2689 1749 2810 1812 Φῶς
2864 1749 2977 1821 γὰρ
3031 1751 3060 1802 6
3111 1750 3324 1820 Πατὴρ,
3358 1751 3452 1804 καὶ
3492 1753 3650 1819 φῶςὸ
3676 1750 3781 1811 Υἱὸς

533 1837 635 1890 dor
688 1835 894 1905 gloriae,
926 1830 1210 1901 Filiusque
1231 1845 1545 1900 verus,quae
1582 1831 2132 1885 consubstantialita-

2239 1838 2589 1908 ὀνομάζεται,
2642 1843 2740 1895 καὶ
2786 1842 3132 1911 ἀπαύγασμα
3181 1843 3283 1912 τῆς
3346 1843 3528 1912 δόξης,
3564 1843 3650 1896 καὶ
3677 1842 3781 1903 Υἱὸς

532 1933 640 1980 tem
660 1925 966 1980 stabiliunt.
996 1923 1242 1992 Namque
1271 1935 1378 1974 non
1423 1921 1527 1974 alia
1560 1919 1784 1973 luminis
1815 1928 1870 1975 et
1902 1919 2129 1974 luminis

531 2027 751 2085 natura,
796 2028 891 2072 aut
926 2016 1150 2070 luminis
1197 2011 1528 2084 Splendoris,
1563 2023 1655 2064 aut
1689 2009 1870 2067 Patris
1896 2021 1951 2066 et
1981 2011 2128 2066 Filii.

942 2219 1462 2278 Consubstantialem
1531 2219 1710 2275 Patri.

606 2340 664 2396 Si
686 2354 816 2407 ergo
837 2355 980 2393 unus
1003 2337 1170 2402 Deus,
1195 2337 1356 2392 Pater
1371 2351 1500 2390 vero
1520 2338 1655 2405 ipse,
1678 2337 2125 2390 consubstantia-

538 2433 607 2489 lis
636 2448 769 2488 sane
785 2432 967 2495 Pater,
985 2441 1038 2485 et
1063 2431 1226 2484 unius
1243 2427 1391 2493 Filii,
1421 2428 1685 2497 unigeniti
1709 2427 1942 2482 scilicet.
1969 2426 2126 2482 Unde

537 2526 736 2580 merito
764 2522 1260 2580 consubstantialis
1301 2521 1469 2575 Filius
1499 2529 1554 2573 et
1586 2535 1709 2574 vere
1732 2521 1896 2586 Deus,
1929 2534 2028 2573 nec
2058 2534 2125 2573 ex

536 2617 644 2673 alia
666 2616 999 2673 substantia.
1025 2613 1315 2682 Quomodo
1345 2614 1491 2667 enim
1518 2608 1692 2665 Filius
1725 2613 1830 2665 erit
1853 2612 1897 2666 si
1928 2626 1992 2664 ex
2015 2611 2124 2664 alia

539 2710 843 2767 substantia
881 2716 976 2764 aut
1015 2703 1507 2773 essentiaiAtque
1545 2703 1592 2758 si
1649 2703 1794 2757 Deus
1836 2700 2118 2771 perfectus

539 2802 721 2869 Pater,
763 2810 820 2856 et
867 2781 1077 2870 absque
1134 2797 1362 2852 libidine
1389 2810 1421 2850 e
1446 2797 1628 2864 seipso
1660 2809 1955 2864 generans,
2014 2793 2152 2850 hoc.

542 2896 778 2950 Verbum
811 2895 1001 2965 gignit,
1046 2893 1220 2946 vivam
1257 2890 1582 2959 sapientiam
1647 2904 1824 2950 suam,
1855 2890 2132 2958 quomodo

542 3002 652 3041 t-ou
699 2981 1193 3040 consubstantialis
1246 2979 1422 3035 Filius
1452 2979 1698 3049 gignenti
1752 2976 1944 3032 Patri?
1997 2977 2134 3034 Vere

539 3095 674 3146 ergo
733 3075 1244 3140 consubstantialis,
1277 3081 1332 3129 et
1389 3073 1473 3127 sic
1528 3071 1720 3126 Patres
1790 3071 2007 3128 docent.
2063 3073 2128 3128 Et

543 3181 732 3242 postea
775 3169 1056 3239 sequitur:

895 3279 1001 3335 Per
1031 3294 1179 3348 quem
1201 3275 1376 3331 omnia
1433 3278 1582 3348 facta
1629 3284 1774 3331 sunt.

621 3395 777 3449 Sicut
835 3409 1030 3448 creans
1101 3403 1155 3448 et
1210 3393 1399 3446 vivens
1498 3389 1786 3446 Verbum:

545 3489 736 3543 eadem
795 3502 859 3543 ac
892 3487 1071 3541 Patris
1096 3497 1314 3550 natura,
1345 3498 1395 3540 et
1435 3500 1560 3540 vere
1592 3500 1808 3554 semper
1844 3486 1898 3539 in
1939 3484 2133 3550 Patre,

544 3597 640 3651 per
669 3581 846 3650 ipsum
867 3579 1075 3634 omnia.
1103 3576 1300 3633 Omnia
1324 3578 1494 3641 enim,
1514 3578 1591 3631 ait
1615 3576 1804 3642 David,
1831 3580 1887 3631 in
1920 3578 2135 3647 sapien-

544 3675 618 3726 tia
652 3672 842 3740 fecisti.
873 3670 940 3725 Et
969 3669 1363 3725 Parabolarum
1391 3671 1669 3738 scriptor:
1702 3669 1842 3724 Deus
1873 3672 2139 3734 sapientia

550 3765 790 3835 fundarit
823 3776 1038 3820 terram.
1070 3763 1135 3816 Et
1156 3765 1207 3816 in
1233 3762 1513 3832 Sapientia
1541 3763 1719 3817 adhuc
1749 3763 2007 3819 Salomon
2039 3764 2136 3830 ait,

551 3869 608 3914 ut
639 3869 798 3913 antea
833 3858 1098 3927 scriptum
1129 3856 1375 3920 est:Qui
1409 3855 1580 3924 fecisti
1621 3857 1796 3908 omnia
1834 3855 1997 3909 Verbo
2024 3867 2134 3920 tuo,

547 3965 594 4006 et
626 3951 886 4020 sapientia
919 3957 1011 4002 tua
1051 3947 1372 4003 constituisti
1430 3948 1714 4002 Immineat.
1745 3948 1810 4002 Et
1851 3946 2137 4018 Evangeli-

544 4056 627 4100 sta
647 4038 867 4101 :Omnia
898 4043 1200 4112 perbipsum
1233 4044 1375 4112 facta
1410 4052 1551 4104 sunt,
1585 4041 1782 4111 inquit,
1811 4049 1859 4093 et
1880 4043 1995 4094 sine
2024 4043 2137 4109 ipso

543 4139 748 4208 factum
808 4147 885 4192 est
946 4136 1080 4191 nihil
1111 4139 1250 4204 quod
1299 4136 1498 4205 factum
1529 4144 1628 4189 est.
1663 4135 1730 4189 Et
1766 4134 1997 4188 Paulus:
2031 4132 2138 4186 Per

445 4217 454 4226 ’
543 4247 696 4301 quem
750 4230 877 4299 fecit
936 4238 985 4282 et
1017 4227 1236 4294 sarcula,
1266 4236 1319 4283 et
1349 4228 1504 4297 plura
1533 4227 1636 4279 alia
1670 4226 1739 4281 de
1773 4243 1838 4282 eo
1896 4234 2024 4282 sunt
2081 4227 2136 4282 in

451 4363 455 4369 -
545 4323 730 4377 divina
763 4321 1067 4390 Scriptura.
1105 4318 1232 4374 Haec
1254 4335 1386 4390 ergo
1421 4324 1486 4374 de
1519 4318 1681 4375 Verbi
1715 4320 1860 4390 quod
1895 4329 1980 4374 est
2009 4329 2138 4375 ante

546 4417 747 4471 saecula
767 4414 1140 4480 generatione,
1169 4428 1290 4482 qua:
1324 4413 1912 4480 meritapronuntians
1943 4413 2139 4468 Eccle-

545 4508 652 4570 sia,
676 4515 731 4560 et
768 4505 837 4560 de
871 4504 989 4572 ejus
1020 4506 1332 4560 oeconomia
1372 4505 1736 4573 humanaeque
1788 4515 1999 4558 natura:
2045 4518 2136 4557 as-

1854 3391 1901 3446 si
1981 3391 2125 3446 enim
2161 3391 2204 3450 Ο

2246 1931 2524 1999 ἀληθινὸς,
2558 1935 2720 1988 ἇτινα
2748 1935 2814 2005 δὴ
2839 1934 2902 1988 τὸ
2941 1934 3234 2005 ὁμοούσιον
3279 1936 3542 2006 παριστᾷ.
3597 1934 3665 1988 Οὐ
3691 1933 3780 2005 γὰρ

2244 2022 2380 2093 άλλη
2405 2023 2569 2089 φύσις
2596 2025 2774 2093 φωτὸς
2803 2027 2898 2078 καὶ
2926 2026 3128 2095 φωτὸς,
3171 2027 3204 2100 ἢ
3235 2027 3416 2096 φωτὸς
3457 2025 3782 2096 άπαυγάσμα-

2239 2131 2351 2181 τος,
2387 2116 2419 2184 ἦ
2459 2117 2675 2188 Πατρός
2709 2135 2768 2171 τε
2808 2120 2903 2172 καὶ
2928 2119 3082 2175 Υίοῦ.

2669 2236 3026 2304 Ὀμοούσιον
3054 2235 3136 2302 τῷ
3181 2237 3376 2306 Πατρί
3382 2275 3397 2291 .

2309 2349 2368 2402 Et
2397 2345 2492 2402 οὖν
2518 2342 2599 2412 εἷς
2629 2351 2654 2402 6
2685 2348 2842 2412 Θεὸς,
2881 2348 3073 2420 Πατὴρ
3097 2347 3152 2401 δὲ
3186 2348 3373 2414 αὐτδς,
3392 2348 3665 2418 όμοουσίου
3695 2347 3781 2416 ἄρα

2236 2441 2426 2512 Πατὴρ
2474 2443 2568 2495 καὶ
2607 2442 2726 2505 ἑνὸς
2769 2442 2900 2494 Υίοῦ
2929 2459 2944 2473 ο
2991 2442 3319 2512 μονογενοῦς
3349 2444 3477 2514 γάρ.
3504 2442 3653 2496 Ὅθεν
3677 2444 3781 2510 ὀμο-

2234 2535 2415 2598 οὑσιος
2449 2534 2676 2598 δικαίως
2709 2537 2736 2590 6
2765 2536 2918 2598 Υίδς,
2951 2536 3047 2588 καὶ
3081 2536 3216 2600 Θεὸς
3243 2537 3483 2607 ἀληθῶς,
3519 2537 3607 2589 καὶ
3633 2534 3781 2611 οὐκὲξ

2234 2626 2430 2695 ἑτέρας
2488 2629 2702 2690 οὐσίας.
2764 2627 2888 2691 Πῶς
2939 2628 3049 2698 γὰρ
3105 2627 3260 2682 ἔσται
3290 2629 3440 2698 Υίδς,
3476 2632 3521 2682 εί
3558 2628 3612 2693 ἐξ
3638 2627 3776 2694 ἄλλης

2237 2714 2594 2780 ὑποστάσεως
2641 2719 2674 2784 ἢ
2707 2717 2934 2784 οὐσίας;
2971 2719 3064 2772 καὶ
3106 2717 3384 2784 είτέλειος
3416 2721 3444 2773 6
3471 2720 3597 2783 Θεὸς
3625 2705 3780 2786 [lati]?

2236 2805 2334 2874 ὢν,
2391 2810 2490 2862 καὶ
2513 2809 2745 2874 ἀπαθῶς
2777 2809 2987 2876 γεννῶν
3014 2811 3072 2875 ἑξ
3105 2811 3296 2876 αὐτοῦ,
3335 2814 3498 2884 γεννᾷ
3528 2813 3582 2866 δὲ
3624 2809 3779 2863 τοῦτον

2238 2899 2331 2953 τὸν
2372 2902 2551 2970 Λόγον
2587 2903 2687 2973 τὴν
2719 2904 2902 2968 ζῶσαν
2929 2906 3127 2974 σοφίαν
3152 2906 3354 2959 ἑαυτοῦ
3381 2923 3394 2938 ο
3426 2907 3538 2970 πῶς
3563 2907 3652 2974 οὐχ
3679 2905 3782 2972 ὁμο·
3831 2954 3835 2958 .

2240 2993 2423 3058 ούσιος
2474 2997 2501 3048 ὁ
2537 2996 2666 3060 Υίὸς
2713 2997 2791 3066 τῷ
2844 3000 3206 3070 γεγεννηκότι
3256 3000 3473 3070 Πατρί;
3508 2997 3781 3064 Ὀμοούσιος

2243 3084 2340 3140 οὖν
2375 3087 2613 3154 ἀληθῶς.
2670 3091 2782 3144 Kal
2814 3093 2862 3144 οἱ
2921 3093 3164 3162 Πατέρες
3190 3091 3340 3147 οὕτω
3396 3093 3545 3163 φασί.
3574 3093 3673 3144 Kal
3719 3088 3781 3140 ἔτι

2243 3179 2557 3244 ἀκολούθως
2591 3197 2605 3212 ⁸

2528 3298 2693 3370 297
2727 3300 2809 3354 Δι’
2845 3296 2918 3359 οὗ
2946 3304 3018 3357 τὰ
3048 3303 3247 3358 πάντα
3279 3304 3538 3376 ἐγένετο.

2325 3412 2412 3476 Ὠς
2456 3413 2798 3486 δημιουργοῦ
2842 3417 2937 3470 καὶ
2965 3416 3169 3482 ζῶντος
3200 3418 3401 3485 Λόγου.
3437 3418 3496 3472 Εί
3536 3414 3636 3485 γὰρ
3677 3427 3781 3480 συμ-

2242 3504 2384 3575 φυὴς
2415 3499 2570 3566 οὗτος
2597 3506 2674 3577 τῷ
2708 3510 2908 3578 Πατρὶ,
2941 3509 3037 3562 καὶ¹
3068 3511 3158 3564 ἀεὶ
3185 3511 3242 3564 ὲν
3276 3511 3358 3582 τῷ
3385 3513 3556 3583 nam
3585 3505 3782 3577 ἀληθῶςὲ

2240 3597 2307 3650 δι’
2338 3598 2502 3651 αὑτοῦ
2538 3600 2608 3652 τὰ
2643 3602 2841 3654 πάντα.
2877 3601 3082 3656 Πάντα
3125 3603 3254 3673 γὰρ,
3286 3607 3457 3673 φησὶν
3489 3607 3516 3657 6
3546 3602 3707 3664 Aa6l6,
3730 3599 3784 3652 ἐν

2240 3690 2432 3757 σοφίᾳ
2475 3688 2798 3756 ἐποίησας.
2826 3692 2935 3744 Καὶ
2960 3693 2990 3744 6
3022 3694 3437 3763 Παροιμιαστὴς
3469 3694 3543 3759 δὲ,
3579 3693 3637 3745 '0
3668 3689 3783 3752 Θεὸς

2241 3780 2318 3850 τῇ
2360 3784 2547 3850 σοφίᾳ
2581 3783 2949 3852 ἐθεμελίωσε
2999 3784 3114 3853 τὴν
3147 3784 3281 3856 γῆν.
3318 3789 3427 3841 Kal
3471 3789 3526 3840 ἐν
3549 3789 3608 3856 τῇ
3646 3781 3782 3852 Σοφίᾳ

2241 3874 2404 3928 πάλιν
2461 3876 2490 3928 6
2543 3874 2799 3944 Σολομῶν
2855 3893 3056 3945 φησιν,
3109 3877 3186 3941 ὡς
3239 3880 3676 3948 προγέγραπται’
3733 3872 3781 3923 '0

2240 3965 2506 4032 ποιήσας
2565 3965 2638 4019 τὰ
2689 3968 2888 4021 πάντα
2933 3968 3004 4022 ἐν
3029 3970 3197 4038 Λόγῳ
3225 3985 3365 4038 σου,
3402 3973 3495 4024 καὶ
3525 3968 3596 4037 τῇ
3631 3965 3781 4034 σοφίᾳ

2240 4074 2358 4112 σου
2387 4059 2860 4126 κατασκευάσας
2882 4061 2990 4114 τὸν
3018 4054 3359 4129 ἄνθρωπον.
3394 4066 3500 4117 Kal
3526 4067 3552 4116 6
3585 4063 3782 4127 Εὐάγγε-

2239 4149 2451 4220 λιστὴς,
2491 4151 2697 4205 Πάντα
2725 4150 2803 4204 δι’
2831 4153 3021 4208 αὑτοῦ
3052 4152 3312 4222 ἐγένετο,
3346 4157 3561 4226 φάσκει,
3585 4154 3672 4208 καί
3695 4167 3781 4218 χω·

2232 4241 2334 4310 ρίς
2367 4243 2560 4297 αὑτοῦ
2592 4242 2834 4313 ἐγένετο
2873 4244 3020 4298 οὐδὲ
3057 4245 3129 4298 ἐν
3162 4247 3194 4300 ὃ
3227 4246 3455 4316 γέγονε.
3485 4249 3589 4302 Ka':
3618 4248 3642 4298 6
3670 4240 3783 4297 Παῦε

2240 4333 2331 4395 λος
2351 4347 2366 4363 ο
2395 4334 2477 4386 Δι’
2508 4329 2580 4389 οὗ
2613 4334 2713 4388 καὶ
2743 4335 2890 4401 τοὺς
2909 4335 3129 4403 αἰῶνας
3158 4337 3433 4408 ἐποίησε.
3469 4338 3571 4393 Kal
3594 4335 3784 4390 πλείστα

2241 4425 2379 4478 ἄλλα
2404 4424 2595 4480 τούτου
2623 4443 2685 4496 γε
2715 4427 2878 4497 χάριν
2917 4429 3019 4497 τῆς
3045 4428 3194 4493 Θείας
3222 4431 3331 4483 ιίσὶ
3361 4431 3599 4502 Γραφῆς.
3627 4423 3782 4480 Ταῦτα

2248 4518 2464 4588 μὲν-οὗν
2499 4519 2629 4587 περὶ
2661 4518 2761 4588 τῆς
2785 4521 3118 4589 προαιωνίου
3147 4522 3240 4575 τοῦ
3272 4524 3447 4591 Λόγου
3477 4520 3750 4589 γεννήσεως
3769 4529 3781 4544 ⁸

551 4599 866 4668 sumptione
917 4599 1031 4653 haec
1085 4593 1298 4653 statuit.
1361 4595 1466 4650 Sed
1535 4596 1754 4665 pietatis
1784 4610 1974 4650 veram
2004 4593 2136 4648 vide

549 4693 858 4747 doctrinam
891 4702 942 4746 et
981 4691 1267 4746 scientiam
1299 4708 1312 4744 :
1349 4685 1512 4741 Verbi
1570 4689 1981 4756 generationem
2016 4687 2136 4758 qui-

2239 4704 2552 4774 οίκονομίας
2580 4701 2744 4757 αὐτοῦ
2772 4705 2868 4759 καὶ
2894 4705 3370 4777 ὲνανθρωπήσεως
3394 4704 3562 4758 ταῦτα
3583 4701 3782 4770 τίθησιν-

551 4788 671 4840 dem
709 4795 833 4838 ante
862 4783 1084 4848 saecula,
1110 4783 1322 4852 absque
1349 4779 1592 4850 qualibet
1611 4793 1776 4832 causa
1795 4779 2092 4833 conﬁtetur
2116 4797 2132 4834 :

2256 4798 2400 4854 Ἀλλ’
2422 4801 2525 4870 ὅρα
2547 4797 2645 4869 τὴν
2669 4799 2768 4868 τῆς
2798 4798 3079 4862 εὐσεϐείας
3106 4798 3280 4868 ἁληθῆ
3315 4795 3602 4868 παράδοσίν
3631 4809 3682 4845 τε
3708 4788 3784 4840 καὶ

550 4875 856 4930 secundum
885 4883 1138 4928 naturam
1172 4874 1318 4927 enim
1371 4887 1402 4926 e
1437 4870 1597 4926 Patre
1630 4871 1831 4934 Filius,
1883 4887 1983 4926 nec
2015 4890 2138 4942 pro-

2245 4891 2470 4960 γνῶσιν,
2504 4890 2617 4961 Τὴν
2652 4890 2753 4958 μὲν
2804 4891 2913 4960 γὰρ
2942 4889 3036 4942 τοῦ
3069 4891 3244 4956 Λόγου
3280 4888 3598 4956 προαιὼνιον
3627 4881 3785 4950 γέννηο

553 4981 673 5039 pter
729 4984 1056 5040 quemquam
1086 4977 1415 5037 generatus;
1450 4966 1610 5020 ideo:
1639 4963 1707 5019 In
1729 4967 1986 5034 principio
2024 4978 2140 5022 erat

2249 5000 2336 5036 σιν
2381 4983 2506 5052 δίχα
2553 4983 2700 5044 τινος
2750 4982 2931 5043 αἰτίας
2973 4980 3246 5048 ὁμολογεῖ.
3275 4981 3430 5034 Κατὰ
3471 4979 3624 5045 φύσιν
3651 4966 3784 5039 γὰρὸ

557 5062 800 5126 Verbum,
837 5062 1103 5130 scriptqu
1141 5069 1370 5124 est;et:
1398 5059 1550 5121 Quod
1590 5069 1710 5112 erat
1739 5059 1804 5112 ab
1840 5061 2033 5126 initio;
2064 5070 2138 5124 et,

2248 5073 2378 5137 Υἱὸς
2404 5075 2470 5126 ὲκ
2500 5072 2595 5125 τοῦ
2625 5073 2860 5141 Ιιατρδς,
2889 5072 2983 5124 καὶ
3026 5072 3086 5124 οὐ
3122 5071 3282 5140 χάριν
3314 5071 3459 5131 τινδς
3490 5059 3784 5137 γεγεννημέ-

556 5151 658 5216 Qui
703 5161 818 5204 erat
873 5150 1122 5220 splendor
1186 5151 1373 5220 gloria:
1425 5159 1474 5202 et
1509 5151 1786 5204 character
1822 5151 2137 5207 substantia:

2249 5183 2360 5229 νος.
2388 5165 2478 5218 Διὸ
2501 5165 2620 5229 καὶ,
2667 5163 2765 5216 Ἐν
2793 5162 2953 5232 ἀρχῇ
2977 5159 3056 5233 ἦν
3077 5165 3108 5217 ό
3129 5164 3341 5232 Λόγος,
3368 5160 3676 5230 γέγραπται.
3699 5146 3784 5203 Kal

553 5246 691 5313 ejus.
729 5246 928 5313 Verum
981 5243 1048 5297 de
1099 5243 1279 5298 Verbo
1337 5250 1591 5296 naturam
1632 5244 1922 5297 humanam
1981 5261 2144 5299 assu-

2246 5259 2330 5322 τὸ,
2367 5258 2474 5324 Ὃς
2520 5253 2599 5326 ἦν·
2625 5256 2932 5327 ἀπαρχῆς.
2968 5255 3078 5309 Kal
3106 5256 3189 5320 τὺ,
3217 5258 3314 5322 Ὃς
3357 5251 3435 5324 ἦν
3461 5249 3784 5316 ἀπαύγασμα

560 5346 778 5402 mente,
813 5352 934 5390 cum
967 5335 1162 5389 ultimo
1194 5333 1402 5387 factum
1427 5343 1512 5388 est
1544 5334 1671 5387 illud
1708 5344 1760 5388 et
1799 5344 2014 5405 tempus
2050 5340 2146 5391 lia-

2247 5350 2358 5418 τῆς
2387 5350 2597 5418 δόξης,
2633 5350 2732 5403 καὶ
2775 5349 3085 5418 χαρακτὴρ
3140 5346 3252 5415 τῆς
3291 5342 3670 5401 ὑποστάσεως
3701 5333 3784 5384 σὺσ

559 5430 698 5496 buit,
756 5428 1077 5482 novissimis
1125 5427 1463 5498 temporibus
1526 5427 1885 5511 eﬂectutu.et
1919 5440 2144 5498 propter

2239 5443 2375 5498 ‘toﬁ.
2423 5443 2548 5514 Ἐπεὶ
2577 5443 2637 5495 δὲ
2667 5445 2732 5514 τῇ
2765 5441 2858 5494 τοῦ
2891 5442 3068 5508 Λόγου
3114 5440 3542 5511 ὲνανθρωπήσει,
3591 5428 3784 5489 ἐπείπερ

503 5514 508 5520 ’
560 5535 808 5578 nostram
847 5520 1077 5580 salutem
1103 5538 1118 5586 ;
1148 5521 1253 5577 hoc
1280 5520 1525 5577 divinum
1555 5499 1717 5578 docet
1746 5521 2055 5591 symbolum
2089 5532 2143 5576 et

2249 5536 2478 5606 ὕστερον
2501 5499 2674 5607 χαῦτη
2707 5499 2940 5604 Ἱγέγονε,
2979 5499 3080 5588 ’καὶ
3120 5499 3313 5605 χρόνον
3341 5499 3626 5602 {exuam-siti
3650 5517 3785 5586 ὲσλίά⁶

559 5615 736 5673 dicit:

2239 4609 2276 4664 ἃ
2321 4610 2418 4663 καὶ
2465 4609 2644 4680 ὀρθῶς
2695 4610 3023 4682 ἐκθεμένηή
3074 4611 3389 4681 Ἐκκλησία,
3443 4612 3534 4665 καὶ
3567 4604 3785 4678 περὶτῆς

2247 5645 2359 5681 των
2405 5626 2516 5682 τῶν
2549 5627 2763 5680 αἰώνων
2813 5627 3146 5697 πραχθεῖσα,
3202 5628 3298 5680 καὶ
3348 5624 3523 5679 αἰτίαν
3566 5617 3655 5685 τὴν
3697 5623 3784 5661 σω⁶

2253 5721 2452 5790 τηρίλιν
2478 5721 2662 5792 ἡμῶν,
2695 5719 2856 5775 τοῦτο
2889 5721 2982 5774 καὶ
3005 5719 3064 5774 τὸ
3097 5718 3240 5774 Θεῖον
3263 5718 3500 5775 διδάσκει
3526 5701 3780 5779 Σύμϐολονι

2259 5830 2350 5867 και
2379 5829 2532 5884 φησι⁹
