4056 6456
262 414 372 477 765

1292 382 1709 470 exrosmo
1747 404 1971 466 SACRI
2013 404 2370 466 SYMBOLI.

3404 416 3509 478 766

265 527 380 580 Τὸν
403 521 480 576 δι’
516 518 670 588 ἡμᾶς
704 518 850 590 τοὺς
878 519 1253 585 ἀνθρώπους,
1279 519 1378 572 καί
1413 517 1511 571 διὰ
1535 517 1669 590 -τὴν
1698 516 1841 590 ἡμε-

1954 511 2047 579 Ωαί
2076 526 2288 586 propter
2313 533 2407 572 nos
2437 519 2672 590 homines
2693 528 2744 574 et
2778 530 2991 590 prapter
3017 531 3253 578 nostram
3282 525 3510 584 salutem

330 593 514 674 τέραν
540 586 885 660 σωτηρίαν,
943 590 1315 646 κατελθόντα
1360 589 1429 642 ἐκ
1484 586 1607 643 τῶν
1654 589 1834 657 οὐρα-

329 676 478 720 νων.

337 798 481 870 Ὅρα
509 797 811 871 μυστήριον
840 798 1171 866 θαυμαστὸν,
1201 795 1295 851 καὶ
1315 795 1377 850 οὐ
1409 795 1721 865 θαυμαστὸν
1744 788 1841 848 αῦ·

262 892 349 956 θις
379 892 469 946 διὰ
502 891 564 944 τὸ
592 890 693 959 τῆς
723 888 872 952 θείας
905 888 1186 956 δυνάμεως
1216 888 1461 955 ἄπειρον.
1492 885 1566 938 Τὸ
1599 885 1696 953 μὲν
1727 885 1837 953 γὰρ

262 969 521 1038 τοσοῦτον
565 982 974 1050 συγκαταϐῆναι
1000 981 1090 1033 τὸν
1119 980 1253 1033 Θεὸν
1285 980 1476 1046 Λόγον,
1510 978 1585 1040 ὡς
1625 978 1721 1030 ἀνθ
1733 995 1840 1049 ρω-

2433 589 2700 643 descendit
2738 594 2801 646 de
2852 589 3016 647 aclis.

2017 784 2149 841 Vitle
2194 787 2441 843 mirabile
2498 792 2837 861 mysterium,
2872 808 2974 849 nec
3016 796 3081 849 de
3114 813 3259 853 novo
3310 800 3509 855 mirum

1941 887 2162 948 propter
2188 878 2385 933 divinae
2422 885 2678 949 potentiae
2735 884 3114 951 inexpertum:
3178 898 3292 942 tum
3362 893 3510 945 enim

1943 964 2082 1020 adeo
2111 968 2484 1025 exinanivisse
2517 988 2575 1026 se
2604 972 2767 1028 Deum
2810 974 3047 1029 Verbum
3106 987 3165 1031 ut
3221 980 3352 1033 limo
3388 984 3511 1034 nni-

266 1076 409 1145 πίνῳ
441 1074 709 1144 ἑνωθῆναι
746 1072 887 1142 μετὰ
914 1072 1092 1141 ψυχῆς
1124 1072 1430 1141 φυράματι,
1456 1072 1715 1123 ἐπέκεινα
1745 1068 1837 1122 νοῦ

1954 1060 2057 1111 tum
2094 1060 2166 1113 sit
2201 1060 2443 1116 humano
2477 1080 2602 1117 cum
2637 1066 2838 1131 anima,
2868 1070 3014 1136 quod
3043 1079 3267 1137 superat
3292 1085 3511 1126 Omnem

192 1175 210 1189 ‘
264 1168 470 1230 παντός
494 1182 508 1199 “
536 1166 596 1221 τὸ
619 1165 664 1219 δ’
695 1165 858 1219 αὑτὸν
887 1164 1181 1234 δυνηθῆναι
1213 1162 1371 1216 τοῦτο
1395 1161 1744 1230 διενεργῆσαι
1776 1161 1838 1213 οὗ

201 1270 211 1333 ξ
266 1261 580 1332 θαυμαστὸν
628 1259 723 1314 καὶ
765 1259 1050 1324 ἀδύνατον,
1100 1255 1508 1323 παντοδόναμος
1554 1254 1660 1321 γάρ
1685 1269 1698 1281 ’
1749 1252 1841 1305 καὶ

261 1355 362 1406 οὐκ
390 1352 651 1420 ὴλλοίωτο
696 1353 762 1420 τῇ
804 1349 1055 1420 Θεότητι,
1101 1348 1224 1401 οὐδέ
1269 1364 1392 1400 τινα
1442 1346 1631 1397 σπῖλον
1682 1348 1841 1413 ἐσχεν

208 1498 211 1501 ,
262 1445 483 1505 ἔνωθεὶς
533 1442 613 1512 τῷ
659 1440 967 1511 ἁνθρώπφο
1019 1439 1219 1510 μᾶλλον
1265 1438 1321 1491 δὲ
1370 1433 1437 1507 ἦν
1464 1434 1722 1504 ἁγιάζων,
1749 1434 1840 1487 τὸν

206 1539 224 1606 ἶ
263 1538 570 1605 ἄνθρωπον.
592 1533 908 1606 Ἄνθρωπος
940 1533 999 1585 δὲ
1030 1531 1106 1601 τῷ
1136 1530 1398 1601 ὁρωμένῳ
1424 1528 1599 1596 τούτῳ
1624 1526 1835 1596 κόσμῳ,

265 1630 326 1682 τὸ
352 1628 700 1697 τιμιώτατον,
732 1627 871 1689 ζῶον
906 1624 1152 1691 λογικὸν,
1184 1623 1362 1692 ψυχὴν
1392 1620 1587 1690 νοερὰν
1634 1636 1837 1686 κεκτη·

266 1721 447 1790 μένος,
474 1719 569 1771 καὶ
601 1717 727 1771 νοῦν
761 1716 860 1787 μὲν
893 1714 1026 1783 πρὸς
1057 1714 1407 1781 κατανόησιν,
1438 1712 1596 1780 λόγον
1620 1710 1675 1763 δὲ
1704 1709 1841 1775 πρὸς

262 1811 572 1880 δοξολογίαν
628 1808 769 1880 ἔχων
814 1807 975 1872 Θεοῦ,
1028 1805 1399 1874 ἁπεικόνισμά
1446 1821 1507 1857 τε
1557 1806 1650 1857 τοῦ
1691 1802 1838 1855 θείου

1942 1149 2320 1217 intellectum;
2377 1162 2490 1207 tum
2563 1171 2688 1209 eum
2760 1159 2812 1211 id
2868 1160 3048 1214 facere
3105 1164 3373 1231 potuisse,
3416 1179 3519 1219 nec

1944 1242 2140 1295 mirum
2175 1258 2273 1298 nec
2309 1245 2642 1313 impossibile
2676 1249 2724 1302 ei
2761 1253 2853 1317 qui
2888 1254 3075 1306 omnia
3114 1265 3310 1321 patest.
3348 1257 3458 1312 Nec
3485 1273 3515 1313 ε

1945 1330 2154 1385 Deitate
2178 1343 2421 1389 mutatus
2449 1346 2531 1391 est
2563 1354 2662 1393 nec
2698 1342 2865 1395 ullam
2892 1346 3159 1398 maculam
3189 1348 3416 1403 admisnt
3449 1366 3517 1405 ex

1943 1423 2197 1479 humanae
2232 1439 2445 1480 natura:
2491 1433 2894 1500 assumptione,
2938 1437 3046 1489 imo
3083 1439 3356 1495 hoiuinem
3394 1458 3522 1497 san-

1945 1514 2243 1570 ctiﬁcabat.
2294 1515 2473 1571 Homo
2504 1535 2634 1573 vero
2660 1521 2783 1575 huic
2813 1524 3011 1577 visibili
3046 1527 3273 1591 mundo,
3312 1530 3521 1585 honore

1945 1610 2242 1672 maximus,
2317 1611 2519 1665 animal
2596 1616 2881 1682 rationale,
2955 1619 3135 1673 anima
3194 1621 3520 1691 intelligenli

1945 1697 2231 1764 praeditus,
2265 1712 2507 1756 mentem
2535 1704 2753 1771 quidem
2813 1706 2879 1761 ad
2908 1708 3217 1774 scientiam,
3251 1713 3521 1765 rationem

1943 1804 2079 1847 Vero
2108 1792 2176 1846 ad
2229 1794 2444 1848 laudem
2481 1796 2686 1851 habens
2721 1796 2841 1862 Dei,
2900 1800 3059 1870 cujus
3094 1803 3524 1871 pulchritudinis

264 1901 497 1964 κάλλους
520 1899 724 1954 τελῶν·
752 1898 824 1951 δι’
852 1897 911 1949 ὃν
941 1897 1038 1949 καὶ
1066 1897 1157 1949 τὸν
1182 1895 1388 1963 κόσμον
1419 1891 1700 1960 γεγονέναι
1734 1890 1835 1942 πᾶ-

1954 1886 2370 1942 similitudinem
2404 1902 2516 1956 prae
2546 1904 2605 1943 se
2633 1889 2758 1956 fert,
2784 1901 3007 1961 pr0pter
3033 1909 3196 1960 quem
3233 1905 3287 1950 et
3332 1900 3521 1953 orbem

266 1992 352 2047 σίν
384 1994 532 2046 ἐστιν
567 1991 848 2064 ᾀδόμενον.
888 1990 951 2043 El
980 1989 1074 2042 οῦν
1107 1990 1165 2040 ἐν
1202 1987 1280 2056 τῷ
1308 1985 1526 2055 οὐρανῷ
1554 1984 1839 2036 κατοικεῖν

264 2085 482 2154 λέγεται
524 2084 616 2139 τὸν
660 2084 813 2147 Θεὸν,
858 2083 953 2136 καὶ
992 2084 1049 2134 ὲν
1083 2082 1197 2143 τοῖς
1234 2081 1401 2133 πᾶσιν
1443 2073 1606 2140 εἶναι,
1648 2077 1741 2128 καὶ
1774 2074 1842 2126 τὰ

266 2180 445 2233 πάντα
494 2178 756 2246 πληροῦν,
790 2176 844 2228 τί
881 2173 1212 2242 θαυμαστὸν,
1258 2172 1305 2224 εί
1354 2170 1450 2223 καὶ
1497 2166 1841 2237 ἀνθρώπινον

267 2268 407 2339 μετὰ
432 2267 612 2338 ψυχῆς
660 2265 993 2337 προσείληφε
1045 2264 1227 2332 σῶμα.
1261 2264 1353 2316 καὶ
1398 2261 1597 2314 ἐνοικεῖ
1630 2259 1841 2327 τούτῳ,

264 2364 356 2417 καὶ
398 2362 715 2433 ἀχωρίστως
743 2361 874 2415 ίδιον
906 2361 1018 2431 ἔχει
1048 2360 1106 2411 ἐν
1139 2358 1287 2426 αὐτῷ
1319 2358 1394 2429 μὴ
1425 2355 1843 2426 περιγραφόμε-

264 2472 397 2522 νος,
462 2453 536 2518 ὣς
588 2471 672 2518 τις
729 2454 831 2523 ἔφη
882 2451 989 2507 τῶν
1050 2451 1351 2521 θεηγόρων,
1386 2448 1671 2517 καὶδτοῦτο
1719 2447 1843 2499 ναὸν

268 2548 522 2617 ἐποίησεν
556 2545 754 2613 ἑαυτῷ,
793 2545 889 2599 καὶ
935 2544 1243 2614 ἀδιαίρετον
1282 2542 1583 2612 σκήνωμα;
1623 2539 1685 2592 Ei
1734 2539 1843 2609 γὰρ

268 2640 326 2691 ὲν
352 2638 529 2707 ἁγίοις
554 2634 1003 2691 ὲπαναπαύεσθαι
1032 2635 1271 2703 λέγεται,
1293 2636 1406 2699 καὶ,
1433 2631 1761 2696 Ἐνοικήσω
1777 2631 1846 2683 ἐν

270 2730 478 2797 αὐτοῖς
506 2731 605 2784 καί
632 2728 1121 2799 ἐμπεριπατήσω,
1150 2728 1484 2797 γέγραπται,
1532 2724 1844 2793 ἀνθρώποις

272 2822 474 2888 ἁγίοις,
508 2821 685 2892 φθορᾷ.
737 2822 838 2890 μὲν
874 2820 967 2873 καὶ
1016 2819 1259 2889 ἁμαρτίᾳ
1302 2819 1550 2879 συστᾶσι,
1586 2820 1744 2886 μόνον
1788 2816 1844 2869 δὲ

276 2913 598 2984 καθαρθεῖσι
641 2912 836 2984 μικρόν
874 2929 1021 2966 τισιν
1066 2914 1309 2980 ἀρεταῖς,
1362 2911 1457 2964 zeal.
1510 2907 1845 2979 σκηνώματα

272 3005 408 3058 Θεοῦ
440 3002 723 3077 ἀγαπητὰ,
760 3006 856 3059 καὶ
884 3002 1015 3071 ἅγια
1050 3004 1221 3069 ἁγίων
1247 3005 1316 3057 τὰ
1347 3002 1440 3054 τοῦ
1473 3003 1637 3072 νόμου
1665 3004 1852 3055 ἐκεῖνα

276 3094 632 3168 χειροποίητα
679 3098 774 3150 κα)⁵
823 3097 1007 3167 ἄψυχα
1045 3095 1319 3158 λέλεκται,
1363 3096 1461 3149 καὶ
1490 3097 1518 3148 6
1554 3095 1657 3148 ὑπὸ
1691 3095 1850 3146 Σολο⁴

279 3186 488 3256 μῶντος
519 3170 762 3249 κτισθεὶς
794 3185 947 3253 ἆγιος
975 3180 1142 3250 οἶκος,
1191 3185 1286 3237 καὶ
1318 3185 1444 3244 ναὸς
1490 3183 1567 3254 τῷ
1616 3182 1806 3256 κυρίῳ
1832 3196 1846 3211 ⁶

1949 1979 2265 2033 universum
2331 1977 2534 2033 factum
2581 1996 2703 2036 esse
2769 1983 2838 2037 ab
2876 1986 3131 2041 omnibus
3190 1988 3519 2045 celebratur.

1948 2069 2004 2124 Si
2041 2070 2208 2139 igitur
2240 2070 2294 2124 in
2356 2071 2512 2127 caelis
2547 2072 2796 2128 habitare
2825 2075 3027 2130 dicitur
3058 2077 3222 2145 Deus,
3254 2082 3308 2133 in
3337 2084 3522 2137 omni--

1947 2162 2048 2217 bus
2090 2178 2235 2228 esse,
2285 2173 2337 2219 et
2390 2174 2586 2220 cuncta
2650 2167 2971 2237 adimplere,
3030 2172 3162 2241 quid
3221 2175 3417 2227 mirum
3477 2176 3525 2230 si

1948 2256 2111 2310 etiam
2154 2260 2453 2312 humanum
2484 2275 2607 2314 cum
2639 2263 2822 2316 anima
2878 2279 3081 2333 corpus
3116 2270 3437 2337 assumpsit.
3466 2270 3525 2324 in

1949 2362 2125 2416 eoque
2160 2348 2406 2416 habitat,
2441 2361 2493 2405 et
2552 2353 2993 2421 inseparabiliter
3056 2362 3341 2428 pr0prium
3377 2371 3527 2418 tenet

1949 2441 2003 2494 in
2039 2456 2103 2494 eo
2130 2456 2240 2494 non
2269 2443 2765 2512 circumscriptus?
2797 2446 2942 2500 sicut
2976 2448 3069 2502 Dei
3105 2452 3353 2506 laudator
3392 2448 3524 2523 qui.

1950 2532 2075 2586 dam
2111 2533 2271 2598 dixit,
2299 2536 2441 2602 quod
2474 2539 2732 2605 templum
2764 2537 2893 2593 fecit
2934 2542 3037 2595 sibi
3074 2542 3528 2614 individuumque

1953 2624 2392 2687 tabernaculum,
2423 2628 2512 2694 qui
2550 2628 2606 2680 in
2664 2631 2871 2684 sanctis
2941 2635 3280 2689 mansionem
3347 2637 3529 2692 facere

1951 2714 2186 2768 dicitur:
2235 2714 2306 2768 Et
2339 2717 2643 2773 inhabitabo
2675 2720 2727 2772 in
2758 2722 2866 2775 illis
2904 2734 2951 2777 et
2989 2726 3287 2793 ambulabo,
3330 2730 3529 2785 scribi-

1950 2813 2038 2860 tur
2059 2824 2072 2860 :
2095 2808 2402 2863 hominibus
2427 2814 2656 2877 sanctis,
2686 2817 3038 2883 corruptione
3069 2818 3286 2885 quidem
3316 2833 3369 2875 et
3398 2838 3531 2890 pec-

1950 2902 2074 2949 cato
2148 2897 2384 2965 refertis,
2452 2910 2659 2954 tantum
2712 2918 2841 2981 verg
2919 2906 3195 2974 aliquibus
3248 2912 3528 2979 paululum

1951 2985 2249 3042 virtutibus
2280 2991 2535 3059 expiatis.
2570 2993 2637 3047 Et
2703 2994 3054 3052 tabernacula
3095 2999 3189 3053 Dei
3244 3004 3527 3071 amabilia,

1953 3086 2008 3134 et
2036 3092 2352 3138 sanctorum
2400 3097 2614 3151 sancta,
2645 3089 2779 3158 legis
2826 3091 2915 3145 illa
2952 3094 3233 3148 hominum
3268 3113 3529 3153 manuum

1954 3183 2117 3237 Opera
2148 3184 2201 3225 et
2232 3174 2530 3229 inanimata
2567 3178 2711 3232 dicta
2738 3188 2888 3245 sunt,
2926 3188 2980 3235 et
3009 3197 3038 3235 a
3075 3182 3367 3239 Salomone
3395 3201 3532 3240 con-

275 3277 459 3347 stant];
494 3277 696 3346 μᾶλλον
720 3277 782 3331 τὸ
807 3276 1086 3348 Κυριακδν
1115 3273 1297 3345 σῶμα,
1343 3276 1402 3328 ὲν
1436 3274 1585 3344 αὐτῷ
1631 3275 1848 3327 κτισθὲν

1957 3261 2069 3316 dita
2104 3275 2293 3320 sancta
2353 3268 2577 3333 domus,
2614 3280 2668 3325 et
2718 3274 2977 3342 templum
3050 3272 3319 3343 Domino;
3359 3281 3533 3337 multo

274 3371 374 3424 καὶ
422 3370 623 3424 συστὰν
669 3369 801 3439 θείῳ
832 3368 1109 3437 Πνεῦματι
1138 3368 1306 3437 χωρὶς
1349 3367 1647 3437 ἁμαρτίας,
1693 3368 1720 3419 ὃ
1759 3368 1852 3420 καὶ

272 3463 481 3516 θεωθὲν
507 3466 571 3532 τῇ
607 3461 796 3515 ἐνώσει
828 3464 897 3515 τὰ
932 3462 1111 3516 πάντα
1141 3460 1465 3528 καθαγιάζει
1501 3460 1627 3523 ναὸς
1670 3460 1843 3513 τελῶν

274 3551 425 3623 αὐτῷ
453 3551 606 3616 ἅγιος
637 3551 731 3605 καὶ
762 3550 1007 3620 ἔμψυχος
1041 3549 1135 3603 καὶ
1167 3549 1492 3617 ἀχώριστος.
1536 3546 1699 3598 Ἀλλὰ
1743 3547 1850 3615 μὴν

274 3644 401 3698 οὐδὲ
451 3644 539 3698 διὰ
580 3644 642 3696 τὸ
694 3642 786 3697 τοῦ
817 3640 1047 3712 οὐρανοῦ
1084 3640 1311 3711 μέγεθος
1349 3637 1570 3707 λέγεται
1599 3637 1688 3689 τὸν
1719 3635 1850 3688 Θεὸν

274 3732 451 3786 οἰκεῖν
476 3733 533 3785 ὲν
556 3731 632 3802 τῷ
661 3730 908 3801 οὐρανῷ·
940 3730 1100 3800 σῶμα
1127 3730 1234 3797 γὰρ
1288 3732 1316 3781 6
1359 3728 1588 3797 οὐρανός
1614 3743 1629 3759 ο
1664 3730 1690 3779 ὁ
1717 3727 1851 3789 Θεὸς

276 3824 333 3876 δὲ
360 3821 672 3893 ἀσώματος.
699 3823 764 3875 Ei
790 3820 847 3874 δὲ
873 3822 969 3875 καὶ
993 3822 1136 3891 ὑπὲρ
1157 3820 1217 3872 τὸ
1246 3821 1353 3873 πᾶν
1382 3821 1409 3873 6
1436 3818 1587 3882 Θεὸς,
1624 3819 1717 3871 καὶ
1744 3821 1850 3886 πρδ

279 3914 376 3966 τοῦ
408 3914 663 3982 γενέσθαι
705 3913 797 3966 τὸν
836 3913 1068 3982 οὐρανὸν
1109 3915 1203 3968 καὶ
1240 3912 1307 3963 τὰ
1350 3911 1455 3964 ὑπὸ
1483 3911 1573 3964 τὸν
1603 3911 1848 3980 οὐρανὸν,

278 4004 623 4071 προαιωνίως
654 3998 722 4073 ἦν
748 4003 777 4056 6
807 4005 938 4064 Θεός
961 4019 977 4034 ο
1008 4002 1090 4065 τίς
1135 4004 1240 4073 ἄρα
1270 4002 1424 4070 λόγος
1454 4004 1565 4059 τοῖς
1610 4002 1847 4069 λέγουσι,

280 4093 405 4159 Πῶς
438 4093 465 4145 ό
499 4092 627 4154 Θεὸς
672 4090 998 4163 ὲσαρκώθη;
1035 4092 1066 4162 ἢ
1094 4091 1209 4154 πῶς
1242 4093 1356 4144 ἐστι
1394 4094 1528 4161 μετᾶ
1560 4091 1849 4159 σώματος;

282 4184 393 4236 Καὶ
422 4187 889 4254 σεσωματωμένος
924 4187 1032 4255 γὰρ
1059 4184 1263 4253 ὀφθεὶς,
1299 4185 1397 4255 τὴν
1439 4184 1631 4237 ἀῦλίαν
1658 4182 1849 4234 ἑαυτοῦ

282 4274 440 4341 φέρει
465 4293 479 4306 ·
507 4275 698 4346 καὶτῷ
729 4276 826 4345 μὲν
853 4275 1064 4347 σώματι
1088 4278 1145 4328 ὲν
1170 4278 1339 4344 τόπῳ,
1369 4279 1434 4345 τῇ
1463 4274 1677 4345 θεότητι
1708 4273 1765 4325 δὲ
1793 4272 1852 4323 τὸ

279 4368 392 4419 πᾶν
424 4368 660 4439 συνέχων
692 4370 826 4436 ἐστὶ,
857 4370 952 4422 καὶ
983 4370 1123 4439 ὑπὲρ
1156 4369 1217 4422 τὸ
1262 4370 1371 4422 πᾶν
1423 4368 1811 4437 εὑρισκόμενος
1833 4378 1847 4392 ⁸

277 4459 377 4509 καὶ
403 4457 490 4511 διὰ
517 4456 610 4511 τοῦ
643 4459 906 4526 παναγίου
934 4458 992 4511 δὲ
1018 4453 1077 4512 οὗ
1108 4458 1441 4528 προσείληφε
1470 4457 1744 4527 σώματος,
1777 4456 1853 4517 ὡς

280 4549 390 4602 ἀπὸ
418 4550 621 4621 πηγῆς,
648 4553 766 4613 ταῖς
795 4551 1176 4619 τῆςηθεότητος
1221 4550 1385 4603 αὑτοῦ
1416 4549 1716 4618 ἐνεργείαις
1762 4547 1852 4599 καὶ

278 4645 508 4713 δωρεαῖς
538 4645 597 4695 τὸ
619 4646 728 4697 πᾶν
750 4644 1009 4711 ἁγιάζει-⁸
1040 4644 1133 4696 καὶ
1156 4645 1323 4713 ὅνπερ
1347 4642 1540 4713 πρώην
1571 4642 1736 4711 298
1753 4642 1852 4695 οὐκ

282 4736 470 4803 ἰσχῦον
499 4736 630 4805 όρᾷν
657 4735 903 4803 ἄγγελοι,
935 4735 1053 4798 πῶς
1103 4735 1215 4804 γὰρ
1258 4734 1325 4787 ἂν
1364 4735 1550 4800 ἐώρων
1587 4736 1680 4787 τὸν
1718 4735 1854 4803 ὑπὲρ

229 4835 241 4846 '
279 4826 381 4896 τὴν
410 4826 571 4893 φύσιν
596 4827 777 4880 αὐτῶν
803 4843 818 4893 ;
866 4827 1054 4881 τοῦτον
1090 4826 1186 4880 νῦν
1212 4826 1379 4895 ὁρῶσι
1410 4825 1486 4895 τῷ
1513 4826 1641 4892 θείῳ
1675 4827 1859 4894 σώμα-

278 4918 377 4966 τι·
413 4916 505 4968 καὶ
550 4915 827 4984 συγγενῶς
869 4916 1072 4986 μᾶλλον
1100 4919 1167 4985 τῇ
1196 4914 1345 4986 ἀῢλῳ
1393 4917 1486 4968 καὶ
1525 4914 1645 4985 θείᾳ
1666 4916 1856 4967 τούτου

283 5008 605 5063 κοινωνοῦσι
632 5008 800 5078 ψυχῇ,
830 5009 925 5062 καὶ
955 5009 1061 5061 τῶν
1087 5008 1323 5078 χαρίτων
1351 5009 1658 5078 μετέχουσι.
1689 5007 1859 5060 Τοῦτο

281 5099 343 5153 δὲ
374 5100 469 5152 καὶ
499 5100 613 5161 τοῖς
648 5098 957 5167 ἀνθρώποις
985 5101 1121 5170 ἡμῖν
1152 5098 1353 5169 συνέϐη
1377 5116 1389 5129 ε
1424 5098 1483 5152 ὃν
1515 5099 1624 5168 γὰρ
1663 5099 1861 5151 ἐπεθύο

285 5208 426 5260 μουν
453 5191 718 5261 πρότερον
751 5190 879 5243 ίδεϊν
910 5192 1206 5261 προφῆται,
1232 5192 1325 5244 καὶ
1348 5191 1408 5243 οῦ
1439 5192 1536 5262 τὴν
1563 5192 1860 5261 ἐπιθυμίαν

281 5280 711 5335 ἀκατάπαυστον
744 5276 911 5349 εἶχον,
956 5281 1051 5333 καὶ
1098 5281 1254 5334 τοῦτο
1297 5282 1478 5351 δέησις
1534 5283 1715 5344 αὐτοῖς
1768 5282 1863 5335 καὶ

284 5367 657 5440 παράκλησις,
688 5370 748 5423 τὸ
778 5348 836 5424 ὲν
867 5371 1118 5441 ὀνείροις,
1148 5371 1181 5441 ἢ
1220 5348 1391 5426 εἰκόσι
1421 5376 1531 5425 τισὶ
1558 5374 1739 5437 ποσῶς
1764 5377 1864 5428 αὑ-

285 5462 384 5513 τὸν
414 5461 671 5515 κατιδεῖν.
705 5461 815 5515 Καὶ
842 5461 999 5516 τοῦτο
1024 5463 1080 5515 δὲ
1108 5463 1339 5535 Μωῦσῆς
1366 5466 1605 5517 δείκνυσι
1629 5482 1858 5535 προσευ-

286 5555 518 5623 χόμενος
549 5554 645 5608 καὶ
676 5554 876 5625 ζητῶν,
910 5558 1002 5610 καὶ
1043 5557 1324 5629 Ἰεςεκιὴλ,
1354 5561 1446 5612 καὶ
1489 5559 1739 5624 Ἠσαίας,
1768 5562 1864 5614 καὶ

285 5644 507 5716 Δανιὴλ,
544 5646 730 5701 πολλοί
762 5664 820 5701 τε
882 5649 992 5701 τῶν
1058 5651 1356 5721 προφητῶν
1402 5652 1572 5718 ἄλλοι,
1616 5655 1763 5722 μέγα
1810 5671 1863 5707 τι

285 5736 604 5805 νομίζοντες
632 5737 796 5810 ἦσαν,
831 5740 891 5792 τὸ
921 5741 1187 5806 ὀπτασίας
1217 5746 1363 5806 τινὸς
1385 5745 1452 5797 δι’
1488 5747 1750 5816 ἀμυδρῶν
1780 5764 1864 5799 τι-

285 5842 399 5883 νων
424 5828 763 5900 αἰνιγμάτων
799 5833 1202 5905 καταξιωθῆναι
1233 5836 1392 5893 Θεοῦ.
1418 5837 1639 5905 Τοῦτον,
1668 5837 1713 5892 ὣ
1732 5843 1864 5894 πολ-

1956 3356 2129 3423 magis
2160 3357 2507 3416 Dominicum
2539 3378 2766 3434 corpus,
2802 3366 2857 3420 in
2888 3382 2952 3421 eo
2983 3378 3231 3424 creatum
3266 3381 3319 3426 et
3340 3373 3530 3430 divino

1958 3443 2178 3513 Spiritu
2208 3453 2551 3519 coagulatum
2615 3456 2825 3524 absque
2880 3468 3126 3526 peccato,
3155 3461 3298 3530 quod
3349 3478 3379 3517 a
3423 3462 3536 3519 Deo

1960 3537 2297 3595 adunatione
2355 3546 2540 3597 omnia
2579 3557 2891 3612 consecrat,
2925 3554 3185 3620 templum
3225 3555 3533 3621 perfectum

1955 3625 2057 3696 ipsi
2093 3641 2341 3685 sanctum
2367 3643 2420 3687 ει
2442 3637 2741 3691 animatum
2776 3650 2827 3693 et
2860 3640 3226 3697 individuum.
3264 3646 3369 3699 Sed
3394 3662 3531 3702 sane

1954 3737 2066 3776 non
2125 3734 2347 3793 propter
2413 3728 2537 3781 ctnli
2575 3731 3002 3799 magnitudinem
3045 3735 3247 3789 dicitur
3284 3740 3425 3793 licus
3476 3741 3532 3795 in

1955 3815 2096 3868 caelo
2122 3816 2392 3880 habitare,
2420 3821 2566 3888 quod
2607 3837 2810 3891 corpus
2851 3834 2956 3887 est,
2994 3825 3134 3881 Deus
3166 3844 3295 3883 vero
3344 3831 3530 3886 incor-

1954 3920 2178 3973 poreus.
2214 3909 2269 3962 Si
2310 3918 2491 3964 autem
2522 3928 2685 3983 super
2729 3916 2913 3969 omnia
2944 3916 3112 3982 Deus,
3150 3930 3205 3974 et
3237 3932 3364 3976 ante
3408 3925 3533 3980 ρωιί

1956 4008 2009 4053 ει
2035 4001 2282 4054 omnium
2316 4017 2439 4070 qua-
2474 4005 2576 4059 sub
2606 4008 2747 4060 coelo
2775 4017 2901 4061 sunt
2944 4009 3384 4076 fabricationem,
3405 4026 3534 4070 ante

1955 4095 2154 4146 saecula
2190 4103 2305 4147 erat
2334 4096 2498 4163 Deus,
2528 4099 2652 4167 quis
2681 4115 2861 4155 sermo
2891 4102 3186 4157 dicentium
3210 4120 3224 4158 :
3248 4105 3535 4171 Quomodo

1957 4182 2271 4242 incarnatus
2294 4198 2378 4242 est
2397 4187 2557 4253 Deus,
2584 4200 2677 4245 aut
2698 4195 2973 4260 quomodo
3006 4211 3129 4249 cum
3156 4213 3388 4266 corpore
3410 4200 3536 4255 est?

1956 4275 2281 4334 lncarnatus
2335 4281 2478 4334 enim
2510 4283 2603 4351 qui
2661 4284 2811 4338 visus
2844 4295 2949 4349 est,
3013 4286 3535 4346 innuaterialitatem

1956 4381 2109 4421 suam
2134 4368 2255 4434 fert,
2272 4379 2325 4424 et
2343 4386 2573 4442 corpore
2596 4373 2647 4427 in
2669 4375 2813 4442 loco,
2830 4376 3114 4432 divinitate
3143 4389 3325 4434 autem
3351 4385 3536 4437 omnia

1957 4460 2244 4517 continens
2267 4472 2351 4518 est
2381 4473 2435 4517 et
2456 4480 2629 4533 super
2643 4468 2822 4521 omnia
2871 4469 3163 4537 inventus;
3196 4482 3250 4526 ει
3281 4489 3377 4543 ρει·
3411 4490 3538 4530 san-

1959 4553 2266 4608 ctissimum
2324 4558 2468 4625 quod
2526 4562 2828 4629 assumpsit
2861 4578 3094 4631 corpus,
3128 4566 3273 4619 sicut
3300 4582 3330 4620 a
3363 4567 3536 4635 l'onte,

1960 4643 2265 4700 divinitatis
2298 4662 2412 4702 sua;
2431 4648 2668 4705 eiIicacia
2697 4651 2970 4720 donisque
2995 4657 3177 4709 omnia
3204 4659 3538 4726 sanctiﬁcat,

1957 4747 2011 4792 et
2045 4753 2205 4803 quem
2232 4728 2626 4798 nudiustertius
2653 4745 2840 4800 videre
2888 4749 2997 4801 non
3046 4749 3298 4802 valebant
3331 4753 3535 4819 angeli,

1961 4830 2258 4898 (quomodo
2277 4835 2423 4888 enim
2453 4836 2607 4889 illum
2636 4839 2730 4906 qui
2759 4855 2925 4908 supra
2948 4856 3136 4893 eorum
3169 4850 3422 4894 naturam
3451 4852 3538 4896 est

1961 4923 2285 4995 vidissent?)
2352 4927 2504 4981 illum
2548 4945 2691 4985 nunc
2753 4930 2806 4983 in
2840 4932 3030 4985 divino
3079 4933 3267 4985 vident
3306 4948 3537 5003 corpore

1960 5025 2013 5069 et
2035 5016 2250 5073 amnius
2282 5019 2632 5075 immateriali
2671 5022 2980 5089 divinmque
3019 5023 3166 5077 illius
3208 5028 3538 5081 consocian-

1965 5120 2051 5165 tur
2083 5110 2303 5174 animae,
2331 5119 2383 5165 et
2411 5114 2712 5181 gratiarum
2758 5113 3055 5184 participes
3083 5114 3244 5170 ﬁunt.
3284 5117 3441 5183 Quod
3483 5130 3538 5175 et

1965 5202 2280 5258 hominibus
2304 5204 2463 5258 nobis
2494 5208 2713 5272 evenit;
2747 5222 2908 5275 quem
2938 5209 3085 5262 enim
3150 5212 3304 5280 prius
3352 5215 3535 5270 videre

1964 5296 2297 5362 exoptabant
2342 5297 2615 5365 propheta:
2638 5306 2692 5352 et
2713 5299 2987 5355 desiderio
3016 5302 3328 5360 incessante
3351 5322 3537 5376 perse-

1965 5386 2293 5454 qnebantur,
2356 5389 2497 5457 quod
2531 5392 2777 5457 ipsorum
2818 5394 2995 5447 oratio
3057 5404 3113 5449 et
3161 5396 3456 5466 invocatio,
3483 5401 3535 5454 in

1966 5479 2173 5533 somnis
2214 5480 2298 5533 vel
2327 5480 2662 5552 imaginibus
2712 5484 3044 5553 quibusdam
3097 5489 3344 5557 quolibet
3379 5493 3539 5545 modo

1966 5567 2182 5634 videre;
2211 5570 2356 5638 quod
2392 5571 2605 5642 Moyses
2657 5577 2913 5630 noscitur
2951 5578 3268 5647 supplicans
3305 5588 3360 5634 et
3387 5597 3537 5649 qua:-

1967 5674 2133 5725 rens;
2198 5670 2253 5715 et
2308 5664 2585 5732 Ezechiel,
2626 5666 2818 5731 Isaias,
2877 5662 3063 5723 Daniel
3096 5670 3299 5739 aliique
3322 5671 3538 5739 plurimi

1968 5752 2248 5820 propheta:
2284 5771 2539 5825 magnum
2569 5760 2699 5829 quid
2730 5760 3139 5816 arbitrabantur
3168 5761 3376 5817 visione
3407 5779 3542 5832 qna-

1970 5842 2102 5900 libet
2140 5860 2235 5915 per
2260 5847 2496 5905 obscura
2554 5853 2799 5922 qnzrdam
2851 5854 3140 5924 mnigniata
3173 5852 3266 5910 Dei
3300 5853 3538 5927 dignari.
