4056 6434
607 357 710 423 767
1391 354 1701 416 SYMEON
1713 355 1784 417 IS
1821 356 2589 420 THESSALONICENSIS
2627 359 2997 420 ARClllEP.
3722 366 3804 435 768

608 480 786 543 Illum,
835 491 870 532 ο
904 477 1200 530 maximam
1245 472 1715 544 philantbropiam
1767 480 1825 528 et
1876 475 2210 532 bonitatem,

2209 475 2260 534 Α
2283 471 2385 541 λῆς
2411 472 2514 541 τῆς
2545 471 2958 542 φιλανθρωπίας
2991 472 3086 525 καὶ
3112 471 3545 544 ὑπερϐαλλούσης
3578 474 3666 547 τῆς
3689 479 3801 546 ἀγα·

609 586 778 642 supra
808 568 1070 624 modum!
1125 567 1282 622 illum
1320 565 1609 622 nobiscum
1679 566 1882 621 habere
1910 566 2192 636 possimus

2299 562 2522 632 οότητος
2548 563 2560 616 l
2602 562 2690 616 ἵνα
2719 562 3041 633 δυνηθῶμεν
3081 562 3226 634 ἔχειν
3259 563 3375 634 μεθ’
3399 565 3564 634 ἡμῶν,
3591 567 3673 619 καὶ
3702 585 3804 636 συγ·

607 671 662 718 ct
687 662 840 732 quasi
881 661 1102 714 lratrem
1139 661 1350 724 videre,
1380 659 1699 714 societatem
1729 673 1854 712 cum
1889 672 1956 712 eo
1978 657 2189 712 haben-

2297 653 2474 720 γενῶς
2525 654 2658 723 ὁρᾷν
2711 653 2806 705 καὶ
2868 653 3156 716 κοινωνίας
3213 657 3486 725 μετέχειν,
3540 658 3650 711 καθ’
3690 656 3805 727 ἡμᾶς

610 768 690 810 tes
716 772 732 821 ;
762 754 906 824 apud
940 769 1041 808 nos
1069 752 1354 807 hominem
1380 752 1687 822 perlectum
1718 750 1945 815 factum,
1978 748 2190 818 perfec-

2298 745 2592 811 γενόμενον
2629 742 2920 812 ἄνθρωπον
2961 745 3192 809 τέλειον,
3223 746 3445 815 μένοντα
3469 747 3652 802 τέλειον
3685 750 3807 815 Θεὸν,

611 860 699 902 tus
725 847 818 916 qui
849 846 989 900 Deus
1031 855 1299 908 remanet,
1320 844 1612 914 dignamur
1643 855 1974 912 cognoscere
2020 854 2182 910 quem

2360 835 2612 905 ξιὼθημεν
2642 834 2850 902 γνῶναι
2873 850 2889 866 θ
2928 835 2988 887 ὃν
3019 837 3112 888 καὶ
3138 836 3353 907 εἴδομεν
3389 836 3460 907 τῷ
3500 839 3710 906 σώματι,
3739 841 3810 894 καὶ
3856 853 3864 864 ’

598 953 852 1006 .corpore
888 937 1157 1000 videmus,
1183 936 1344 1002 cujus
1379 943 1560 988 tamen
1591 935 1750 988 nobis
1774 931 2073 990 invisibilis
2105 929 2188 984 di-

2300 927 2464 982 πάλιν
2501 926 2668 980 αὑτοῦ
2703 926 3020 997 ἀθεώρητος
3049 929 3183 997 ἡμῖν
3214 929 3247 1000 ἡ
3286 927 3492 1000 θεότης.
3519 929 3618 984 Καὶ
3655 932 3686 1001 ἡ
3713 945 3811 1000 συγ-

611 1033 834 1086 vinitas.
862 1029 989 1084 Haec
1017 1028 1323 1083 esinanitio
1353 1035 1574 1096 propter
1591 1025 1925 1093 aliaquidem
1946 1023 2194 1078 admira-

2298 1020 2602 1082 κατάϐασις
2659 1017 2822 1088 αὕτη,
2853 1019 2951 1072 καὶ
3005 1019 3074 1072 δι’
3106 1018 3242 1074 ἄλλα
3278 1021 3376 1090 μὲν
3421 1021 3701 1091 θαυμαστὰ,
3741 1025 3812 1076 καὶ

614 1125 742 1178 bilia
771 1135 830 1177 et
868 1121 1182 1190 propterid,
1202 1131 1259 1174 ut
1287 1119 1613 1174 invisibilem
1634 1132 1966 1187 percarnem
2005 1115 2198 1170 videa-

2304 1112 2396 1166 διὰ
2425 1111 2583 1164 τοῦτο
2609 1110 2690 1175 δὲ,
2723 1111 2810 1164 ἱνα
2842 1110 2934 1164 τὸν
2958 1112 3268 1184 ἀθεώρητον
3297 1114 3385 1168 διὰ
3415 1115 3600 1183 σαρκὸς
3620 1116 3811 1184 ίδωμεν·

613 1234 769 1284 ιιιιιε;
796 1215 1067 1284 siquidem
1111 1213 1279 1267 Deum
1304 1228 1462 1266 nemo
1487 1212 1619 1266 vidit
1648 1226 1884 1280 unquam
1903 1227 1918 1275 ;
1937 1225 2033 1280 per
2053 1209 2194 1263 divi-

2298 1204 2423 1256 ιπεὶ
2457 1202 2591 1257 Θεὸν
2623 1203 2799 1265 οὐδεὶς
2827 1203 3042 1274 ἑώρακε
3065 1204 3309 1259 πώποτε.
3339 1206 3436 1260 Διὰ
3463 1207 3518 1260 δὲ
3544 1206 3629 1260 τοῦ
3648 1207 3815 1260 θειοτάε

611 1309 895 1363 nissimam
919 1317 1100 1360 tamen
1122 1316 1176 1360 et
1192 1305 1596 1359 sanctissimam
1621 1305 2054 1373 assumptionem
2083 1301 2192 1356 fra-

2299 1309 2398 1346 του
2435 1295 2531 1348 καὶ
2576 1294 2850 1362 παναγίου
2900 1296 3329 1365 προσλήμματος
3371 1297 3632 1366 συγγενῶς
3660 1297 3815 1367 ἐχομεν

613 1411 724 1453 tres
771 1399 818 1453 ei
845 1413 1078 1462 sumus;
1113 1397 1296 1465 itaque
1319 1396 1497 1451 oculis
1533 1395 1740 1450 nostris
1765 1411 1893 1450 eum
1929 1393 2190 1459 vidimus,

2300 1383 2398 1439 νῦν
2447 1385 2585 1454 πρὸς
2639 1386 2827 1441 αὐτόν.
2885 1388 2976 1440 Διὸ
3028 1387 3125 1444 καὶ
3177 1388 3502 1458 ἑωράκαμεν
3545 1389 3689 1443 αὐτὸν
3729 1391 3815 1453 τοῖς

608 1492 764 1546 utait
785 1491 1018 1546 dilectus
1042 1489 1346 1554 apostolus,
1375 1497 1426 1542 et
1445 1487 1921 1556 participationem
1949 1485 2191 1540 societa-

2299 1478 2601 1548 ὀφθαλμοῖς
2629 1480 2809 1552 ἡμῶν,
2836 1481 2912 1544 ὡς
2941 1485 2969 1535 ὁ
3004 1481 3364 1551 ἠγαπημένος
3391 1482 3549 1552 φησί·
3581 1483 3666 1537 καὶ
3694 1482 3817 1552 μετέ·

608 1591 833 1650 temque
863 1580 1138 1648 cumipso
1173 1578 1392 1646 quando
1410 1579 1660 1632 volumus
1713 1576 2008 1639 habemus,
2066 1589 2196 1630 vere

2300 1589 2421 1642 χειν
2446 1569 2616 1626 αὑτοῦ
2653 1574 2750 1627 καὶ
2780 1575 3064 1628 κοινωνεῖν
3091 1574 3313 1644 ἔχομεν,
3338 1576 3498 1630 ὁπότε
3527 1574 3814 1645 βουλοίμεθα.

612 1687 740 1728 eum
770 1679 1091 1738 cernentes;
1127 1671 1219 1738 qui
1255 1671 1308 1724 in
1344 1669 1509 1724 terris
1535 1669 1688 1723 visus
1735 1676 1819 1722 est
1848 1675 1902 1722 et
1930 1681 2055 1722 cum
2091 1667 2191 1720 lto-

2303 1662 2415 1716 Καὶ
2451 1662 2670 1732 ἀληθῶς
2699 1662 2916 1733 εἴδομεν
2946 1663 3110 1716 αὐτόν
3135 1679 3150 1694 ο
3185 1665 3278 1737 ἐπὶ
3306 1665 3402 1735 τῆς
3427 1665 3526 1734 γῆς
3552 1665 3651 1735 γὰρ
3675 1661 3815 1733 ὤφθη,

611 1765 858 1844 minibus
882 1770 1244 1819 conversatus
1272 1770 1358 1816 est
1385 1776 1398 1826 ;
1427 1771 1482 1816 ct
1509 1761 1564 1815 in
1597 1759 1882 1816 altissimis
1911 1759 2189 1814 sedentem

2229 1800 2270 1856 Β
2301 1754 2396 1806 καὶ
2445 1756 2561 1816 τοῖς
2599 1753 2914 1824 ἀνθρώποις
2952 1757 3370 1827 συνανεστράφη
3396 1771 3412 1788 ·
3451 1758 3540 1812 καὶ
3569 1737 3819 1826 καθήμενον

610 1865 737 1926 post
762 1856 904 1908 hanc
924 1853 1360 1922 assumptionem
1405 1853 1583 1907 oculis
1645 1852 1853 1908 nostris
1906 1851 2102 1905 iterum
2139 1867 2200 1903 a-

2233 1844 2269 1856 "
2306 1845 2446 1912 μετὰ
2473 1844 2567 1898 τοῦ
2601 1846 3037 1916 προσλήμματος
3063 1848 3178 1903 ἄνω
3212 1849 3411 1918 αὐτοψὶ
3438 1849 3592 1902 πάλιν
3621 1848 3730 1902 ἰδεῖν
3755 1846 3818 1899 ἑλ-

615 1953 828 2020 Spicere
861 1962 1172 2017 speramus,
1199 1961 1368 1999 unum
1395 1961 1518 1998 cum
1555 1959 1622 1998 eo
1641 1959 1762 1998 esse
1786 1953 1839 1998 et
1874 1942 2060 2013 gloriae
2081 1943 2199 2012 ejus

2302 1936 2556 2007 πίζομεν,
2588 1937 2684 1991 καὶ
2711 1938 2771 1990 ἓν
2797 1934 2940 1992 εῖναι
2969 1942 3087 2010 μετ’
3118 1940 3308 2006 αὐτοῦ,
3349 1942 3441 1995 καὶ
3473 1942 3724 1994 κοινωνεῖν
3746 1939 3817 2008 τῆς

613 2045 874 2098 societate
905 2042 1030 2101 frui,
1055 2054 1150 2108 per
1169 2041 1290 2106 ejus
1321 2037 1780 2101 misericordiam,
1801 2045 1962 2105 prout
1981 2035 2198 2091 Patrem

2303 2030 2463 2102 δόξης
2485 2029 2660 2102 αὐτῷ,
2695 2031 2837 2085 ἐλέει
2862 2032 3053 2098 αὐτοῦ,
3091 2035 3165 2098 ὡς
3192 2036 3332 2106 πρὸς
3364 2035 3455 2089 τὸν
3487 2035 3685 2103 Πατέρα
3711 2033 3818 2099 ὑπὲρ

553 2149 556 2152 ’
616 2147 719 2204 pro
782 2130 939 2184 nobis
974 2131 1188 2187 oravit.
1235 2127 1370 2180 lllutl
1427 2141 1555 2194 ergo
1587 2123 2155 2180 sanctumconlirmar

2304 2124 2466 2194 ἡμῶν
2495 2125 2868 2196 προσηύξατο.
2904 2124 3077 2180 Τοῦτο
3103 2125 3200 2184 οὖν
3225 2129 3321 2180 καὶ
3351 2127 3411 2180 τὸ
3445 2127 3576 2182 θεῖον
3600 2125 3818 2196 Σύμϐολον

616 2223 928 2296 symbolum
962 2217 1087 2291 posit
1141 2220 1302 2274 Verbi
1360 2229 1487 2272 ante
1543 2233 1704 2272 omne
1750 2215 2076 2286 principium
2111 2229 2205 2284 ge-

2307 2217 2563 2288 βεὸαιοῦν
2595 2219 2736 2289 μετὰ
2773 2219 2876 2290 τὴν
2909 2220 3259 2292 προάναρχον
3285 2219 3380 2273 τοῦ
3403 2219 3568 2289 Λόγου
3599 2219 3816 2290 γέννησιν,

617 2319 982 2379 nerationem,
1008 2326 1063 2371 ct
1105 2318 1158 2370 in
1193 2315 1509 2370 novissimis
1559 2313 1896 2384 temporibus
1943 2312 2204 2367 incaruao

1869 2328 1896 2368 s
1943 2312 2204 2367 incarua-
2307 2313 2402 2365 καὶ
2423 2312 2525 2380 τὴν
2555 2311 2645 2365 ἐπ’
2670 2312 2917 2380 ἐσχάτων
2951 2315 3256 2385 σάρκωσιν,
3280 2313 3469 2382 λέγει·

619 2414 819 2468 tionem
849 2410 980 2466 dicit
1002 2430 1015 2466 :
2652 2460 2664 2472 .
3099 2421 3102 2425 ’

1024 2503 1128 2568 Qui
1157 2513 1370 2571 propter
1408 2518 1502 2554 nos
1522 2501 1783 2554 homines.
2593 2492 2626 2546 Ἰ

2593 2491 2710 2547 Τὸν
2737 2493 2815 2547 δι’
2847 2492 3008 2563 ἡμᾶς
3045 2494 3190 2562 τοὺς
3229 2494 3593 2564 ἀνθρώπους.

689 2596 800 2652 Nos
840 2596 987 2650 enim
1012 2603 1300 2650 erecturus
1360 2594 1505 2646 venit
1563 2592 1768 2660 lapsos,
1808 2605 1914 2646 non
1957 2593 2202 2664 angelos,

2391 2587 2455 2639 Ἠ
2464 2588 2574 2655 μᾶς
2606 2586 2715 2658 γὰρ
2739 2581 2904 2658 ἦλθεν
2927 2588 3233 2656 ἀναστῆσαι
3269 2577 3632 2651 πεπτωκότας,
3657 2585 3707 2639 οὐ
3730 2585 3821 2644 τοὺς

620 2702 856 2758 quorum
909 2689 952 2741 si
994 2687 1216 2756 quidam
1291 2684 1630 2749 ceciderunt,
1691 2685 2012 2740 insanabilis
2070 2686 2206 2755 ipsis

2309 2674 2578 2742 ἀγγέλους
2601 2689 2618 2707 ⁶
2648 2677 2696 2730 εί
2722 2675 2830 2744 γὰρ
2860 2677 2954 2736 καὶ
2986 2677 3470 2746 παραπεπτώκασι
3487 2677 3673 2730 τούτων
3697 2675 3818 2736 τινὲς,

618 2794 784 2835 casus
830 2793 926 2832 sua
956 2786 1152 2848 sponte
1176 2777 1493 2846 jacentibus
1525 2786 1578 2830 et
1612 2776 1750 2830 mala
1781 2779 1918 2831 velle
1941 2777 2210 2831 studenti-

2311 2765 2446 2820 ἀλλὰ
2474 2766 2535 2820 τὸ
2571 2767 2773 2836 πτῶμα
2813 2768 3027 2832 τούτοις
3070 2769 3221 2822 ἐστὶν
3269 2769 3650 2838 ἀθεράπευτον,
3681 2766 3819 2821 ἑκοντὶ

618 2873 748 2935 bus,
790 2880 954 2941 atque
1005 2871 1162 2926 nobis
1209 2870 1428 2942 malitia:
1465 2867 1929 2924 'stimulatoribus
1976 2868 2205 2925 elTectis.

2311 2859 2608 2928 κειμένοις,
2641 2861 2738 2914 καὶ
2761 2859 3110 2914 ἐθελοκακεῖν
3140 2863 3452 2925 σπεύδουσι,
3475 2863 3566 2917 καὶ
3587 2862 3701 2932 ἡμίν
3727 2873 3821 2927 προ-

618 2961 813 3030 Angeli
849 2969 1033 3016 autem
1067 2975 1098 3014 e
1121 2959 1286 3014 Verbi
1319 2970 1538 3028 propter
1569 2974 1670 3013 nos
1700 2959 2006 3012 meonomia
2032 2959 2206 3012 maxi-

2314 2953 2485 3016 ξένοις
2528 2953 2728 3016 κακίας
2767 2955 3102 3024 γινομένοις.
3150 2955 3408 3023 ’Ἄγγελοι
3448 2955 3504 3008 δὲ
3540 2955 3599 3007 ὲκ
3631 2953 3714 3024 μὲν
3751 2948 3820 3011 τῆς

623 3069 776 3108 mum
803 3064 860 3108 et
890 3054 993 3122 ipsi
1027 3052 1224 3107 lucrati
1242 3055 1465 3118 bonum,
1491 3052 1556 3105 ad
1587 3066 1831 3105 amorem
1850 3041 1943 3105 Dei
1969 3060 2021 3105 et
2038 3055 2210 3106 socie-

2315 3046 2456 3116 ὑπὲρ
2507 3046 2667 3114 ἡμῶν
2715 3045 3029 3116 οἰκονομίας
3071 3044 3166 3099 τοῦ
3223 3047 3402 3116 Λόγου
3472 3047 3566 3118 τὴν
3617 3045 3821 3115 μεγίστην

623 3155 817 3211 tatem,
841 3146 1101 3214 majorem
1123 3146 1266 3198 nacti
1301 3143 1712 3206 exaltationem,
1735 3144 1802 3197 de
1824 3143 2000 3200 salute
2026 3154 2210 3199 noStra

2237 3147 2282 3210 C
2316 3133 2609 3204 ὲσχηκότες
2644 3135 2739 3188 καὶ
2780 3151 2926 3190 ουτοι
2959 3135 3254 3205 ὠφέλειαν,
3292 3137 3436 3207 πρὸς
3473 3135 3723 3204 ἀγάπησιν
3754 3127 3819 3182 τοῦ

622 3240 895 3294 laetantur.
945 3237 1131 3307 Itaque
1163 3237 1320 3292 nobis
1367 3237 1536 3292 etiam
1583 3238 1889 3292 servientes
1923 3238 2208 3303 festinant,

2313 3226 2451 3279 Θεοῦ
2516 3227 2614 3279 καὶ
2662 3226 2880 3293 ἕνωσιν,
2915 3227 3181 3281 ἀνάϐασιν
3235 3228 3460 3298 μείζονα
3485 3227 3746 3299 εὑρηκότες
3774 3220 3819 3286 τῇ

622 3340 682 3387 ct
705 3329 964 3400 gaudent.
1008 3330 1216 3385 Salvati
1243 3344 1370 3385 vero
1397 3329 1625 3386 omnino
1651 3340 1706 3387 et
1737 3330 1907 3386 erecti
1935 3345 2036 3386 nos
2077 3329 2209 3388 soli.

2311 3317 2472 3386 ἡμῶν
2527 3317 2774 3388 σωτηρία
2824 3317 3252 3387 εὐφραίνονται*
3303 3318 3386 3372 διὸ
3433 3317 3525 3372 καὶ
3574 3316 3681 3376 ταῖς
3721 3308 3821 3378 ὑπὶρ

510 3444 518 3450 ·
622 3424 749 3480 Ideo
771 3423 903 3480 dicit
942 3442 962 3482 :

2313 3408 2470 3478 ἡμῶν
2505 3408 2807 3472 διακονίαις
2832 3409 3128 3463 σπεύδουσί
3162 3427 3222 3463 τε
3253 3412 3351 3465 καὶ
3377 3411 3644 3481 χαίρουσιν
3667 3421 3680 3438 ο
3702 3403 3742 3456 οί
3763 3416 3823 3452 σε·

2316 3512 2593 3571 σωσμενοι
2645 3500 2703 3555 δὲ
2757 3499 3022 3565 ὀλοτελῶς
3079 3502 3176 3556 καὶ
3233 3502 3654 3572 ἀνεγηγερμένοι
3713 3492 3823 3566 μόνοι

2311 3593 2494 3664 ἡμεῖς,
2528 3593 2618 3646 Διὸ
2637 3593 2732 3647 καί
2767 3611 2902 3664 φησι
2924 3610 2941 3628 ο

977 3691 1048 3746 Et
1071 3702 1288 3761 propter
1309 3701 1548 3746 nostram
1603 3691 1850 3745 salutem.

2582 3687 2688 3743 Καὶ
2713 3687 2809 3741 διὰ
2835 3687 2952 3756 τὴν
2975 3690 3276 3758 ἡμετεραν
3300 3687 3612 3756 σωτηρίαν.

693 3782 828 3838 Nam
861 3785 951 3853 qui
980 3788 1283 3854 perit-runt.
1311 3802 1410 3840 nos
1427 3799 1642 3850 sumus,
1660 3793 1717 3840 ct
1742 3784 1891 3839 salus
1916 3783 2096 3849 nouis,
2117 3797 2211 3837 ex-

2383 3781 2446 3833 Οξ
2481 3778 2592 3850 γὰρ
2626 3779 2974 3845 ἀπολωλότες
3003 3783 3167 3852 ἡμεῖς
3193 3797 3207 3810 ⁸
3241 3783 3338 3835 καὶ
3365 3779 3596 3849 σωτηρία
3637 3774 3745 3844 ἡμῖν
3765 3766 3818 3831 “ibi

623 3877 814 3948 pulsos
842 3887 896 3929 et
930 3887 1190 3931 enecatos
1217 3892 1410 3932 rursus
1432 3877 1499 3930 ad
1525 3877 1693 3931 Deum
1720 3876 1930 3940 reduci,
1957 3884 2012 3929 et
2043 3877 2208 3930 vitam

2311 3873 2665 3936 ἀπωπθέντας
2716 3875 2812 3926 καὶ⁵
2863 3877 3259 3946 νεκρωοέντας,
3299 3872 3660 3944 ἐπαναχθῆναι
3703 3863 3820 3917 eam

621 3971 677 4022 in
736 3969 895 4022 nobis
960 3969 1162 4023 habere
1195 3969 1389 4030 Deum,
1457 3977 1512 4022 et
1582 3985 1675 4038 per
1734 3969 1906 4038 ipsam
1957 3968 2207 4022 renovari

2311 3962 2388 4034 τῷ
2418 3963 2556 4033 Θεῷ,
2600 3965 2694 4018 καὶ
2741 3965 2840 4035 τὴν
2891 3965 3040 4035 ζωὴν
3071 3971 3218 4036 σχεῖν
3253 3967 3316 4019 ὲν
3361 3965 3567 4027 ἑαυτοῖς
3596 3961 3677 4014 τὸν
3704 3955 3817 4012 Θεὸν.

622 4076 722 4116 nos
754 4072 808 4116 et
835 4060 1035 4128 vivere,
1063 4077 1232 4130 quare
1261 4072 1316 4116 et
1343 4062 1592 4130 pervenit
1613 4077 1784 4130 usque
1814 4062 1880 4116 ad
1910 4077 2012 4116 nos
2045 4064 2152 4115 vita
2178 4077 2194 4127 ;

2309 4057 2406 4108 καὶ
2452 4054 2717 4127 διἀὐτῆς
2752 4058 3210 4127 ἀνακαινισθῆναι
3263 4061 3358 4113 καὶ
3413 4057 3601 4128 ζῆσαι⁶
3649 4050 3716 4106 διὸ
3755 4044 3821 4098 καὶ

621 4153 767 4225 quod
799 4163 855 4208 et
885 4153 1130 4210 Ecclesia
1161 4153 1426 4220 celebrat,
1457 4153 1647 4209 ἀίει-ηε
1680 4172 1695 4209 :

2311 4147 2547 4217 κατῆλθε
2584 4150 2778 4220 μέχρις
2808 4151 2964 4220 ἡμῶν
2997 4152 3028 4221 ἡ
3057 4151 3193 4221 ζωή.
3227 4153 3294 4205 Ὃ
3331 4153 3426 4206 καὶ
3450 4143 3718 4218 Ἐκκλησία
3748 4141 3820 4206 κη·

2312 4239 2520 4309 ρύττει,
2545 4240 2782 4308 λέγουσα
2802 4257 2818 4272 ·

1112 4332 1392 4389 Descendit
1430 4332 1495 4388 de
1533 4332 1702 4387 caelis.
2628 4335 2712 4384 Ka

2628 4333 3008 4388 Κατελθόντα
3036 4334 3106 4389 ἐκ
3134 4335 3254 4390 τῶν
3281 4334 3564 4405 οἰφανῶν.

694 4431 815 4486 Non
861 4431 1128 4498 localiter,
1149 4431 1242 4485 sed
1271 4430 1639 4485 exinanitione
1673 4446 1687 4483 :
1717 4443 1826 4482 non
1855 4427 1911 4482 in
1940 4427 2084 4492 loco,
2117 4428 2206 4482 cui

2383 4419 2459 4473 Οὐ
2503 4423 2766 4487 τοπικῶς,
2819 4428 3312 4494 συγκαταόατικῶς
3345 4429 3401 4482 δέ
3423 4445 3436 4458 ·
3477 4428 3534 4480 οὐ
3566 4424 3661 4493 γὰρ
3687 4421 3736 4472 ἐν
3758 4414 3819 4468 τό·

625 4542 735 4580 non
787 4523 1289 4592 corpus;omninm
1353 4531 1567 4577 creator
1619 4524 1799 4576 omnia
1849 4522 2040 4591 replet,
2071 4524 2216 4577 sicut

2248 4539 2290 4592 ο
2317 4529 2404 4584 πῳ
2424 4555 2439 4581 ,
2471 4515 2596 4567 ἐπεὶ
2628 4517 2689 4568 οὑ
2723 4519 2904 4584 σῶμα,
2930 4520 3024 4571 καὶ
3055 4520 3163 4573 τῶν
3193 4521 3331 4574 ὅλων
3353 4519 3429 4573 ὢν
3472 4516 3697 4588 ποιητὴς,
3722 4507 3822 4562 πάν·

623 4619 884 4688 scripturn
915 4625 1021 4671 est.
1059 4616 1360 4670 Consilium
1390 4616 1603 4692 cepisse
1660 4615 1827 4684 igitur
1866 4627 1919 4670 et
1951 4615 2209 4682 voluisse,

2316 4620 2384 4656 τα
2417 4605 2639 4676 πληροῖ,
2673 4608 2816 4660 καθὰ
2847 4611 3194 4680 γέγραπται·
3225 4612 3286 4665 τὸ
3319 4611 3630 4690 βουληθῆγαι
3658 4597 3821 4656 οὖνκαὶ

625 4710 1042 4766 descensionem
1074 4709 1228 4774 dicit,
1248 4707 1343 4764 sed
1367 4707 1530 4764 etiam
1565 4708 1842 4762 humiliter
1859 4707 2130 4775 abjectutn
2158 4717 2213 4763 ct

2318 4694 2542 4763 θελῆσαι
2566 4697 2716 4765 λέγει
2745 4701 3050 4754 κατάϐασιν
3068 4717 3084 4733 θ
3118 4702 3254 4756 ἀλλὰ
3285 4707 3378 4756 καὶ
3403 4706 3462 4756 τὸ
3483 4692 3822 4758 ταπεινωθῆναι

627 4819 793 4856 carne
858 4801 1100 4856 hominis
1157 4799 1327 4854 lilium
1377 4797 1518 4862 ﬁeri,
1570 4797 1626 4852 in
1681 4795 2212 4866 mundoqueniimis

2313 4786 2588 4851 τοσοῦτον,
2633 4790 2724 4842 καὶ
2760 4792 2874 4846 υἱὸν
2923 4793 3212 4863 ἀνθρώπου
3252 4795 3503 4861 γενέσθαι
3545 4789 3708 4859 σαρκὶ.
3747 4782 3821 4847 έμ·

629 4903 843 4948 tenuem
875 4909 998 4949 esse
1021 4902 1076 4948 et
1122 4893 1176 4947 in
1203 4899 1470 4962 egestate.

2315 4879 2700 4950 πολιτευθῆναι
2747 4899 2809 4935 τε
2867 4883 2945 4937 τῶ
2977 4885 3169 4954 κόσμῳ
3210 4888 3444 4957 μετρίως
3485 4885 3615 4951 ἄγαν
3646 4875 3821 4931 καὶπε-

2314 4970 2540 5039 νιχρῶς.

1161 5076 1228 5132 Et
1255 5077 1569 5131 incarnatus
1585 5085 1683 5131 est.

2828 5066 2944 5121 Καὶ
2968 5069 3371 5135 σαρκωθέντα.

709 5168 842 5224 Vere
876 5171 1022 5224 enim
1061 5179 1232 5227 totam
1276 5181 1523 5226 nostram
1583 5171 1881 5239 assumpsit
1932 5179 2206 5240 naturam,

2398 5154 2640 5226 Ἀληθῶς
2686 5157 2796 5228 γὰρ
2823 5157 2922 5228 τὴν
2970 5157 3098 5228 ὃλην
3133 5160 3289 5228 ἡμῶν
3320 5156 3473 5210 ἔλαϐε
3503 5155 3666 5226 φύσιν,
3697 5143 3819 5218 μόνον

628 5270 836 5316 tantum
867 5263 1074 5333 absque
1102 5272 1343 5330 peccato,
1375 5263 1522 5318 sicut
1561 5273 1615 5317 et
1637 5264 1704 5317 ab
1739 5265 1893 5319 initio
1947 5265 2210 5322 innocen-

2312 5248 2592 5318 ἁμαρτίας
2648 5249 2841 5318 χωρὶς,
2901 5249 2977 5312 ὡς
3033 5252 3129 5304 καὶ
3179 5251 3238 5316 ἐξ
3277 5250 3454 5320 ἀρχῆς
3495 5244 3818 5333 “diu???”

629 5364 735 5408 tem
770 5355 1057 5424 plasmavit
1085 5365 1139 5408 et
1188 5355 1308 5412 sine
1339 5356 1438 5410 viri
1492 5358 1786 5413 connubio.
1844 5358 1918 5413 Ita
1971 5362 2114 5415 enim
2145 5362 2211 5415 dc

2312 5338 2515 5390 ἔπλασε
2551 5339 2644 5392 καὶ
2682 5341 2854 5409 χωρὶς
2883 5340 3078 5410 ἀνδρὸς
3123 5319 3450 5410 συναφὴν
3497 5335 3608 5390 ἐπεὶ
3633 5319 3817 5430 καῖ,ἀτ’ὸ

629 5453 776 5498 terra
805 5447 872 5499 ab
901 5445 1064 5501 initio
1101 5445 1269 5499 Adam
1299 5447 1612 5516 plasmavit.
1643 5448 1985 5504 lucarnatum
2045 5453 2210 5520 igitur

2313 5431 2416 5499 γῆς
2448 5429 2622 5494 οὕτως
2655 5432 2898 5502 ἀρχῆθεν
2926 5432 3134 5486 ἔπλασε
3177 5433 3267 5487 τὸν
3293 5431 3480 5500 Ἀδάμ.
3516 5418 3817 5514 Σαρκωθὲντα

629 5535 788 5600 dicit,
819 5551 924 5589 non
956 5537 1299 5605 pliantasticc
1359 5540 1558 5605 Visum,
1590 5542 1734 5611 quod
1792 5543 1942 5613 impii
1989 5546 2208 5612 quidam

2311 5523 2406 5576 οὖν
2446 5541 2628 5594 φησιν,
2664 5526 2728 5576 οὐ
2780 5526 2921 5579 κατὰ
2953 5526 3256 5593 φαντασίαν
3292 5525 3538 5594 ὀφθέντα.
3568 5515 3665 5570 Kal.
3696 5517 3819 5613 τουτο

628 5634 912 5679 asserunt.
941 5621 997 5677 Si
1032 5625 1176 5679 enim
1207 5627 1549 5696 phantastice
1576 5632 1746 5697 visus,
1774 5595 1911 5685 vanIa
1943 5639 2031 5684 est
2067 5646 2212 5686 oeco-

2311 5619 2420 5687 γαρ
2453 5618 2562 5669 τῶν
2587 5617 2935 5672 ἀσεεούντων
2959 5618 3105 5681 τινες
3146 5635 3329 5687 φασιν.
3361 5618 3422 5669 ΕΞ
3467 5613 3568 5680 γὰρ
3599 5595 3819 5697 φαντασίᾳ

627 5715 828 5767 nuntia:
861 5723 968 5768 tota
1022 5718 1183 5783 ratio,
1217 5735 1315 5774 nec
1375 5723 1702 5786 animarum,
1763 5739 1866 5778 nec
1913 5737 2209 5792 corporum

2311 5711 2492 5780 ὤφθη,
2522 5712 2583 5764 τὸ
2615 5713 2725 5765 πᾶν
2759 5715 2857 5780 τῆς
2900 5714 3214 5782 οἰκονομίας
3244 5713 3432 5776 κενόν·
3463 5707 3549 5762 καὶ
3588 5701 3694 5754 οὗτε

627 5811 941 5858 nostrorum
976 5809 1274 5878 reparatio,
1300 5809 1396 5866 sed
1429 5826 1527 5866 nec
1553 5812 1607 5868 in
1641 5809 1866 5883 Virgine
1906 5787 2208 5881 conceptus

2196 5827 2208 5866 ς
2311 5804 2533 5875 ψυχαῖς,
2563 5805 2684 5861 οὔτε
2719 5810 2831 5872 τοῖς
2853 5810 3099 5879 σώμασιν
3132 5809 3290 5880 ἡμῶν
3314 5807 3342 5877 ἡ
3368 5801 3666 5860 ἀνάκλασις»
3703 5787 3798 5837 Ἀλλ
