4056 6420
267 286 374 348 Ἰθθ

1301 293 1720 355 EXPOSITIO
1770 295 1994 358 SACRI
2033 297 2392 360 SYMBOLI.

3438 300 3562 362 770

263 387 377 458 οὐδ⁴
407 403 466 454 ὲν
496 404 562 472 τῇ
595 400 864 473 Παρθένῳ
893 403 1204 475 συνελήφθη
1231 405 1399 476 299
1441 408 1530 473 ἂν,
1566 411 1599 481 ἢ
1645 411 1853 480 ἐτέχθη.

1973 419 2061 468 est
2087 419 2181 466 aut
2215 421 2400 477 natus,
2429 413 2524 467 aut
2549 422 2771 485 propter
2799 429 2902 471 nos
2926 429 3123 486 passus
3154 423 3256 480 est,
3287 421 3382 470 aut
3417 431 3562 470 mor-

220 563 223 565 _
266 491 303 564 ἢ
345 492 486 562 ὑπὲρ
537 493 698 562 ἡμῶν
753 495 979 558 ἔπαθεν,
1017 495 1050 565 ἢ
1083 494 1264 550 θανὼν
1305 496 1590 570 ἐξανέστη.
1625 502 1688 555 E!
1718 504 1858 556 κατά

268 583 576 652 φαντασίαν
603 585 966 655 σεσάρκωται,
1002 590 1118 652 πῶς
1145 589 1210 645 ἂν
1245 593 1295 645 oi
1322 593 1415 646 τὸν
1452 595 1681 649 θάνατον
1710 597 1861 666 εἰλη-

272 676 435 745 φύτες
457 677 621 747 ἡμεῖς
647 679 905 750 πρότεροι
944 684 1010 752 τῇ
1037 689 1312 757 παρακοῇ,
1349 686 1418 740 δι’
1445 687 1613 742 αὐτοῦ
1659 689 1860 760 ἀνεζή-

271 786 486 839 σαμεν;
540 771 683 825 ’Δλλ’
725 773 1013 830 ἀπόλοιντο
1062 779 1113 831 oi
1168 777 1314 832 οὕτω
1363 781 1713 850 φρονοῦντες.
1750 780 1858 837 Τοῦ

267 864 538 933 ἀπαρχῆς·
575 864 689 936 γὰρ
739 868 944 936 πατρὶις
991 869 1086 924 τοῦ
1138 871 1370 939 ψεύδους
1413 872 1694 936 τελοῦντες
1727 875 1856 939 υἱοὶ,

268 955 365 1008 καὶ
411 955 480 1008 τὰ
503 955 673 1026 ψευδῆ
707 957 932 1027 ληροῦσι
972 963 1067 1014 καὶ
1097 963 1268 1028 ὅντως
1301 964 1376 1032 μὴ
1404 964 1532 1018 ὄντα
1565 966 1855 1034 φάσματα.
1906 1023 1911 1028 ,

277 1045 343 1102 Ὀ
385 1047 480 1101 τοῦ
511 1048 653 1101 ’Θεοῦ
690 1049 749 1103 δὲ
779 1051 966 1119 ’Λόγος
1006 1052 1235 1124 ἀλήθεια
1275 1053 1372 1118 ὢν,
1417 1055 1654 1128 ἀληθείᾳ
1679 1057 1856 1111 πάντα

267 1141 454 1196 ποιεῖ’
485 1140 580 1194 καὶ
617 1141 693 1205 ὡς
729 1144 792 1196 ὲκ
840 1144 917 1216 μὴ
950 1143 1118 1199 ὄντων
1141 1148 1372 1218 οὐρανὸν
1399 1149 1718 1220 πεποιηκὼς
1763 1151 1857 1203 καὶ

265 1233 394 1301 γῆν,
427 1232 658 1304 ἀληθείᾳ
684 1235 861 1291 ταῦτά
906 1238 1037 1299 είσι,
1061 1239 1278 1292 καὶτὸν
1310 1240 1598 1310 ἄνθρωπον
1645 1243 1857 1306 πλάσας

264 1325 326 1389 ἐξ
355 1326 554 1396 ἀρχῆς,
584 1326 818 1397 ἀληθείᾳ
854 1328 948 1381 καὶ
1001 1323 1158 1393 οὗτός
1183 1333 1372 1396 ¹ἐστιν,
1400 1332 1548 1386 οὕτω
1590 1334 1686 1388 καὶ
1725 1331 1857 1388 ἀνά-

265 1419 526 1473 πλάττων
555 1420 722 1473 αὐτὸν
756 1421 987 1492 ἀληθείᾳ
1024 1425 1120 1478 καὶ
1159 1425 1325 1489 αὐτὸς
1355 1427 1728 1496 σεσάρκωται,
1760 1429 1857 1487 καὶ

261 1513 386 1582 δίχα
421 1513 634 1584 σπορᾶς
661 1514 881 1584 ἀληθῶς
911 1509 1222 1589 συνελήφθη
1263 1521 1320 1572 ἐν
1345 1523 1412 1590 τῇ
1443 1520 1733 1592 Παρθένῳ,
1761 1521 1856 1574 καὶ

219 1603 459 1674 .ὲτέχθη
503 1607 874 1677 παναληθῶς,
929 1610 1205 1680 μενούσης
1262 1613 1470 1682 ταύτης
1537 1613 1853 1682 παρθένου·

261 1699 386 1750 ἐπεὶ
408 1700 511 1751 ικαὶ
554 1697 785 1770 ἀληθείᾳ
811 1701 1082 1771 παρθένος
1123 1698 1215 1772 ἦν.
1245 1703 1353 1758 Καὶ
1394 1703 1536 1756 οὕτω
1565 1705 1732 1758 πάλιν
1773 1705 1855 1758 διο

265 1791 476 1860 έμεινε,
525 1793 618 1845 καὶ
654 1795 1071 1864 συνανεστράςιη
1125 1795 1433 1863 ἀνθρώποις
1485 1796 1724 1866 ἀληθῶς,
1757 1815 1851 1851 κα.

261 1880 398 1945 Θεὸς
441 1881 518 1935 ὢν
573 1882 850 1952 ἀληθινὸς,
900 1884 996 1936 καὶ
1043 1885 1337 1953 ἄνθρωπος
1387 1886 1544 1957 ὤφθη
1604 1887 1672 1940 δι’
1701 1888 1852 1956 ἡμᾶς

198 2021 200 2023 .
265 1971 523 2042 ἀληθινὸς
555 1973 614 2026 ἐν
651 1975 750 2044 μιᾷ
782 1974 1103 2038 ὑποστάσει,
1145 1975 1370 2040 διπλοῦς
1402 1979 1523 2039 ταῖς
1555 1976 1788 2046 φύσεσιν
1823 1980 1852 2030 6

264 2066 452 2129 αὐτὸς,
483 2065 718 2127 καὶ·τοὶς
747 2068 1001 2134 φυσικοῖς
1027 2067 1170 2122 ’πᾶσι
1214 2069 1313 2138 τῆς
1337 2086 1394 2122 τε
1440 2069 1698 2136 θεότητος
1757 2072 1854 2125 καὶ

263 2159 366 2227 τῆς
411 2157 834 2228 ἀνθρωπότητος
867 2158 1294 2229 γνωριζόμενος,
1339 2161 1544 2226 διπλῶς
1588 2179 1650 2215 τε
1685 2162 1855 2216 θέλων

261 2250 361 2302 καὶ
396 2249 659 2321 ἐνεργῶν,
691 2249 794 2304 οὐκ
845 2251 1265 2319 ἐναντιούμενος
1315 2254 1514 2324 ἑαυτῷ,
1566 2254 1705 2308 ἁλλά
1741 2254 1852 2308 τῶν

261 2343 365 2411 τῆς
409 2330 834 2414 ἀνθρωπὸτητος
879 2345 1046 2400 αὐτοῦ
1093 2346 1559 2417 ὑποτασσομένων
1585 2345 1752 2399 αὑτοῦ
1785 2349 1851 2416 τῇ

265 2433 522 2504 θεότητι,
577 2436 702 2490 ὅθεν
753 2437 850 2490 ειιαλ⁵
897 2438 1038 2509 ὑπὲρ
1101 2435 1261 2510 ἡμῶν
1321 2440 1535 2508 ὅσαπερ
1587 2438 1853 2508 ἔπραξεν,

266 2527 486 2597 ἀληθῶς
515 2529 610 2582 καὶ
647 2533 1012 2601 σωτηριωδῶς
1053 2532 1282 2604 ἔπραξε.
1325 2534 1434 2588 Καὶ
1460 2533 1620 2587 τοῦτο
1650 2532 1854 2602 μᾶλλον

263 2620 364 2686 τῆς
407 2619 575 2673 αὑτοῦ
611 2621 1028 2692 φιλανθρωπίας
1061 2624 1122 2677 τὸ
1167 2625 1394 2694 δεῖγμα,
1429 2624 1526 2677 καὶ
1565 2625 1646 2686 είς
1693 2623 1852 2688 δόξαν

262 2710 415 2782 αὐτῷ
448 2711 624 2767 ταῦτα
681 2715 781 2784 τὴν
830 2717 1225 2786 ὑπερέχουσαν.
1275 2717 1338 2772 Ei
1376 2716 1488 2786 γὰρ
1533 2715 1584 2768 oi
1628 2715 1854 2786 οὐρανοὶ⁸

259 2803 580 2873 διηγοῦνται
628 2805 790 2872 δόξαν
828 2807 966 2862 Θεοῦ
1012 2809 1090 2872 ὡς
1127 2810 1434 2880 ποιήματα,
1478 2809 1618 2880 πόση
1653 2825 1716 2877 γε
1743 2809 1853 2877 ἀρα

259 2896 395 2960 δόξα
419 2897 495 2966 τῷ
524 2897 644 2968 Θεῷ
678 2898 822 2968 ὑπὲρ
851 2899 952 2969 τῆς
965 2905 1126 2969 ’σωτη
1139 2901 1258 2969 ρίας
1287 2901 1383 2954 τοῦ
1418 2899 1738 2970 πλάσματος
1767 2917 1856 2952 σε-

1972 511 2100 556 tuus
2133 505 2459 558 resurrexit.
2493 504 2554 560 Si
2591 521 2685 574 per
2717 506 3060 574 phantasiam
3095 499 3428 562 incarnatus~
3453 516 3558 569 est,

1965 595 2244 662 quomodo
2271 596 2362 663 qui
2397 602 2629 651 mortem
2663 587 2820 664 prius
2842 612 2908 651 ex
2946 596 3313 652 inobedientia
3339 608 3560 652 contra-

1965 683 2170 748 ximus,
2217 698 2314 752 per
2364 699 2490 739 eum
2551 685 2994 741 reviviscemus.’
3043 684 3273 741 Peream
3329 685 3423 754 qui
3478 685 3558 739 sic

1962 774 2281 842 opinantur,
2333 775 2538 845 quippe
2594 776 2690 845 qui
2727 777 2795 830 ab
2852 776 3010 832 initio
3049 774 3333 832 mendacii
3385 777 3558 845 patris

1963 866 2189 936 perfecti
2220 867 2336 930 lilii,
2373 866 2507 922 falsa
2539 867 3251 938 delirant-sanequeinania
3276 883 3557 924 commen-

1962 969 2039 1015 ta.
2075 961 2170 1015 Dei
2205 943 2445 1015 Verbum
2479 962 2683 1016 veritas
2716 972 2824 1023 est,
2856 961 2909 1014 in
2942 962 3174 1017 veritate
3229 958 3414 1016 omnia
3444 962 3554 1031 agit

1959 1063 2012 1108 et
2043 1052 2499 1122 quemadmodum
2529 1067 2561 1107 e
2585 1069 2690 1107 non
2725 1052 3123 1108 assistentibus
3171 1053 3370 1108 coelum
3431 1055 3561 1107 l‘eclt

1961 1153 2016 1199 et
2037 1129 2265 1208 terram,
2308 1155 2364 1200 et
2394 1147 2448 1199 in
2479 1147 2713 1200 veritate
2740 1153 2893 1211 sunt,
2934 1153 2990 1200 et
3025 1145 3304 1200 hominem
3331 1147 3404 1201 ab
3453 1145 3558 1200 iui-

1961 1239 2037 1292 tio
2068 1238 2384 1307 plasmav'it,
2421 1247 2474 1292 et
2506 1238 2559 1291 in
2595 1239 2826 1292 veritate
2861 1249 2983 1299 est;
3015 1236 3098 1292 sic
3154 1237 3555 1291 humanitatem

1959 1345 2118 1385 suam
2143 1330 2443 1400 plasmatis,
2473 1329 2526 1383 in
2567 1330 2795 1384 veritate
2853 1338 2910 1384 et
2951 1330 3089 1398 ipse
3122 1329 3444 1383 incarnatus
3471 1338 3558 1384 est

1958 1435 2012 1479 et
2037 1422 2244 1492 absque
2272 1421 2628 1490 corruptione
2648 1421 2860 1476 sincere
2895 1423 2947 1475 in
2979 1421 3198 1491 Virgine
3227 1430 3550 1490 conceptus,

1958 1530 2122 1586 quem
2147 1514 2367 1579 penitus
2408 1527 2536 1568 vere
2564 1513 2780 1583 peperit
2835 1527 3065 1567 manens
3107 1511 3262 1582 virgo
3292 1527 3413 1582 quae
3441 1511 3551 1566 rei-

1955 1623 2057 1677 psa
2089 1607 2243 1675 virgo
2271 1613 2409 1670 erat,
2460 1613 2516 1660 et
2565 1605 2646 1661 sic
2690 1605 2890 1659 iterum
2952 1603 3364 1673 perseveravit;
3412 1617 3543 1658 cum

1960 1699 2275 1755 hominibus
2305 1713 2433 1753 vere
2485 1704 2843 1752 conversatus
2899 1705 2986 1751 est
3026 1695 3168 1750 Deus
3233 1711 3398 1750 verus
3495 1705 3551 1749 et

1925 1789 2124 1848 rhomo
2147 1831 2164 1858 ,
2195 1791 2336 1861 apud
2378 1806 2477 1846 nos
2512 1791 2661 1846 visus
2681 1799 2766 1846 est
2797 1805 2961 1845 verus
2987 1791 3040 1844 in
3075 1789 3242 1844 .unica
3271 1801 3508 1858 persona
3535 1803 3551 1853 ;

1953 1884 2132 1956 quoad
2166 1893 2394 1938 naturas
2425 1882 2622 1951 duplex
2646 1881 2812 1945 idem,
2843 1887 2896 1936 et
2941 1880 3247 1935 divinitatis
3273 1888 3330 1933 et
3355 1879 3556 1933 buma-

1955 1977 2151 2032 uitatis
2175 1974 2525 2029 naturalibus
2554 1973 2812 2026 omnibus
2869 1973 3142 2042 cognitus,
3197 1972 3399 2051 duplex
3459 1985 3556 2024 vo-

1957 2070 2167 2123 luntate
2190 2077 2246 2122 et
2291 2067 2634 2137 operatione,
2689 2081 2796 2119 non
2850 2080 3040 2120 secum
3098 2065 3218 2134 ipso
3277 2078 3551 2134 pugnans,

1960 2161 2052 2214 sed
2080 2157 2436 2212 humanitatis
2461 2155 2583 2220 eius
2620 2155 2838 2210 actibus
2865 2155 3137 2209 divinitati
3169 2154 3292 2223 ejus
3357 2153 3550 2222 subje-
3591 2156 3602 2166 '

1935 2252 2084 2316 actis,
2131 2249 2277 2305 unde
2316 2262 2654 2319 quacunque
2683 2257 2907 2318 propter
2936 2246 3218 2313 nos'fecit,
3240 2246 3474 2301 .sincere
3500 2253 3556 2298 et

1956 2342 2273 2400 salutariter
2299 2341 2430 2396 fecit
2467 2356 2483 2404 ;
2523 2341 2670 2408 quod
2707 2340 3042 2409 praecipuum
3060 2341 3184 2409 eius
3206 2338 3553 2408 pbilanthro-

1959 2436 2062 2507 piat
2100 2441 2482 2504 argumentum
2509 2439 2565 2485 et
2598 2431 2665 2484 ad
2699 2430 2926 2501 gloriam
2985 2429 3089 2499 ipsi
3136 2430 3553 2498 supereminen-

1930 2538 2091 2584 -tem.
2122 2525 2182 2581 Si
2210 2525 2362 2580 enim
2403 2523 2529 2578 ειειὶ
2563 2530 2830 2576 enarrant
2863 2521 3092 2590 gloriam
3137 2520 3230 2574 Dei
3290 2530 3550 2589 tanquam

1959 2629 2252 2685 creaturae,
2280 2631 2402 2687 quae
2436 2616 2547 2670 Deo
2580 2629 2679 2683 pro
2716 2613 3000 2682 plasmatis
3048 2611 3230 2667 salute
3263 2612 3552 2665 incarnato

1959 2713 2174 2782 gloria,
2239 2719 2294 2764 et
2348 2722 2554 2777 corpus
2603 2706 2750 2776 quod
2807 2720 2908 2775 pro
2978 2705 3200 2759 homine
3269 2707 3554 2774 pateretur

1959 2805 2107 2860 danti
2129 2801 2288 2870 cuius
2314 2801 2488 2856 livore
2525 2800 2702 2854 sanati
2731 2799 2929 2865 simus,
2989 2806 3051 2852 ut
3104 2798 3372 2867 scriptum
3427 2793 3554 2850 est?

1961 2896 2166 2951 Deinde
2179 2894 2314 2948 dicit
2337 2907 2352 2945 :
2541 2903 2558 2912 ‘
2777 2904 2786 2916 ‘

260 2993 693 3063 σωματωμένῳ,
726 2994 823 3047 καὶ
872 2995 1130 3049 δεδωκότι
1173 2995 1236 3050 τὺ
1282 2996 1444 3067 σῶμα
1486 2996 1682 3050 παθεῖν
1710 2995 1851 3063 ὑπὲρ
1868 2988 2199 3060 ἀνθρώπων,
2234 2989 2323 3041 ἵνα
2355 2984 2435 3056 τῷ
2469 2985 2702 3055 μώλωπι
2763 2980 2930 3036 αὐτοῦ
2985 2980 3250 3052 tussim,
3327 2981 3405 3043 ὡς
3462 2979 3555 3046 γέ-

258 3103 506 3155 γραπται
530 3103 545 3152 ;
583 3083 720 3142 Εἷτὰ
750 3106 884 3160 φησι
910 3104 925 3119 ·

259 3209 374 3264 Καὶ
407 3201 793 3278 σαρκωθέντα
814 3173 1266 3280 ἐκ-Πνεύματος
1285 3209 1462 3280 ἁγίου
1494 3209 1592 3263 καὶ
1621 3208 1848 3277 Μαρίας

1957 3199 2024 3256 Et
2057 3199 2366 3252 incarnatus
2397 3193 2558 3249 estde
2592 3192 2796 3258 Spiritu
2812 3199 2994 3246 sancto
3020 3205 3084 3245 ea:
3105 3187 3280 3242 Maria
3311 3185 3550 3257 Virgine.

829 3277 940 3344 τῆς
969 3278 1306 3346 Παρθένου.

343 3367 406 3424 ⁸0
433 3370 532 3440 μὲν
564 3371 672 3441 γὰρ
706 3371 898 3441 Πατὴρ
928 3371 1190 3438 εὐδόκησε
1218 3374 1311 3424 καὶ
1343 3371 1850 3442 συνεδημιούργησε

257 3464 336 3535 τῷ
367 3463 563 3518 ἑαυτοῦ
591 3464 750 3533 Λόγῳ
779 3464 839 3517 τὸ
872 3463 1030 3534 σῶμα
1051 3481 1066 3497 ·
1097 3465 1156 3516 τὸ
1197 3463 1266 3516 δὲ
1286 3466 1511 3535 Πνεῦμα
1541 3464 1852 3534 συνυπούρς

255 3569 421 3624 γησε.
454 3554 568 3608 Μία
595 3553 756 3624 γὰρή
785 3554 1038 3622 ἐνέργεια
1064 3555 1160 3607 καὶ
1192 3557 1223 3624 ἡ
1260 3549 1490 3624 δύναμις
1518 3554 1625 3607 τῶν
1656 3554 1845 3624 τριῶν.

254 3646 434 3706 Μόνος
455 3644 511 3698 δὲ
535 3647 563 3695 ὁ
593 3644 764 3711 Λόγος
796 3643 1167 3714 σεσάρκωται,
1195 3645 1287 3696 καὶ
1312 3644 1411 3712 οὐχ
1440 3647 1467 3696 6
1505 3643 1695 3713 Πατὴρ
1730 3643 1763 3714 ἢ
1791 3643 1850 3695 τὸ

263 3735 509 3803 Πνεῦμα.
542 3733 714 3788 Τοῦτο
769 3735 851 3801 δὲ,
879 3735 956 3799 ὠς
1000 3735 1028 3788 6
1071 3735 1248 3804 μέγας
1294 3737 1458 3806 φησὶν
1504 3737 1847 3799 Ἀθανάσιοςν

259 3829 348 3881 ἵνα
396 3829 536 3898 μένῃ
587 3829 616 3881 6
641 3827 772 3891 Υἱὸς
801 3828 953 3894 Υἱὸς,
983 3829 1088 3883 καὶ
1128 3829 1202 3893 ὠς
1238 3831 1300 3881 ἐκ
1330 3828 1426 3881 τοῦ
1475 3829 1688 3898 Πατρὺς
1723 3827 1851 3890 Υίδς

257 3919 490 3982 ἀπαθῶς
547 3921 687 3984 ἐστι,
725 3918 821 3972 καὶ
864 3919 991 3981 Tib;
1042 3918 1256 3987 ἀληθῶς
1313 3921 1376 3972 ἐκ
1419 3918 1517 3988 τῆς
1567 3899 1848 3987 Παρθένου

255 4009 540 4077 γεννηθεὶς
572 4007 751 4079 μείνῃ,
779 4009 910 4072 Υίδς
947 4008 1221 4077 ἀληθινῶς
1258 4007 1353 4061 καὶ
1395 4005 1475 4060 ὢν
1523 4007 1618 4061 καὶ
1651 4005 1850 4060 καλοῦ-

258 4118 442 4172 μενος.
471 4102 582 4171 Τῆς
613 4101 948 4174 σαρκώσεως
979 4103 1129 4157 αῐτια
1155 4101 1212 4156 δὲ
1243 4103 1310 4154 τὰ
1337 4102 1546 4170 αἵματα
1569 4101 1669 4171 τῆς
1702 4103 1852 4170 Παρ-

259 4189 441 4244 θένου.
484 4191 575 4252 Ὠς
611 4191 724 4262 γὰρ
752 4192 987 4260 ἠδύνατο
1031 4192 1130 4263 μὲν
1163 4191 1403 4261 ἐξαρχῆς
1432 4194 1460 4244 ὁ
1489 4192 1621 4255 Θεὸς
1665 4190 1760 4244 καὶ
1793 4189 1850 4256 ἐξ

255 4283 453 4351 ἑτέρας
491 4283 625 4353 ὕλης
661 4284 1066 4355 δημιουργήσαι
1114 4282 1206 4338 τὸν
1239 4284 1551 4354 ἄνθρωπον,
1589 4284 1692 4336 οὐκ
1718 4281 1850 4351 ὴθέ-

252 4377 392 4445 λησε
437 4375 518 4439 δὲ,
563 4375 662 4429 καὶ
717 4375 878 4430 τοῦτο
923 4377 1177 4442 δικαίως,
1207 4375 1296 4430 ἵνα
1344 4377 1418 4446 μὴ
1470 4376 1852 4444 ἀκοινωνήτως

255 4470 403 4541 πρὸς
435 4469 647 4539 ταύτην
668 4468 812 4540 ἔχων
839 4471 941 4540 τὴν
967 4469 1174 4535 κτίσιν,
1210 4470 1269 4522 οὐ
1306 4469 1532 4539 δύνηται
1579 4467 1785 4537 μένειν,
1816 4465 1850 4536 ἢ

2033 3361 2194 3415 Pater
2220 3358 2426 3412 bonum
2463 3358 2718 3426 cogitans
2758 3355 2941 3410 Verbo
2977 3369 3078 3410 suo
3095 3369 3293 3424 corpus
3325 3353 3551 3412 creavit.

1954 3453 2195 3524 Spiritus
2225 3451 2477 3507 conditor
2511 3466 2616 3504 una
2655 3450 2776 3504 fuit.
2806 3448 2977 3504 Unica
3010 3451 3157 3503 enim
3181 3449 3347 3504 trium
3395 3463 3553 3502 ener—

1953 3546 2040 3616 gia
2070 3553 2125 3600 et
2151 3553 2419 3614 potestas,
2489 3543 2667 3598 solum
2698 3550 2881 3596 autem
2915 3540 3150 3595 Verbum
3202 3541 3548 3615 incarnatum

1953 3647 2036 3692 est
2059 3645 2113 3692 et
2139 3651 2246 3689 non
2267 3635 2463 3700 Pater,
2502 3648 2599 3686 nec
2625 3631 3063 3697 Spiritus,.sicut
3093 3633 3252 3686 docet
3311 3646 3549 3701 magnus

1951 3727 2312 3790 Athanasius,
2361 3734 2422 3779 ut
2450 3721 2864 3778 maneatrFilius
2893 3721 3084 3787 Filius,
3111 3730 3164 3776 et
3197 3721 3545 3791 quemadmo-

1953 3818 2083 3873 dqu
2107 3832 2138 3872 e
2160 3815 2324 3871 Patre
2355 3817 2475 3870 sine
2505 3813 2737 3869 libidine
2786 3813 2960 3869 Filius
2991 3822 3074 3869 est
3108 3823 3163 3867 et
3222 3810 3392 3867 Filius
3421 3827 3550 3865 vere

1955 3926 1986 3964 e
2024 3907 2249 3980 Virgine
2270 3907 2491 3977 genitus
2527 3911 2763 3968 maneat,
2795 3902 2971 3958 Filius
3006 3918 3134 3957 vere
3199 3903 3289 3972 qui
3359 3902 3432 3956 sit
3494 3911 3548 3955 et

1953 4009 2204 4057 vocetur.
2242 3997 2651 4054 Incarnationis
2691 4005 2872 4051 autem
2899 4010 3089 4061 causa,
3127 3995 3369 4062 Virginis
3422 4009 3543 4048 sau-

1955 4091 2097 4164 guis.
2131 4087 2606 4157 Quemadmodum
2641 4087 2790 4142 enim
2829 4091 3047 4156 poterat
3067 4084 3135 4138 ab
3175 4083 3335 4138 initio
3400 4082 3547 4136 Deus

1953 4196 2020 4234 ex
2054 4181 2227 4235 altera
2262 4178 2491 4232 materia
2549 4177 2827 4231 hominem
2864 4189 3053 4229 creare
3104 4187 3206 4227 nec
3271 4171 3550 4241 voluit'p-t

1953 4272 2171 4336 merito,
2204 4285 2328 4325 cum
2358 4271 2450 4340 qui
2482 4283 2593 4323 non
2624 4267 2874 4322 eamdem
2909 4281 3076 4337 quam
3102 4267 3249 4321 illam
3277 4264 3545 4319 facturam

1953 4365 2244 4419 materiam
2281 4375 2633 4416 communem
2662 4360 2912 4425 haberet,
2970 4357 3116 4414 forte
3173 4371 3399 4412 manere
3453 4366 3550 4409 aut

1955 4470 2079 4511 cum
2114 4455 2234 4525 ipsa
2264 4451 2590 4509 societatem
2647 4453 2851 4508 habere
2900 4452 3178 4521 nequiret)
3209 4451 3289 4505 sic
3333 4464 3467 4507 sane
3495 4458 3551 4501 ct

253 4563 549 4616 κοινωνίαν
580 4563 726 4634 ἔχειν
749 4565 809 4616 ὲν
843 4563 981 4633 αὐτῇ
1010 4579 1024 4593 ο
1059 4562 1202 4615 οὕτω
1231 4562 1294 4631 δὴ
1329 4564 1424 4614 καὶ¹
1466 4560 1564 4630 τὴν
1603 4561 1848 4613 ἀνάπλα-

1955 4550 2199 4604 bominis
2265 4549 2671 4618 reparationem
2727 4562 2898 4618 agens
2975 4546 3203 4600 alteram
3261 4557 3550 4599 assumere

1973 4639 2235 4658 _,A.__2__.-
2274 4639 2450 4658 μ-ικμ2.
2480 4653 2541 4658 4-
2567 4639 2715 4658 1-..--
2783 4647 2968 4658 ___.___.-
3039 4645 3221 4658 __,-...-
3279 4636 3332 4658 ε--
3392 4635 3547 4658 In..-”

256 4671 348 4707 σιν
379 4655 551 4708 ποιῶν
593 4653 688 4708 τοῦ
726 4653 1048 4724 ἀνθρώπου,
1087 4654 1184 4723 οὐχ
1213 4653 1404 4722 ἑτέραν
1434 4649 1570 4720 ὓλην
1611 4650 1846 4719 προσλα-

254 4744 445 4798 ϐέσθαι
471 4745 760 4814 ἠθέλησεν,
788 4743 878 4797 ἵνα
907 4745 980 4814 μὴ
1009 4744 1041 4815 ἠ
1072 4741 1471 4812 παραπεσοῦσα
1501 4739 1664 4808 φύσις
1687 4739 1848 4811 ἡμῶν

252 4820 592 4906 ὲναπομείνῃ
623 4836 702 4906 τῷ
735 4835 1014 4904 πτώματι.
1049 4836 1110 4888 Ei
1149 4835 1259 4905 γὰρ
1288 4836 1364 4902 μὴ
1395 4833 1504 4886 ἀπὸ
1538 4832 1650 4886 τῶν
1677 4832 1847 4900 αἱμάο

250 4945 366 4982 των
407 4929 506 4998 τῆς
541 4928 844 4999 Παρθένου,
875 4927 974 4996 τῆς
1009 4929 1070 4980 ὲκ
1096 4927 1191 4980 rufi
1221 4925 1399 4997 Ἀδὰμ
1437 4925 1846 4994 καταγομένης,

249 5022 355 5090 τὴν
388 5021 566 5092 σάρκα
605 5015 673 5090 ἦν
708 5019 972 5088 εἰληφὼς,
1010 5023 1127 5083 πῶς
1153 5021 1232 5074 ,ἂν
1275 5021 1337 5072 τὺ
1397 5018 1665 5087 συγγενὲς
1712 5019 1849 5088 πρὸς

255 5112 583 5182 ἀνθρώπους
631 5108 810 5181 εῐχεν;
848 5111 881 5182 ἢ
931 5112 1048 5176 πῶς
1097 5113 1188 5166 τόν
1228 5111 1340 5166 ἀπὸ
1385 5111 1523 5165 Θεοῦ
1571 5110 1849 5179 ἁγιασμὸν

255 5203 640 5274 ἐλαμϐάνομεν
666 5224 677 5269 ;
708 5205 740 5274 ἢ
776 5205 890 5267 πῶς
926 5205 992 5259 ἂν
1026 5207 1360 5277 έζωὼθημεν
1411 5206 1461 5257 oi
1504 5203 1850 5274 νενεκρωμέ-

253 5314 361 5363 νοι,
395 5297 469 5369 μὴ
498 5298 598 5367 τῆς
634 5298 780 5367 ζωῆς
820 5297 1084 5368 ἐλθούσης
1114 5300 1248 5368 ἡμῖν
1271 5315 1285 5365 ;
1312 5297 1424 5361 Διὸ,
1465 5295 1574 5351 Καὶ
1613 5308 1852 5361 (rapitur-

247 5388 454 5455 θέντα,
508 5392 697 5462 φησὶν,
739 5391 809 5445 ἐκ
853 5392 1202 5460 Πνεύματος
1250 5391 1447 5459 ἁγίου.
1489 5386 1839 5458 Ἀρῤεύστως

1956 4639 2241 4695 materiam
2273 4639 2454 4694 noluit
2480 4653 2546 4693 ne
2567 4639 2722 4708 lapsa
2781 4647 2976 4693 natura
3039 4645 3224 4693 nostra
3279 4636 3334 4690 in
3392 4635 3548 4703 lapsu

1955 4741 2308 4787 remaneret:
2344 4731 2545 4800 quippe
2569 4731 2666 4799 qui
2699 4745 2805 4784 non
2835 4744 2866 4783 e
2913 4729 3142 4799 virginis
3172 4724 3241 4781 de
3267 4727 3436 4780 Adam
3461 4740 3551 4778 or-

1954 4835 2020 4878 ta:
2043 4825 2310 4893 sanguine
2331 4837 2552 4878 carnem
2587 4822 2938 4890 sumpsisset,
2964 4817 3242 4888 quomodo
3261 4818 3548 4884 c’ognatio-

1932 4917 2042 4972 "nis
2073 4915 2536 4971 communitatem
2563 4927 2689 4966 cum
2719 4911 3038 4964 hominibus
3087 4907 3386 4963 habuerit?
3437 4908 3546 4960 Ant

1959 5007 2491 5080 qttomudo-a'Deo
2557 5003 3054 5058 sanctiﬁcatiOnem
3139 5000 3543 5070 acceperimus,

1953 5103 2038 5157 vel
2080 5100 2280 5156 mortui
2305 5097 2720 5159 reviviscemus,
2772 5095 2838 5148 ad
2895 5109 3035 5164 quos
3091 5108 3201 5147 non
3259 5093 3546 5148 advenerit

1959 5196 2111 5252 vita?
2167 5193 2294 5247 Ideo
2347 5192 2696 5245 incarnatum
2757 5186 2894 5241 dicit
2940 5188 3006 5242 de
3063 5187 3274 5258 Spiritu
3307 5195 3541 5253 sancto;

1959 5287 2311 5346 ineﬂ‘abiliter
2371 5291 2426 5336 et
2476 5282 2682 5350 absque
2734 5279 2962 5334 libidine
3015 5279 3178 5334 etiam
3241 5277 3541 5332 secundum

1950 5397 2174 5439 carnem
2200 5379 2380 5434 hctus
2408 5384 2515 5439 est,
2543 5374 2718 5431 sancti
2750 5372 2990 5442 Spiritus
3021 5372 3367 5447 operatione,

247 5485 362 5556 γὰρ
413 5488 510 5540 καὶ
555 5487 786 5552 ἀπαθῶς
833 5489 929 5541 καὶ
969 5487 1113 5541 κατὰ
1168 5487 1349 5556 σάρκα
1393 5485 1719 5555 γεγέννηται
1771 5482 1917 5535 θείου
1949 5479 2270 5550 Πνεῦματος
2308 5475 2620 5547 συνεργείᾳ-

609 5580 716 5634 Καὶ
743 5581 976 5648 Μαρίας
1009 5578 1118 5649 τῆς
1151 5577 1485 5649 Παρθένου.

331 5671 454 5724 Ὀτι
501 5672 560 5738 ἐξ
618 5673 790 5743 αὐτῆς
840 5674 936 5727 καὶ
983 5675 1328 5746 σεσάρκωται
1373 5673 1470 5726 καὶ
1514 5670 1842 5740 γεγέννηται

246 5761 494 5833 ἀληθῶς,
526 5765 602 5830 ὡς
637 5766 865 5832 Ἡσαΐας
899 5766 992 5820 καὶ
1029 5767 1078 5819 οἱ
1136 5765 1316 5819 λοιποὶ
1368 5763 1478 5820 τῶν
1542 5759 1843 5831 προφητῶν

2457 5571 2543 5626 Ea:
2595 5567 2774 5623 Maria
2810 5567 3046 5640 Virgine.

2025 5667 2165 5735 Quia
2215 5683 2279 5722 ex
2308 5682 2372 5722 ea
2401 5680 2530 5721 vere
2583 5665 2898 5718 incarnatus
2929 5670 2983 5717 et
3029 5660 3207 5714 factus
3256 5665 3360 5718 εει,
3403 5653 3545 5708 sicut

1952 5763 2322 5834 praedixerunt
2378 5759 2548 5816 Isaias
2581 5763 2634 5813 et
2674 5755 2870 5828 reliqui
2937 5753 3235 5826 prophetae.
3269 5744 3546 5804 Etsimilis
