4056 6436
606 282 704 345 ’ΠΙ
1319 257 1321 260 ἀ
1389 284 1781 346 SYMEONIS
1814 282 2591 348 THESSALONICENSIS
2622 286 2993 351 ARCHIEP.
3726 286 3814 351 ’1Ἱῖ

614 400 973 471 ejusdemque
1022 410 1231 454 natura:
1263 400 1574 468 nobiscum,
1598 415 1697 454 nec
1717 400 1956 454 alienum
1978 413 2193 454 assum-

2248 420 2268 471 ι
2300 401 2603 473 προῦλεγον
2625 419 2640 436 ’
2697 404 2793 456 καὶ
2830 403 3019 472 ὅμοιον
3062 401 3193 471 ἡμῖν
3235 396 3327 453 καὶ
3354 399 3600 471 ὁμοφυὶς,
3630 401 3713 456 καὶ
3738 404 3815 457 οὐκ

614 490 721 559 psit
755 504 973 558 corpus.
1636 508 1645 516 -

2305 493 2592 562 ἀλλότριον
2620 494 2835 563 είλήφει
2862 494 3048 563 σῶμα.

1099 579 1167 634 Et
1195 581 1349 632 homo
1397 581 1569 650 factus
1601 590 1700 635 est.

686 673 820 729 Illud
844 688 909 727 eo
940 672 1086 743 quod
1128 674 1367 742 perfecte
1381 675 1553 735 homo
1584 675 1759 729 factus
1792 675 1882 737 sit,
1919 683 1973 729 et
2003 676 2055 730 in
2083 690 2202 729 ma-

616 766 751 820 trice
770 767 990 835 quidem
1025 765 1313 821 confestim
1363 767 1641 835 perfectus
1693 768 1857 822 fretus
1883 778 2199 837 conceptus,

614 859 941 912 naturaliter
970 860 1208 912 nutritus
1244 856 1533 929 infansque
1562 868 1645 913 est
1668 860 1888 913 editus:
1944 861 2038 928 qui
2091 875 2200 915 non

613 960 865 1004 naturam
897 950 1147 1004 abolebat
1196 952 1354 1018 cujus
1393 950 1760 1005 conditionem
1792 951 2052 1020 erigebat,
2094 952 2206 1007 tic-

616 1051 675 1097 ut
719 1045 815 1096 ait.
850 1058 1081 1111 magnus
1126 1041 1477 1104 Athanasius,
1523 1051 1680 1096 aetate
1723 1056 1999 1105 crescens,
2028 1034 2205 1096 nutri-

617 1144 729 1200 tus,
757 1135 1036 1187 donniens
1063 1143 1113 1186 et
1136 1132 1289 1185 Matri
1318 1132 1735 1201 existimatoque
1762 1133 1903 1201 patri
1923 1133 2201 1187 subditus.

619 1228 672 1282 Si
699 1244 830 1297 ergo
854 1242 1021 1295 supra
1052 1233 1301 1279 naturam
1334 1240 1455 1292 «tua:
1479 1226 1655 1294 ipsius
1683 1232 1863 1290 erant,
1883 1227 1975 1280 sed
1997 1225 2203 1294 pariter

618 1329 880 1389 quantum
919 1320 1139 1379 licebat,
1172 1317 1559 1388 probatissima
1612 1317 1917 1372 secundum
1950 1326 2202 1371 naturam

620 1427 724 1467 non
756 1412 1115 1465 aversabatur
1146 1418 1202 1463 et
1229 1408 1492 1479 perfectio
1522 1408 1575 1461 in
1606 1423 1671 1462 eo
1693 1416 1834 1475 erat,
1866 1415 1981 1461 tum
2003 1422 2203 1477 corpo-

622 1503 719 1567 ris,
768 1511 881 1555 tum
921 1504 1141 1564 animas,
1175 1500 1571 1569 intelligentem
1605 1499 1815 1553 habens
1873 1509 1927 1554 et
1963 1499 2208 1553 rationa-

621 1596 727 1648 lem
761 1598 930 1664 ipsius
964 1596 1235 1648 actionem
1263 1603 1319 1647 et
1345 1596 1703 1647 voluntatem.
1725 1591 1837 1646 Hoc
1867 1606 2018 1659 ergo,
2054 1592 2205 1645 homo

623 1686 798 1754 factus
836 1696 934 1749 est,
968 1687 1208 1741 ostendit
1242 1694 1433 1739 contra
1473 1684 1822 1753 blasphemas
1852 1684 2201 1753 dispositum,

2746 585 2854 639 Kal
2884 584 3458 653 ἑνανθρωπήσαντα.

2374 679 2544 732 Τοῦτο
2575 678 2664 731 διὰ
2707 679 2767 729 τὸ
2808 677 3011 731 τέλειον
3053 678 3219 732 αὐτὸν
3261 678 3543 746 ἄνθρωπον
3565 679 3819 746 γεγονέναι,

2304 772 2400 825 καὶ
2462 774 2520 825 ἐν
2578 774 2643 840 τῇ
2687 770 2872 841 μήτρᾳ
2917 770 3124 823 τέλειον
3159 770 3256 839 μὲν
3301 768 3458 832 εὐθὺς
3494 769 3821 840 ἀποδειχθῆναι

2309 862 2529 932 βρέφος,
2556 861 2854 931 τρέφεσθαι
2885 860 2941 913 δὲ
2973 860 3238 927 φυσικῶς,
3264 864 3361 913 καὶ
3382 859 3716 929 ἀποτεχθῆναι
3747 861 3822 927 νή-

2308 971 2451 1008 πιον.
2480 955 2554 1007 Οὐ
2582 954 2690 1022 γὰρ
2723 953 2913 1024 ἀνῄρει
2938 953 3037 1022 τὴν
3067 954 3251 1020 φύσιν,
3296 951 3658 1021 ἐπηνωρθοῦτο
3689 952 3737 1004 δέ
3773 953 3823 1005 τὰ

2307 1047 2501 1115 αὐτῆς,
2539 1045 2613 1109 ὡς
2641 1048 2669 1099 ὁ
2702 1046 2877 1116 μέγας
2921 1046 3088 1114 φησὶν
3117 1044 3456 1110 Ἀθανάσιος,
3506 1042 3621 1098 καθ’
3648 1043 3825 1113 ἠλικίαν

2308 1139 2697 1206 αὐξανόμενος,
2726 1138 2822 1192 καὶ
2843 1138 3196 1207 τρεφόμενος,
3218 1137 3310 1191 καὶ
3348 1137 3647 1195 ὑπνώττων,
3671 1136 3751 1188 καὶ
3775 1138 3822 1203 τῇ

2311 1231 2531 1301 ἀληθῶς
2578 1231 2765 1299 Μητρὶ
2803 1232 2898 1283 καὶ
2930 1231 3008 1299 τῷ
3038 1228 3285 1284 δοκοῦντι
3327 1230 3497 1297 πατρὶ
3534 1229 3824 1281 καθυποτασ·

2313 1327 2559 1395 σόμενος.
2597 1324 2661 1379 Ei
2684 1320 2780 1378 οῦν
2815 1325 2910 1378 καὶ
2940 1324 3079 1395 ὑπὲρ
3117 1323 3279 1389 φύσιν
3306 1322 3373 1373 τὰ
3400 1319 3518 1374 κατ’
3549 1318 3714 1380 αὑτὸν,
3734 1318 3821 1370 ἀλλ’

2309 1420 2459 1487 ὅμως
2502 1419 2625 1471 ὅσον
2656 1416 2940 1487 ἐνεχώρει,
2973 1414 3042 1467 τὰ
3068 1414 3371 1483 ἀδιάϐλητα
3410 1411 3566 1482 300
3602 1410 3723 1463 κατὰ
3751 1407 3825 1475 φύ-

2311 1529 2396 1564 σιν
2419 1511 2480 1564 οὒ
2514 1511 2815 1580 παρῃτεῖτο
2835 1526 2850 1540 ·
2882 1507 2979 1561 καὶ
3018 1506 3078 1559 τὸ
3103 1504 3306 1559 τέλειον
3330 1498 3398 1573 ἦν
3430 1504 3486 1554 ἐν
3515 1499 3649 1565 αὐτῷ
3676 1496 3753 1552 τοῦ
3783 1513 3825 1550 τε

2313 1602 2567 1671 σώματος
2594 1601 2695 1669 τῆς
2719 1617 2779 1652 τε
2806 1600 3007 1668 ψυχῆς,
3045 1598 3242 1666 νοεράν
3291 1594 3460 1664 αὐτὴν
3495 1593 3627 1661 ἔχων
3662 1590 3743 1642 καὶ
3764 1588 3827 1641 λον

2311 1693 2495 1760 γικὴν,
2518 1691 2863 1757 αὐτεξούσιόν
2903 1706 2963 1743 τε
2991 1691 3085 1743 καὶ
3114 1687 3426 1758 θελητικήν.
3462 1684 3625 1739 Τοῦτο
3658 1681 3738 1737 οὖν
3765 1682 3826 1746 τὺ,

623 1778 715 1848 qui
754 1792 860 1831 non
898 1778 1137 1831 animam
1194 1776 1482 1848 Dominum
1546 1775 1914 1844 assumpsisse
1974 1784 2202 1829 conten-

2248 1787 2279 1841 B
2304 1784 2878 1851 ἐνανθρωπήσαντα,
2901 1782 3072 1851 δηλοῖ,
3110 1778 3254 1833 κατὰ
3280 1778 3388 1832 τῶν
3418 1776 3618 1847 βλασφή
3628 1792 3726 1842 μων
3766 1789 3830 1825 τε·

623 1871 781 1933 dunt,
815 1872 935 1924 loco
953 1870 1151 1923 anima:
1203 1869 1544 1922 divinitatem
1584 1866 1833 1921 suﬂicere
1861 1866 2207 1934 ineptientes,

624 1963 718 2031 qui
756 1961 1152 2015 etirrationale
1196 1959 1522 2028 insipienter
1596 1957 2018 2026 suspicabantur
2068 1958 2213 2012 illius

627 2054 1038 2109 sanctissimum
1068 2067 1290 2120 corpus,
1322 2067 1423 2105 nec
1446 2051 1645 2104 animae
1671 2066 1775 2104 usu
1793 2050 2012 2119 proprio
2028 2048 2214 2106 fruens

627 2159 733 2214 qua
797 2143 945 2198 Patri
1014 2143 1385 2209 subderetur;
1458 2144 1537 2197 sic
1586 2157 1690 2197 non
1762 2141 2061 2210 perfectum
2123 2142 2217 2195 bo-

634 2236 835 2290 minem
888 2235 1278 2304 assumpsisset
1327 2233 1565 2289 Verbum
1613 2233 1873 2304 Patrique
1926 2234 2216 2289 obtulisset

633 2341 732 2396 pro
758 2325 1028 2395 completo
1068 2326 1220 2395 lapso
1251 2325 1491 2389 homine,
1522 2327 1616 2379 sed
1635 2325 2046 2394 imperfectum.
2096 2325 2215 2391 Quo

632 2418 924 2486 imprimis,
938 2417 1093 2486 juxta
1126 2418 1324 2486 impios
1358 2417 1513 2480 istos,
1535 2417 2068 2486 litutpretiosissima
2087 2431 2215 2485 pars

631 2512 804 2567 nostri
834 2512 1124 2565 sanatione
1153 2518 1337 2565 careat
1370 2526 1383 2562 :
1407 2509 1451 2564 si
1480 2510 1623 2564 enim
1647 2508 1887 2564 hominis
1915 2509 2213 2578 pretiosius

629 2600 813 2655 anima
893 2600 1200 2669 intelligens
1256 2609 1309 2654 et
1371 2592 1695 2665 rationalis,
1759 2606 1815 2653 et
1879 2613 1975 2668 per
2041 2599 2213 2668 ipsam

635 2693 790 2762 prius
821 2693 1249 2749 inobedientiam
1285 2691 1636 2756 admisimus,
1696 2691 1796 2759 ipsi
1823 2692 1968 2745 enim
1994 2690 2219 2746 servivit

530 2852 533 2855 γ
637 2797 865 2851 corpus,
922 2797 1022 2836 nec
1062 2783 1300 2837 animam
1325 2781 1650 2835 rationalem
1706 2795 1830 2834 cum
1868 2792 2097 2849 corpore
2130 2792 2221 2833 as-

636 2874 873 2942 sumpsit
923 2875 1265 2927 incarnatum
1336 2872 1599 2939 Verbum,
1667 2871 1958 2926 sanatione
2018 2871 2216 2924 iterum

634 2967 968 3036 indigemus,
997 2980 1097 3019 nec
1121 2965 1698 3034 iucorruptibilitatem
1737 2964 2071 3033 accepimus,
2120 2979 2220 3019 nec

634 3059 736 3113 toti
768 3057 1011 3115 renovati
1039 3073 1252 3123 sumus,
1290 3058 1422 3127 quin
1456 3058 1565 3111 imo
1616 3072 1717 3113 nec
1751 3071 1982 3127 corpore
2012 3059 2216 3111 sancti-

638 3153 779 3207 licati
817 3165 1029 3215 sumus,
1051 3152 1098 3207 si
1129 3150 1447 3205 irrationale
1473 3150 1541 3205 de
1579 3150 1738 3207 nobis
1764 3166 1966 3220 corpus
1998 3165 2214 3205 assum-

640 3254 791 3314 ptum
840 3252 947 3299 est.
1007 3243 1300 3313 Propterea
1365 3243 1607 3313 fugiendi
1662 3244 1884 3313 quidem
1936 3245 2029 3313 qui
2088 3243 2219 3298 talia

641 3337 895 3401 delirant,
926 3352 1024 3391 nos
1054 3351 1184 3391 vero
1214 3336 1673 3407 quemadmodum
1706 3337 1774 3391 ab
1794 3337 1953 3391 initio
1975 3336 2221 3406 duplices

643 3445 738 3499 per
774 3429 1007 3484 Verbum
1060 3430 1310 3499 plasmati
1364 3445 1577 3493 sumus,
1604 3444 1806 3499 corpus
1862 3430 2023 3484 simul
2094 3445 2219 3484 eum

643 3522 824 3578 anima
854 3524 1205 3593 accipientes,
1236 3531 1292 3580 et.
1316 3522 1607 3594 dupliciter
1636 3538 1854 3580 rursum
1878 3523 2131 3592 plasmati
2154 3524 2223 3578 ah

643 3619 760 3687 ipso
786 3617 961 3673 Verbo
1020 3632 1235 3681 sumus,
1301 3617 1601 3687 perfectum
1644 3618 1806 3672 simul
1857 3631 1985 3672 cum
2041 3616 2222 3670 anima

641 3724 844 3781 corpus
870 3718 1186 3767 assumente
1206 3710 1261 3764 in
1294 3709 1568 3764 hominem
1598 3706 1985 3778 reparandum.

738 3973 1044 4044 Cruci/imus
1078 3974 1238 4029 etiam
1282 3988 1377 4043 pro
1409 3971 1557 4026 nobis
1586 3971 1683 4025 sub
1712 3969 1903 4026 Pontio
1935 3969 2135 4025 Pilato.

720 4067 974 4138 Magnum
1006 4066 1324 4137 mysterium
1353 4065 1419 4119 de
1444 4081 1554 4135 quo
1612 4064 1801 4119 multis
1834 4063 2228 4120 indissolubilis

646 4159 904 4231 quaestio,
928 4167 984 4214 et
1014 4158 1186 4229 magis
1204 4171 1365 4227 quam
1398 4156 1673 4227 quomodo
1694 4155 1837 4210 Deus
1868 4170 1991 4209 cum
2023 4155 2113 4221 sit,
2150 4154 2233 4208 in-

648 4252 866 4307 carnari
903 4251 1247 4307 sustinuerit.
1281 4248 1382 4312 Sit,
1413 4247 1673 4310 fatentur,
1698 4246 2034 4301 adunatione
2065 4254 2230 4301 natu-

651 4360 769 4399 ram
799 4353 858 4398 ut
879 4343 1074 4398 dicitur
1105 4340 1476 4407 sanctiﬁcans,
1502 4350 1558 4395 et
1583 4340 1648 4395 ad
1674 4340 1792 4409 ejus
1831 4340 2231 4408 reparationem

2318 1876 2587 1946 θειμένον,
2615 1877 2725 1929 τῶν
2753 1876 2825 1945 μὴ
2849 1874 3026 1944 ψυχὴν
3053 1870 3333 1941 εἰληφέναι
3361 1869 3617 1936 λεγόντων
3645 1865 3723 1918 τὸν
3747 1862 3830 1915 Κύ-

2321 1986 2459 2038 ριον,
2495 1967 2921 2037 φληναφούντων
2949 1966 3004 2019 δὲ
3034 1966 3160 2019 ἀντὶ
3186 1964 3364 2033 ψυχῆς
3392 1962 3574 2030 ἀρκεῖν
3610 1956 3736 2025 αὐτῷ
3759 1955 3832 2023 τὴν

2319 2062 2550 2132 θεότητα
2568 2076 2585 2092 ο
2644 2062 2695 2115 οῖ
2745 2061 2841 2115 καὶ
2882 2059 3078 2127 ἀλογον
3105 2056 3366 2111 ὑπενόουν
3395 2054 3630 2122 ἀφρόνως
3655 2049 3707 2102 τὺ
3728 2062 3830 2100 παν-

2318 2154 2475 2221 άγιον
2508 2153 2698 2206 τούτου
2733 2152 2915 2221 σῶμα,
2946 2154 3043 2204 καὶ
3080 2148 3156 2218 μὴ
3181 2150 3248 2217 τῇ
3292 2145 3587 2215 τῆς,ψυχῆς
3627 2137 3829 2203 αὐτεξου-

2320 2245 2530 2313 σιότητι
2560 2244 2638 2313 τῷ
2666 2243 2840 2313 Πατρὶ
2879 2240 3067 2295 τοῦτον
3104 2235 3627 2295 καθυποτάσσεσθαι,
3667 2231 3744 2283 καὶ
3766 2228 3831 2279 οὐ·

2315 2337 2374 2391 δὲ
2429 2338 2635 2390 τέλειον
2669 2335 2954 2404 ἄνθρωπον
3016 2333 3207 2386 λαϐεῖν
3251 2331 3347 2383 τὸν
3382 2328 3549 2396 Λόγον
3590 2326 3674 2378 καὶ
3698 2337 3829 2391 προσ-

2318 2429 2562 2495 ενεγκεῖν
2591 2426 2669 2496 τῷ
2698 2426 2894 2496 Πατρὶ,
2936 2424 3078 2494 ὑπὲρ
3135 2421 3343 2475 τελείου
3392 2412 3829 2486 παραπεπτωκότος

2319 2519 2632 2589 ἀνθρώπου,
2688 2518 2805 2571 ἀλλ’
2833 2517 2997 2585 ἀτελῆ
3020 2530 3038 2547 ο
3098 2514 3239 2569 ὥστε
3311 2513 3508 2583 μᾶλλον
3557 2503 3683 2561 εἶναι
3728 2500 3835 2555 κατὰ

2318 2613 2446 2674 τοὺς
2479 2611 2813 2674 ἀσεϐοῦντας
2842 2610 3084 2672 ἐκείνους
3120 2609 3181 2662 τὸ
3209 2606 3537 2677 τιμιώτατον
3563 2600 3702 2671 ἡμῶν
3735 2595 3830 2649 ἀθε·

2322 2704 2612 2774 ράπευτον.
2647 2704 2709 2756 El
2748 2703 2858 2774 γὰρ
2913 2701 3202 2772 ἀνθρώπου
3260 2697 3580 2767 τιμιώτερον
3629 2695 3659 2763 ὴ
3702 2688 3828 2759 ψυχὴ.

2321 2798 2483 2867 νοερά
2518 2796 2753 2851 τελοῦσα
2794 2797 2888 2849 καὶ
2929 2794 3143 2865 λογικὴ,
3179 2792 3275 2846 καὶ
3325 2791 3392 2846 δι’
3422 2789 3585 2857 αὐτῆς
3625 2783 3829 2852 πρότερον

2320 2890 2421 2960 τὴν
2482 2890 2771 2959 παρακοὴν
2818 2888 3225 2959 ἐνηργήσαμεν,
3275 2885 3451 2953 ταύτῃ
3499 2881 3600 2951 γὰρ
3633 2878 3687 2930 τὸ
3714 2874 3831 2960 σῶμα

2325 2958 2834 3052 παρηκολούθησεν,
2869 2958 2929 3030 οὗ
2964 2977 3141 3046 ψυχὴν
3182 2976 3239 3028 δέ
3270 2976 3466 3044 νοερὰν
3498 2971 3625 3042 μετά
3660 2964 3735 3019 τοῦ
3760 2958 3831 3014 σώο

2248 3122 2293 3182 c
2331 3090 2498 3142 ματος
2521 3073 2743 3142 εἴληφεν
2769 3072 2797 3123 ὁ
2830 3070 3003 3137 Λόγος
3035 3066 3367 3137 σαρκωθεὶς,
3404 3064 3733 3132 ἀθεράπευτοι
3754 3053 3830 3182 πάδζ

2329 3164 2347 3182 ς
2453 3164 2474 3182 ι
2562 3166 2582 3179 -ι
2635 3178 2650 3182 _
2711 3163 2797 3182 --Α
2862 3161 2915 3182 -.ι
2947 3151 3076 3182 ι-ι...
3118 3158 3423 3182 2.--n.._-r_-.
3465 3154 3698 3182 Ἁλίκη..
3754 3144 3797 3182 m'.

2329 3141 2414 3216 λιν
2450 3164 2611 3233 ἡμεῖς
2629 3141 2651 3195 γ’
2709 3163 2804 3215 καὶ
2857 3161 2918 3213 οὐ
2947 3151 3076 3230 ’τὴν
3112 3158 3423 3227 ἀφθαρσίαν
3463 3154 3715 3220 ἐλάϐομεν,
3754 3141 3833 3197 οὐδ’

2326 3249 2439 3304 ὅλοι
2487 3249 2979 3317 ἁνεκαινίσθημεν⁶
3038 3246 3240 3318 μᾶλλον
3290 3247 3351 3299 δὲ
3392 3244 3506 3298 οὐδὲ
3559 3241 3629 3311 τῷ
3674 3237 3833 3303 σώματι

2326 3341 2695 3412 ἡγιάσθημεν,
2736 3339 2893 3410 εἴπερ
2929 3339 3123 3406 ἄλογον
3153 3337 3320 3405 σῶμα
3356 3336 3415 3400 ἐξ
3446 3333 3597 3406 ἡμῶν
3625 3324 3833 3398 προσελή-

2329 3433 2460 3502 φθη.
2494 3433 2591 3484 Διά
2642 3430 2804 3485 τοῦτο
2847 3429 3097 3499 φευκτὲοι
3143 3428 3242 3498 μὲν
3288 3429 3342 3481 oi
3380 3426 3547 3480 ταῦτα
3583 3419 3832 3491 ληροῦντεςν

2330 3525 2490 3594 ἡμεῖς
2522 3523 2578 3575 δὲ
2612 3521 2798 3592 ὥσπερ
2849 3520 2907 3584 ἐξ
2933 3520 3110 3590 ἀρχῆς
3161 3517 3343 3572 διπλοῖ
3386 3517 3531 3586 παρά
3573 3512 3658 3565 τοῦ
3686 3507 3829 3594 ξΛόγον

2328 3593 2683 3683 ἐπλάσθημεν
2715 3613 2874 3683 σῶμα
2910 3609 3047 3681 ὁμοῦ
3103 3609 3362 3670 λαϐόντες
3416 3606 3551 3677 μετὰ
3589 3598 3743 3671 ψυχῆς
3766 3593 3832 3683 καὶ

2328 3706 2529 3769 διπλῶς
2564 3682 3009 3773 Ῠάνεπλάσθημεν
3066 3699 3160 3753 ὑπ’
3211 3698 3382 3752 αὑτοῦ
3433 3695 3527 3751 τοῦ
3574 3692 3747 3759 Λόγου,
3775 3682 3831 3735 τί·

2329 3798 2473 3852 λειον
2523 3797 2885 3860 ἀναλαϐόντος
2913 3796 3004 3850 τὸν
3040 3793 3331 3867 ἄνθρωπον
3377 3790 3534 3860 σῶμα
3577 3782 3698 3857 όμοῦ
3737 3773 3834 3849 μετά

2332 3890 2532 3963 ψυχῆς·

2332 3983 2761 4052 Σταυρωθέντα
2781 3999 2846 4037 τε
2868 3982 3019 4051 ὑπὲρ
3034 3979 3206 4051 ἡμῶν
3223 3980 3325 4036 ἐπὶ
3348 3978 3595 4036 Ποντίου
3616 3966 3834 4027 Πιλάτου.

2406 4078 2577 4131 Τοῦτο
2606 4077 2666 4130 τὸ
2705 4077 2851 4147 μέγα
2884 4077 3181 4147 μυστήριον
3206 4091 3219 4105 ·
3250 4076 3349 4128 καὶ
3374 4072 3537 4138 πολλὴ
3562 4070 3664 4124 τοῖς
3682 4054 3838 4147 πολλρῖς

2335 4171 2428 4222 ἐπὶ
2477 4168 2653 4238 τούτῳ
2773 4168 3015 4237 ἀπορία⁶
3064 4146 3157 4220 καὶ
3192 4166 3376 4231 πλέον,
3417 4165 3448 4235 ἧ
3495 4161 3603 4223 πῶς
3641 4154 3746 4213 Θεδῖ
3771 4146 3840 4239 ὣνξ

2333 4260 2597 4331 ἠνέσχετο
2632 4238 3021 4331 σαρκωθῆναι;
3054 4257 3226 4313 Τοῦτο
3264 4257 3365 4327 μὲν
3399 4258 3504 4326 γάρ
3539 4266 3684 4322 φασιν
3710 4238 3839 4331 ἴναῖῇ

2336 4329 2529 4408 ἐήνώσει
2579 4329 2780 4425 ἅγιά-σῃ
2830 4352 2931 4421 τὴν
2984 4352 3168 4421 φύσιν.
3213 4351 3289 4414 ὡς
3337 4349 3573 4417 λέγεταιι
3613 4338 3695 4396 καὶ

651 4450 867 4492 omnem
897 4435 1255 4489 oeconomiam
1329 4432 1584 4487 adhibeat
1613 4440 1777 4503 prout
1824 4440 1875 4485 et
1910 4429 2039 4486 fecit
2071 4448 2084 4484 :
2121 4430 2220 4485 tier1

2270 4494 2313 4517 η
2340 4444 2713 4517 ἐπανόρθωσιν
2747 4420 2918 4515 αὐτῆς
2944 4445 3121 4498 πάντα
3151 4460 3215 4513 γε
3241 4439 3643 4511 ἐξοικονομήσῃ,
3667 4420 3839 4517 “Gabii

651 4543 684 4583 e
752 4528 981 4591 muliere
1025 4534 1081 4580 et
1123 4526 1423 4581 secundum
1477 4534 1691 4581 aetatem
1743 4538 1992 4580 crescere
2049 4524 2220 4578 debui

2270 4494 2316 4551 θ
2343 4494 3749 4609 aisugg..‘igagggaga‘9t1;is.gas...
3778 4510 3841 4565 και

654 4635 820 4688 egens
849 4627 902 4672 et
929 4618 1156 4687 pedibus
1195 4619 1449 4687 gradiens
1473 4660 1488 4684 ,
1531 4617 1902 4671 exinanltione
1928 4624 2220 4684 reparatun

2341 4628 2467 4683 καθ’
2502 4629 2719 4699 ἡλικίαν
2761 4627 3079 4698 αὐξόμενος,
3123 4626 3419 4697 πτωχεύων
3453 4639 3511 4674 τε
3549 4617 3637 4672 καὶ
3665 4608 3843 4699 itein

658 4717 930 4766 inundans
952 4726 1051 4765 nec
1069 4710 1277 4765 habens
1296 4711 1385 4765 ubi
1414 4721 1573 4779 caput
1602 4709 1914 4775 reclinaret,
1935 4710 2220 4763 secundun

2347 4723 2479 4791 ρῶν,
2514 4690 2797 4792 καθαίρων
2846 4690 3177 4774 ταπεινώσει
3215 4690 3306 4772 τόν
3351 4712 3665 4785 ἐπηρμένον,
3689 4690 3843 4792 καὶ-μὴ

657 4804 971 4875 Scripturas
1000 4821 1014 4858 :
1048 4817 1170 4872 quae
1198 4802 1382 4856 omnia
1428 4801 1495 4855 ad
1552 4802 1908 4870 reparandam
1946 4808 2236 4867 naturam,

657 4899 928 4968 siquidem
975 4897 1301 4952 mirabiliter
1331 4911 1426 4964 per
1477 4910 1539 4950 ea
1574 4910 1695 4964 quae
1732 4896 2001 4964 stupenda
2030 4896 2157 4951 fecit
2184 4904 2239 4952 et

660 5004 944 5045 sermones
978 5005 1116 5059 quos
1146 4989 1389 5059 protulit,
1430 4988 1576 5041 illam
1614 4988 1810 5042 erexit.
1856 4987 1947 5042 Sic
1984 5003 2113 5044 vero
2139 5004 2238 5057 pa-

662 5082 725 5147 ti,
754 5082 821 5137 de
835 5082 942 5136 hoe
968 5081 1142 5152 magis
1169 5081 1526 5151 quaestionem
1548 5087 1787 5147 movent,
1810 5089 1863 5134 et
1885 5082 2067 5136 crucis
2089 5082 2242 5150 igno-

665 5172 910 5227 miniosa
964 5181 1167 5225 lautam
1231 5170 1540 5240 passionem
1570 5168 1717 5238 patil
1786 5168 1928 5224 Sane
1952 5169 2046 5225 Dei
2104 5186 2242 5238 opus

666 5265 824 5331 illud,
856 5264 996 5319 etde
1029 5279 1138 5333 quo
1168 5272 1392 5332 stupere
1424 5262 1561 5315 nihil
1603 5262 1823 5331 mirum,
1862 5265 1990 5334 quia
2018 5266 2241 5320 mirabi-

664 5357 732 5410 lia
759 5372 922 5425 opera
953 5353 1163 5409 Domini
1223 5362 1275 5407 et
1325 5353 1709 5409 iuserutahiles
1762 5357 1864 5411 viae
1916 5357 2059 5427 ejus.
2112 5357 2244 5412 Fide

665 5447 781 5503 hzee
845 5447 1168 5517 accipimus,
1230 5461 1337 5501 non
1402 5447 1654 5501 humanae
1721 5450 1999 5519 sapientia:
2057 5450 2241 5505 verbis

664 5539 1009 5608 gloriamur;
1047 5545 1105 5590 ut
1152 5552 1258 5591 non
1312 5547 1609 5595 evacuetur
1650 5556 1781 5595 crux
1819 5541 2047 5607 Christi,
2101 5541 2243 5595 sicut

667 5631 934 5699 scriptum
964 5639 1068 5685 est.
1100 5628 1203 5685 Sed
1232 5631 1432 5700 pariter
1459 5636 1707 5690 caelestes
1736 5633 1804 5689 de
1859 5635 1943 5689 his
1962 5649 2243 5689 sermones

664 5730 719 5775 et
748 5720 1018 5775 incarnati
1080 5722 1438 5793 cruciﬁxique
1472 5723 1563 5781 Dei
1602 5741 1771 5796 opera
1801 5726 2242 5796 supernaturalia

2342 4787 2483 4883 έχων
2516 4813 2617 4866 ποῦ
2650 4787 2826 4867 κλῖναι
2854 4811 2951 4880 τὴν
2977 4809 3242 4879 κεφαλὴν,
3272 4809 3347 4871 ώς
3374 4808 3681 4875 γέγραπται.
3707 4787 3843 4883 Ταῦτα

2343 4875 2406 4957 δέ
2446 4905 2625 4958 πάντα
2676 4904 2764 4957 διὰ
2811 4875 2920 4956 τοῦ-
2949 4875 3261 4956 ἀναπλάσαι
3294 4900 3391 4969 τὴν
3428 4898 3613 4965 φύσιν·
3651 4883 3752 4942 ἐπεὶ
3778 4875 3843 4969 καὶ

2347 4997 2667 5067 θαυμασίως
2699 4996 2871 5065 αὐτὴν
2908 4989 2990 5058 οἷς
3022 4994 3296 5063 ἐνήργησε
3327 4966 3649 5060 παραδόξως,
3678 4966 3846 5067 καὶ-λό-

2346 5062 2572 5157 γοιξοῖς
2599 5062 3187 5159 εἴρηκεννὲπηνώρθου.
3214 5062 3287 5137 Τὸ
3317 5083 3373 5135 δὲ
3400 5078 3587 5133 παθεῖν
3606 5070 3749 5159 οὕτω.⁸
3767 5062 3848 5159 δξας

2347 5180 2647 5251 ποροῦντες
2675 5179 2836 5231 πλέον
2863 5179 2991 5244 είσὶ,
3018 5176 3112 5230 καὶ
3141 5175 3330 5228 παθεῖν
3363 5171 3504 5224 οὕτω
3536 5164 3689 5221 πάθος
3712 5172 3760 5251 τί)
3786 5146 3848 5244 δξὰ

2350 5271 2590 5341 σταυροῦ
2615 5270 3001 5324 ἐπονείδιστον.
3047 5267 3187 5320 Ἀλλ’
3210 5267 3379 5327 ὅντως
3408 5260 3574 5315 ταῦτα
3596 5254 3717 5341 ἔργα
3729 5244 3845 5341 8W:

2349 5365 2460 5420 Καὶ
2483 5365 2544 5417 τὸ
2576 5362 2857 5431 διαπορεῖν
2886 5360 2979 5413 ἐπὶ
3004 5359 3215 5422 τούτοις
3250 5357 3311 5409 οὐ
3338 5347 3667 5421 θαυμαστόν·
3694 5340 3759 5391 ὅτι
3782 5326 3849 5429 κῖξ

2351 5456 2645 5526 θαυμαστά
2694 5454 2763 5506 τὰ
2818 5453 2955 5522 ἔργα
2998 5451 3228 5519 Κυρίου,
3275 5448 3366 5500 καὶ
3420 5435 3771 5526 ἀνεξιλίνίίξστίκ

2348 5521 2474 5596 ὁδοὶ-
2496 5544 2687 5611 αὐτοῦ.
2719 5544 2833 5596 Καὶ
2854 5521 3029 5611 ἡμεῖς
3069 5540 3246 5591 πίστει
3281 5534 3450 5591 ταῦτα
3475 5522 3746 5600 δεχόμεθα·
3778 5521 3845 5607 ουλε

2351 5636 2702 5706 ἀνθρωπίνης
2760 5634 2816 5687 δὲ
2874 5610 3065 5703 σοφίας
3099 5631 3279 5699 λόγοις
3326 5619 3658 5697 καυχώμεθα,
3685 5611 3757 5664 ἵνα
3798 5610 3845 5666 μη

2354 5705 2565 5799 κενά)θῇ
2615 5731 2662 5804 ὁ,
2690 5727 2925 5797 σταυρὸς
2982 5725 3075 5778 τοῦ
3118 5718 3383 5794 Χριστοῦ,
3414 5714 3547 5772 καθὰ
3579 5705 3843 5777 γέγραπται·
