4056 6430
357 303 463 367 ’173

1394 309 1812 371 EXPOSITIO
1853 309 2080 371 SACRI
2119 315 2266 375 SYM
2280 319 2481 380 BOLI.

3527 315 3637 396 7‘s

369 414 511 469 Ἀλλ’
541 416 689 482 ὅμως
717 415 823 469 eici.
857 417 951 470 καὶ
971 417 1121 486 λόγοι
1147 417 1352 473 τούτων
1374 420 1640 488 οὐράνιοι,
1675 423 1769 474 καὶ
1799 421 1939 488 πρά-

2050 423 2264 479 veritati
2294 424 2667 481 testimonium
2711 425 3023 495 perhibent.
3094 433 3148 479 et
3197 424 3369 480 Graeci
3410 426 3631 495 quidem

357 506 472 595 ξεις
497 506 633 559 Θεοῦ
677 507 771 560 τοῦ
805 510 1185 578 σαρκωθέντος
1211 512 1741 584 καὶοστσυρωθέντος
1772 514 1941 581 ὑπερ-

359 600 515 666 φυεῖς
562 598 661 667 τὴν
690 599 958 669 ἀλήθειαν
991 602 1491 672 ἐπιμαρτυροῦσαι.
1538 604 1644 657 Καὶ
1675 605 1941 675 Ἕλληνες

361 692 463 760 μὲν
486 691 581 742 ἐπὶ
606 690 684 760 τῷ
720 693 940 762 σταυρῷ
967 694 1357 757 ἀσυνετοῦντες
1397 696 1652 762 γελῶσιν,
1693 699 1939 752 Ἰουδαῖοι

357 782 416 834 δὲ
455 780 863 853 βλασφημοῦσι,
890 785 984 837 καὶ
1013 785 1125 837 τῶν
1145 785 1321 838 ἀθέων
1351 786 1502 841 ἄλλοι
1538 788 1746 842 πολλοί.
1797 789 1940 842 Ἀλλ’

358 875 814 955 αἰσχυνθήτωσαν
871 878 921 929 oi
990 878 1321 947 ἀνομοῦντες
1384 880 1676 949 διακενῆς·
1744 883 1801 934 ἐν
1861 883 1939 952 τῷ

363 968 585 1037 σταυρῷ
628 968 737 1036 γὰρ
760 970 1023 1039 Χριστοῦ,
1050 972 1146 1023 καὶ
1182 972 1262 1040 τῷ
1298 970 1529 1040 μώλωπι
1566 975 1661 1025 καὶ
1696 971 1936 1045 θανάτῳ,

360 1057 421 1109 τὸ
442 1057 736 1125 μεγαλεῖον
762 1059 928 1112 αὐτοῦ
959 1062 1287 1130 φανεροῦται
1324 1063 1525 1131 μᾶλλον
1553 1066 1651 1133 τῆς
1671 1064 1856 1134 ίσχύιος
1880 1084 1938 1118 τε

364 1152 458 1203 καὶ
497 1150 771 1221 θεότητος.
803 1154 913 1209 Καὶ
942 1155 1046 1222 ὅρα
1091 1156 1146 1207 τί
1180 1156 1521 1226 σταυρωθεὶς
1564 1157 1936 1214 ἐκτετέλεκεν.

364 1245 440 1299 Οὐ
497 1246 599 1317 τὴν
649 1247 759 1301 τῶν
812 1248 1087 1302 ἀσυνέτων
1156 1250 1425 1319 Ἑλλήνων
1484 1250 1691 1321 πλάνην
1758 1254 1940 1305 πᾶσαν

330 1378 337 1383 .
366 1336 553 1401 ἐδίωξε
592 1337 671 1408 τῷ
698 1339 918 1410 σταυρῷ
942 1356 956 1406 ;
989 1340 1064 1394 Οὐ
1092 1340 1189 1408 τὴν
1215 1342 1405 1395 ἀοεῖαν
1434 1342 1617 1395 πᾶσαν
1647 1342 1897 1413 ἀπήλασε
1921 1360 1936 1409 ;

362 1428 459 1490 Τίς
494 1428 591 1482 νῦν
620 1429 648 1481 6
672 1429 959 1484 πολυθεῒαν
982 1431 1156 1483 νοσῶν
1181 1448 1195 1495 ;
1226 1433 1321 1495 Τίς
1351 1432 1379 1484 6
1410 1432 1698 1497 κνωδάλοις
1723 1433 1819 1485 καὶ
1844 1432 1940 1503 θη-

367 1521 506 1589 ρίοις
550 1523 652 1592 τὴν
693 1521 847 1577 θείαν
892 1525 1182 1593 ἀπονέμων
1210 1525 1411 1594 τιμήν;
1444 1525 1517 1577 Ού
1551 1524 1651 1596 τὴν
1699 1526 1808 1578 τῶν
1837 1526 1940 1590 ἔξω

364 1616 545 1683 σοφῶν
580 1615 772 1685 σοφίαν
805 1618 996 1687 μωρὰν
1050 1617 1367 1684 ἀπέδειξεν;
1421 1618 1494 1686 οὐ,
1549 1620 1769 1687 σιγῆσαι
1812 1620 1939 1681 τοὺς

362 1706 561 1775 λήρους
593 1707 903 1777 φιλοσόφων
935 1709 1267 1779 είργάσατο;
1297 1711 1467 1771 ἁλιεῖς
1496 1710 1603 1778 γὰρ
1635 1710 1732 1762 τοῦ
1777 1727 1938 1763 σταυ-

367 1797 635 1863 ρωθέντος
674 1798 962 1853 ἀπόστολοι
1017 1800 1184 1853 αὑτὸν
1229 1801 1321 1854 τὸν
1367 1802 1753 1871 σταυρωθέντα
1806 1801 1939 1854 Θεὸν

362 1891 643 1959 ὁμολογεῖν
676 1893 881 1956 πάντας
920 1894 1165 1947 ἔπεισαν.
1200 1893 1310 1947 Ποῦ
1343 1894 1440 1946 νῦν
1485 1894 1800 1957 εἰδωλεῖονς
1837 1890 1940 1945 ποῦ

369 1982 587 2036 εἴδωλον
615 1983 844 2050 ἐναγές;
878 1984 980 2037 ποῦ
1013 1988 1303 2053 μαντεῖονς
1352 1984 1456 2036 ποῦ
1516 1984 1674 2048 ζώων
1708 1987 1806 2037 καὶ
1851 1986 1942 2036 ἀνυ

370 2073 604 2143 θρώπων
631 2075 860 2144 σφαγαὶ,
885 2076 980 2128 καὶ
1017 2077 1228 2130 τελεταὶ
1278 2077 1550 2144 δαιμόνων
1600 2076 1941 2146 ἀκάθαρτοι;

370 2164 471 2219 ποῦ
526 2183 609 2228 τις
664 2166 798 2239 άλλη
852 2167 947 2221 νῦν
998 2171 1056 2221 ἐν
1081 2154 1272 2240 κόσμῳ
1302 2168 1397 2221 τοῦ
1426 2169 1673 2222 διαϐόλου
1714 2170 1945 2222 καὶτῶν

366 2258 578 2311 ἐκείνου
608 2258 834 2331 λατρεία
857 2278 873 2329 ;
906 2263 1095 2317 Πάντα
1117 2262 1289 2316 ταῦτα
1312 2262 1511 2325 ἐξεῖλεν
1533 2265 1561 2316 6
1586 2261 1943 2332 σταυρωθείςο

370 2352 465 2406 καὶ⁹
498 2353 669 2417 τύπος
726 2356 888 2425 μόνος
946 2357 1181 2424 σταυροῦ
1235 2357 1425 2410 διώκει
1483 2359 1610 2418 τοὺς
1660 2358 1944 2425 δαίμονας,

362 2447 525 2511 θεοὺς
554 2449 822 2517 πρότερον
850 2449 1241 2519 νομιζομένους
1268 2450 1378 2511 τοῖς
1404 2449 1652 2517 Ἕλλησι.
1675 2450 1784 2504 Καὶ
1809 2452 1948 2516 μᾶλ-

366 2542 460 2594 λον
509 2542 567 2595 ἐν
599 2542 773 2611 τούτῳ
804 2542 1101 2612 θαυμαστὴ
1143 2542 1237 2595 τοῦ
1279 2544 1747 2615 σταυρωθέντοςὴ
1788 2544 1949 2597 δύνα-

370 2652 485 2705 μις,
517 2638 600 2691 ὃτι
624 2636 718 2689 καὶ
744 2636 885 2691 οὕτω
906 2637 1075 2706 πένης
1102 2636 1311 2705 ὀφθεὶς,
1370 2637 1466 2690 καὶ
1492 2636 1635 2690 οὕτω
1668 2638 1945 2707 πτωχείαν

372 2730 574 2798 σαρκὸς
602 2730 986 2797 ἐνδυσάμενος,
1021 2730 1114 2782 καὶ
1144 2728 1220 2797 τῷ
1256 2729 1447 2799 κόσμῳ
1487 2731 1711 2797 μέτριος
1756 2730 1949 2796 φανεὶς

371 2810 464 2874 καὶ
487 2823 724 2889 πτωχὸς,
756 2823 848 2875 καὶ
874 2822 1227 2890 κατακριθεὶς
1255 2822 1330 2883 ὡς
1361 2821 1456 2873 καὶ
1481 2822 1677 2874 παθεῖν
1705 2822 1947 2890 σταυρῷ,

370 2915 466 2964 καὶ
494 2912 811 2976 ἀποθανεῖν,
849 2914 942 2965 καὶ
971 2913 1114 2966 οῦτω
1145 2914 1295 2982 παρά
1323 2912 1434 2965 τῶν
1465 2913 1722 2983 μαθητῶν
1752 2914 1949 2967 ἐσταυ-

370 3009 613 3077 ρωμένος
639 3007 1066 3077 ὁμολογούμενος
1112 3009 1205 3060 καὶ
1250 3005 1601 3076 καλούμενος,
1633 3006 1792 3068 αὐτὸς
1839 3025 1953 3060 toc-

2042 514 2109 568 de
2144 530 2309 569 cruce
2331 516 2655 585 insipientes
2693 518 2896 580 rident,
2924 516 3307 585 blasphemant
3367 531 3499 571 vero
3529 515 3634 572 Ju-

2041 605 2166 671 dzei,
2222 608 2616 676 atheo'rumque
2667 607 2756 661 alii
2810 608 3004 673 multi;
3040 607 3131 661 sed
3192 606 3521 661 erubescant
3576 609 3633 660 in

2040 712 2239 750 vanum
2281 708 2588 767 peccantes.
2623 698 2826 753 Christi
2893 713 3079 761 cruce,
3114 698 3287 753 livore
3342 706 3397 751 et
3452 708 3631 752 morte

2042 790 2279 858 amplius
2308 801 2533 861 apparet
2567 792 2738 859 ipsius
2759 794 2974 847 virtutis
3004 802 3057 845 et
3083 792 3385 845 divinitatis
3414 793 3632 857 magni-

2044 883 2287 937 ﬁcentia.
2327 882 2392 937 Et
2421 884 2543 939 vide
2573 884 2704 953 quid
2748 886 2975 952 perfecit
3032 884 3379 939 crucifixus:
3449 899 3633 937 nonne

2046 974 2425 1043 insipientium
2456 976 2772 1031 Graecorum
2809 992 3024 1030 omnem
3049 991 3212 1029 cruce
3250 976 3453 1042 fugavit
3481 989 3633 1029 erro-

2041 1066 2202 1120 rem?
2234 1083 2417 1121 nonne
2465 1070 2791 1123 atheismum
2813 1083 3029 1121 omnem
3051 1067 3297 1135 expulit?
3325 1065 3457 1131 Quis
3488 1080 3633 1119 nunc

2047 1160 2343 1212 multorum
2390 1161 2617 1214 deorum
2649 1162 2820 1215 cultui
2884 1158 3232 1214 inserviens?
3296 1158 3430 1223 Quis
3466 1158 3634 1211 maris

2041 1260 2097 1304 et
2128 1252 2404 1320 sylvarum
2474 1252 2667 1307 bestiis
2722 1252 2968 1305 divinum
3028 1250 3266 1306 oﬁercns
3322 1245 3636 1302 honorem?

2039 1340 2231 1396 Nonne
2320 1343 2621 1398 alienorum
2681 1343 3014 1410 sapientium
3074 1342 3323 1395 insanam
3388 1339 3629 1394 convicit

2045 1434 2371 1502 sapientiam
2399 1436 2421 1487 ἵ)
2448 1434 2643 1488 Nonne
2670 1428 3120 1503 philosophorum
3178 1431 3413 1499 ineptias
3450 1440 3631 1484 tacere

2041 1526 2267 1594 coegit?
2319 1524 2627 1581 Piscatores
2701 1526 2947 1580 cruciﬁxi
3024 1523 3251 1593 apostoli
3304 1524 3628 1578 cruciﬁxum

2044 1617 2210 1673 Deum
2244 1617 2489 1672 conﬁteri
2536 1618 2792 1672 omnibus
2832 1625 3151 1671 suaserunt.
3199 1614 3299 1669 Ubi
3336 1631 3479 1668 nunc
3514 1616 3633 1668 ido-

2039 1713 2216 1766 lorum
2282 1711 2609 1781 templum?
2686 1711 2777 1763 uhi
2839 1710 3039 1762 idolum
3107 1706 3496 1760 maledictum?
3542 1705 3633 1757 ubi

2044 1802 2325 1857 oraculum
2358 1803 2380 1855 ?
2416 1803 2502 1855 ubi
2567 1799 2884 1854 animalium
2921 1807 2973 1852 et
3005 1798 3294 1849 hominum
3361 1793 3632 1848 sacriﬁcia

2045 1904 2098 1949 et
2132 1894 2269 1949 ritus
2298 1894 2607 1947 dmmonum
2659 1891 2901 1961 impuri?
2937 1889 3026 1942 ubi
3060 1904 3205 1941 nunc
3234 1888 3286 1940 in
3322 1885 3452 1939 orbe
3478 1900 3633 1951 qum-

2044 1987 2130 2041 vis
2164 1986 2266 2039 alia
2299 1985 2498 2039 diaboli
2534 1993 2588 2038 et
2621 1984 2739 2052 ejus
2788 1997 3013 2049 operum
3078 1977 3371 2033 adoratio?
3419 1975 3629 2030 Ctincta

2050 2074 2453 2131 hazedestruxit
2503 2071 2799 2127 cruciﬁxus
2857 2080 2913 2124 et
2970 2069 3245 2123 daemones
3310 2065 3460 2135 fugat
3518 2064 3635 2118 sola

2051 2167 2233 2221 crucis
2268 2166 2438 2235 ﬁgura
2466 2180 2605 2234 quos
2633 2173 2793 2217 antea
2820 2162 2953 2216 deos
2994 2160 3273 2214 habebant
3318 2157 3491 2213 Graeci
3520 2174 3535 2209 :
3569 2157 3622 2208 in

2002 2286 2005 2287 ν
2049 2273 2160 2327 quo
2187 2256 2535 2327 potissimum
2590 2254 2728 2307 mira
2783 2250 3031 2305 cruciﬁxi
3086 2250 3281 2311 virtus,
3350 2244 3496 2315 quod
3555 2245 3636 2300 sic

2049 2364 2259 2421 egenus
2306 2349 2480 2413 visus,
2516 2346 2700 2400 carnis
2733 2350 3056 2413 paupertate
3088 2340 3317 2394 vestitus
3344 2346 3399 2391 et
3433 2336 3636 2389 mundo

2052 2443 2338 2498 modestus
2381 2455 2654 2511 apparens
2705 2446 2759 2492 et
2817 2453 3023 2506 pauper
3077 2450 3141 2488 ac
3193 2436 3484 2487 damnatus
3539 2430 3635 2499 qui

2051 2549 2267 2589 crucem
2292 2540 2637 2599 mortemque
2685 2537 2991 2598 pateretur,
3019 2536 3183 2593 atque
3213 2526 3290 2579 sic
3319 2540 3347 2577 ιι
3384 2514 3639 2590 discipu-

2054 2626 2120 2680 lis
2146 2624 2437 2679 cruciﬁxus
2497 2619 2848 2675 confessione
2890 2618 3258 2686 proclamatus
3286 2623 3340 2667 ct
3380 2621 3633 2677 vocatus,

2054 2721 2169 2790 ipse
2205 2726 2416 2773 tantum
2474 2715 2649 2768 Valeat
2680 2708 2736 2766 ut
2767 2712 2954 2764 orbem
2996 2708 3061 2762 ad
3129 2708 3371 2775 seipsum
3430 2706 3631 2768 trahat,

2055 2814 2172 2866 sine
2203 2810 2403 2881 gladio,
2433 2808 2597 2871 bello,
2631 2802 3096 2874 possessionibus,
3137 2799 3344 2853 divitiis
3402 2797 3636 2865 aliisque

2059 2904 2111 2958 in
2150 2903 2351 2972 quibus
2375 2914 2638 2969 proSpere
2675 2894 2989 2949 hominibus
3037 2890 3302 2955 succedit,
3337 2904 3446 2942 non
3501 2903 3636 2943 suos

2058 2995 2356 3050 secundum
2391 3005 2608 3045 carnem
2634 2990 2687 3041 in
2722 2985 3068 3041 dilectionem
3092 2983 3373 3035 attrahens
3397 2990 3632 3048 tantum,

370 3071 505 3152 αῦτα
707 3071 1074 3167 ίσχύειίῶστε
1095 3098 1185 3151 τον
1213 3071 1434 3164 κόσμον-
1449 3099 1628 3151 ἕλκειν
1650 3098 1728 3159 είς
1756 3099 1946 3153 ἑαυτὸν

2062 3085 2154 3140 sed
2186 3092 2241 3138 et
2275 3081 2534 3135 mundum
2568 3079 2910 3132 universum.
2937 3074 3150 3142 Moyses
3181 3072 3401 3141 quidem
3443 3071 3632 3127 eodem

366 3188 486 3260 δίχα
508 3191 805 3260 μαχαίρας,
840 3190 962 3259 δίχα
995 3190 1252 3257 πολέμου,
1281 3190 1494 3255 ἐξουσία
1519 3191 1749 3261 ςχωρῖς,
1785 3191 1948 3244 πλού-

368 3295 485 3343 του,
515 3280 737 3333 καὶτῶν
758 3280 953 3342 ἄλλων,
978 3279 1036 3331 ἐν
1061 3274 1140 3342 οἷς
1171 3280 1526 3349 κατορθοῦσιν
1552 3280 1852 3347 ἄνθρωποι,
1884 3283 1944 3333 οὗ

368 3372 492 3433 τοὺς
520 3372 583 3425 ἐκ
602 3371 791 3440 γένους
818 3374 896 3433 είς
918 3372 1196 3441 ἀγάπησιν
1221 3372 1582 3440 ἐφελκόμενος
1603 3372 1784 3441 μόνον,
1814 3372 1948 3424 ἀλλά

368 3464 466 3516 καὶ
494 3464 584 3515 τὸν
622 3463 827 3533 κόσμον
855 3463 1090 3519 ἅπαντα.
1122 3465 1330 3533 Μωσῆς
1370 3464 1470 3532 μὲν
1496 3465 1613 3533 γὰρ
1641 3464 1770 3527 τοὺς
1801 3464 1947 3517 κατά

372 3557 528 3621 γένος
558 3556 725 3625 αὐτῷ,
762 3557 857 3609 καὶ
885 3555 1091 3609 τούτων
1124 3556 1289 3625 μέρος
1317 3554 1570 3622 ὠφέλησε
1612 3555 1787 3625 βραχύ
1808 3571 1824 3588 ο
1865 3557 1947 3607 ὅτι

373 3648 467 3697 καὶ
505 3644 790 3712 ἄνθρωπος
820 3645 1079 3713 Μωῦσῆς,
1109 3646 1201 3698 καὶ
1229 3643 1324 3697 τοῦ
1363 3643 1621 3714 Σωτῆρος
1646 3646 1728 3706 εἰς
1750 3644 1944 3711 τύπον,

372 3736 470 3788 καὶ
515 3737 542 3788 6
586 3735 762 3798 δοθεὶς
799 3735 949 3805 αὐτῷ
978 3737 1162 3803 νόμος.
1192 3736 1428 3803 σκιώδης
1467 3737 1562 3789 καὶ
1607 3737 1821 3807 ἀτελὴς.
1853 3743 1947 3792 καὶ

372 3826 499 3887 τοὺς
526 3825 634 3878 ἀπὸ
662 3824 861 3878 Ἰακὼὸ
888 3825 1097 3886 πάντας
1118 3824 1469 3893 οἰκονομῆσαι
1497 3822 1572 3892 μὴ
1597 3823 1846 3892 δυνηθείς
1870 3841 1885 3856 ο
1919 3827 1947 3879 6

371 3918 427 3969 δὲ
453 3918 709 3986 Χριστὸς,
763 3918 884 3981 Υἱὸς
919 3917 993 3971 ὢν
1020 3917 1156 3970 Θεοῦ
1201 3918 1297 3969 καὶ
1345 3915 1454 3970 τῶν
1501 3915 1639 3969 ὅλων
1680 3916 1835 3978 Θεὸς,
1880 3918 1949 3971 τὰ

373 4008 500 4078 ἔθνη
549 4010 750 4073 πάντα,
785 4009 878 4061 καὶ
908 4008 1067 4076 γένος
1091 3998 1260 4071 ἅπαν,
1299 4008 1393 4060 καὶ
1438 4005 1690 4074 γλῶσσαν
1726 4008 1946 4061 ἆπασαν

373 4102 467 4153 καὶ
497 4098 666 4169 φυλὴν
692 4100 1076 4169 προσηγάγετο
1096 4113 1111 4125 ⁸
1144 4099 1237 4151 καὶ
1268 4097 1499 4160 ἕκαστος
1530 4097 1638 4149 ἀπο
1661 4097 1755 4149 τοῦ
1779 4097 1945 4149 τόπου

374 4193 541 4247 αὐτοῦ
592 4193 680 4245 διὰ
708 4192 808 4261 τῆς
843 4192 1093 4260 γλώσσης
1128 4190 1295 4242 αὐτοῦ
1320 4188 1531 4253 δοξάζει
1561 4188 1651 4241 τὸν
1685 4188 1820 4240 Θεὸν
1854 4186 1948 4239 καὶ

377 4287 613 4356 Πατέρα,
668 4284 728 4337 ὅν
760 4284 860 4337 οὐκ
890 4283 1006 4353 ᾔδει
1034 4282 1323 4351 πρότερον,
1348 4268 1436 4334 διᾶ
1481 4278 1576 4333 τοῦ
1625 4278 1946 4346 μονογενοῦς

375 4378 550 4445 Λόγου
584 4374 678 4430 τοῦ
710 4375 873 4445 σαρκὶ
927 4374 1333 4443 σταυρωθέντος
1377 4369 1734 4439 καταμαθών.
1776 4369 1946 4422 Τοῦτο

2054 3189 2252 3243 genere
2285 3173 2420 3227 ortis
2449 3179 2503 3225 et.
2529 3171 2724 3223 horum
2766 3166 2906 3235 parti
2969 3165 3182 3219 cuidam
3214 3177 3395 3232 operte
3444 3176 3634 3232 parum

2053 3267 2306 3328 contulit,
2335 3265 2535 3333 quippe
2581 3262 2672 3330 qui
2714 3262 2879 3314 homo
2942 3265 3059 3312 erat
3108 3266 3161 3310 et
3216 3257 3269 3309 in
3326 3254 3636 3309 Salvatoris

2054 3360 2247 3425 ﬁgura,
2279 3368 2332 3411 ct
2367 3357 2452 3410 lex
2490 3354 2594 3423 ipsi
2619 3354 2742 3406 data
2776 3353 3023 3405 umbram
3052 3349 3257 3403 habens
3283 3356 3336 3401 et
3371 3346 3649 3418 imperfc-V

2050 3451 2308 3508 ctioncm,
2368 3446 2537 3500 Jacob
2578 3447 2716 3499 ﬁlios
2784 3445 2848 3517 in,
2874 3442 3094 3496 domum
3147 3439 3242 3492 Dei
3292 3439 3637 3491 introducere

2057 3537 2340 3605 nequibat.
2375 3534 2631 3588 Christus
2657 3546 2785 3586 vero
2823 3530 2914 3584 Dei
2952 3531 3146 3589 Filius,
3195 3536 3635 3597 cunctorumque

2052 3627 2198 3681 Deus
2230 3639 2448 3681 omnem
2480 3623 2739 3691 populum
2782 3630 2837 3674 et
2866 3619 3126 3672 familiam
3195 3626 3249 3670 et
3312 3617 3553 3684 linguam
3581 3623 3637 3668 et

2061 3718 2261 3773 tribum
2295 3714 2620 3777 introduxit,
2655 3721 2708 3768 et
2747 3712 3121 3778 unusquisque
3161 3708 3226 3762 de
3259 3708 3381 3761 loco
3408 3721 3508 3760 suo
3538 3720 3637 3772 per

2050 3809 2291 3878 linguam
2324 3822 2476 3861 suam
2508 3804 2676 3861 Deum
2706 3803 2977 3874 gloriﬁcat
3004 3799 3219 3855 Patrem
3255 3813 3418 3867 quem
3471 3805 3634 3852 antea

2051 3913 2157 3952 non
2188 3904 2437 3957 noverat.
2461 3896 2530 3950 ab
2552 3894 2835 3964 unigenilo
2870 3892 3044 3946 Verbo
3085 3891 3139 3945 in
3178 3904 3345 3945 carne
3407 3888 3634 3942 cruciﬁ-

2049 4007 2118 4045 xo
2166 3991 2381 4045 doctus.
2436 3987 2573 4043 Illud
2622 3987 2767 4041 enim
2822 3992 3235 4039 sacrosanctum
3297 3996 3517 4055 corpus,
3546 3988 3636 4034 ut-

2050 4093 2174 4155 pote
2210 4083 2303 4136 Dei
2334 4081 2497 4136 Verbi
2520 4095 2720 4149 corpus
2766 4077 2816 4132 ei
2864 4078 3074 4131 unitum
3119 4076 3323 4144 absque
3364 4073 3635 4129 divisione

2050 4190 2105 4232 et
2126 4174 2477 4236 confusione,
2504 4182 2679 4226 tetum
2712 4170 2955 4225 divinum
2992 4177 3048 4223 et
3069 4167 3247 4222 solum
3286 4166 3552 4220 innocens
3576 4172 3635 4217 et

2053 4276 2304 4323 sanctum
2335 4281 2433 4335 pro
2471 4263 2653 4318 Patris
2685 4261 3003 4317 adoratione
3036 4259 3321 4328 saluteque
3354 4266 3540 4313 nostra
3564 4258 3631 4311 ad

2054 4357 2395 4413 moriendum
2431 4370 2526 4423 per
2550 4367 2738 4407 manus
2769 4351 3051 4405 hominum
3084 4348 3425 4412 damnatum,
3460 4347 3637 4401 liben-

375 4436 483 4537 γὰρ
525 4469 587 4521 τὸ
627 4436 894 4536 πανάγιον
926 4436 1086 4535 σῶμα
1129 4466 1206 4527 ὡς
1240 4464 1332 4516 τοῦ
1361 4462 1497 4515 Θεοῦ
1526 4436 1713 4529 *Λόγοι-⁵
1767 4461 1945 4528 σῶμα,

2056 4460 2135 4506 ter
2163 4451 2231 4504 ab
2258 4448 2560 4516 accipiente
2585 4444 2767 4500 Verbo
2788 4443 2937 4499 Patri
2968 4440 3211 4496 oblatum
3235 4440 3463 4510 solaque
3486 4454 3620 4509 pura

375 4562 524 4634 αὑτῷ
558 4562 756 4615 ὲνωθὲν
783 4561 1102 4631 ἀδιαιρέτως
1127 4576 1187 4611 τε
1222 4558 1318 4611 καὶ
1350 4556 1632 4624 ἁφύρτως,
1664 4553 1805 4607 θεῖον
1831 4555 1951 4607 ὅλον

377 4654 469 4707 καὶ
500 4654 888 4723 ἀναμάρτητον
921 4651 1079 4721 μόνον
1111 4651 1204 4702 καὶ
1230 4650 1384 4714 ἆγιον
1415 4646 1495 4713 ὃν,
1530 4645 1670 4714 ὑπὲρ
1696 4645 1795 4714 τῆς
1819 4648 1952 4714 ὁμο-

374 4746 562 4813 λογίας
597 4746 690 4798 τοῦ
724 4745 959 4813 Πατρὸς,
994 4742 1087 4795 καὶ
1116 4741 1216 4809 τῆς
1258 4740 1414 4810 ἡμῶν
1463 4741 1738 4807 σωτηρίας
1779 4755 1952 4790 κατα-

376 4839 564 4910 κριθέν
595 4839 687 4891 ὑπ’
715 4835 1019 4907 ἀνθρώπων
1052 4832 1369 4897 ἀποθανεῖν,
1400 4831 1664 4892 ἑκουσίως
1711 4829 1816 4882 ὑπὸ
1855 4827 1949 4882 τοῦ

286 4964 292 4970 -
375 4926 634 4985 λαϐόντος
688 4924 839 4994 αὐτῷ
897 4924 1072 4991 Λόγου
1106 4922 1183 4991 τῷ
1218 4920 1393 4988 Πατρὶ
1442 4919 1823 4990 προσηνέχοη’
1859 4918 1954 4972 καὶ

377 5024 542 5070 ουσία
601 5017 736 5087 μόνη
793 5015 1012 5083 καθαρά
1062 5014 1223 5067 τοῦτο
1262 5012 1400 5080 ὑπὲρ
1433 5011 1687 5065 ἁπάντων
1715 5010 1905 5078 γέγονε
1938 5026 1951 5041 ’

377 5109 474 5161 καὶ
519 5108 688 5161 θέλων
740 5107 942 5159 ἔπαθεν
1001 5107 1029 5159 6
1067 5105 1370 5174 Δεσπότης,
1406 5103 1514 5155 τῶν
1545 5102 1800 5172 πονηρῶν
1855 5101 1955 5170 μὲν

379 5199 847 5269 ἐπιδεικνυμένων
881 5197 950 5250 τά
985 5195 1215 5260 ἑαυτῶν,
1251 5197 1348 5248 καὶ
1392 5197 1490 5255 τὰς
1522 5191 1711 5262 ὕϐρεις
1758 5193 1957 5259 ἐπιφε·

385 5294 588 5364 ρόντων
621 5296 716 5347 καὶ
770 5294 871 5355 τὰς
924 5292 1140 5361 πληγὰς
1170 5292 1261 5344 καὶ
1287 5288 1381 5341 τὸν
1420 5287 1672 5353 θάνατον,
1704 5285 1873 5340 αὐτοῦ
1901 5285 1956 5337 δὲ

380 5384 477 5438 τοῦ
515 5384 767 5454 Σωτῆρος
825 5386 896 5436 τὰ
959 5381 1124 5436 αὐτοῦ
1175 5380 1314 5449 ὑπὲρ
1373 5378 1532 5448 ἡμῶν
1584 5375 1955 5448 ἐνεργοῦντος.

387 5475 551 5528 Ὀθεν
579 5474 673 5527 ἐπὶ
707 5472 805 5526 τοῦ
853 5471 1086 5542 σταυροῦ
1118 5471 1412 5539 ἐκκέχυται
1446 5469 1544 5537 μὲν
1578 5467 1640 5519 τὸ
1679 5461 1819 5535 αἷμα
1855 5467 1956 5519 aia-‘-

384 5565 502 5627 τοῦ,
537 5566 635 5637 τὴν
687 5567 741 5618 δὲ
786 5564 911 5633 γῆν,
945 5567 1034 5619 τὸν
1067 5564 1225 5635 ἀέρα,
1268 5562 1364 5616 καὶ
1393 5562 1575 5613 πᾶσαν
1629 5560 1727 5629 τὴν
1784 5558 1961 5611 κτίσιν

384 5660 637 5727 ἡγίασεν,
668 5660 742 5721 ὡς
774 5659 1040 5725 πανὰγιον
1087 5650 1229 5724 αἷμα
1264 5654 1356 5707 τοῦ
1395 5653 1647 5721 σώματος
1699 5650 1790 5704 τοῦ
1826 5667 1963 5701 παν-

2054 4557 2153 4612 pro
2182 4540 2439 4594 omnibus
2470 4539 2647 4591 hostia
2673 4537 2872 4590 factum
2904 4543 3007 4590 est.
3077 4532 3140 4585 Et
3170 4542 3366 4601 sponte
3439 4544 3639 4600 passus

2060 4644 2145 4691 est
2171 4635 2472 4698 Dominus;
2502 4633 2659 4687 malis
2679 4646 2800 4701 quae
2829 4630 2962 4701 ipsis
2983 4632 3035 4683 in
3067 4628 3251 4682 animo
3283 4632 3641 4681 erantosten-

2052 4729 2328 4791 dentibus,
2366 4725 2614 4793 injurias,
2666 4722 2870 4793 plagas,
2900 4729 3125 4774 mortem
3186 4715 3635 4784 congerentibus,

2056 4818 2339 4875 Salvatore
2362 4832 2491 4872 vero
2514 4830 2634 4886 qua:
2654 4816 2829 4883 ipsum
2851 4812 3116 4865 docebant
3137 4822 3233 4877 pro
3248 4806 3403 4859 nobis
3421 4812 3636 4875 agente.

2064 4912 2275 4966 Exinde
2299 4912 2352 4964 in
2381 4924 2541 4964 cruce
2574 4908 2728 4961 fusus
2756 4902 2976 4969 sanguis
3028 4901 3144 4966 eius
3201 4908 3421 4961 terram,
3454 4910 3635 4949 acrem

2064 5012 2119 5057 et
2150 5013 2331 5056 creata
2366 5010 2559 5053 cuneta
2610 4993 2995 5055 sanctiﬁcavit,
3027 5001 3283 5058 tanquam
3348 5002 3633 5042 sacrosam

2063 5104 2186 5149 ctus
2214 5091 2461 5160 corporis
2490 5088 2691 5156 ubique
2714 5083 3033 5139 exsisteutis
3064 5080 3228 5135 Verbi
3249 5078 3503 5150 sanguis;
3530 5088 3641 5134 sta-

2067 5188 2161 5241 tim
2190 5200 2318 5255 ergo
2341 5185 2558 5239 ablutus
2618 5181 2907 5234 innovatus
2952 5184 3037 5231 est
3098 5177 3285 5241 homo,
3318 5183 3372 5230 et
3401 5190 3431 5229 e
3469 5175 3640 5229 latere

2065 5294 2263 5347 aquam
2297 5291 2419 5331 cum
2446 5274 2711 5344 sanguine
2741 5268 3028 5325 eﬁ‘undeus
3057 5267 3333 5330 Christus,
3370 5256 3460 5319 illa
3520 5266 3640 5335 qui-

2065 5373 2187 5425 dem
2219 5367 2564 5423 accedentem
2624 5369 2862 5432 reparat,
2924 5360 3027 5414 hoc
3079 5374 3208 5413 vero
3258 5359 3539 5424 viviﬁcat;
3584 5367 3640 5412 et

2068 5463 2247 5516 omnis
2336 5469 2478 5513 terra
2537 5464 2591 5509 et
2653 5455 2833 5524 lingua
2929 5464 3077 5504 nunc
3125 5448 3407 5503 Christum
3466 5447 3637 5500 conﬁ-

2066 5562 2229 5609 tctur.
2272 5549 2404 5604 Tam
2448 5548 2583 5602 mira
2612 5555 2891 5614 tantaque,
2940 5542 3030 5613 qui
3075 5540 3343 5594 mirabilia
3389 5539 3513 5592 facit
3544 5552 3643 5608 per

2068 5660 2284 5701 crucem
2315 5648 2574 5710 operatus
2599 5647 2705 5693 est.

389 5723 553 5823 ταχοῦ
585 5754 738 5816 ὄντος
786 5723 979 5821 Λόγου.
1014 5750 1191 5815 Εὐθὺς
1232 5743 1324 5803 οὖν
1361 5748 1681 5813 ὲκπλυθεὶς,
1768 5740 2136 5816 ἀνεμορφώθη
2192 5740 2218 5791 6
2278 5736 2601 5807 ἄνθρωπος·
2659 5734 2754 5787 καὶ
2814 5732 2956 5803 ὕδωρ
3016 5732 3113 5786 σὺν
3166 5728 3356 5795 αἵματι
3443 5723 3644 5797 ῥεύσας
