4056 6418
492 267 604 334 795
675 289 680 294 ·

1339 261 1726 339 εΥΜΕΟΝιδ
1789 281 2555 350 TIIESSALONICENSIS
2598 293 2958 356 ARCHIEP.

3675 302 3781 363 illi

491 398 604 453 quo
634 385 810 458 magis
839 393 984 454 patet
1017 385 1177 452 illud,
1215 387 1427 442 scilicet
1480 390 1524 443 si
1585 391 1781 460 purius
1833 395 2075 462 apparuit

2190 398 2282 452 τοῦ
2312 401 2564 472 Σωτῆρος
2593 404 2835 475 Χριστοῦ
2865 403 3111 476 μαθηταὶ
3135 405 3298 460 τοῦτο
3327 407 3543 474 ἔλαϐον,
3574 411 3778 467 ἐπικα-

495 478 869 549 apostolisque
898 480 1086 533 datum
1132 489 1221 534 est
1245 490 1299 534 et
1326 496 1424 551 per
1445 495 1540 537 eos
1565 483 1939 543 credentibus,
1970 502 2075 538 non

489 579 672 626 tamen
725 571 891 640 hujus
948 572 1133 627 datam
1193 589 1316 628 esse
1373 589 1663 643 personam
1723 591 1739 630 :
1798 579 2076 647 quomodo

486 662 633 717 enim
660 664 803 733 quod
835 664 956 719 sine
987 665 1237 733 partibus
1292 675 1376 719 est
1410 667 1598 722 multis
1664 669 1914 739 partibus
1944 686 2079 723 cou-

484 752 676 817 stabit,
708 765 761 810 et
789 756 934 824 quod
961 757 1082 812 sine
1105 755 1277 825 ﬁgura
1312 758 1678 828 materiaque,
1742 759 1797 813 in
1850 761 2078 813 materia

486 855 541 902 ct
563 848 736 919 ﬁgura
770 849 922 904 erit?
946 850 1053 904 Sed
1123 851 1245 906 data
1274 863 1402 906 sunt
1428 853 1760 907 charismata
1791 862 1846 909 et
1875 853 2080 913 Christi

484 939 777 1008 discipulis
804 939 1001 995 latiora
1029 956 1192 1010 quam
1214 943 1520 1013 prophetis.
1554 943 1671 998 Non
1699 945 1844 999 etiim
1876 945 1942 998 ad
1977 959 2079 998 na-

487 1031 692 1086 tionem
726 1047 912 1092 unam,
947 1033 1040 1087 sed
1074 1034 1138 1086 ad
1168 1048 1363 1089 oumes
1413 1035 1568 1090 missi
1604 1044 1758 1102 sunt,
1796 1045 1851 1089 et
1893 1033 2082 1090 conie-

483 1125 613 1179 stim
670 1127 951 1195 pmprium
980 1126 1111 1195 ipsis
1135 1126 1409 1180 charisma
1451 1144 1463 1179 :
1499 1125 1878 1196 Loquebuutur
1905 1130 2078 1194 enim,

483 1218 685 1288 inquit,
725 1219 941 1288 linguis,
973 1227 1042 1286 et]
1071 1220 1482 1289 prapltetubaut.
1539 1221 1725 1291 Itaque
1783 1239 1878 1288 per
1930 1225 2082 1294 ipsos

479 1311 688 1378 Spiritu
749 1311 962 1366 alllatos
1044 1321 1340 1367 renovatus
1417 1323 1501 1367 est
1586 1314 1759 1382 orbis,
1800 1330 1987 1371 verum
2023 1315 2078 1369 in

478 1403 749 1459 Trinitate
783 1403 954 1458 Deum
985 1420 1312 1476 agnosecns,
1342 1416 1397 1462 et
1422 1405 1530 1461 Deo
1577 1409 1806 1463 adhaesit
1834 1407 2076 1478 Spiritus

473 1496 710 1566 gratiam
739 1497 1047 1564 accipiens.

2186 493 2439 556 θίσαντος
2493 495 2677 560 αὐτοῖς
2723 497 2817 551 τοῦ
2874 498 3190 568 Πνεύματος
3241 502 3298 553 ὲν
3351 501 3481 554 εἴδει
3532 504 3779 576 πυρίνων

2185 588 2452 656 γλωσσῶν
2477 607 2491 620 ο
2525 589 2554 642 ὃ
2582 591 2644 664 δὴ
2680 592 2884 660 μᾶλλον
2916 593 3069 663 δηλοῖ
3123 596 3206 650 ὅτι
3251 597 3301 649 εί
3334 597 3426 649 καὶ
3456 597 3771 670 καθαρώτεο

2187 697 2282 749 ρον
2312 681 2581 750 ἐπεφάνη,
2609 685 2702 734 καὶ
2734 683 2890 752 ἐδόθη
2923 687 3035 745 τοῖς
3071 686 3417 761 αποστόλοις,
3450 689 3547 742 καὶ
3578 689 3647 741 δι’
3669 692 3775 743 aii-

2187 770 2296 822 τῶν
2343 775 2457 834 τοῖς
2510 773 2904 838 πιστεύσασιν,
2956 775 3196 845 ἀλλὀὐχ
3247 779 3545 843 ὑπόστασις
3596 780 3780 834 δέδοτο

2189 861 2419 915 τοῦτον
2479 865 2596 927 πῶς
2647 865 2756 936 γὰρ
2802 868 2863 919 τὸ
2911 869 3118 939 ἀμερὲς
3172 869 3521 940 πολυμερὲς;
3572 875 3668 926 καὶ
3715 874 3780 926 τὸ

2188 954 2605 1024 ἀσχημάτιστον
2641 959 2736 1011 καὶ
2774 959 2979 1025 ἄΰλον,
3017 959 3093 1024 ὡς
3130 961 3186 1012 ὲν
3224 961 3326 1034 ὕλῃ
3361 964 3455 1015 καὶ
3493 964 3776 1033 σχήματις

2187 1043 2328 1098 ἀλλὰ
2362 1047 2427 1098 τὰ
2470 1046 2786 1116 χαρίσματα
2827 1049 3058 1103 δέδοται.
3099 1051 3210 1103 Καὶ
3250 1052 3530 1121 assumto
3570 1053 3780 1121 μᾶλλον

2189 1136 2364 1190 ταῦτα
2407 1141 2465 1190 ἐν
2498 1141 2610 1200 τοῖς
2651 1139 2892 1209 Χριστοῦ
2935 1142 3206 1206 μαθηταῖς
3243 1142 3274 1212 ἢ
3313 1145 3370 1194 ἐν
3402 1147 3517 1205 τοῖς
3553 1148 3780 1213 προφη-

2187 1248 2328 1296 ταις.
2369 1233 2444 1286 υὺ
2487 1235 2594 1304 γὰρ
2629 1235 2708 1298 είς
2747 1233 2901 1298 ἔθνος
2936 1235 3029 1301 ἓν,
3065 1235 3180 1289 ἀλλ’
3209 1239 3288 1300 είς
3323 1237 3533 1301 πάντας
3569 1241 3777 1303 sicne-

2190 1322 2473 1376 στέλλοντο
2493 1339 2505 1352 °
2539 1325 2634 1376 καὶ
2662 1327 2862 1378 οἰκεῖον
2891 1325 3055 1390 εὐθὺς
3079 1327 3138 1380 τὸ
3169 1328 3441 1397 χάρισμα,
3474 1331 3776 1384 Ἐλάιουν

2187 1411 2328 1485 γὰρ,
2363 1414 2499 1481 φησὶ
2520 1455 2534 1479 ,
2570 1414 2908 1483 γλώσσαις,
2929 1417 3029 1471 καί
3072 1421 3510 1490 προεφήτευον.
3545 1423 3634 1474 Διὸ
3675 1425 3776 1478 καὶ

2184 1499 2251 1552 δι’
2277 1501 2458 1554 αὐτῶν
2504 1505 2786 1574 Πνεῦματι
2826 1508 3164 1574 κινουμένων
3207 1511 3238 1578 ἡ
3284 1512 3462 1572 κτίσις
3501 1513 3782 1572 ἁνεκαινί-

474 1588 574 1658 οθη
596 1632 612 1656 ,
645 1589 738 1642 τὸν
769 1591 937 1654 ὄντως
971 1590 1273 1658 ἐπιγνοῦσα
1306 1591 1440 1644 Θεὸν
1475 1591 1565 1645 τὸν
1599 1594 1657 1645 ὲν
1691 1593 1884 1660 Τριὰδι
1914 1611 1926 1624 ’
1966 1596 2063 1648 καὶ
2091 1593 2210 1664 Θεῷ
2241 1597 2450 1666 ήνώθη,
2486 1599 2585 1668 τὴν
2616 1601 2775 1668 χάριν
2806 1600 3046 1654 λαϐοῦσα
3076 1601 3169 1656 τοῦ
3205 1604 3538 1674 Πνεύματος.

811 1684 913 1748 Qui
957 1683 1162 1738 locutus
1198 1693 1274 1738 est
1305 1700 1396 1752 per
1422 1687 1726 1754 prophetas.

541 1773 682 1842 Quia
727 1773 934 1830 Christi
970 1791 1253 1846 praecones
1285 1779 1370 1832 isti
1403 1788 1457 1832 et
1489 1777 1582 1833 Dei
1611 1779 1848 1848 Spiritu,
1883 1788 1941 1834 ut
1975 1780 2073 1835 di-

473 1880 619 1924 ctum
653 1875 758 1934 est,
784 1869 914 1934 acti,
951 1869 1240 1938 loquentes
1273 1869 1324 1922 in
1355 1885 1540 1933 unam,
1574 1879 1855 1937 sanctam,
1886 1872 2076 1925 catho-

474 1965 634 2022 licam
669 1971 724 2015 et
770 1961 1129 2032 apostolicam
1164 1961 1489 2015 Ecclesiam.
1543 1961 1597 2015 lu
1632 1977 1800 2016 unam,
1827 1963 2074 2032 quidem,

472 2054 598 2121 quia
630 2052 773 2108 idem
805 2053 946 2122 legis
975 2061 1028 2107 et
1057 2053 1245 2124 gratia:
1293 2053 1454 2118 Deus,
1489 2061 1544 2107 et
1596 2055 1724 2124 quia
1780 2070 1888 2108 una
1931 2055 2072 2109 facta

474 2152 560 2199 est
610 2145 926 2212 angelorum
991 2155 1046 2198 et
1104 2142 1390 2197 hominum
1446 2157 1612 2212 super
1651 2142 2069 2198 fundamentum

476 2236 848 2304 apostolorum
899 2243 954 2290 et
993 2221 1389 2304 prophetarum
1438 2233 1683 2299 fumlata,
1713 2243 1766 2289 et
1811 2235 1903 2306 qui
1961 2251 2070 2292 una

476 2325 629 2390 lides,
655 2340 826 2380 unum
858 2325 1153 2395 baptisma,
1195 2334 1250 2378 et
1306 2341 1448 2380 unus
1492 2326 1772 2391 Christus,
1799 2330 1892 2397 qui
1947 2344 2066 2384 eam

472 2417 850 2486 congregavit.
915 2416 1081 2484 hujus
1115 2415 1254 2484 lapis
1315 2416 1596 2483 angularis
1644 2427 1696 2470 et
1743 2418 2068 2472 fundamen-

474 2522 610 2566 tum.
660 2509 916 2565 Sauctam
981 2523 1110 2563 vero
1157 2517 1425 2580 tanquam
1481 2525 1512 2563 a
1566 2510 1777 2578 Spiritu
1819 2513 2066 2565 sanctili-

470 2615 646 2656 catam
688 2609 742 2659 et
767 2599 989 2656 Christo
1038 2600 1247 2655 unitam
1305 2617 1402 2670 per
1463 2601 1796 2672 baptismum
1839 2611 1893 2657 et
1919 2604 2068 2660 chri-

467 2709 610 2760 sma,
639 2693 1003 2750 sacerdotium
1033 2705 1089 2771 et
1125 2695 1358 2747 aliorum
1397 2695 1786 2763 mysteriorum
1817 2709 2070 2749 commu-

469 2771 715 2850 u’ionem,
766 2787 975 2857 absque
1029 2787 1241 2841 macula
1288 2794 1342 2839 et
1371 2783 2063 2858 Christo.desponsatam.

460 2881 802 2936 Catholicam
864 2892 1050 2935 autem
1136 2889 1396 2947 tanquam
1445 2893 1476 2934 e
1551 2879 1769 2949 populis
1844 2884 2065 2937 cunctis

459 2974 684 3028 Christo
707 2981 1118 3044 congregatam,
1171 2987 1301 3026 vera
1359 2973 1594 3028 scientia
1624 2973 1877 3041 dilatam,
1935 2986 1990 3029 et
2032 2993 2059 3028 a

463 3066 742 3136 prophetis
778 3066 1134 3120 fuitdamento
1170 3067 1346 3136 posita
1378 3080 1476 3135 per
1507 3068 1789 3135 apostolos
1813 3068 2058 3120 aedilica-
2087 3054 2134 3115 C

461 3171 596 3223 tam,
622 3169 950 3229 martyrum,
990 3159 1309 3227 pontilicum
1336 3169 1388 3216 et
1439 3169 1748 3213 ascetarnm
1775 3159 2058 3215 laboribus

458 3263 515 3306 et
568 3252 838 3320 sanguine
883 3254 1193 3304 decoratam
1242 3261 1296 3305 et
1345 3251 1600 3306 {amatam
1653 3263 1708 3306 et
1759 3252 2054 3321 perfectam

458 3341 1150 3414 apparentem,Trinitatis
1197 3343 1674 3414 scicntiam‘pure
1735 3344 2050 3407 habentem,

456 3437 734 3490 Christum
768 3438 858 3504 qui
895 3436 1222 3503 praedicatus
1253 3445 1356 3502 est,
1385 3451 1553 3491 unum
1587 3453 1617 3491 e
1660 3436 1933 3491 Triuitate
1964 3439 2052 3490 in-

455 3537 744 3582 earuatum
773 3526 971 3582 Filium
1010 3529 1100 3581 Dei
1131 3544 1254 3581 cum
1289 3528 1450 3583 Petro
1475 3530 1854 3584 confitentem.
1904 3531 2053 3597 Apo-

454 3621 701 3676 stolicam
733 3636 860 3675 vero
891 3631 1148 3691 tanquam
1178 3621 1490 3689 specialiter
1524 3623 1593 3677 ab
1629 3623 1895 3689 apostolis
1938 3623 2050 3676 col-

455 3717 674 3781 lectam,
705 3715 1090 3784 compositam,
1115 3724 1168 3768 et
1189 3717 1485 3780 lirmatam,
1507 3724 1630 3784 post
1648 3714 1925 3770 Christum
1954 3732 2047 3786 ap-

453 3805 765 3877 parentibm
799 3805 933 3874 ipsis
966 3805 1129 3876 hujus
1148 3805 1521 3860 lundamentis
1551 3815 1602 3859 et
1637 3807 2040 3870 conditoribus,

451 3915 518 3952 ex
551 3901 698 3954 omni
736 3900 915 3968 lingua
948 3911 1001 3955 et
1030 3901 1233 3970 populo
1265 3901 1651 3955 universorum
1704 3900 1935 3958 Dmnino
1991 3915 2045 3959 et

452 4007 650 4064 magno
672 3992 908 4055 Pastori,
939 4007 1157 4062 gregem
1189 3992 1655 4072 congregantibus
1699 3995 2036 4064 conjunctim

447 4085 713 4155 apostolis
747 4088 1003 4141 omnibus
1028 4101 1042 4151 ;
1072 4096 1191 4140 Ideo
1212 4099 1340 4140 vera
1361 4085 1598 4139 Ecclesia
1626 4087 1676 4140 in
1699 4096 1811 4144 toto
1834 4091 2039 4146 mundo

445 4179 660 4250 piorum
701 4178 1076 4248 congregatio,
1099 4187 1153 4232 et
1185 4177 1474 4241 catholica,
1507 4178 1748 4235 Ecclesia
1774 4182 2040 4237 orthodo-

447 4288 643 4328 xorum
673 4263 835 4327 ﬁdém
895 4271 1271 4327 conlitentium
1317 4281 1512 4338 coetus,
1562 4273 1685 4328 licet
1731 4279 2032 4330 secundum

450 4368 634 4421 locum
654 4364 911 4420 Ecclesiae
936 4364 1222 4418 catholicae
1242 4367 1490 4434 quaedam
1510 4367 1787 4433 dicantur,
1815 4381 2034 4436 propter

447 4461 636 4512 italum
694 4457 800 4513 illis
849 4473 877 4510 a
930 4455 1189 4511 Patribus
1236 4458 1526 4524 honorem,
1583 4474 1704 4528 quin
1750 4461 1851 4514 hoc
1897 4469 2044 4514 recte

448 4547 788 4612 incedentes,
817 4563 924 4601 non
959 4547 1098 4602 male
1129 4550 1433 4617 cogitantes
1469 4549 1858 4618 possederunt,
1912 4567 2036 4605 cum

448 4643 565 4711 ipse
593 4637 862 4706 Salvator,
893 4638 1036 4694 Petri
1071 4655 1178 4693 non
1207 4641 1577 4709 negationem,
1599 4641 1693 4696 sed
1722 4643 2039 4698 confessio—

447 4749 572 4790 nem
604 4744 813 4805 petram
839 4734 1135 4800 vocaverit,
1164 4735 1376 4788 scilicet
1411 4755 1424 4790 ι
1455 4733 1536 4788 Τιι
1574 4750 1629 4788 es
1680 4733 1922 4790 Christus
1954 4733 2044 4788 ιο.

445 4828 550 4882 lius
592 4825 687 4880 Dei
717 4827 842 4894 vivi,
868 4837 922 4881 et
952 4841 1119 4896 super
1141 4826 1281 4880 hanc
1329 4835 1541 4896 petram
1587 4825 1914 4881 aediﬁcatum
1972 4828 2041 4882 iri

446 4933 603 4975 suam
635 4921 710 4974 ait
733 4919 1060 4975 Ecclesiam.
1090 4917 1327 4998 Proinde
1381 4918 1655 4976 catholica
1684 4919 1928 4975 Ecclesia
1986 4920 2039 4974 hi

445 5021 575 5066 sunt
604 5013 695 5083 qui
723 5021 869 5067 recte
900 5028 1026 5067 cum
1057 5010 1224 5068 Petro
1256 5021 1314 5068 et
1340 5011 1556 5066 caeteris
1594 5011 2039 5080 apostoliscouil-

447 5113 628 5158 tentur
654 5103 975 5173 (Ecclesiam
1005 5104 1161 5176 dicit)
1189 5113 1448 5174 tanquam
1498 5118 1531 5158 ο
1573 5103 1788 5158 cunctis
1825 5107 2039 5175 populis

445 5200 800 5247 convocatam
828 5200 884 5247 et
912 5206 1080 5265 super
1107 5193 1426 5262 angularem
1465 5191 1700 5262 lapidem
1753 5194 2033 5250 Christum

443 5283 864 5351 consolidatam,
895 5282 1068 5340 semel
1095 5283 1199 5354 ipsi
1226 5283 1436 5338 unitam
1460 5293 1515 5340 et
1539 5285 1805 5356 integram
1824 5285 1943 5358 ejus
1969 5289 2033 5342 li-

441 5378 562 5433 dem
584 5383 913 5431 servantem.

2429 1693 2498 1745 Td
2543 1692 2838 1762 λαλῆσαν
2870 1693 2969 1748 διὰ
3006 1693 3124 1747 τῶν
3160 1697 3507 1765 προφητῶν.

2253 1785 2376 1837 Ὅτι
2409 1786 2652 1855 κήρυκες
2679 1787 2773 1840 καὶ
2803 1781 2949 1841 οὗτοι
2980 1789 3245 1858 Χριστοῦ,
3272 1791 3401 1862 θείῳ
3432 1791 3764 1863 κινούμενοι,

2177 1876 2251 1939 ὡς
2269 1879 2510 1945 εἴρηται,
2534 1879 2834 1949 Πνεύματι,
2855 1882 2947 1935 καὶ
2981 1881 3271 1945 λαλοῦντες
3301 1888 3381 1948 εἰς
3413 1885 3561 1954 μίαν,
3579 1888 3770 1955 ἁγίαν,

2175 1972 2471 2043 καθολικὴν
2523 1977 2616 2025 καὶ
2665 1973 3034 2044 ἁποστολικὴν
3080 1976 3438 2048 Ἐκκλησίαν.
3487 1979 3582 2042 Είς
3632 1980 3770 2049 μίαν

2177 2066 2297 2132 μὲν,
2328 2065 2408 2119 ὅτι
2439 2066 2467 2118 6
2499 2066 2662 2128 αὐτλς
2691 2067 2826 2130 Θεὸς
2853 2065 2950 2120 τοῦ
2981 2066 3147 2137 νόμου
3176 2085 3234 2120 τε
3267 2069 3363 2124 καὶ
3389 2071 3485 2140 τῆς
3515 2073 3760 2141 χάριτος,

2175 2159 2269 2211 καὶ
2299 2160 2381 2212 ὅτι
2417 2159 2516 2230 μία
2547 2161 2772 2228 γέγονεν
2805 2161 3052 2230 ἀγγέλων
3084 2180 3143 2215 τε
3173 2165 3268 2216 καὶ
3298 2164 3634 2234 ἀνθρώπων,
3666 2183 3760 2218 τε-

2174 2249 2556 2322 θεμελιωμένη
2601 2254 2698 2307 ἐπὶ
2737 2253 2820 2323 τῷ
2864 2253 3101 2325 θεμελίῳ
3148 2254 3255 2307 τῶν
3303 2257 3617 2311 ἀποστόλων
3663 2257 3760 2311 καὶ

2173 2346 2477 2418 προφητῶν
2499 2361 2512 2378 ·
2544 2349 2638 2400 καὶ
2663 2346 2747 2399 ὅτι
2777 2347 2876 2415 μία
2902 2347 3109 2412 πίστις,
3137 2347 3196 2402 ἓν
3224 2348 3530 2419 βάπτισμα,
3557 2352 3649 2403 καὶ
3676 2347 3758 2416 εἷς

2170 2439 2197 2491 6
2229 2439 2467 2508 Χριστος
2497 2441 2525 2494 6
2555 2439 2760 2509 ταύτην
2791 2429 3156 2509 συναγαγὼν,¹
3183 2441 3212 2498 ὁ
3243 2443 3636 2511 ἅκρογωνιαίος
3667 2446 3752 2498 λί-
3783 2492 3798 2500 η.

2172 2531 2263 2596 θος
2294 2533 2461 2602 αὐτῆς
2492 2532 2587 2585 καὶ
2621 2531 2872 2604 θεμέλιος
2898 2549 2914 2564 ο
2948 2533 3114 2602 ἁγίαν
3141 2535 3200 2588 δὲ
3224 2577 3239 2600 ,
3267 2534 3342 2598 ὠς
3371 2535 3448 2604 τῷ
3479 2537 3757 2601 Πνεὺςιατι

2169 2623 2648 2694 καθηγιασμένην,
2693 2625 2790 2678 καὶ
2825 2624 2904 2696 τῷ
2948 2625 3170 2695 Χριστῷ
3219 2626 3526 2697 ήκωμένην,
3568 2628 3654 2681 διὰ
3696 2646 3756 2682 τε

2170 2714 2554 2784 βαπτίσματος
2585 2716 2682 2770 καὶ
2709 2714 3020 2786 χρίσματος
3041 2756 3056 2782 ,
3091 2717 3394 2788 ἱερωσύνης
3425 2737 3482 2772 τε
3514 2720 3608 2772 καὶ
3636 2733 3754 2773 κοιέ

2169 2808 2365 2870 νωνίας
2395 2809 2490 2861 καὶ
2517 2808 2629 2863 τῶν
2657 2807 2864 2862 λοιπῶν
2899 2811 3250 2880 μυστηρίων,
3283 2810 3514 2865 ἄσπιλον
3545 2805 3714 2866 οὖσαν
3735 2857 3749 2872 .

2167 2900 2264 2953 καὶ
2304 2901 2762 2971 νενυμφευμὲνην
2797 2901 3020 2970 Χριστῷ
3044 2917 3060 2934 ο
3105 2903 3403 2973 καθολικὴν
3436 2905 3529 2970 δὲ,
3563 2905 3638 2968 ὡς
3686 2907 3753 2959 ὲκ

2169 2995 2386 3047 πάντων
2413 2993 2521 3046 τῶν
2547 2993 2718 3046 ἐθνῶν
2744 2992 2820 3062 τῷ
2849 2993 3069 3064 Χριστῷ
3103 2997 3484 3065 συναχθεῖσαν,
3538 3004 3631 3051 καὶ
3655 2999 3752 3068 τὴν

2167 3085 2346 3154 ἀληθῆ
2380 3087 2588 3154 γνῶσιν
2619 3086 3007 3156 πλουτήσασαν
3029 3131 3045 3156 ,
3081 3090 3178 3144 καὶ
3212 3091 3277 3140 ὲκ
3310 3089 3421 3143 τῶν
3457 3092 3752 3161 προφητῶν

2171 3181 2271 3248 μὲν
2306 3171 2868 3248 προθεμελιωθεῖσαν,
2905 3181 2968 3233 ὲκ
3015 3180 3180 3252 310
3205 3182 3315 3236 τῶν
3348 3183 3658 3238 ἀποστόλων
3692 3186 3751 3239 δὲ

2166 3272 2654 3342 οἰκοδομηθεῖσαν.
2713 3273 3015 3343 μαρτύρων
3066 3291 3122 3326 τε
3182 3277 3276 3327 καὶ
3331 3276 3600 3345 ίεραρχῶν
3653 3279 3751 3332 καὶ

2165 3363 2424 3431 ἀσκητῶν
2452 3364 2634 3426 πόνοις
2661 3382 2721 3418 τε
2755 3366 2847 3417 καὶ
2879 3365 3076 3436 αἵμασι
3110 3370 3624 3438 κατακοσμηθεῖσαν
3651 3374 3747 3426 καὶ

2167 3454 2576 3526 πηριχθείσαν,
2609 3458 2705 3510 καὶ
2735 3457 2960 3512 τελείαν
2986 3451 3384 3526 ἀναφανεῖσαν.
3415 3461 3513 3533 τὴν
3541 3463 3745 3531 γνῶσιν

2163 3549 2263 3618 τῆς
2302 3547 2534 3616 Τριάδος
2577 3548 2835 3619 καθαρῶς
2880 3551 3202 3619 ἐσχηκυῖαν,
3238 3553 3330 3605 τὸν
3368 3555 3745 3625 προκηρυττόο

2162 3657 2327 3710 μενον
2364 3640 2602 3710 Χριστὸν
2642 3639 2734 3694 τὸν
2773 3639 2870 3694 ἕνα
2909 3641 3008 3708 τῆς
3050 3643 3279 3712 Τριάδος
3321 3647 3744 3714 σεσαρκωμὲνον

2161 3732 2302 3802 μετὰ
2334 3730 2429 3785 τοῦ
2467 3731 2674 3802 Πέτρου
2716 3733 2844 3786 Υίδν
2875 3732 3011 3788 Θεοῦ
3047 3735 3533 3804 καθομολογοῦσαν
3557 3753 3571 3767 ο
3606 3739 3742 3790 timo—

2156 3825 2415 3896 στολικὴν
2459 3825 2539 3888 δὲ,
2585 3826 2660 3889 ὡς
2706 3824 3004 3894 ἐξαιρέτως
3049 3828 3180 3896 παρ’
3208 3828 3391 3880 αὐτῶν
3434 3830 3529 3882 καὶ
3574 3846 3737 3882 συνα-

2155 3917 2504 3988 θροισθεῖσαν
2547 3918 2643 3970 καὶ
2689 3920 2967 3973 συστᾶσαν
3011 3921 3105 3972 καὶ
3148 3921 3556 3990 στηριχθεῖσαν,
3597 3922 3738 3991 μετὰ

2151 4011 2387 4081 Χριστὸν
2423 4010 2690 4079 θεμελίων
2724 4011 2907 4064 αὐτῶν
2939 4011 3108 4081 αὐτῆς
3143 4014 3238 4065 καὶ
3271 4015 3569 4083 οἰκοδόμων
3606 4016 3736 4068 ἀνα-

2151 4104 2450 4173 φανέντων,
2479 4105 2543 4157 ἐκ
2575 4103 2764 4160 πασῶν
2791 4103 3055 4170 γλωσσῶν
3084 4107 3179 4156 καὶ
3211 4106 3428 4158 πάντων
3461 4102 3632 4160 ἐθνῶν
3657 4107 3733 4178 τῷ

2151 4198 2400 4268 Δεσπότῃ
2440 4199 2554 4250 τῶν
2596 4197 2755 4260 ὅλων,
2804 4198 2898 4251 κα)⁸
2944 4198 3168 4269 μεγάλῳ
3203 4200 3452 4269 Ποιμένι,
3498 4203 3738 4269 ποίμνην

2149 4290 2574 4357 συναγαγόντων
2602 4291 2710 4343 τῶν
2739 4290 3055 4344 ἀποστόλων
3087 4291 3308 4346 πάντων
3339 4291 3498 4362 ὁμοῦ,
3529 4293 3608 4346 διδ
3636 4295 3735 4350 καὶ

2146 4381 2357 4451 ἀληθὴς
2398 4383 2698 4454 Ἐκκλησία
2742 4383 2776 4453 ἡ
2819 4385 2878 4435 ὲν
2920 4383 3026 4454 ὅλῳ
3070 4385 3148 4454 τῷ
3193 4387 3386 4455 κόσμῳ
3429 4387 3538 4438 τῶν
3579 4389 3736 4440 εὐσε-

2146 4475 2384 4528 ϐούντων
2412 4475 2761 4542 συνάθροισις
2785 4491 2798 4504 ⁶
2827 4476 2921 4530 καὶ
2947 4476 3212 4548 καθολικὴ
3241 4478 3536 4548 Ἐκκλησία
3564 4480 3596 4547 ἡ
3623 4479 3734 4532 τῶν

2141 4566 2440 4635 ὁρθοδόξων
2466 4567 2873 4638 ὁμολογούντων
2897 4569 2997 4639 τὴν
3025 4572 3208 4623 πίστιν
3234 4571 3528 4640 ὁμήγυρις,
3556 4572 3603 4622 εί
3629 4576 3722 4624 καὶ

2145 4659 2288 4710 κατὰ
2319 4661 2484 4711 τόπον
2519 4658 2808 4729 ἐκκλησίαι
2843 4660 3132 4715 καθολικαί
3163 4681 3308 4728 τινες
3340 4665 3593 4734 λέγονται
3626 4667 3712 4719 διὰ

2143 4748 2240 4816 τὴν
2275 4747 2568 4819 δεδομένην
2605 4751 2797 4813 αὑταῖς
2844 4754 2908 4804 ὲκ
2943 4753 3052 4806 τῶν
3092 4756 3351 4825 Πατέρων
3386 4760 3574 4827 τιμήν.
3612 4759 3723 4810 Καὶ

2142 4841 2304 4896 αὐταὶ
2345 4841 2400 4894 δὲ
2438 4841 2600 4896 τοῦτο
2644 4841 3046 4914 ὀρθοτομοῦσαι
3085 4847 3418 4916 κέκτηνται,
3456 4849 3518 4900 οὐ
3563 4864 3722 4902 κακο-

2147 4931 2474 5002 φρονοῦσαι·
2505 4933 2629 4985 ἐπεὶ
2662 4933 2755 4986 καὶ
2789 4933 2954 4997 αὐτὸς
2981 4934 3010 4986 6
3038 4934 3229 5005 Σωτὴρ
3255 4937 3316 4987 οὐ
3346 4937 3445 5004 τὴν
3471 4937 3720 5008 ἄρνησιν,

2144 5022 2278 5074 ἀλλὰ
2304 5023 2402 5091 τὴν
2427 5022 2720 5090 ὁμολογίαν
2744 5022 2838 5076 τοῦ
2871 5024 3076 5097 Πέτρου
3104 5026 3308 5096 πέτραν
3332 5025 3606 5096 ὠνόμασε,
3633 5027 3718 5090 τὸ,

2141 5113 2226 5168 Σὺ
2254 5110 2309 5168 εἶ
2337 5117 2370 5168 ὀ
2400 5115 2656 5183 Χριστὸς
2687 5117 2720 5170 ὀ
2748 5117 2880 5181 Υἱὸς
2906 5116 3012 5171 τοῦ
3045 5118 3194 5172 Θεοῦ
3223 5119 3328 5172 τοῦ
3357 5119 3594 5184 ζῶντος,
3625 5119 3718 5172 καὶ

2136 5209 2230 5260 ἐπὶ
2264 5207 2437 5278 ταύτῃ
2470 5211 2536 5278 τῇ
2578 5209 2758 5278 πέτρα
2798 5209 3228 5280 οἰκοδομηθῆναι
3271 5213 3437 5266 αὑτοῦ
3479 5194 3717 5283 ἔφητὴν

2152 5297 2503 5367 Ἐκκλησίαν.
2542 5300 2706 5352 Ὥστε
2759 5299 3022 5372 καθολικὴ
3073 5303 3370 5371 Ἐκκλησία
3424 5305 3473 5357 oi
3525 5303 3717 5373 ὁμολο-

2141 5385 2364 5452 γοῦντες
2414 5388 2577 5440 αὐτὸν
2623 5389 2764 5458 μετὰ
2811 5387 2906 5446 τοῦ
2957 5391 3166 5462 Πέτρου
3221 5397 3310 5447 καὶ
3360 5394 3468 5448 τῶν
3513 5394 3718 5448 λοιπῶν

441 5470 757 5524 ἀποστόλων
786 5467 988 5542 ὀρθῶς.
1027 5467 1363 5541 Ἐκκλησίαν
1394 5471 1566 5541 λέγει,
1601 5475 1676 5537 ὡς
1708 5475 1772 5528 ὲκ
1803 5475 2027 5531 πάντων
2060 5478 2172 5532 τῶν
2208 5480 2380 5534 ἐθνῶν
2445 5483 2843 5554 συναχθεῖσαν,
2898 5487 2990 5540 καὶ
3029 5488 3103 5548 ὡς
3143 5490 3564 5562 συντεθειμένην
3621 5492 3717 5548 ἐπὶ

440 5567 518 5638 τῷ
548 5567 940 5638 ἀκρογωνιαίῳ
969 5563 1106 5638 λίθῳ
1137 5567 1386 5641 Χριστῷ,
1418 5572 1890 5645 ἡνωμένηνιαύτῴ
1922 5576 2201 5643 καθάπαξ,
2233 5579 2326 5633 καὶ
2354 5581 2514 5650 ἀσινῆ
2547 5583 2739 5635 τούτου
2767 5583 2870 5654 τὴν
2902 5584 3088 5637 πίστιν
3120 5585 3520 5655 φυλάττουσαν.

438 5659 706 5726 Conﬁteor
725 5673 890 5713 unum
913 5657 1178 5728 baptisma
1196 5662 1251 5716 in
1288 5665 1647 5720 remissionem
1661 5678 2022 5733 peccatorum.

506 5750 787 5808 Bonorum
839 5752 1177 5822 maximum;
1234 5772 1341 5810 non
1405 5760 1551 5814 enim
1587 5758 1777 5829 legalis
1815 5760 2026 5816 ablutio

351 5844 366 5857 '
443 5843 718 5914 qumtlam,
752 5857 860 5899 non
925 5849 1130 5906 oblatio
1169 5850 1446 5910 sensibilis
1501 5862 1593 5909 aut
1628 5853 1846 5910 victima
1907 5870 2026 5925 quae

2209 5671 2490 5742 Ομολογῶ
2519 5673 2589 5726 ἓν
2612 5673 2938 5746 βάπτισμα
2967 5678 3055 5743 εἰς
3083 5675 3308 5745 ἄφεσιν
3337 5677 3646 5747 ἁμαρτιῶν.

2203 5766 2316 5818 Καὶ
2350 5766 2508 5820 τοῦτο
2539 5767 2648 5820 τῶν
2681 5768 3032 5838 δωρημάτων
3065 5769 3125 5820 τὸ
3175 5769 3430 5837 μέγιστον
3457 5785 3469 5798 ·
3504 5773 3564 5822 ’,ὑ
3606 5789 3716 5842 γαρ

2135 5859 2330 5928 νομική
2381 5877 2458 5922 τις
2506 5859 2802 5924 ἕκπλυσις,
2843 5857 2961 5911 οὐδὲ
3005 5858 3234 5930 λατρεία
3279 5861 3507 5930 αἰσθητὴ
3544 5861 3575 5928 ἢ
3615 5861 3710 5914 θυ-
