4056 6414
233 489 266 548 8
282 490 348 550 ΓΤ

1304 484 1720 546 EXPOSITIO
1755 484 2087 544 SYM'BOLI
2133 484 2450 545 ALTERA.

3404 477 3516 542 818

238 603 325 655 ω’.
368 601 522 653 Κατά
570 601 885 670 Βογομίλων
923 602 1017 655 καὶ
1053 602 1270 655 πάντων
1308 602 1521 656 ἀσεϐῶν
1544 643 1557 664 ,
1595 601 1702 653 τῶν
1742 600 1815 670 μὴ

1931 598 2017 654 19.
2052 600 2332 654 Adversus
2362 598 2673 667 Bogomilos
2714 605 2768 653 et
2797 612 2988 652 omnes
3022 597 3218 667 impios
3255 606 3519 666 negantes

326 694 546 760 δεχομέι.
560 710 635 744 ων
668 696 727 745 me
756 694 1041 763 βάπτισμα
1070 693 1103 764 ἢ
1138 693 1432 763 ἀδιάφορον
1462 693 1718 763 ἐχόντων.

281 779 588 850 Ὀμολογῶ
620 772 689 833 ἓν
712 782 1032 851 βάπτισμα
1062 785 1147 848 εὶς
1179 782 1403 848 ἄφεσιν
1432 781 1756 851 ἁμαρτιῶν.

306 874 581 927 Παύλουτ
627 872 1002 943 Ὠμολόγησας
1026 877 1125 944 τὴν
1146 874 1319 945 καλὴν
1342 874 1657 945 ὁμολογίαν.
1687 874 1815 941 Καὶ,

231 968 446 1036 Καρδίᾳ
484 968 583 1035 μὲν
620 966 1044 1030 πιστεύεταιεξς
1078 968 1463 1037 δικαιοσύνην,
1500 967 1729 1037 στόματι
1763 967 1820 1020 δὲ

230 1059 581 1126 ὁμολογεῖται
612 1061 689 1121 εἰς
724 1060 1024 1128 σωτηρίαν.
1050 1055 1141 1120 Εἷς
1170 1058 1396 1128 Κύριος,
1420 1057 1516 1127 μία
1538 1059 1742 1121 πίστις,
1762 1056 1820 1110 ἓν

233 1152 544 1224 βάπτισμα.
573 1150 935 1217 Βαπτίζοντες
956 1153 1152 1215 αὐτοὺς
1171 1153 1251 1215 εἰς
1272 1153 1469 1219 ἄφεσιν
1502 1151 1814 1220 ἁμαρτιῶν.

230 1277 300 1286 —
328 1246 732 1313 Εὐαγγελλίου·
758 1246 1123 1309 Βαπτξζοντες
1167 1247 1364 1307 αὐτοὺς
1418 1247 1499 1306 εἰς
1542 1245 1603 1297 τὸ
1646 1244 1818 1313 ὄνομα

230 1339 325 1392 τοῦ
363 1341 589 1407 ΙΙατρὸς,
612 1339 708 1390 καὶ
736 1336 831 1391 τοῦ
853 1338 1007 1400 Υἰοῦ,
1029 1338 1121 1391 καὶ
1149 1337 1243 1391 τοῦ
1282 1338 1438 1406 ἁγίου
1474 1334 1814 1405 Πνεύματος.

229 1429 300 1485 κ’.
338 1431 495 1483 Κατᾶ
532 1432 804 1499 Ἑλλήνων
835 1433 926 1485 καὶ
962 1429 1303 1500 Ὠριγένους,
1335 1429 1436 1499 τὴν
1465 1429 1574 1481 τῶν
1606 1430 1818 1500 νεκρῶν

301 1525 600 1577 ἀνάστασιν
640 1524 1016 1587 ἀθετοῦντων,
1055 1524 1131 1586 ὡς
1167 1523 1419 1575 ἐντεῦθεν
1458 1522 1552 1575 καὶ
1586 1520 1683 1592 τὴν
1722 1521 1817 1575 τοῦ

303 1618 554 1687 Σωτῆρος
583 1618 739 1686 ἡμῶν
773 1615 949 1686 Ἰησοῦ
984 1616 1248 1686 Χριστοῦ.

534 1702 860 1771 Προσδοκῶ
892 1703 1235 1757 ἀνάστασιν
1268 1702 1519 1773 νεκρῶν.

304 1795 583 1862 Πριὶξεων
610 1812 622 1825 ·
661 1796 797 1865 Περὶ
834 1795 1050 1859 ἐλπίδος
1083 1796 1177 1849 καὶ
1210 1796 1567 1861 ἀναστάσεως
1606 1800 1818 1868 νεκρῶν

234 1888 343 1955 ἐγὼ
383 1888 663 1957 κρίνομαι.
692 1888 1058 1942 -Ἢσαΐου’
1094 1888 1517 1959 Ἀναστήσονται
1539 1892 1587 1942 οἱ
1607 1891 1813 1960 νεκροὶ,

230 1981 323 2031 καὶ
372 1980 767 2049 ἐγερθήσονται
785 1980 835 2030 οι
877 1981 935 2031 ὲν
964 1983 1073 2042 τοῖς
1098 1983 1412 2052 μνημείοις.
1442 2013 1508 2025 —-
1528 1986 1775 2036 Παύλου
1800 2000 1815 2014 ο

242 2069 307 2121 Ἦ
344 2072 451 2139 γὰρ
486 2069 901 2140 ἀποκαραδοκία
936 2068 1035 2138 τῆς
1072 2070 1306 2133 κτίσεως
1338 2070 1439 2142 τὴν
1474 2072 1821 2141 ἀποκάλυψιν

229 2165 336 2215 τῶν
356 2163 487 2215 υἱῶν
504 2162 595 2215 τοῦ
616 2162 749 2214 Θεοῦ
768 2162 1227 2232 ἀπεκδέχεται.-
1244 2166 1619 2235 Εὐαγγελιόυ
1642 2180 1655 2194 ·
1687 2165 1819 2218 Ὅτε

229 2257 279 2307 οἱ
324 2255 508 2323 νεκροὶ
548 2253 877 2307 ἀκούσονται
917 2254 1017 2324 τῆς
1063 2257 1247 2327 φωνῆς
1292 2257 1386 2310 τοῦ
1434 2256 1590 2320 Θεοῦ,
1632 2258 1729 2310 καὶ
1770 2259 1819 2311 οἱ

233 2346 587 2412 ἀκούσαντες,
622 2346 903 2415 ζήσονται.

230 2438 397 2508 319
420 2438 524 2507 κβ’.
548 2438 702 2490 Κατὰ
720 2438 1025 2508 Ὠριγένους
1051 2440 1144 2491 καὶ⁸
1166 2439 1342 2505 τοῦτο,
1364 2440 1649 2494 ἀλλοίωσιν
1665 2442 1721 2493 ἐν
1740 2442 1819 2512 τῷ

310 2530 557 2597 μέλλοντι
580 2530 897 2599 ληροῦντος,
931 2532 1026 2582 καὶ
1054 2533 1208 2594 τέλος
1237 2531 1509 2595 κολάσεως
1543 2533 1816 2600 λέγοντος.

344 2622 448 2674 Kal
483 2619 639 2688 ζωὴν
688 2621 796 2675 τοῦ
831 2621 1169 2688 μέλλοντος
1213 2620 1452 2688 αἰῶνος.
1502 2623 1708 2692 Ἀμήν.

308 2713 683 2783 Εὑαγγελίου
713 2729 727 2743 ’
776 2714 835 2767 Ὀ
892 2716 1068 2783 μισῶν
1104 2718 1203 2786 τὴν
1233 2715 1412 2784 ψυχὴν
1443 2714 1608 2768 αὑτοῦ
1648 2720 1706 2770 ὲν
1740 2717 1819 2787 τῷ

234 2811 422 2878 κόσμῳ
473 2808 676 2877 τούτῳ,
711 2807 794 2869 εἰς
845 2807 994 2876 ζωὴν
1058 2808 1277 2861 αἰώνιον
1339 2808 1563 2876 φυλάξει
1623 2809 1814 2877 αὑτήν.

231 2932 301 2945 .-
322 2899 624 2967 Πρὰξεωινο
646 2898 1043 2969 Διαλεγομένου
1062 2900 1117 2951 δὲ
1140 2899 1305 2952 αὑτοῦ
1330 2902 1458 2969 περὶ
1473 2900 1818 2971 δικαιοσύνης

230 2997 329 3046 καὶ
380 2992 715 3063 ἐγκρατείας
765 2995 861 3044 καὶ
908 2992 995 3044 τοῦ
1052 2993 1323 3062 κρίματος
1376 2992 1470 3046 τοῦ
1528 2992 1817 3061 μέλλοντος

233 3087 476 3138 ἔσεσθαι.
513 3113 584 3124 --
627 3084 890 3141 Ἡσαΐου·
932 3084 1119 3154 Πατὴρ
1151 3085 1245 3137 τοῦ
1287 3084 1568 3153 μέλλοντος
1598 3085 1820 3147 αἰῶνος.

232 3207 305 3216 --
331 3174 729 3242 ιέὺαγγελίου·
773 3171 917 3240 Ἐγὼ
944 3170 1046 3238 ζῶ,
1070 3175 1166 3226 καὶ
1191 3177 1218 3226 ὁ
1252 3173 1480 3243 τρώγων
1505 3193 1570 3246 με
1593 3176 1819 3245 ζήσεται

2134 693 2403 761 baptisma
2437 701 2531 746 aut
2564 692 2693 746 illud
2734 692 3046 761 iudicantes
3084 692 3299 746 inutile.

1926 779 2194 848 Conﬁteor
2219 799 2381 835 unum
2405 782 2668 852 baptisma
2688 785 2742 836 in
2769 785 3133 837 remissionem
3154 794 3515 852 peccatorum.

2004 874 2168 929 Pauli
2197 890 2214 930 :
2246 875 2548 932 Confessus
2602 877 2803 931 bonam
2834 876 3266 933 confessionem
3289 878 3356 935 ³³.
3392 878 3459 933 Ει
3499 893 3515 932 :

1924 964 2103 1019 Corde
2151 966 2302 1020 enim
2341 968 2585 1021 creditur
2615 967 2681 1021 ad
2720 967 3013 1037 justitiam,
3048 982 3143 1022 ore
3178 979 3356 1021 autem
3388 982 3520 1022 con-

1924 1054 2095 1111 fessio
2124 1056 2183 1111 (it
2212 1057 2278 1110 ad
2325 1058 2558 1113 salutem
2584 1059 2651 1112 ³³.
2712 1059 2869 1115 Unus
2898 1059 3185 1124 Dominus,
3219 1076 3325 1114 una
3359 1060 3517 1126 lides,

1923 1163 2094 1203 unum
2121 1149 2392 1219 baptisma
2428 1151 2494 1206 ³⁸.
2528 1151 2874 1221 Baptizantes
2908 1168 3004 1207 eos
3040 1153 3095 1206 in
3134 1152 3519 1209 remissionem
3558 1141 3589 1153 ”

1924 1252 2273 1311 peccatorum
2307 1244 2373 1297 ³⁸.
2426 1274 2497 1284 —
2546 1245 2880 1315 Evangelii:
2912 1246 3265 1315 Baptizantes
3314 1262 3411 1303 eos
3464 1249 3516 1302 in

1923 1334 2145 1387 nomine
2174 1332 2386 1399 Patris,
2411 1344 2466 1389 et
2502 1333 2649 1400 Filii,
2692 1343 2746 1388 ct
2773 1333 3015 1404 Spiritus
3044 1336 3221 1391 sancti
3251 1336 3314 1389 "'.

1920 1422 2011 1477 20.
2056 1422 2263 1479 Contra
2318 1424 2538 1480 Grazcos
2602 1433 2655 1480 et
2708 1427 2998 1497 Origenem
3054 1428 3515 1481 resurrectionem

1994 1527 2339 1573 mortuorum
2393 1518 2711 1588 rejicientes
2764 1526 2820 1574 et
2877 1528 3284 1589 consequenter
3338 1520 3516 1590 ipsam

2003 1611 2467 1665 resurrectionem
2520 1608 2828 1666 Salvatoris
2880 1610 3057 1666 nostri
3108 1608 3237 1666 Jesu
3285 1611 3514 1666 Christi.

2138 1701 2405 1774 Exspecto
2462 1705 2902 1759 resurrectionem
2946 1713 3302 1759 mortuorum.

1993 1794 2300 1849 Actorum:
2347 1794 2421 1849 De
2466 1810 2563 1866 spe
2608 1804 2662 1852 et
2718 1796 3126 1851 resurrectione
3171 1804 3515 1851 mortuorum

1921 1900 2021 1955 ego
2071 1886 2385 1955 judicor“.
2437 1918 2509 1928 —
2561 1886 3106 1957 Ιδαὶωεῐίοευηζιιηι
3172 1890 3398 1953 mortui,
3461 1897 3519 1943 et

1925 1988 2153 2044 surgent
2183 1980 2277 2046 qui
2329 1979 2385 2033 in
2442 1980 2815 2036 monumentis
2850 1991 3001 2036 sunt.
3031 2010 3099 2020 —
3136 1980 3299 2035 Pauli
3328 1998 3345 2035 :
3378 1981 3515 2035 Nam

1927 2072 2271 2141 exspectatio
2328 2082 2596 2127 creaturae
2665 2072 3055 2128 revelationcm
3118 2072 3355 2127 liliorum
3422 2071 3517 2128 Dei

1924 2171 2211 2233 exspectat
2237 2162 2303 2216 ”.
2352 2190 2421 2201 ——
2475 2161 2753 2232 Evangelii
2795 2161 2985 2228 :Quia
3046 2162 3247 2216 mortui
3295 2163 3520 2218 audient

1924 2270 2117 2310 vocem
2155 2253 2275 2309 Filii
2312 2254 2405 2309 Dei
2442 2265 2496 2310 et
2527 2255 2620 2325 qui
2657 2255 2961 2322 audierint,
2994 2255 3267 2312 vivent“.

1922 2440 2015 2495 21.
2042 2440 2325 2495 Adversus
2356 2437 2650 2507 Origenem
2689 2436 2912 2498 iterum,
2938 2437 3029 2506 qui
3059 2437 3219 2491 docet
3256 2436 3519 2491 mutatio-

1994 2548 2118 2587 nem
2142 2531 2261 2586 fore
2285 2531 2338 2585 in
2366 2531 2473 2584 vita
2505 2529 2709 2598 futura,
2732 2540 2784 2584 et
2808 2544 3000 2598 pmnas
3022 2530 3183 2583 ﬁnem
3212 2529 3513 2585 habituras.

2238 2624 2302 2678 Et
2337 2626 2499 2678 vitam
2535 2624 2743 2679 venturi
2776 2624 2981 2678 saewli.
3024 2623 3215 2677 Amen.

1995 2715 2307 2785 Evangelii:
2340 2714 2443 2780 Qui
2470 2716 2583 2770 odit
2618 2715 2855 2768 animam
2878 2730 3035 2769 suam
3066 2716 3118 2769 in
3154 2718 3257 2771 hoc
3288 2717 3513 2782 mundo,

1922 2808 1977 2862 in
2014 2809 2180 2862 vitam
2216 2818 2479 2861 aeternam
2530 2807 2770 2861 custodit
2812 2822 2935 2861 eam
2966 2807 3033 2861 ιι.
3082 2837 3154 2847 -
3206 2808 3457 2862 Actorum
3493 2823 3511 2861 :

1922 2899 2252 2970 Disputante
2278 2907 2461 2953 autem
2499 2899 2592 2953 illo
2624 2898 2692 2954 de
2721 2899 2937 2968 justitia
2980 2908 3034 2954 et
3069 2899 3136 2952 de
3170 2900 3426 2954 castitate
3459 2909 3515 2953 et

1922 2993 1991 3049 de
2039 2991 2250 3063 judicio
2302 2991 2490 3045 futuro
2518 2992 2586 3049 δ’.
2619 3022 2689 3033 -
2716 2990 2880 3047 Isaia:
2913 3007 2930 3047 :
2986 2991 3148 3047 Pater
3188 2992 3357 3046 futuri
3412 3007 3515 3046 sa:-

1932 3086 2045 3140 culi
2079 3085 2147 3139 “.
2198 3068 2269 3123 έ-
2304 3084 2621 3154 anugelli:
2650 3082 2764 3154 Ego
2809 3086 2958 3147 viro,
2984 3094 3039 3138 et
3072 3084 3165 3154 qui
3221 3085 3515 3138 manducat

1925 3194 2014 3235 me
2065 3178 2208 3233 vivet
2262 3184 2487 3248 propter
2524 3194 2610 3233 me
2636 3177 2704 3233 ⁸⁸.
2738 3176 2802 3232 Et
2832 3194 2845 3231 :
2880 3178 2993 3248 Ego
3029 3194 3147 3233 sum
3181 3177 3515 3233 resurrectio

228 3267 298 3320 δι’
331 3267 451 3335 ἐμέ.
475 3266 603 3333 Καὶ,
633 3263 779 3333 Ἐγώ
808 3267 926 3333 εἰμι
959 3266 992 3335 ἡ
1019 3267 1320 3328 ἀνάστασις
1340 3268 1431 3321 καὶ
1461 3270 1495 3338 ὴ
1523 3269 1659 3339 ζωή.
1691 3272 1817 3336 Καὶ,

1931 3283 1985 3327 ct
2019 3270 2131 3325 vita
2157 3270 2227 3323 ⁸⁵.
2282 3269 2348 3322 Ει
2387 3287 2401 3323 :
2462 3268 2621 3325 Ibunt
2672 3272 2725 3324 hi
2768 3270 2823 3324 in
2861 3270 3191 3340 supplicium
3224 3280 3512 3334 mternnm,

231 3360 653 3414 Ἀπελεύσονται
681 3349 831 3411 οὗτοι
861 3361 941 3420 εἰς
976 3359 1198 3414 κόλασιν
1258 3360 1499 3428 αἰώνιον,
1541 3364 1590 3415 οἱ
1661 3363 1719 3415 δὲ
1743 3363 1823 3416 δὶ-

231 3468 378 3504 καιοι
405 3451 482 3512 εἰς
511 3447 657 3519 ζωὴν
694 3446 940 3504 αἰώνιον.
997 3449 1197 3520 Ἀμήν.

308 3635 579 3693 ⁸³⁵1Τί111.
629 3655 704 3705 VI,
736 3639 824 3693 12.
904 3639 948 3671 ³¹⁵
983 3637 1145 3691 Rom.
1190 3618 1337 3700 x,l0.
1416 3637 1460 3669 ⁸⁵
1513 3635 1716 3704 Ephcs.
1772 3652 1817 3690 IV

312 3710 480 3779 Itt,_6.
561 3711 611 3779 '{
640 3710 797 3765 Rom.
824 3725 941 3769 VIII,
974 3708 1061 3765 19.
1139 3710 1183 3740 ³ο
1213 3710 1374 3764 Joan.
1398 3722 1451 3767 ν,
1485 3706 1579 3779 9-5.
1658 3706 1702 3738 ⁸⁸
1724 3707 1817 3762 Jou

1931 3675 1939 3691 .
2014 3642 2058 3673 ⁸⁸
2114 3638 2247 3696 Luc.
2310 3656 2393 3706 ιιι,
2436 3642 2489 3695 3.
2569 3640 2616 3673 "
2661 3638 2858 3693 Matth.
2924 3634 3203 3702 xxvm,f9

1931 3723 2021 3779 tu,
2056 3711 2147 3767 25.
2228 3713 2272 3744 δ’
2301 3711 2425 3768 Act.
2450 3726 2599 3778 xxw,
2624 3710 2716 3766 25.
2793 3708 2840 3745 ι³
2864 3706 2971 3763 lsa.
3015 3723 3090 3773 Ix,
3124 3710 3155 3761 6
3190 3747 3203 3762 .

232 3722 392 3767 mn,
428 3710 480 3761 6.
561 3711 604 3741 ³⁸
640 3710 797 3765 Rom.
824 3725 941 3769 vm.
974 3708 1061 3765 19.
1139 3710 1183 3740 ³ο
1213 3710 1374 3764 Joan.
1398 3722 1451 3767 ν,
1485 3706 1578 3762 9.5.

230 3793 308 3843 τι,
364 3777 452 3833 58.
528 3777 743 3835 M’.loan.
770 3795 848 3844 χι,
876 3780 967 3835 ‘25.
1046 3780 1091 3812 “
1125 3779 1317 3836 Matth.
1348 3792 1474 3843 xxv,
1518 3777 1608 3832 46.

1924 3365 2058 3436 justi
2096 3374 2281 3419 autem
2337 3365 2389 3417 in
2437 3364 2606 3419 vitam
2655 3372 2918 3419 αξιοι-ηοω
2941 3366 3007 3417 ⁸⁸.
3056 3368 3251 3417 Amen.

2569 3640 2616 3673 "
2661 3638 2858 3693 Matth.
2924 3652 3112 3702 xxvm,
3144 3634 3229 3692 f9.
3307 3634 3353 3668 ⁸⁸
3382 3632 3511 3689 Act.

2569 3710 2716 3761 r.25.
2793 3706 2971 3761 "lsa.
3015 3723 3090 3761 Ix.
3124 3710 3155 3761 6
3190 3747 3203 3761 .
3287 3700 3515 3761 “loco.
