4056 6418
355 393 450 479 8’1

1509 413 1876 475 AliTlCULi
1921 416 2034 475 XII
2089 418 2184 477 DE
2232 418 2434 478 FIDE.

3510 417 3615 481 822

350 533 543 596 διπλῆν
566 528 663 597 τήν
698 524 907 594 Τριάδα
939 527 1052 594 ἔχει
1085 525 1189 578 τῶν
1229 525 1564 592 κεφαλαίων.
1601 526 1722 578 Ἔτι
1753 525 1810 579 δὲ
1835 528 1929 580 καὶ

2044 536 2135 590 :st,
2169 526 2364 595 duplex
2422 527 2658 596 capitum
2705 526 2839 580 trias
2901 526 3002 596 ipsi
3066 526 3373 580 dedicatur.
3408 524 3612 581 Tribus

350 626 476 690 τρ⁷α
527 619 796 686 κεφάλαια
832 618 959 687 περὶ
993 618 1087 685 τῆς
1119 615 1432 678 συντελείας
1476 617 1618 668 εἰσὶν
1650 617 1729 678 είς
1758 616 1928 685 τιμὴν

354 718 448 768 καὶ
481 714 655 766 ταῦτα
707 713 806 781 τῆς
861 713 1098 782 ἀνάρχου
1147 711 1468 780 Τριάδος,ἥ
1516 711 1695 763 πάντα
1745 713 1809 763 ὲκ
1858 709 1932 780 μὴ

353 811 524 860 ὄντων
561 807 861 876 ποιήσασα,
889 805 1108 872 ἁγαθῶς
1143 805 1360 873 συνέχει
1395 807 1490 856 καί⁵
1533 803 1708 866 καλῶς
1739 804 1931 855 διακυ-

352 899 539 968 ϐερνᾷ.

425 990 535 1042 Καὶ
578 991 796 1060 πρῶτον
847 991 947 1060 μὲν
999 990 1106 1042 τῶν
1175 989 1511 1058 κεφαλαίων,
1594 991 1675 1042 ὅτι
1745 987 1802 1039 ἒν
1859 985 1920 1038 τὸ

355 1085 497 1137 θεῖον
531 1088 595 1153 τῇ
627 1083 808 1153 φύσει,
837 1089 929 1136 καὶ
981 1085 1041 1136 οὐ
1096 1084 1285 1146 πολλὰ,
1338 1083 1434 1135 καὶ
1487 1082 1542 1133 ἓν
1601 1083 1666 1151 τῇ
1702 1079 1930 1149 δυνάμει

357 1181 452 1230 καὶ
481 1179 624 1248 ἀρχῇ
671 1179 765 1230 καὶ
800 1176 1243 1246 παντοκρατορίᾳ
1279 1177 1372 1227 καὶ
1409 1175 1717 1245 κυριότητι.

423 1357 686 1426 Δεύτερον
729 1357 908 1420 δὲ,ὃτι
959 1356 1086 1424 τρία
1131 1354 1290 1408 τοῦτο
1341 1352 1400 1406 τὸ
1445 1355 1609 1417 θεῖον,
1632 1369 1723 1405 και
1755 1351 1851 1420 οὐχ
1875 1352 1932 1405 ἓν

356 1451 666 1517 πρόσωπον,
682 1451 729 1500 εἰ
755 1449 843 1501 καὶ
860 1448 916 1500 ἓν
934 1448 1029 1500 καὶ
1046 1447 1352 1516 ἀδιαίρετον
1367 1448 1432 1515 τῇ
1451 1445 1687 1515 Θεότητι,
1707 1445 1804 1498 καὶ
1823 1445 1933 1496 τῶν

353 1543 520 1607 τριῶν
546 1539 856 1610 προσώπων
888 1541 922 1610 ἢ
958 1539 1310 1593 ὑποστάσεων
1342 1539 1515 1591 εἰπεῖν
1542 1537 1575 1608 ἢ
1616 1537 1929 1604 ίδιοτήτων,

352 1631 413 1685 οὐ
455 1633 615 1685 πλέον
661 1633 796 1696 ὅλως
831 1633 965 1686 ἐστί.
1015 1633 1138 1686 Τῶν
1188 1631 1357 1702 τριῶν
1406 1631 1463 1684 δὲ
1499 1630 1705 1684 τούτων
1734 1630 1794 1684 τδ
1825 1628 1928 1700 μὲν

355 1729 670 1796 ἀγέννητον,
704 1727 948 1780 ἀναίτιον
994 1725 1102 1796 γὰρ
1133 1725 1228 1778 καὶ
1256 1725 1356 1777 οὐκ
1407 1724 1471 1778 ἐκ
1510 1741 1680 1787 τινος,
1726 1723 1839 1776 τῶν
1871 1723 1930 1789 ἐξ

358 1821 522 1875 αὐτοῦ
569 1821 624 1872 δὲ
652 1820 828 1872 αἴτιον
866 1817 1052 1885 μόνον,
1093 1816 1338 1886 ἀχρὸνως
1371 1817 1467 1868 καὶ
1495 1815 1748 1877 ἀπαθῶςο
1779 1813 1841 1868 τὸ
1872 1813 1930 1867 δὲ

2036 617 2275 685 denique
2315 626 2480 670 totum
2503 617 2806 672 absolvitur
2830 609 3096 687 capitibus
3122 619 3175 672 in
3211 618 3471 672 honorem
3501 619 3618 672 Tri-

2038 710 2226 762 nitatis
2277 709 2484 776 absque
2543 710 2834 778 principio,
2905 727 3026 780 quae
3094 711 3276 764 omnia
3336 728 3397 764 cx
3443 711 3614 765 nihilo

2036 796 2259 860 creavit,
2283 797 2593 868 optimeque
2624 800 2807 852 omnia
2854 809 3142 855 conservat
3182 810 3234 855 et
3265 799 3491 870 pulchre
3516 816 3618 871 gn:

2039 888 2256 942 beruat.

2107 981 2344 1034 Primum
2386 980 2604 1050 quidem
2629 989 2808 1050 caput,
2844 981 2968 1051 qu?a
3001 996 3107 1036 una
3161 989 3245 1037 est
3273 983 3533 1036 Divinitas
3559 983 3612 1036 in

2037 1073 2275 1142 (natura)
2342 1074 2675 1138 substantia,
2712 1087 2819 1127 non
2873 1081 3055 1127 autem
3113 1072 3390 1143 multiplex
3427 1084 3478 1127 et
3504 1091 3610 1128 una

2041 1163 2143 1234 (in)
2173 1165 2395 1230 virtute,
2447 1165 2801 1232 auctoritate,
2850 1164 3241 1232 omnipotentia
3291 1166 3615 1221 etdomina-

2038 1256 2205 1310 tione.

2109 1347 2444 1414 Secundum,
2477 1351 2604 1420 quia
2637 1350 2693 1405 in
2747 1350 2858 1407 Deo
2893 1359 3006 1409 tres
3046 1361 3176 1407 sunt
3203 1367 3473 1422 personae,
3506 1368 3614 1405 non

2035 1455 2144 1496 una
2171 1449 2407 1508 tantum,
2434 1445 2689 1513 quamvis
2717 1459 2826 1498 una
2850 1444 2920 1500 sit
2948 1452 3002 1499 et
3025 1444 3302 1498 individua
3328 1443 3612 1506 divinitas,

2035 1545 2100 1590 et-
2123 1535 2291 1589 trium
2327 1536 2520 1590 harum
2555 1550 2913 1606 personarum
2961 1550 3058 1592 seu
3104 1535 3479 1605 hypostasium
3513 1553 3616 1606 op-

2046 1627 2176 1681 time
2242 1626 2384 1682 inter
2435 1641 2495 1684 se
2531 1627 2914 1683 distinctarnm
2987 1627 3137 1682 nulla
3169 1627 3395 1681 omnino
3444 1628 3614 1694 maior

2036 1733 2161 1773 esse
2188 1725 2386 1786 potest.
2429 1715 2519 1772 Hae
2541 1727 2723 1772 autem
2763 1725 2874 1774 tres
2905 1733 3152 1788 personae
3184 1717 3461 1789 ingeniun,
3498 1722 3619 1774 sine

2037 1819 2089 1864 et
2120 1825 2185 1863 ex
2225 1810 2375 1864 nullo
2404 1817 2533 1864 sunt
2587 1808 2778 1876 factm;
2819 1809 3042 1864 sibimet
3069 1824 3234 1866 causa
3267 1810 3401 1881 ipsis
3457 1811 3616 1864 unica

356 1916 610 1984 γεννητὸν
643 1914 702 1978 ἐξ
735 1912 905 1967 αὐτοῦ
935 1913 1028 1966 τοῦ
1063 1913 1358 1981 ἀγεννήτου
1384 1926 1401 1943 ο
1455 1909 1516 1962 τδ
1562 1909 1620 1962 δὲ
1657 1912 1928 1981 ἐκπορευ-

2044 1919 2204 1959 causa
2256 1912 2408 1970 sunt,
2473 1915 2691 1960 acterna!
2748 1914 2805 1960 et
2864 1905 3259 1974 impassibiles.
3325 1905 3618 1961 Generatio

354 2007 476 2070 τὸν,
521 2003 580 2070 ἐξ
608 2003 778 2057 αὑτοῦ
823 2004 920 2056 καὶ
958 2001 1120 2054 τοῦτο
1151 2001 1246 2055 τοῦ
1279 2001 1522 2052 ἀναιτίου
1563 1999 1659 2052 καὶ
1699 1998 1932 2066 ἀγεννή-

353 2113 467 2150 του.
519 2097 628 2150 Καὶ
681 2095 742 2147 τὸ
796 2095 894 2164 μὲν
944 2093 1246 2161 ἀγέννητον
1275 2095 1372 2145 καὶ
1398 2089 1646 2146 ἀναίτιον
1677 2089 1932 2143 καλεῖται

358 2189 586 2257 Πατὴρ,
634 2188 695 2240 τδ
733 2188 790 2241 δὲ
847 2185 1108 2255 γεννητὸν
1170 2184 1336 2249 Υίὸς,
1369 2183 1432 2234 τὸ
1485 2181 1545 2236 δὲ
1596 2179 1934 2252 ἑκπορευτὸν

356 2282 579 2349 Πνεῦμα
631 2281 807 2348 ἅγιον.
843 2279 955 2332 Καὶ
1005 2277 1288 2348 ἀδιαίρετα
1341 2273 1517 2331 ταῦτα
1571 2274 1668 2328 καὶ
1725 2275 1936 2344 ἄχρονα

354 2373 449 2425 καὶ
486 2373 702 2425 αἰώνια.
735 2373 845 2424 Καὶ
885 2370 947 2423 οὐ
979 2372 1130 2439 τρεῖς
1167 2367 1360 2438 Θεοὶ,ἢ
1395 2370 1544 2435 τρεῖς
1584 2366 1789 2438 κύριοι,
1817 2365 1932 2418 ἀλλ’

355 2459 434 2526 εἷς
462 2465 615 2526 Θεὸς,
645 2460 722 2525 εἷς
745 2464 944 2531 Κύριος
971 2464 1004 2530 ὴ
1027 2462 1216 2526 Τριὰς,
1242 2460 1318 2524 ὡς
1359 2459 1454 2512 καὶ
1479 2459 1530 2512 οἱ
1556 2458 1779 2525 ἄγγελοι
1805 2457 1934 2527 μὲλ-

356 2570 568 2618 πουσιν,
601 2552 764 2623 320
797 2551 1004 2618 Ἄγιος,
1039 2550 1217 2618 ἅγιος,
1250 2549 1423 2618 ἅγιος,
1454 2549 1657 2618 Κύριος
1682 2547 1929 2602 Σαϐαὼθ.

367 2643 520 2694 Ἐπεὶ
567 2645 659 2697 xui.
709 2642 806 2712 μία
847 2641 1010 2710 φύσις
1066 2639 1381 2710 ἀχώριστος
1420 2639 1532 2691 τῶν
1585 2637 1788 2707 τριῶν,
1837 2638 1935 2708 μία

356 2736 536 2800 οὐσία,
597 2734 696 2804 μία
747 2733 1004 2802 δύναμις,
1040 2735 1140 2801 μία
1187 2733 1339 2795 δόξα,
1396 2731 1495 2802 μία
1535 2731 1799 2801 θέλησις,
1837 2731 1937 2800 μία

358 2829 574 2895 κίνησις
623 2825 718 2878 καὶ
769 2824 836 2876 τὰ
881 2823 1013 2892 τρία
1062 2821 1272 2885 ταῦτα,
1304 2824 1331 2875 ὁ
1370 2821 1804 2892 τρισυπόστατος
1857 2814 1937 2883 εἷς

359 2917 514 2979 Θεὸς,
543 2918 640 2986 μία
673 2917 784 2969 τῶν
813 2916 950 2969 ὅλων
983 2916 1146 2986 ἁρχὴ,
1176 2916 1270 2968 καὶ
1300 2915 1554 2985 ἐνέργεια
1587 2913 1684 2983 μία
1705 2911 1934 2976 τούτων,

356 3007 431 3068 ὡς
466 3011 558 3059 καὶ
594 3007 691 3075 μία
740 3006 948 3076 λάμψις
981 3007 1132 3076 ἡλίου
1185 3007 1402 3066 ἀκτῖνος
1453 3004 1547 3058 καὶ
1590 3003 1788 3072 φωτὸς,
1843 3003 1938 3056 καὶ

365 3096 458 3163 μία
481 3097 625 3165 αὐγὴ
658 3097 752 3149 καὶ
789 3096 964 3165 Οέρμη
1029 3097 1201 3167 πυρὸς
1239 3098 1332 3149 καὶ
1358 3095 1801 3164 ἀπαυγάσματος
1839 3095 1939 3147 καὶ

362 3188 558 3256 φωτὸς,
589 3191 683 3240 καὶ
716 3189 816 3258 μία
861 3189 1080 3256 κίνησις
1124 3187 1218 3240 τοῦ
1259 3189 1437 3254 Λόγου
1475 3191 1572 3240 καὶ
1599 3186 1940 3256 ΙΙνεύματος.

2035 1999 2180 2050 enim
2223 2008 2279 2051 et
2317 1997 2525 2052 creatio
2587 2011 2653 2051 ex
2688 1996 2925 2066 quodam
2963 1997 3207 2067 ingenito
3243 2004 3299 2052 et
3349 1997 3615 2052 incrcato.

2036 2087 2102 2140 Et
2130 2089 2411 2156 processio
2431 2103 2498 2142 ex
2520 2087 2762 2156 quodam
2793 2088 3040 2142 increato
3061 2096 3113 2142 et
3150 2087 3423 2158 ingenito.
3461 2087 3528 2142 Et
3552 2087 3624 2142 il-

2036 2177 2128 2234 lud
2163 2179 2460 2248 ingenitum
2488 2188 2541 2234 et
2571 2181 2874 2234 increatum
2901 2190 3127 2234 vocatur
3147 2177 3332 2244 Pater,
3361 2187 3416 2232 et
3465 2179 3620 2248 geni-

2038 2278 2152 2325 tum
2178 2269 2372 2338 Filius,
2429 2279 2486 2327 et
2533 2270 2835 2342 procedens
2875 2269 3119 2340 Spiritus
3177 2279 3394 2326 santus.
3435 2271 3499 2324 Et
3563 2272 3618 2324 hi

2044 2373 2159 2418 tres
2190 2365 2555 2422 indivisibiles
2585 2374 2715 2422 sunt
2743 2373 2798 2420 et
2823 2365 3016 2420 aeterni
3041 2373 3094 2420 et
3117 2365 3475 2419 immortales.
3549 2364 3617 2418 Et

2038 2468 2146 2508 non
2203 2462 2330 2508 sunt
2380 2461 2493 2509 tres
2545 2455 2617 2510 dii
2680 2471 2860 2525 neque
2910 2465 3019 2511 tres
3073 2455 3305 2520 domini,
3337 2457 3430 2510 sed
3475 2472 3620 2512 unus

2037 2543 2181 2600 Deus
2213 2553 2268 2600 et
2308 2561 2448 2602 unus
2479 2546 2532 2600 in
2565 2543 2833 2602 Trinitate
2893 2546 3196 2602 Dominus:
3256 2548 3397 2602 sient
3431 2556 3484 2600 et
3524 2563 3620 2601 an-

2038 2637 2143 2707 geli
2173 2647 2379 2692 canunt
2435 2654 2447 2690 :
2504 2634 2760 2702 Sanctus,
2798 2647 3040 2703 sanctus,
3098 2645 3319 2691 sanctus
3354 2638 3622 2692 Dominus

2039 2729 2304 2784 Sabaoth.
2361 2727 2497 2784 Cum
2547 2744 2678 2784 vero
2716 2731 2910 2783 horum
2964 2730 3131 2785 trium
3179 2748 3286 2786 una
3320 2731 3622 2800 eademque

2039 2827 2292 2894 sitatque
2311 2825 2691 2894 inseparabilis
2717 2835 2950 2892 natura,
2997 2842 3106 2881 una
3146 2827 3475 2890 substantia,
3511 2842 3622 2882 una

2039 2913 2240 2971 virtus.
2286 2927 2394 2967 una
2445 2913 2640 2983 gloria,
2699 2931 2806 2969 una
2863 2915 3136 2982 voluntas,
3175 2933 3281 2970 una
3339 2918 3530 2982 motio,
3569 2918 3622 2972 hi

2045 3012 2155 3058 tres
2206 3019 2352 3058 unus
2383 3012 2509 3059 sunt
2533 3004 2590 3059 in
2619 3006 2797 3060 tribus
2828 3008 3082 3076 personis
3112 3007 3292 3067 Deus;
3329 3024 3436 3062 una
3476 3023 3618 3078 quo-

2043 3110 2150 3163 que
2189 3093 2384 3148 horum
2447 3096 2500 3148 in
2532 3095 2715 3150 omnia
2749 3112 3001 3164 suprema
3026 3098 3346 3164 auctoritas,
3376 3115 3480 3154 una
3513 3113 3608 3168 po-

2049 3187 2235 3240 tentia.
2270 3186 2337 3242 Et
2380 3187 2524 3242 sicut
2555 3187 2610 3242 in
2673 3191 2789 3243 sole
2822 3190 3008 3244 radius
3036 3200 3084 3244 et
3114 3177 3292 3260 fulgor
3329 3207 3497 3246 unum
3529 3192 3624 3246 ba-

365 3285 492 3338 hent
557 3285 903 3354 splendorem
939 3294 994 3339 et
1043 3285 1098 3338 in
1165 3286 1287 3352 igne
1331 3284 1468 3356 lucis
1515 3294 1568 3338 et
1597 3285 1796 3339 caloris
1825 3299 1931 3338 una
1970 3292 2056 3338 est
2091 3283 2296 3354 fulgida
2327 3284 2635 3354 productio.
2675 3283 2751 3340 ita
2797 3299 2904 3339 una
2941 3293 3025 3340 est
3051 3283 3210 3340 Verbi
3267 3296 3319 3340 et
3381 3287 3620 3358 Spiritus

361 3392 391 3430 ιῑ
422 3378 554 3441 otio,
582 3378 880 3446 processio.

433 3470 628 3536 Τρίτον
661 3469 717 3522 δὲ
752 3469 1071 3537 κεφάλαιον,
1100 3467 1184 3522 ὃτι
1216 3467 1359 3537 αὕτη
1398 3469 1431 3538 ἡ
1464 3466 1634 3538 Τριάς
1659 3467 1766 3520 τῶν
1805 3468 1937 3520 ὅλων

2122 3464 2366 3519 Tertium
2414 3463 2610 3518 deinde
2650 3472 2841 3530 caput,
2875 3465 3003 3532 quia
3063 3465 3178 3520 haec
3234 3466 3346 3535 ipsa
3381 3465 3623 3520 Trinitas

363 3563 478 3613 ἐστὶ
507 3563 860 3631 δημιουργὸς,
893 3563 956 3614 ὲκ
987 3563 1066 3631 μὴ
1091 3562 1263 3614 ὄντων
1286 3562 1461 3614 ταῦτα
1492 3563 1770 3630 ποιήσασα
1807 3578 1935 3629 νοη-

361 3656 428 3706 τά
457 3672 514 3706 τε
547 3659 641 3707 καὶ
686 3655 948 3724 αἰσθητὰ,
988 3655 1163 3724 ὀρατᾶ
1212 3654 1308 3706 καὶ
1340 3655 1568 3725 ἀόρατα,
1603 3653 1712 3707 ὑπὸ
1745 3654 1937 3726 χρόνον

361 3747 538 3797 πάντα
575 3745 999 3814 παραγαγοῦσα,
1034 3747 1123 3799 ὅτε
1162 3745 1426 3816 ἠθέλησεν
1462 3744 1624 3815 αὑτὴ,
1672 3745 1746 3815 μὴ
1797 3763 1933 3814 προ-

361 3837 698 3904 ὕπαρχοντός
724 3853 870 3900 τινος
910 3836 1072 3900 ὅλως,
1108 3837 1182 3907 μὴ
1214 3837 1411 3901 εἴδους,
1445 3835 1523 3905 μὴ
1546 3835 1702 3905 ὕλης,
1743 3835 1803 3900 ἐξ
1836 3837 1937 3889 οὐκ

359 3928 531 3982 ὄντων
577 3929 633 3982 δὲ
678 3928 1078 3999 παραγαγοῦσα
1108 3929 1178 3982 τὰ
1207 3929 1407 3984 πάντα.
1440 3928 1588 3999 Αὕτη
1621 3930 1654 4000 ἡ
1701 3928 1871 3998 Τριὰς
1908 3928 1938 3979 ὁ
1987 3990 2012 4007 δ

362 4023 518 4084 Θεὸς.
559 4021 653 4074 καὶ
704 4021 928 4074 πάντων
977 4021 1088 4074 τῶν
1127 4020 1298 4074 ὄντων
1344 4020 1674 4092 προνοητὴς,
1704 4021 1780 4084 ὡς
1840 4021 1939 4073 καὶ

361 4113 618 4182 ποιητὴς,
661 4113 690 4166 ό
735 4113 923 4184 Πατὴρ
953 4113 1096 4184 μετὰ
1127 4113 1221 4167 τοῦ
1257 4113 1432 4182 Λόγου
1469 4113 1562 4166 καὶ
1595 4112 1934 4182 Πνεύματος,

359 4203 436 4266 ὡς
467 4207 558 4257 καὶ
604 4205 652 4257 oi
705 4206 986 4275 προφῆται
1026 4223 1180 4274 φασι,
1217 4207 1308 4260 καὶ
1337 4208 1396 4260 τὸ
1427 4205 1758 4275 Εὐαγγέλιον
1796 4206 1944 4259 ἐκδι-

361 4296 580 4351 δάσκει.
644 4312 666 4330 ⁶

433 4389 744 4457 Τέταρτον,
784 4390 868 4443 ὅτι
925 4389 1014 4442 διὰ
1092 4390 1153 4443 τὸ
1216 4391 1564 4460 προνοεῖσθαι
1627 4391 1788 4464 ήμῶν
1845 4392 1939 4448 τὸν

361 4479 422 4534 ὲν
470 4481 659 4550 ἰ’ριάδι
723 4481 880 4545 θεὸν,
929 4481 1147 4553 εὐδοκία
1206 4484 1441 4552 Πατρδς,
1503 4484 1600 4536 καὶ
1646 4482 1968 4556 συνεργείᾴ

364 4572 703 4642 Πνεὺματος,
731 4576 758 4626 ὁ
799 4575 974 4642 Λόγος
1007 4575 1186 4642 μένων
1243 4575 1607 4640 ἀναλλοίωτος
1639 4579 1734 4630 καὶ
1772 4578 1942 4648 61p:-

365 4683 496 4729 πτος
547 4669 612 4736 τῇ
655 4666 894 4734 θεότητι,
927 4667 1152 4731 ἀπαθῶς
1189 4669 1285 4720 καὶ
1322 4669 1641 4741 esseom»;
1695 4669 1763 4723 δι’
1791 4673 1942 4742 ἡμᾶς

365 4759 583 4824 ἐγένετο
621 4757 781 4828 σὰρξ,
829 4762 1042 4813 τελείαν
1083 4761 1181 4830 τὴν
1217 4761 1378 4829 φύσιν
1427 4760 1589 4831 ἡμῶν
1635 4763 1942 4833 προσλαϐό-

2049 3565 2270 3610 ireator
2306 3564 2391 3610 est
2420 3557 2664 3610 omnium
2689 3564 2742 3610 et
2769 3556 2971 3625 opifex,
3003 3572 3126 3626 qua:
3153 3565 3346 3611 cuncta
3373 3574 3437 3611 ex
3473 3558 3618 3611 nibi.

2047 3648 2100 3701 lo
2137 3647 2414 3718 produxit,
2474 3647 2834 3718 intelligibilia
2861 3657 2914 3702 et
2952 3648 3257 3712 sensibilis,
3290 3649 3528 3703 visibilia
3563 3659 3620 3704 et

2047 3740 2381 3806 invisibilia;
2435 3739 2488 3793 in
2547 3747 2790 3809 tempore
2827 3740 2956 3794 fecit
2995 3740 3178 3794 omnia
3218 3742 3442 3809 quando
3499 3742 3618 3807 ipsa

2048 3834 2217 3887 voluit
2251 3848 2423 3902 neque
2454 3834 2756 3888 secundum
2793 3834 3022 3890 formam
3068 3836 3363 3904 quamdam
3401 3851 3618 3905 praeex-

2045 3927 2354 3990 sistcutem,
2387 3940 2568 3995 neque
2605 3940 2671 3980 ex
2706 3927 2930 3980 materia
2962 3942 3082 3995 quae
3119 3927 3283 3981 fuerit
3322 3928 3496 3996 prius,
3524 3927 3618 3980 sed
3671 3923 3676 3929 ’

2046 4032 2108 4071 ex
2148 4017 2318 4070 nihilo
2345 4015 2474 4071 fecit
2506 4021 2712 4072 omnia.
2744 4017 2863 4088 lpsa
2893 4019 3156 4082 Trinitas,
3201 4035 3342 4073 unus
3377 4020 3522 4074 Deus
3556 4035 3618 4072 ea

2047 4111 2374 4180 excogitavit
2399 4119 2450 4164 ct
2475 4108 2643 4176 fecit;
2690 4110 2844 4164 Pater
2879 4111 3093 4166 scilicet
3149 4128 3244 4181 per
3296 4110 3532 4166 Verbum
3566 4123 3618 4165 et

2051 4201 2336 4271 Spiritum,
2374 4209 2431 4254 ut
2460 4199 2760 4269 loquuntur
2812 4202 3088 4272 prophetae
3118 4211 3174 4257 et
3223 4202 3386 4257 docet
3439 4203 3614 4257 Evan-

2047 4295 2272 4364 gelium.

2121 4386 2354 4456 Cognito
2386 4386 2497 4453 jam
2528 4387 2689 4443 nobis
2738 4403 2848 4442 uno
2910 4387 3164 4460 triuoque
3218 4389 3470 4460 personis
3493 4390 3622 4448 Deo.

2053 4487 2304 4549 quartum
2360 4487 2526 4548 caput
2565 4494 2668 4534 nos
2702 4479 2884 4548 docet,
2922 4482 3049 4550 quia
3111 4481 3395 4538 voluntate
3448 4483 3628 4537 Patris-

2047 4582 2100 4623 et
2145 4571 2466 4638 operatione
2498 4570 2753 4640 Spiritus,
2773 4570 3008 4627 Verbum
3035 4573 3174 4630 idem
3206 4584 3260 4629 et
3285 4575 3628 4630 immutabile

2050 4665 2376 4734 permanens
2422 4663 2728 4730 divinitate,
2760 4665 3099 4736 impassibile
3159 4675 3214 4721 et
3239 4667 3619 4736 incorruptum

2052 4767 2277 4826 propter
2342 4772 2447 4812 nos
2481 4771 2611 4812 caro
2647 4757 2855 4814 factum
2901 4767 3005 4822 est,
3056 4759 3321 4829 integram
3372 4774 3616 4814 noStram

371 4867 532 4919 μενος
592 4849 652 4916 ἐξ
707 4851 871 4917 ἁγίας
909 4853 1207 4919 γυναικὸς,
1271 4853 1432 4923 σῶμα
1471 4853 1738 4924 ἔμψυχον,
1791 4855 1937 4926 ψυχῇ

2045 4859 2296 4905 naturam
2328 4851 2608 4920 accipiens
2656 4866 2721 4906 ex
2757 4851 2983 4905 muliere
3014 4857 3239 4905 sancta:
3276 4865 3476 4918 corpus
3507 4852 3621 4904 sci-

364 4941 647 5010 ἡνωμένον
698 4944 860 5013 νοερᾷ
905 4943 1001 4996 καὶ
1040 4943 1302 5014 Οελητικῇ
1329 4983 1346 5007 ,
1379 4945 1498 4996 ὅλον
1531 4946 1622 4998 τὸν
1652 4943 1943 5016 ἄνθρωπον

366 5037 612 5100 ἀγαζων
661 5035 756 5087 καὶ
809 5036 836 5088 ὁ
889 5033 1097 5098 ἁπλοῦς
1143 5039 1365 5103 γέγονεν
1416 5036 1656 5103 διπλοῦς,
1714 5038 1809 5090 καὶ
1860 5035 1944 5102 εἷς

365 5131 512 5182 ἔστιν
543 5132 605 5181 ἐκ
636 5129 726 5182 δύο
759 5131 980 5183 τελείων
1017 5131 1124 5184 τῶν
1158 5130 1397 5200 φὺσεων.

441 5308 716 5373 Πέμπτον,
739 5309 821 5361 ὅτι
851 5308 914 5362 ἐκ
932 5309 1205 5379 Παρθένου
1236 5310 1487 5380 ἀσπόρως
1511 5313 1944 5382 γεγέννηται,μὴ

367 5403 562 5467 πεῖραν
605 5399 875 5470 λαϐούσης
928 5401 1143 5470 ἀνδρὸς,
1189 5403 1262 5464 ὼς
1318 5405 1412 5456 καὶ
1456 5406 1563 5470 πρὸ
1611 5405 1794 5466 τόκου,
1851 5408 1944 5459 καὶ

369 5493 426 5543 ἐν
454 5493 595 5562 τόκῳ
626 5491 718 5543 καὶ
751 5493 890 5562 μετὰ
921 5495 1078 5546 τόκον
1124 5494 1364 5563 φυλάξας
1405 5496 1578 5548 αὐτὴν
1622 5497 1914 5565 Παρθένον.

445 5673 636 5724 Ἷῖκτον
662 5710 677 5737 ,
723 5672 802 5724 ὅτι
829 5672 992 5741 σαρκὶ
1021 5671 1255 5724 πέπονθε
1280 5672 1347 5725 δι’
1381 5674 1550 5743 ἡμᾶς,
1584 5675 1680 5726 καὶ
1739 5676 1938 5728 ἐσταυ-

373 5767 544 5834 ρώθη,
573 5767 666 5818 καὶ
698 5766 956 5836 τέθνηκεν
991 5765 1276 5829 ἑκουσίως,
1310 5769 1406 5819 καὶ
1458 5767 1518 5818 οὐ
1555 5771 1622 5837 τῇ
1679 5767 1896 5836 θεότητι
1927 5786 1941 5799 ο

371 5859 511 5914 αὕτη
565 5857 668 5926 γὰρ
724 5857 807 5910 ἀεὶ
839 5856 1077 5927 ἀπαθής.
1135 5857 1241 5911 Καὶ
1279 5860 1341 5926 τῇ
1401 5857 1496 5925 μὲν
1528 5843 1700 5928 ψυῇῇ,
1736 5859 1945 5930 λυτρωο

2052 4942 2178 4996 licct
2206 4941 2416 5005 vivens,
2443 4942 2663 4996 animae-
2696 4938 3019 5008 intelligenti
3055 4947 3110 4992 et
3171 4937 3372 4993 volenti
3404 4940 3625 5007 capula-

2057 5045 2190 5098 tum,
2237 5043 2410 5088 totum
2444 5047 2774 5088 consectans
2804 5031 3105 5093 hominem,
3127 5039 3180 5084 et
3213 5031 3365 5101 prius
3396 5032 3628 5101 simplex

2052 5121 2256 5176 factum
2311 5134 2394 5177 est
2449 5121 2673 5192 duplex,
2706 5130 2761 5177 et
2791 5131 3177 5184 tamen_unum
3199 5123 3426 5176 omnino
3458 5133 3542 5178 est
3574 5124 3626 5177 in

2053 5214 2268 5269 duabus
2295 5213 2662 5283 integerrimis
2687 5211 2917 5267 naturis.

2128 5305 2414 5371 Quintum,
2444 5286 2573 5375 quia
2599 5304 2718 5359 sine
2735 5304 2943 5360 semine
2974 5320 3039 5359 ex
3071 5303 3292 5376 Virgine
3317 5316 3479 5362 natus
3512 5319 3627 5370 est;

2053 5413 2193 5466 quae,
2232 5413 2516 5466 nunquam
2552 5396 2829 5451 hominem
2859 5407 3104 5467 experta,
3138 5401 3283 5455 sicut
3341 5410 3469 5454 ante
3499 5417 3629 5468 par-

2057 5499 2196 5550 tum.
2222 5489 2292 5542 ita
2322 5498 2377 5543 ct
2425 5489 2480 5543 in
2511 5498 2668 5558 partu
2701 5499 2755 5544 et
2785 5498 2908 5557 post
2942 5500 3158 5560 partum
3189 5491 3352 5561 Virgo
3379 5505 3630 5562 perman-

2054 5581 2125 5635 sit
2165 5581 2509 5634 intemerata.

2130 5675 2381 5739 Sextum,
2421 5674 2548 5743 quia
2585 5675 2640 5728 in
2681 5689 2848 5728 carne
2883 5690 3076 5745 passus
3124 5685 3205 5728 est
3235 5690 3332 5744 pro
3366 5674 3548 5737 nobis,
3580 5685 3634 5729 ct

2055 5765 2352 5820 crucifixus
2381 5775 2484 5830 est,
2513 5774 2566 5820 et
2597 5773 2850 5822 mortuus
2882 5768 3112 5834 estquia
3145 5767 3258 5835 ipse
3285 5767 3455 5819 voluit
3482 5784 3495 5828 ;
3525 5782 3628 5819 n0.t

2054 5858 2271 5925 quidem
2312 5857 2364 5912 in
2400 5857 2711 5925 divinitate,
2753 5873 2874 5911 cum
2911 5859 2980 5912 sit
3012 5859 3123 5910 ltff‘t.‘
3151 5857 3374 5911 omnino
3413 5867 3466 5944 et
3510 5873 3634 5912 vcte
