4056 6438
418 334 527 405 823

1215 338 1547 400 SYMEONI
1560 338 1602 397 S
1634 329 2320 397 THESSALONICENS
2336 331 2351 388 i
2365 330 2404 390 S
2444 328 2680 388 ARCill
2694 325 2807 387 ΕΡ.

3574 326 3682 391 824

421 447 803 516 imnassibllis.
832 447 964 516 Ejus
1003 455 1184 505 autem
1216 451 1402 506 anima
1455 450 1668 505 animas
1701 447 2015 518 redemptu-

2120 449 2216 512 τὴς
2271 442 2379 498 τῶν
2410 441 2599 512 ψυχῶν
2628 438 2902 506 κατῆλθεν
2938 438 3015 500 είς
3047 438 3203 510 ᾅδην*
3255 436 3334 504 τῷ
3359 438 3416 494 δὲ
3470 440 3687 510 σώματι

420 554 506 603 ra,
534 540 817 594 descendit
845 539 911 595 ad
942 539 1147 597 inferos
1179 556 1196 610 ;
1222 541 1342 611 ejus
1365 556 1495 597 vero
1516 553 1718 611 corpus
1736 539 2006 608 sepultum

421 641 503 685 est
554 642 607 686 et
639 630 917 686 interdum
956 647 1132 702 neque
1159 633 1228 688 ab
1261 633 1448 688 anima
1500 646 1683 702 neque
1716 646 1745 685 a
1776 643 2010 700 corpore

429 737 668 791 unquam
708 723 908 777 absens
936 721 1039 777 fuit
1062 722 1185 793 ejus
1218 723 1503 777 divinitas.

442 830 449 837 η
493 810 823 881 Septimum,
854 814 979 882 quia
1012 813 1231 884 propria
1274 814 1481 867 virtute
1521 814 1826 868 resurrexit
1852 812 2013 866 tertia

423 901 513 956 die
568 911 622 957 et
643 902 849 972 pluries
881 903 1164 974 discipulis
1203 906 1479 975 apparuit.

490 991 783 1061 Octavum,
824 995 954 1065 quia
987 998 1401 1065 quadragesima
1457 996 1547 1051 die
1594 1005 1719 1064 post
1766 1009 2014 1050 resurre-

420 1086 659 1140 ctionem
708 1101 862 1141 suam
896 1089 1141 1143 ascendit
1168 1089 1223 1142 in
1265 1089 1463 1144 cmlum
1519 1102 1706 1143 coram
1764 1085 2012 1155 discipu-

421 1178 488 1231 lis
539 1188 596 1232 et
645 1178 788 1233 sedit
852 1178 918 1234 ad
987 1178 1267 1235 dexteram
1323 1179 1503 1236 Patris
1573 1182 1664 1237 ubi
1722 1180 2013 1238 collocavit

423 1269 951 1338 conglorillcandum
1020 1282 1074 1326 et
1139 1273 1303 1327 simul
1381 1273 1729 1329 adorandum
1809 1288 2012 1345 corpus

422 1374 583 1413 suum
614 1360 726 1431 jam
759 1361 1130 1433 inseparabile
1172 1363 1240 1419 ab
1290 1364 1471 1417 anima
1517 1372 1574 1419 et
1602 1366 1762 1434 quasi
1788 1366 2012 1419 deiﬁca-

425 1461 568 1506 tum.

498 1539 738 1610 Nonum,
773 1541 901 1611 quia
923 1544 1122 1599 iterum
1144 1545 1320 1600 veniet
1352 1546 1405 1601 in
1430 1547 1601 1618 gloria
1628 1548 1805 1605 Patris
1823 1558 1876 1604 et
1904 1564 2013 1605 scr-

422 1635 506 1688 vis
536 1635 652 1690 suis
680 1634 832 1691 dabit
868 1652 1091 1709 regnum
1122 1654 1304 1706 suum,
1332 1642 1519 1710 impiis
1560 1656 1691 1698 vero
1742 1652 1796 1698 et
1821 1659 2013 1714 pecca-

423 1727 638 1783 toribus
698 1720 908 1797 justum
969 1729 1158 1785 reddet
1182 1730 1451 1800 judicium
1487 1740 1543 1787 et
1573 1734 1827 1788 meritam
1893 1749 2008 1804 poe-

426 1834 578 1874 nam.

498 1996 782 2052 Decimum
807 2016 820 2053 :
853 1998 999 2053 sicut
1031 2008 1208 2053 morte
1223 2000 1487 2058 disSolvet
1516 2018 1734 2057 omnem
1764 2015 2009 2059 nostram

429 2097 715 2155 naturam,
770 2089 845 2142 ita
880 2090 1133 2144 restituet
1158 2087 1385 2146 animas
1414 2095 1741 2165 corporibus
1773 2098 2004 2166 quibus-

429 2195 554 2235 cum
577 2182 830 2235 vixerunt
860 2194 1041 2248 antea,
1082 2192 1143 2238 ut
1191 2182 1384 2239 iisdem
1418 2199 1526 2241 non
1554 2186 1675 2241 aliis
1704 2189 1888 2243 denuo
1916 2204 2010 2243 eo-

428 2273 688 2344 pulentur
708 2289 724 2339 ;
748 2285 802 2328 et
826 2281 991 2328 erunt
1017 2289 1248 2342 corpora
1270 2276 1729 2347 incorruptibilia.

507 2361 868 2418 Undeeintum
936 2363 1066 2433 quia
1130 2363 1387 2421 Christus
1440 2365 1708 2436 judicabit
1755 2368 1907 2423 vivos
1960 2378 2015 2423 et

432 2466 681 2511 mortuos
761 2456 1063 2512 secundum
1149 2457 1363 2513 divinas
1418 2460 1585 2531 leges,
1641 2460 1890 2516 infideles
1934 2466 2014 2528 get

431 2547 666 2618 injustos
724 2548 1133 2616 condemnabit,
1189 2550 1309 2618 pios
1355 2566 1485 2605 vero
1509 2551 1801 2621 iustosque
1828 2553 1999 2626 gloria

435 2641 751 2696 coronabit.
1078 2634 1085 2640 ’

503 2731 898 2791 Duodecimum
934 2753 949 2792 :
989 2737 1138 2808 quod
1170 2737 1408 2808 denique
1425 2746 1551 2808 post
1580 2739 1697 2792 haec
1744 2739 1849 2793 erit
1904 2738 2014 2793 vita

435 2842 663 2895 interna,
698 2829 1033 2898 devictajam
1067 2829 1262 2886 mortis
1313 2830 1666 2899 corruptione
1696 2844 1796 2900 per
1823 2830 2015 2902 puriti~

432 2921 709 2976 catinnem
765 2922 949 2977 carnis
1012 2922 1071 2977 in
1098 2923 1405 2976 libertatem
1440 2922 1677 2977 tiliorum
1711 2921 1830 2986 Dei,
1861 2924 2009 2977 sicut

429 3013 681 3081 loquitur
713 3013 1048 3080 Apostolus:
1122 3031 1142 3063 ι
1184 3012 1249 3066 Εῑ
1294 3027 1403 3067 non
1428 3013 1537 3068 erit
1563 3013 1802 3083 amplius
1834 3024 2014 3067 muta-

2114 536 2406 591 τέθαπται.
2438 534 2549 588 Καὶ
2580 533 2643 586 οὐ
2684 532 3019 602 κεχώρισται
3054 533 3153 603 τῆς
3189 532 3349 600 ἁγίας
3378 532 3547 589 αὐτοῦ
3581 534 3687 603 ψυ-

2113 629 2214 700 χῆς
2260 628 2294 699 ἢ
2338 628 2430 681 τοῦ
2480 626 2733 693 σώματος
2771 626 2805 696 ὴ
2844 625 3067 694 θεότης.

2186 810 2484 878 Ἐδδομον,
2516 808 2600 862 ὅτι
2627 807 2827 876 ἀνέστη
2867 804 3234 870 αὐτεξουσίως
3265 805 3567 877 τριήμερος
3594 805 3694 859 καὶ

2117 905 2229 967 τοῖς
2269 900 2541 971 μαθηταῖς
2582 898 2911 969 ὲνεφανίσθη
2953 896 3233 960 πολλάκις.

2201 994 2453 1061 Ὄγδοον.
2488 994 2573 1046 ὅτι
2634 992 2773 1062 μετὰ
2822 992 3275 1063 τεσσαρακοστὴν
3331 991 3547 1062 ἡμέραν
3593 990 3697 1059 τῆς

2120 1085 2394 1154 ὲγέρσεως
2412 1082 2582 1137 αὐτοῦ
2615 1084 2694 1147 είς
2721 1084 2986 1153 οὐρανοὺς
3013 1084 3314 1153 ἀνελήφθη,
3335 1084 3698 1152 καθορώντων

2120 1177 2230 1229 τῶν
2269 1175 2552 1245 μαθητῶν,
2583 1176 2680 1229 καὶ
2710 1177 2773 1228 ὲκ
2800 1175 2990 1240 δεξιῶν
3018 1173 3112 1228 τοῦ
3139 1176 3350 1248 Πατρδς
3380 1176 3696 1236 κεκάθικεν,

2116 1265 2377 1334 ὁμόδοξον
2448 1268 2546 1321 καὶ
2603 1267 3206 1338 συμπροσκυνούμενον
3262 1268 3324 1322 τὸ
3392 1267 3700 1338 ἀχώριστον

2119 1358 2216 1410 καὶ
2267 1355 2495 1426 όμόθεον
2546 1357 2714 1410 αὐτοῦ
2760 1356 3050 1423 ἀποδείξας
3107 1358 3289 1427 σῶμα.

2197 1534 2488 1601 Ἕννατον,
2526 1535 2607 1588 ὅτι
2634 1533 2913 1587 ἐλεύσεται
2940 1534 3105 1590 πάλιν
3142 1537 3220 1599 είς
3242 1536 3339 1607 τὴν
3363 1537 3469 1607 γῆν
3491 1538 3584 1592 ἀπ’
3607 1540 3704 1591 οὐ-

2121 1627 2286 1700 ρανοῦ
2348 1626 2490 1697 μετὰ
2549 1626 2650 1696 τῆς
2713 1626 2997 1695 Πατρικῆς
3054 1625 3235 1697 δόξης,
3293 1628 3391 1682 καὶ
3439 1630 3540 1698 τὴν
3597 1631 3703 1699 μὲν

2120 1719 2404 1789 βασιλείαν
2460 1717 2629 1771 αὐτοῦ
2661 1717 2890 1788 παρέξει
2945 1720 3061 1782 τοῖς
3113 1718 3323 1781 δούλοις
3371 1720 3556 1789 αὐτοῦ,
3586 1724 3702 1785 τοῖς

2045 1800 2083 1853 Β
2112 1811 2169 1866 δὲ
2218 1813 2448 1867 ὰσεσέσι
2475 1812 2571 1864 καὶ
2604 1812 2958 1881 ἁμαρτωλοῖς
2995 1812 3095 1880 τὴν
3144 1813 3448 1882 καταδίκην
3471 1813 3702 1879 δικαίως

2116 1907 2213 1960 καὶ
2245 1908 2495 1961 κόλασιν.

2192 1998 2458 2059 Δέκατον,
2488 1998 2563 2061 ὡς
2601 1995 2957 2065 ὲξαναστήσει
2994 1997 3176 2050 πᾶσαν
3204 1996 3363 2068 ἡμῶν
3386 1997 3481 2069 τὴν
3513 1998 3700 2065 φύσιν,

2116 2093 2224 2146 τῶν
2277 2092 2470 2162 ψυχῶν
2526 2090 2831 2145 ἐνωθεισῶν
2893 2094 3008 2155 τοῖς
3056 2091 3293 2161 ὶξαρχῆς
3334 2093 3580 2161 σώμασιν
3612 2088 3699 2156 οἷς

2119 2182 2450 2251 συνέξησαν,
2501 2184 2599 2236 καὶ
2659 2184 2762 2236 οὐκ
2814 2182 3164 2252 ἀλλοτρίοις,
3209 2188 3290 2248 εἰς
3335 2186 3727 2238 ἀνταπόδοσιν-

2119 2275 2228 2329 τῶν
2270 2274 2644 2344 βεϐιωμένων.
2674 2275 2785 2328 Καὶ
2812 2273 3070 2344 ἄφθαρτα
3102 2275 3170 2328 τὰ
3199 2275 3430 2344 σώματα
3460 2278 3693 2333 ἔσονται.

2208 2367 2553 2431 Ἐνδέκατον,
2584 2367 2668 2419 ὅτι
2697 2369 2877 2441 κρινεῖ
2933 2366 3146 2431 ζῶντας
3178 2369 3274 2422 καὶ
3302 2369 3525 2440 νεκροὺς
3554 2370 3700 2424 κατὰ

2117 2460 2242 2520 τοῖς
2279 2458 2456 2518 θείους
2488 2457 2652 2511 αὐτοῦ
2687 2460 2714 2512 ό
2744 2459 2981 2527 Χριστὸς
3014 2460 3237 2527 νόμους.
3286 2462 3394 2514 Καὶ
3429 2464 3552 2525 τοὺς
3596 2464 3701 2532 μὲν

2117 2550 2380 2610 ἀπίστους
2411 2552 2500 2602 καὶ
2552 2550 2772 2614 ἀδίκους
2805 2555 3148 2625 κατακρινείο
3185 2555 3312 2616 τοῦς
3358 2555 3604 2616 εὐσεϐεῖς
3635 2556 3697 2607 δὲ

2117 2641 2212 2690 καὶ
2241 2639 2486 2703 δικαίους
2519 2640 2759 2706 δοξάσει.

2190 2732 2540 2799 Δωδέκατον,
2598 2735 2680 2787 ὅτι
2735 2737 2768 2805 ὴ
2844 2736 2987 2805 μετὰ
3040 2718 3215 2790 ταῦτα
3293 2736 3407 2806 ζωή
3486 2739 3704 2800 αἰώνιος

2120 2824 2297 2890 ἔσται,
2351 2822 2428 2887 ὡς
2499 2825 2964 2897 ἀφθαρτισοείσης
3013 2828 3114 2899 τῆς
3165 2829 3379 2897 φύσεως
3428 2833 3493 2901 τῇ
3547 2832 3703 2884 ἐλευ-

2121 2916 2278 2985 θερίᾳ
2320 2915 2431 2968 τῶν
2487 2917 2698 2971 τέκνων
2767 2919 2864 2972 τοῦ
2912 2919 3050 2972 Θεοῦ
3118 2922 3228 2974 ἀπὸ
3292 2921 3392 2992 τῆς
3469 2924 3697 2993 φθορᾶς,

2118 3006 2193 3067 ὣς
2248 3022 2417 3075 φησιν
2470 3008 2499 3060 ό
2565 3007 2934 3073 Ἀπόστολος’
2998 3009 3097 3064 καὶ
3152 3012 3254 3065 οὐκ
3306 3014 3386 3066 ἔτι
3417 3012 3569 3067 ἔσται
3604 3014 3703 3067 ἀλ-

430 3106 533 3158 tio.
559 3103 753 3173 itaque
783 3104 1095 3166 inﬁdelibus
1113 3113 1167 3159 et
1189 3104 1409 3174 iniustis
1437 3105 1581 3160 inter
1605 3106 1881 3160 daemones
1906 3108 2014 3160 erit

2120 3097 2358 3161 λοίωσις.
2406 3097 2497 3150 Διὸ
2532 3100 2648 3161 τοῖς
2700 3099 2801 3169 μὲν
2857 3100 3109 3162 ἀπίστοις
3163 3102 3259 3156 καὶ
3307 3104 3513 3167 ἀδίκοις
3567 3107 3705 3174 μετὰ

428 3208 592 3265 parua
647 3204 876 3258 aeterna,
925 3194 1070 3249 sicut
1124 3194 1264 3250 dixit
1318 3194 1619 3261 Dominus;
1675 3197 1776 3266 piis
1807 3208 2014 3251 veroct

425 3278 619 3358 justis,
668 3293 801 3352 vita,
835 3288 1092 3357 gaudium
1128 3300 1181 3345 et
1206 3305 1434 3360 regnum
1468 3306 1591 3347 cum
1649 3290 1874 3349 Christo
1929 3309 2007 3348 ae-

434 3389 744 3435 ternumet
781 3374 1077 3434 inﬁnitum.
1136 3381 1268 3448 Qum
1300 3382 1633 3439 habebimus
1664 3385 2019 3441 miseratione

429 3470 562 3528 Jesu
592 3472 799 3528 Christi
859 3471 980 3529 Filii
1009 3471 1102 3529 Dei
1155 3483 1210 3528 et
1262 3473 1354 3529 Dei
1404 3476 1609 3544 nostri;
1641 3478 1688 3533 si
1721 3486 1902 3535 tamen
1929 3495 2019 3534 or-

430 3565 675 3621 thodoxe
698 3557 990 3620 credamus
1023 3566 1078 3620 in
1110 3566 1331 3622 nomine
1348 3566 1468 3638 ejus
1501 3578 1558 3623 et
1592 3570 1860 3626 honorem
1905 3570 2006 3639 ipsi

436 3658 669 3713 ﬁdeliter
724 3657 1104 3725 exhibeamus,
1161 3667 1216 3714 et
1294 3660 1413 3728 ejus
1468 3660 1628 3717 (idem
1697 3672 2017 3719 constanter

432 3763 740 3814 servemus,
779 3749 919 3804 utin
949 3764 1124 3804 arvum
1177 3751 1419 3804 fruantur
1494 3767 1624 3822 pace
1667 3762 1722 3807 et
1775 3754 2016 3809 beatitu-

435 3827 593 3907 dine,
634 3843 890 3912 precibus
914 3842 1151 3914 Virginis
1181 3842 1426 3913 lie'rpara:
1463 3857 1516 3902 et
1559 3847 1803 3900 omnium
1859 3863 2023 3920 ange-

436 3934 615 3987 lorum
657 3942 709 3988 et
745 3945 1059 3989 sanctorum
1093 3935 1239 4005 ejus.

504 4104 769 4162 Praedicta
789 4108 954 4178 igitur
972 4110 1254 4168 duodecim
1281 4113 1404 4168 lidei
1424 4115 1597 4183 capita
1629 4131 1658 4170 a
1692 4117 2021 4188 quibusdam

433 4199 580 4254 dicta
608 4200 845 4263 articuli,
875 4202 1165 4273 principia,
1198 4203 1551 4260 fundamenta
1584 4208 1727 4272 fidei,
1761 4221 1820 4265 ut
1873 4223 2020 4268 nota-

438 4293 637 4357 vimus,
668 4296 965 4362 generatim
994 4305 1050 4350 et
1101 4295 1339 4352 breviter
1372 4300 1617 4368 exposita
1670 4303 2028 4361 inveniuntur

433 4384 489 4438 in
511 4397 700 4439 sancto
749 4385 1176 4442 rtdivinissimo
1222 4387 1482 4459 Symbolo
1536 4395 1681 4463 quod
1732 4395 2025 4465 primuma

2120 3187 2231 3238 τῶν
2262 3186 2537 3256 δαιμόνων
2593 3191 2625 3258 ἡ
2662 3190 2883 3254 κόλασις
2935 3192 3179 3259 ἀίὼνιος,
3209 3194 3285 3256 ὥς
3327 3212 3492 3264 φησιν
3531 3199 3558 3250 ό
3591 3197 3704 3250 K25-

2124 3296 2259 3348 ριοςσ
2298 3281 2412 3343 τοῖς
2465 3279 2524 3332 δὲ
2568 3281 2824 3336 εὐσεϐέσι
2871 3286 2965 3338 καὶ
3009 3284 3243 3347 δικαίοις
3276 3287 3390 3356 ζωὴ
3429 3288 3522 3341 καὶ
3569 3289 3706 3342 ἀπό.

2121 3371 2314 3434 λαυσις
2371 3372 2468 3425 καὶ
2523 3371 2774 3441 βασιλεία
2827 3375 2983 3446 παρὰ
3035 3376 3274 3445 Χριστοῦ
3329 3378 3546 3442 αἰώνιος
3606 3382 3705 3434 καὶ

2120 3463 2452 3534 ἀπέραντος.
2501 3457 2613 3531 Ἧς
2662 3467 2761 3520 καὶ
2807 3467 3070 3539 τύχοιμεν
3119 3470 3261 3523 ἐλέει
3315 3469 3477 3524 αὐτοῦ
3526 3471 3705 3541 Ἰησοῦ

2120 3554 2388 3622 Χριστοῦ.
2441 3556 2537 3610 τοῦ
2586 3557 2719 3611 Υίοῦ
2785 3558 2880 3612 τοῦ
2925 3558 3133 3624 ζῶντος
3185 3561 3348 3628 Θεοῦ,
3410 3565 3502 3616 καὶ
3566 3564 3703 3616 Θεοῦ

2124 3645 2305 3716 ἡμῶν,
2355 3648 2408 3702 οἱ
2449 3649 2532 3713 είς
2559 3650 2621 3703 τὸ
2647 3650 2822 3720 δνομα
2849 3650 3042 3706 τούτου
3074 3653 3377 3724 όρθοδόξως
3425 3656 3706 3707 mandav-

2123 3756 2237 3803 τες,
2272 3740 2373 3793 καὶ
2403 3741 2582 3810 τούτῳ
2622 3744 3008 3814 τετιμημένοι,
3037 3746 3138 3799 καὶ
3190 3745 3289 3817 τὴν
3323 3748 3511 3800 πίστιν
3535 3746 3700 3802 αὐτοῦ

2124 3830 2461 3900 κρατοῦντες
2503 3837 2585 3896 εἰς
2618 3834 2778 3898 τέλος
2811 3835 2974 3907 ἀσινῆ
3018 3838 3115 3891 καὶ
3165 3837 3487 3904 ἀσάλευτον,
3519 3839 3704 3908 εὐχαῖς

2124 3922 2222 3991 τῆς
2252 3922 2547 3986 Θεοτόκου,
2583 3927 2681 3979 καὶ
2739 3928 2957 3981 πάντων
3005 3927 3116 3982 τῶν
3176 3929 3423 3998 ἀγγέλων
3471 3930 3705 3984 καὶτῶν

2125 4014 2302 4079 ἁγίων
2336 4016 2527 4071 αὐτοῦ.

2200 4105 2283 4158 Τὰ
2349 4109 2726 4177 προειρημένα
2795 4112 2979 4163 τοίνυν
3037 4112 3211 4166 ταῦτα
3276 4114 3547 4181 κεφάλαια
3606 4114 3707 4184 τῆς

2130 4198 2370 4261 πίστεως
2431 4200 2781 4266 δυοκαίδεκα,
2830 4202 2864 4255 ἃ
2916 4203 3014 4257 καὶ
3070 4206 3247 4276 ἄρθρα
3303 4210 3446 4271 τινὲς
3514 4208 3707 4260 καλοῦ-

2131 4306 2240 4354 σιν,
2300 4287 2414 4343 οἷον
2454 4293 2630 4361 ἀρχὰς
2683 4296 2780 4346 καὶ
2848 4296 3137 4364 θεμελίους
3186 4299 3282 4368 τῆς
3334 4281 3589 4365 aiat:st
3632 4304 3706 4363 ὡς

2131 4382 2461 4451 είρήκαμεν,
2523 4386 2863 4456 περιεκτικὰ
2901 4388 3007 4440 τῶν
3062 4390 3290 4442 καῠόλου
3345 4395 3704 4462 τυγχάνοίτα,

439 4475 908 4531 trccentisdecem
939 4487 993 4533 et
1020 4489 1145 4534 octo
1170 4479 1426 4538 Patribus
1481 4482 1678 4539 Nicaeae
1729 4490 2013 4541 exara‘tum

2122 4475 2217 4526 καὶ
2246 4473 2306 4527 τὸ
2345 4475 2487 4545 ἱερὸν
2517 4478 2766 4548 περιέχει
2794 4480 2890 4531 καὶ
2920 4480 3198 4534 θειότατον
3229 4482 3531 4551 Σύμδολον,
3568 4487 3621 4537 ὅτ
3641 4502 3705 4554 ερ

437 4577 522 4623 est
549 4578 602 4622 et
630 4570 795 4638 paulo
848 4579 970 4639 post
1029 4573 1188 4641 quasi
1236 4573 1537 4643 profectum
1588 4586 1674 4633 est
1721 4593 1751 4631 a
1807 4588 2026 4634 centum

354 4732 357 4737 ἱ
442 4660 840 4730 quinquaginta
869 4661 1498 4735 tionstanlinOpolitanis
1527 4669 1735 4723 sanctis
1754 4667 2029 4732 l’atribus,

434 4760 488 4802 vt
506 4750 738 4818 denique
757 4752 1135 4822 approbatum,
1156 4766 1536 4810 consecratum
1554 4766 1608 4811 et
1624 4760 2028 4830 promulgatum

436 4862 464 4893 ιι
508 4844 719 4897 cat-teris
747 4844 991 4913 quinque
1018 4847 1373 4902 mentneuicis
1397 4848 1640 4917 synodis.
1673 4848 1780 4903 Sed
1806 4851 2030 4919 insuper

439 4936 632 4985 harum
668 4932 840 4988 sancti
876 4933 1064 4990 Patres
1092 4937 1426 5005 synodorum
1465 4937 1605 4991 inter
1647 4953 1837 4994 omnes
1883 4943 2030 4997 cele-

438 5026 563 5078 bres
581 5025 884 5080 clarissime
905 5025 1024 5081 haec
1050 5028 1368 5095 praedicant,
1405 5044 1528 5097 quze
1557 5044 1681 5085 cum
1718 5031 1826 5088 illis
1851 5036 2023 5105 gratia

434 5115 641 5172 Christi
664 5117 752 5186 pie
774 5117 1121 5188 ﬁrmiterque
1135 5120 1491 5173 conﬁtentur.

507 5375 684 5430 Habet
709 5376 871 5444 igitur
895 5378 1055 5432 obvie
1081 5379 1319 5448 primum
1349 5390 1512 5449 caput
1571 5386 1714 5452 quod
1756 5401 1901 5441 unus
1944 5397 2028 5441 est

434 5468 601 5534 Deus,
634 5484 779 5523 unus
809 5470 1099 5533 Dominus,
1135 5470 1295 5526 Pater
1324 5487 1446 5527 cum
1478 5473 1617 5531 Filio
1676 5488 1729 5532 et
1789 5480 2025 5549 Spiritu.

436 5561 639 5614 licinde
674 5561 887 5614 Patrem
918 5574 1077 5617 vocat
1112 5562 1314 5631 Dcum,’
1335 5567 1498 5621 Deum
1535 5586 1750 5641 quoque
1799 5570 2023 5643 Ftiiutn,

431 5662 487 5704 et
518 5653 810 5707 Dominum
850 5653 1117 5722 Spiritum
1142 5671 1387 5715 salictum
1421 5678 1435 5728 ;
1468 5675 1522 5717 et
1547 5666 1830 5733 profitetur
1856 5672 2023 5719 unius

434 5760 555 5799 esse
584 5745 904 5800 substantia:
933 5757 1101 5804 totam
1137 5750 1454 5809 Trinitatem
1488 5774 1500 5821 ;
1531 5765 1583 5810 ct
1639 5772 1800 5811 unum
1871 5772 2020 5811 catu-

2133 4567 2239 4620 ὐπὸ
2262 4568 2373 4620 τῶν
2398 4573 2732 4639 τριακοσίων
2761 4572 3043 4627 δεκαοκτὼ
3071 4575 3172 4643 μὲν
3205 4579 3261 4628 ὲν
3294 4576 3500 4646 Νικαέᾳ
3528 4575 3703 4640 ἐξετέ-

2132 4659 2198 4729 θη
2239 4663 2605 4734 τοπρότερον,
2656 4665 3003 4720 τετελείωται
3058 4667 3115 4720 δὲ
3170 4669 3272 4722 ὑπὸ
3330 4668 3443 4720 τῶν
3510 4670 3702 4723 ἑκατὸν

2132 4754 2473 4822 πεντήκοντα
2508 4760 2565 4808 ὲν
2597 4758 3183 4813 Κωνσταντινουπόλει
3239 4760 3409 4829 ἁγίων
3453 4761 3703 4830 Πατέρων

2133 4845 2252 4914 μετ’
2276 4847 2459 4914 ὀλίγον
2513 4846 2765 4915 ῦστερονο
2798 4850 2894 4901 καὶ
2926 4852 2981 4902 αἱ
3033 4850 3219 4904 λοιπαὶ
3275 4852 3333 4904 δὲ
3367 4853 3526 4905 τοῦτο
3577 4857 3698 4905 ἐπε-

2131 4937 2449 5004 σφράγισαν
2516 4940 2611 4991 καὶ
2694 4940 3042 5010 ἀνεκήρυξαν
3102 4944 3482 5013 οίκουμενικαὶ
3552 4947 3704 5010 ᾶγιαι

2130 5030 2292 5081 πέντε
2342 5028 2573 5082 σύνοδοι.
2623 5030 2780 5085 Ἀλλὰ
2816 5034 2911 5085 καὶ
2961 5033 3012 5085 oi
3061 5033 3225 5103 μέσον
3251 5034 3359 5088 τῶν
3391 5035 3551 5104 ἱερῶν
3584 5035 3706 5089 τού-

2126 5139 2236 5173 των
2291 5121 2450 5191 321
2505 5124 2738 5177 συνόδων
2790 5126 3205 5195 ἀναλάμψαντες
3268 5128 3412 5196 ἆγιοι
3470 5128 3702 5196 Πατέρες

2126 5214 2437 5282 τρανότατα
2491 5216 2882 5286 ὡμολόγησαν.
2936 5220 3048 5273 Καὶ
3102 5222 3266 5289 ἡμεῖς
3295 5221 3352 5274 δὲ
3384 5221 3543 5274 τοῦτο
3570 5223 3703 5275 καύ-

2128 5303 2508 5374 ομολογοῦμεν
2549 5306 2737 5377 χάριτι
2790 5307 3032 5378 Χριστοῦ
3082 5309 3181 5363 σὺν
3215 5311 3423 5372 αὐτοῖς.

2204 5397 2457 5467 Περιέχει
2487 5397 2545 5450 δὲ
2596 5398 2757 5462 εὐθὺς
2779 5399 2840 5452 τὸ
2872 5401 3086 5471 πρῶτον
3133 5403 3448 5471 κεφάλαιον,
3509 5403 3591 5456 ὅτι
3623 5398 3706 5466 εἷς

2081 5530 2085 5534 .
2125 5489 2279 5552 Θεὸς,
2300 5482 2381 5551 εἷς
2400 5489 2625 5560 Κύριος,
2645 5491 2675 5543 ό
2701 5491 2891 5564 Πατὴρ
2910 5495 3009 5547 σὺν
3039 5492 3156 5564 Υίῷ
3180 5495 3274 5547 καὶ
3300 5494 3376 5564 τῷ
3409 5493 3706 5562 Πνεύματι,

2126 5581 2254 5632 ἐπεὶ
2286 5582 2381 5632 καὶ
2407 5582 2540 5634 Θεὸν
2571 5583 2662 5636 τὸν
2703 5585 2945 5655 Πατέρα,
2994 5586 3086 5639 καὶ
3134 5587 3268 5639 Θεὸν
3327 5589 3391 5640 ἐκ
3451 5585 3586 5639 Θεοῦ
3615 5590 3706 5639 ττλν

2128 5672 2276 5737 Υίὸν,
2304 5675 2402 5727 καὶ
2423 5673 2634 5747 Κύριον
2656 5675 2915 5747 ὀνομάζει
2942 5678 3004 5732 τὸ
3036 5678 3262 5749 Πνεῦμα
3292 5680 3352 5732 τὸ
3378 5681 3529 5747 ἅγιον
3556 5695 3569 5708 ·
3612 5681 3707 5732 καὶ

2127 5763 2415 5832 όμίιούσιόν
2458 5784 2590 5837 φησι
2634 5767 2732 5839 τὴν
2777 5769 3009 5838 Τριάδα,
3052 5770 3143 5824 καὶ
3173 5769 3422 5839 ὁμόδοξον
3461 5769 3551 5823 τὸν
3590 5771 3705 5822 ναί
