4056 6422
363 385 467 466 sas

1545 384 1908 444 AllTlL‘ULl
1954 385 2064 443 Xll
2098 385 2196 443 DE
2231 384 2429 447 FiDE.

3516 384 3621 447 8’16

361 499 492 564 τέρα
536 494 612 563 τῷ
653 494 768 565 Tir?)
803 495 897 548 ml
932 494 1233 564 Ηνεύματι,
1287 496 1384 547 καὶ
1422 496 1538 564 ἅμα
1577 495 1814 557 αἰώνιον,
1849 496 1940 548 καὶ

2043 501 2266 567 demque
2289 499 2514 567 gloriam
2541 499 2735 552 habere
2757 497 3128 565 l‘atrem,cnm
3159 498 3293 553 Filio
3314 509 3366 554 et
3393 499 3622 569 Spiritu,

362 582 796 650 παντοκράτορα,
829 584 923 634 καὶ¹
975 584 1201 654 ποιητὴν
1249 583 1348 638 ἕνα
1402 583 1598 646 ταῦτα,
1634 586 1708 648 ὡς
1745 586 1837 636 καὶ
1887 586 1936 636 οἱ

361 673 641 740 προφῆταί
677 690 828 740 φασι,
865 675 957 727 τὸν
987 674 1118 727 Θεὸν
1148 680 1241 729 καὶ
1281 679 1496 747 Πατέρα
1531 680 1670 747 μετὰ
1713 679 1807 731 τοῦ
1841 679 1940 731 Λό-

363 780 462 832 γου
498 766 592 816 καὶ
624 765 1070 832 Πνεύμςιαιτοιμκαλ⁵
1114 769 1162 820 οἱ
1209 769 1431 837 ἄγγελοι
1472 771 1530 821 ὲν
1570 771 1752 839 τρισὶν
1779 771 1938 836 ἁγια-

363 858 518 924 σμοίς
558 856 652 909 ἕνα
691 859 893 928 Κύριον
931 861 1249 927 μέλπουσιν.

461 1052 598 1109 Εἶτα
667 1057 760 1110 καὶ
805 1057 864 1110 τὸ
931 1059 1180 1130 δεύτερον
1253 1063 1575 1131 τρανότερον
1640 1064 1937 1132 καταγγέλο-

266 1195 272 1200 ,
360 1147 478 1211 λει,
551 1151 632 1201 ὅτι
693 1144 847 1211 οὗτος
911 1154 938 1204 ὁ
1009 1154 1167 1222 μόνος
1233 1153 1402 1218 Θεὸς,
1475 1156 1641 1223 Τριὰς
1691 1157 1766 1208 ὢν
1828 1159 1937 1220 τοῖς

777 1243 870 1293 καὶ
924 1245 1088 1311 μονὰς
1151 1249 1214 1314 τῇ
1272 1229 1483 1314 θεότητι
1518 1287 1533 1312 ,
1598 1249 1786 1316 Πατήρ
1822 1250 1935 1299 ἐστι

364 1335 455 1385 καί
508 1334 634 1395 Υἱὸς
691 1337 787 1388 καὶ
834 1333 988 1400 ἆγιον
1049 1336 1289 1406 Πνεῦμα.
1345 1340 1454 1391 Kal.
1503 1341 1530 1391 6
1592 1339 1693 1408 μὲν
1744 1342 1935 1407 Πατὴρ

366 1426 657 1495 ἀγέννητος
723 1427 814 1478 καὶ
871 1427 1131 1491 ἀναίτιος,
1183 1432 1351 1492 αἴτιος
1400 1431 1455 1481 δὲ
1511 1432 1669 1499 μόνος
1725 1433 1831 1484 τῶν
1880 1432 1937 1495 ἐξ

365 1515 552 1568 αὐτοῦ.
633 1516 686 1568 Ὀ
729 1515 854 1578 Υἱὸς
905 1517 959 1568 δὲ
993 1520 1248 1586 γεννητὸς
1305 1521 1410 1588 πρὸ
1455 1522 1668 1574 αἰώνων
1730 1525 1792 1576 ἐκ
1840 1525 1932 1576 τοῦ

369 1609 574 1675 Πατρὸς
596 1608 898 1676 ὸμοούσιος,
929 1610 1042 1676 φῶς
1074 1613 1138 1663 ἐκ
1169 1611 1364 1678 φωτὸς,
1401 1612 1534 1676 Θεδς
1564 1618 1624 1666 ἐκ
1652 1615 1810 1667 Θεοῦο
1844 1620 1936 1670 καὶ

365 1701 422 1752 τὸ
452 1700 606 1768 ἅγιον
643 1701 882 1769 Πνεῦμα,
917 1703 1140 1770 Κύριον,
1179 1701 1466 1768 ζωοποιὸν,
1501 1706 1564 1756 ὲκ
1603 1705 1694 1758 τοῦ
1728 1708 1934 1776 Harpe;

366 1241 680 1309 προσώποις
706 1281 719 1303 ,

2041 598 2093 641 rt
2130 590 2290 643 simul
2319 605 2440 642 cum
2465 590 2546 643 cis
2573 605 2693 644 esse
2715 601 3002 656 internum,
3059 601 3113 646 et
3171 592 3620 657 omnipotentem,

2040 689 2094 734 et
2121 689 2415 734 creatorem
2453 684 2722 745 omnium,
2772 683 2914 736 sicut
2971 683 3270 751 loquuntur
3323 687 3625 754 prnphetm,

2041 771 2207 824 Deum
2241 779 2498 825 vocantes
2527 779 2636 825 tres
2662 772 2821 824 simul
2844 771 3051 825 Patrem
3086 790 3207 828 cum
3233 774 3369 828 Filio
3395 787 3447 827 et
3487 777 3577 844 Spi
3597 807 3620 815 -

2043 862 2173 924 ritu,
2203 860 2358 931 juxta
2391 861 2632 931 angelos,
2662 861 2750 929 qui
2785 861 2841 915 in
2867 862 3114 934 Trisagio
3140 880 3306 917 unum
3335 865 3621 918 Dominum

2041 961 2264 1005 canunt.

2111 1065 2312 1120 Deitide
2346 1069 2642 1121 secundum
2679 1071 2921 1138 apertius
2985 1068 3142 1122 duret
3201 1071 3346 1121 hune
3401 1070 3624 1122 unicum

2043 1157 2228 1220 Deum,
2259 1159 2456 1212 trinum
2492 1160 2542 1211 in
2575 1166 2824 1227 personis
2846 1168 2899 1214 et
2931 1176 3094 1213 unum
3164 1161 3451 1212 Divinitate
3501 1179 3622 1213 (βε-,ιε

2039 1243 2253 1298 Patri-ni
2275 1256 2326 1300 et
2344 1244 2536 1299 Filium
2557 1255 2608 1302 et
2631 1248 2916 1317 Spiritum.
2939 1247 3327 1318 Pati-rquilrm
3350 1250 3624 1320 ingenitus

2039 1348 2091 1389 et
2115 1337 2410 1400 increatus,
2438 1342 2592 1393 unica
2625 1339 2738 1408 ipse
2770 1355 2936 1394 causa
2964 1342 3225 1405 omnium,
3249 1358 3370 1410 qurc
3404 1351 3529 1394 Sunt
3553 1358 3618 1394 ex

2040 1440 2180 1493 ipso.
2213 1429 2383 1482 Filius
2416 1439 2594 1483 autem
2626 1446 2692 1484 ex
2725 1429 2885 1485 Patre
2937 1433 3153 1500 genitus
3212 1442 3337 1485 ante
3396 1435 3619 1498 sarcula,

2039 1514 2140 1587 ipsi
2174 1519 2679 1582 COllSlll)Sl:tllllaliS,
2717 1519 2925 1574 Lumen
2963 1524 3027 1574 de
3074 1523 3298 1587 lumine,
3363 1522 3504 1576 Deus
3553 1523 3623 1576 de

2038 1609 2170 1664 Deo.
2206 1609 2270 1664 Et
2299 1611 2534 1680 Spiritus
2563 1619 2806 1676 sanctus,
2864 1609 3493 1680 Dominus,‘viviliCans,
3551 1630 3614 1668 ex

2039 1703 2194 1756 Patre
2225 1705 2523 1772 procedens
2560 1715 2655 1760 :et
2684 1706 2875 1760 horum
2914 1722 3017 1759 una
3051 1718 3132 1784 est
3170 1716 3361 1761 natura
3421 1717 3474 1762 et
3529 1723 3620 1762 ea-

366 1794 824 1862 ὲκπορευόμενοψ
856 1794 949 1846 καὶ
980 1794 1060 1845 ὅτι
1115 1796 1210 1862 μία
1255 1797 1416 1864 φύσις
1444 1799 1538 1850 καὶ
1578 1799 1703 1862 δόξα
1739 1817 1933 1868 προαι-

2043 1794 2157 1848 dem
2193 1797 2359 1864 gloria
2393 1799 2706 1862 ahmterno,
2739 1808 2795 1852 et
2839 1799 2943 1852 una
3000 1797 3216 1868 quoque
3265 1802 3505 1869 potentia
3564 1809 3620 1854 et

362 1885 517 1949 ὡνιος
573 1888 812 1938 τούτων·
852 1886 949 1937 καὶ
1003 1885 1097 1954 μία
1146 1885 1372 1954 δύναμις
1429 1891 1522 1940 καί
1563 1890 1935 1958 προσκύνησις

364 1979 472 2030 τῶν
521 1977 703 2045 τριῶν.
766 1977 898 2045 Φησὶ
953 1979 1062 2044 γὰρ
1113 1978 1239 2045 περὶ
1279 1978 1372 2029 τοῦ
1433 1979 1768 2048 Πνεύματος,
1810 2001 1826 2031 ι
1866 1983 1938 2033 Τὸ

370 2069 465 2121 σὺν
501 2069 672 2136 Πατρὶ
722 2067 816 2120 καῖ⁶
868 2067 982 2135 Υἱῴ
1033 2069 1644 2136 συμπροσκννούμενον,
1685 2072 1778 2122 καὶ
1816 2087 1942 2124 συν-

367 2159 741 2229 δοξαζόμενον.
779 2177 798 2209 ›
1487 2157 1495 2162 “

439 2273 634 2342 Τρίτον
685 2273 740 2325 δὲ
792 2275 1118 2337 ἐκδιδάσκει,
1164 2275 1244 2327 ὅτι
1295 2273 1627 2342 δημιουργὸς
1669 2274 1701 2341 ή
1741 2273 1938 2342 Τριάς.

371 2369 434 2418 ὲκ
464 2365 560 2416 τοῦ
595 2367 670 2436 μὴ
696 2367 848 2428 ὄντος
884 2370 950 2420 τὰ
1002 2368 1200 2431 πάντα,
1236 2367 1408 2434 ὁρατά
1439 2369 1531 2418 καὶ
1574 2367 1779 2435 ἀόρατα
1804 2403 1818 2426 ,
1852 2365 1951 2418 οὐο,

371 2455 612 2509 σιώσασα
665 2461 760 2510 καὶ
829 2459 1122 2526 ποιήσασα.
1186 2457 1351 2508 Ὅθεν
1416 2456 1506 2507 τὸν
1569 2457 1667 2525 μὲν
1725 2454 1940 2523 Πατέρα

371 2550 600 2617 ποιητήν
633 2567 797 2618 φησιν
829 2550 1061 2618 ούρανοῦ
1096 2550 1190 2601 καὶ
1221 2549 1325 2615 γῆς
1381 2549 1474 2600 καὶ
1519 2548 1797 2608 ἁπάντων,
1849 2547 1938 2599 τὸν

370 2641 425 2692 δὲ
473 2642 637 2705 Υἰὺν,
667 2641 753 2692 Δι’
787 2640 846 2692 οὗ
877 2643 945 2692 τὰ
988 2641 1164 2692 πάντα
1212 2640 1448 2705 ἐγένετο.
1484 2639 1558 2690 Τὸ
1611 2637 1667 2688 δὲ
1718 2637 1939 2706 Πνεῦμα

371 2733 518 2798 λέγει
577 2731 858 2796 ζωοποιὸν,
897 2733 1019 2785 ἐπεὶ
1064 2733 1380 2785 τετελείωκε
1431 2735 1524 2783 καὶ
1559 2731 1813 2796 ζωοποιεῖ
1847 2734 1944 2785 καὶ

372 2827 586 2895 συνέχει
615 2826 680 2877 τὰ
720 2827 1032 2893 σύμπαντα.

445 2938 681 2991 Ἔπειτα
711 2937 767 2989 δὲ
800 2937 870 2989 τὰ
910 2939 1007 3007 τῆς
1043 2936 1372 3006 σαργώσεως
1423 2935 1814 3004 καταγγέλλων
1844 2935 1940 2988 τοῦ

372 3031 542 3097 Λόγου
565 3069 579 3093 ,
608 3031 668 3082 τὸ
717 3029 978 3098 τέταρτον
1031 3029 1339 3098 ὑπογράφει
1373 3031 1705 3098 κεφάλαιον,
1758 3030 1840 3081 ὅτι
1878 3030 1941 3081 ὲκ

375 3125 685 3194 Πνεύματος
733 3125 892 3190 ἁγίου
922 3125 1019 3176 καὶ
1068 3125 1164 3193 τῆς
1214 3123 1476 3176 Θεοτόκου
1527 3123 1743 3194 Μαρίας
1771 3125 1798 3175 ὁ
1842 3123 1943 3176 Λύ-

369 3233 466 3285 γος
520 3217 880 3286 σεσάρκωται.

442 3330 552 3383 Kal.
586 3328 865 3399 Παρθένον
880 3327 1082 3395 ταύτην
1104 3330 1235 3397 φησὶ
1267 3328 1327 3380 τδ
1353 3329 1605 3398 πέμπτον
1623 3327 1941 3396 κεφάλαιον,

373 3425 644 3498 βεϐαιοῦν,
675 3425 753 3475 ὅτι
786 3423 880 3476 καὶ
905 3423 1008 3492 πρὸ
1036 3421 1217 3486 τόκου,
1240 3423 1296 3471 ὲν
1316 3421 1461 3491 τόκῳ
1491 3425 1583 3472 καῖ.
1618 3422 1757 3488 μετά
1781 3421 1943 3473 τόκον

370 3516 578 3585 ταύτην
631 3514 907 3584 Παρθένον
961 3513 1218 3580 ἐφύλαξε.
1275 3512 1387 3565 Kal.
1439 3513 1798 3578 σαρκωθέντα
1846 3511 1940 3564 καὶ

372 3606 873 3676 ὲνανθρωπήσαντα
899 3604 1072 3672 λέγει,
1108 3603 1193 3656 ὅτι
1231 3602 1437 3667 ἁπλοῦς
1475 3602 1553 3656 ὢν
1593 3595 1748 3665 οὗτος
1778 3603 1807 3654 ὁ
1837 3603 1944 3654 A6—

369 3714 498 3764 γος,
545 3698 740 3764 γέγονε
779 3693 1000 3756 διπλοῦς
1033 3694 1100 3746 δι’
1131 3695 1300 3763 ἡμᾶς,
1348 3693 1504 3762 σῶμα
1549 3693 1792 3763 ἔμψυχον
1843 3693 1939 3744 λα-

371 3789 506 3856 ϐὼν,
537 3788 681 3858 ψυχῇ
713 3788 876 3857 νοερᾷ
924 3786 1018 3839 καὶ
1059 3785 1344 3856 θελητικῇ,
1376 3781 1454 3848 εἷς
1496 3788 1562 3838 ὲκ
1595 3784 1688 3837 δύο
1721 3785 1940 3837 τελείων

370 3860 502 3932 τῶν.
514 3880 755 3948 φύσεων.

446 4059 551 4111 Καὶ
592 4057 654 4110 τὸ
686 4057 843 4111 ἕκτον
875 4058 930 4111 δὲ
961 4057 1238 4126 κηρύττει,
1269 4057 1332 4109 τὸ
1373 4057 1539 4134 σαρκὶ
1585 4057 1747 4110 αὐτὸν
1779 4075 1941 4110 σταυ-

374 4151 613 4222 ρωθῆναι
665 4150 806 4218 ὑπὲρ
850 4150 1032 4220 ἡμῶν,
1067 4151 1162 4202 καὶ
1195 4149 1388 4202 παθεῖν
1415 4189 1431 4215 ,
1467 4150 1587 4220 ἦτοι
1650 4151 1972 4204 ἀποθανεῖν’

371 4244 466 4296 καὶ
495 4246 758 4312 ταφῆναι.

444 4336 553 4387 Kal.
581 4315 898 4403 1b'i660pov
945 4334 1021 4393 δὲ,
1053 4335 1135 4388 ὅτι
1169 4335 1366 4404 ἀνέστη
1429 4334 1752 4404 τριήμερος.

446 4428 556 4478 Kal.
604 4427 667 4478 τὸ
715 4425 926 4490 ὃγδοον,
975 4428 1058 4478 ὅτι
1093 4427 1177 4487 είς
1218 4426 1482 4493 οὐρανοὺς
1510 4427 1814 4495 ἀνελήφθη,
1848 4429 1942 4481 καὶ

373 4520 438 4569 ὲκ
481 4517 673 4582 δεξιῶν
701 4519 792 4570 τοῦ
835 4517 1048 4586 Πατρὺς
1079 4516 1361 4570 κεκάθικε.

445 4611 553 4662 Kal.
573 4610 632 4660 τὸ
657 4611 874 4662 ἔννατον
895 4609 1186 4677 μαρτυρεῖ,
1206 4609 1288 4659 ὅτι
1313 4608 1372 4659 ὲν
1400 4607 1468 4677 τῇ
1491 4606 1766 4676 συντελείᾳ
1789 4607 1945 4668 οὗτος

377 4703 536 4756 πάλιν
570 4702 664 4756 ἀπ’
714 4702 945 4756 ούρανοῦ
993 4701 1278 4755 ἐλεύσεται
1335 4703 1476 4771 μετά
1528 4701 1687 4772 δόξης
1721 4704 1814 4757 ἐπὶ
1845 4705 1945 4772 τῆς

375 4801 501 4868 γῆξ·

455 4890 564 4943 Kal.
588 4889 648 4940 τὸ
675 4888 898 4941 δέκατον
929 4887 1203 4957 ἐπιφέρει,
1228 4887 1312 4939 ὅτι
1368 4887 1546 4958 κρινεί
1593 4885 1802 4949 ζῶντας
1852 4885 1948 4938 καὶ

379 4982 626 5050 νεκρούς.

451 5071 604 5138 Εῐτα,
662 5072 950 5143 Προσδοκῶ
1019 5073 1319 5127 ἀνάστασιν
1390 5071 1620 5141 νεκρῶν,
1675 5073 1824 5141 λέγει
1888 5073 1949 5126 τὸ

377 5167 681 5227 ἑνδέκατον,
708 5163 1058 5218 ἐπιϐεϐαιοῦν
1092 5167 1190 5233 τὴν
1217 5165 1325 5217 τῶν
1355 5163 1623 5234 σωμάτων
1642 5163 1800 5232 ἡμῶν
1839 5164 1948 5214 τῶν

382 5260 528 5311 ἰδίων
557 5263 648 5310 καὶ
693 5257 791 5328 οὐχ
819 5256 1018 5327 ὲτέρων
1043 5258 1343 5310 ἀνάστασιν
1365 5294 1381 5320 ,
1415 5260 1532 5319 ταῖς
1559 5256 1762 5326 ψυχαῖς
1790 5255 1948 5326 ἡμῶν

384 5350 718 5404 ἑνωθέντων.

458 5443 568 5496 Kal.
594 5428 977 5494 ἰδ’δωδέκατον
998 5441 1054 5494 δὲ
1081 5444 1143 5494 τὸ
1169 5442 1268 5511 τῆς
1297 5441 1573 5503 κολάσεως
1607 5440 1702 5494 καὶ
1728 5441 1824 5509 τῆς
1854 5439 1950 5508 βα-

351 5535 584 5599 βιλείας
611 5533 827 5586 αίώνιον
857 5533 1184 5598 ἐκδιδάσκει,
1217 5534 1414 5601 λέγων,
1479 5552 1496 5584 ι
1535 5533 1644 5586 Kal.
1677 5532 1822 5601 ζωὴν
1853 5530 1946 5583 τοῦ

381 5626 668 5695 μέλλοντος
706 5626 922 5688 αἰῶνος.
960 5626 1153 5696 Ἀμήν.
1183 5644 1202 5677 ι

455 5721 642 5776 Ταῦτα
675 5723 771 5792 μὲν
789 5717 882 5776 οὖν
898 5722 966 5774 τὰ
991 5722 1262 5789 κεφάλαια
1285 5722 1345 5774 τὸ
1377 5721 1518 5773 θεῖον
1547 5719 1826 5790 Σύμϐολον
1853 5737 1949 5771 πε-

390 5814 581 5884 ριέχει,
618 5816 718 5881 τῆς
753 5816 891 5869 κατὰ
944 5815 1178 5884 Χριστδν
1213 5814 1343 5869 ὄντα
1386 5816 1442 5866 ὲν
1496 5813 1699 5882 θεωρίᾳ
1737 5813 1950 5881 φιλοσο-

2040 1887 2211 1940 virtus
2242 1897 2296 1941 et
2322 1890 2594 1943 adoranda
2648 1889 2949 1957 maiestas:
2998 1892 3125 1945 dlt‘il
3178 1892 3321 1945 enim
3373 1896 3439 1947 de
3497 1891 3622 1964 Spi-

2040 1979 2145 2031 ritu
2177 1996 2191 2032 :
2233 1996 2252 2029 ‹
2294 1980 2545 2044 Quicum
2596 1981 2759 2036 Patre
2801 1991 2855 2036 et
2895 1981 3032 2038 Filio
3067 1984 3232 2038 simul
3269 1986 3528 2040 aduratur
3564 1994 3620 2042 et

2042 2071 2504 2139 congloriftcatur.
2544 2091 2564 2122 ι

2114 2269 2355 2324 Tertium
2390 2281 2575 2338 postea
2591 2269 2750 2326 docet
2773 2271 3095 2328 Trinitatem
3122 2269 3421 2331 creatorem
3450 2278 3617 2332 fuisse

2040 2372 2093 2414 et
2128 2362 2306 2415 omnia
2339 2361 2569 2416 visibilia
2598 2373 2651 2416 et
2673 2363 2964 2418 invisibilia
2983 2382 3046 2420 ex
3081 2368 3250 2420 nihilo
3273 2368 3535 2424 formasse
3565 2382 3619 2424 et

2040 2455 2328 2508 creavisse.
2368 2451 2519 2507 Unde
2544 2453 2756 2508 Patrem
2789 2467 2945 2510 vocat
2979 2476 2998 2508 ε
3034 2456 3344 2514 Creatorem
3393 2463 3516 2516 caali
3564 2471 3620 2518 et

2043 2552 2239 2610 terrae;
2269 2563 2286 2595 ι
2321 2543 2518 2599 Filium
2550 2563 2567 2595 ι
2603 2544 2707 2599 Per
2732 2563 2892 2615 quem
2926 2550 3106 2602 omnia
3142 2551 3281 2604 facta
3329 2563 3481 2617 sunt,
3510 2571 3528 2604 ι
3563 2565 3617 2608 et

2041 2635 2274 2706 denique
2308 2636 2571 2705 Spiritum
2601 2637 2732 2692 dicit
2764 2657 2782 2688 α
2815 2640 3176 2695 viviﬁcantem
3211 2663 3229 2694 ι
3272 2659 3394 2698 cum
3446 2646 3623 2713 pelle-

2043 2727 2176 2782 cerit
2195 2739 2246 2782 et
2283 2729 2638 2785 viviﬁcaverit
2659 2741 2711 2786 et
2733 2733 3066 2788 ordinaverit
3092 2735 3274 2789 omnia
3321 2737 3506 2792 simul.

2116 2925 2359 2982 Subinde
2389 2927 2816 2983 incarnationem
2850 2929 3005 2984 Verbi
3030 2932 3234 2988 ducens
3261 2946 3424 3004 caput
3454 2953 3620 3003 quar-

2048 3029 2157 3069 tum
2183 3031 2447 3072 memorat
2476 3019 2673 3075 Filium
2718 3023 2807 3076 Dei
2863 3039 3082 3078 carnem
3139 3029 3504 3096 assumpsisse
3551 3032 3619 3085 de

1967 3170 2011 3224 c
2047 3111 2249 3179 Spiritu
2294 3120 2484 3167 sancto
2527 3126 2592 3168 ex
2617 3113 2781 3168 Maria
2807 3115 3053 3184 Dcipara.

2115 3313 2287 3378 Quam
2317 3315 2583 3384 virginem
2606 3319 2840 3386 appellat
2861 3323 3110 3390 quintum
3135 3333 3320 3393 caput,
3345 3325 3620 3383 allirmans

2047 3407 2412 3461 hancnullum
2439 3410 2768 3480 virginitatis
2790 3428 3004 3480 passam
3032 3412 3203 3469 fuisse
3232 3415 3618 3471 detrimentum

2045 3513 2142 3552 nec
2163 3508 2286 3554 ante
2318 3509 2556 3568 partum,
2587 3517 2686 3556 nec
2717 3504 2770 3556 in
2807 3513 2988 3571 partu,
3039 3520 3141 3559 nec
3185 3515 3310 3575 post
3359 3518 3570 3576 partum
3600 3525 3617 3574 ;

2050 3589 2391 3657 Verbumque
2414 3590 2549 3644 dicit
2582 3591 2926 3646 incarnatum
2949 3604 3000 3648 et
3031 3595 3084 3648 in
3112 3596 3364 3650 humanis
3382 3611 3620 3652 commo-

2045 3689 2241 3744 ratum,
2275 3682 2402 3749 quia
2433 3683 2666 3736 Verbum
2701 3699 2824 3738 cum
2850 3694 2994 3738 esset
3013 3685 3270 3754 simplex,
3293 3685 3487 3754 duplex
3520 3703 3620 3757 pro

2044 3772 2202 3825 nobis
2253 3772 2505 3827 elfectu-m
2563 3783 2668 3840 est,
2719 3788 2918 3842 corpus
2965 3777 3267 3830 animatum
3321 3779 3616 3848 accipiens,

2045 3863 2232 3915 animo
2268 3864 2586 3934 intelligcnti
2617 3875 2672 3918 et
2709 3865 2908 3920 volenti
2924 3869 3261 3936 copulatum,
3295 3885 3436 3924 unus
3455 3873 3618 3926 homo

2042 3971 2104 4008 ex
2139 3955 2352 4009 duabus
2376 3957 2602 4026 integris
2631 3959 2861 4013 naturis.

2115 4049 2336 4103 Sextum
2371 4064 2533 4119 porro
2561 4052 2863 4119 proclamat.
2895 4051 3130 4107 Verbum
3158 4054 3336 4124 ipsum
3371 4055 3425 4110 in
3449 4069 3616 4112 carne

2042 4143 2360 4196 cruciﬁxum
2382 4156 2507 4197 esse
2551 4158 2648 4212 pro
2687 4143 2866 4210 nobis,
2914 4159 3132 4213 passum
3151 4161 3294 4213 esse,
3315 4162 3439 4203 vere
3466 4163 3616 4204 mor-

2046 4243 2197 4288 tuum
2221 4245 2274 4289 et
2296 4235 2590 4304 sepultum.

2115 4326 2440 4394 Septimum,
2464 4329 2595 4395 quia
2615 4331 2912 4384 resurrexit
2939 4331 3095 4385 tertia
3121 4332 3226 4386 die.

2116 4420 2398 4485 υι-ιιινιιιιι,
2415 4422 2536 4489 quia
2558 4423 2805 4493 ascendit
2822 4423 2874 4476 in
2899 4424 3095 4478 C(elum
3117 4436 3171 4480 et
3192 4426 3332 4481 sedit
3352 4428 3415 4480 ad
3431 4428 3621 4483 dexte-

1969 4507 2012 4559 D
2046 4527 2160 4562 ram
2195 4510 2397 4566 Patris.

2120 4603 2332 4659 Nonqu
2375 4614 2605 4660 testatur
2639 4607 2784 4677 quod
2825 4607 2878 4661 in
2920 4612 3394 4667 consummatione
3430 4617 3615 4670 saeculi

2050 4695 2286 4752 Verbum
2311 4697 2507 4752 iterum
2529 4698 2823 4754 descendet
2843 4715 2967 4754 cum
2999 4702 3169 4757 cloria
3195 4704 3258 4758 de
3285 4706 3423 4758 cmlo
3443 4705 3494 4758 in
3517 4717 3622 4760 ter-

2047 4807 2186 4845 ram.
2335 4775 2342 4794 Ι

2122 4885 2188 4940 Et
2217 4887 2483 4942 decimum
2509 4885 2659 4941 addit
2685 4885 2826 4942 auod
2861 4886 3130 4953 judicabit
3174 4888 3325 4942 vivos
3371 4897 3426 4942 et
3477 4904 3623 4942 mor-

2051 4986 2193 5031 tuos.

2125 5069 2328 5125 Deinde
2359 5069 2706 5124 undecimum
2764 5069 2901 5123 dicit
2934 5086 2949 5124 :
2985 5085 3005 5120 ι
3045 5070 3316 5140 Exspecto
3376 5087 3620 5127 resurre-

2050 5162 2286 5215 ctionem
2323 5170 2687 5226 mortuorum,
2733 5180 2749 5213 ι
2788 5161 2874 5215 his
2911 5164 3087 5217 verbis
3140 5163 3377 5218 innitens
3429 5166 3616 5219 eadem

2050 5256 2168 5326 ipsa
2194 5263 2378 5309 nostra
2410 5268 2663 5322 corpora,
2689 5269 2798 5308 non
2821 5256 2924 5309 alia
2955 5256 3113 5312 nobis
3134 5271 3253 5312 esse
3271 5258 3544 5312 reddenda
3564 5271 3621 5312 et

2050 5349 2334 5402 animabus
2362 5349 2594 5418 propriis
2626 5346 2820 5400 iterum
2852 5348 3106 5402 unienda.

2122 5441 2512 5495 Duodecimum
2540 5439 2776 5506 denique
2801 5440 2961 5494 docet
2982 5442 3336 5496 aeternitatem
3369 5453 3422 5497 et
3447 5458 3624 5512 preme

2050 5544 2103 5586 et
2131 5533 2396 5586 mercedis
2431 5548 2484 5585 tn
2517 5547 2680 5602 regno
2708 5533 2798 5587 Dei
2827 5533 3015 5590 dicens
3042 5552 3055 5587 :
3089 5553 3107 5587 ι
3139 5545 3190 5589 et
3215 5536 3380 5590 vitam
3412 5537 3622 5590 venturi

2052 5628 2257 5684 s;rculi.
2288 5627 2479 5682 Amen.
2517 5644 2538 5679 ι

2122 5719 2245 5772 ,ΙΙ-ρο
2273 5720 2432 5788 igitur
2475 5719 2651 5788 capita
2708 5705 2946 5775 divinum
2997 5719 3374 5788 complectitur
3401 5717 3629 5788 Symbo-

2055 5810 2185 5872 lum,
2240 5809 2608 5878 qquuidcm
2669 5809 2956 5866 cll'ormant
3016 5810 3170 5876 quasi
3235 5809 3494 5865 rationem
3544 5808 3628 5872 pie
