4056 6424
386 426 489 491 S31

1144 470 1149 473 -
1244 423 1620 488 SYMEONIS
1651 419 2398 518 TIIESSALONICENSIS
2428 419 2787 482 ARCHIEP.
2844 458 2853 468 .

3545 421 3653 482 832

379 550 430 593 tt
462 540 526 593 ad
561 540 751 605 Deum,
782 550 908 597 tunc
938 540 1041 597 etsi
1077 554 1478 610 cognoscamus
1501 554 1567 593 ex
1600 548 1754 608 parte
1783 538 1950 592 maxi-

2068 535 2166 588 καὶ
2199 535 2322 587 τότε
2356 534 2421 605 δὴ
2476 535 2714 602 γινώσκο
2748 551 2838 597 τες
2885 534 2950 589 ὲκ
2986 533 3187 606 μέρους
3234 534 3393 605 ἡμῶν
3424 536 3484 589 τδ
3535 536 3654 590 λίαν

382 646 521 683 ιιιειιι
553 642 792 684 nostram
825 631 1187 700 abjcctionem
1217 638 1383 699 atque
1414 630 1738 684 tenuitatem
1765 666 1781 692 ,
1810 642 1962 696 quae.

376 726 498 775 dam
535 731 718 777 tamen
754 726 821 778 de
854 724 1016 780 rebus
1052 738 1218 792 super
1254 738 1353 778 nos
1383 721 1576 791 positis
1623 734 1963 792 cognoscere

375 812 665 880 gestimus,
700 828 836 883 quas
893 828 958 867 ex
1006 812 1267 868 Patribus
1303 821 1646 876 mutuamur,
1694 818 1749 865 et
1793 810 1847 864 itt
1882 809 1963 864 eis

378 902 712 957 sufﬁcientes
742 918 866 959 esse
893 902 1141 965 nitimur,
1178 903 1310 957 nihil
1341 902 1538 956 harum
1588 903 1961 956 inscrutatum

372 995 797 1063 relinquentes;
831 1010 1075 1065 persaepe
1100 994 1323 1065 quidem
1366 995 1686 1064 interrogati
1718 1008 1961 1048 errorem

368 1089 795 1145 extimescimus
849 1107 862 1142 :
909 1103 1034 1143 cum
1087 1096 1266 1142 autem
1336 1096 1558 1154 peccata
1611 1096 1801 1142 nostra
1850 1088 1964 1143 sol-

368 1180 503 1234 liciti
545 1183 948 1252 recOgitamus,
997 1180 1084 1234 illa
1127 1181 1356 1248 desuper
1408 1178 1567 1233 nobis
1608 1178 1814 1249 ignosci
1842 1194 1964 1249 pre-

365 1287 582 1337 camur,
620 1282 679 1326 ttt
731 1287 836 1326 non
889 1272 1109 1325 incauta
1163 1279 1219 1325 ct
1268 1270 1476 1325 incerta
1549 1269 1878 1340 loquamur;
1910 1279 1966 1325 et

369 1365 507 1418 idem
540 1364 755 1431 caloris
817 1363 1116 1418 suademus
1144 1402 1161 1430 ,
1199 1361 1265 1416 de
1330 1362 1436 1417 hoc
1476 1374 1760 1432 propterea
1796 1362 1967 1417 fusio-

367 1472 455 1511 res
495 1464 549 1510 et
596 1457 796 1511 multas
832 1456 1197 1510 allocutiones
1253 1454 1307 1508 in
1359 1452 1620 1510 Ecclesiis
1677 1455 1961 1509 habentes.

367 1548 654 1618 Disputare
686 1556 866 1603 autem
902 1557 960 1602 et
989 1547 1270 1616 inquirere
1316 1547 1382 1601 tle
1438 1546 1592 1602 ranis
1620 1548 1823 1613 'dubiis
1847 1564 1964 1603 cre—

366 1637 550 1691 tlintus
607 1650 733 1692 esse
779 1638 936 1703 quasi
991 1636 1219 1691 levioris
1259 1646 1316 1691 et
1360 1636 1568 1692 intttilis
1620 1654 1766 1694 cura:
1816 1640 1962 1697 circa

368 1732 609 1798 leporem
651 1747 833 1785 rerum
866 1729 1333 1795 domesticarum;
1378 1731 1425 1784 si
1472 1731 1597 1801 quis
1629 1742 1811 1788 autem
1845 1735 1960 1788 sol-

368 1823 552 1879 licitus
580 1823 652 1876 sit
682 1822 956 1892 quomodo
996 1821 1281 1892 passiones
1310 1820 1569 1891 depellat,
1621 1833 1677 1878 et
1713 1825 1955 1894 aliquam

365 1918 617 1984 acquirat
642 1915 932 1971 sanitatem
966 1923 1021 1969 et
1048 1916 1112 1969 ad
1145 1915 1250 1970 hoc
1280 1914 1450 1970 Deum
1493 1916 1693 1969 habeat
1730 1917 1949 1971 miseri-

365 2008 588 2063 cordem
629 2018 677 2062 et
718 2007 1038 2078 propitium,
1072 2007 1179 2061 hoc
1210 2007 1353 2061 inter
1382 2008 1674 2063 utilissima
1705 2008 1838 2062 mihi
1870 2008 1957 2063 vi-

368 2099 554 2160 detur,
589 2114 714 2152 cum
751 2109 934 2166 aptum
975 2099 1043 2152 sit
1075 2097 1141 2153 ad
1169 2098 1425 2153 salutem.
1452 2098 1589 2159 Cum
1621 2115 1749 2154 vero
1788 2099 1957 2153 frater

366 2207 594 2245 necesse
629 2191 834 2244 habent
878 2191 1240 2261 interrogare,
1272 2191 1366 2259 qui
1404 2207 1503 2261 pro
1532 2206 1693 2261 posse
1725 2208 1827 2247 suo
1864 2207 1955 2248 re-

367 2264 624 2354 spondet,
671 2293 724 2338 et
774 2284 890 2351 ipse
920 2285 1174 2337 meritum
1214 2286 1381 2339 habet
1415 2285 1706 2341 charitatis
1734 2295 1789 2341 et
1820 2288 1952 2343 obe-

365 2379 585 2433 dientiae
638 2379 913 2448 simulque
958 2380 1183 2434 multam
1219 2381 1348 2434 inde
1396 2381 1562 2438 refert
1602 2383 1890 2438 utilitatem
1934 2402 1950 2438 :

369 2490 389 2521 ι
438 2470 628 2525 Frater
663 2471 807 2526 enim
846 2472 929 2543 (ut
981 2474 1057 2526 ait
1112 2473 1424 2545 Scriptura)
1467 2475 1559 2545 qui
1598 2475 1890 2546 adjuvetur
1921 2492 1951 2532 a

363 2564 529 2618 fratre
555 2565 710 2631 quasi
738 2565 930 2618 civitas
964 2565 1116 2619 lirnta
1147 2567 1220 2619 ¹.›
1256 2566 1602 2637 Interrogare
1632 2571 1696 2623 de
1724 2571 1953 2626 veritate

359 2658 581 2724 signent
612 2665 695 2710 est
723 2657 845 2711 alue
869 2657 1231 2724 humilitatis;
1260 2661 1592 2728 respondere
1614 2663 1948 2719 autem-sine

353 2748 622 2817 jactantia
663 2749 876 2804 fructus
906 2760 988 2804 est
1015 2750 1305 2821 charitatis
1333 2761 1386 2806 et
1410 2753 1736 2808 humilitatis
1770 2769 1784 2806 :
1818 2770 1949 2810 ecce

314 2884 319 2887 _
360 2841 528 2906 igitth
563 2844 814 2897 cedimus
858 2844 1109 2912 petitioni
1160 2853 1265 2897 tuae
1295 2858 1394 2914 pro
1428 2846 1572 2900 bono
1604 2857 1697 2901 tuo
1726 2862 1897 2918 scopo
1927 2866 1943 2913 ;

360 2941 585 3000 propter
614 2935 993 2990 obedientiam
1028 2937 1356 2991 tenui-latent
1398 2947 1642 2993 nostram
1668 2939 1950 2996 oblivisci-

356 3040 502 3088 tnur,
538 3032 594 3079 et
629 3026 830 3093 quibus
876 3027 1349 3083 circumvenimur
1381 3031 1797 3099 occupationes,
1852 3050 1946 3087 ne-

363 3114 510 3182 gotia
543 3123 595 3168 et
628 3116 978 3173 inﬁrmitates
1008 3134 1201 3189 parum
1233 3135 1524 3177 curamus.
1562 3120 1859 3177 llnc'enim
1890 3125 1945 3180 in

2067 631 2326 683 ταπεινόν
2350 646 2410 681 τε
2442 628 2539 682 καὶ
2567 628 2877 701 χαμερπὲξ,
2905 628 3036 699 περὶ
3068 630 3168 699 μὲν
3194 628 3305 682 τῶν
3333 630 3474 698 ὑπὲρ
3502 629 3655 698 ἡμᾶς

2067 722 2255 776 ἐκεῖνα
2288 721 2599 791 σπεύδομεν
2651 721 2878 788 ἐννοεῖν,
2932 722 3146 791 ὅσαπερ
3200 719 3473 791 ἐλάϐομεν
3503 722 3656 788 παρά

2066 814 2178 866 τῶν
2231 814 2516 883 Πατέρων,
2549 812 2647 866 acati
2703 814 2761 865 ὲν
2799 813 2988 876 αὐτοῖς
3033 812 3322 882 ἀρκεῖσθαι
3355 813 3656 877 σπουδάζο-

2070 924 2172 976 μεν
2192 923 2207 936 ·
2244 906 2304 959 οὑ
2334 906 2444 976 γὰρ
2473 906 2701 967 ἐκείνοις
2726 922 2780 957 τι
2821 905 3093 974 ἀζήτητον
3121 904 3509 957 ὑπολέλειπται
3530 920 3545 932 ·
3584 903 3655 956 τά

2068 997 2243 1051 πλείω
2305 998 2366 1063 δὲ⁴
2419 995 2862 1069 παραιτούμεθα,
2916 996 3008 1049 τὸν
3055 996 3273 1049 ὄλισθον
3317 995 3652 1059 δειλιῶντες.

2068 1090 2207 1158 Περὶ
2246 1088 2306 1140 δέ
2342 1104 2406 1157 γε
2444 1087 2555 1141 τῶν
2590 1088 2884 1159 ἡμετέρων
2918 1087 3207 1158 ἁμαρτιῶν
3257 1089 3550 1159 μεριμνᾷν,
3580 1087 3659 1152 ὡς

2069 1178 2315 1248 ἀσφαλὲς
2370 1179 2725 1249 λογιζόμεθα,
2781 1178 2888 1233 καῖ
2925 1179 3201 1250 εὐχόμεθα
3244 1181 3403 1232 τοῦτο
3449 1179 3657 1234 ἀνωθεν

2068 1271 2201 1338 ἡμῖν
2236 1269 2633 1339 βραϐευθῆναι,
2683 1271 2780 1324 καὶ
2805 1272 2931 1333 ’τοῖς
2986 1271 3199 1333 λοιποῖς
3243 1270 3661 1341 είσηγούμεθα”

2064 1360 2146 1413 διὸ
2175 1361 2239 1430 δὴ
2272 1360 2367 1415 καὶ
2389 1362 2481 1414 ἐπ’
2513 1362 2813 1433 ἐκκλησίας
2839 1362 2969 1426 τοὺς
2996 1362 3127 1433 περὶ⁵
3146 1361 3339 1415 τούτου
3366 1364 3457 1415 ἐπὶ
3487 1361 3658 1415 πλέον

2069 1454 2375 1524 ποιούμεθα
2428 1455 2643 1524 λόγους.
2689 1458 2799 1510 Καὶ
2833 1457 2892 1508 τὸ
2935 1457 3035 1525 μὲν
3087 1455 3358 1523 θεολογεῖν
3405 1455 3497 1508 καὶ
3528 1455 3651 1508 δια-

2066 1550 2257 1619 πορεῖν
2306 1549 2641 1621 λεπτοτέρας
2683 1551 2831 1614 τινος
2872 1554 2967 1603 καὶ
3017 1549 3330 1619 ἀμερίμνου
3364 1549 3452 1602 διὰ
3482 1549 3653 1601 καθα-

2069 1640 2273 1711 ρότητα
2321 1642 2449 1709 περὶ
2503 1640 2573 1695 τά
2618 1643 2795 1695 οἰκεῖα
2855 1641 3088 1711 μελέτης
3132 1642 3557 1711 νομίζομεν-τὺ
3603 1638 3652 1694 δ’

2064 1732 2413 1802 ὲμμέριμνον
2443 1725 2582 1787 εῖναί
2610 1751 2732 1789 τινα
2758 1734 2907 1797 ὅπως
2939 1733 3048 1787 τῶν
3093 1735 3282 1787 παθῶν
3324 1733 3647 1804 καθαρθείη,

2068 1822 2162 1877 καὶ
2216 1824 2492 1888 ἀπαθείας
2540 1842 2593 1877 τι
2644 1825 2810 1897 μέρος
2843 1826 3135 1896 κτήσηται,
3190 1827 3285 1879 καὶ
3323 1825 3409 1879 διὰ
3456 1825 3650 1878 τούτου

2063 1916 2222 1969 ἵλεων
2247 1915 2399 1987 εὖροι
2429 1917 2591 1981 Θεὸν,
2617 1919 2727 1971 τῶν
2756 1914 3204 1986 ἀναγκαιοτάτων
3235 1918 3360 1988 ἐμοὶ
3384 1918 3528 1971 δοκεῖ
3551 1917 3648 1971 καὶ

2061 2009 2199 2079 πρὸς
2250 2010 2532 2080 σωτηρίαν
2588 2011 2857 2080 ἀγόντων.
2901 2012 3058 2065 Ἐπεὶ
3096 2011 3142 2064 δ’
3191 2012 3489 2079 ἀναγκαῖον
3549 2011 3646 2064 καὶ

2060 2103 2226 2155 παντὶ
2258 2103 2333 2172 τῷ
2385 2102 2694 2172 ἀδελφικῶς
2732 2105 3013 2176 ἐρωτῶντι
3058 2103 3203 2158 κατά
3238 2103 3467 2173 δύναμιν
3502 2105 3637 2157 sm-

2058 2194 2371 2265 κρίνεσθαι,
2425 2197 2543 2265 ἅμα
2601 2198 2702 2267 μὲν
2735 2198 2824 2252 διὰ
2874 2197 2973 2267 τὴν
3016 2199 3239 2268 ἀγάπην
3280 2215 3340 2251 τε
3376 2199 3470 2251 καὶ
3499 2198 3643 2252 ὑπα-

2056 2288 2212 2356 κοὴν,
2274 2288 2393 2358 ἅμα
2439 2289 2495 2342 δὲ
2551 2289 2651 2343 καὶ
2709 2290 2797 2344 διὰ
2855 2292 2954 2360 τὴν
3013 2292 3294 2362 ἑπομένην
3356 2291 3641 2359 ὠφέλειαν,

2065 2379 2357 2448 «Ἀδελφδς
2386 2380 2495 2452 γὰρ
2532 2381 2627 2435 ὑπ’
2651 2382 2885 2451 ἀδελφοῦ
2944 2381 3311 2453 βοηθούμενος
3357 2384 3432 2446 ὡς
3489 2383 3642 2447 πόλις

2057 2470 2263 2541 (φησὶν)
2286 2472 2480 2543 ὀχυρὰ,
2512 2492 2531 2525 ι
2566 2473 2660 2528 καὶ
2675 2475 2733 2527 τὸ
2748 2474 3012 2545 διερωτᾷν
3035 2475 3091 2530 δὲ
3115 2478 3172 2529 ὲν
3200 2474 3427 2547 ἀληθείᾳ
3449 2476 3642 2545 δεῖγμα

2059 2563 2160 2633 μὲν
2201 2564 2591 2629 ταπεινώσεως
2620 2565 2721 2637 τῆς
2767 2567 3084 2638 ἀνυψούσης
3117 2569 3257 2635 ἐστὶ,
3290 2570 3350 2622 ea
3389 2571 3643 2638 ἀκομπά-

2060 2672 2204 2718 στως
2236 2656 2293 2710 δὲ
2324 2656 2720 2728 ἀποκρίνεσθαι
2748 2654 2905 2719 αὖθις
2936 2661 3148 2729 καρπὸς
3178 2660 3396 2730 ἀγάπης
3425 2663 3518 2714 καὶ
3543 2679 3640 2715 τα-

2054 2743 2370 2809 πεινώσεως
2393 2762 2409 2778 ο
2444 2747 2552 2800 ίδοὺ
2603 2747 2747 2801 κατά
2775 2747 2874 2818 τὴν
2905 2749 3005 2820 σὴν
3035 2751 3253 2821 αῖτησιν
3292 2752 3513 2821 εἴκομέν
3543 2771 3637 2816 σου

2054 2836 2133 2904 τῷ
2169 2837 2360 2907 ἀγαθῷ
2399 2839 2590 2909 σκοπῷ
2621 2840 2716 2893 καὶ
2749 2838 3107 2910 κελεύσματι,
3136 2843 3223 2896 διὰ
3244 2844 3342 2915 τὴν
3370 2845 3636 2916 ὑπακοὴν,

2057 2931 2151 2983 καὶ
2181 2932 2283 2998 τῆς
2309 2931 2595 2996 ἀσθενείας
2625 2933 2785 3003 ἡμῶν
2817 2919 3224 3004 ἐπιλαθόμενοι,
3258 2937 3482 2991 καὶτῶν
3517 2941 3636 2993 ἑπι-

2055 3022 2330 3088 κειμένων
2361 3023 2661 3093 φροντίδων
2685 3024 2781 3079 καὶ
2810 3025 3045 3096 θλίψεων
3072 3028 3631 3101 κατολιγωρήσαντες.

2056 3110 2231 3164 Τοῦτο
2265 3112 2321 3165 δὲ
2369 3113 2466 3166 καὶ
2502 3115 2561 3167 ὲν
2607 3114 2886 3179 πλείστοις
2941 3117 3156 3188 εἴδομεν
3210 3121 3317 3174 τῶν
3354 3122 3632 3194 Πατέρων,

363 3208 642 3277 p'erisqtte
671 3208 937 3265 Patribtts
967 3211 1216 3267 videmus
1261 3222 1317 3268 et
1352 3212 1421 3268 ab
1455 3213 1589 3282 ipsis
1637 3213 1817 3271 facere
1846 3215 1949 3272 do-

2056 3202 2152 3255 καὶ
2199 3206 2329 3275 παρ’
2383 3204 2567 3259 αὐτῶν
2612 3207 2998 3278 ἐδιδάχθημεν,
3052 3209 3344 3280 ἐξαιρέτως
3380 3213 3439 3266 δὲ
3488 3215 3636 3281 παρά

355 3314 572 3363 centum,
593 3303 892 3369 praesertim
914 3303 965 3356 in
987 3303 1252 3374 theologis
1274 3304 1461 3360 divino
1484 3305 1868 3375 Amphilochia
1896 3318 1949 3364 et

355 3406 487 3445 Vt't'e
534 3392 773 3447 maximo
821 3393 1046 3458 Basilio,
1079 3409 1222 3464 quos
1270 3395 1525 3451 vicissim
1552 3395 1740 3453 videre
1774 3405 1862 3453 est
1895 3407 1951 3454 et

355 3482 689 3549 quaestiones
729 3500 933 3554 ponere
968 3495 1022 3541 et
1051 3486 1183 3542 dare
1212 3502 1479 3556 responsa
1516 3504 1531 3541 :
1567 3496 1801 3562 uterque
1843 3507 1942 3546 au-

357 3584 463 3626 tum
496 3577 789 3634 thesaurus
817 3577 1059 3648 Spiritus
1090 3580 1266 3635 sancti
1298 3596 1313 3634 :
1342 3594 1513 3651 quare
1560 3597 1632 3638 ex
1674 3584 1948 3642 alterutro

355 3668 593 3736 quisque
623 3679 930 3727 mutuatur.
956 3672 1187 3727 Paulum
1218 3673 1511 3729 imitantur
1533 3676 1627 3745 qui
1655 3690 1948 3749 coaposto-

354 3760 422 3814 lLs
455 3760 729 3831 Evangelii
762 3761 1072 3819 doctrinam
1118 3764 1468 3835 suggerebat,
1515 3776 1571 3822 et
1619 3770 1767 3838 quod
1820 3770 1940 3840 ipse

358 3852 567 3908 \idt'l'al
612 3854 717 3910 hoc
760 3856 1096 3912 nitidissitne
1146 3856 1347 3913 docere
1375 3858 1670 3916 nitebatur.
1705 3861 1945 3917 Basilius

348 3945 632 4016 theologus
665 3948 757 4017 qui
817 3949 1182 4019 respondebat
1227 3957 1354 4006 ante
1382 3951 1745 4020 profitebatur
1773 3960 1851 4015 se:
1879 3971 1944 4010 ex

352 4038 725 4107 interrogante
773 4041 1040 4110 prolicere
1063 4081 1078 4109 ,
1111 4050 1167 4096 et
1200 4057 1323 4112 quis
1355 4044 1711 4111 responderet
1742 4063 1851 4101 llUll
1878 4062 1946 4102 ex

352 4129 558 4200 seipso,
582 4130 700 4197 osed
734 4121 811 4185 ex.
841 4131 1290 4188 antecessoribus
1319 4133 1714 4206 desumpsisse,
1758 4144 1815 4192 et
1863 4152 1948 4191 re-

349 4238 550 4286 sp~nsa
598 4224 914 4280 stabiliebat
970 4224 1111 4280 sicut
1171 4225 1411 4281 stabilita
1489 4229 1557 4283 ab
1615 4228 1722 4285 illis
1762 4237 1941 4285 erant.

272 4354 277 4359 .
356 4315 606 4382 Ipsorum
648 4317 904 4386 precibus
940 4332 1090 4373 nunc
1136 4326 1190 4372 et
1238 4334 1341 4376 nos
1380 4320 1572 4376 conﬁsi
1617 4321 1679 4377 in
1719 4322 1944 4378 Christo

355 4409 477 4471 titti,
535 4410 629 4477 qni
675 4410 890 4466 doctior
922 4411 1080 4468 nobis
1109 4427 1190 4479 es,
1227 4412 1467 4469 fraterne
1499 4430 1620 4485 quae
1655 4430 1944 4483 possumus

349 4499 586 4552 dicimus
625 4511 849 4569 prapter
875 4500 1248 4558 obedientiam
1275 4512 1329 4558 et
1360 4506 1710 4561 charitatem.
1742 4507 1808 4563 Et
1835 4508 1937 4565 hoc

2051 3292 2164 3346 τῶν
2193 3295 2500 3367 θεηγόρων,
2545 3298 2899 3370 ’Δμφιλοχίου
2953 3300 3046 3354 τοῦ
3082 3301 3229 3356 θείου
3291 3305 3387 3357 καὶ
3417 3303 3512 3357 τοῦ
3542 3323 3634 3374 με·

2051 3382 2240 3453 γίστου
2275 3386 2495 3459 ἀληθῶς
2541 3390 2852 3457 Βασιλείου,
2877 3388 2956 3449 ὧν
2981 3393 3009 3446 ό
3045 3394 3144 3464 μὲν
3181 3394 3250 3450 τὰ
3286 3396 3397 3450 τῶν
3426 3398 3633 3467 ἐρωτή-

2053 3492 2214 3543 σεων,
2247 3479 2275 3531 ὁ
2297 3478 2354 3532 δὲ
2380 3478 2451 3533 τὰ
2499 3479 2610 3533 τῶν
2648 3481 3000 3555 ἀποκρίσεων
3043 3484 3303 3543 ἐποιεῖτο.
3350 3488 3544 3542 Καίτοι
3568 3505 3632 3556 γε

2049 3568 2223 3637 ἄμφω
2269 3569 2417 3624 οὗτοι
2474 3570 2795 3643 Πνεύματος
2852 3574 3012 3644 ἁγίου
3070 3576 3258 3646 δοκεῖα
3285 3617 3302 3643 ,
3363 3577 3504 3633 ἀλλά
3571 3578 3633 3633 τὸ

2049 3661 2295 3731 ἀσφαλὲς
2323 3661 2383 3728 ἐξ
2420 3663 2687 3735 ἑκατέρου
2718 3665 3028 3737 ὲλάμὸανεν
3072 3667 3328 3737 ἕκαστος,
3359 3670 3634 3743 μιμούμε-

2048 3769 2130 3807 νοι
2161 3754 2255 3807 τὸν
2284 3753 2497 3809 Παῦλον
2535 3757 2586 3809 οἱ
2616 3756 2759 3812 κατά
2809 3758 3049 3827 Παῦλον,
3067 3764 3182 3824 τοῖς
3210 3764 3631 3827 συναποστόλοις

2050 3844 2120 3899 τά
2149 3844 2244 3899 τοῦ
2297 3846 2637 3917 Εὐαγγελίου
2681 3850 3054 3922 κοινούμενον.
3103 3854 3217 3907 Καὶ
3258 3855 3288 3908 ό
3336 3855 3435 3926 μιν
3487 3855 3630 3926 ἅπερ

2048 3934 2190 4008 ᾔδει,
2242 3936 2634 4010 καθαρώτερον
2686 3938 2883 4014 ἐζήτει.
2921 3943 3116 4014 μαθεῖν
3140 3962 3155 3979 ο
3193 3945 3475 4012 Basiliam;
3512 3950 3566 4004 δὲ
3598 3953 3627 4004 ό

2049 4029 2365 4101 θεοφάντωρ
2425 4029 2861 4104 ἀποκρινόμενος
2909 4031 3000 4105 ἦν,
3029 4037 3121 4090 καὶ
3169 4037 3322 4105 παρά
3365 4039 3462 4093 τοῦ
3492 4041 3629 4110 ἐρω-

2046 4120 2250 4184 τῶντος
2286 4121 2619 4192 ὠφελεῖσθαι
2659 4125 3072 4196 προοιμιάζετο.
3100 4127 3213 4182 Καὶ
3255 4128 3464 4202 ὅσαπερ
3493 4131 3629 4183 ἀπε-

2048 4210 2295 4280 κρίνατο,
2336 4215 2437 4267 οὐκ
2474 4213 2570 4284 ἀφ’
2602 4213 2824 4279 ἑαυτοῦ,
2876 4216 2993 4271 ἀλλ’
3022 4217 3132 4271 ἀπὸ
3160 4218 3271 4272 τῶν
3301 4222 3407 4292 πρὸ
3436 4219 3626 4285 αύτοῦ,

2047 4300 2229 4364 καθὼς
2259 4301 2597 4372 παρέλαϐεν,
2614 4304 2791 4374 ἔλεγε,
2815 4307 2910 4360 καὶ
2930 4306 2999 4362 τὰ
3025 4308 3159 4380 παρ’
3183 4309 3401 4375 ἑαυτοῖς
3419 4311 3625 4381 ὁμοίως

2047 4391 2279 4457 ἐκείνοις
2337 4394 2587 4459 ἑξετίθει.
2643 4398 3021 4470 Ταῖςεύχαίς
3076 4401 3254 4456 τοίνυν
3309 4401 3489 4457 αὐτῶν
3528 4405 3626 4458 καὶ

2046 4484 2211 4552 ἡμεῖς
2246 4485 2625 4557 θαρρήσαντες
2666 4491 2724 4543 ἐν
2752 4491 3001 4562 Χριστῷ,
3049 4496 3133 4547 σοὶ
3170 4494 3248 4566 τῷ
3293 4494 3457 4549 εἰδότι
3484 4496 3623 4567 ὑπὲρ

349 4591 559 4645 dederit
592 4590 858 4648 Dominus
881 4593 974 4662 qui
1003 4602 1090 4650 est
1117 4592 1360 4651 Verbum
1393 4597 1603 4662 Patris,
1631 4597 1821 4654 vivens
1846 4614 1937 4654 sa-

2056 4577 2198 4666 ἡμᾶς
2248 4556 2553 4649 ἀδελφικῶς
2582 4582 2654 4636 «ea:
2698 4556 2841 4638 κατά
2872 4556 3104 4657 δύναμιν
3148 4556 3379 4656 λέγομεν
3406 4588 3496 4643 διά
3525 4556 3624 4659 τὴν

353 4683 586 4752 pientia,
611 4684 705 4753 qui
738 4693 792 4737 et
827 4687 1068 4740 omnium
1099 4687 1250 4741 novit
1294 4702 1596 4753 sermones,
1633 4689 1725 4758 qui
1752 4693 1935 4746 omnia

349 4778 516 4830 verbo
554 4791 655 4831 suo
687 4783 953 4846 operatus
992 4787 1078 4832 est
1121 4788 1178 4832 et
1224 4793 1401 4848 usque
1446 4780 1609 4835 modo
1652 4764 1935 4850 operatur,

351 4869 489 4922 dans
523 4869 679 4925 nobis
718 4884 1028 4925 sermonem
1066 4873 1485 4931 convenientem
1511 4871 1577 4925 ad
1612 4872 1932 4928 solvendum

353 4973 477 5026 quae
503 4958 556 5012 in
600 4959 998 5028 questionibus
1031 4961 1117 5017 his
1154 4962 1539 5015 includuntur.
1588 4959 1743 5018 Unde
1771 4971 1824 5018 et
1870 4965 1936 5018 ad

351 5052 583 5119 primam
616 5050 977 5121 quaestionem
1014 5053 1432 5127 respondemus.

957 5313 1286 5382 QUAESTIO
1324 5316 1368 5371 ι.

351 5407 470 5472 Qua
502 5407 707 5462 ratione
733 5403 953 5478 angelus
982 5422 1122 5478 ηερε
1155 5406 1250 5461 sub
1283 5406 1508 5461 hominis
1538 5406 1714 5475 [arma
1755 5422 1926 5478 appa-

422 5487 555 5542 reat,
599 5487 648 5530 et
689 5474 953 5549 quomodo
991 5477 1199 5549 ᾴαίηιση
1227 5474 1730 5549 ιταηκβθιινειιιιχὶιι
1772 5474 1930 5549 drige-

421 5549 531 5600 lttm
562 5546 711 5600 lucis.
758 5546 1033 5609 Quomodo
1067 5559 1299 5619 versetur
1344 5546 1571 5619 agnique
1609 5548 1701 5602 ille
1741 5546 1925 5618 expers

419 5619 731 5691 materitcet
779 5619 1140 5691 incorporeus.
1190 5617 1256 5673 Et
1299 5617 1421 5674 7mm
1463 5617 1639 5691 angeli
1675 5619 1772 5674 sub
1805 5617 1928 5673 aliis

421 5701 679 5754 apparere
711 5685 898 5755 [armis
925 5687 1132 5744 valeant
1152 5691 1177 5743 Ι)

426 5773 678 5828 Formam
718 5774 937 5845 quidem
968 5777 1158 5835 harum
1208 5782 1578 5854 angelicarum
1634 5778 1928 5852 apparitio-

422 5916 433 5944 '
473 5915 629 5969 l‘rov.
662 5934 811 5978 ιιι-ιιι,
862 5918 942 5971 l9.

2045 4669 2291 4739 ὑπακοὴν
2342 4671 2434 4725 καὶ
2464 4672 2712 4743 ἀγάπην.
2747 4675 2857 4728 Καὶ
2902 4675 3015 4746 δῴη
3062 4678 3265 4746 Κύριος
3296 4678 3325 4731 ἀ
3357 4678 3454 4732 τοῦ
3481 4679 3620 4733 Θεοῦ

2045 4762 2257 4834 Πατρδς
2284 4764 2450 4836 324
2492 4765 2687 4833 Λόγος,
2712 4768 2748 4836 ή
2791 4767 2942 4831 ζῶσα
2977 4768 3162 4836 σοφία,
3194 4772 3223 4822 ὁ
3267 4769 3361 4822 καί⁸
3388 4770 3513 4833 τοὺς
3540 4769 3622 4822 λό-

2043 4871 2171 4923 γους
2205 4858 2424 4911 πάντων
2455 4858 2636 4924 εἰδὼς,
2668 4859 2767 4912 καὶ
2797 4859 2976 4913 πάντα
3020 4860 3162 4917 κατά
3205 4860 3360 4931 λόγον
3388 4862 3619 4933 ποιήσας

2043 4964 2101 5000 τε
2148 4948 2240 5001 καὶ
2273 4950 2469 5014 ποιῶν,
2494 4950 2590 5004 καὶ
2618 4948 2777 5017 λόγον
2829 4952 2963 5022 ἡμῖν
3006 4953 3184 5017 διδοὺς
3226 4954 3501 5025 ἁρμοδίως
3547 4957 3622 5008 εί-

2049 5040 2280 5110 ρηκέναι
2326 5041 2394 5094 τὰ
2430 5041 2568 5110 πρὸς
2620 5042 2719 5104 τὰς
2775 5042 3001 5105 πεύσεις
3035 5045 3399 5101 συντείνοντα.
3457 5047 3618 5103 Ὅθεν

2049 5130 2187 5196 πρὸς
2212 5130 2309 5200 τὴν
2344 5130 2568 5201 πρώτην
2593 5129 2866 5203 ἐρώτησιν
2895 5132 3154 5203 τοιαύτην
3184 5133 3486 5206 ποιούμεθα
3520 5136 3619 5209 τὴν

2043 5221 2362 5291 ἀπόκρισιν.

2613 5315 2943 5370 ΕΡΩΤΗΣῘΣ
2982 5316 3059 5373 A'.
3142 5374 3149 5381 ,

2049 5407 2171 5481 Τίιῖι
2221 5408 2420 5475 τρόπῳ
2449 5408 2727 5481 volverat
2780 5408 3079 5481 ,πολλάκις
3125 5412 3204 5476 ὡς
3256 5411 3563 5481 ἄνθρωπος
3587 5418 3619 5469 ό

2107 5479 2404 5550 dn'eloc;
2433 5479 2542 5533 Kal
2580 5478 2707 5545 πῶς
2735 5481 2767 5534 ὀ
2794 5479 3025 5550 δαίμων
3051 5478 3620 5550 μετασχηματίζεται

2102 5547 2201 5615 εἰς
2219 5547 2481 5619 ἄγγελον
2509 5550 2704 5618 φωτός
2719 5564 2738 5614 ;
2762 5548 2872 5603 Kal
2894 5547 3029 5614 πῶς
3052 5547 3471 5619 δμιλεῖἀῦλος
3499 5553 3619 5615 ῶν;

2108 5619 2215 5673 Kal
2243 5621 2298 5692 εί
2328 5618 2622 5692 δύνανται
2646 5622 2703 5673 ol
2722 5619 2969 5689 ἄγγελοι
3001 5618 3099 5674 καὶ
3129 5623 3212 5687 είς
3240 5621 3447 5691 ἐτέρας
3487 5624 3617 5692 φαί-

2106 5691 2322 5743 νεσθαι
2343 5689 2582 5759 μορφάς
2608 5707 2628 5754 ;

2111 5778 2217 5832 Τὸν
2265 5778 2469 5848 τρόπον
2513 5781 2614 5850 μὲν
2656 5778 2765 5834 τῶν
2821 5780 3082 5835 τοιούτων
3142 5780 3446 5851 ἀγγελικῶν
3483 5781 3615 5851 sps-
