4056 6452
413 266 513 300 ς.(11’)

410 269 514 325 8'23
1118 269 1516 329 RESPONSA
1569 273 1668 330 Λῐ)
1739 273 2190 334 GABiHELEM
2236 275 2955 335 i‘Ei‘t'TAf-‘OLITANUM.

3563 273 3669 335 8M

412 383 570 440 σ”ων,
611 377 791 446 Πάτερ
824 378 917 428 καὶ
968 377 1181 444 ἀδελεξὲ,
1219 378 1353 438 Θεὸς
1400 379 1465 432 ἂν
1499 380 1665 450 εἰδείη
1705 383 1981 453 καθαρῶς,

2114 407 2246 454 tum,
2283 389 2445 443 Pater
2501 399 2553 444 et
2603 392 2788 452 frater,
2829 390 2979 444 solus
3031 389 3171 442 Dens
3210 388 3353 441 videt
3383 385 3662 449 distincte,

408 473 435 520 6
467 471 554 525 καὶ
591 471 768 521 πάντα
797 469 861 520 ἐκ
901 469 972 536 μὴ
999 470 1167 521 ὄντων
1197 469 1540 538 πεποιηκὼς,
1574 473 1664 524 καὶ
1696 472 1791 543 τὴν
1823 473 1985 540 φύσιν

408 559 638 609 ἑκάστου
676 559 783 608 τῶν
829 557 996 608 ὅντων
1047 557 1140 608 καὶ
1198 557 1325 618 τοὺς
1354 549 1558 624 λόγους
1603 561 1762 624 μόνος
1794 561 1982 622 εἰδῶς’

409 653 570 718 ἡμεῖς
615 651 672 702 δὲ
721 650 873 718 παρὰ
921 650 1031 700 τῶν
1074 648 1247 712 ἁγίων
1297 651 1566 713 ὀπτασίας
1611 653 1708 720 μὲν
1739 653 1986 719 ἀγγέλων

411 743 688 812 ἐμάθομεν
708 759 721 771 ⁸
750 743 901 804 ’ὅπως
931 741 985 794 δὲ
1019 741 1259 809 γίνονται
1293 743 1392 794 οὐκ
1436 744 1736 810 ἐμάθομεν,
1767 745 1862 796 καὶ
1888 745 1988 795 οὐκ

411 836 699 905 ἀνθρώπου
751 836 913 905 μόνον
953 836 1009 886 ἐν
1034 835 1188 902 εῖδει,
1223 836 1358 888 ἀλλὰ
1388 836 1482 888 καὶ
1538 837 1598 888 ἐν
1626 837 1814 898 ἄλλαις
1847 853 1990 904 γινο-

417 927 585 995 μένας
622 926 807 987 ἰδέαις.
851 927 963 979 Καὶ
1006 928 1114 996 γὰρ
1145 927 1501 995 τετράμορφα
1517 954 1536 963 --
1552 928 1650 997 μὲν
1683 929 1751 981 τὰ
1779 929 1990 997 Χερου-

413 1016 519 1086 ϐὶμ
572 1017 673 1068 καὶ
724 1015 1088 1085 πολυόμματα
1138 1019 1232 1069 καὶ
1271 1019 1707 1087 τετραπτέρυγα,
1755 1023 1848 1072 καὶ
1901 1035 1990 1070 κε-

415 1109 592 1177 φαλὰς
645 1109 918 1178 τέσσαρας
965 1109 1279 1178 κεκτημένα
1307 1125 1320 1139 ο
1376 1111 1470 1162 καὶ
1512 1109 1611 1180 τὴν
1664 1111 1761 1179 μὲν
1799 1110 1991 1178 ὁμοίαν

415 1200 594 1262 ἀετοῦ,
633 1202 730 1265 τὴν
796 1201 850 1253 δέ
881 1199 1023 1268 βοὸς,
1062 1202 1160 1266 τὴν
1193 1200 1246 1251 δέ
1287 1201 1521 1263 λέοντος,
1569 1203 1666 1271 τὴν
1697 1202 1750 1254 δὲ
1784 1200 1993 1270 ἀνθρώ-

417 1309 520 1345 που
543 1309 556 1323 ·
591 1295 683 1343 καὶ
718 1292 847 1361 περὶ
875 1293 1105 1344 ἑκάστου
1145 1293 1350 1345 τούτων
1393 1294 1598 1356 οἰκείας
1651 1295 1860 1354 ἐννοίας
1900 1295 1994 1345 καὶ

416 1385 706 1453 διαφόρως
760 1387 806 1436 οἱ
857 1384 1003 1451 ἆγιοι
1071 1383 1302 1452 ἔφησαν.
1353 1386 1462 1438 Καὶ
1521 1387 1588 1437 τὰ
1637 1387 1887 1454 Σεραφίμ
1935 1386 1994 1438 δὲ

420 1477 768 1545 ἐξαπτέρυγα
815 1472 969 1528 εἶπον
1027 1479 1074 1529 οἰ
1121 1477 1420 1547 προφῆται,
1458 1480 1550 1531 καὶ
1610 1479 1992 1546 Θερμαίνοντα,

420 1571 515 1621 καὶ
572 1569 870 1638 πυρόεντα,
905 1570 1001 1622 καὶ
1045 1570 1360 1638 καλοὺμενα
1412 1568 1584 1630 οὕτως
1627 1569 1870 1638 ἔμπυρα,
1922 1569 1996 1627 ὡς

421 1665 515 1717 καὶ
568 1663 636 1716 τὰ
687 1662 970 1733 Χερουϐὶμ
1026 1661 1283 1729 γνώσεως
1321 1661 1496 1730 χύσιν,
1555 1662 1648 1714 καὶ
1706 1662 1872 1723 πόδας
1922 1663 1996 1713 εἰ-

420 1757 655 1819 κονίζειν
697 1756 789 1808 καὶ
827 1757 1016 1825 χεῖρας
1069 1753 1372 1821 ἐμάθομεν.
1429 1755 1538 1806 Καὶ
1579 1753 1812 1822 ἄγγελον
1845 1753 1901 1806 δέ
1933 1752 1990 1804 ὃν

421 1844 560 1900 εἶδεν
599 1846 809 1915 Ἰησοῦς
837 1848 864 1898 6
909 1845 1003 1898 τοῦ
1032 1845 1213 1915 Ναυῆ,
1265 1846 1434 1913 ἄνδρα
1473 1847 1822 1914 ἐσπασμένον
1855 1849 1993 1914 ῥομ-

422 1941 609 2009 φαίαν,
637 1941 728 1992 καὶ
751 1939 809 1992 ὃν
830 1935 937 1994 εἶδε
959 1939 1178 2010 Δανιὴλ,
1199 1939 1368 2008 ἄνδρα
1390 1939 1734 2008 ἐνδεδυμένον
1761 1938 1994 2008 ποδήρη,

422 2033 515 2088 καὶ
553 2036 600 2086 οἱ
629 2033 897 2102 ὀφθαλμοὶ
925 2033 1091 2086 αὐτοῦ
1137 2033 1211 2094 ὡς
1246 2032 1376 2100 φλὸξ
1417 2034 1588 2102 πυρός
1615 2049 1628 2062 ·
1662 2035 1756 2086 καὶ
1788 2025 1996 2102 metu;

423 2124 588 2178 αὑτοῦ
621 2124 695 2186 ὡς
742 2126 896 2193 φωνὴ
940 2124 1123 2194 ὄχλου.
1158 2123 1269 2176 Καὶ
1316 2123 1466 2178 ἄλλοι
1521 2123 1578 2176 δέ
1607 2125 1663 2177 ἐν
1708 2123 1997 2190 ἀνθρώπου

429 2217 666 2285 σχήματι
714 2214 1001 2284 ὤφθησαν.
1030 2216 1138 2268 Καὶ
1165 2217 1193 2268 6
1229 2213 1328 2282 μὲν
1359 2214 1625 2280 παλαίων,
1670 2214 1743 2276 ὡς
1772 2217 1798 2267 6
1839 2216 1896 2266 ἐν
1922 2213 2000 2284 τῷ

439 2307 656 2371 Ἰακὼϐ,
687 2309 714 2360 6
757 2307 813 2359 δὲ
846 2307 1062 2370 δεικνὺς
1111 2305 1259 2376 αὐτῷ
1307 2307 1585 2375 κλίμακα·
1632 2309 1660 2359 6
1712 2305 1769 2360 δὲ
1823 2305 2000 2358 λαλῶν

435 2403 686 2471 Ἀϐραὰμ
719 2402 807 2454 διὰ
852 2401 910 2453 τὸ
961 2401 1037 2471 μὴ
1071 2403 1343 2470 σφαγῆναι
1387 2401 1478 2452 τὸν
1521 2401 1706 2455 Ἰσαάκ
1731 2414 1746 2433 ⁶
1793 2400 1821 2452 6
1852 2401 1908 2452 δὲ
1943 2402 2000 2452 ἐν

425 2498 490 2565 τῇ
535 2495 686 2564 βάτῳ
735 2493 953 2556 δεικνὺς
992 2491 1091 2562 τὴν
1123 2491 1360 2557 Θεωρίαν
1393 2489 1470 2559 τῷ
1515 2492 1721 2560 Μωῦσῇ
1745 2506 1758 2518 ·
1792 2492 1818 2542 6
1842 2490 1898 2542 δὲ
1926 2489 2000 2557 τῷ

425 2591 677 2661 Ζαχαρία
708 2590 1030 2658 φαινόμενος
1051 2604 1065 2618 ο
1096 2589 1143 2640 οἱ
1170 2586 1228 2639 δέ
1255 2586 1435 2648 ἄλλοις
1460 2586 1570 2637 τῶν
1603 2585 1902 2654 προφητῶν
1930 2599 1944 2613 ο
1974 2585 2001 2635 6

428 2683 484 2735 δὲ
515 2685 582 2751 τῇ
626 2680 886 2748 Παρθένῳ
913 2677 1398 2746 εὐαγγελιζόμενος
1421 2693 1436 2709 ⁸
1471 2676 1520 2728 οἰ
1553 2675 1610 2729 δὲ
1638 2679 1758 2739 ταῖς
1786 2673 2002 2739 γυναιξὶ

426 2777 524 2844 τὴν
556 2775 852 2828 ἀνάστασιν
878 2771 1129 2837 λέγοντες
1159 2786 1174 2800 ⁸
1210 2773 1237 2823 6
1266 2771 1320 2822 δὲ
1347 2769 1435 2821 τὸν
1465 2769 1672 2836 Πέτρον
1707 2769 1847 2820 λύων
1895 2767 2002 2817 τῖν

427 2867 638 2935 δεσμῶν
684 2864 900 2929 καὶτῆς
943 2863 1189 2932 εἱρκτῆς,
1220 2862 1314 2914 καὶ
1356 2861 1402 2912 οξ
1459 2861 1569 2930 μένι
1591 2859 1664 2921 ὡς
1700 2858 1900 2927 θρόνοι,
1955 2858 2002 2909 οἱ

431 2958 488 3010 δὲ
518 2957 592 3018 ὡς
626 2955 830 3024 τροχοὶ,
867 2957 914 3007 οἰ
945 2954 1001 3006 δὲ
1033 2952 1106 3015 ὡς
1134 2951 1264 3019 φλὸξ
1294 2951 1484 3019 πυρὸς,
1514 2952 1564 3002 οἱ
1595 2950 1650 3001 δέ
1684 2952 2004 3017 κατέχοντες

440 3047 690 3117 ῥάϐδους,
749 3048 796 3097 oi
847 3045 904 3099 δὲ
956 3044 1154 3106 λευκὰς
1211 3043 1548 3111 ἐνδεδυμένοι
1606 3042 1860 3112 ἐσθῆτας,
1912 3039 2058 3117 καὶὴ

435 3140 622 3202 ἁπλῶς
652 3143 708 3192 ὲν
732 3137 1008 3206 διαφόροις
1038 3138 1156 3198 ταῖς
1192 3137 1428 3204 μορφαῖς
1465 3132 1748 3203 ὤφθησαν.
1773 3133 1837 3184 Τί
1873 3127 2001 3195 οὖν;

439 3233 599 3301 φύσις
627 3228 734 3301 ἆρα
779 3231 953 3282 ταῦτα
990 3229 1171 3288 αὐτοῖς
1201 3245 1216 3292 ;
1251 3225 1518 3294 Οὐδαμῶς
1543 3242 1557 3254 ·
1606 3225 2006 3293 ἀσχημάτιστοι

441 3326 549 3394 γὰρ
576 3324 670 3375 καὶ
702 3322 951 3381 ἀνείδεοι,
979 3320 1052 3380 ὡς
1078 3317 1426 3386 μανθάνομεν
1453 3317 1558 3370 ἀπὸ
1582 3318 1688 3370 τῶν
1715 3317 1973 3386 Πατὲρων
1991 3334 2004 3347 ·

377 3405 397 3421 ’
438 3417 560 3470 ἐπεὶ
591 3415 688 3468 καὶ
727 3413 1028 3480 ἀσώματοι.
1061 3412 1176 3464 Πᾶν
1212 3410 1267 3462 δὲ
1307 3407 1494 3478 νοερὸν
1533 3409 1792 3463 ἀνείδεον.
1825 3411 1935 3461 Καὶ
1981 3411 2008 3461 6

436 3511 712 3569 Διονύσιος
767 3506 894 3575 περὶ
944 3504 1136 3556 τούτου
1179 3503 1335 3572 φησὶ,
1378 3503 1473 3554 καὶ
1525 3502 1550 3552 6
1590 3502 2008 3572 Χρυσορῤήμων

435 3601 493 3650 ὲν
525 3599 633 3655 τοῖς
671 3597 798 3664 περί
833 3596 940 3648 τῶν
987 3593 1240 3662 Σῖραφίμ
1279 3611 1337 3644 τε
1387 3593 1479 3643 καὶ
1530 3591 1782 3660 ἀλλαχοῦ,
1835 3593 1924 3642 καὶ
1961 3593 2006 3642 oi

435 3690 545 3741 τῶν
607 3686 864 3752 Πατέρων
912 3686 1109 3738 λοιποί.
1158 3685 1222 3738 Τί
1273 3683 1392 3747 δαί;
1442 3680 1551 3754 ἆρα
1606 3683 1776 3735 ταῦτα
1832 3684 2007 3736 πάντα

434 3781 603 3852 ψευδῆ
631 3796 645 3845 ;
685 3779 952 3848 Οὐδαμῶς
970 3795 984 3810 ·
1019 3777 1153 3829 ἀλλὰ
1180 3777 1337 3829 Οείων
1361 3778 1497 3830 εἰσὶν
1526 3776 1753 3836 εἰκόνες,
1776 3775 2008 3826 ἑκάστου

440 3873 549 3926 τῶν
578 3873 824 3940 ἀγγέλων
850 3871 910 3922 τὸ
941 3869 1098 3940 ἔργον
1129 3870 1222 3920 καὶ
1252 3870 1352 3938 τὴν
1374 3868 1605 3936 δύναμιν
1636 3866 2010 3934 εὲπεμφαίνου-

441 3983 554 4019 σαι.
587 3964 701 4018 Kal.
727 3963 867 4016 κατὰ
905 3964 1002 4032 μὲν
1033 3963 1091 4014 τὸ
1120 3961 1283 4015 ἄῡλον
1311 3963 1405 4012 καὶ
1439 3959 1731 4026 ἀσώματον
1755 3960 2010 4027 ἀσχημὰ-

439 4075 610 4110 τιστοι
643 4055 890 4108 τελοῦσιν
921 4056 970 4107 οἰ
1000 4054 1223 4121 ἄγγελοι
1251 4069 1264 4082 ”
1299 4052 1442 4106 κατὰ
1475 4052 1531 4105 δὲ
1572 4052 1670 4122 τὴν
1704 4051 2012 4119 ἀποστολὴν

439 4150 624 4204 καὶτὸ
683 4148 842 4218 ἔργον
893 4147 1252 4210 εἰκονίξοντες
1281 4146 1380 4214 τὴν
1428 4144 1637 4198 οἰκείαν
1671 4145 1811 4197 εἰσὶν
1863 4143 2010 4213 ἐνέρ-

439 4245 596 4313 γειάν
616 4261 672 4294 τε
706 4244 798 4295 καῖ
821 4240 1072 4310 δύναμιν,
1098 4239 1193 4294 καὶ
1220 4241 1334 4302 τοῖς
1365 4238 1674 4308 ἀνθρώποις
1699 4237 1772 4299 ὡς
1793 4236 2010 4308 ἐφικτὸν

439 4335 746 4405 ἀνθρώποις
788 4332 1078 4401 ὁρώμενοι.
1110 4333 1186 4384 Οὐ
1243 4331 1455 4391 λέοντες
1496 4326 1588 4384 οὖν
1626 4331 1658 4400 ἢ
1711 4331 1920 4398 μόσλοι,
1975 4328 2007 4397 ἢ

442 4427 741 4495 ἄνθρωποι,
778 4425 810 4494 ἢ
865 4423 1014 4478 ἀετοὶ
1049 4423 1209 4488 φύσει
1254 4423 1615 4490 τυγχάνουσιν
1651 4423 1697 4474 οἱ
1748 4421 1967 4488 ἄγγελοι
1992 4436 2004 4448 °
2041 4431 2088 4490 ι)
2116 4432 2220 4496 "is,

439 4519 579 4575 ἀλλὰ
609 4520 666 4570 τὸ
698 4518 797 4586 μὲν
829 4518 987 4586 δηλοῖ,
1017 4514 1225 4568 τούτων
1253 4515 1314 4566 τὸ
1355 4515 1670 4585 ἐπηρμένον
1697 4515 1790 4566 καὶ
1825 4515 2012 4582 νοερδν

442 4613 538 4666 καὶ
565 4612 767 4679 κοῦφον
798 4611 892 4681 τῆς
927 4609 1163 4679 φύσεως,
1196 4609 1291 4660 καὶ
1320 4607 1380 4660 τὸ
1411 4608 1618 4667 ἀτενῶς
1649 4608 1841 4676 ἐνορᾷν
1877 4607 2014 4673 πρὸς

439 4705 531 4758 τὸν
561 4704 748 4770 νοητὸν
776 4704 925 4774 ἦλιον
953 4719 968 4735 ·
1017 4701 1113 4754 καὶ
1142 4699 1300 4753 τοῦτο
1330 4700 1481 4769 δηλοῖ
1509 4702 1535 4752 6
1583 4700 1741 4762 ἀετός
1770 4717 1781 4730 ·
1828 4702 1889 4751 τὺ
1919 4700 2010 4752 ἀν-

445 4796 844 4866 ορωπόμορφον
870 4794 926 4846 δὲ
948 4792 1008 4845 τδ
1037 4793 1164 4863 περί
1191 4793 1289 4859 τῆς
1315 4791 1674 4853 ἀναπλάσεως
1703 4791 1860 4860 ἡμῶν
1889 4809 2016 4844 συν-

445 4888 608 4957 εργὸν
644 4885 1026 4938 ὑπαινίττεται
1057 4883 1152 4937 καὶ
1183 4883 1242 4935 τὸ
1287 4881 1387 4951 τῆς
1416 4899 1742 4952 σαρκωσεως
1783 4884 1874 4935 τοῦ
1915 4885 2015 4936 Λό-

442 4995 564 5046 γου,
615 4977 799 5031 καὶτὸ
831 4976 968 5044 πρὸς
1017 4975 1115 5044 τὴν
1146 4973 1294 5026 Θείαν
1344 4972 1530 5026 εἰκόνα
1567 4974 1818 5025 σπεύδειν
1866 4976 2016 5043 ἡμᾶς

445 5068 800 5136 ἐπανορθοῦν.
847 5070 944 5121 καὶ
973 5067 1031 5120 τὸ
1081 5066 1340 5134 ἐπιμελὲς
1371 5065 1551 5119 αὐτῶν
1597 5068 1692 5118 καὶ
1725 5067 2014 5119 σπουδαῖον

444 5159 581 5232 πρδς
610 5160 670 5212 τὸ
697 5159 963 5222 σώζεσθαι
1005 5159 1095 5212 τόν
1124 5157 1409 5228 ἄνθρωπον
1432 5173 1447 5189 ο
1499 5156 1560 5210 τὸ
1589 5156 1684 5209 τοῦ
1729 5159 1930 5227 μόσχου
1959 5157 2017 5210 δὲ

447 5252 509 5304 τό
535 5268 592 5303 τε
624 5251 869 5303 δουλικὸν
901 5250 1036 5318 πρὸς
1065 5249 1154 5302 τὸν
1177 5249 1331 5311 Θεὸν,
1362 5249 1456 5300 καὶ
1487 5249 1549 5300 τὸ
1591 5249 1723 5317 πρὸς
1756 5250 2016 5318 ἐργασίαν

447 5342 752 5409 ἀκάματον,
789 5341 868 5394 ἔτι
914 5339 970 5392 δὲ
1009 5341 1105 5392 καὶ
1137 5341 1199 5393 τὸ
1231 5339 1474 5410 καθαρὸν
1523 5339 1657 5409 πρὸς
1687 5340 1786 5402 τὰς
1820 5341 2018 5402 ἁΰλους

445 5429 637 5490 θυσίας
664 5446 676 5459 ·
709 5430 772 5480 τὸ
806 5431 900 5481 τοῦ
935 5428 1147 5493 λέοντος
1180 5429 1245 5482 δὲ
1267 5429 1326 5482 τὸ
1364 5429 1643 5499 βασιλικῦν
1669 5449 1725 5482 τε
1757 5431 1848 5483 καὶ
1875 5431 2018 5483 θεῖον

449 5525 538 5574 καὶ
567 5521 731 5591 ζήλου
763 5522 971 5592 πλῆρες
1017 5522 1114 5576 καὶ
1143 5523 1324 5594 ὁρμῆς
1355 5525 1496 5576 κατὰ
1529 5523 1637 5574 τῶν
1680 5523 2020 5592 κινουμένων

447 5614 588 5666 κατὰ
613 5613 708 5668 τοῦ
739 5615 1047 5678 κτίσαντος.
1102 5615 1190 5668 Ἐν
1218 5616 1431 5680 τούτοις
1463 5616 1559 5668 καὶ
1590 5617 1647 5667 αἱ
1678 5615 1866 5684 ῥάϐδοι
1924 5617 2020 5670 καὶ

449 5708 505 5760 αἰ
558 5706 726 5772 ζῶναι
771 5707 832 5760 τὸ
877 5708 1103 5780 ἀρχικὸν
1150 5709 1355 5763 τούτων
1394 5708 1490 5764 καὶ
1546 5709 1764 5779 ἰσχυρὸν
1819 5709 2019 5779 σημαί-

2028 1749 2066 1801 Β

2032 3095 2076 3153 C

2091 499 2212 536 cum
2236 483 2350 549 ipse
2375 483 2555 537 omnia
2587 482 2652 534 de
2682 483 2849 534 nihilo
2883 481 3091 544 fecerit,
3125 481 3383 548 solusque
3416 489 3665 531 naturam

2092 585 2145 629 et
2194 590 2478 630 sermones
2509 575 2775 645 cujusque
2821 576 3030 627 entium
3070 572 3301 626 noverit.
3335 570 3444 624 Nos
3473 584 3603 620 vero
3637 584 3664 618 a

2094 666 2299 720 sanctis
2335 665 2651 735 angelorum
2689 663 3059 732 apparitiones
3093 662 3354 714 discimus
3383 699 3399 724 ,
3437 674 3542 711 non
3574 665 3667 729 ινιτ

2095 770 2201 816 tem
2235 761 2507 828 quamodo
2537 759 2699 823 ﬁant;
2732 773 2870 825 quas
2896 773 3000 810 non
3039 756 3090 808 in
3125 756 3234 808 sola
3268 754 3437 806 forma
3470 760 3522 804 ct
3549 765 3668 816 spe-

2095 854 2178 908 cie
2204 852 2464 915 hominis,
2497 850 2589 905 sed
2616 850 2667 902 in
2692 851 2811 902 aliis
2837 865 3048 916 quoque
3075 846 3265 899 formis
3293 845 3404 897 fieri
3429 844 3658 895 scimus.

2099 947 2308 1011 Etenim
2343 943 2638 998 Cltcrttbim
2661 943 2814 995 dicnt'
2831 951 2917 992 tur
2953 941 3150 994 habere
3178 949 3408 1006 quatuor
3438 934 3664 992 formas.

2099 1038 2280 1106 plures
2335 1036 2546 1096 oculos,
2600 1045 2834 1102 qttnlttor
2897 1032 3010 1085 alas
3060 1041 3113 1082 et
3157 1041 3395 1097 quatuor
3442 1027 3617 1093 capita
3652 1066 3665 1086 ,

2096 1129 2288 1197 aquilae
2309 1127 2538 1188 scilicet,
2570 1125 2744 1186 bovis,
2786 1123 2959 1177 leonis
2985 1133 3034 1174 et
3063 1121 3324 1180 hominis,
3359 1131 3406 1172 et
3442 1117 3497 1170 in
3536 1134 3673 1168 unu-

2097 1235 2309 1288 quaque
2361 1219 2552 1272 harum
2619 1215 2921 1287 specierum
2974 1213 3146 1267 sancti
3188 1212 3320 1281 ipsis
3365 1210 3671 1263 attribuu-t

2100 1313 2346 1366 notiones
2387 1308 2634 1378 proprias
2665 1316 2719 1361 et
2749 1306 3018 1360 diversas.
3057 1306 3121 1358 Et
3152 1303 3428 1372 prophetae
3475 1302 3666 1354 dicunt

2098 1403 2384 1468 Seraphim
2415 1415 2504 1455 sex
2540 1401 2657 1454 alas
2683 1414 2891 1467 gerere,
2923 1408 2970 1450 et
3008 1397 3188 1450 ealore
3219 1395 3434 1454 ardere,
3479 1402 3532 1445 et
3566 1392 3669 1444 ful-

2099 1512 2230 1565 gure
2270 1493 2554 1562 prtecingi,
2611 1490 2752 1542 unde
2785 1501 2836 1542 et
2867 1491 3132 1558 (empyra)
3179 1487 3334 1554 quasi
3385 1487 3540 1552 ignea
3576 1501 3669 1535 νυ-

2100 1597 2298 1640 cantur
2333 1602 2346 1637 :
2382 1595 2432 1638 et
2461 1583 2585 1651 quia
2621 1595 2716 1649 per
2738 1579 3028 1632 Cherubin)
3058 1577 3296 1631 scientia:
3320 1575 3674 1628 adutnht‘atur

2103 1678 2342 1741 diﬂnsio,
2379 1675 2486 1730 illis
2517 1673 2776 1728 discimus
2822 1669 3003 1738 aflingi
3045 1668 3205 1736 pedes
3235 1677 3285 1720 et
3338 1681 3554 1718 manus.
3615 1666 3674 1714 f-Zt

2098 1770 2348 1838 angelum
2399 1769 2604 1823 scimus
2635 1779 2795 1834 quem
2831 1763 2960 1816 \idit
2987 1759 3150 1816 Jesus
3179 1759 3318 1812 filius
3347 1758 3489 1811 Nave
3517 1755 3671 1825 quasi

2104 1863 2406 1927 hominem,
2446 1869 2660 1914 acutam
2701 1857 2991 1911 habentem
3021 1853 3349 1922 romplueam
3378 1890 3393 1914 ,
3427 1859 3480 1903 et
3510 1865 3672 1918 quem

2100 1954 2231 2006 vidit
2283 1951 2468 2006 Daniel
2517 1951 2795 2004 hominem
2841 1949 3126 2008 vestitum,
3173 1956 3227 2000 et
3284 1944 3426 1998 oculi
3457 1943 3574 2013 ejus
3616 1954 3675 1993 nt

2102 2044 2315 2097 ﬂamma
2365 2042 2529 2113 ignis,
2567 2051 2621 2094 et
2665 2055 2769 2093 vox
2805 2039 2923 2108 ejus
2961 2039 3106 2090 sicut
3148 2053 3239 2092 vox
3274 2035 3667 2088 multitudinis.

2101 2137 2166 2191 Et
2199 2136 2290 2190 alii
2342 2136 2395 2189 in
2445 2133 2627 2202 specie
2671 2132 2912 2186 hominis
2951 2130 3053 2183 visi
3092 2139 3258 2195 sunt;
3316 2130 3391 2181 uti
3429 2128 3668 2187 luctans,

2099 2238 2152 2283 et
2224 2225 2392 2281 Jacob
2466 2224 2540 2277 illi
2605 2223 2902 2276 ostendens
2984 2220 3230 2284 scalam;
3301 2221 3391 2289 qui
3449 2218 3676 2286 loquens

2102 2321 2169 2376 ad
2237 2318 2559 2381 Abraham,
2615 2315 2785 2368 vetuit
2854 2329 2922 2367 ne
2979 2311 3287 2365 immolaret
3341 2309 3524 2373 Isaac;
3585 2309 3676 2374 qui

2103 2415 2156 2469 in
2189 2413 2328 2467 rubo
2369 2408 2538 2478 Moysi
2570 2404 2963 2460 demonstravit
2999 2404 3253 2456 virtutem
3290 2410 3343 2456 et
3372 2401 3675 2468 iussionem

2103 2505 2197 2560 Dei
2227 2519 2244 2572 ;
2279 2504 2366 2571 qui
2401 2499 2676 2554 Zat-hat'itn
2709 2506 2762 2550 et
2793 2497 2913 2551 aliis
2959 2494 3240 2562 prophetis
3269 2502 3635 2561 apparuerunt
3663 2508 3677 2548 ξ

2101 2600 2193 2668 (ιυί
2229 2597 2430 2664 Virgini
2465 2594 2710 2648 nuntium
2754 2589 2934 2643 attulit
2964 2605 2978 2650 ;
3009 2589 3102 2656 qui
3137 2587 3459 2640 mulieribus
3497 2602 3679 2640 resur-

2104 2692 2400 2744 rectionem
2463 2685 2969 2746 aununtiarernnt;
3018 2680 3109 2749 qui
3167 2680 3384 2732 Petrum
3441 2678 3604 2732 solvit
3650 2693 3680 2730 e

2105 2796 2324 2835 carcere
2359 2779 2574 2832 vincula
2609 2789 2886 2842 rumpens;
2915 2782 2968 2828 et
3001 2773 3092 2840 qui
3125 2780 3252 2824 sunt
3287 2771 3426 2823 sicut
3469 2770 3675 2827 throni.

2109 2868 2250 2921 sil-nt
2290 2880 2508 2927 currus,
2565 2866 2707 2917 sicut
2753 2861 2967 2914 ﬂamma
3035 2859 3212 2928 ignis;
3247 2868 3301 2912 et
3356 2861 3444 2927 qui
3497 2858 3682 2911 ferunt

2108 2955 2313 3021 vitgas;
2352 2961 2402 3003 et
2460 2952 2550 3018 qui
2611 2950 2916 3003 vestiuntur
2955 2949 3110 3003 stolis
3161 2948 3300 3001 alhis
3349 2956 3401 3000 et
3463 2950 3678 3001 tandem

2109 3045 2270 3098 variis
2322 3043 2375 3096 in
2422 3042 2606 3097 formis
2639 3050 3026 3110 apparuerunt.
3062 3041 3202 3105 Quid
3259 3039 3456 3108 igitur?
3505 3039 3680 3093 Num-

2111 3137 2238 3204 qttid
2278 3136 2381 3189 hoc
2425 3149 2611 3188 eorum
2666 3145 2748 3188 cst
2796 3134 3023 3187 natura?
3062 3133 3302 3186 Minime.
3347 3135 3484 3186 Sunt
3534 3132 3678 3186 enim

2112 3232 2314 3299 absque
2352 3229 2520 3299 figura
2551 3238 2602 3283 et
2640 3229 2844 3297 absque
2877 3228 3060 3296 specie
3094 3229 3316 3292 visibili,
3349 3229 3486 3282 Sicut
3521 3245 3547 3278 a
3578 3227 3674 3279 Pu-

2115 3324 2287 3378 lribus
2317 3322 2582 3376 discimus
2606 3364 2620 3387 ,
2675 3336 2800 3373 cum
2835 3319 2944 3372 sint
2973 3321 3179 3388 absque
3211 3335 3463 3386 corpore.
3495 3318 3683 3372 Omni»;

2111 3415 2255 3468 enim
2293 3424 2541 3465 creatura
2585 3427 2718 3480 pure
2750 3411 3059 3480 intelligens
3115 3403 3407 3466 invisibilis
3449 3429 3463 3465 :
3514 3426 3566 3465 et
3619 3413 3685 3465 de

2113 3508 2215 3560 hoc
2243 3506 2313 3558 ita
2346 3505 2546 3559 habent
2586 3504 2898 3574 Dionysius,
2931 3513 2985 3557 et
3029 3503 3458 3575 Chrysostomus
3491 3506 3542 3559 in
3569 3522 3685 3560 ser.

2117 3599 2368 3650 monibus
2399 3597 2464 3650 de
2495 3597 2805 3665 Seraphitn,
2835 3607 2887 3649 et
2921 3597 3102 3650 cmteri
3133 3595 3379 3652 Patrum.
3414 3597 3550 3657 Ouid
3587 3600 3683 3668 igi—

2115 3690 2240 3742 tur?
2270 3687 2406 3742 Num
2441 3689 2541 3741 ista
2574 3690 2734 3742 simul
2765 3685 2937 3742 falsa?
2963 3688 3202 3743 Minime.
3252 3691 3356 3744 Sed
3393 3701 3520 3744 sunt
3552 3692 3685 3743 imu-

2113 3781 2268 3851 gines
2291 3780 2597 3835 divinorum
2619 3789 2673 3833 et
2693 3781 2953 3850 cujusque
2981 3782 3293 3850 angelorum
3323 3783 3682 3836 ministerium

2113 3883 2164 3925 et
2202 3872 2457 3924 virtutem
2513 3871 2858 3926 subindieant
2921 3887 2934 3924 :
2987 3886 3109 3926 cum
3158 3872 3301 3925 enim
3346 3873 3520 3941 angeli
3576 3874 3686 3927 sint

2113 3962 2502 4020 immateriales
2527 3973 2580 4019 et
2612 3965 3006 4033 incorporales,
3047 3972 3174 4019 sunt
3206 3980 3421 4033 quoque
3452 3966 3679 4016 omnith

2112 4060 2316 4126 absque
2366 4056 2582 4132 figura;
2622 4057 2765 4126 quod
2801 4065 2984 4110 autem
3021 4057 3085 4110 ad
3128 4056 3440 4112 missionem
3475 4067 3526 4111 et
3557 4073 3684 4125 opu-

2113 4154 2376 4207 rationem
2413 4161 2621 4222 spectat
2671 4153 2886 4222 propria
2917 4152 3214 4220 unicuique
3261 4154 3494 4224 imagine
3528 4157 3682 4208 a‘tri-

2113 4246 2298 4300 buitur
2324 4245 2540 4316 energia
2580 4254 2632 4299 et
2668 4245 2865 4308 virtus,
2897 4245 3208 4300 hominibus
3239 4255 3296 4299 ut
3327 4247 3582 4299 convenit
3609 4249 3682 4298 vi-

2115 4339 2323 4394 sibiles.
2357 4338 2470 4398 Non
2499 4353 2631 4404 ergo
2665 4337 2838 4392 leonis
2896 4354 3068 4406 neque
3103 4339 3267 4401 tauri,
3301 4355 3476 4407 neque
3505 4339 3682 4392 immi-

2299 4446 2472 4500 ueque
2514 4429 2709 4499 aquila:
2759 4438 3013 4483 naturam
3069 4431 3268 4483 habent
3320 4430 3491 4498 angeli
3521 4472 3535 4495 ,
3590 4432 3684 4484 sed

2118 4521 2248 4574 illud
2300 4535 2488 4574 eorum
2523 4528 2732 4574 natura:
2765 4522 3100 4575 demonstrat
3134 4521 3548 4584 sultiintilatem,
3600 4526 3686 4576 in-

2121 4611 2468 4682 telligentiam
2502 4619 2556 4666 et
2586 4611 2975 4674 subtilitatem,
3019 4622 3070 4667 et
3117 4615 3575 4682 perseverantiam
3633 4615 3686 4666 in

2118 4703 2576 4771 contemplatione
2607 4701 2741 4758 solis
2775 4703 3158 4758 intellectualis
3199 4721 3212 4758 :
3245 4703 3386 4772 quod
3420 4705 3688 4773 s'gniticat

2119 4796 2320 4864 aquila.
2374 4793 2570 4848 Forma
2603 4793 2800 4848 deinde
2849 4794 3082 4849 hominis
3129 4797 3354 4864 mystice
3389 4795 3567 4847 innuit
3595 4811 3691 4849 en-

2121 4901 2238 4938 rum
2296 4885 2349 4938 in
2398 4883 2789 4938 reformatione
2821 4891 3011 4936 nostra
3045 4883 3481 4950 rooperatiOuem
3517 4895 3565 4936 et
3605 4886 3689 4936 iu-

2120 4977 2489 5032 carnationem
2539 4972 2718 5036 Verbi,
2753 4981 2809 5027 et
2837 4973 3320 5042 promptitudinmn
3351 4973 3416 5026 ad
3449 4975 3691 5028 redinte-
3722 4997 3725 5002 ·

2119 5066 2385 5136 grandum
2422 5080 2522 5119 nos
2553 5065 2855 5119 secundum
2899 5065 3184 5132 imaginem
3219 5065 3334 5130 Dei,
3365 5073 3419 5118 et
3451 5065 3690 5133 denique
3745 5071 3752 5114 ἲ

2120 5173 2308 5212 eorum
2336 5157 2763 5211 sollicitudinem
2794 5163 2847 5209 et
2879 5157 3052 5210 zelum
3082 5155 3147 5210 ad
3179 5158 3408 5211 salutem
3434 5158 3690 5214 hominis.

2129 5248 2320 5301 Forma
2359 5248 2498 5301 tauri
2554 5245 2792 5300 ostendit
2817 5246 3238 5300 submissionem
3273 5247 3401 5315 Deo,
3435 5259 3694 5304 constan—

2129 5340 2258 5392 tiam
2293 5337 2681 5404 infatigabilem
2711 5337 2766 5392 in
2791 5339 3020 5406 agendo,
3041 5350 3095 5392 et
3127 5340 3350 5410 insuper
3371 5343 3691 5396 munditiem
3765 5344 3780 5356 ‘

2121 5433 2184 5484 ad
2207 5430 2472 5484 sacrificia
2489 5445 2594 5483 non
2617 5429 2932 5484 materialiu.
2953 5429 3141 5485 Forma
3159 5431 3392 5502 denique
3421 5433 3594 5487 leonis
3614 5451 3670 5488 re

2120 5535 2286 5592 gnum
2343 5520 2614 5590 significat
2641 5527 2695 5574 et
2726 5519 3086 5584 divinitatem,
3112 5533 3163 5575 et
3183 5522 3569 5591 plenitudinem
3597 5525 3697 5580 zeli

2123 5622 2314 5671 contra
2370 5628 2467 5668 cos
2528 5613 2622 5682 qui
2669 5611 3053 5668 contradicunt
3105 5617 3349 5670 Creatori
3409 5616 3700 5670 vehemen-

2125 5706 2277 5763 tiam.
2306 5705 2368 5760 Et
2396 5705 2449 5761 in
2475 5705 2610 5776 ipsis
2637 5705 2800 5776 virga:
2830 5712 2882 5761 et
2934 5719 3084 5762 zonae
3113 5706 3400 5778 imperium
3430 5707 3618 5763 dicunt
3647 5719 3702 5763 et
