4056 6432
296 298 399 365 841

982 313 1379 378 RESPONSA
1422 317 1522 378 AD
1587 320 2042 386 GABRIELEM
2116 327 2848 397 PENTAPOLITANUM.

3457 331 3566 396 842

297 413 392 467 καὶ
438 417 466 467 6
509 413 779 479 διάϐολος,
812 417 874 470 o6
920 423 1059 474 κατὰ
1089 425 1183 475 τὸν
1217 426 1381 479 τόπον
1420 427 1515 479 καὶ
1550 429 1741 482 στάσιν
1774 431 1871 500 τὴν

2002 434 2039 489 ἰι
2097 439 2276 494 medio
2321 456 2509 496 eorum
2567 443 2868 497 secundum
2931 438 3034 496 Job
3084 440 3371 500 historiam
3417 450 3568 501 stetit

297 506 407 558 τῶν
453 508 718 573 ἀγγέλων.
756 511 878 574 Πῶς
909 515 1018 585 γὰρ
1072 518 1100 568 6
1134 517 1199 570 ἐκ
1241 517 1337 570 τοῦ
1385 520 1634 590 οὐρανίου
1691 522 1870 592 χώρου

298 599 483 651 πεσών
505 616 520 667 ;
545 600 622 664 ῶς
648 605 676 656 6
709 603 900 675 Σωτὴρ
927 605 1064 675 ἔφη’
1105 627 1124 659 ι
1169 607 1468 681 Ἐθεώρουν
1499 613 1594 666 τὸν
1627 615 1874 668 Σατανᾶν

300 691 376 754 ὡς
421 693 706 766 ἀστραπὴν
746 699 811 750 ὲκ
839 699 932 752 τοῦ
966 700 1198 771 ούρανοῦ
1249 704 1506 758 πεσόντα.
1549 724 1567 757 ι
1647 703 1878 760 Ἐνδιαὶ-

301 801 455 853 τημα
488 786 599 856 γὰρ
629 788 740 840 τῶν
773 791 1022 858 ἀγγέλων
1062 796 1088 846 6
1122 794 1372 863 οὐρανός.
1409 799 1518 848 Καὶ
1550 799 1660 867 γὰρ
1699 801 1746 851 εἰ
1783 803 1877 852 καὶ

302 877 566 948 ἀσώματά
611 883 716 934 ε’ίσι
759 883 1045 950 πνεύματα
1079 887 1127 938 οί
1165 887 1415 954 ἄγγελοι,
1441 889 1558 941 ἀλλ’
1600 890 1750 960 ὅμως
1777 909 1876 944 πε-

305 975 595 1043 ριγραπτοὶ
646 977 740 1028 καὶ
777 978 833 1030 ἒν
877 978 1046 1045 τόπῳ,
1088 979 1164 1041 ὡς
1198 983 1293 1032 καὶ
1341 983 1368 1034 6
1404 981 1676 1051 ἡμέτερος
1733 981 1877 1046 νοῦς.

303 1067 479 1119 Μόνον
519 1066 572 1117 δὲ
627 1068 689 1119 τὸ
724 1068 881 1120 Θείον
910 1070 1312 1143 άπεριόριστον.
1348 1072 1563 1125 Ἷστατο
1594 1071 1689 1126 οὖν
1723 1075 1751 1126 6
1785 1092 1882 1127 πο·-

303 1160 468 1228 νηρδς
503 1161 559 1211 ἐν
596 1162 746 1230 μέσῳ
790 1162 898 1214 τῶν
937 1162 1208 1230 ἀγγέλων,
1242 1163 1303 1215 o6
1365 1164 1443 1232 τῷ
1482 1166 1634 1234 τόπῳ
1688 1167 1782 1220 καὶ
1814 1169 1881 1237 τῇ

306 1252 512 1312 στάτει,
550 1252 684 1305 ἀλλά
712 1255 779 1321 τῇ
818 1254 1050 1324 ἐπάρσει
1091 1257 1190 1324 τῆς
1216 1255 1536 1320 ἀλαζονείας
1563 1259 1752 1326 αὐτοῦ,
1789 1259 1886 1312 καὶ

302 1345 380 1412 τῷ
411 1345 668 1415 ὑψινεφεῖ
716 1363 776 1398 τε
827 1347 919 1400 καὶ
971 1348 1206 1418 ἀντιθέῳ
1242 1347 1335 1400 τοῦ
1389 1351 1760 1419 φρονήματος,
1821 1350 1884 1403 o6

304 1435 414 1502 γὰρ
447 1435 761 1504 περαιτέρῳ
808 1436 903 1490 τοῦ
955 1437 1118 1507 ἀέρος
1149 1438 1369 1491 δύναται
1413 1438 1624 1509 βαίνειν
1653 1439 1680 1492 6
1715 1457 1889 1492 κατα-

306 1527 516 1596 κριθεὶς
576 1528 777 1596 μᾶλλον
832 1529 935 1583 67:6
989 1530 1089 1598 τὴν
1139 1533 1242 1599 γῆν
1275 1532 1502 1586 καὶτὸν
1555 1532 1691 1603 ᾇδην
1747 1527 1888 1586 εῖναι

306 1621 412 1674 ἀεί.
441 1620 656 1675 Ἴστατο
683 1617 774 1674 οὖν
803 1623 1127 1690 κομπάζων,
1156 1623 1250 1676 καὶ
1281 1623 1422 1677 κατὰ
1459 1624 1592 1677 Θεοῦ
1615 1623 1714 1692 ,τοῦ
1735 1627 1893 1697 ποιή-

311 1731 502 1776 σαντος
551 1714 734 1779 αὐτὸν,
771 1716 866 1768 καὶ
897 1715 1162 1770 ἀθάνατον
1210 1717 1673 1786 καταστήσαντος,
1705 1718 1887 1773 κινού-

312 1823 474 1875 μενος
524 1806 824 1872 δυσσεϐῶς,
860 1807 952 1861 καὶ
1006 1810 1150 1862 κατά
1198 1808 1292 1863 τοῦ
1318 1809 1648 1880 θεράποντος
1717 1811 1879 1865 αὐτοῦ

319 1898 463 1961 Ἰὼϐ,
493 1900 854 1970 ἐπαιρόμενος
911 1902 1210 1971 φθονερῶς,
1242 1904 1337 1957 καὶ¹
1375 1903 1473 1974 τὴν
1530 1905 1660 1976 περὶ
1720 1904 1886 1958 αὐτοῦ

309 1994 404 2046 τοῦ
435 1991 570 2046 Θεοῦ
601 1995 910 2063 μαρτυρίαν
937 1995 1182 2048 σπεύδων
1206 1995 1485 2062 ἀποδεῖξαι
1515 1997 1708 2068 ψευδῆ.
1743 1997 1892 2052 Αλλὰ

311 2088 402 2141 καὶ
432 2090 496 2158 τῇ
530 2087 652 2157 θεία
687 2088 904 2158 θελήσει
935 2088 1144 2141 δέδοται
1186 2087 1337 2158 αύτῷ
1368 2087 1523 2158 χώρα
1545 2087 1614 2140 τὰ
1646 2088 1747 2158 τῆς
1782 2106 1889 2159 μα-

311 2180 430 2242 νὶσς
462 2182 705 2249 ἐνεργεῖν
739 2181 821 2244 είς
867 2180 1098 2251 δοκιμὴν
1133 2180 1227 2234 καὶ
1276 2182 1563 2252 προκοπὴν
1590 2181 1686 2235 τοῦ
1715 2199 1893 2252 μακα-

317 2276 433 2342 ρίου
476 2275 598 2328 Ἰὼϐ
633 2274 863 2336 ἐκείνου,
898 2275 986 2328 ἵνα
1019 2275 1094 2345 μὴ
1123 2275 1300 2346 τολμᾷ
1336 2275 1518 2344 λέγειν
1567 2277 1597 2328 6
1633 2276 1890 2348 πονηρὸς,

314 2364 388 2427 ῶς
447 2365 508 2417 οὐ
556 2363 940 2433 δεδοκίμασται
992 2366 1020 2419 6
1081 2366 1306 2428 δίκαιος,
1353 2365 1474 2418 οὐδὲ
1532 2364 1774 2437 ἀνεφάνη
1824 2367 1892 2438 τῇ

316 2457 482 2528 πείρᾳ
512 2455 721 2520 δίκαιος
770 2455 866 2511 ῶν.
909 2458 968 2511 Ὀ
1000 2456 1107 2529 γάρ
1143 2458 1321 2520 κοινὸς
1366 2459 1557 2529 ἐχθρὸς
1581 2460 1682 2512 οὐκ
1718 2460 1892 2528 ἰσχύει

316 2566 368 2601 τι
404 2548 558 2619 παρὰ
607 2548 832 2618 γνώμην
867 2548 1002 2601 Θεοῦ
1028 2549 1171 2603 κατά
1215 2548 1322 2602 τῶν
1353 2550 1670 2620 κτισμάτων
1702 2549 1893 2616 αὑτοῦ,

316 2642 365 2694 εἰ
397 2640 492 2694 καὶ
513 2641 581 2693 τά
617 2641 715 2710 μὲν
747 2641 855 2692 τῶν
873 2641 1263 2711 ἐπερχομένων
1290 2642 1484 2713 ἀφίησι
1514 2643 1646 2711 Θεὸς
1675 2644 1895 2712 εὐδοκία

317 2735 566 2804 γίνεσθαι
600 2737 713 2799 τοῖς
741 2735 1071 2805 ἀνθρώποις,
1105 2735 1173 2788 τά
1204 2735 1261 2788 δὲ
1292 2736 1674 2805 ἐγκαταλείψει
1713 2753 1897 2807 παρα-

317 2829 505 2896 χωρεῖ,
542 2825 613 2885 ὡς
650 2827 714 2878 ὲκ
767 2827 947 2894 πάσης
997 2825 1182 2896 σχεδδν
1228 2826 1329 2894 τῆς
1377 2825 1602 2896 Γραφῆς
1649 2825 1895 2880 διδασκό-

320 2917 481 2987 μεθα.
532 2915 642 2969 Καὶ
681 2915 855 2970 ταῦτα
901 2916 1002 2986 μὲν
1049 2917 1106 2970 ἐν
1143 2915 1342 2988 βραχεῖ
1389 2916 1518 2987 περὶ
1561 2918 1660 2986 τῆς
1707 2917 1897 2988 τρίτης

319 3009 662 3080 ἐρωτήσεως.

886 3101 1217 3156 ΕΡΩΤΗΣΙΣ
1257 3100 1331 3154 Δ’.

325 3195 436 3262 Τὰς
463 3197 863 3264 ἑξερχομέι-ηης
890 3195 1092 3264 ψυχὰς
1122 3195 1375 3263 ῆγγελος
1402 3191 1490 3255 εἷς
1520 3191 1830 3260 λαμϐάνει,

389 3267 647 3342 «9.1.101;
676 3262 784 3342 Kal
816 3268 867 3320 si
899 3262 1078 3342 χωρίς
1106 3262 1365 3342 ἀγγέλου
1393 3265 1758 3342 ἐξέρχονται.
1789 3262 1895 3342 Καὶ

390 3338 518 3402 πῶς
544 3331 980 3407 λαμϐάνεταῖή
1011 3335 1182 3407 ψρχὴ
1211 3333 1399 3399 ἇῢλος
1426 3331 1620 3407 060a;
1652 3334 1748 3407 agat
1774 3331 1896 3407 ποῦ

393 3401 710 3474 πορεύεται
741 3425 760 3471 ;
791 3407 899 3460 Kal
959 3401 1302 3459 ὲϊδῦιθατσι
1336 3404 1508 3474 ψυχὴ
1539 3401 1901 3471 κατέχεσθαι

389 3481 469 3546 ὡς
491 3481 528 3548 ἠ
556 3479 664 3534 τοῦ
689 3476 995 3533 πλουσίου
1018 3475 1137 3531 ὑπὸ
1168 3476 1393 3542 πυρός;

394 3574 532 3642 Περὶ
563 3571 618 3624 δέ
655 3588 744 3644 γεγ
775 3571 872 3638 τῆς
913 3569 1203 3640 τετάρτης,
1238 3569 1321 3621 ὅτι
1377 3568 1426 3621 εί
1472 3561 1554 3631 εἷς
1602 3565 1833 3634 ἄγγελος
1864 3563 1897 3632 ἧ

321 3666 508 3721 πολλοὶ
542 3664 919 3734 λαμϐάνουσιν
953 3661 1246 3732 ἀνθρώπου
1288 3659 1486 3730 ψυχὴν,
1529 3659 1623 3712 καὶ
1654 3657 1703 3710 εί
1732 3655 1900 3725 χωρὶς

321 3761 556 3828 ἀγγέλου
591 3757 686 3812 τοῦ
718 3756 973 3824 σώματος
1019 3756 1119 3808 οὐκ
1149 3754 1450 3823 ἐξέρχεται,
1482 3750 1579 3804 καὶ
1616 3750 1735 3812 πῶς
1762 3748 1902 3816 λαμ-

322 3854 543 3908 ϐάνεται
575 3850 667 3905 ὑπ’
699 3849 954 3918 ἀγγέλου,
979 3848 1098 3899 ἐπεὶ
1131 3847 1226 3900 καὶ
1256 3846 1424 3916 ἄμφω
1458 3843 1766 3913 πνεύματα,
1794 3843 1888 3895 καί

328 3946 432 4000 ποῦ
465 3946 784 4015 ἀπέρχεται,
810 3943 892 4005 είς
920 3940 1010 3993 τὸν
1033 3937 1262 4011 οὐρανὸν
1295 3937 1327 4009 ἢ
1359 3938 1438 4001 είς
1463 3937 1562 4007 τὴν
1587 3937 1712 4004 γῆν,
1751 3936 1784 4006 ἢ
1819 3937 1900 3998 είς

323 4039 416 4092 τὸν
449 4038 604 4110 ᾅδην,
639 4035 732 4088 καὶ
768 4032 888 4096 πῶς
916 4033 974 4086 ὲν
1003 4029 1162 4100 φλογὶ
1205 4028 1497 4100 ἀσώματος
1539 4027 1697 4094 οὖσα,
1729 4027 1902 4084 ταῦτα

327 4133 467 4185 κατᾶ
494 4128 728 4195 δύναμιν
760 4125 1013 4193 λέγομεν·
1049 4123 1171 4176 Ὀτι
1200 4122 1300 4192 μὲν
1329 4122 1422 4174 ὑπ’
1450 4121 1699 4189 ἀγγέλων
1730 4120 1903 4188 ἁγίων

325 4220 696 4290 λαμϐάνονται
728 4218 783 4270 αἱ
821 4215 931 4268 τῶν
960 4214 1184 4267 δικαίων
1238 4213 1429 4284 ψυχαὶ,
1468 4214 1522 4264 αἱ
1566 4211 1620 4264 δὲ
1651 4211 1758 4264 τῶν
1792 4211 1905 4266 ἀδί-

324 4331 438 4368 κων
467 4311 570 4365 ύπδ
595 4299 889 4378 δαιμόνων,
923 4306 1029 4360 ἀπὸ
1060 4305 1274 4359 πολλῶν
1309 4303 1560 4375 ἱστοριῶν
1583 4306 1676 4357 καὶ
1705 4321 1906 4374 πατρι-

325 4405 439 4459 κῶν
483 4403 656 4471 λόγων
701 4400 948 4470 ἔγνωμεν
975 4413 988 4428 ο
1028 4397 1122 4450 καὶ
1162 4397 1222 4448 τὺ
1275 4395 1421 4464 ίερόν
1461 4412 1625 4464 φησιν
1657 4394 1907 4462 Εὐαγγέ-

1982 530 2238 585 diabolns
2265 547 2374 586 non
2406 533 2459 588 in
2498 534 2620 588 loco
2653 542 2708 589 et
2737 535 2868 588 sede
2899 534 3242 605 angelorum.
3280 535 3569 602 Quomodo

1981 622 2128 676 enim
2161 622 2253 678 ille
2304 639 2335 679 e
2375 624 2584 679 cmlesti
2623 625 2792 680 choro
2825 625 3070 681 cecidit?
3105 625 3249 681 sicut
3283 626 3421 682 dixit
3451 625 3572 681 Sal-

1983 723 2140 768 vator
2176 733 2190 770 :
2223 733 2242 767 ι
2282 714 2544 772 Videbam
2585 717 2846 774 Satanam
2889 720 3035 774 sicut
3086 717 3269 790 fulgur
3309 719 3375 776 de
3431 720 3571 776 coelo

1981 807 2264 864 cadentem
2300 828 2314 864 :
2355 828 2372 861 ι
2408 825 2534 864 nam
2566 811 2771 866 coelum
2812 811 3078 868 habitatio
3104 819 3190 866 est
3220 813 3568 884 angelorum.

1983 894 2201 952 Etenim
2236 900 2489 968 quamvis
2523 901 2699 970 angeli
2754 901 2979 971 spiritus
3026 903 3139 957 sint
3173 903 3569 972 incorporales.

1985 985 2080 1039 sed
2111 994 2292 1042 tamen
2337 988 2760 1060 circumscripti,
2799 1001 2852 1045 et
2882 991 2934 1044 in
2970 992 3091 1047 loco
3115 994 3306 1046 sedent
3343 993 3493 1051 sicut.
3517 1002 3574 1049 ct

1985 1074 2216 1141 spiritus
2256 1085 2442 1132 noster
2471 1096 2485 1131 :
2515 1096 2658 1136 unus
2696 1082 2842 1136 enim
2877 1079 3019 1136 Deus
3049 1091 3132 1136 cst
3156 1082 3426 1137 inﬁnitus.
3451 1083 3574 1138 Ste-

1987 1168 2052 1222 tit
2083 1169 2248 1238 igitur
2267 1169 2440 1226 Malus
2469 1173 2523 1227 in
2560 1173 2739 1229 medio
2765 1175 3112 1245 angelorum,
3137 1192 3243 1230 non
3271 1177 3446 1230 locum
3475 1191 3574 1233 oc-

1989 1277 2197 1331 cupans
2227 1272 2280 1317 et
2315 1266 2497 1318 sedem
2535 1267 2763 1328 habens.
2801 1269 2894 1323 sed
2939 1268 2992 1322 in
3027 1269 3264 1323 elatione
3289 1268 3575 1334 jactantiat

1989 1362 2044 1408 ct
2089 1355 2364 1422 superbia:
2397 1373 2530 1424 sum,
2570 1367 2624 1412 et
2665 1360 2907 1428 cogitans
2943 1375 3002 1415 se
3042 1375 3164 1416 esse
3193 1377 3358 1430 super
3399 1363 3572 1415 nubes

1990 1458 2044 1503 et
2064 1451 2326 1518 mqualem
2366 1453 2712 1522 similemque
2735 1454 2864 1508 Deo.
2902 1453 3010 1509 Sed
3037 1471 3144 1509 non
3169 1465 3348 1524 potest
3377 1472 3573 1512 ascen-

1991 1543 2123 1595 dere
2151 1543 2313 1596 .ultra
2369 1559 2571 1607 aerem,
2608 1562 2702 1600 seu
2748 1549 3270 1620 potiusdamnatur
3322 1551 3385 1604 ad
3423 1565 3572 1604 com-

1993 1635 2318 1690 morandum
2352 1652 2569 1706 semper
2618 1638 2720 1692 sub
2775 1647 2917 1694 terra
2969 1645 3023 1693 et
3056 1640 3108 1694 iu
3148 1639 3383 1694 inferno.
3413 1641 3577 1694 Stetit

2001 1725 2168 1795 igitur
2215 1726 2411 1795 plenus
2450 1727 2744 1797 jactantia,
2794 1738 2848 1784 et
2901 1729 3067 1798 impie
3099 1738 3278 1785 motus
3306 1730 3576 1786 adversus

1995 1815 2162 1873 Deum
2190 1819 2285 1887 qui
2317 1817 2450 1874 fecit
2485 1821 2638 1874 illum
2680 1831 2736 1876 et
2783 1821 3072 1876 constituit
3109 1822 3496 1881 immortalem.
3524 1831 3578 1875 et

1990 1918 2182 1965 contra
2215 1908 2315 1965 Joh
2347 1927 2566 1967 servum
2609 1913 2701 1968 Dei
2738 1913 3008 1970 invidiose
3041 1913 3284 1968 inﬂatum
3318 1956 3334 1978 ,
3375 1915 3574 1969 falsum

1991 2017 2115 2058 esse
2150 2004 2440 2060 ostendere
2468 2008 2656 2062 volens
2685 2007 2831 2075 quod
2867 2008 2934 2060 de
2970 2007 3062 2060 illo
3097 2009 3401 2075 protulerat
3434 2007 3579 2063 Dens

1995 2097 2396 2152 testimonium.
2437 2096 2542 2153 Sed
2596 2108 2652 2152 et
2684 2101 2969 2153 voluntate
3019 2100 3116 2154 Dei
3167 2101 3353 2155 datum
3393 2110 3484 2154 est
3529 2101 3578 2153 ei

1996 2189 2086 2244 hic
2128 2191 2407 2245 vesaniam
2448 2191 2740 2246 ostendere
2778 2191 2833 2245 in
2879 2194 3319 2262 experimentum
3359 2205 3414 2248 et
3463 2207 3585 2261 pro-

1996 2294 2210 2335 cessum
2244 2281 2416 2349 ipsius
2451 2282 2590 2336 beati
2621 2281 2722 2335 Job
2742 2322 2758 2346 ,
2792 2291 2845 2337 ul
2875 2283 3050 2338 malus
3076 2299 3182 2338 non
3206 2285 3376 2351 possit
3401 2283 3583 2339 dicere

1998 2373 2127 2443 quia
2181 2387 2290 2428 non
2323 2382 2406 2428 eat
2437 2384 2695 2442 expertus
2743 2375 2952 2443 justus,
2993 2384 3046 2429 et
3099 2375 3226 2444 quia
3285 2375 3584 2429 tentatiune

1997 2480 2108 2518 non
2170 2463 2520 2520 manilestata
2571 2474 2653 2521 est
2714 2466 2927 2535 justitia
2985 2469 3126 2534 ejus.
3171 2467 3422 2536 lmpurus
3454 2482 3587 2536 ergo

2002 2556 2182 2610 hostis
2239 2556 2376 2610 nihil
2432 2564 2609 2626 potest
2666 2569 2856 2611 contra
2907 2566 3190 2613 creaturas
3243 2567 3441 2629 praster
3494 2559 3584 2613 I‘ei

1999 2647 2288 2702 scientiam
2323 2665 2337 2702 :
2377 2649 2496 2703 etsi
2529 2663 2650 2718 qua:
2686 2649 2947 2703 eveniunt
2981 2649 3322 2708 hominibus.
3359 2651 3476 2705 haec
3508 2650 3586 2719 ip-

2003 2737 2082 2791 sis
2119 2736 2501 2792 benevolentia
2539 2739 2806 2807 permittit
2857 2739 2999 2794 Deus
3049 2738 3161 2796 tieri
3185 2781 3199 2804 ,
3232 2753 3286 2794 et
3327 2740 3585 2794 omnibus

2002 2843 2125 2899 quae
2142 2830 2409 2900 permittit
2431 2831 2584 2885 utilia
2606 2832 2804 2896 reddit,
2825 2833 2971 2887 sicut
2991 2848 3055 2888 ex
3083 2834 3229 2887 omni
3249 2831 3360 2887 fere
3393 2833 3580 2902 Scrip-

2003 2930 2128 2977 tura
2167 2922 2456 2980 discimus.
2491 2922 2558 2978 Et
2582 2925 2700 2979 haec
2729 2924 2968 2980 breviter
2996 2925 3050 2979 in
3076 2926 3290 2980 tertiam
3327 2926 3584 2994 qua-stic-

2001 3029 2127 3070 nem
2138 3053 2150 3070 .

2543 3107 2871 3174 QUJESTlO
2930 3108 3018 3165 iV.

2009 3197 2272 3269 Egressus
2297 3217 2328 3252 α
2355 3200 2666 3266 corporibus
2700 3202 2906 3253 animus
2936 3217 3057 3254 num
3085 3200 3279 3268 singuli
3315 3215 3383 3252 an
3411 3199 3586 3263 plures

2081 3269 2256 3340 angeli
2291 3273 2580 3338 excipiant.
2613 3278 2662 3322 et
2699 3286 2818 3322 num
2849 3273 2961 3324 sine
3008 3271 3196 3338 angelo
3226 3269 3586 3339 egrediantur.

2088 3340 2367 3403 Quomodo
2400 3342 2772 3411 possitexcipi
2810 3341 2988 3394 animo
3033 3357 3217 3407 expers
3257 3341 3512 3404 materiaz,
3541 3348 3593 3391 et

2078 3425 2335 3477 quorsum
2363 3409 2536 3464 abeat.
2556 3409 2698 3463 Num
2735 3413 2903 3480 possit
2930 3411 2994 3465 ab
3031 3412 3150 3480 igne
3175 3412 3435 3465 contineri
3457 3410 3592 3462 sicut

2079 3483 2260 3532 auitna
2292 3480 2482 3536 Divitis
2505 3482 2531 3535 ?

2078 3572 2158 3626 Ad
2189 3581 2438 3642 quartam
2492 3583 2671 3630 autem
2723 3575 3082 3643 quaestionem
3115 3584 3298 3628 utrum
3332 3587 3474 3627 unus
3501 3581 3596 3626 aut

2011 3669 2198 3740 plures
2249 3667 2426 3738 angeli
2459 3666 2960 3723 auferantanimam
2994 3667 3268 3733 hominis;
3300 3673 3352 3719 et
3383 3679 3452 3719 an
3477 3666 3596 3719 sine

2011 3761 2203 3830 angelo
2230 3775 2338 3814 non
2374 3769 2531 3814 exeat
2559 3774 2590 3814 ο
2618 3773 2846 3828 corpore
2870 3775 2885 3821 ;
2914 3759 3186 3828 quomodo
3217 3757 3496 3812 auferatur
3525 3756 3594 3809 ab

2012 3855 2206 3924 angelo
2245 3869 2368 3908 cum
2399 3854 2509 3909 sint
2555 3862 2786 3918 uterque
2817 3853 3079 3922 spiritus:
3111 3861 3163 3905 et
3195 3866 3304 3921 quo
3331 3850 3512 3910 abeat,
3538 3849 3592 3901 in

2013 3943 2216 3999 ctrlum
2243 3985 2258 4011 ,
2308 3951 2404 3998 aut
2437 3945 2490 3998 in
2526 3951 2750 4008 terram,
2803 3952 2899 3998 aut
2943 3943 2994 3997 in
3029 3942 3336 4007 infernum;
3369 3951 3424 3996 et
3452 3957 3592 4006 quo-

2012 4038 2174 4092 modo
2214 4039 2568 4093 comburatur
2610 4052 2732 4091 cum
2787 4051 2894 4090 non
2945 4036 3144 4089 habeat
3183 4031 3440 4102 corpus:
3478 4035 3596 4087 hsce

2011 4145 2111 4201 pro
2169 4145 2332 4200 posse
2386 4129 2634 4183 dicemus
2706 4144 2721 4181 :
2777 4129 2919 4197 quod
2977 4126 3175 4181 animae
3223 4127 3493 4196 justorum
3564 4139 3595 4177 a

2013 4222 2222 4277 sanctis
2277 4220 2506 4292 angelis,
2542 4221 2834 4286 impiorum
2895 4235 3023 4275 vero
3069 4236 3099 4274 a
3157 4219 3442 4274 daemoniis
3497 4233 3595 4272 au-

2014 4313 2302 4380 ferantur,
2353 4324 2409 4369 ct
2461 4314 2567 4368 hoc
2614 4315 2912 4369 multorum
2976 4313 3365 4369 historicorum
3414 4322 3460 4367 et
3495 4311 3596 4366 Pa-

2014 4413 2159 4459 trum
2225 4405 2575 4462 sermonibus
2646 4406 3074 4475 cognoscimus;
3145 4406 3400 4476 idemque
3457 4406 3600 4460 dixit

324 4497 442 4550 λιον
473 4495 601 4564 περὶ
633 4491 725 4546 τοῦ
763 4491 994 4559 πένητος
1025 4488 1279 4556 Λαζάρου
1315 4485 1701 4550 ἀποθανόντος,
1743 4485 1896 4539 αὑτὸν

2015 4496 2369 4568 Evangelium
2419 4496 2489 4552 de
2542 4512 2780 4570 paupere
2854 4497 3063 4553 Lazaro
3118 4508 3377 4562 mortuo,
3453 4501 3600 4571 quod

326 4587 432 4641 ὑπὸ
491 4585 738 4655 ἀγγέλων
796 4581 1169 4651 ἀπενεχθῆναι
1239 4579 1318 4641 είς
1384 4577 1475 4630 τὸν
1536 4578 1738 4630 κόλπον
1812 4579 1904 4631 τοῦ

341 4681 618 4752 Ἀϐραάμ.
659 4675 1017 4748 Μαρτυροῦσι
1065 4674 1124 4728 δὲ
1174 4673 1269 4726 καὶ
1315 4673 1372 4724 αἱ
1426 4671 1786 4741 θεωρηθεῖααι
1829 4672 1906 4740 τῷ

330 4775 462 4843 θείῳ
505 4770 776 4838 Ἀντωνίῳ
805 4769 998 4840 ψυχαὶ,
1039 4768 1073 4836 ἦ
1105 4783 1163 4818 τε
1191 4765 1286 4818 τοῦ
1317 4765 1636 4836 Νητριὼτου
1683 4767 1905 4835 Ἀμοῦν,

327 4865 422 4919 καὶ
453 4865 486 4934 ὴ
514 4862 605 4916 τοῦ
637 4860 878 4930 Θηϐαίου
912 4859 968 4912 δὲ
1003 4858 1239 4923 Παύλου,
1291 4857 1366 4919 ὡς
1396 4859 1422 4911 6
1472 4858 1646 4929 μέγας
1695 4860 1912 4929 ἑκτίοη-

331 4975 416 5011 σιν
462 4953 804 5016 Ἀθανάσιος,
838 4954 933 5006 καὶ
971 4949 1182 5003 πολλῶν
1209 4948 1267 5001 δὲ
1303 4948 1480 5001 ἄλλων
1520 4950 1694 5018 ἁγίων
1731 4968 1909 5020 μακα-

333 5048 597 5117 ριώταται
623 5044 817 5117 ψυχαὶ,
849 5044 910 5096 οὑ
947 5044 1107 5110 μόνον
1139 5039 1242 5093 ὑπὸ
1273 5041 1522 5108 ἀγγέλων
1551 5040 1712 5094 θείων
1743 5060 1912 5111 προσ-

326 5140 762 5208 λαμϐανόμεναι,
787 5136 953 5207 328
983 5133 1118 5188 ἀλλὰ
1143 5133 1234 5188 καὶ
1260 5133 1365 5186 ὑπὸ
1395 5133 1585 5204 ψυχῶν
1620 5134 1794 5202 ἁγίων
1827 5135 1912 5189 δο-

331 5230 758 5302 ρυφορούμεναι,
785 5231 864 5291 εἰς
893 5226 1243 5298 παράκλησιν
1273 5226 1475 5292 αὑτῶν,
1503 5221 1681 5295 οἶμαι,
1704 5229 1800 5282 καὶ
1832 5246 1913 5281 τι-

334 5323 462 5394 μὴν,
497 5321 980 5389 ἀπυστελλομένων
1021 5319 1227 5373 τούτων
1264 5318 1417 5388 παρὰ
1454 5319 1611 5373 Θεοῦ.
1654 5320 1915 5388 ’Λριθμὸν

333 5416 391 5467 δὲ
425 5415 525 5466 οὐκ
574 5412 821 5480 ἔγνωμεν
855 5411 1125 5479 ἀγγέλων.
1170 5413 1440 5475 Πολλάκις
1468 5410 1523 5465 δὲ
1565 5412 1660 5465 καὶ
1690 5411 1809 5473 ἕνα,
1839 5411 1915 5472 ὡς

335 5505 614 5574 Εὐθύμιος
635 5506 663 5557 ὁ
699 5503 869 5572 μέγας
903 5502 1130 5572 ἔϐλεψεν
1155 5503 1388 5572 ἄγγελον
1419 5503 1718 5572 κατέχοντα
1737 5505 1916 5572 τρίαι-

336 5615 456 5666 ναν,
495 5597 812 5667 ἠκούσαμεν
862 5599 920 5648 ἐν
970 5597 1082 5656 τοῖς
1123 5595 1233 5648 τῶν
1278 5597 1546 5666 Πατέρων
1587 5595 1790 5662 λόγοις,
1822 5595 1919 5648 καὶ

337 5689 430 5744 δύο
460 5691 516 5743 δὲ
565 5689 659 5742 καὶ
693 5687 948 5750 πλείονας
996 5689 1264 5755 ἀγγέλους
1307 5687 1779 5758 παραγεγονότας,
1823 5688 1919 5739 ἐπὶ

339 5786 417 5856 τῷ
475 5783 658 5838 λαϐεῖν
725 5782 928 5851 ψυχήν.
999 5775 1166 5845 Οἶμαι
1249 5781 1306 5834 δὲ
1359 5780 1514 5835 τοῦτο
1574 5781 1741 5855 ⁸ηιατὲι
1817 5783 1916 5854 τὴν

689 5877 951 5938 νηπίη..
1001 5877 1116 5937 Gtt.
1163 5875 1336 5937 CLV.

2011 4591 2081 4643 ab
2133 4589 2342 4659 angelis
2396 4588 2646 4645 sublatus
2708 4590 2781 4645 sit
2831 4589 2884 4643 in
2942 4589 3121 4646 sinum
3172 4591 3424 4647 Abrahae.
3491 4593 3598 4647 Te-

2011 4689 2226 4736 stantnr
2275 4682 2419 4736 enim
2487 4691 2738 4738 sanctum
2791 4683 3091 4737 Antonium
3162 4686 3595 4752 contemplatnm

2011 4789 2132 4830 esse
2165 4775 2378 4828 animas
2413 4782 2700 4838 exeuntes,
2741 4782 2800 4828 ut
2828 4776 3072 4827 narravit
3100 4757 3331 4842 magnus
3351 4775 3598 4828 Athana-

2013 4870 2129 4923 sius
2160 4869 2227 4923 de
2259 4869 2441 4922 anima
2470 4867 2622 4921 Pauli
2658 4867 2920 4932 Thebani,
2959 4876 3012 4920 et
3044 4867 3334 4921 multorum
3366 4868 3597 4922 aliorum

2015 4964 2366 5018 beatissimas
2417 4973 2730 5018 sanctorum
2792 4963 3020 5014 animas.
3079 4959 3265 5027 Neque
3323 4959 3498 5014 solum
3565 4977 3597 5014 a

2015 5056 2224 5110 sanctis
2254 5055 2462 5119 angelis
2485 5055 2677 5107 ahlatm
2704 5061 2848 5118 sunt,
2878 5053 2971 5108 sed
2991 5060 3045 5107 et
3072 5051 3360 5106 custodiae
3383 5067 3410 5104 a
3444 5067 3604 5108 sanc-

2015 5155 2087 5200 ts
2123 5145 2414 5200 animabus
2439 5160 2469 5198 a
2501 5143 2612 5198 Deo
2657 5141 2840 5196 missis
2867 5141 2919 5194 in
2951 5143 3346 5211 pr0tectionem
3380 5142 3598 5211 quidem

2014 5249 2072 5292 et
2103 5238 2366 5290 honorem
2406 5235 2670 5303 ipsarum.
2705 5232 3002 5286 Numerutn
3037 5239 3214 5285 autent
3245 5247 3351 5284 nou
3393 5232 3602 5286 scimus

2017 5329 2334 5400 angelorum
2369 5327 2434 5380 ad
2481 5326 2585 5380 hoc
2625 5324 3028 5393 deputatorum.
3079 5321 3233 5392 Sarpc.
3270 5339 3435 5378 unum
3473 5322 3606 5393 legi-

2018 5437 2142 5476 mus
2175 5419 2227 5474 in
2262 5418 2609 5474 sermonibus
2636 5417 2856 5472 Patrum
2888 5433 2903 5483 ;
2941 5416 3073 5471 vidit
3097 5415 3421 5486 Eutbymius
3455 5430 3604 5485 mag-

2021 5529 2126 5568 nus
2160 5512 2560 5568 custodientem
2591 5510 2867 5565 Triaenam
2910 5518 2964 5564 et
2993 5510 3132 5564 duos
3165 5509 3248 5562 vel
3283 5509 3464 5576 plures
3507 5523 3608 5560 an-

2030 5608 2186 5674 gelos
2225 5605 2543 5674 prtepositos
2576 5603 2642 5657 ad
2673 5601 3076 5671 suscipiendam
3109 5601 3368 5664 animam,
3392 5606 3448 5650 et
3471 5597 3605 5654 illud
3649 5620 3653 5625 ·

2021 5696 2160 5750 forte
2185 5703 2404 5764 pmpter
2429 5692 2747 5762 dignitatem
2775 5691 3078 5744 animarum
3104 5687 3600 5757 suscipiendarnm:

2022 5795 2077 5844 et
2103 5786 2315 5843 animas
2348 5785 2626 5857 justorum
2679 5799 2708 5839 a
2744 5782 2995 5854 pluribus
3029 5780 3237 5849 angelis
3270 5777 3476 5850 suscipi
3506 5793 3608 5850 pro

3041 5873 3115 5933 27
