4056 6430
513 328 630 393 sta
908 283 914 289 ’
1282 354 1285 359 -
1388 324 1779 386 SYMEONIS
1818 320 2579 399 THESSALOXICENSIS
2616 328 2970 390 meumr.
3683 342 3770 408 844

510 460 718 499 'earum
754 442 954 500 merito
1003 443 1084 498 vel
1118 457 1147 496 a
1179 440 1535 511 paucioribus
1570 461 1582 496 :
1616 441 1832 497 animos
1884 432 2123 510 denique

2232 439 2387 505 ἀξίαν
2420 444 2670 512 γίνεσθαι
2705 437 2814 501 τῷν
2866 447 3284 519 μεθισταμένων
3326 450 3531 521 ψυχῶν,
3567 455 3769 511 καὶτῶν

534 540 883 603 peccatorum
938 549 967 589 a
1032 531 1375 588 dmntonibus
1436 532 1587 602 rapi;
1625 531 1721 587 sed
1771 546 1879 586 non
1936 539 2121 585 tamen

531 636 730 698 prtetcr
762 626 1024 683 notitiam
1058 625 1151 682 Dei
1206 633 1300 680 aut
1329 634 1519 679 contra
1567 623 1900 680 sententiam
1950 623 2069 691 ejus
2106 640 2120 677 :

533 733 640 772 non
679 718 824 773 enim
860 717 1070 787 absque
1102 718 1395 784 praesentia
1428 715 1609 785 angeli
1643 715 1839 770 anima:
1868 721 2123 784 peccato-

534 826 655 865 rum
714 817 1045 880 separantur
1091 823 1120 863 a
1149 822 1418 878 corpore,
1455 823 1524 862 ne
1568 806 1829 862 inimicus
1871 806 2125 876 regiones

535 905 839 959 circumeat
872 902 1131 972 nequiter
1194 908 1247 956 et
1287 901 1407 957 sine
1439 899 1605 955 modo
1635 899 1913 954 hominem
1957 898 2126 953 inter-

534 996 746 1061 ﬁciens,
776 1005 858 1050 λοι
887 993 1124 1064 denique
1155 1006 1223 1050 ne
1264 993 1525 1048 credatur
1556 991 1815 1046 dominus
1851 991 2042 1046 mortis
2071 999 2125 1044 et

535 1084 662 1138 vita:
697 1086 739 1140 ¹.
791 1083 1072 1154 Aecipitur
1139 1083 1209 1138 ab
1268 1083 1476 1154 angelis
1513 1081 1972 1137 immaterialibus
2008 1079 2127 1134 ani-

535 1189 647 1240 ma,
678 1175 1050 1231 immaterialis
1080 1183 1133 1229 et
1162 1174 1277 1244 ipsa
1325 1184 1744 1243 consequenter,
1807 1174 1918 1228 imo
1958 1183 2126 1227 natu-

533 1284 594 1323 ra
657 1284 778 1325 sua.
850 1268 1062 1324 Habent
1130 1270 1276 1324 cuitu
1362 1267 1835 1324 necessitudinem
1885 1267 2127 1337 aliquam

534 1374 658 1416 eum
692 1360 1150 1416 immaterialibus
1197 1360 1399 1431 angeli.
1462 1358 1673 1415 Animae
1724 1374 1859 1413 vero
1913 1357 2127 1427 proﬁci-

535 1461 782 1515 scuntur,
848 1461 907 1507 ut
963 1468 993 1506 a
1063 1454 1271 1507 sanctis
1333 1452 1654 1507 ductoribus
1718 1449 2000 1516 discimus,
2060 1448 2127 1503 ad

538 1542 657 1597 loca
714 1558 903 1597 earum
981 1543 1092 1598 vita
1174 1557 1228 1599 et
1303 1542 1717 1612 operationibus
1798 1541 1985 1609 digna,
2073 1549 2126 1595 et

539 1636 622 1689 hae
662 1633 880 1703 quidem
939 1634 994 1689 in
1037 1636 1198 1702 caelo,
1235 1651 1471 1705 quarum
1509 1634 1856 1690 conversatio
1885 1634 1936 1687 in
1969 1633 2129 1688 coms

538 1735 677 1779 erat.
740 1725 996 1792 Quaedam
1064 1741 1195 1780 vero
1257 1727 1309 1780 in
1376 1726 1569 1782 uelum
1629 1740 1752 1780 eum
1802 1724 2127 1795 corporibus

2231 534 2457 587 δικαίων
2497 535 2595 600 τὰς
2641 538 2739 605 μὲν
2776 538 2883 592 ὑπὸ
2914 539 3130 595 πολλῶν
3178 544 3608 610 παρακαλεῖσθαι
3639 549 3688 603 ἐν
3712 554 3769 622 τῇ

2233 624 2401 697 ἐξόδῳ
2433 628 2575 683 κατὰ
2605 629 2705 699 τὴν
2748 629 2932 683 αὐτῶν
2973 633 3278 702 προκοπὴν,
3307 635 3404 697 τὰς
3432 636 3488 690 δὲ
3522 637 3621 693 ὑπὸ
3643 628 3775 693 ἐλατέ

2230 717 2421 786 τόνων,
2465 719 2563 783 τὰς
2587 720 2696 776 τῶν
2736 721 3178 794 ἁμαρτησάντων
3207 725 3262 779 δὲ
3293 727 3457 782 πάλιν
3486 730 3584 783 om
3609 731 3772 803 δαιμό-

2232 829 2338 864 νων
2383 811 2750 881 ἁρπάζεσθαι,
2792 816 2928 878 τέως
2968 832 3034 883 γε
3094 825 3201 890 μὴν
3252 822 3313 874 οὐ
3369 823 3517 894 παρὰ
3579 826 3776 896 γνώμην

2214 900 2390 961 Θεοῦ.
2424 905 2531 960 Καὶ
2563 907 2675 978 γὰρ
2716 908 2839 961 οὐδὲ
2876 908 2985 963 τῶν
3039 912 3381 984 ἁμαρτωλῶν
3415 916 3473 968 αἱ
3507 916 3666 987 ψυχαὶ
3688 937 3777 988 χω-

2236 1001 2320 1071 ρὶς
2361 999 2600 1069 ἀγγέλου
2642 996 2997 1071 χωρίζονται,
3034 996 3123 1058 ἵνα
3180 1008 3255 1076 μὴ
3323 1007 3505 1078 χώραν
3546 1011 3573 1063 ό
3611 1011 3779 1081 ἐχθρὸς

2230 1091 2386 1162 εὖροι
2437 1091 2706 1147 θανατοῦν
2752 1094 2846 1147 τὸν
2888 1094 3203 1165 ἄνθρωπον,
3246 1101 3339 1152 καὶ
3397 1104 3545 1170 παρὰ
3589 1104 3776 1173 καιρὸν,

2233 1185 2331 1238 καὶ
2362 1184 2448 1237 ἵνα
2480 1183 2554 1255 μὴ
2590 1186 2875 1256 νομισθείη
2929 1187 3122 1258 κύριος
3152 1181 3294 1242 εἷναι
3318 1189 3414 1244 τοῦ
3455 1192 3673 1248 Θανάτου
3700 1197 3779 1250 καὶ

2232 1278 2332 1346 τῆς
2380 1276 2546 1347 ζωῆς.
2607 1277 2965 1348 Λαμϐάνεται
3016 1270 3076 1332 δὲ
3129 1280 3223 1334 ὑπ’
3271 1282 3521 1351 ἀγγέλων
3552 1284 3779 1357 dii).qu

2233 1365 2379 1437 ψυχὴ
2405 1367 2566 1430 ἇῦλος
2590 1362 2747 1435 οῦσα,
2775 1368 3109 1435 άκολούθως,
3141 1373 3346 1441 μᾶλλον
3369 1374 3427 1427 δὲ
3452 1375 3593 1427 κατὰ
3617 1376 3775 1443 φύσιν.

2218 1452 2522 1531 ⁴Συγγενῶς
2575 1465 2683 1534 γὰρ
2736 1464 2874 1533 πρὸς
2925 1465 2996 1518 τά
3029 1467 3168 1520 ἅῦλα
3216 1468 3266 1520 οἱ
3312 1467 3538 1536 ἄγγελοι
3572 1467 3774 1539 ἔχουσιν.

2235 1552 2301 1607 Αἱ
2326 1553 2499 1623 ψυχαὶ
2538 1553 2595 1607 δὲ
2642 1554 2995 1624 πορεύονται.
3033 1556 3110 1619 ὼς
3143 1556 3297 1626 παρὰ
3337 1557 3446 1610 τῶν
3485 1539 3777 1629 ἀγίωνρμαν·

2235 1645 2494 1713 θάνομεν,
2524 1646 2580 1698 ἐν
2625 1647 2812 1709 τόποις
2847 1646 2950 1717 τῆς
2989 1646 3136 1715 ζωῆς
3184 1640 3367 1701 αὐτῶν
3404 1650 3499 1702 καὶ
3537 1644 3778 1714 πολιτείας

2236 1733 2438 1798 ἀξίοιςο
2474 1724 2565 1787 καὶ
2607 1734 2663 1787 αἱ
2697 1736 2798 1804 μὲν
2832 1736 2891 1789 ἐν
2916 1735 3000 1807 ’τῷ
3032 1729 3271 1808 οὐρανῷ,
3312 1734 3403 1803 αἷς
3443 1740 3535 1793 καὶ
3564 1742 3620 1794 τὸ
3648 1742 3776 1795 πολί-

541 1820 818 1874 translatae
844 1829 993 1884 Sttnl,
1040 1818 1186 1874 sicut
1228 1817 1418 1873 eodem
1458 1827 1640 1874 mente
1690 1826 1890 1888 raptus
1922 1816 2126 1872 Paulus

2242 1793 2420 1896 τέυμᾷι
2475 1822 2542 1897 ἦν
2574 1824 2632 1878 ἒν
2676 1793 2986 1897 οὐρανοῖς..
3021 1793 3236 1893 Αἴτινες
3260 1793 3350 1903 ’δὴ
3383 1793 3476 1887 καὶ
3534 1793 3776 1904 μετά-τοῦ

536 1912 727 1975 docet,
770 1911 863 1982 qui
890 1920 1077 1981 postea
1132 1909 1363 1965 dissolvi
1420 1911 1675 1980 cupiebat
1730 1917 1787 1977 et
1839 1924 1961 1965 esse
1999 1923 2123 1962 cum

534 1999 755 2055 Christo
783 2002 843 2065 ¹,
897 2008 951 2055 et
998 2010 1057 2055 ut
1090 2000 1180 2055 ﬁat
1207 1999 1339 2055 illud
1367 1999 1577 2053 Domini
1616 2001 1844 2055 verbum
1885 2017 1899 2054 :
1947 2018 1965 2050 ι
2018 1996 2123 2053 Ubi

535 2108 656 2147 sum
708 2106 811 2163 ego
860 2098 913 2146 et
960 2092 1062 2162 ipsi
1117 2106 1328 2147 mecum
1371 2092 1480 2146 sint
1516 2091 1613 2152 ἰι
1660 2099 1715 2145 et
1767 2091 1844 2144 illi
1891 2100 2019 2144 sunt
2071 2090 2125 2143 in

539 2183 800 2253 paradiso
832 2226 847 2250 ,
902 2182 1207 2238 secundum
1256 2182 1387 2247 illud
1423 2198 1437 2237 :
1472 2202 1489 2234 ι
1526 2181 1697 2237 Hodie
1751 2195 1966 2236 meeum
2015 2181 2126 2237 eris

537 2280 595 2330 in
651 2278 908 2347 paradiso
947 2276 991 2330 ⁸.
1031 2295 1050 2328 ι
1096 2274 1172 2329 lbi
1234 2276 1378 2329 enim
1440 2291 1562 2330 esse
1614 2274 1829 2329 animas
1876 2275 2125 2329 omnium

539 2370 631 2439 qui
676 2379 796 2440 post
830 2367 1213 2438 paenitentiam
1268 2369 1469 2421 mortui
1518 2375 1671 2433 sunt,
1726 2365 1873 2422 sicut
1908 2374 1963 2421 et
2007 2367 2127 2435 ejus

537 2462 777 2516 animam
852 2461 999 2515 eauti
1048 2458 1423 2531 sapientisque
1462 2459 1695 2513 latronis
1724 2499 1739 2524 ,
1789 2458 2124 2513 credendum

536 2564 645 2609 est.
675 2553 739 2608 Et
765 2553 916 2623 juste
945 2553 1207 2624 quidem:
1250 2552 1339 2622 qui
1370 2552 1516 2607 enim
1554 2552 1837 2607 Christum
1883 2553 2127 2622 perfecte

536 2656 667 2703 sunt
685 2647 907 2714 imitati,
927 2646 1105 2717 ipsum
1125 2647 1514 2701 ascendentem
1535 2646 1589 2700 in
1613 2645 1811 2701 etclam
1828 2655 2129 2715 sequentur

535 2749 732 2795 etcum
771 2739 891 2809 ipso
925 2740 978 2793 in
1001 2739 1140 2794 coelo
1163 2747 1349 2794 erunt.
1382 2738 1441 2793 lu
1472 2738 1729 2807 paradiso
1753 2752 1970 2807 quoque
1999 2746 2128 2792 sunt

534 2848 677 2903 quos
712 2833 858 2888 sicut
908 2832 1177 2889 latronem
1220 2834 1594 2903 paenituerit;
1644 2847 1771 2887 nam
1818 2839 1874 2888 et
1925 2832 2125 2887 coelum

535 2932 591 2979 et
646 2925 963 2994 paradisum
999 2926 1215 2994 aperuit
1244 2925 1527 2981 Christus.
1576 2924 1646 2981 Et
1685 2925 1867 2979 anima
1895 2936 2127 2993 quaeque

528 3016 689 3086 juxta
744 3017 910 3070 vitam
956 3031 1108 3070 suam
1149 3016 1376 3085 accipiet
1435 3032 1465 3072 a
1498 3018 1610 3072 Deo
1665 3017 2127 3080 consolationem,

2233 1920 2487 1988 σώματος
2512 1915 2673 1973 οὖσαι
2708 1920 2788 1983 είς
2819 1922 3088 1990 οὖρανοῦς
3116 1923 3521 1997 ἀνηνέχθησαν,
3556 1926 3727 1998 ὥσπερ
3753 1930 3777 1979 ό

2232 2010 2446 2075 Παῦλος
2505 2011 2779 2080 ἀρπαγεὶς
2831 2013 3015 2067 ἐκεῖσε
3066 2013 3336 2083 διδάσκει,
3388 2018 3482 2071 καὶ
3524 2018 3776 2089 ἐπιθυμῶν

2231 2103 2496 2158 ἀναλῦσαι
2526 2107 2621 2158 καὶ
2678 2106 2776 2158 σὺν
2836 2106 3063 2178 Χριστῷ
3100 2103 3264 2176 εἶναι,
3302 2111 3398 2165 καὶ
3440 2112 3524 2166 ἵνα
3587 2112 3776 2184 γένηται

2230 2197 2316 2263 τὸ,
2349 2215 2367 2248 r
2396 2187 2583 2251 ”Ὀπου
2623 2188 2741 2267 είμὶ
2785 2198 2920 2267 ἐγὼ,
2971 2200 3065 2255 καὶ
3098 2201 3250 2255 αὐτοὶ
3292 2197 3397 2258 ὦσι
3436 2204 3551 2273 μετ’
3582 2203 3719 2274 ἐμοῦ,
3755 2221 3772 2254 ι

2231 2294 2369 2359 ὅπερ
2427 2291 2531 2361 ἔφη
2572 2296 2600 2346 ό
2626 2284 2871 2364 Κύριος.
2919 2294 2981 2348 Οἱ
3012 2293 3071 2347 δὲ
3120 2295 3175 2347 ἐν
3208 2293 3286 2366 τῷ
3332 2297 3641 2367 παραδείσῳ
3671 2298 3775 2357 εἰσί.

2232 2384 2373 2438 κατὰ
2437 2386 2520 2448 τὺ,
2561 2403 2579 2436 ι
2617 2374 2867 2455 Σήμερον
2901 2385 3019 2454 μετ’
3072 2386 3209 2457 ἐμοῦ
3265 2387 3368 2461 ἔσῃ
3424 2389 3482 2441 ἐν
3525 2389 3597 2460 τῷ
3630 2405 3779 2460 παραυ

2230 2476 2415 2546 δείσῳ.
2459 2496 2478 2529 ι
2518 2476 2685 2531 Ἔνθα
2715 2478 2811 2531 καὶ
2839 2479 3058 2533 πάντων
3089 2479 3197 2533 τῶν
3222 2478 3309 2534 διὰ
3348 2482 3628 2552 μετανοίας
3652 2481 3779 2549 ἐξερ⁸

2234 2573 2485 2637 χομὲνων
2524 2563 2668 2620 εἶναι
2724 2566 2821 2630 τὰς
2865 2566 3045 2637 ψυχάς
3080 2568 3428 2633 πιστευτέον,
3478 2570 3551 2632 ὡς
3587 2568 3672 2623 καὶ
3697 2566 3778 2634 τὴν

2231 2658 2327 2713 τοῦ
2350 2658 2697 2728 εὐγνώμονος
2725 2660 2936 2713 ἐκείνου
2963 2659 3162 2732 λῃστοῦ
3186 2660 3389 2731 ψυχήν.
3416 2655 3531 2714 ’Καὶ
3559 2660 3777 2725 δικαίως,

2231 2750 2284 2805 oi
2321 2751 2420 2820 μὲν
2455 2752 2512 2803 ἑν
2543 2749 2621 2822 τῷ
2660 2750 2879 2822 οὐρανῷ
2918 2750 2992 2815 ὡς
3024 2751 3116 2805 τὸν
3144 2751 3386 2820 Χριστὸν
3422 2752 3610 2814 όλικῶς
3636 2767 3779 2818 μιμη·

2232 2843 2486 2914 σάμενοι,
2537 2845 2618 2907 είς
2654 2846 2782 2905 τοὺς
2827 2845 3089 2916 οὐρανοὺς
3134 2844 3503 2914 ἁναληιρθέντι
3545 2845 3776 2903 συνεῖναι,

2231 2938 2281 2990 οἱ
2304 2935 2359 2988 δὲ
2383 2938 2439 2988 ἐν
2474 2935 2552 3004 τῷ
2579 2936 2918 3007 παραδείσῳ,
2935 2935 3009 2999 ὡς
3032 2939 3059 2990 ό
3081 2937 3312 3007 λῃστὴς,
3341 2937 3774 3005 μετανοήσαντες·

2234 3028 2328 3081 καὶ
2367 3028 2471 3096 γὰρ
2503 3029 2533 3081 ό
2578 3027 2816 3097 Χριστὸς
2857 3026 2949 3082 καλ
2988 3028 3080 3082 τὸν
3104 3028 3332 3098 οὐρανὸν
3384 3030 3480 3082 καὶ
3513 3027 3600 3080 τὸν
3628 3024 3776 3094 παρά-

533 3119 732 3159 omnes
765 3107 914 3160 enim
979 3112 1109 3159 sunt
1163 3105 1501 3173 imperfectae
1549 3122 1723 3177 usque
1777 3106 1903 3162 dum
1950 3107 2127 3161 veniat

2232 3118 2408 3174 δεισον
2428 3117 2662 3189 ἤνοιξεν.
2692 3117 3006 3186 Ἀναλόγως
3035 3118 3091 3173 δέ
3130 3122 3194 3188 τῇ
3252 3117 3366 3189 ζωῇ
3422 3120 3617 3188 ἑκάστη
3648 3116 3777 3184 δέχε-

538 3198 834 3261 Dominus,
866 3197 1009 3252 sicut
1030 3196 1296 3252 docemur
1319 3214 1333 3252 :
1359 3198 1421 3253 Ut
1441 3213 1549 3252 non
1575 3200 1694 3254 sine
1722 3199 1900 3265 nobis,
1928 3200 2125 3270 inquit,

539 3291 773 3358 perfecti
807 3290 939 3345 [iant
971 3290 1015 3357 l’;
1050 3297 1104 3346 et
1145 3303 1551 3361 consequenter
1598 3293 1689 3362 qui
1740 3292 2129 3363 perfectionem

539 3399 609 3438 ex
641 3383 747 3438 fide
776 3384 1110 3453 percipiunt,
1134 3400 1244 3438 non
1271 3397 1598 3455 receperunt
1621 3389 1929 3443 mercedem
1946 3402 2128 3443 suam.

538 3476 901 3533 Peccatorum
952 3494 1080 3533 vero
1118 3489 1285 3548 atque
1322 3480 1621 3534 inﬁdelium
1670 3482 1886 3537 animas
1948 3482 2002 3536 in
2049 3483 2132 3536 in-

539 3570 693 3627 ferno
712 3586 833 3626 esse
851 3571 1183 3627 credendum
1205 3580 1311 3638 est,
1330 3575 1790 3644 quemadmodum
1804 3584 2129 3631 sanctorum

539 3665 594 3720 iu
676 3665 841 3730 coelo,
904 3673 956 3718 et
1008 3665 1061 3718 in
1115 3664 1237 3719 aiiis
1285 3666 1423 3722 locis
1470 3666 1719 3722 obsmris
1761 3678 1815 3723 et
1857 3668 2130 3734 tristibus,

540 3759 781 3827 peccatis
834 3757 1149 3812 eorumdem
1196 3767 1252 3814 et
1308 3758 1618 3815 inlitlelitati
1688 3761 2131 3831 corresponden-

539 3851 712 3915 tibus,
778 3851 1126 3907 daemonibus
1185 3851 1462 3917 obnoxiae,
1509 3868 1538 3905 a
1596 3853 1798 3920 quibus
1823 3855 1986 3910 veluti
2053 3864 2136 3926 ty-

535 3942 729 3995 rannis
786 3943 1144 3999 .mmroribus
1215 3957 1281 3998 ae
1360 3944 1643 4000 laboribus
1717 3946 2129 4002 cruciabuntur.

535 4034 694 4091 Nune
726 4044 903 4091 autem
932 4050 1149 4106 poenam
1181 4051 1289 4090 non
1318 4036 1471 4092 luunt
1500 4037 1795 4108 perfectam
1829 4054 1956 4095 eum
1990 4055 2130 4095 non-

537 4127 665 4180 dum
738 4125 923 4182 adsint
987 4126 1311 4197 corporibus
1365 4128 1694 4198 quibuscum
1746 4140 2132 4201 peccaverunt,

538 4227 741 4274 etcum
779 4217 1020 4272 nondum
1052 4217 1120 4272 de
1147 4219 1291 4273 cmlo
1327 4219 1687 4274 descenderit
1736 4220 2000 4278 Dominus
2034 4225 2135 4293 qui

535 4310 805 4380 iudicabit
856 4325 1050 4366 omnes
1094 4319 1148 4364 et
1205 4311 1391 4365 reddet
1456 4311 1759 4381 unicuique
1816 4313 2128 4368 secundum

540 4416 709 4471 opera
732 4402 871 4471 ejus.
899 4402 1003 4457 Sed
1031 4417 1206 4473 neque
1236 4410 1321 4459 est
1350 4403 1593 4473 quaedam
1637 4406 1927 4475 castigatio
1950 4408 2130 4477 prima

2234 3226 2322 3267 ται
2354 3213 2449 3267 καὶ
2483 3214 2633 3285 παρὰ
2659 3210 2797 3267 Θεοῦ
2831 3214 2932 3282 τὴν
2970 3213 3340 3282 παράκλησιν,
3379 3216 3548 3268 πᾶσαι
3580 3212 3631 3265 δέ
3664 3212 3778 3263 εἰσιν

2232 3304 2467 3367 ἀτελεῖς,
2523 3304 2628 3367 ἕως
2684 3303 2751 3357 ἂν
2802 3307 2830 3358 ό
2875 3304 3084 3373 Κύριος
3133 3301 3283 3373 ἔλθῃ,
3320 3301 3502 3365 καθὼς
3562 3296 3777 3353 διδασκό-

2237 3395 2409 3465 μεθα·
2450 3414 2469 3446 ι
2513 3395 2633 3448 Ἵνα
2670 3395 2747 3464 μὴ
2781 3396 2953 3466 χωρὶς
2979 3397 3011 3465 ἡ
3024 3395 3161 3465 μῶν,
3200 3395 3362 3465 φησὶ,
3396 3392 3727 3447 τελειωθῶσι.
3759 3402 3776 3437 ι

2233 3489 2346 3544 Καὶ
2398 3487 2546 3542 οῦτοι
2603 3489 2803 3550 πάντες
2856 3487 3236 3550 τελειωθέντες
3279 3485 3372 3538 διὰ
3425 3486 3523 3555 τῆς
3552 3483 3780 3540 πίστεως,

2230 3584 2332 3636 οὐκ
2362 3581 2689 3651 ἐκομίσαντο
2718 3579 2817 3649 τὴν
2849 3579 3202 3649 ἐπαγγελίαν.
3257 3579 3369 3641 Τὰς
3407 3578 3513 3632 τῶν
3555 3564 3782 3647 ἁμαρτω·

2227 3673 2341 3729 ’λῶν
2374 3674 2430 3728 δὲ
2468 3675 2566 3728 καὶ
2600 3674 2849 3728 ἀπίστων
2897 3674 3080 3743 ψυχὰς
3129 3674 3223 3726 καὶ
3251 3674 3309 3726 ἐν
3341 3671 3424 3743 τῷ
3465 3671 3561 3743 ᾅδῃ
3591 3681 3780 3721 πιστευ-

2233 3769 2354 3823 τέον
2385 3764 2546 3832 εἶναι,
2578 3766 2776 3837 ὥσπερ
2808 3767 2899 3819 καὶ
2931 3767 2990 3819 ἐν
3015 3763 3234 3835 οὐρανῷ
3264 3762 3372 3816 τῶν
3409 3762 3597 3831 ἁγίων,
3620 3757 3706 3810 καὶ⁴
3732 3757 3779 3807 ἓν

2236 3862 2446 3934 ἑτέροις
2466 3860 2654 3922 τόποις
2678 3861 2944 3930 ἀφεγγέσι
2974 3861 3069 3913 καὶ
3095 3857 3388 3927 θλιῦεροῖς,
3417 3856 3511 3911 καὶ
3538 3852 3779 3919 ἀναλόγως

2234 3957 2354 4020 ταῖς
2384 3954 2684 4025 ἁμαρτίαις
2738 3953 2942 4017 αὐτῶν,
2972 3955 3065 4005 καὶ
3104 3954 3168 4023 τῇ
3202 3950 3455 4020 ἀπιστίᾳ,
3489 3949 3590 4002 ὕπὸ
3613 3941 3775 4013 δαιμό·

2235 4066 2342 4103 νων
2359 4046 2627 4118 ἄρχεσθαι
2656 4047 2750 4100 καὶ
2778 4044 3221 4115 τυραννουμένας
3265 4041 3557 4109 ὀδυνᾶσθαι
3578 4056 3591 4068 ·
3612 4036 3667 4091 οὗ
3693 4034 3780 4104 μὴν

2235 4140 2291 4195 δὲ
2321 4139 2417 4194 νῦν
2440 4142 2509 4211 τῇ
2538 4137 2722 4207 τελείᾳ
2753 4134 2979 4189 κολάσει
3017 4131 3433 4203 παραδίδοσθαι.
3472 4129 3621 4182 Ἐπεὶ
3653 4123 3780 4177 οὔπω

2236 4233 2351 4293 τοῖς
2383 4230 2567 4283 αὐτῶν
2589 4227 2881 4298 ήνώθησαν
2914 4224 3154 4294 σώμασι,
3194 4222 3313 4293 μεθ’
3342 4215 3419 4276 ὧν
3451 4221 3544 4274 καὶ
3569 4218 3781 4287 ἐξήμαρ-

2236 4339 2363 4378 τον*
2395 4321 2504 4376 οὐδ’
2550 4325 2580 4376 ὁ
2609 4320 2815 4390 Κύριος
2851 4316 2929 4371 ἔτι
2962 4317 3123 4389 ἦλθεν
3165 4315 3223 4383 ἐξ
3261 4313 3516 4384 οὐρανοῦ,
3542 4312 3599 4375 ὃς
3631 4303 3782 4379 κρινεῐ

2238 4411 2469 4480 πάντας,
2500 4411 2598 4466 καὶ⁵
2643 4407 2915 4464 ἀποδώσει
2946 4407 3162 4476 ἑκάστῳ
3188 4405 3330 4460 κατὰ
3356 4404 3426 4459 τά
3460 4404 3595 4474 ἔργα
3619 4395 3779 4454 αὐτοῦ.

541 4494 597 4550 in
634 4508 797 4564 quam
825 4496 1158 4563 peccatrices
1185 4497 1384 4549 anima:
1415 4495 1797 4564 ingrediantur
1838 4498 2127 4568 puniendae

2248 4505 2391 4560 Ἀλλ’
2442 4476 2563 4557 οὐδὲ
2625 4519 2708 4566 τις
2754 4500 2873 4553 ἐστι
2936 4499 3157 4562 κόλασις
3209 4499 3476 4570 προτέρα,
3530 4498 3608 4557 είς
3642 4493 3703 4563 ἢν
3734 4486 3781 4541 αι

542 4587 699 4654 quta
733 4585 993 4639 malitiam
1023 4600 1181 4641 suam
1217 4593 1271 4640 et
1312 4591 1503 4655 postea
1530 4585 1830 4643 liberanda:
1878 4589 1948 4645 ab
1979 4590 2132 4645 ulte-

541 4680 689 4736 riore
745 4693 928 4750 paena,
965 4680 1107 4734 sicut
1154 4679 1393 4750 pessime
1441 4678 1783 4734 blaterantur
1836 4682 2132 4751 quidam...

542 4770 680 4828 Cum
733 4771 880 4826 enim
929 4779 1152 4825 sanctos
1200 4770 1498 4839 Gregorius
1548 4768 1799 4840 Dialogus
1844 4773 1985 4828 dixit
2013 4774 2134 4829 ani-

546 4879 665 4921 mas
705 4863 758 4919 in
819 4865 941 4935 igne
1000 4863 1263 4934 torqueri,
1311 4863 1412 4917 hoc
1461 4865 1763 4919 secundum
1823 4866 2135 4937 intelligen-

546 4958 649 5013 tias
681 4957 856 5023 dixit;
889 4958 963 5011 ita
995 4965 1055 5012 ut
1079 4957 1279 5011 animat
1316 4956 1425 5010 sint
1454 4957 1613 5026 quasi
1645 4957 1878 5028 captivae
1916 4958 1969 5014 in
1992 4975 2128 5032 quo-

548 5048 674 5105 dam
707 5050 830 5105 loco
866 5058 1157 5119 postquam
1194 5056 1249 5103 et
1289 5048 1589 5104 Secundum
1615 5050 1763 5123 quod
1794 5051 2054 5122 jndicataa
2079 5062 2135 5109 et

546 5142 820 5198 damnatae
859 5141 1083 5197 fuerunt
1113 5140 1436 5212 amigendas
1468 5141 1525 5196 in
1549 5141 1675 5214 igne
1707 5159 1805 5214 per
1834 5146 2129 5202 conscien.

549 5234 679 5289 tiam
708 5251 724 5302 ;
761 5235 833 5289 ita
866 5244 926 5287 ut
970 5235 1199 5302 insuper
1228 5233 1419 5303 gratiae
1454 5233 1549 5288 Dei
1605 5235 1761 5291 facta:
1806 5238 2129 5307 exheredes,

549 5325 891 5382 daemonibus
922 5323 1289 5392 subiiciantur
1314 5341 1329 5391 ;
1362 5324 1504 5380 sicut
1531 5334 1583 5382 et
1627 5326 1866 5398 loquitur
1891 5328 2132 5401 Chryso-

557 5428 794 5479 stomus,
829 5416 1114 5472 afﬁrmans
1146 5416 1204 5471 in
1250 5417 1678 5476 Commentariis
1722 5422 1842 5478 suis
1891 5424 1944 5477 in
1995 5425 2127 5479 Acta

549 5510 929 5579 apostolorum
952 5506 1188 5563 “animas
1221 5510 1546 5576 crueiaudas
1595 5528 1694 5583 per
1728 5516 2125 5571 conscientiam

553 5612 605 5657 et
636 5616 735 5671 per
765 5600 1169 5668 separationem
1199 5616 1226 5655 a
1255 5603 1363 5659 Deo
1390 5604 1533 5661 hanc
1576 5606 1826 5662 ultimam
1866 5614 1921 5662 et
1967 5619 2129 5663 teter-

2233 4596 2559 4668 ἁμαρτωλαὶ
2594 4593 2771 4666 ψυχαὶ
2802 4592 3225 4662 ἐμϐαλλόμεναι,
3258 4591 3354 4644 καὶ
3389 4591 3547 4659 δίκην
3568 4582 3781 4640 τιννῦσαι

2236 4688 2504 4757 ἀνάλογον
2534 4690 2601 4759 τῇ
2651 4686 2845 4756 κακίᾳ,
2907 4682 3321 4754 ἐλευθεροῦνται
3369 4682 3470 4752 τῆς
3521 4674 3778 4749 τιμωρίας.

2236 4778 2312 4844 ῶς
2366 4796 2515 4843 τινες
2566 4776 2964 4848 φληναφοῦσιν.
3014 4776 3075 4827 Ei
3130 4773 3240 4844 γὰρ
3289 4771 3386 4827 καὶ
3415 4776 3443 4826 ό
3503 4770 3638 4832 θεῖός
3668 4778 3778 4834 φησι

2236 4872 2545 4944 Γρηγόριος
2567 4873 2595 4925 ό
2622 4870 2905 4937 Διάλογος,
2947 4868 3127 4936 ψυχὰς
3154 4867 3213 4920 ἐν
3242 4865 3404 4936 φλογὶ
3427 4858 3776 4937 τιμωρεῖσθαι,

2232 4964 2442 5035 νοητῶς
2481 4961 2643 5016 τοῦτό
2674 4978 2833 5032 φησι,
2871 4960 2965 5014 καὶ
3011 4959 3072 5011 τὸ
3117 4954 3257 5012 εἶναι
3297 4959 3370 5021 ὡς
3409 4957 3651 5027 δεσμίους
3697 4950 3778 5026 τὰς

2230 5057 2408 5129 ψυχὰς
2432 5057 2491 5111 ἐν
2526 5055 2680 5123 τόπῳ
2723 5054 2832 5107 τινὶ
2873 5053 2949 5115 ὡς
2997 5050 3532 5120 καταδεδικασμένοις
3560 5040 3779 5110 θλιϐομέ-

2225 5165 2348 5218 ’νας,
2380 5147 2475 5201 καὶ
2508 5146 2588 5217 τῷ
2616 5145 2749 5215 πυρὶ
2776 5143 2877 5215 τῆς
2912 5142 3269 5213 συνειδήσεως
3297 5140 3621 5212 φλέγεσθαι·
3660 5129 3776 5188 ἀλλὰ

2236 5243 2330 5296 καὶ
2362 5241 2424 5294 τὸ
2457 5239 2533 5312 μὴ
2565 5238 2726 5310 χάριν
2766 5236 2913 5308 ἔχειν
2938 5235 3098 5301 Θεοῦ,
3144 5236 3240 5290 καὶ
3272 5236 3376 5289 ὑπὸ
3398 5235 3657 5305 δαιμόνων
3677 5225 3776 5279 ὀδυ-

2238 5332 2460 5399 νᾶσθαι,
2505 5333 2581 5395 ὡς
2615 5331 2709 5385 καὶ
2763 5330 2791 5382 ό
2827 5330 3249 5401 Χρυσορῤἡμων
3280 5327 3434 5383 τοῦτό
3460 5341 3617 5398 φησιν
3643 5322 3697 5373 ἐν
3723 5316 3775 5385 τῇ

2248 5422 2553 5497 Ἐρμηνεία
2579 5421 2690 5476 τῶν
2731 5421 3016 5493 Πράξεων,
3054 5402 3479 5490 τιμωρουμένας
3518 5415 3593 5486 τῷ
3624 5424 3779 5497 σννειξ-

2236 5520 2370 5582 δότι,
2417 5518 2513 5571 καὶ
2551 5514 2629 5585 τῷ
2662 5514 2737 5584 μὴ
2792 5512 3234 5584 παρακαλεῖσθαι
3282 5511 3388 5566 ὑπὸ
3418 5507 3572 5573 Θεοῦ,
3606 5496 3775 5568 καὶτῷ

2236 5606 2638 5678 ἅπεκδέχεσθαι
2669 5603 2768 5675 τὴν
2795 5601 3114 5659 τελευταίαν
3150 5602 3368 5676 ἐκείνην
3397 5598 3606 5655 αἰώνιον
3637 5591 3773 5648 κόλα-

634 5778 657 5809 ²
687 5777 888 5847 Philip.
916 5790 957 5845 ι,
985 5778 1075 5835 25.
1154 5784 1174 5816 ³
1209 5784 1366 5844 Joan.
1397 5804 1528 5860 xvii,
1561 5789 1651 5845 94:
1731 5791 1751 5823 ‘
1795 5789 1928 5845 Luc.
1962 5801 2121 5857 unt,

2232 5825 2243 5843 .
2320 5787 2340 5820 ⁵
2377 5788 2587 5844 Incerta
2624 5786 2812 5843 lectio.

3962 218 3972 543 ε
