4056 6456
293 413 402 478 845
1000 399 1398 474 ‘RES‘OXSA
1429 416 1527 475 AD
1568 414 2024 475 GABRIEIJ‘JM
2068 415 2795 479 PENI‘APOLI'TAN'UM.
3447 420 3556 485 836

293 549 402 585 σιν.
456 531 519 586 Εἰ
558 530 652 586 οὖν
690 533 782 585 καὶ
835 533 1072 603 μετρίως
1116 533 1262 592 τινὲς
1307 532 1486 584 αὐτῶν
1533 531 1865 602 ἐξήμαρτον,

1973 545 2095 583 nam
2132 546 2347 598 paruam
2380 544 2781 603 exspectantes.
2805 534 2862 589 Si
2887 552 3015 592 vero
3047 539 3243 605 aliquis
3269 556 3334 594 ex
3359 540 3551 594 iisdem

294 625 388 675 καὶ
427 623 586 691 μόνον
632 613 891 695 μετανοίᾳ
929 625 1021 677 τοῦ
1081 625 1198 694 βίου
1228 624 1423 676 τούτου
1472 623 1715 693 ἐξῆλθον,
1782 626 1871 678 διὰ

1974 625 2253 678 moderate
2309 625 2622 696 deliquerit,
2674 611 2732 681 et
2790 644 2914 682 cum
2947 630 3270 699 poenitentia
3329 646 3396 684 ex
3454 637 3554 685 hac

286 714 393 782 τῆς
436 715 740 783 ἱερωτάτης
777 715 963 776 Θυσίας
995 717 1087 769 καὶ
1117 716 1374 769 εὐποιιῶν
1422 719 1517 770 καὶ
1541 717 1742 768 λοιπῶν
1772 718 1870 770 ἃλ-

1975 712 2086 767 vita
2111 717 2425 781 excesserit,
2457 732 2556 786 per
2581 729 2993 774 sacrosanctum
3015 704 3344 777 sacrificium
3378 735 3430 775 et
3457 723 3554 776 bo-

293 805 424 866 lwv,’
457 807 718 860 δύνανται
743 807 1054 877 ἐλευθερίας
1077 810 1263 878 τυχεῖν
1295 809 1400 877 προ
1431 807 1523 860 τοῦ
1565 807 1741 860 ἐλθεῖν
1781 808 1870 860 τὸν

1977 821 2042 858 na
2068 821 2232 874 Opera
2252 817 2307 861 et
2331 809 2441 862 alia
2475 822 2706 876 possunt
2760 812 3067 866 libertatem
3103 815 3362 881 consequi
3409 821 3556 866 ante-

294 897 508 966 κριτήν.
549 896 658 947 Καὶ
699 896 856 950 τοῦτο
885 898 1147 969 δεχομένη
1184 901 1214 969 ή
1261 899 1579 970 Ἐκκλησία,
1610 900 1872 969 τᾶςύπὲρ

1975 915 2137 969 quam
2181 899 2344 968 judex
2365 901 2668 957 advenerit.
2691 901 2753 956 Et
2776 905 2875 958 hoc
2915 906 3150 972 probans
3187 905 3426 960 Ecclesia
3459 921 3556 973 pro

289 990 403 1041 τῶν
451 991 832 1061 ἀποιχομένων
876 993 1114 1045 ποιεῖται
1167 992 1479 1062 προσευχὰς
1516 995 1611 1044 καὶ
1642 991 1868 1055 θυσίας’

1976 994 2247 1047 defunctis
2299 1010 2487 1063 preces
2524 1003 2581 1049 et
2617 996 2888 1051 sacrificia
2919 997 3229 1067 peragit.Et
3262 999 3361 1052 hoc
3403 998 3553 1049 inulti

298 1083 392 1137 καὶ
428 1084 615 1156 πολλοὶ
660 1083 819 1137 τοῦτο
851 1085 1212 1153 μαρτυροῦσι,
1250 1086 1344 1136 καὶ
1399 1087 1446 1136 οἱ
1477 1085 1728 1153 λούμενοι
1753 1086 1874 1137 δεσ-

1977 1092 2272 1150 testantur,
2305 1093 2358 1140 et
2393 1087 2535 1140 inter
2586 1102 2682 1142 eos
2727 1089 2819 1158 qui
2876 1098 2997 1158 post
3049 1099 3282 1142 mortem
3335 1089 3559 1142 solvun-

301 1176 407 1245 μοῦ
440 1179 581 1246 μετὰ
619 1176 855 1230 θάνατον
900 1178 974 1241 ὼς
1017 1179 1296 1246 λυομένων
1331 1178 1425 1232 καὶ
1465 1179 1570 1230 τῶν
1601 1181 1875 1248 σωμάτων

1981 1186 2068 1230 tur
2092 1177 2452 1243 vinculo,non
2477 1179 2578 1232 alia
2607 1181 2816 1233 ratione
2847 1197 2955 1250 qua
2981 1183 3298 1235 eorumdem
3319 1195 3551 1248 cerpora

297 1269 500 1322 αὐτῶν.
535 1269 634 1322 Διὰ
690 1269 847 1321 τοῦτο
891 1271 983 1322 καὶ
1032 1269 1208 1340 φλόγα
1240 1271 1334 1324 τοῦ
1374 1270 1628 1322 πλουσίου
1665 1271 1874 1322 ἐκείνου

1978 1271 2352 1327 dissolvuntur
2374 1269 2440 1325 Et
2467 1273 2684 1340 per'hoc
2711 1272 2867 1326 facile
2917 1273 3217 1341 intelligere
3263 1286 3559 1340 possumus

297 1360 395 1429 τὴν
422 1361 523 1428 τῆς
567 1361 927 1430 συνειδήσεως
960 1362 1231 1431 τιμωρίαν
1277 1354 1500 1433 νοητέον
1521 1404 1534 1426 ,
1587 1365 1682 1416 καὶ
1708 1365 1766 1414 τὸ
1799 1362 1876 1432 μὴ

1981 1371 2035 1416 et
2070 1362 2246 1429 ignem
2280 1377 2390 1431 quo
2421 1362 2758 1416 comburitur
2795 1363 2947 1416 dives
2995 1363 3101 1429 ille,
3153 1372 3206 1415 et
3251 1361 3554 1414 cruciatum

302 1451 550 1520 μετέχειν
599 1451 842 1520 χάριτος.
901 1453 973 1504 Τὸ
1035 1453 1306 1522 μακρόθεν
1357 1454 1412 1506 δέ
1480 1454 1570 1506 τὸν
1627 1455 1879 1525 Ἀϐραὰμ

1982 1469 2078 1524 per
2097 1455 2511 1520 conscientiam,
2533 1467 2586 1508 et
2604 1457 2959 1524 privationem
2986 1455 3194 1524 gratiae.
3217 1455 3353 1508 Cum
3371 1454 3563 1508 deinde

298 1544 540 1613 καθορᾷν
571 1544 630 1595 τὸ
692 1545 906 1614 μακρὰν
940 1540 1081 1596 εἶναι
1124 1545 1259 1598 Θεοῦ
1315 1547 1598 1616 σημαίνει,
1635 1546 1728 1600 καὶ
1774 1545 1878 1599 ὑπὸ

1981 1547 2142 1617 longe
2163 1557 2215 1600 et
2244 1547 2382 1601 infra
2417 1548 2606 1616 posita}
2637 1547 2894 1602 dicuntur
2927 1563 2956 1601 a
3000 1557 3294 1614 conspectu
3329 1547 3562 1599 Abralne

298 1634 567 1700 δαιμόνων
600 1633 898 1688 θλίὸεσθαι.
934 1637 1011 1686 Οὐ
1044 1636 1148 1704 μὴν
1184 1637 1242 1688 δὲ
1274 1637 1455 1689 τελεία
1683 1636 1777 1689 νῦν
1800 1636 1880 1690 δί-

1983 1641 2086 1694 hoc
2118 1639 2297 1693 innuit
2346 1654 2442 1694 eas
2489 1639 2647 1709 longe
2686 1655 2809 1694 esse
2855 1656 2882 1692 a
2920 1639 3053 1703 Deo,
3086 1649 3140 1693 et
3181 1640 3421 1707 torqueri
3464 1640 3566 1690 sub

297 1726 450 1779 δοται
505 1727 746 1789 κόλασις.
799 1729 858 1780 Εἰ
893 1727 949 1779 δέ
983 1727 1070 1780 διὰ
1120 1730 1181 1779 τὸ
1213 1729 1304 1781 τὸν
1339 1729 1541 1797 Κύριον
1593 1730 1877 1800 εἰρηκέναι

1987 1731 2274 1804 tyrannide
2304 1733 2613 1787 daemonum
2656 1748 2669 1784 :
2726 1732 2821 1788 sed
2862 1743 3043 1786 tamen
3077 1747 3221 1784 nunc
3265 1747 3375 1784 non
3409 1731 3565 1799 plena

298 1820 354 1872 ἐν
384 1821 577 1890 γεέννῃ
609 1813 750 1871 εἶναι
787 1820 878 1870 τὸν
910 1819 1186 1884 πλούσιον,
1218 1821 1535 1874 πιστευτέον
1570 1823 1626 1872 ἐν
1657 1821 1874 1873 κολάσει

1985 1828 2156 1880 luitur
2211 1843 2392 1896 pcena.
2447 1828 2575 1881 Inde
2621 1827 2846 1882 Domino
2894 1837 3130 1880 testante
3178 1825 3400 1879 divitem
3449 1839 3568 1877 esse

1910 1870 1957 1928 B

301 1909 444 1966 εἶναι
472 1914 656 1978 αὑτὸν,
694 1914 788 1964 καὶ
818 1913 906 1965 διὰ
940 1913 1098 1965 τοῦτο
1128 1917 1248 1975 ταῖς
1274 1915 1380 1966 τῶν
1417 1915 1760 1983 ἁμαρτωλῶν
1791 1916 1882 1968 κό-

1989 1921 2042 1973 in
2075 1922 2342 1988 gehenna,
2372 1920 2707 1973 credendum
2758 1931 2841 1973 est
2883 1920 3060 1987 ipsum
3105 1935 3227 1972 esse
3285 1920 3334 1970 in
3385 1932 3565 1985 puma.

299 2006 456 2069 λασίς
485 2005 600 2056 ἐστι
630 2004 851 2074 ψυχαῖς,
885 2004 1101 2069 αἰώνιος
1130 2004 1304 2070 ἔσται,
1334 2007 1594 2076 ἀρραϐὼν
1625 2011 1722 2075 τῆς
1751 2007 1881 2075 μελ-

1989 2019 2043 2065 ει.
2080 2017 2477 2078 consequenter
2521 2024 2740 2077 poenam
2764 2009 2968 2063 instare
3013 2009 3303 2062 animabus
3380 2021 3569 2073 pecca-

299 2098 498 2166 λούσης
529 2097 825 2159 κολάσεως.
874 2097 1020 2167 Πλὴν
1051 2099 1174 2151 ὅσον
1203 2099 1353 2151 ἐστιν
1393 2101 1603 2152 ἐννοεῖν
1641 2099 1748 2151 ἀπὸ
1775 2099 1882 2150 τῶν

1991 2113 2193 2166 torum,
2250 2104 2449 2156 futurae
2501 2116 2678 2171 paena:
2727 2117 2849 2171 qua:
2889 2102 2994 2154 erit
3042 2111 3268 2164 aeterna,
3305 2099 3573 2152 arrhabo-

301 2191 478 2259 ἆγίων
507 2192 766 2261 Γραιρῶν,
798 2193 919 2244 ἐπεὶ
951 2192 1106 2246 οὔπω
1135 2193 1239 2245 ὑπὸ
1273 2195 1343 2245 τὰ
1366 2194 1542 2262 δεσμά
1568 2195 1665 2246 καὶ
1691 2194 1750 2246 τὸ
1775 2193 1884 2264 πῦρ

1989 2210 2137 2248 nem.
2176 2192 2393 2249 Etenim
2446 2193 2548 2247 hoc
2595 2194 2816 2262 insuper
2858 2193 3242 2262 cognoscimus
3293 2205 3360 2243 ex
3417 2203 3573 2243 sacra

305 2285 366 2339 τὸ
396 2286 801 2356 ἡτοιμασμένον
829 2286 975 2356 αὐτῷ
1018 2288 1046 2338 ὁ
1081 2287 1324 2349 διάϐολος
1366 2288 1464 2340 σὺν
1499 2289 1612 2347 τοῖς
1642 2287 1882 2354 δαίμοσι,

1991 2287 2275 2356 Scriptura
2298 2302 2420 2356 qua:
2455 2286 2617 2340 nobis
2650 2285 2830 2340 innuit
2853 2285 3132 2339 diabolum
3165 2283 3409 2338 nondum
3447 2295 3572 2334 cum

307 2378 425 2432 ἀλλ’
454 2379 532 2431 ἔτι
562 2378 660 2448 τὴν
690 2379 890 2430 κακίαν
926 2378 1210 2448 ἐνεργοῦσι
1245 2380 1320 2448 τῷ
1368 2381 1576 2446 κόσμῳ,
1613 2379 1705 2430 καὶ
1735 2379 1886 2432 οὔπω

1991 2377 2330 2432 daemonibus
2361 2391 2483 2432 esse
2535 2377 2587 2430 in
2620 2376 2852 2430 vinculis
2902 2384 2955 2430 et
3000 2377 3053 2429 in
3107 2376 3230 2443 igne
3270 2383 3576 2444 praeparato

296 2471 360 2525 -δὲ
387 2473 418 2541 ἡ
447 2471 718 2540 ἀπόφασις
756 2473 849 2524 καὶ
881 2472 994 2534 τοῖς
1025 2471 1370 2540 ἁμαρτωλοῖς
1388 2471 1580 2538 γέγονε
1610 2470 1694 2536 τὸ,
1730 2489 1746 2520 ι
1778 2471 1886 2522 Ilo-

1994 2471 2124 2539 ipsi,
2161 2471 2253 2525 sed
2303 2471 2481 2524 adhuc
2523 2467 2794 2536 inSpirare
2845 2469 3107 2522 malitiam
3158 2468 3212 2521 in
3261 2467 3489 2527 mundo,
3521 2477 3578 2518 ct

302 2563 532 2635 ρεύεσθε
584 2564 679 2616 ἀπ’
725 2563 880 2632 ἐμοῦ,
914 2566 962 2617 oi
1012 2562 1386 2634 κατηραμένοι
1448 2565 1527 2625 εἰς
1579 2563 1638 2614 τὸ
1669 2562 1779 2630 πῦρ
1826 2561 1888 2614 τὸ

1994 2564 2236 2618 nondum
2288 2571 2732 2617 consummatam
2781 2577 2908 2616 esse
2955 2571 3302 2630 peccatorum
3358 2573 3578 2627 separa-

307 2658 544 2710 αἰώνιον·
569 2676 586 2708 ι
618 2657 678 2709 ού
706 2655 886 2728 τελείᾳ
905 2657 1122 2709 κολάσει
1156 2657 1210 2708 ατί
1230 2655 1336 2708 τῶν
1355 2653 1694 2722 ἁμαρτωλῶν
1721 2652 1889 2723 ψυχαὶ

1995 2658 2202 2709 tionem
2239 2671 2339 2709 nec
2396 2656 2664 2730 prolatum
2709 2653 2955 2708 terribile
3006 2655 3108 2707 hoc
3141 2666 3155 2706 :
3196 2671 3213 2703 ι
3247 2652 3522 2704 Discedite
3547 2667 3576 2703 a

310 2749 714 2816 παραδίδονται,
753 2749 801 2800 εί
833 2749 923 2800 καὶ
947 2751 973 2800 ὁ
1010 2749 1269 2808 [Ιλούσῑος
1309 2747 1526 2813 λέγεται
1573 2748 1632 2799 ἐν
1671 2747 1885 2817 γεέννῃ.

1993 2765 2105 2812 tne,
2157 2750 2455 2812 maledicti,
2510 2749 2562 2802 in
2608 2750 2784 2815 ignem
2842 2757 3109 2802 aeternum
3166 2746 3204 2798 °.
3241 2763 3259 2796 ι
3331 2744 3578 2799 Perfecta

306 2842 539 2903 ’Πάντως
571 2842 678 2911 γὰρ
705 2841 860 2894 ἔσται
891 2841 987 2908 μὲν
1022 2843 1077 2893 ἐν
1112 2841 1357 2903 κολάσει.
1387 2840 1447 2892 ού
1473 2839 1655 2910 τελείᾳ
1681 2839 1759 2898 δέ,
1793 2839 1889 2892 καὶ

1994 2857 2155 2911 poena
2211 2857 2322 2895 non
2373 2841 2688 2895 afficiuntur
2729 2841 2925 2894 animae
2985 2847 3332 2908 peccatorum
3395 2857 3407 2890 :
3475 2832 3577 2892 etsi

311 2934 430 2986 οὐδὲ
457 2933 526 2986 δι’
549 2933 721 3006 αὐτὴν
762 2933 860 3002 τὴν
891 2935 947 2986 ἐν
984 2935 1142 3002 μέρει
1170 2932 1393 2986 κόλασιν
1436 2932 1889 3002 ἀπαλλαγήσεται

1993 2934 2139 2987 enim
2187 2934 2340 2989 dives
2383 2934 2601 2988 dicatur
2645 2933 2866 3009 essein
2909 2933 3181 3001 gehenna,
3217 2931 3442 2984 omnino
3478 2932 3583 2984 erit

312 3029 409 3097 τῆς
431 3028 666 3091 τελείας,
715 3028 788 3089 ὡς
815 3027 864 3078 οἱ
913 3025 1132 3079 Λατῖνοι
1165 3028 1291 3095 περὶ
1338 3025 1430 3078 τοῦ
1466 3025 1890 3095 Πουργατωρίου

1993 3027 2052 3079 in
2101 3042 2284 3097 pinna,
2317 3043 2424 3080 non
2479 3027 2720 3096 perfecta
2747 3027 2988 3095 quidem,
3019 3027 3114 3079 sel
3161 3040 3255 3092 per
3287 3024 3429 3077 hanc
3463 3038 3583 3090 qua:

314 3121 465 3186 ςασῖ.
490 3122 595 3173 Καὶ
614 3119 792 3188 δῆλον,
816 3117 891 3180 ὡς
911 3119 1002 3171 καὶ
1021 3118 1208 3188 χάσμα
1244 3113 1396 3172 εἷπεν
1425 3113 1565 3171 εἶναι
1586 3120 1613 3170 ὁ
1633 3117 1893 3186 Ἀϐραὰμ

1998 3129 2084 3175 est
2111 3135 2174 3176 ex
2206 3127 2356 3185 parte
2381 3133 2596 3188 poenam
2631 3122 2891 3172 aeternam
2917 3133 3024 3170 non
3057 3113 3302 3185 eiIngict,
3339 3115 3479 3168 sicut
3501 3112 3585 3165 di-

313 3212 416 3265 ἀνα
451 3213 616 3281 μέσον
657 3211 762 3264 τῶν
805 3212 1146 3280 ἁμαρτωλῶν
1187 3211 1283 3263 καὶ
1318 3209 1564 3272 δικαίων,
1607 3209 1666 3261 τὸ
1698 3208 1893 3260 ἀδύνα-

1999 3223 2134 3268 .cunt
2170 3213 2348 3266 Latini
2381 3211 2448 3266 de
2475 3211 2815 3280 purgatorio.
2866 3208 2932 3263 Et
2965 3221 3118 3264 certo
3165 3207 3420 3276 quidem;
3455 3221 3579 3259 cum

309 3319 402 3353 τον
428 3303 526 3367 τῆς
558 3301 806 3366 ἐνὼσεως
841 3300 1146 3370 παριστῶν,
1179 3303 1273 3354 καὶ
1307 3302 1441 3370 μηδὲ
1469 3299 1728 3354 δύνασθαι
1760 3299 1891 3352 ὑπο-

2001 3307 2276 3360 Ahraham
2317 3305 2465 3358 dicat
2494 3318 2616 3357 esse
2646 3303 2816 3357 chaos
2865 3317 3122 3369 magnum
3157 3303 3300 3354 inter
3333 3311 3586 3369 peccato-

313 3393 546 3464 στρέψαι
581 3395 661 3455 είς
710 3395 834 3454 τοὺς
865 3393 1077 3457 ζῶντας
1125 3393 1409 3462 μετανοεῖν
1436 3409 1450 3424 ο
1499 3393 1581 3445 ὅτι
1617 3393 1717 3444 οὐκ
1746 3391 1892 3444 ἔστιν

2003 3417 2092 3456 res
2119 3410 2173 3455 et
2212 3399 2416 3468 jnstos,
2444 3397 2590 3450 unde
2618 3404 2841 3465 apparet
2869 3410 2977 3449 non
3010 3410 3170 3464 posse
3201 3393 3306 3448 sibi
3345 3408 3585 3462 praesen-

313 3489 370 3540 ἐν
393 3487 468 3556 τῷ
487 3489 588 3559 ᾄδῃ
618 3488 898 3556 μετάνοια,
928 3488 1046 3540 ἀλλ’
1071 3485 1260 3558 ὥσπερ
1286 3486 1382 3548 τὰς
1409 3484 1516 3538 τῶν
1541 3486 1714 3554 ἁγίων
1741 3483 1801 3538 οὗ
1816 3502 1895 3537 τῖω

2005 3502 2086 3547 tes
2113 3507 2232 3545 esse
2263 3495 2567 3558 proximos,
2597 3499 2651 3542 et
2683 3488 2955 3542 neminem
3000 3487 3128 3541 inde
3171 3500 3415 3539 remeare
3447 3484 3588 3538 inter

313 3579 527 3631 τελείαν
557 3580 657 3648 τὴν
689 3579 849 3648 χάριν
879 3577 1311 3646 ἀπολαμϐάνειν,
1344 3576 1487 3629 οὖτω
1524 3577 1615 3629 καὶ
1653 3576 1751 3636 τὰς
1784 3575 1894 3625 τῶν

2003 3583 2158 3632 vivos
2215 3578 2280 3630 ad
2349 3577 2729 3645 ptenitentiam
2781 3575 3049 3644 agendum
3085 3614 3100 3638 ,
3147 3575 3280 3642 quia
3351 3589 3460 3625 non
3507 3574 3590 3625 est

310 3671 656 3740 ἁμαρτωλῶν
711 3669 863 3723 οὔπω
909 3671 1180 3739 τιμωρίας
1231 3668 1324 3722 καὶ
1369 3667 1642 3728 κολάσεως
1700 3669 1895 3734 πεῖραν

2008 3670 2061 3724 in
2101 3670 2336 3724 infernis
2385 3668 2727 3736 pwnitentia,
2775 3667 2868 3721 scd
2919 3668 3065 3721 sicut
3095 3667 3384 3720 animabus
3411 3667 3585 3732 justo-

313 3765 597 3834 εὑρίσκειν
630 3763 843 3816 τελείαν
873 3761 1190 3831 δοξάζομεν,
1219 3761 1378 3831 ἄχρις
1411 3759 1477 3812 ἂν
1499 3760 1559 3811 τὸ
1590 3759 1740 3822 τέλος
1771 3757 1899 3810 ἐκά-

2007 3777 2128 3816 rum
2181 3777 2288 3816 non
2339 3759 2500 3814 datur
2556 3758 2668 3826 jam
2723 3775 2871 3814 nunc
2904 3759 3120 3828 plenam
3173 3761 3422 3827 actzipere
3471 3773 3592 3827 gra-

315 3874 429 3924 στῳ
467 3856 714 3926 γένηται,
747 3853 842 3908 τοῦ
880 3853 1086 3924 Κυρίου
1122 3853 1388 3914 ἐλθόντος.
1433 3851 1569 3904 Ὑπὸ
1614 3850 1814 3920 δεσμὸν
1841 3849 1897 3903 δὲ

2009 3854 2137 3907 tiam
2167 3894 2182 3919 ,
2230 3854 2309 3908 sic
2346 3853 2585 3907 nondum
2638 3853 2796 3906 datur
2847 3853 3136 3907 animabus
3188 3859 3536 3921 peccatorum
3576 3893 3588 3916 ,

316 3948 470 3998 ἔσται
518 3948 612 4000 καὶ
657 3946 852 4015 ὀδύνην
902 3946 961 3998 τὸ
995 3946 1156 3999 iam
1213 3943 1432 4014 πνεῦμα
1475 3947 1532 4000 ἐν
1571 3946 1637 4015 τῇ
1700 3943 1897 4015 γεέννῃ

2000 3954 2196 4000 nostro
2231 3945 2457 4012 judicio,
2505 3943 2900 4013 suppliciorum
2952 3951 3008 3998 et
3053 3933 3432 4012 castigationis
3464 3957 3589 4010 per-

318 4039 463 4090 κατὰ
496 4037 652 4103 λόγον
680 4038 1049 4106 προσήκοντα.
1081 4035 1190 4090 Καὶ
1214 4035 1375 4087 τοῦτο
1410 4033 1758 4104 μανθάνομεν
1785 4030 1897 4082 ἀπὸ

2005 4040 2210 4096 fectum
2263 4041 2493 4109 adipisci
2576 4041 3055 4110 experimentum,
3110 4040 3417 4108 usquedum
3469 4040 3592 4093 finis

316 4133 426 4184 τῶν
462 4133 636 4199 ἁγίων
685 4131 948 4207 *Γραφῶκη
985 4130 1126 4198 πλὴν
1176 4129 1269 4181 καὶ
1294 4127 1414 4192 ἀπὸ
1459 4126 1566 4178 τῶν
1595 4125 1898 4194 γινομένων

2007 4133 2304 4203 unicuique
2333 4134 2606 4201 adveniat,
2637 4133 3004 4188 descendente
3053 4133 3303 4187 Domino.
3364 4131 3420 4185 lu
3467 4132 3592 4185 vin-

311 4227 378 4277 ἐν
411 4227 542 4295 ἡμῖν
571 4225 807 4278 ἐνταῦθα
835 4224 1044 4291 γνῶναι
1069 4223 1187 4274 ἐστι
1226 4221 1323 4274 καὶ
1355 4217 1724 4290 στοχάσασθαι
1769 4215 1900 4282 περὶ

2008 4226 2147 4280 culis
2193 4240 2323 4295 ergo
2386 4225 2491 4280 erit
2520 4235 2574 4281 et
2617 4225 2673 4279 in
2721 4226 2910 4279 dolore
2973 4226 3201 4294 spiritus
3257 4224 3595 4278 immateria-

317 4317 431 4370 τῶν
467 4317 773 4386 μελλόντων
813 4316 1060 4371 δυνατόν.
1093 4314 1364 4396 Πολλάκις
1407 4314 1518 4382 γὰρ
1563 4312 1659 4365 καὶ
1693 4309 1768 4380 μὴ
1801 4309 1898 4378 βα-

2010 4319 2078 4372 lis
2126 4319 2178 4372 in
2230 4319 2479 4387 gehenna
2526 4317 2828 4373 secundum
2862 4318 3009 4387 quod
3049 4317 3212 4371 modo
3263 4315 3332 4370 de
3392 4317 3476 4369 his
3514 4316 3597 4370 di-

313 4409 678 4477 σανιζομένου
711 4409 805 4462 τοῦ
845 4409 1120 4477 σώματος,
1146 4410 1179 4477 ἡ
1205 4407 1354 4477 ψυχὴ
1391 4406 1514 4459 καθ’
1550 4406 1752 4468 ἑαυτὴν
1776 4405 1900 4457 όδυ-

2010 4411 2476 4466 cehamus:iiind
2530 4427 2559 4465 a
2608 4420 2796 4465 sancta
2854 4411 3139 4480 Scriptura
3190 4411 3480 4474 discimus,
3547 4421 3599 4463 et

317 4505 481 4554 νᾶται
515 4503 610 4556 καὶ
641 4502 903 4567 θλίϐεται,
934 4500 1324 4572 περιστατικοῦ
1349 4517 1492 4561 τινος
1516 4499 1902 4566 ἐπενεχθέντος

2009 4504 2120 4573 jam
2158 4505 2226 4558 ab
2275 4503 2360 4558 his
2410 4521 2530 4572 qua:
2566 4504 2652 4558 hic
2686 4505 2846 4560 nobis
2897 4506 3222 4574 contingunt
3269 4519 3602 4575 cognoscere

319 4593 457 4661 αὐτῇ
483 4594 577 4647 καὶ
605 4592 759 4661 παρὰ
795 4591 893 4661 τὴν
916 4590 1146 4660 γνώμην
1190 4591 1384 4674 ριύτῆς,
1427 4589 1649 4657 ἀτιμίας
1683 4589 1902 4658 δηλαδὴ.

2015 4583 2310 4666 possumus
2362 4606 2416 4651 et
2473 4597 2748 4667 conjicere
2795 4613 2918 4667 quae
2985 4607 3175 4668 postea
3240 4597 3391 4651 fient.
3449 4596 3602 4662 Srepe

321 4684 355 4752 ἦ
384 4685 735 4754 ἀποστροφῆς
787 4685 1158 4754 ἀνθρωπίνης,
1191 4685 1223 4754 ἢ
1275 4682 1463 4751 φόϐου,
1496 4683 1528 4753 ἢ
1559 4682 1844 4751 αἰσχύνης,
1869 4681 1904 4750 ἢ

2018 4689 2188 4750 enim,
2243 4687 2449 4758 sospite
2497 4703 2766 4757 corpore,
2820 4689 3003 4742 anima
3061 4690 3116 4743 in
3172 4688 3358 4756 seipsa
3414 4688 3602 4742 dolore

321 4774 514 4827 πιθὼν
558 4776 876 4840 ἐπιθέσεως,
924 4775 956 4844 ἢ
995 4775 1272 4844 λογισμῶν
1318 4776 1525 4843 ἐτέρων
1578 4775 1750 4840 αὐτὴν
1795 4772 1909 4826 θλι-

2020 4777 2261 4834 afﬁcitur
2293 4787 2345 4834 et
2399 4783 2725 4845 conteritur,
2779 4779 3082 4835 infortunio
3131 4779 3368 4848 quodam
3423 4779 3601 4846 ipsam

331 4869 534 4920 δόντων
563 4871 656 4922 καὶ
697 4869 1015 4933 πιεζόντων.
1058 4869 1212 4921 Ἐπεὶ
1238 4867 1294 4921 δὲ
1323 4869 1416 4920 καὶ
1453 4865 1665 4936 σώματι
1694 4867 1908 4933 δεσμεῖ-

2023 4874 2378 4942 pertinacitcr
2448 4875 2753 4928 insectante
2816 4873 2870 4926 in
2931 4873 3207 4927 intellectu
3263 4887 3277 4924 :
3351 4869 3605 4924 videlicet

329 4979 422 5014 ται
459 4962 552 5015 νῦν
580 4965 614 5034 ἡ
667 4962 834 5033 ψυχὴ,
867 4963 962 5016 καὶ
1011 4964 1066 5015 ἐν
1090 4961 1166 5031 τῷ
1194 4960 1439 5029 μέλλοντι
1485 4959 1800 5014 πιστεύεται
1831 4959 1916 5010 ἐνο

2026 4963 2271 5029 infamia,
2301 4979 2393 5018 ant
2422 4963 2724 5019 defectione
2753 4963 3075 5024 hominum,
3121 4969 3216 5014 aut
3264 4960 3480 5026 timore,
3513 4969 3607 5012 aut

324 5054 533 5122 ωοῆναι
591 5053 826 5125 σώματι,
858 5058 910 5108 τί
945 5054 1258 5124 θαυμαστὸν
1313 5055 1360 5104 εἰ
1390 5053 1484 5103 καὶ
1526 5053 1660 5120 πυρὶ
1693 5049 1914 5113 κολάζει

2025 5054 2369 5120 confusione,
2429 5064 2524 5108 aut
2573 5054 2792 5108 casibus
2857 5050 3288 5122 ingruentibus,
3352 5053 3447 5105 aut
3514 5051 3608 5104 de-

323 5151 435 5209 eat‘,
472 5147 568 5200 καὶ
609 5145 846 5215 μάλιστα
877 5145 1020 5207 τότε,
1069 5145 1156 5195 ὅτε
1215 5142 1393 5196 πάντα
1431 5139 1910 5210 ἁλλοιωθήσονται,

2027 5148 2192 5214 niqne
2227 5145 2760 5202 considerationibus
2807 5143 3001 5199 alienis
3031 5159 3151 5214 quae
3202 5143 3378 5212 ipsam
3423 5141 3609 5197 ferunt

325 5239 426 5290 καὶ
483 5240 564 5299 είς
603 5242 662 5294 τὸ
719 5237 996 5309 ἄφθαρτον
1054 5235 1529 5307 ἁμειφθήσονται;
1581 5235 1675 5288 καὶ
1740 5235 1918 5286 ταῦτα

2025 5250 2081 5292 ct
2129 5238 2591 5294 circumveniunt.
2637 5235 2795 5292 Nunc
2833 5244 3018 5291 autem
3059 5237 3299 5291 vinculis
3329 5236 3610 5291 detinetur

332 5331 611 5393 κολάσεως
673 5331 1083 5401 ἡτοιμασμένης
1145 5328 1222 5398 τῷ
1273 5327 1528 5397 διαδόλῳ,
1565 5326 1622 5388 ὃς
1680 5325 1916 5394 ὑπάρχει

2026 5331 2275 5399 corporis
2315 5330 2515 5395 anima,
2548 5339 2604 5384 ct
2626 5343 2747 5383 cum
2772 5327 2908 5382 illud
2949 5329 3289 5398 deposuerit,
3324 5329 3520 5383 iterum
3555 5329 3608 5382 in

328 5419 622 5490 ἀσώματος
659 5423 755 5476 καὶ
808 5423 1142 5490 λεπτοτέρας
1188 5419 1424 5489 φύσεως,
1496 5418 1640 5489 ἥπερ
1668 5419 1701 5487 ἠ
1747 5417 1914 5486 ψυχή.

2020 5421 2211 5476 futuro
2243 5431 2428 5490 sperat
2466 5435 2770 5475 assumere.
2808 5419 2953 5486 Quid
3000 5436 3133 5491 ergo
3169 5421 3366 5473 mirmn
3427 5419 3476 5475 si
3507 5433 3607 5489 per

332 5511 397 5564 Ei
453 5509 546 5564 οὖν
583 5512 735 5582 αὐτῷ
800 5515 1033 5574 καὶτοῖς
1091 5510 1344 5578 ἀγγέλοις
1392 5508 1556 5561 αὑτοῦ
1591 5509 1918 5580 ἡτοίμασται

2025 5513 2207 5583 ignem
2242 5513 2526 5580 puniatur,
2559 5527 2624 5568 eo
2673 5519 2924 5580 tempore
2954 5513 3258 5581 praesertim
3291 5525 3402 5581 quo
3435 5522 3611 5564 muta-

333 5603 450 5674 πῦρ
479 5606 697 5659 αἰώνιον
727 5608 806 5668 εἰς
843 5604 1112 5676 τιμωρίαν
1147 5605 1238 5655 καὶ
1289 5604 1531 5668 κόλασιν,
1612 5603 1730 5666 πῶς
1797 5601 1918 5656 οὐδὲ

2023 5605 2230 5658 buntur
2291 5602 2474 5658 omnia
2526 5612 2586 5657 ut
2650 5603 2707 5658 in
2760 5605 3224 5675 incorruptionem
3278 5603 3612 5657 vertantur?

332 5698 456 5760 ταῖς
513 5698 713 5768 ψυχαῖς
743 5697 894 5752 ἔσται
923 5699 1100 5766 τοῦτο,
1141 5700 1260 5761 ταῖς
1292 5697 1680 5765 ὑποταγείσαις
1710 5694 1788 5766 τῷ
1821 5713 1922 5749 πο-

2024 5695 2259 5753 Omnino
2288 5712 2420 5769 ergo
2455 5713 2673 5768 prunam
2698 5699 2808 5757 luet
2831 5715 2950 5772 qua:
2996 5708 3186 5769 parata
3217 5697 3323 5753 fuit
3362 5695 3609 5766 diabolo,

1875 5802 1892 5827 \

411 5879 436 5911 ⁸
467 5877 662 5935 Matth.
711 5897 838 5944 xxv,
876 5879 964 5933 41.
