4056 6420
489 343 594 408 847

1318 346 1727 408 -S‘YMEONIS
1765 347 2524 416 THESSALONICENSIS
2563 351 2936 421 ἈΒἘἨΙΕΡ.

3655 351 3767 420 818

490 438 584 507 qui
613 448 888 506 nunquam
923 435 1112 492 habuit
1144 449 1342 504 corpus
1394 445 1449 492 et
1505 447 1588 493 est
1621 438 1930 494 subtilioris
1979 454 2077 494 na-
2109 490 2113 499 ι

2205 443 2357 513 ἠρῷο
2408 449 2475 517 τῇ
2513 447 2830 520 ἀπιστίᾳ,ἢ
2867 451 3122 518 πονηροῖς
3181 449 3364 515 ἄλλοις
3418 451 3619 521 ἔργοις,
3670 444 3766 502 καὶ

493 535 647 582 tum.
673 525 729 580 Si
760 527 903 580 enim
928 532 1152 596 paratus
1181 525 1282 579 fuit
1305 527 1444 596 ignis
1481 526 1846 596 sempiternus
1871 527 1923 581 in
1945 545 2077 598 sup-

2187 537 2391 605 μᾶλλον
2449 540 2770 606 ὲνωθείσαις
2807 544 2918 607 τοῖς
2954 542 3243 612 σώμασινς

491 619 710 689 plicium
738 626 792 674 et
817 625 1035 688 pmnam
1065 617 1284 672 diabolo
1309 627 1362 672 et
1395 617 1603 687 angelis
1630 616 1770 687 ejus,
1803 620 2082 706 quomodo
2136 640 2246 680 non
2301 629 2407 683 erit
2459 631 2593 700 ipsis
2635 634 2948 701 animabus,
2986 635 3082 689 'his
3130 637 3434 704 praesertim
3482 636 3769 691 animabus

490 727 612 785 quae
641 711 784 766 malo
817 711 1143 773 servierunt,
1166 720 1418 766 errantes
1469 726 1499 764 a
1535 711 1660 775 tide,
1693 713 1946 781 pessimis
1987 715 2202 773 actibus
2251 717 2470 778 fmxlatae
2509 733 2561 778 et
2592 726 2768 794 magis
2821 727 3148 795 corporibus
3197 739 3257 782 se
3293 727 3658 798 implicantes.

1071 827 1400 895 QUAESTIO
1455 831 1514 886 v.

495 917 614 984 Qua
646 919 858 988 ratione
893 919 1110 985 spiritus
1149 919 1367 988 quidam
1393 921 1498 976 sint
1524 922 1854 988 personales,
1883 931 1940 976 ut
1979 941 2074 978 an-

567 987 673 1057 geli
705 997 756 1042 et
781 989 997 1049 animle,
1031 1005 1095 1041 ac
1133 987 1231 1043 sub
1257 991 1428 1060 {arma
1463 987 1800 1060 apparentes.
1840 993 1957 1046 licet
1983 1011 2079 1048 ea:-

569 1068 743 1120 pertes
773 1061 1014 1180 utﬁt-cria:
1043 1075 1061 1113 :
1096 1061 1193 1113 alii
1218 1069 1394 1115 autem
1415 1061 1655 1116 destituti
1677 1063 1872 1132 forma,
1900 1073 1958 1117 ut
1987 1081 2080 1119 aer

569 1137 616 1180 et
652 1140 791 1180 uenti

567 1137 616 1181 et
652 1137 791 1184 uenti

567 1220 649 1274 Ad
676 1221 922 1289 quintam
951 1222 1308 1291 quaestionem
1342 1222 1457 1279 haec
1487 1223 1714 1282 dicenda
1744 1225 2086 1298 :Nequean-

500 1311 628 1379 geli,
663 1327 841 1381 neque
867 1313 1382 1372 tlmtuonesl‘ormas
1409 1327 1462 1372 et
1481 1320 1690 1383 species
1721 1319 1928 1376 habent
1961 1336 2082 1376 cor-

499 1402 736 1470 porales,
771 1418 944 1474 neque
967 1405 1184 1472 animae,
1213 1407 1332 1462 sive
1360 1423 1393 1461 a
1427 1409 1755 1478 corporibus
1790 1419 2079 1479 separatae,

500 1491 617 1546 sive
673 1509 797 1548 cum
856 1506 986 1551 sunt
1041 1498 1098 1552 in
1154 1499 1480 1567 corporibus
1517 1513 1840 1570 prmsentes.
1879 1501 2076 1572 Angeli

501 1583 723 1652 quidem
755 1587 972 1654 quoties
1010 1589 1062 1642 in
1095 1590 1331 1658 quadam
1364 1591 1618 1647 videntur
1647 1595 1841 1664 figura,
1876 1609 1985 1648 non
2020 1601 2080 1648 ut

504 1685 632 1730 sunt
652 1680 1086 1748 conspiciuntur,
1108 1683 1201 1738 sed
1219 1699 1313 1752 per
1339 1685 1649 1754 imaginem,
1673 1701 1731 1741 ut
1753 1686 1956 1741 dictum
1977 1696 2081 1754 est,

502 1769 561 1822 in
599 1785 704 1838 qua
739 1784 767 1823 a
803 1771 960 1826 nobis
991 1773 1161 1827 videri
1187 1775 1418 1844 possint.
1449 1779 1507 1831 In
1545 1778 1877 1848 imaginibus
1897 1788 2078 1834 autem

502 1869 556 1915 et
576 1861 878 1920 visionibus
915 1878 1039 1919 cum
1073 1875 1339 1936 apparent
1367 1869 1568 1938 angeli,
1605 1885 1731 1925 vere
1767 1881 1819 1925 et
1853 1870 2086 1927 ﬁdeliter

503 1967 970 2026 repraesentantur
998 1962 1240 2030 potentia
1275 1959 1392 2024 Dei,
1426 1969 1484 2015 ut
1508 1963 1734 2030 spiritus
1779 1964 1983 2027 sancti,
2021 1967 2074 2020 in

508 2060 758 2106 nostram
788 2052 1212 2109 utilitatem-Ita
1263 2069 1482 2124 quoque
1514 2071 1643 2110 vere
1678 2066 1943 2126 apparent
1965 2059 2082 2112 ani-

2756 847 3090 902 ΕΡΩΊἮΣΙΣ
3137 847 3211 904 E'.

2202 938 2320 991 Τίνι
2352 943 2550 1006 τρόπῳ
2603 940 2676 994 τὰ
2705 941 2823 1011 μέν
2864 943 3026 994 εἰσιν
3052 942 3131 1007 ὡς
3157 940 3540 995 ἐνυπάγτανα
3582 943 3772 996 "rsti-

2260 1027 2440 1079 ματα,
2481 1011 2724 1078 ἄγγελοι
2760 1011 2860 1065 καὶ
2910 1012 3129 1080 ψυχαὶ.
3154 1013 3254 1064 καί
3280 1012 3360 1076 ὡς
3387 1012 3458 1063 ἐν·
3483 1012 3774 1080 σχήματι,

2266 1067 2467 1151 ὲίηκὰὶ
2523 1067 2703 1146 dbia,
2730 1080 2804 1135 τὰ
2847 1067 2937 1134 δὲ’
2960 1067 3391 1151 ἁδχήμάτισέα
3431 1067 3776 1150 ὡς’ὅᾝνὴρ

2267 1149 2364 1204 καὶ
2393 1155 2447 1205 οὶ
2473 1151 2679 1220 ἄνεμοι
2700 1168 2719 1216 ;

2259 1243 2364 1308 Ἐἰς
2377 1245 2434 1299 δὲ
2449 1246 2548 1315 τὴν
2572 1246 2830 1315 πέμπτην
2844 1245 3110 1316 ἐρώτησιν
3124 1241 3342 1301 λεκτέον
3363 1245 3554 1301 ταῦτα·
3575 1247 3710 1300 Οὔτε
3723 1245 3776 1300 οῑ

2198 1335 2422 1404 ἄγγελοι
2448 1337 2587 1405 μετᾶ
2608 1337 2938 1408 σωματικῶν
2953 1349 3065 1408 ’σχη
3076 1337 3260 1404 μάτων
3280 1331 3438 1400 εἰσιν,
3453 1336 3576 1390 οὔτε
3595 1339 3641 1390 oi
3661 1337 3776 1391 δαί-

2202 1445 2362 1499 μονες
2379 1427 2504 1482 οὔτε
2528 1429 2582 1482 al
2601 1429 2771 1498 ψυχαὶ
2800 1423 2907 1482 τῶν
2928 1429 3197 1498 σωμάτων
3226 1424 3646 1500 κωριὸθέίσαι,ἧ
3677 1429 3774 1482 σὺν

2195 1525 2310 1586 τοῖς
2329 1521 2578 1593 σώμασιν
2595 1519 2773 1586 οὖσαι,
2795 1523 2982 1594 ἐπειδὴ
3000 1525 3057 1576 τὸ
3077 1523 3264 1593 σχῆμα
3283 1525 3340 1576 ἑν
3355 1515 3774 1595 σώματιζὊρώ-

2207 1627 2360 1681 μενοι
2391 1612 2447 1665 δὶ
2478 1613 2536 1666 ὲν
2565 1614 2830 1682 σχήματι,
2863 1613 2923 1665 οὐ
2964 1612 3151 1676 καθὼς
3203 1613 3422 1683 ἔχουσιν
3458 1612 3689 1683 ὁρῶνται
3722 1613 3776 1667 οἱ

2195 1703 2446 1773 ἄγγελοι,
2485 1704 2623 1758 ἀλλὰ
2665 1703 2899 1758 καθόσον
2943 1704 3176 1774 ὁρᾶσθαι
3205 1705 3462 1758 δύνανται
3500 1705 3590 1773 ὑφ’
3615 1705 3776 1776 ἡμῶν

2203 1793 2509 1865 εἰκονικῶς,
2541 1797 2733 1868 ὥσπερ
2763 1798 3001 1870 εἴρηται.
3051 1798 3160 1850 Kal
3210 1798 3260 1850 οἱ
3317 1799 3413 1867 μὲν
3443 1790 3663 1866 ἄγγελοι
3714 1801 3776 1851 ὲν

2201 1894 2322 1954 ταῖς
2350 1891 2522 1944 εἰκόσι
2553 1891 2646 1944 καὶ
2686 1891 2978 1954 ὀπτασίαις
3014 1890 3229 1962 ἀληθῶς
3278 1881 3627 1954 εἰκονίζοντσι
3678 1889 3774 1941 δυ-

2202 1983 2365 2052 νάμει
2392 1982 2527 2035 Θεοῦ
2573 1978 2647 2045 ὥς
2671 1983 2789 2045 νόες
2820 1983 2966 2049 ἆγιοι
2991 2020 3006 2046 ,
3037 1984 3116 2044 είς
3163 1981 3429 2050 ὠφέλειαν
3475 1982 3769 2050 ἡμετέραν.

2205 2076 2316 2127 Kal
2341 2076 2395 2127 al.
2421 2075 2528 2126 τῶν
2551 2074 2722 2140 ἁγίων
2742 2073 2797 2127 δὲ
2826 2073 3018 2144 ψυχαὶ,
3043 2075 3138 2129 καὶ
3171 2073 3374 2129 λοιπῶν
3401 2074 3768 2138 ἀπελθόντων,

507 2157 608 2196 Ιηὲρ
637 2151 953 2198 sanctorum
977 2154 1033 2200 et
1054 2157 1375 2201 cancrorum
1408 2153 1748 2202 mortuorum
1780 2163 1906 2202 cum
1945 2148 2087 2204 Deus

2205 2167 2273 2230 ὼς
2299 2169 2328 2220 6
2354 2165 2697 2230 Θεὸςδίδωσί
2729 2183 2790 2218 τε
2812 2167 2907 2220 καὶ
2936 2166 3207 2237 βούλεται.
3238 2168 3300 2220 Ol
3329 2163 3579 2235 δαίμονες
3606 2163 3660 2215 δὲ
3696 2164 3772 2234 μὴ

508 2232 764 2287 concedit
821 2242 874 2287 et
925 2234 1100 2303 jubet.
1157 2233 1311 2301 Quod
1373 2235 1440 2290 ad
1512 2237 1787 2293 daemones
1849 2239 2090 2301 attinet,

507 2325 601 2392 qui
657 2325 888 2394 gratiam
950 2342 1060 2380 non
1126 2326 1326 2382 habent
1389 2327 1522 2395 Dei,
1558 2330 1942 2398 phantastice,
1999 2329 2093 2384 fal-

505 2415 721 2483 laciter,
765 2419 914 2474 varia
975 2419 1183 2485 traudc,
1221 2434 1292 2476 'el
1346 2421 1679 2491 nequissimo
1739 2421 1846 2476 line
1892 2422 2096 2478 formas

506 2509 725 2564 intimas
773 2520 826 2565 et
877 2526 1097 2580 semper
1125 2512 1328 2568 alteras
1382 2509 1640 2580 induunt,
1695 2522 1748 2569 et
1801 2530 1910 2571 uno
1977 2531 2097 2570 ver-

506 2601 579 2655 bo
642 2601 831 2657 dolose
878 2609 934 2657 et
995 2603 1334 2660 mendaciter
1387 2607 1543 2661 nobis
1628 2616 1913 2677 apparent.
1990 2609 2098 2664 Aer

512 2706 644 2747 vero
699 2703 753 2749 et
813 2703 1008 2750 ventus
1053 2694 1306 2766 quamvis
1357 2709 1622 2754 vocentur
1687 2701 1952 2770 spiritus,
1994 2702 2100 2756 mi-

508 2783 657 2839 nime
713 2784 921 2842 similes
963 2796 1094 2842 sunt
1139 2789 1346 2859 angelis
1397 2805 1575 2860 neque
1613 2792 1937 2858 animabus;
1997 2793 2095 2850 sed

519 2885 652 2929 sunt
685 2890 916 2945 corpora
953 2876 1242 2933 subtiliora
1275 2877 1569 2950 corporum
1607 2892 1918 2938 nostrorum
1945 2884 2099 2954 adju-

507 2967 668 3021 trieia
693 2968 839 3024 sicut
861 2978 917 3023 et
940 2968 1297 3025 animantium
1323 2980 1379 3026 et
1421 2973 1831 3043 vegetabilium,
1871 2991 1970 3044 per
2008 2993 2099 3034 ae-

509 3080 626 3120 rem
659 3067 803 3121 enim
839 3067 1175 3138 respiramus
1198 3085 1214 3137 ;
1248 3079 1306 3124 et
1328 3069 1473 3140 ignis
1495 3079 1581 3126 est
1610 3086 1735 3127 aere
1764 3071 1962 3142 levior,
1992 3074 2089 3131 sed

514 3159 637 3227 ipse
695 3173 900 3230 corpus
926 3169 1012 3216 est
1048 3170 1102 3217 et
1139 3177 1372 3234 corpora
1397 3163 1503 3218 alia
1542 3163 1768 3236 adjuvat
1798 3175 1853 3220 et
1877 3167 2091 3224 caeteris

511 3251 804 3308 elementis
826 3253 1561 3326 eireumlabituruDeuique,
1583 3266 1640 3310 ut
1668 3272 1859 3313 omnes
1885 3259 2098 3325 dicunt,

511 3356 608 3399 aer
658 3351 741 3398 est
807 3359 977 3398 unum
1029 3360 1093 3401 ex
1131 3355 1366 3417 quatuor
1420 3347 1728 3414 elementis,
1787 3364 1850 3404 ex
1898 3351 2098 3420 quibus

511 3435 678 3489 etiam
717 3451 946 3505 corpora
981 3449 1169 3493 nostra
1195 3439 1546 3494 coalescunt:
1585 3455 1789 3511 corpus
1817 3456 1949 3512 ergo
2008 3452 2094 3498 est

2199 2260 2364 2330 χάριν
2397 2256 2622 2328 ¹ἔχοντες
2669 2253 2837 2324 Θεοῦ,
2889 2257 3265 2327 φανταστικῶς
3312 2257 3414 2311 ,καὶ
3458 2249 3771 2327 ἀπατηλῶς,

2203 2349 2467 2412 ποικίλως
2506 2365 2563 2402 τε
2601 2351 2695 2401 καὶ
2724 2348 2977 2420 πονηρῶς
3011 2349 3220 2419 μορφὰς
3249 2348 3653 2408 ἐναλλάττουσι,
3679 2349 3776 2400 καὶ

2199 2443 2261 2496 τὸ
2288 2442 2408 2495 ὅλον
2446 2439 2624 2494 εἰπεῖν
2649 2440 2885 2509 ψευδῶς.
2931 2439 3067 2511 Ἀὴρ
3097 2441 3153 2492 δὲ
3201 2439 3295 2493 καλ
3323 2439 3516 2508 ἄνεμος
3542 2439 3601 2490 οὐ
3631 2437 3777 2490 κατὰ

2203 2530 2328 2591 τοὺς
2365 2527 2634 2596 ἀγγέλους
2661 2526 2908 2581 τελοῦσιν
2937 2528 2967 2598 ἢ
3000 2528 3098 2591 τὰς
3117 2528 3316 2598 ψυχὰς.
3353 2529 3403 2580 εί
3424 2527 3522 2580 ’καὶ
3551 2525 3782 2579 καλοῦν-

2200 2637 2293 2676 ται
2322 2620 2634 2691 πνεύματα,
2659 2620 2777 2673 ἀλλ’
2801 2617 2908 2674 eldl
2949 2617 3246 2691 λεπτότερα
3283 2617 3511 2690 σώματα
3541 2618 3778 2688 συνεργᾶ

2203 2714 2314 2767 τῶν
2347 2714 2635 2784 ἡμετέρων
2667 2713 2938 2782 σωμάτων
2969 2713 3063 2766 καὶ
3097 2713 3206 2766 τῶν
3235 2712 3391 2778 ζώων
3418 2712 3511 2765 καὶ
3535 2711 3642 2763 τῶν
3674 2727 3777 2779 φυ-

2201 2806 2312 2858 τῶν
2340 2821 2353 2835 ο
2383 2804 2472 2858 διὰ
2505 2804 2600 2858 τοῦ
2626 2805 2788 2876 ἀέρος
2819 2804 2929 2876 γὰρ
2965 2801 3325 2874 ἀναπνέομεν.
3349 2804 3459 2858 Kal
3491 2803 3549 2858 τὸ
3580 2803 3689 2873 πῦρ
3716 2802 3774 2857 δὶ

2199 2894 2261 2949 θν
2291 2893 2385 2948 τοῦ
2431 2893 2592 2964 ἀέρος
2621 2895 2965 2967 λεπτότερον,
2999 2896 3094 2950 καὶ
3125 2895 3256 2949 αὐτὸ
3293 2897 3452 2967 σῶμα
3494 2895 3770 2966 τυγχάνει,

2204 2989 2302 3044 καὶ
2329 2989 2446 3052 τοῖς
2473 2987 2692 3058 σώμασι
2707 2988 2991 3059 συνεργὸν,
3017 2989 3110 3042 καὶ
3134 2990 3246 3043 τοῖς
3267 2989 3476 3052 λοιποῖς
3501 2985 3777 3059 στοιχείοις

2205 3081 2662 3151 συμπεριέχεται.
2706 3080 2813 3134 Kal
2853 3081 2926 3144 ώς
2954 3081 3156 3144 πάντες
3187 3082 3372 3149 φασὶν,
3424 3081 3484 3134 ἓν
3521 3080 3626 3134 τῶν
3655 3097 3777 3132 τεσ-

2208 3172 2392 3243 σάρων
2421 3171 2701 3243 στοιχείων
2736 3171 2886 3225 ἐστὶν
2913 3174 2940 3225 6
2966 3173 3094 3242 ἀὴρ,
3133 3173 3193 3238 ἐξ
3219 3166 3293 3227 ὧν
3326 3174 3419 3226 καὶ
3447 3174 3513 3227 τὰ
3539 3171 3778 3242 ἡμέτερα

2213 3265 2498 3334 σύγκειται
2531 3265 2719 3336 329°
2749 3264 2998 3334 σώματα.
3029 3265 3196 3336 Σῶμα
3219 3264 3395 3319 τοίνυν
3415 3268 3441 3319 6
3465 3267 3590 3334 ἀὴρ,
3611 3264 3658 3317 εί
3688 3265 3782 3316 καὶ

2201 3358 2529 3429 κουφότερον
2565 3360 2666 3428 γῆς
2689 3376 2747 3412 τε
2773 3357 2866 3412 καὶ
2897 3357 3086 3420 ὕδατος
3104 3358 3200 3412 καὶ
3218 3359 3538 3427 λεπτότερον
3571 3361 3661 3408 καὶ
3695 3355 3779 3417 εἰς

2201 3448 2433 3519 ἀνέμους
2466 3449 2782 3519 κινούμενον
2801 3451 2895 3503 καὶ
2932 3451 2988 3502 ὲν
3019 3451 3129 3512 τοῖς
3153 3447 3372 3518 κούφοις
3397 3449 3527 3502 πᾶσι
3551 3445 3779 3516 χωροῦν·

511 3541 627 3591 aer,
659 3529 756 3583 etsi
788 3527 957 3584 levior
983 3538 1126 3586 terra
1163 3546 1218 3586 et
1254 3547 1420 3601 aqua,
1455 3541 1509 3587 et
1537 3533 1772 3598 tenuior,
1811 3533 1864 3587 in
1895 3543 2090 3590 ventos

2205 3541 2292 3592 Ital
2341 3539 2493 3594 οὐδὲν
2540 3541 2649 3594 τῶν
2690 3542 2959 3610 σωμάτων
3010 3540 3166 3594 κενόν
3217 3541 3334 3594 ἔστι
3383 3538 3478 3593 τοῦ
3524 3539 3700 3605 ἀέρος.

511 3633 796 3680 moveatur
839 3634 893 3680 et
942 3627 1227 3682 subtiliora
1280 3643 1510 3698 quaeque
1547 3635 1836 3698 penetrat,
1887 3639 1942 3684 et
1997 3631 2264 3690 nullumc
2311 3635 2637 3707 corporibus
2701 3650 2933 3690 vacuum
2985 3635 3052 3689 ab
3089 3636 3206 3705 ipso
3255 3648 3377 3690 esse
3438 3633 3784 3704 permittitur.

1090 3740 1412 3808 QU/ESTIO
1450 3742 1532 3797 Vl.

516 3831 792 3896 Quomodo
835 3849 1009 3905 sermo
1039 3834 1280 3888 internus
1328 3835 1587 3889 sermonis
1637 3834 1848 3888 nomine
1878 3836 2053 3891 veniat
2082 3877 2098 3905 ,

582 3914 831 3957 externus
858 3903 1007 3974 enim
1053 3908 1239 3958 merito
1281 3905 1588 3973 appellatur
1627 3921 1799 3959 sermo
1835 3921 1987 3974 quem
2023 3903 2139 3962 loé'

581 3975 816 4042 quimur.
849 3971 918 4025 Et
963 3976 1224 4040 quomodo
1271 3971 1442 4027 sermo
1483 3990 1674 4030 sonum
1721 3971 1857 4030 edat
1883 3991 2000 4030 eum
2033 3979 2101 4033 sit

582 4060 767 4113 expers
800 4045 1036 4097 materia:
1049 4043 1077 4094 .9

584 4161 711 4217 Haec
767 4161 833 4216 ad
869 4167 1088 4216 sextam
1125 4160 1486 4230 quaestionem
1522 4175 1536 4213 :
1583 4159 1774 4216 Sermo
1824 4161 1878 4216 in
1922 4168 2102 4216 mente

517 4265 818 4326 conceptus
849 4256 1085 4309 maxime
1125 4261 1180 4308 et
1215 4253 1544 4308 excellenter
1584 4263 1670 4309 est
1729 4268 1936 4320 sermo,
2000 4251 2095 4321 qui

515 4349 673 4419 quasi
709 4363 804 4418 per
831 4353 1043 4417 guttttr,
1075 4361 1172 4416 per
1201 4345 1440 4414 linguam
1475 4354 1529 4399 et
1584 4335 1680 4414 per
1713 4345 1854 4400 labia
1881 4356 2102 4399 carnem

517 4444 771 4507 assumit,
811 4443 1049 4497 motione
1113 4439 1342 4512 spiritus
1375 4439 1657 4497 interioris
1700 4447 1755 4494 et
1782 4437 2098 4502 exterioris,

2772 3745 3107 3799 ΕροτιιΣιΣ
3148 3747 3240 3812 εῖν.

2195 3827 2338 3905 ’Πῶς
2371 3841 2403 3894 ό
2432 3838 2779 3904 ἐνδιάθετος
2801 3838 2986 3906 λόγος
3015 3837 3283 3892 καλεῖται
3307 3837 3530 3906 .Idroc;
3560 3837 3624 3890 '0
3648 3853 3772 3904 κρο-

2275 3910 2528 3978 ερορικὸς
2566 3909 2675 3977 γὰρ
2724 3907 2967 3978 εἰκότως
3010 3909 3215 3977 λόγος,
3263 3908 3343 3973 ὡς
3369 3909 3781 3978 Πλαλούμενος.

2279 3977 2386 4034 Kal
2420 3979 2539 4034 τίνι
2564 3978 2762 4046 τρόπῳ
2793 3977 3028 4046 ἠχεῖται
3061 3981 3092 4033 d
3117 3981 3323 4048 λόγος,
3350 3977 3537 4045 diuae
3565 3977 3675 4044 dir;

2275 4160 2420 4233 Πρὸς
2444 4160 2501 4214 δὲ
2551 4160 2652 4229 τὴν
2710 4159 2880 4230 ἕκτην
2912 4161 3183 4232 ἐρώτησιν
3218 4159 3412 4216 ταῦτα’
3457 4161 3519 4214 '0
3554 4159 3784 4215 ἐνδιάθε-

2205 4270 2298 4316 τος
2339 4252 2499 4322 λόγος
2533 4252 2736 4324 μᾶλλον
2763 4253 3061 4323 ἐξαιρέτως
3113 4254 3268 4320 λόγος
3299 4252 3464 4318 ἐστὶν,
3517 4251 3576 4314 ὃς
3628 4251 3787 4306 οἱονεὶ

2207 4344 2299 4398 διὰ
2334 4344 2429 4398 τοῦ
2467 4345 2860 4417 γαργαρεῶνος
2891 4345 2988 4400 καὶ
3019 4347 3117 4416 τῆς
3148 4344 3394 4414 γλώττης
3421 4344 3516 4398 καὶ
3541 4343 3649 4399 τῶν
3678 4360 3787 4414 χει-

2144 4490 2164 4506 ,
2209 4436 2347 4491 λέων
2383 4438 2763 4510 σαρκούμενος
2798 4437 2856 4488 ὲν
2895 4441 2964 4508 τῇ
3014 4439 3227 4508 κινήσει
3271 4436 3366 4492 τοῦ
3405 4436 3559 4501 ἐκτός
3602 4454 3661 4490 τε
3697 4435 3789 4490 xal

515 4547 571 4591 ct
611 4535 692 4590 sic
723 4533 968 4603 prolatus
1002 4543 1317 4604 generatur.
1354 4535 1413 4586 in
1439 4531 1558 4602 ipso
1585 4539 1668 4587 est
1690 4530 1868 4600 imago
1901 4531 2082 4584 incur-

2210 4529 2358 4583 ἔνδον
2390 4529 2710 4599 πνεύματος
2738 4529 3074 4612 προφορικδς
3124 4529 3356 4598 γίνεται,
3388 4530 3662 4594 είκονέζων
3694 4527 3789 4598 τὴν

517 4625 758 4680 nationis
774 4634 826 4679 et
856 4639 952 4694 per
983 4639 1205 4680 carnem
1235 4623 1376 4678 inter
1404 4622 1658 4678 homines
1683 4622 2096 4678 manifestatio-

518 4720 606 4774 nis
669 4716 831 4774 Verbi
865 4717 960 4774 Dei
1016 4717 1274 4772 viventis.
1316 4713 1504 4770 Primo
1548 4713 1769 4784 quidem
1825 4713 2102 4770 invisibile

517 4822 571 4868 et
610 4810 773 4866 Patri'
812 4818 1141 4866 coaeternnm
1175 4820 1229 4864 et
1254 4808 1307 4862 iu
1365 4806 1485 4876 ipso
1509 4808 1574 4861 ab
1605 4815 1810 4862 aeterno
1847 4822 2100 4874 manens,

444 4947 456 4962 ι
503 4903 611 4975 qui
642 4919 738 4970 per
760 4903 890 4957 illud
923 4905 1105 4956 omnia
1141 4911 1198 4956 ut
1247 4899 1420 4954 voluit
1447 4898 1595 4966 fecit,
1629 4897 1824 4952 deinde
1857 4897 2096 4953 Verbum

515 4998 583 5049 tle
623 4993 828 5064 Spiritu
855 5003 1046 5048 sancto
1109 5008 1175 5046 ex
1227 4989 1450 5059 Virgine
1480 5003 1698 5043 carnem
1734 4989 1987 5057 sumpsit,
2046 5000 2099 5045 et

521 5085 682 5140 nobis
735 5101 859 5139 vere
922 5083 1332 5138 manifestatum
1398 5088 1500 5135 est.
1536 5079 1602 5134 Et
1654 5077 1889 5135 iuPatrc
1949 5089 2100 5137 totus

444 5157 472 5252 is;
517 5185 634 5230 erat
691 5186 747 5231 et
800 5176 854 5230 in
908 5175 1078 5231 Matre
1135 5175 1338 5246 pariter
1395 5180 1544 5228 totus
1612 5173 1914 5230 secundum
1983 5191 2105 5231 ear-

519 5283 685 5322 nem:
739 5276 793 5322 et
845 5277 964 5322 erat
1005 5269 1059 5321 in
1105 5265 1243 5321 cmlo
1292 5266 1606 5322 illuminans
1651 5269 1889 5339 angelos,
1943 5281 1995 5322 et
2049 5268 2104 5320 in

522 5369 664 5415 terra
684 5361 836 5416 visus
865 5369 950 5415 est
992 5370 1044 5415 et
1081 5375 1203 5413 cum
1240 5358 1552 5414 hominibus
1611 5370 1967 5415 conversatus
2003 5369 2106 5414 est.

521 5451 719 5508 Omnia
785 5453 901 5506 hmc
946 5453 997 5505 in
1049 5449 1433 5520 seipsovivide
1490 5453 1746 5521 exprimit
1803 5461 1857 5506 et
1906 5467 2106 5522 repnte.

523 5555 704 5601 sentat
762 5545 946 5598 homo.
1010 5544 1207 5598 Anima
1257 5545 1476 5615 quidem
1508 5547 1629 5618 ejus
1653 5545 2016 5615 intelligentia
2051 5546 2106 5599 in

526 5638 708 5708 seipsa
764 5651 922 5689 suum
976 5635 1230 5706 producit
1273 5651 1600 5702 sermonem,
1634 5637 1899 5690 verbum:
1931 5649 2105 5704 quare

525 5745 658 5800 ergo
701 5713 930 5782 vocatur
959 5729 1321 5795 rationabilis,
1362 5742 1417 5786 et
1481 5732 1599 5787 sine
1647 5746 1785 5786 sono
1821 5738 1872 5782 et
1906 5729 2109 5796 lingua,

526 5830 580 5876 et
629 5817 885 5888 intelligit
935 5820 989 5876 in
1021 5821 1223 5894 seipsa,
1281 5832 1335 5879 et
1370 5822 1608 5895 loquitur
1671 5819 2114 5876 immaterialiter

2213 4623 2489 4692 σάρκωσιν
2525 4621 2622 4677 καὶ
2667 4622 2757 4676 διὰ
2787 4622 2989 4692 σαρκὸς
3037 4622 3345 4690 φανέρωσιν
3388 4621 3445 4675 ὲν
3481 4619 3788 4692 ἀνθρώποις

2211 4713 2305 4767 τοῦ
2335 4712 2535 4776 ζῶντος
2567 4713 2744 4783 Λόγου
2780 4713 2874 4767 τοῦ
2908 4712 3064 4767 Θεοῦ.
3106 4713 3312 4783 [iptqu
3357 4714 3456 4783 μὲν
3495 4716 3602 4782 γὰρ
3639 4707 3790 4774 οὗτος
3865 4753 3870 4759 .

2211 4810 2444 4880 ἀόρατος
2473 4806 2553 4860 ὢν
2589 4808 2681 4859 καὶ
2730 4806 3062 4877 συνάναρχος
3089 4807 3166 4876 τῷ
3212 4807 3388 4876 Πατρὶ
3413 4807 3508 4861 καὶ
3554 4807 3611 4859 ἐν
3644 4804 3791 4875 αὐτῷ

2215 4902 2392 4971 μένων
2421 4900 2510 4952 ἀεὶ
2529 4943 2542 4966 ,
2562 4899 2628 4951 δι’
2651 4891 2711 4950 οὗ
2740 4900 2832 4952 καὶ
2860 4899 3059 4964 πάντα,
3093 4899 3180 4951 ὅτε
3202 4898 3486 4969 ἠθέλησεν,
3515 4897 3793 4965 ἐποίησεν,

2221 4992 2450 5061 ’ὕστερον
2485 4989 2764 5058 Πνεῦματι
2818 4988 2961 5058 ἁγίῳ
3017 4987 3325 5056 σαρκωθεὶς
3370 4988 3434 5040 ὲκ
3493 4986 3792 5056 Παρθένου,

2215 5082 2434 5152 ἀληθῶς
2469 5082 2602 5150 ἡμῖν
2656 5080 3060 5148 πεφανέρωται.
3113 5077 3220 5131 Kal
3251 5079 3308 5130 ὲν
3339 5077 3417 5148 τῷ
3466 5079 3643 5149 Πατρὶ
3675 5079 3794 5141 ὅλος

2215 5171 2306 5246 ἦν,
2345 5175 2439 5227 xal
2472 5175 2528 5226 ὲν
2578 5175 2642 5242 τῇ
2675 5173 2860 5242 Μητρὶ
2904 5174 3040 5242 μετὰ
3087 5173 3291 5242 σαρκὸς
3335 5171 3476 5234 ὅλος,
3507 5173 3597 5224 καὶ
3635 5173 3690 5224 ὲν
3718 5171 3796 5241 τῷ

2216 5264 2431 5336 οὐρανῷ
2464 5260 2552 5335 ἦν,
2601 5265 2696 5316 καὶ
2727 5265 2850 5326 τοὺς
2883 5264 3144 5328 ἀγγέλους
3175 5263 3426 5332 ὲφὼτιζε,
3455 5263 3546 5316 καὶ
3586 5263 3676 5316 ἐπὶ
3700 5267 3799 5334 τῆς

2217 5360 2321 5429 γῆς
2353 5359 2509 5430 ὤφθη
2543 5361 2636 5412 καὶ
2667 5361 2782 5420 τοῖς
2813 5357 3126 5428 ἀνθρώποις
3163 5357 3598 5426 συνανεστράφη.
3630 5354 3800 5408 Τοῦτο

2218 5451 2313 5504 οὖν
2344 5453 2602 5515 είκονὶζει
2636 5452 2691 5503 ὲν
2730 5451 2910 5520 ἑαυτῷ
2944 5452 3037 5502 καὶ
3068 5453 3097 5503 ὁ
3136 5451 3440 5520 ἄνθρωπος.
3478 5450 3584 5500 Kal
3615 5449 3648 5518 ἡ
3701 5448 3800 5516 μὲν

2219 5542 2369 5612 ψυχὴ
2402 5543 2565 5596 αὑτοῦ
2604 5541 2807 5612 νοερῶς
2838 5543 2894 5593 ὲν
2931 5544 3096 5611 ἑαυτῇ
3139 5540 3311 5594 τίκτει
3354 5541 3446 5592 τὸν
3488 5538 3686 5606 ὲαυτῆ;
3713 5538 3802 5590 λό-

2223 5651 2318 5703 γον
2345 5649 2357 5663 ’
2392 5634 2473 5688 διὸ
2505 5634 2599 5686 καὶ
2645 5633 2840 5703 λογικὴ
2885 5633 3168 5686 καλεῖται’
3206 5632 3299 5686 καὶ
3346 5629 3514 5701 χωρὶς
3559 5627 3804 5697 φθόγγου

2224 5727 2320 5780 καὶ
2371 5724 2618 5795 γλώττης
2671 5729 2780 5778 νοεῖ
2824 5743 2882 5778 τε
2925 5727 2984 5778 ὲν
3017 5725 3206 5794 ἑαυτῇ,
3258 5725 3353 5776 καὶ
3404 5723 3549 5789 λέγει
3601 5720 3802 5783 ἁΰλως,

2226 5818 2368 5873 καθὰ
2405 5819 2497 5872 καὶ
2545 5819 2592 5870 oi
2629 5817 2852 5886 ἄγγελοι
2880 5834 2892 5848 ·
2933 5815 3243 5886 ἀσωμάτως
3268 5816 3375 5887 γὰρ
3423 5813 3674 5886 ἀλλήλοις
3705 5813 3803 5882 τὴν
