4056 6436
285 356 393 422 849

956 356 1347 421 RESPONSA
1420 356 1521 419 AD
1595 356 2057 421 GABR’lELEM‘
2106 358 2833 424 PENTAPOLITANUM.

3443 360 3554 423 850

291 471 445 524 θείαν
475 467 674 537 γνῶσιν
717 466 1202 539 διαπορθμεύουσι.
1256 472 1367 527 Kal
1396 470 1676 541 ὁμιλοῦσιν
1706 472 1870 543 ἀλλή-

1986 473 2117 530 sicut
2147 483 2201 530 et
2240 474 2344 545 ipsi
2413 473 2619 545 angeli,
2683 476 2775 543 qui
2840 470 3256 543 incorporaliter
3283 471 3387 529 sibi
3422 473 3562 527 iuvi-

282 562 396 624 λοις
428 560 630 630 νοερῶς
669 560 792 629 δίχα
822 560 1094 631 γλώττης,
1124 563 1221 615 καὶ
1248 565 1489 634 σχήματι
1523 564 1580 617 δὲ
1622 565 1717 618 καὶ
1745 565 1866 618 νεύ-

286 671 419 723 ματι
450 654 484 723 ﬁ
518 653 666 723 ψυχὴ
696 653 789 707 τὸν
829 654 996 721 αὐτῆς
1048 655 1383 725 ἀπαγγέλλει
1433 656 1612 724 λόγον.
1644 655 1869 729 Γλώττῃ

281 746 338 800 δὲ
373 746 466 800 καὶ
508 745 799 816 γράμματι
834 746 1213 816 παχυνόμενον
1252 748 1348 801 καὶ
1395 743 1507 801 οἷον
1557 750 1870 819 σαρκούμε-

284 853 393 899 νον,
439 838 553 899 τοῖς
595 835 779 900 ἄλλοις
828 838 1003 891 άπασι
1058 840 1302 907 φανεροτ.
1357 840 1455 902 '0;
1509 842 1602 894 καὶ
1636 843 1695 894 ὲν
1729 842 1868 913 αὐτῇ

283 927 449 981 πάλιν
483 928 633 997 μένει
663 930 758 982 καὶ
807 929 867 980 οὐ
907 929 1196 985 διΐσταται.
1247 933 1358 985 Kal
1407 932 1531 996 ὅλος
1582 935 1640 986 ὲν
1703 936 1871 987 πᾶσιν

282 1019 403 1073 ἐστι
440 1021 553 1081 τοῖς
580 1018 875 1083 ἀκούσασι,
903 1022 998 1072 καὶ
1021 1022 1140 1084 ὅλος
1170 1022 1321 1075 ἐστὶν
1351 1025 1412 1078 ὲν
1456 1023 1618 1094 αὐτῇ.
1651 1025 1873 1079 Μᾶλλον

282 1110 378 1163 οῦν
435 1110 531 1163 τοῦ
578 1110 918 1182 προφορικοῦ
973 1111 1001 1162 6
1066 1112 1375 1177 ἐνδιάθετος
1446 1116 1608 1184 λόγος
1676 1117 1870 1185 λόγος,

286 1202 531 1272 μάλιστα
553 1201 611 1255 δὲ
637 1204 665 1255 6
696 1202 859 1265 αὐτὸς
884 1202 1042 1269 οὗτός
1072 1207 1222 1259 ἐστιν
1246 1247 1260 1269 ,
1299 1208 1350 1259 εί
1379 1210 1473 1261 καὶ
1502 1210 1615 1272 τοῖς
1646 1209 1754 1274 ἔξω
1786 1228 1873 1265 σο-

285 1296 407 1363 φοῖς
435 1293 595 1356 ἄλλος
634 1294 737 1363 μὲν
762 1297 792 1348 6
825 1296 1131 1360 ἐνδιάθετος
1185 1298 1355 1364 δοκεῖ,
1389 1298 1449 1353 δν
1493 1301 1588 1354 καὶ
1628 1302 1872 1357 διάνοιαν

284 1384 557 1452 λέγουσιν,
590 1384 751 1449 ἄλλος
775 1386 832 1439 δὲ
860 1388 888 1439 6
917 1391 1271 1459 προφορικός.
1299 1392 1377 1462 Τῇ
1407 1392 1635 1465 ἀληθείᾳ
1657 1394 1767 1463 γὰρ
1790 1390 1875 1457 εἷς

286 1479 427 1531 ἔστι.
454 1479 573 1531 Καὶ
594 1472 752 1541 οὗτος
781 1478 875 1533 τὸν
904 1482 1173 1552 μονογενῆ
1219 1483 1481 1547 είκονίζει
1533 1486 1729 1553 Λόγον.
1761 1485 1873 1539 Καὶ

288 1565 598 1630 ἐνδιάθετος
648 1567 750 1637 μὲν
786 1566 943 1636 λόγος
982 1569 1167 1639 μένων
1192 1569 1345 1630 ἐντὸς
1397 1571 1494 1625 καὶ
1541 1571 1758 1635 πολλοῖς
1794 1571 1872 1643 μὴ

287 1658 600 1729 νοούμενος.
644 1660 1025 1730 Παχυνόμενος
1057 1660 1137 1726 δὲ,
1175 1662 1271 1715 καὶ
1320 1663 1353 1733 ἢ
1385 1664 1496 1726 τοῖς
1535 1664 1794 1733 φθόγγοις
1834 1664 1869 1737 ἢ

286 1754 401 1814 τοῖς
429 1751 724 1823 γράμμασι
769 1753 1171 1825 φανερούμενος
1206 1755 1235 1808 6
1280 1756 1641 1826 προφορικδς,
1676 1756 1873 1810 εἰκονί-

1988 582 2108 621 cem
2165 565 2546 621 transmittunt
2605 564 2848 619 notitiam
2906 563 3021 629 Dei,
3062 573 3225 634 atque
3249 564 3564 618 ad‘alteru-

1986 667 2131 713 trum
2169 656 2595 712 confabulantur
2624 657 2833 725 absque
2864 654 3047 725 lingua
3086 665 3139 710 et
3172 655 3560 711 intellectuali-

1980 758 2083 805 ter.
2153 750 2235 805 ita
2288 750 2468 804 anima
2505 748 2609 804 sibi
2670 748 2773 817 ipsi
2824 747 2997 816 ligura
3029 749 3261 816 quadam
3299 757 3353 803 et
3405 750 3565 820 signo

1983 855 2151 898 Suum
2181 838 2432 895 enuntiat
2463 850 2813 894 sermonem:
2877 836 3078 892 deinde
3104 837 3419 906 linguaaut
3469 839 3563 892 lit-

1982 943 2095 988 tera
2134 942 2433 989 concretus
2485 942 2539 987 et
2569 948 2695 987 vere
2752 934 3092 997 incarnatus,
3155 932 3413 987 omnibus
3439 931 3561 985 aliis

1981 1034 2236 1094 apparet;
2272 1025 2441 1094 quiet
2472 1024 2528 1079 in
2566 1027 2680 1095 ipsa
2718 1026 2920 1080 iterum
2953 1033 3135 1080 manet
3182 1038 3283 1079 nec
3338 1024 3563 1077 omnino

1982 1125 2314 1186 separatur;
2349 1127 2404 1170 et
2435 1125 2581 1175 tctus
2603 1128 2686 1173 est
2724 1118 2779 1171 in
2810 1116 3067 1173 erunibus
3123 1117 3470 1171 audientibus
3509 1126 3566 1170 et
3666 1130 3677 1139 '

1980 1215 2127 1262 totus
2167 1207 2331 1263 simul
2360 1216 2444 1263 est
2484 1209 2539 1263 in
2574 1209 2757 1263 atiima
2808 1224 3160 1279 permanens.
3211 1209 3405 1264 Potius
3433 1223 3565 1277 ergo

1982 1296 2035 1351 in
2067 1306 2245 1352 mente
2276 1307 2574 1367 conceptus
2605 1313 2770 1369 quam
2802 1299 3043 1354 exterius
3076 1298 3323 1369 prolatus
3379 1313 3566 1353 sermo

1981 1397 2066 1444 est
2098 1403 2281 1445 sermo
2313 1406 2327 1445 :
2367 1390 2605 1444 maxime
2645 1390 2791 1445 enim
2829 1390 2895 1445 de
2955 1391 3048 1444 illo
3080 1390 3181 1444 hoc
3216 1390 3561 1460 praedicatur.

1982 1480 2245 1548 Quamvis
2282 1483 2486 1537 exteris
2516 1482 2855 1552 philosophis
2890 1483 3033 1538 alius
3069 1482 3321 1536 videatur
3379 1496 3565 1537 sermo

1980 1582 2287 1643 conceptus
2346 1574 2399 1629 in
2445 1581 2629 1629 mente
2676 1589 2836 1642 quem
2897 1573 3288 1643 cogitationem
3346 1579 3564 1633 vocant,

1981 1666 2124 1722 alius
2155 1680 2289 1721 vero
2310 1667 2560 1721 exterius
2583 1680 2878 1735 expressus
2904 1680 2918 1728 ;
2948 1665 3003 1719 in
3031 1663 3261 1719 veritate
3287 1677 3428 1715 unus
3460 1670 3567 1726 est,
3610 1656 3613 1657 ⁷

1981 1759 2321 1828 unigenitum
2344 1757 2583 1813 Verbum
2608 1763 3031 1828 repraesentans,
3055 1754 3293 1825 primum
3314 1754 3367 1808 in
3387 1761 3569 1806 mente

287 1845 398 1909 ζων
434 1846 529 1899 τοῦ
571 1846 745 1913 Λόγου
775 1846 875 1915 τὴν
921 1847 1359 1918 ὲνανθρώτιησιν.
1396 1849 1668 1920 ’Υστερον
1712 1851 1821 1921 γὰρ
1848 1853 1877 1904 6

1986 1861 2277 1919 conceptus
2300 1858 2354 1905 et
2381 1849 2723 1904 latensintus
2745 1857 2798 1903 et
2819 1849 3072 1918 pluribus
3096 1846 3335 1915 ignotus,
3375 1842 3570 1897 deinde

287 1941 419 2005 Θεὸς
446 1943 617 2011 Λόγος
653 1945 959 2013 σαρκωθεὶς
989 1947 1396 2015 πεφανέρωται.

1986 1958 2297 2015 concretus,
2335 1957 2389 2004 et
2417 1958 2530 2003 tum
2565 1949 2737 2011 sonis,
2778 1956 2889 2000 tum
2918 1946 3119 2000 litteris
3161 1940 3569 1997 manifestatus’

288 2042 453 2089 Sonat
510 2036 801 2102 exterius;
832 2044 887 2092 et
956 2038 1131 2109 pingit
1176 2036 1334 2094 Verbi
1400 2040 1454 2094 in
1513 2039 1764 2097 humanis
1837 2042 2001 2097 vitam
2043 2042 2189 2112 quod
2235 2042 2506 2111 posterius
2562 2039 2705 2095 Deus
2763 2039 2997 2093 Verbum
3062 2038 3117 2091 in
3171 2051 3340 2092 carne
3397 2046 3567 2105 appa-

293 2130 420 2185 ruit.

860 2227 1200 2282 ΕΡΩΤΗΣΙΣ
1240 2226 1312 2284 Ζ’.

292 2323 473 2379 Εἰσὶν
497 2324 670 2391 ἕτερα
698 2323 1063 2395 συστήματα
1097 2330 1165 2378 ἐν
1199 2324 1279 2391 τῷ
1328 2327 1565 2395 οὐρανῷ
1589 2328 1710 2381 ἅνω
1741 2327 1883 2383 ὑδά-

454 2411 572 2447 των
597 2394 758 2461 «apd
784 2394 856 2447 τὰ
890 2392 1047 2448 κάτω
1073 2410 1092 2457 ;
1122 2395 1222 2449 καὶ
1263 2392 1695 2463 πῶς-’ἵστανται
1721 2416 1742 2465 ;

367 2575 457 2638 Εἰς
524 2575 624 2645 τὴν
686 2575 923 2647 ἑϐδόμην
974 2577 1030 2630 δὲ
1091 2578 1589 2649 ἐρώτησιν-’ταῦτα
1623 2598 1638 2614 ο
1672 2583 1885 2639 ’Ὑδατα

292 2666 553 2737 ὕπεράνω
578 2666 688 2719 τῶν
720 2668 970 2737 οὐρανῶν
1006 2670 1322 2723 πιστεύεται
1360 2667 1499 2724 εἶναι
1530 2676 1645 2736 τοῖς
1672 2675 1876 2743 ἁγίοις.

291 2758 404 2812 Καὶ
455 2760 581 2829 περὶ
639 2758 829 2813 τούτου
876 2761 1233 2832 φιλοσοφοῦσι
1284 2765 1607 2833 στέργοντες
1657 2768 1724 2819 τὰ
1775 2767 1875 2836 τῆς

292 2849 513 2919 Γραφῆς
539 2851 589 2904 οἱ
629 2853 769 2921 ἱεροὶ
802 2854 1046 2923 ιΙατέρες
1090 2853 1251 2923 ⁴ἡμῶν
1296 2855 1578 2919 Βασίλειος
1607 2858 1700 2911 καὶ
1732 2859 1880 2929 Χρυ-

296 2943 580 3011 σόστομος,
625 2938 708 3007 οἷς
762 2945 995 2997 ἕπεσθαι
1046 2946 1187 3016 ὑπὲρ
1234 2948 1342 3000 πᾶν
1374 2947 1503 3001 ἄλλο
1558 2950 1882 3017 ἀναγκαῖον.

295 3034 454 3097 Τινὲς
488 3036 545 3089 δὲ
581 3036 677 3089 καὶ
701 3035 872 3090 ὕδατα
902 3037 1158 3106 ὑπεράνω
1186 3039 1296 3093 τῶν
1338 3041 1587 3112 οὐρανῶν
1646 3042 1748 3108 τὰς
1778 3046 1883 3114 όιγ⁸

294 3127 522 3194 γελικὰς
563 3128 747 3182 νοοῦσι
801 3129 1082 3199 δυνάμεις,
1109 3130 1187 3195 ὡς
1222 3132 1502 3204 Πνεῦματι
1549 3136 1882 3206 κινουμένας

294 3216 456 3285 ἁγίῳ,
485 3218 580 3270 καὶ
600 3218 676 3281 ὡς
698 3219 928 3289 πλήρεις
949 3222 1109 3287 ἁγίου
1128 3221 1463 3293 Πνεύματος,
1496 3226 1580 3281 ὅτι
1603 3228 1698 3280 καὶ
1730 3227 1875 3298 ὕδωρ

2530 2223 2860 2293 QUIES/1‘10
2915 2222 3027 2277 Vll.

1987 2319 2132 2376 Num
2182 2330 2375 2389 praeter
2420 2319 2702 2386 inferiores
2745 2336 2911 2388 aquas
2964 2318 3072 2371 sint
3123 2317 3234 2389 alia
3262 2324 3567 2389 system‘ata

2052 2385 2317 2461 aquarum
2348 2385 2831 2456 srqnicwlestiuui,
2867 2400 2916 2442 et
2968 2388 3230 2457 quomodo
3254 2386 3362 2440 illa:
3391 2385 3572 2440 subsi-

2053 2473 2199 2514 stant
2217 2464 2242 2513 ἰ)

2054 2573 2179 2627 llaec
2209 2572 2277 2627 ad
2301 2573 2586 2643 septimam
2616 2571 2974 2642 quaestionem
3005 2585 3020 2624 :
3050 2570 3357 2640 Opinantur
3390 2571 3569 2626 sancti

1991 2678 2172 2733 aquas
2207 2679 2331 2718 esse
2405 2669 2639 2734 desuper
2668 2664 2937 2718 etelorum
2965 2684 2976 2718 :
3005 2678 3117 2731 quo
3139 2662 3207 2718 de
3233 2670 3560 2732 argumento

1984 2753 2287 2819 Scriptura:
2312 2770 2484 2811 sacrae
2514 2756 2825 2809 asseutiunt
2878 2752 3227 2823 disputantes
3275 2768 3306 2808 e
3361 2752 3570 2809 sanctis

1984 2849 2193 2903 nostris
2224 2848 2478 2903 Patribus
2534 2847 2768 2903 Basilius
2814 2855 2870 2903 et
2918 2847 3365 2918 Chrysostomus,
3430 2848 3557 2917 qui-

1983 2939 2087 2995 bus
2142 2939 2359 2994 videtur
2401 2955 2627 2995 necesse
2689 2953 2860 3008 aquas
2950 2954 3072 2994 esse
3147 2954 3310 3008 super
3385 2954 3551 2993 omne

1985 3030 2155 3085 aliud.
2196 3029 2432 3095 Quidam
2464 3045 2639 3101 aquas
2688 3045 2821 3100 quas
2852 3038 2983 3086 sunt
3028 3029 3263 3102 desuper
3303 3032 3567 3086 cmlorum

1991 3123 2267 3192 angelicas
2301 3130 2596 3178 autumant
2655 3137 2778 3178 esse
2844 3122 3095 3189 virtutes,
3154 3124 3337 3191 quiaa
3379 3134 3569 3182 sancto

1987 3214 2190 3286 Spiritu
2222 3224 2509 3271 moventur
2533 3223 2587 3270 et
2611 3215 2738 3285 quia
2772 3214 2979 3286 Spiritu
3010 3215 3198 3271 eodem
3225 3222 3353 3271 sunt
3376 3216 3570 3286 plenae,

291 3306 355 3360 τδ
383 3307 607 3379 Πνεῦμα
652 3308 899 3363 καλεῖται
948 3311 1006 3363 τὸ
1055 3312 1233 3379 ἅγιον.
1282 3313 1515 3368 ’Λπλοῦν
1563 3316 1661 3386 μὲν
1696 3318 1755 3372 ὃν
1788 3320 1877 3372 καὶ

1986 3314 2071 3364 et'
2127 3309 2255 3379 quia
2328 3309 2555 3380 insuper
2629 3323 2770 3379 aqua
2859 3308 3063 3362 dicitur
3128 3307 3367 3377 Spiritus
3435 3325 3566 3363 san-

295 3399 359 3452 τὸ
391 3398 520 3452 αὐτὸ
549 3400 643 3452 καὶ
675 3399 756 3465 ἒν,
779 3398 856 3462 ὥς
881 3419 1012 3471 φησι
1046 3402 1275 3469 Παῦλος,
1308 3405 1524 3475 ἑκάστῳ
1553 3407 1610 3460 δὲ
1640 3407 1877 3478 διαιροῦν

1992 3410 2137 3455 ctus.
2183 3400 2420 3468 Spiritus
2477 3400 2697 3470 quidem
2765 3396 2988 3455 sanctus
3032 3401 3257 3469 simplex
3294 3410 3349 3456 et
3403 3417 3569 3467 unus,

293 3494 362 3545 τὰ
391 3495 728 3564 χαρίσματα,
760 3494 836 3558 ὡς
882 3496 1059 3547 καὶτὸ
1090 3494 1234 3567 ὕδωρ
1268 3498 1515 3569 ὑπάρχον
1548 3497 1627 3566 ἓν,
1663 3501 1877 3570 ἑκάστῳ

1990 3500 2055 3547 ut
2114 3493 2354 3561 loquitur
2409 3491 2636 3557 Paulus,
2695 3490 3034 3546 distribuens
3073 3493 3411 3547 charismata
3453 3494 3572 3549 sin-

294 3584 403 3637 τῶςι
447 3586 657 3653 φυτῶν,
701 3587 794 3637 καὶ
833 3586 1041 3659 ἑκάστῃ
1096 3588 1206 3641 τῶν
1238 3588 1478 3659 βοτανῶν
1515 3591 1654 3645 ίδίαν
1707 3592 1883 3661 παρέ-

296 3694 382 3745 χει
414 3678 556 3731 atati
587 3679 687 3748 τὴν
716 3679 880 3747 φύσιν
920 3678 1022 3748 τὴν
1049 3679 1279 3751 δύναμιν
1305 3683 1396 3735 καὶ
1424 3683 1728 3752 ἐνέργειαν.
1772 3687 1883 3738 Kal

298 3768 427 3838 περὶ
450 3769 638 3823 τούτου
657 3768 801 3823 οὕτω
825 3771 1004 3838 σοφῶς
1026 3774 1051 3824 6
1077 3774 1249 3841 μέγας
1272 3774 1403 3841 φησὶ
1424 3775 1700 3844 Μάξιμον
1725 3777 1884 3829 ’Έτε-

293 3878 381 3931 ροι
414 3861 468 3914 δὲ
498 3862 557 3914 τὸ
590 3862 677 3915 διὰ
719 3862 827 3915 τῶν
857 3864 1098 3931 νεφελῶν
1127 3865 1273 3935 ὔδωρ
1310 3866 1559 3934 λέγουσιν
1591 3884 1603 3897 ·
1635 3868 1758 3921 ἐπεὶ
1790 3869 1883 3922 καὶ

291 3954 324 4005 6
351 3952 460 4023 ἀὴρ
493 3954 721 4022 οὐρανὸς
765 3955 1093 4023 ὀνομάζεται
1142 3959 1290 4026 παρὰ
1321 3960 1387 4029 τῇ
1422 3959 1636 4029 Γραφῇ.
1670 3961 1751 4013 Τά
1789 3978 1885 4013 πε-

290 4047 449 4099 τεινὰ
497 4046 606 4116 γάρ
661 4062 794 4117 φησι
846 4046 940 4099 τοῦ
998 4047 1251 4111 οὐρανοῦ.
1302 4050 1491 4120 Ὅμως
1548 4049 1689 4123 ὕδωρ
1742 4046 1884 4106 εἶναι

292 4138 485 4191 ἐπάνω
516 4138 607 4191 τοῦ
663 4138 1081 4207 στερεώματος,
1107 4140 1180 4204 ὡς
1224 4143 1610 4215 γεγραμμένον
1661 4161 1884 4197 πιστευο

292 4229 441 4285 τέον.
465 4226 593 4282 Οἵδε
623 4230 730 4317 γάρ
759 4229 786 4280 6
818 4231 999 4285 πάντα
1030 4235 1347 4305 πεποιηκὼς
1370 4236 1476 4288 τίνι
1505 4236 1691 4307 τρόπῳ
1721 4237 1881 4291 τοῦτο

292 4321 479 4375 ὲκείσε
504 4321 742 4377 τέθεικε.

770 4568 934 4640 330
960 4568 1293 4623 sparum
1328 4573 1405 4627 ιιι.

294 4686 463 4756 Aturi
513 4686 1098 4756 παραλαμϐάνουσιν
1126 4686 1181 4737 οἱ
1228 4684 1390 4737 ἄθεοι
1443 4685 1741 4756 τοσαύτας
1764 4705 1882 4756 μυ-

1989 3584 2152 3653 gulis,
2211 3584 2357 3638 sicut
2392 3591 2446 3638 et
2485 3598 2625 3652 aqua
2679 3598 2800 3651 qum
2832 3599 2936 3636 una
2971 3583 3191 3651 quidem
3222 3592 3328 3647 est,
3364 3593 3415 3638 et
3456 3585 3574 3639 sin-

1987 3676 2129 3745 gulis
2155 3676 2411 3729 arborum
2443 3686 2497 3729 et
2529 3676 2819 3728 herbarum
2847 3676 3122 3743 prepriam
3155 3674 3442 3729 distribuit
3474 3691 3565 3730 se.

1989 3769 2226 3822 cundum
2260 3777 2508 3821 naturam
2532 3767 2961 3836 uniuscujusque
2981 3765 3083 3818 vim
3107 3773 3159 3819 et
3184 3766 3458 3834 energiam
3484 3776 3574 3822 τοι

1988 3859 2056 3913 de
2116 3854 2215 3913 hoc
2246 3859 2325 3913 sic
2378 3858 2621 3926 loquitur
2661 3860 2939 3927 sapienter
2976 3857 3243 3912 Maximus
3277 3873 3507 3926 magnus
3547 3876 3562 3912 :

1987 3949 2091 4001 Alii
2118 3948 2307 4002 dicunt
2347 3963 2541 4017 aquam
2568 3962 2688 4001 esse
2720 3964 2782 4002 ex
2805 3948 3061 4011 nubibus,
3094 3963 3216 4001 cum
3242 3957 3297 4003 et
3326 3962 3421 4001 aer
3454 3962 3575 4002 cm-

1988 4041 2100 4092 lum
2125 4039 2431 4109 appellatur
2453 4055 2481 4092 a
2503 4038 2806 4108 Scriptura,
2834 4054 2954 4107 quae
2973 4039 3107 4093 dicit
3130 4038 3196 4093 de
3220 4039 3411 4094 avibus
3442 4042 3571 4110 quia

1988 4141 2116 4186 sunt
2181 4119 2422 4184 volatilia
2494 4133 2641 4186 coeli.
2699 4131 2963 4185 Similiter
2993 4140 3047 4185 et
3072 4140 3295 4186 credere
3352 4142 3572 4200 Oportet

1986 4239 2181 4292 aquam
2210 4240 2330 4282 esse
2355 4240 2521 4293 super
2550 4226 2980 4289 ﬁrmamentum,
3001 4227 3143 4279 sicut
3168 4225 3431 4294 scriptum
3462 4236 3566 4282 est.

1991 4317 2247 4386 Viditque
2310 4319 2400 4387 qui
2438 4318 2566 4373 fecit
2626 4318 2808 4373 ouinia
2865 4334 2973 4387 qua
3022 4317 3213 4373 forma
3238 4334 3409 4388 aquas
3455 4319 3568 4373 illic

1987 4420 2133 4467 stare
2175 4411 2323 4468 fecit.

2526 4569 2848 4636 QUIESTIO
2902 4570 3041 4627 Vill.

1990 4682 2168 4759 Quare
2200 4686 2342 4759 allici
2391 4684 2877 4757 (Multammedaui)
2910 4698 2985 4742 tot
3024 4689 3293 4759 myriades
3330 4688 3574 4755 ﬁdelium

363 4754 579 4829 ριᾴδας
607 4755 841 4829 πιστῶν
867 4773 930 4829 τε
954 4755 1325 4829 κςιὶννηπζῳν,
1359 4754 1544 4829 galeae
1568 4754 1877 4829 τοσούτοις

2062 4765 2110 4806 et
2146 4754 2436 4829 infantium
2467 4768 2513 4810 et
2539 4768 2647 4810 tam
2677 4759 2831 4826 longo
2850 4754 2966 4827 jam
3005 4754 3254 4827 tempore,
3279 4754 3573 4829 puerosque

373 4825 499 4890 τοῖς
553 4828 836 4894 χρόνοιςο
866 4826 939 4879 τὰ
961 4827 1161 4893 ,βρέφη
1202 4824 1271 4876 δὲ
1310 4822 1554 4892 μᾶλλον
1597 4822 1887 4888 ,βεϐαπτιέ

367 4895 587 4962 σμένα,
662 4894 796 4964 καὶ-
807 4895 1006 4964 μηδὲν
1062 4895 1456 4964 γινώσκοντα.
1508 4911 1621 4964 ουκ
1664 4897 1886 4963 ἔμελλε

370 4961 601 5018 τούτων
625 4981 715 5030 τις
747 4961 901 5018 sli-at
928 4967 1014 5031 εὶς
1041 4961 1358 5033 ἀποδοχὴν
1387 4963 1534 5017 Θεοῦ
1554 4982 1574 5028 ;
1598 4961 1703 5018 καί
1722 4966 1884 5022 διατι

370 5034 636 5100 ἅπαντες
668 5035 1099 5108 παραδίδονται
1116 5050 1137 5098 ί

371 5148 515 5218 Πρὸς
544 5148 603 5202 δὲ
639 5147 739 5219 τὴν
770 5148 966 5219 ὀγδόην
994 5149 1263 5218 ἐρώτησιν
1291 5148 1514 5203 λεκτέον
1533 5167 1546 5181 ο
1582 5152 1748 5205 Οὐδὲν
1782 5153 1883 5222 μὲν

290 5242 424 5309 δίχα
461 5239 561 5309 τῆς
590 5238 684 5293 τοῦ
729 5238 866 5291 Θεοῦ
901 5238 1182 5308 προνοίας,
1228 5240 1351 5292 οὐδὲ
1383 5240 1607 5308 γεγονός
1644 5259 1697 5294 τι
1732 5243 1884 5312 παρὰ

291 5328 401 5399 τὴν
427 5328 629 5395 γνῶσιν
681 5328 848 5381 αὑτοῦ
872 5344 886 5358 ·
934 5330 995 5380 οὐ
1023 5329 1204 5382 πάντα
1235 5330 1291 5382 δὲ
1329 5330 1469 5383 κατὰ
1515 5330 1734 5401 θέλησιν
1789 5333 1886 5384 xal

294 5421 553 5475 εὐδοκίαν
580 5419 766 5474 αὑτοῦ.
806 5420 920 5475 Kal
965 5419 1125 5489 δῆλον
1157 5422 1267 5475 ἀπὸ
1293 5421 1392 5493 τῆς
1431 5422 1525 5474 τοῦ
1573 5424 1748 5492 Ἀδὰμ
1774 5441 1883 5477 πα-

300 5513 591 5586 ραὸάσεως
615 5530 631 5544 ο
668 5512 784 5585 1ἤδει
816 5515 921 5583 γὰρ
952 5514 1123 5585 αὐτὴν
1151 5514 1467 5581 γεγονέναι·
1504 5513 1601 5567 καὶ
1628 5516 1687 5567 τὸ
1724 5514 1882 5581 ξύλον

297 5604 403 5673 τῆς
434 5605 691 5671 γνώσεως
730 5606 893 5669 αὐτὸς
935 5608 964 5659 ό
994 5606 1270 5675 φυτεύσας
1309 5601 1398 5677 ἦν,
1435 5605 1553 5658 ἀλλ’
1598 5606 1697 5677 οὐχ
1733 5606 1822 5659 ἵνα
1853 5610 1881 5660 6

312 5694 489 5763 Ἀδὰμ
527 5695 772 5766 παραϐῇ,
808 5696 925 5749 ἀλλ’
970 5696 1081 5763 ἵνα,
1110 5698 1251 5750 κατὰ
1280 5697 1468 5768 καιρὸν
1499 5696 1666 5749 αὐτοῦ
1717 5715 1883 5768 μετα·-

301 5786 511 5857 λαόὼν,
536 5788 790 5861 ὠφεληθῇ
817 5789 997 5857 πλέον,
1033 5788 1247 5858 πρῶτον
1278 5790 1473 5845 ἑαυτοῦ
1504 5791 1603 5860 τὴν
1630 5789 1880 5861 ὑπακοὴν

2069 4828 2299 4879 maxime
2345 4828 2641 4895 baptizatos
2673 4842 2718 4881 et
2752 4830 2986 4881 omnium
3017 4845 3191 4880 rerum
3218 4828 3433 4895 ignaros
3474 4844 3571 4881 ra-

2063 4896 2261 4963 piunt?
2288 4895 2431 4949 Nam
2475 4897 2612 4951 Deus
2650 4898 2849 4949 nullius
2875 4912 2938 4949 ea:
2962 4898 3043 4949 his
3075 4899 3335 4951 rationem
3365 4897 3524 4952 habet
3549 4936 3566 4965 ,

2062 4976 2111 5018 et
2140 4983 2301 5036 quare
2334 4968 2562 5020 universi
2594 4969 2670 5020 sic
2702 4966 3037 5020 traduntur?

2062 5145 2146 5199 Ad
2172 5157 2419 5199 octavam
2447 5144 2804 5212 quaestionem
2841 5142 3161 5200 dicendum.
3190 5143 3382 5216 Neque
3408 5146 3564 5204 enim

1993 5236 2110 5291 sine
2140 5236 2234 5291 Dei
2272 5237 2643 5305 prmscientia,
2681 5250 2855 5305 neque
2914 5245 3113 5306 praater
3141 5238 3261 5310 ejus
3290 5242 3567 5311 cognitio-

1989 5343 2114 5382 nem
2150 5329 2447 5398 quidquam
2505 5332 2722 5383 evenit:
2786 5344 2959 5399 neque
3009 5334 3193 5386 omnia
3259 5335 3560 5392 secundum

1990 5420 2112 5490 ejus
2136 5421 2541 5490 heneplacitum
2578 5431 2634 5474 et
2657 5421 3115 5479 benevolentiam.
3152 5424 3308 5491 Quod
3343 5427 3567 5482 eviden-

1991 5517 2074 5569 ter
2124 5518 2340 5564 constat
2404 5525 2498 5577 per
2549 5509 2765 5579 culpam
2804 5510 2966 5564 Adae:
3006 5512 3211 5566 sciebat
3239 5513 3381 5566 enim
3414 5513 3562 5567 illam

1991 5612 2357 5673 perpelratam
2390 5616 2544 5656 esse:
2596 5612 2650 5657 et
2692 5602 2897 5670 lignum
2934 5603 3178 5658 scientiae
3224 5604 3565 5673 plantaverat

1991 5696 2131 5764 ipse.
2175 5711 2279 5751 nou
2309 5693 2530 5765 quidem
2566 5705 2625 5749 ut
2654 5695 2826 5749 Adam
2863 5713 2987 5751 rcus
3021 5697 3195 5763 ﬁeret,
3260 5698 3351 5751 sed
3379 5706 3434 5748 nt
3465 5713 3565 5765 np-

1991 5799 2225 5860 portune
2261 5798 2312 5846 et
2340 5790 2625 5846 commode
2656 5790 2721 5845 de
2747 5789 3021 5845 fructibus
3055 5791 3423 5854 eiussumeus
3445 5807 3565 5845 ma-
