4056 6462
286 399 387 466 853

1021 391 1417 455 RESPONSA
1457 393 1558 451 AD
1587 388 2042 453 GABRIELEM
2070 389 2805 454 PENTAPOLITANUM.

3451 379 3590 456 8.34"

286 517 398 588 κίςι,
427 516 483 568 ὲν
509 515 576 584 τῇ
615 512 781 582 γενεᾷ
813 511 961 583 πάσῃ
986 509 1178 574 αὑτοῦ,
1210 509 1332 578 ἥτις
1367 509 1459 562 καὶ
1491 504 1868 575 κατακλυσμῷ

1989 520 2094 559 -ιιηι
2131 515 2276 561 recta
2316 517 2371 562 et
2394 509 2479 577 pia
2524 509 2906 565 manifestatur
2930 511 3062 576 vita,
3094 519 3148 565 ut
3173 510 3391 566 fuerunt
3423 511 3559 583 Abel

286 606 700 677 ὲξωλόθρευται,
733 605 794 656 ὲν
901 603 1119 665 πάντως
1149 602 1314 671 γενεᾷ
1338 603 1403 670 τῇ
1443 599 1737 668 φθαρείσῃ,
1769 598 1865 651 καὶ⁴

288 703 457 771 νήπια
498 699 780 769 μυριάδες,
823 697 980 766 331
1036 698 1214 748 πάντα
1253 695 1350 747 καὶ
1377 694 1517 746 αὺτά
1565 690 1707 745 κατά
1741 689 1868 753 τοὺς

290 794 540 862 Πατέρας
579 791 842 862 μέλλοντα
872 790 1058 857 ζῆσαι.
1094 788 1205 841 Καὶ
1237 787 1311 849 ὡς
1352 785 1606 856 Ἀϐραὰμ
1641 787 1698 837 ὲν
1722 782 1869 836 Χαλ-

288 887 458 947 δαίοις
479 887 574 938 καὶ
607 885 756 955 πάσῃ
781 884 850 953 γῇ
880 882 1022 952 πλὴν
1055 880 1390 951 Μελχισεδὲκ
1418 880 1509 934 καὶ
1533 879 1639 932 τῶν
1668 880 1892 948 ὁμοίων

289 982 459 1052 αὐτῷ,
493 980 654 1050 εἴπερ
703 981 800 1032 καὶ
832 977 986 1032 ἄλλοι
1019 973 1142 1030 κατ’
1183 973 1346 1027 αὐτόν
1367 987 1380 1002 '
1419 973 1516 1025 καὶ
1551 972 1624 1032 ὡς
1656 971 1778 1024 Λὼτ
1811 972 1869 1023 ὲν

292 1074 566 1143 Σοδόμοις,
624 1073 722 1125 καὶ
764 1070 962 1140 Ἰωσὴφ
1011 1070 1094 1125 ἐν,
1132 1066 1417 1134 Αἰγύπτῳ,
1474 1066 1570 1117 καὶ
1613 1063 1675 1115 τὸ
1717 1062 1868 1124 ἔθνος

287 1165 397 1218 τῶν
437 1162 708 1218 Ἰουδαίων
745 1162 906 1231 μόνον
954 1162 1012 1211 ἐν
1043 1161 1137 1228 γῇ,
1165 1159 1260 1210 καὶ
1304 1156 1434 1210 αὐτὸ
1476 1157 1706 1208 πλεῖστα
1736 1154 1866 1208 πολ-

290 1257 448 1318 λάκις
499 1255 893 1324 σφαλλόμενον.
943 1253 1040 1314 Τίς
1065 1247 1161 1305 οὖν
1206 1251 1364 1320 ἀραό
1408 1249 1576 1312 αἴτιος
1607 1249 1708 1318 τῆς
1741 1249 1869 1300 ἀσε-

294 1349 446 1411 ϐείας
467 1350 582 1410 τοῖς
607 1345 895 1424 ἀσεϐοῦσις
936 1344 1068 1407 Θεός
1089 1361 1104 1406 ;
1147 1343 1320 1413 ’Υπὲρ
1353 1343 1532 1396 πᾶσαν
1555 1341 1716 1394 τοῦτο
1743 1341 1870 1394 ἀσέ-

291 1443 440 1496 ϐειαν
495 1441 548 1493 εί
577 1456 662 1503 τις
710 1440 827 1508 ἐρεῖ
855 1437 950 1491 καὶ
995 1436 1364 1506 βλασφημίαν.
1415 1434 1582 1504 Δῆλον
1640 1432 1750 1502 γὰρ
1795 1433 1874 1497 ῶς

277 1535 510 1600 -κολάζει
550 1534 676 1596 τοὺς
709 1531 950 1594 ἀσεϐεῖς.
985 1529 1144 1583 Διατί
1191 1525 1283 1583 οὖν
1313 1529 1448 1599 τιμᾷ
1482 1529 1578 1598 μὲν
1603 1527 1866 1591 δικαίους,

294 1631 386 1683 καὶ
435 1629 642 1680 τούτων
681 1625 925 1695 κήδεται,
978 1623 1303 1693 τιμωρεῖται
1364 1621 1421 1673 δὲ
1468 1619 1868 1682 δυσσεόοὖντας

294 1722 386 1772 καὶ
424 1719 832 1790 ἀποστρέφεται
861 1737 878 1782 ;
911 1718 1135 1777 Πάντως
1181 1717 1257 1776 ὠς
1304 1713 1431 1774 τοὺς
1482 1711 1728 1774 εὐσεϐεῖς
1772 1710 1872 1780 μὲν

294 1811 724 1880 ἀποδεχόμενος,
776 1810 904 1870 τοὺς
965 1806 1180 1868 ἀσεϐεῖς
1230 1805 1287 1858 δὲ
1343 1803 1870 1874 ἀποστρεφόμενος,

294 1901 417 1954 ἐπεὶ
449 1901 572 1954 οὐδὲ
608 1899 803 1970 ἀφίησί
847 1917 900 1951 τι
947 1898 1055 1950 τῶν
1084 1897 1221 1966 πρὸς
1274 1896 1556 1965 σωτηρίαν
1611 1896 1686 1964 μὴ
1718 1895 1873 1964 ἐνερ-

293 1996 434 2063 γεῖν,
461 1992 602 2046 ὥστε
646 1993 945 2058 ἐπιγνῶναι
997 1991 1160 2044 αὐτόν
1185 2007 1199 2022 ·
1264 1991 1359 2044 καὶ
1393 1989 1483 2042 τδν
1533 1989 1734 2057 κόσμον
1766 1988 1874 2058 γὰρ

297 2085 366 2138 δι’
395 2086 544 2154 ἡμᾶς
571 2083 798 2154 ἐποίησέ
845 2100 904 2136 τε
940 2083 1037 2137 καλ.
1069 2082 1280 2142 διοικεῖ,
1315 2079 1409 2132 καὶ
1443 2078 1512 2131 τὰ
1545 2079 1642 2148 τῆς
1672 2077 1875 2146 ἀρετῆς

298 2175 516 2244 ἔμφυτα
555 2175 751 2242 ἔθηκεν
780 2175 838 2226 ὲν
866 2175 1019 2242 ἡμῖν,
1051 2171 1145 2225 καὶ
1171 2170 1394 2233 δούλους
1428 2169 1748 2223 ἀπέστειλεν
1776 2169 1874 2220 αὑ-

300 2267 394 2321 τοῦ
431 2267 493 2320 τὸ
519 2265 686 2322 αὐτοῦ
720 2265 1094 2335 κηρύττοντας
1126 2263 1345 2333 θέλημα
1371 2279 1384 2292 ·
1420 2263 1511 2315 καὶ
1535 2261 1698 2330 νόμον
1721 2260 1876 2313 έθετο

297 2358 458 2422 θεῖον,
498 2359 591 2412 καὶ⁴
639 2359 923 2428 προφήτας
971 2357 1158 2423 ἔδειξε,
1189 2357 1280 2409 καὶ
1337 2355 1488 2414 τέλος
1540 2353 1700 2416 αὐτὸς
1745 2348 1877 2422 ἦλθε

295 2453 363 2504 δι’
393 2451 589 2506 ἑαυτοῦ
612 2467 626 2482 ο
665 2452 760 2504 καὶ
809 2449 1070 2520 μαθητῶν
1102 2449 1264 2519 χορὸν
1313 2447 1617 2514 ἐξελέξατο,
1651 2446 1743 2499 καὶ
1798 2447 1877 2506 εἰς

299 2547 388 2600 τὸν
416 2547 618 2615 κόσμον
650 2544 944 2616 κηρύσσειν
984 2542 1280 2611 ἐξέπεμψε,
1317 2543 1411 2594 καὶ
1460 2539 1714 2608 θαύματα
1745 2555 1878 2590 κατ-

295 2643 616 2712 ειργάσατο,
660 2638 822 2693 ἅτινα
852 2638 915 2707 δὴ
946 2641 1040 2691 καὶ
1069 2637 1232 2706 μέχρι
1263 2634 1360 2687 νῦν
1410 2634 1735 2701 ἐνεργεῖται.
1770 2631 1880 2683 Καὶ

301 2736 518 2807 πρῶτον
550 2734 648 2804 μὲν
680 2731 772 2785 τοῦ
799 2731 1062 2801 ὀνόματος
1093 2727 1259 2782 αὑτοῦ
1285 2725 1694 2799 κηρυττομένου
1717 2724 1882 2777 παντὶ

301 2830 378 2898 τῷ
409 2829 625 2898 κόσμῳ,
673 2827 867 2878 ἔπειτα
911 2824 998 2876 διὰ
1045 2823 1147 2886 τῆς
1187 2819 1497 2889 Παρθενίας
1530 2817 1696 2871 αὐτοῦ
1724 2817 1878 2868 1:07.:-

299 2923 601 2992 τευομένης
641 2923 700 2974 ὲν
747 2921 818 2988 γῇ
845 2934 859 2948 ο
894 2913 1011 2969 εἶτα
1053 2915 1140 2969 διὰ
1168 2914 1264 2983 τῆς
1303 2913 1397 2966 τοῦ
1442 2912 1649 2982 κόσμου
1681 2910 1879 2978 φυγῆς,

309 3016 461 3086 παρά
493 3013 707 3066 πολλῶν
734 3013 861 3082 ἄχρι
887 3010 981 3062 τοῦ
1006 3008 1101 3061 νῦν
1129 3007 1532 3077 πραττομένης,
1569 3006 1664 3058 καὶ
1690 3004 1769 3057 ἔτι
1796 3005 1883 3057 διὰ

308 3111 408 3178 τῆς
447 3101 784 3177 μονογαμίοὶς
835 3104 929 3156 καὶ
961 3101 1318 3171 σωφροσύνης
1345 3100 1454 3152 τῶν
1497 3099 1637 3152 κατὰ
1678 3099 1884 3168 κόσμον

1969 606 2026 653 ct
2058 597 2205 664 Sem,
2237 600 2339 654 soli
2371 600 2425 655 in
2457 604 2813 672 generatione
2829 602 2984 669 Cain,
3016 614 3070 659 et
3103 604 3214 660 Noe
3246 606 3397 661 solos
3425 621 3555 659 cum

1971 704 2068 745 sua
2096 688 2260 745 domo
2288 692 2342 746 in
2381 692 2530 748 omni
2568 694 2686 762 ejus
2719 697 3070 764 generatione
3110 711 3231 764 quae
3264 706 3319 751 et
3350 697 3558 754 diluvio

1972 795 2298 856 consumpta
2327 797 2411 843 est
2443 805 2457 843 :
2494 800 2548 844 et
2600 789 2656 843 in
2685 789 2772 844 illa
2824 791 3049 846 omnino
3097 806 3360 862 corrupta,
3398 808 3562 864 gene-

1973 879 2187 934 ratione
2217 888 2372 933 erant
2407 895 2626 949 quoque
2666 881 2924 946 infantes,
2979 894 3035 937 et
3079 884 3302 954 insuper
3334 899 3554 951 omnes,

1975 981 2034 1026 ut
2066 981 2255 1027 notant
2286 973 2496 1036 Patres,
2519 973 2614 1042 qui
2646 975 2810 1029 modo
2843 975 3147 1046 ingressuri
3197 988 3353 1031 erant
3386 978 3452 1031 ad
3478 980 3560 1036 vi:-

1975 1074 2082 1120 tam
2108 1083 2124 1132 ;
2153 1078 2206 1120 et
2230 1067 2504 1121 Abraham
2532 1067 2586 1120 in
2610 1066 2879 1122 Chaldaeis
2906 1077 2958 1122 et
2994 1068 3046 1121 in
3078 1079 3186 1122 toto
3217 1078 3382 1133 terra,
3417 1085 3556 1136 pra:-

1973 1166 2056 1211 ti-r
2103 1159 2521 1223 Melchisedech,
2577 1161 2649 1213 illi
2706 1162 2931 1227 similes,
2983 1161 3076 1215 alii
3131 1163 3274 1216 enim
3306 1163 3565 1215 dicuntur

1974 1251 2276 1305 secundum
2318 1253 2786 1323 exemplum‘ejus
2822 1254 3057 1319 vixisse;
3113 1261 3169 1309 et
3203 1256 3348 1310 sicut
3373 1254 3471 1307 Lot
3506 1255 3564 1308 iu

1974 1342 2249 1408 Sodomis,
2288 1353 2344 1397 et
2371 1343 2568 1411 Joseph
2623 1347 2675 1397 in
2711 1345 2964 1416 1Egypto,
2995 1355 3048 1400 et
3100 1347 3332 1416 papulus
3400 1345 3564 1400 lsrael

1975 1438 2124 1494 solus
2155 1438 2299 1491 inter
2326 1440 2553 1506 populos
2583 1446 2742 1493 terrae
2799 1439 2892 1507 qui
2949 1448 3129 1493 tamen
3157 1446 3211 1494 et
3239 1440 3468 1494 multant
3503 1451 3559 1494 Cl;

1973 1543 2115 1596 saepe
2140 1527 2390 1597 deliquit.
2418 1529 2552 1595 Quis
2572 1545 2701 1598 ergo
2722 1529 2903 1598 impiis
2926 1545 3091 1585 causa
3121 1542 3204 1586 est
3225 1533 3518 1602 impietatis
3542 1532 3566 1585 ?

1978 1619 2158 1675 Deus?
2187 1619 2302 1675 Hoc
2334 1621 2380 1675 si
2419 1621 2544 1690 quis
2584 1620 2806 1684 dixerit,
2843 1636 3010 1690 super
3040 1636 3261 1677 omnem
3318 1624 3570 1692 impieta-

1978 1721 2089 1767 tem
2131 1723 2180 1766 et
2226 1715 2642 1784 blasphemiam.
2688 1714 2920 1769 Evidens
2972 1715 3118 1770 enim
3166 1723 3250 1771 est
3295 1726 3566 1784 quantum

1979 1807 2165 1876 puniat
2194 1807 2412 1877 impios.
2438 1806 2618 1873 Quare
2651 1823 2781 1878 ergo
2816 1810 3049 1862 honorat
3070 1809 3252 1878 justos
3280 1817 3334 1864 et
3362 1809 3429 1865 de
3458 1811 3568 1865 illis

1977 1914 2151 1967 curat,
2183 1902 2310 1955 dum
2336 1902 2566 1972 castigat
2599 1909 2654 1957 et
2700 1903 2850 1971 ejieit
2887 1903 3124 1972 impios?
3153 1902 3390 1959 Omnino
3419 1905 3570 1960 sicut

1976 1994 2094 2061 pios
2157 1993 2425 2061 glorificat
2475 2004 2528 2048 ct
2598 1995 2794 2063 impios
2849 1994 3066 2063 elongat
3123 2010 3304 2049 :cum
3345 1995 3574 2065 quidem

1980 2087 2113 2140 nihil
2157 2100 2266 2140 non
2325 2086 2519 2140 fecerit
2575 2087 2796 2156 prepter
2846 2088 3075 2141 salutem
3112 2095 3358 2142 nostram
3410 2098 3464 2142 et
3512 2097 3572 2143 ut

1977 2186 2435 2249 cognosceretur;
2460 2188 2510 2232 et
2534 2179 3060 2247 orbemluniversum
3079 2179 3325 2234 condidit
3353 2193 3574 2250 propter

1979 2287 2079 2328 nos
2107 2282 2160 2327 et
2189 2273 2491 2341 gubernat;
2515 2283 2567 2327 et
2593 2272 2646 2326 in
2675 2271 2832 2328 nobis
2859 2273 3041 2342 posuit
3075 2273 3282 2328 semina
3316 2274 3573 2339 virtutis;

1981 2374 2035 2421 et
2082 2365 2235 2420 misit
2297 2381 2490 2420 servos
2542 2375 2672 2420 suos
2719 2366 2813 2435 qui
2871 2365 3028 2422 nobis
3079 2365 3406 2420 annuntient
3450 2365 3573 2435 ejus

1979 2455 2352 2520 voluntatem;
2389 2462 2442 2509 ct
2483 2455 2656 2524 legem
2701 2455 2896 2510 statuit
2940 2455 3179 2510 divinam
3210 2472 3224 2522 ;
3250 2465 3302 2509 et
3333 2458 3574 2525 prophe-

1985 2559 2065 2603 tas
2101 2548 2281 2614 misit;
2315 2556 2368 2602 et
2397 2547 2636 2616 denique
2667 2549 2783 2617 ipse
2840 2549 2988 2601 venit
3022 2565 3037 2614 ;
3071 2557 3125 2603 et
3163 2547 3571 2616 discipulorum

1981 2642 2212 2697 chorum
2253 2641 2416 2713 elegit
2479 2655 2620 2710 quos
2655 2639 2804 2694 misit
2837 2640 2892 2694 in
2939 2641 3257 2696 universum
3297 2641 3572 2695 mundum

1983 2735 2402 2805 prredicaturos;
2458 2741 2510 2787 et
2571 2732 2840 2787 miracula
2885 2731 3031 2787 fecit
3082 2747 3202 2802 quae
3258 2733 3477 2802 quidem
3521 2739 3580 2789 et

1981 2843 2159 2897 usque
2225 2841 2370 2882 nunc
2405 2835 2678 2896 operatur.
2747 2825 2990 2891 Quorum
3046 2827 3282 2895 primum
3346 2825 3451 2880 fuit
3522 2834 3581 2879 ut

1985 2921 2378 2991 praedicaretur
2426 2936 2621 2974 nomen
2673 2919 2792 2988 ejus
2825 2921 2878 2973 in
2932 2927 3044 2974 toto
3083 2920 3216 2974 orbe
3259 2929 3574 2983 terrarum;

1984 3016 2178 3070 deinde
2215 3021 2272 3066 ut
2310 3028 2406 3082 per
2428 3013 2788 3081 virginitatem
2823 3013 2942 3079 ejus
2988 3013 3303 3067 alliceretur
3335 3022 3389 3068 et
3420 3015 3583 3083 quasi

1985 3107 2384 3174 gubernaretur
2426 3113 2568 3157 terra
2594 3102 2824 3169 ;dein-:le
2848 3112 2907 3157 ut
2939 3104 3179 3156 mundus
3221 3105 3580 3161 desereretur

303 3199 596 3270 όρθοδόξων
630 3196 840 3250 πιστῶν
900 3193 1092 3258 αὐτοῦ,
1128 3193 1318 3245 ἔπειτα
1367 3191 1456 3245 διὰ
1512 3191 1614 3261 τῆς
1655 3207 1883 3244 κακοπαι

2008 3207 2060 3251 et
2089 3213 2116 3248 a
2144 3196 2328 3249 nmltis
2356 3196 2522 3249 etiam
2588 3210 2734 3249 nunc
2765 3195 3092 3264 deseratur;
3123 3205 3176 3250 et
3205 3206 3267 3250 ut
3295 3199 3583 3254 credentes

303 3293 457 3356 θείας
501 3291 603 3359 τῆς
646 3289 870 3360 σαρκὸς,
921 3289 981 3339 ὲν
1031 3285 1243 3347 πολλοῖς
1285 3286 1394 3338 τῶν
1444 3283 1646 3336 δούλων
1713 3283 1881 3337 αὐτοῦ

304 3383 706 3456 ἐνεργουμένης
749 3379 1012 3441 ἑκουσίως
1047 3380 1111 3447 τῇ
1150 3377 1384 3445 ἀσκήσει
1420 3376 1512 3427 καὶ
1535 3376 1882 3444 ἀναχωρήσει

305 3478 417 3529 τῶν
439 3474 748 3545 κοσμικῶν,
772 3473 848 3536 ὡς
874 3472 1038 3533 αὐτὸς
1063 3467 1364 3532 διετάξατο,
1391 3467 1484 3520 καὶ
1509 3465 1598 3520 διὰ
1620 3465 1728 3518 τῶν
1751 3466 1885 3517 ἀπο-

305 3569 655 3637 θνησκόντων
687 3568 818 3636 ἄχρι
845 3563 941 3617 τοῦ
985 3563 1078 3617 νῦν
1105 3562 1198 3616 καὶ
1225 3558 1580 3630 διωκομένων
1617 3557 1758 3626 ὑπὲρ
1783 3556 1884 3622 τῆς

303 3661 470 3715 αὐτοῦ
506 3659 812 3730 μαρτυρίας
841 3657 937 3710 καὶ
985 3654 1077 3707 τοῦ
1113 3653 1252 3722 ὑπὲρ
1284 3652 1382 3721 τῆς
1427 3651 1661 3712 πίστεως
1695 3648 1881 3715 ζήλου.

309 3755 420 3808 Καὶ
461 3752 527 3806 δι’
562 3751 742 3806 αὐτῶν
767 3749 821 3801 δὲ
854 3749 960 3800 τῶν
992 3746 1153 3812 ίερῶν
1201 3745 1404 3806 τόπων,
1436 3744 1492 3795 ἐν
1521 3737 1605 3803 οἷς
1652 3741 1720 3794 τὰ
1745 3740 1886 3807 ὑπὲρ

305 3847 466 3917 ήμῶν
501 3845 797 3913 ἐνήργησε,
840 3842 900 3893 τὸ
931 3837 1249 3908 θαυμαστὸν
1288 3834 1612 3903 καθορᾶται,
1645 3832 1750 3884 ὑπὸ
1776 3830 1885 3882 τῶν

311 3937 781 4010 βλασφημούντων
803 3933 966 3986 αὐτὸν
990 3931 1169 3984 ἀθέων
1193 3929 1262 3981 τὰ
1289 3930 1470 3980 ἐκεῖσε
1500 3925 1777 3995 ἀρχόντων
1811 3923 1886 3993 μὴ

307 4035 747 4104 ἀφανιζομένων,
795 4027 1202 4096 συνισταμένων
1253 4023 1308 4075 δὲ
1360 4022 1563 4092 μᾶλλον
1615 4021 1786 4087 ἁγίων
1829 4022 1888 4069 ἐν

310 4128 496 4188 αὐτοῖς
522 4123 711 4189 οίκων,
748 4122 840 4175 καὶ
865 4120 942 4188 τῷ
975 4119 1069 4172 τοῦ
1106 4117 1359 4187 Σωτῆρος
1388 4115 1612 4183 ὀνόματι
1641 4113 1887 4182 τιμωμέ-

309 4237 440 4281 νων,
474 4217 565 4269 καὶ
597 4214 786 4275 ἁπλῶς
812 4211 879 4266 δι’
910 4211 1114 4280 ἐτέρων
1143 4208 1534 4278 ἀναριθμήτων
1566 4206 1884 4274 θαυμάτων,

310 4314 422 4366 τῶν
455 4329 513 4364 τε
564 4313 621 4362 ὲν
649 4309 825 4375 ἁγίοις
855 4309 1023 4368 ναοῖς,
1058 4305 1115 4356 ὲν
1149 4303 1323 4371 ἁγίοις
1359 4300 1568 4365 ὕδασιν,
1614 4301 1672 4352 ὲν
1701 4299 1890 4366 ἁγίαις

306 4400 514 4454 εἰκόσιν
538 4439 552 4463 ,
596 4400 654 4449 ὲν
701 4397 866 4464 ἱεροῖς
899 4395 1172 4462 λειψάνοις
1205 4390 1638 4460 ἐνεργουμένων,
1681 4389 1775 4440 καὶ
1803 4387 1890 4440 διὰ

308 4490 408 4545 τοῦ
453 4490 638 4560 μένειν
693 4487 833 4540 αὐτὰ
876 4484 1054 4552 εὐώδη
1085 4482 1180 4535 καὶ
1229 4481 1410 4546 ἀσινῆ,
1446 4481 1527 4532 ἔτι
1574 4497 1632 4532 τε
1673 4479 1760 4531 διὰ
1795 4477 1889 4530 τοῦ

1995 3290 2047 3342 in
2091 3304 2214 3342 eum
2257 3287 2323 3341 de
2357 3286 2564 3340 mundo
2595 3286 2892 3342 didicerint
2921 3296 2974 3341 et
3002 3287 3430 3356 approbaverint
3465 3307 3583 3345 ruo-

1998 3380 2304 3450 ungamiam
2343 3389 2396 3433 et
2437 3380 2773 3434 castitatem.
2834 3380 3041 3434 Deinde
3076 3389 3136 3435 ut
3165 3396 3443 3437 servorum
3469 3386 3588 3453 ejus

1997 3470 2252 3540 permulti
2311 3470 2551 3540 amplexi
2633 3472 2747 3524 sint
2798 3473 3276 3527 mortificationem
3309 3474 3586 3530 ltCI'oit'attl

1993 3565 2178 3618 carnis
2238 3571 2438 3631 sponte
2501 3577 2597 3616 sua
2659 3579 2754 3632 per
2787 3564 3304 3630 contemplationem
3338 3574 3394 3620 et
3451 3583 3588 3623 ana-

1995 3655 2328 3709 choreticam
2371 3654 2714 3707 aversionem
2770 3671 2798 3706 a
2857 3655 3169 3719 mundanis,
3223 3656 3368 3710 sicut
3397 3673 3586 3712 exem-

1996 3747 2084 3817 plo
2120 3749 2243 3816 igne
2275 3747 2559 3811 docuerat,
2595 3756 2648 3799 et
2691 3756 2747 3802 ut
2813 3748 2969 3800 multi
3022 3757 3252 3802 mortem
3316 3751 3588 3805 subierint

1996 3851 2050 3894 et
2079 3841 2332 3894 exsiliqu
2367 3855 2539 3909 usque
2573 3855 2715 3894 nunc
2755 3841 2805 3892 in
2845 3841 3213 3894 testimonium
3237 3841 3356 3910 ejus
3388 3851 3442 3897 et
3474 3844 3589 3898 zelo

1998 3932 2119 3987 fidei
2155 3950 2168 3981 :
2203 3940 2256 3986 et
2287 3941 2344 3985 ut
2377 3933 2430 3985 in
2467 3932 2600 3987 locis
2643 3929 2850 3986 sanetis
2914 3933 3003 3986 ubi
3040 3941 3265 4003 propter
3298 3951 3396 3989 nos
3442 3936 3590 3987 lahn-

1999 4025 2138 4078 ravit
2201 4033 2525 4094 perpetuum
2598 4024 2968 4093 conspiciatur
3041 4027 3368 4079 miraculum
3443 4027 3586 4094 quod

2000 4114 2356 4185 blasphemiis
2409 4115 2693 4168 atheorum
2752 4131 2857 4168 non
2908 4116 3202 4169 obscurata
3246 4126 3299 4171 ct
3359 4119 3589 4185 praecisa

1998 4210 2105 4263 sint
2145 4222 2267 4277 quae
2329 4208 2464 4262 inibi
2498 4209 2822 4278 principium
2859 4209 3208 4274 habuerunt,
3260 4210 3352 4264 sed
3411 4210 3592 4278 potius

2000 4303 2258 4359 stabilita:
2313 4303 2423 4356 sint
2459 4303 2512 4356 in
2564 4301 2668 4356 illis
2691 4308 3008 4356 sanctorum
3067 4300 3266 4356 domus
3300 4312 3355 4356 et
3396 4317 3590 4357 eorum

1999 4395 2093 4465 qui
2127 4393 2428 4448 Salvatoris
2480 4407 2674 4447 nomen
2710 4391 3034 4462 gloriﬁcant.
3079 4391 3200 4446 Uno
3229 4391 3395 4446 verbo
3424 4392 3590 4446 innu-

2000 4502 2152 4542 mera
2185 4486 2288 4541 alia
2316 4493 2528 4554 patrata
2563 4493 2693 4538 sunt
2715 4484 2983 4538 miracula
3017 4485 3071 4538 iu
3109 4485 3318 4540 sanctis
3345 4484 3592 4552 templis,

311 4582 614 4651 μυστηρίου
660 4582 758 4649 τῆς
808 4578 1031 4648 χάριτος
1068 4574 1163 4628 τοῦ
1195 4575 1345 4628 λύειν
1390 4591 1448 4629 τε
1508 4572 1601 4625 καὶ
1647 4571 1883 4642 δεσμεῖν,

2005 4581 2058 4634 in
2092 4579 2303 4634 sanctis
2354 4577 2536 4647 aquis,
2579 4577 2632 4629 in
2665 4575 2872 4631 sanctis
2903 4575 3260 4643 imaginibus,
3296 4575 3348 4629 in
3388 4577 3598 4633 sanctis

309 4676 408 4727 καὶ
455 4674 544 4726 διὰ
573 4671 666 4724 τοῦ
693 4672 876 4742 μένειν
913 4669 1250 4739 διωκομένην
1275 4667 1376 4737 τὴν
1420 4665 1775 4734 Ἐκκλησίαν,
1801 4664 1897 4717 καὶ⁵

311 4767 477 4836 μέσον
510 4759 678 4818 οὖσαν
705 4764 811 4815 τῶν
843 4761 1016 4814 ἐθνῶν
1049 4759 1389 4831 μισουμένην
1422 4756 1518 4808 καὶ
1557 4755 1894 4824 θλιϐομένην

308 4859 452 4911 κατά
481 4859 580 4929 τήν
617 4857 1016 4928 προαγόρευσιν
1051 4853 1161 4907 τῶν
1194 4851 1354 4905 θείων
1402 4850 1576 4916 λόγων
1608 4849 1797 4911 αὑτοῦ,
1828 4847 1896 4900 δι’

307 4946 386 5005 ὧν
410 4954 506 5004 καὶ
541 4951 639 5019 τὴν
673 4949 949 5019 βασιλείαν
980 4946 1168 5010 αὐτοῦ,
1201 4945 1274 5007 ὡς
1309 4941 1434 5012 ἔφη,
1472 4941 1785 5011 ἐλπίζομεν.
1824 4940 1899 4993 Τὸ

313 5048 498 5116 μεῖζον
521 5044 582 5098 δέ
602 5061 686 5111 γε,
720 5044 802 5098 ὅτι
829 5043 925 5096 καὶ
945 5042 1114 5112 χωρὶς
1140 5040 1438 5110 μαχαίρας,
1466 5037 1634 5108 χωρίς
1647 5053 1709 5088 τε
1735 5051 1898 5104 στρα-

311 5138 629 5205 τευμάτων,
659 5135 756 5189 καὶ
781 5135 950 5204 χωρὶς
980 5134 1247 5204 βασιλέων
1275 5129 1725 5199 στρατευομένων
1755 5126 1898 5198 ὑπὲρ

314 5233 509 5296 αὐτοῦ,
562 5230 628 5283 δι’
660 5230 864 5285 ἀλιέων
897 5230 994 5282 καὶ
1033 5226 1302 5298 πενήτων,
1351 5222 1719 5292 διωκομένων,
1760 5217 1898 5273 citreo-

311 5317 682 5388 θνησκόντων,
736 5317 985 5382 ἰδιωτῶν,
1021 5317 1428 5385 ἀγραμμάτων,
1462 5313 1894 5381 λοιδορουμένων

308 5410 408 5464 καὶ
437 5409 970 5480 καταφρονουμένων
1024 5405 1091 5460 δι’
1145 5407 1332 5468 αὐτὸν,
1379 5406 1590 5468 πάντας
1649 5407 1894 5475 νικῆσαι,

282 5483 413 5558 ’καὶ
439 5503 507 5556 τὰ
536 5503 748 5573 μεγάλα
775 5501 1225 5572 κατωρθωκέναι.
1274 5499 1436 5554 Ἀλλά
1477 5500 1571 5553 καὶ
1603 5500 1663 5550 τὺ
1714 5499 1900 5568 μένειν

315 5598 490 5651 αὑτοῦ
515 5597 614 5667 τὴν
656 5596 991 5666 Ἐκκλησίαν
1039 5597 1164 5664 δίχα
1195 5595 1466 5664 κοσμικῆς
1493 5593 1590 5645 νῦν
1627 5591 1900 5658 ἐξουσίας,

313 5692 661 5761 διωκομένην
694 5690 826 5760 παρ’
873 5691 1107 5761 ἐχθρῶν,
1142 5689 1278 5758 ὅπερ
1311 5688 1400 5740 καὶ
1445 5689 1554 5749 τοῖς
1590 5686 1805 5747 πολλοῖς
1834 5685 1900 5738 ἂν

316 5783 610 5854 νομισθείη
639 5784 916 5848 ἀσθένεια,
952 5783 1182 5851 δύναμις
1212 5781 1377 5833 αὑτοῦ
1411 5779 1612 5848 μᾶλλον
1641 5779 1738 5831 καὶ
1770 5779 1904 5846 κρά-

315 5890 410 5937 τος
449 5873 598 5927 ἕσται
633 5874 838 5945 σαφῶς.
867 5873 982 5928 ἰνα
1011 5872 1085 5944 μὴ
1111 5871 1458 5941 καυχήσηται
1486 5869 1723 5939 (Παῦλός
1747 5868 1904 5940 φησι)

2003 4671 2254 4741 reliquiis
2288 4685 2409 4739 quae
2452 4668 2753 4723 manebant
2808 4651 2970 4739 plene
3021 4669 3356 4738 incorruptae
3382 4679 3436 4722 et
3465 4684 3596 4721 sua-

2000 4763 2290 4819 vissimum
2337 4760 2597 4816 efﬂabant
2625 4761 2871 4816 odorem.
2926 4761 2991 4814 Et
3024 4760 3254 4827 insuper
3293 4760 3345 4812 in
3385 4771 3593 4829 myste-

2005 4859 2086 4912 rio
2113 4857 2304 4928 gratia:
2353 4871 2476 4926 quae
2522 4854 2686 4911 solvit
2718 4863 2770 4908 et
2797 4855 2963 4923 ligat;
3008 4849 3063 4906 in
3093 4867 3159 4906 eo
3213 4852 3354 4920 quod
3410 4861 3596 4906 manet

2006 4949 2251 5004 Ecclesia
2273 4949 2580 5019 proscripta
2607 4957 2660 5000 et
2685 4946 2841 5013 quasi
2880 4943 3141 4997 exsulans
3171 4943 3227 4996 in
3262 4941 3438 4996 medio
3461 4957 3598 5012 gen-

2009 5041 2142 5095 tium
2169 5056 2290 5110 quae
2307 5054 2425 5092 eam
2449 5039 2682 5092 oderunt
2706 5043 2759 5089 et
2780 5034 3125 5097 conculcant,
3153 5042 3211 5086 ut
3259 5034 3599 5102 adimpleau-

2009 5143 2096 5187 tur
2157 5146 2444 5188 sermones
2499 5130 2616 5200 ejus
2672 5127 2844 5182 divini
2896 5125 3097 5194 quibus
3147 5126 3308 5180 etiam
3374 5141 3600 5195 sperare

1997 5227 2254 5297 juhemur
2285 5239 2508 5295 regnum
2548 5221 2688 5289 ejus.
2732 5219 2874 5274 Illud
2941 5228 3120 5275 autem
3187 5219 3428 5273 maxime
3484 5227 3596 5272 stu-

2005 5319 2242 5389 pendunt
2269 5318 2416 5386 quod
2436 5317 2644 5384 absque
2675 5314 2973 5373 machaera,
3000 5312 3210 5383 absque
3237 5312 3600 5376 exercitibus,

2010 5422 2064 5466 et
2093 5409 2300 5478 absque
2333 5407 2557 5476 regibus
2596 5421 2697 5474 pro
2741 5404 2834 5458 illo
2885 5403 3262 5476 pugnantibus
3299 5418 3398 5471 per
3424 5401 3602 5470 pisca-

2009 5511 2156 5557 tores
2193 5500 2447 5562 miseros,
2485 5495 2712 5565 ejectos,
2747 5496 2988 5560 occisos,
3041 5496 3384 5565 ignorantes,
3434 5491 3596 5546 diffa-

2012 5601 2192 5648 matus
2242 5600 2296 5646 et
2341 5597 2686 5658 contemptus
2741 5596 2967 5658 prepter
3017 5587 3218 5656 ipsum,
3253 5597 3442 5638 omnes
3478 5583 3602 5635 vin-

2011 5698 2135 5738 cere
2164 5692 2217 5737 et
2242 5695 2437 5752 magna
2472 5680 2712 5750 dirigere
2748 5679 2943 5750 potuit.
2981 5678 3114 5732 Dum
3148 5685 3330 5730 autem
3354 5673 3596 5728 Ecclesia

2009 5775 2130 5846 ejus
2162 5775 2309 5828 omni
2348 5779 2530 5826 manet
2573 5773 2849 5828 mundana
2879 5769 3190 5827 substantia
3235 5775 3289 5822 et
3329 5772 3602 5836 potestate

2017 5867 2303 5933 destituta,
2363 5863 2711 5939 abinimicis
2775 5866 2990 5938 repulsa
3025 5874 3079 5920 et
3116 5863 3327 5933 ejecta;
3368 5859 3509 5932 quod
3571 5872 3603 5912 a
