4056 6432
465 1085 473 1129 l

495 345 504 354 '
527 341 632 403 8.55

1420 340 1811 404 SYMEONIS
1850 338 2606 404 THESSALONICENSIS
2638 338 2998 400 ARCHIEP‘.

3670 343 3760 399 850

525 452 717 506 multis
747 450 1089 520 judicaretur
1129 451 1446 520 mttrmitas,
1480 456 1604 524 ejus
1629 455 1812 524 potius
1841 454 1948 508 erit
1987 453 2096 509 vir-
2125 506 2128 516 ε

2217 455 2351 505 τᾶσα
2382 451 2518 522 σὰρξ
2548 451 2893 518 ἐνώπιονίτοῦ
2925 448 3114 503 Θεοῦ.»
3153 446 3260 502 Καὶ
3288 444 3449 502 πάλιν
3471 463 3486 478 ⁴
3527 464 3551 498 σ
3574 447 3630 500 'll
3664 452 3758 514 γὰρ

525 550 614 596 tus
637 554 694 596 et
727 544 895 599 robur
928 545 1230 601 evidenter.
1271 562 1290 596 ι
1329 544 1400 601 Ut
1434 562 1544 601 non
1603 548 1963 617 gioriﬁcetur,
2031 538 2108 602 ait

524 637 762 701 Paulus,
800 639 981 693 omnis
1025 654 1156 695 caro
1211 641 1261 695 in
1299 651 1596 710 conspectu
1631 642 1723 697 Dei
1759 642 1801 697 ⁸.
1857 661 1874 694 ι
1919 644 1982 695 Ει
2011 642 2109 697 ite-

521 745 642 783 rum
674 747 688 784 :
723 749 741 782 ‹
777 727 969 787 Virtus
1027 742 1207 788 autem
1269 749 1388 788 mea
1423 734 1478 789 in
1519 733 1838 791 inﬁrmitate
1896 737 2112 806 perﬁci-

525 834 610 875 tur
641 825 688 878 ν.
727 841 746 874 ι
797 821 863 878 Ει
913 825 1057 879 sicut
1102 826 1255 896 prius
1304 842 1332 879 a
1366 828 1587 896 regibus
1641 829 1815 899 ejecta-
1868 829 2106 884 Ecclesia

521 913 614 968 Dei
657 931 974 984 .rcgnorum
1029 919 1308 986 superavit
1372 921 1696 989 potentiam,
1753 923 1828 974 ita
1865 932 1922 977 et
1955 938 2102 979 nunc

520 1023 616 1077 per
649 1008 907 1078 pietatem
967 1010 1174 1065 refecta
1235 1012 1401 1084 regali
1456 1013 1797 1080 inﬁrmitate,
1857 1015 2108 1071 Ecclesia

521 1098 712 1153 eadem
773 1100 972 1155 iterum
1033 1111 1216 1157 manet
1247 1104 1391 1158 inter
1443 1114 1635 1172 gentes
1657 1115 1710 1160 et
1743 1105 1971 1161 ﬁrmiter
1997 1120 2108 1162 sta.

524 1193 752 1246 tuitur:
809 1194 1084 1261 pressuris
1131 1202 1186 1248 et
1248 1196 1605 1265 passionibus
1655 1200 2107 1254 antecedentibus

524 1284 782 1350 splendor
813 1290 932 1355 ejus
973 1287 1147 1357 magis
1174 1289 1391 1342 acuitur
1412 1299 1467 1344 et
1517 1293 1629 1344 haec
1650 1290 1854 1347 clarius
1879 1292 2106 1349 relucet.

530 1377 634 1431 Sed
689 1379 890 1449 aliquis
943 1380 1080 1434 forte
1123 1379 1311 1437 dicet:
1350 1380 1647 1437 Potentiori
1689 1383 2112 1452 permittebatur

525 1467 818 1526 humiliare
851 1472 1064 1541 piorum
1087 1488 1313 1542 regnum
1345 1484 1399 1528 et
1435 1475 1739 1530 virtutem?
1771 1476 2000 1533 Minime
2028 1493 2113 1533 re-

526 1560 661 1617 fero.
695 1562 984 1628 Quomodo
1023 1565 1209 1620 enim?
1269 1565 1410 1622 Deus
1463 1568 1638 1636 ipsum
1670 1568 1880 1634 diiexit,
1927 1571 2108 1639 ipsum

522 1654 710 1721 posuit
747 1663 800 1709 et
838 1657 1016 1721 auxit,
1043 1662 1099 1708 et
1141 1655 1390 1724 praedixit
1438 1656 1588 1710 illum
1635 1672 1758 1713 esse
1788 1673 2108 1712 mansurum

527 1763 700 1815 usque
731 1747 782 1800 in
823 1748 984 1802 ﬁnem
1015 1748 1368 1814 saeculorum,
1394 1748 1547 1818 juxta
1583 1747 1839 1818 Paulum,
1867 1751 2058 1807 dicens
2091 1771 2105 1806 :

537 1862 553 1891 ι
570 1840 686 1896 Non
709 1842 891 1898 veniet
921 1843 1066 1898 ﬁlius
1084 1843 1413 1914 iniquitatis,
1433 1845 1538 1899 nisi
1566 1845 1833 1902 resistens
1852 1857 2094 1917 pereat.»

525 1932 618 1988 Pia
647 1945 798 1990 certe
824 1935 1071 1990 Romana
1109 1947 1378 2006 potestas,
1415 1947 1470 1992 et
1517 1947 1698 1994 tamen
1732 1954 1903 2009 prona
1943 1942 2114 1995 abivit

529 2029 583 2082 in
613 2030 974 2100 ignominiam
1005 2039 1059 2083 et
1091 2030 1455 2098 dejectionem
1493 2046 1588 2100 per
1619 2033 1849 2095 scelera,
1887 2044 1940 2086 et
1975 2048 2111 2088 con-

529 2121 825 2174 ten-.nendo
884 2120 1070 2175 divina
1148 2133 1418 2193 praecepta
1476 2125 1620 2194 regis
1676 2126 1922 2180 omnium
1982 2126 2110 2181 Jesu

525 2212 758 2268 Christi.
798 2213 1067 2283 Superbia
1101 2221 1154 2268 et
1189 2217 1618 2285 praesumptione
1652 2219 1906 2288 prolapsa
1935 2228 2020 2274 est
2057 2218 2110 2271 in

528 2307 875 2362 insolentiam
944 2317 1000 2362 et
1055 2307 1525 2374 dissolutionem,
1592 2319 1646 2366 et
1707 2313 1761 2365 in
1818 2311 2113 2381 spurcitias

528 2401 773 2468 gentium
806 2409 859 2454 et
889 2399 959 2453 -in
1019 2401 1255 2469 injustas
1302 2402 1569 2467 actiones,
1631 2418 1929 2472 pauperum
1969 2405 2113 2458 bona

528 2491 632 2546 sibi
667 2501 725 2546 ut
755 2492 976 2560 propria
1041 2491 1305 2562 rapiendo
1339 2492 1556 2558 ascivit,
1593 2501 1784 2547 contra
1808 2509 1903 2548 eos
1929 2494 2111 2561 pra-lia

526 2599 636 2638 non
674 2584 946 2640 dubitavit
981 2586 1335 2650 interserere,
1373 2595 1428 2642 et
1461 2586 1721 2641 Ecclesiae
1754 2586 1894 2642 ﬁlios
1925 2600 2113 2642 osten-

525 2677 604 2730 tui
665 2676 856 2731 hahuit
914 2695 931 2730 ι
1005 2679 1108 2732 hoc
1173 2679 1342 2748 igitur
1410 2691 1666 2734 OltmIDllS
1734 2678 1847 2734 fere
1905 2680 2114 2734 devotis

527 2767 726 2824 accidit
755 2770 1137 2840 conjuratione
1169 2771 1456 2840 daznwnis,
1495 2783 1548 2827 et
1583 2774 1655 2827 ita
1706 2773 1909 2828 factum
1936 2783 2019 2828 est
2054 2782 2114 2828 ut

525 2859 728 2915 Paulus
780 2863 961 2917 innuit
1020 2863 1258 2920 dicens:
1302 2885 1318 2916 ι
1366 2865 1422 2919 lu
1472 2866 1790 2921 novissimis
1845 2867 2111 2924 diebus...

525 2965 692 3007 erunt
760 2954 1012 3010 homines
1086 2958 1298 3026 seipsos
1359 2969 1712 3025 amantes,....
1776 2960 2111 3028 voluptatum

527 3053 824 3109 amatores,
957 3048 1388 3114 incontinentes,
1431 3070 1448 3102 ι
1491 3058 1622 3113 etc.,
1677 3060 1731 3105 et
1779 3050 2018 3120 denique
2059 3053 2112 3106 in

530 3138 639 3192 line
675 3156 687 3192 :
717 3156 734 3188 ι
773 3138 1051 3195 [labentes
1075 3142 1296 3210 quidem
1322 3142 1562 3210 speciem
1591 3143 1826 3211 pietatis,
1853 3145 2109 3198 virtutem
2142 3131 2182 3187 (ἶ

533 3240 711 3283 autem
769 3231 887 3300 ejus
933 3231 1264 3302 abuegantes
1323 3235 1388 3286 ¹⁰.
1463 3234 1654 3288 Nonne
1707 3235 1811 3289 hoc
1859 3237 2113 3292 similiter

535 3321 722 3386 hodie,
785 3323 1155 3390 frater‘IQuis
1211 3327 1355 3380 inter
1409 3328 1696 3383 credentes
1759 3339 1817 3382 ut
1865 3345 2028 3385 verus
2059 3340 2114 3384 et

529 3412 811 3482 perfectus
863 3415 1067 3470 Christi
1124 3431 1318 3473 servus
1374 3420 1496 3473 vita:
1532 3429 1776 3476 tenorem
1835 3423 2114 3477 instituit?

529 3503 666 3569 Quis
714 3505 1088 3562 Christianam
1123 3511 1290 3564 vitam
1347 3511 1497 3581 agit?
1540 3513 1677 3577 Quis
1732 3514 2112 3582 pontiﬁCutum

531 3596 760 3667 adeptus
793 3599 1334 3668 irreprchensibilcm
1366 3619 1424 3659 se
1457 3605 1697 3659 custodit
1745 3605 2058 3674 pontilicem
2089 3605 2114 3657 ?

535 3692 638 3749 Ubi
673 3693 911 3748 zelautes
947 3695 1226 3765 episcopi?
1269 3695 1366 3751 Ubi
1401 3697 1629 3753 scientia
1664 3697 1988 3752 doctorum?
2015 3697 2112 3753 Ubi

531 3786 880 3849 immaculata
913 3786 1064 3840 vita?
1092 3786 1226 3853 Quis
1255 3789 1514 3851 sacerdos
1551 3790 1847 3844 sacerdotii
1885 3805 2112 3845 munera

531 3875 802 3932 inoﬁensa
828 3878 1046 3932 servat?
1080 3878 1215 3943 Quis
1241 3879 1544 3934 monachus
1577 3880 1962 3934 intemerata":
1993 3897 2106 3936 mo-

531 3969 693 4021 nachi
733 3969 1137 4038 professionem
1171 3971 1324 4040 agit?
1354 3969 1548 4024 Nonne
1580 3986 1772 4025 omnes
1803 3971 1962 4025 simul
1995 3974 2108 4028 inu-

529 4060 657 4115 tiles
724 4060 849 4114 facti
908 4063 1143 4116 sumus?
1188 4061 1324 4128 Quis
1390 4062 1554 4132 igitur
1607 4065 1783 4132 pretio
1833 4069 2116 4135 perpendit

530 4151 831 4207 nativitatis
865 4154 1142 4222 gratiam?
1178 4154 1258 4207 Ad
1295 4155 1423 4221 quid
1453 4153 1654 4208 deinde
1681 4155 1950 4210 aediﬁcata
1987 4166 2113 4212 sunt

532 4245 769 4314 templa?
797 4247 876 4298 Ad
910 4247 1039 4314 quid
1082 4247 1461 4301 monasteria?
1518 4245 1709 4304 Nonne
1743 4261 1800 4303 ut
1860 4252 1970 4306 sint
2002 4252 2117 4306 oili-

528 4339 666 4392 cina:
692 4339 928 4393 salutis?
949 4338 1107 4393 Nune
1133 4350 1341 4404 autem,
1374 4350 1430 4395 ut
1449 4341 1600 4395 dixit.
1621 4341 1894 4409 Christus,
1921 4345 2114 4399 tiOlIIOS

526 4427 623 4484 Dei
653 4428 885 4486 ferimus
943 4433 1235 4502 speluncas
1289 4434 1560 4488 latronum
1609 4449 1712 4490 :et
1771 4440 2026 4491 monachi
2058 4447 2113 4493 et

529 4521 844 4576 sacerdotes
901 4507 1211 4578 invadimus
1243 4537 1430 4580 sancta
1483 4530 1737 4598 :impure
1777 4539 1832 4582 et
1881 4531 2114 4585 arbitrio

529 4621 723 4664 nostro
757 4612 1034 4680 vivimus;
1073 4617 1394 4682 parentibus
1445 4625 1497 4671 et
1527 4620 1720 4672 amicis
1770 4630 1823 4672 et
1854 4620 2116 4688 proximis

532 4705 740 4758 nostris
779 4721 900 4773 quae
933 4707 1026 4760 Dei
1057 4716 1187 4761 sunt
1227 4723 1515 4777 perperam
1557 4709 1837 4778 eli‘useque
1900 4712 2116 4776 impetu.

532 4797 737 4865 dimus,
767 4801 1060 4854 scelestius
1090 4800 1163 4854 ita
1197 4810 1490 4870 peccantes
1531 4818 1694 4871 quam
1734 4803 1980 4858 inlideles
2019 4804 2113 4872 qui

531 4890 854 4960 dispertiunt
886 4901 1100 4955 sancta,
1138 4907 1261 4947 cum
1290 4900 1348 4945 ut
1378 4891 1564 4948 ﬁdeles
1603 4892 1696 4945 Dei
1726 4907 1907 4946 rerum
1942 4893 2116 4948 adlui-

533 4985 691 5036 nistri
727 4984 856 5038 faeti
888 4984 1081 5038 simus.
1121 4984 1334 5039 Idcirco
1368 4984 1540 5038 multo
1572 4985 1754 5040 minus
1788 4988 1865 5038 ira
1906 4985 1996 5041 Dei
2029 4989 2114 5042 in-

531 5076 786 5130 cenditur
817 5077 869 5130 in
895 5085 1092 5147 gentes
1124 5092 1246 5146 quae
1279 5076 1386 5130 ﬁde
1428 5085 1682 5132 carentes
1717 5089 1908 5133 sancta
1934 5081 2115 5152 despi-

533 5169 705 5235 ciunt,
738 5185 900 5237 quam
937 5169 991 5224 in
1028 5184 1129 5224 nos
1155 5168 1248 5237 qui
1302 5169 1461 5224 ﬁdem
1515 5169 1803 5226 habemus.
1836 5171 1954 5228 Non
1985 5190 2118 5245 ergo

533 5262 848 5316 sciscitatur
879 5263 1005 5332 quis
1051 5263 1330 5330 quomodo
1389 5263 1456 5316 ab
1514 5263 1699 5333 impiis
1725 5267 2120 5323 contumeliose

534 5365 850 5411 tractentur
914 5371 1002 5411 res
1057 5371 1228 5410 sacrae
1282 5364 1378 5410 aut
1406 5356 1683 5425 quomodo
1715 5363 1888 5414 sancti
1927 5360 2112 5416 ﬁdeles

531 5448 602 5504 al)
654 5448 970 5502 inﬁdelibus
1023 5446 1409 5516 exagitentur;
1467 5449 1564 5505 sed
1633 5453 1810 5521 potius
1884 5455 2114 5508 iniretur

533 5537 812 5604 quomodo
847 5535 1027 5589 adhuc
1059 5535 1426 5592 subsistamus
1461 5543 1515 5595 in
1559 5553 1699 5597 terra
1757 5553 1962 5599 tantam
2018 5543 2119 5599 Dei

534 5626 1000 5695 contemptionem
1024 5627 1399 5684 ostendentes.
1442 5633 1626 5698 Quare
1655 5637 1800 5690 enim
1836 5635 2111 5704 imprimis

597 5803 619 5834 ³
653 5801 672 5856 ι
712 5799 842 5856 Cor.
880 5817 919 5870 ι,
952 5801 1042 5858 29.
1087 5807 1229 5884 “"11
1265 5807 1391 5866 Cor.
1430 5828 1526 5879 xu,
1561 5811 1615 5870 9.

2211 543 2441 614 δύναμις
2462 560 2562 614 μου
2587 547 2645 596 ἐν
2667 543 2922 614 ἀσθενείᾳ
2935 541 3260 595 τελειοῦται.
3289 559 3307 593 ι
3333 540 3438 593 Καὶ
3460 539 3636 609 ὥσπερ
3657 541 3760 593 6n»-

2211 636 2421 705 κομένη
2455 636 2586 705 πρὶν
2618 637 2722 688 ὑπὸ
2772 636 3038 704 βασιλέων
3070 636 3098 696 ἡ
3141 633 3434 701 Ἐκκλησία
3468 631 3627 686 αὐτοῦ
3675 635 3763 701 τὴν

2214 726 2498 796 βασιλείαν
2519 726 2733 797 ,μᾶλλον
2768 728 2936 798 ἑαυτῇ
2971 726 3370 788 καθυπέταξεν,
3408 723 3546 777 οὕτω
3568 726 3655 776 καὶ
3679 725 3760 776 νῦν

2211 821 2312 890 τῆς
2346 821 2608 887 εὐσεϐοῦς
2640 821 2918 892 βασιλείας
2947 820 3212 884 ἀσθενοῦς
3239 821 3550 889 γενομένης,
3582 823 3613 890 η
3653 823 3760 874 Ἐκ-

2211 914 2414 984 κλησία
2467 916 2628 968 πάλιν
2667 919 2831 985 μέσον
2878 915 2988 968 τῶν
3029 915 3200 968 ἐθνῶν
3235 916 3382 984 μένει
3421 931 3478 967 τε
3513 917 3599 966 καὶ
3629 917 3761 966 συνί-

2214 1023 2430 1072 σταται,
2478 1007 2771 1077 θλιϐομένη
2820 1010 2912 1062 καὶ
2947 1008 3255 1076 πάσχουσα,
3312 1005 3493 1067 καθὼς
3531 1008 3765 1074 προεῖπεν

2212 1079 2399 1164 αῦτὸς,
2464 1099 2849 1169 λαμπρύνεται
2908 1099 3128 1167 μᾶλλον.
3180 1099 3291 1151 Καὶ
3332 1097 3448 1166 ἐρεῖ
3489 1113 3570 1158 τις
3631 1097 3764 1162 ίσως,

2213 1193 2420 1248 Λοιπὸν
2455 1195 2710 1263 κρεῖσσον
2737 1188 2808 1262 ἦν
2835 1193 2896 1245 τὸ
2924 1190 3330 1256 ταπεινωθῆναι
3360 1189 3456 1254 τὴν
3489 1189 3595 1242 τῶν
3625 1190 3764 1242 εὗσε-

2213 1284 2326 1338 ϐῶν
2381 1283 2662 1354 βασιλείαν
2689 1299 2708 1352 ;
2735 1284 3004 1354 Οὐδαμῶς
3045 1283 3281 1355 εἴποιμ-ι.
3323 1281 3443 1344 Πῶς
3489 1281 3628 1349 γάρ;
3661 1280 3766 1331 ἐπεὶ

2212 1378 2346 1441 Θεὸς
2375 1377 2583 1448 ταύτην
2633 1377 2915 1448 ἠγάπησε,
2967 1377 3065 1429 καὶ
3113 1375 3520 1444 συστησάμενος
3566 1371 3763 1441 ηὔξανε,

2213 1468 2308 1522 καὶ
2333 1468 2422 1521 διὰ
2457 1468 2670 1520 Παύλου
2706 1468 2867 1538 μέχρι
2896 1468 3086 1530 τέλους
3110 1468 3306 1530 αἰῶνος
3337 1465 3520 1535 μένειν
3550 1465 3765 1532 προέφη-

2216 1579 2332 1628 σεν,
2367 1562 2471 1616 «οῦ
2508 1561 2584 1632 μὴ
2603 1561 2766 1627 ἔλθοι,
2785 1560 2979 1629 λέγων,
3003 1561 3031 1612 ὁ
3052 1559 3165 1622 υίὸς
3197 1563 3296 1630 τῆς
3321 1561 3565 1627 ἀνομίας,
3583 1558 3630 1610 εί
3656 1556 3721 1626 μὴ
3745 1557 3768 1608 ὁ

2215 1654 2458 1724 κατέχων
2479 1655 2544 1707 ἐκ
2576 1654 2744 1722 μέσου
2762 1654 3008 1723 γένηται.
3023 1671 3041 1703 ι
3075 1651 3143 1734 "ﬂ
3162 1651 3444 1719 Ῥωμαῖκὴ
3468 1648 3761 1717 βασιλεία,ἠ

2217 1752 2447 1822 εὐσεϐὴς
2478 1750 2699 1821 δηλαδὴ,
2732 1751 2767 1820 ἡ
2789 1751 2884 1802 καὶ
2908 1748 3259 1820 συνεχωρήθη
3285 1745 3675 1815 ταπεινωθῆναι
3691 1743 3767 1797 διὰ

2216 1843 2314 1907 τὰς
2343 1843 2645 1912 ἁμαρτίας,
2675 1844 2771 1896 καὶ
2794 1843 2854 1895 τὸ
2883 1841 2957 1912 μὴ
2990 1842 3275 1910 συντηρεῖν
3301 1840 3370 1894 τὰ
3403 1839 3497 1892 τοῦ
3529 1837 3764 1909 βασιλέως

2214 1937 2324 1990 τῶν
2347 1938 2485 1990 ὅλων
2519 1935 2694 2006 Ἰησοῦ
2722 1935 2958 2004 Χριστοῦ
2982 1937 3099 1988 θεῖα
3123 1933 3428 2003 θελήματα,
3449 1934 3766 2000 ὑπερηφανίᾳ

2215 2027 2270 2080 δὲ
2301 2027 2397 2079 καὶ
2424 2028 2601 2095 οἰήσει
2631 2027 2985 2090 καταπεσεῖν,
3019 2025 3114 2078 καὶ
3139 2025 3371 2094 τροφαῖς
3394 2025 3490 2077 καὶ
3521 2021 3762 2084 ἀνέσεσιν,

2217 2119 2578 2189 ἁκαθαρσίαις
2606 2135 2666 2170 τε
2704 2119 2963 2181 ἐθνικαῖς,
2989 2121 3082 2170 καὶ
3117 2116 3321 2180 ἀδίκοις
3363 2116 3565 2185 ἔργοις,
3597 2114 3683 2166 καὶ
3704 2111 3762 2164 τὰ

2215 2214 2324 2265 τῶν
2340 2211 2504 2282 332
2525 2211 2781 2282 πενήτων·
2795 2207 3159 2272 οἰκειοῦσθαις
3180 2207 3261 2272 ὡς.
3280 2208 3406 2269 ἴδια,
3438 2209 3531 2259 καὶ
3557 2206 3673 2258 κατ’
3689 2204 3767 2256 αὑ-

2218 2303 2326 2357 τῶν
2353 2305 2519 2373 ὁμόσε
2539 2305 2760 2373 χωρεῖν,
2794 2301 2885 2354 καὶ
2907 2300 3018 2352 τῶν
3039 2300 3138 2368 τῆς
3173 2299 3499 2369 Ἐκκλησίας
3529 2313 3765 2368 περιφρο-

2218 2397 2350 2448 νεῖν.
2383 2392 2560 2446 Τοῦτο
2595 2391 2688 2446 οὖν
2706 2392 2799 2445 καὶ
2829 2392 2940 2452 τοῖς
2969 2391 3218 2445 εὐσεϐέσι
3252 2391 3438 2460 σχεδδν
3465 2390 3630 2442 ἅπασι
3657 2391 3766 2454 γέγο

2219 2504 2306 2540 νεν
2337 2486 2579 2539 ἐπιθέσει
2606 2486 2698 2538 τοῦ
2727 2482 2969 2553 πονηροῦ
2991 2524 3007 2550 ,
3049 2484 3141 2536 καὶ
3175 2483 3318 2536 οὕτω
3361 2481 3583 2548 συνέϐη,
3612 2478 3768 2540 καθὼς

2217 2581 2245 2630 ὁ
2290 2575 2504 2640 Παῦλός
2548 2593 2682 2646 φησι
2735 2575 2913 2642 λέγων
2934 2592 2950 2606 ο
2986 2592 3004 2626 ι
3025 2574 3116 2626 Ἐν
3144 2576 3265 2636 ταῖς
3281 2575 3537 2644 ἐσχάταις
3567 2572 3770 2641 ἡμέραις

2218 2671 2432 2724 ἔσονται
2461 2670 2512 2722 οἱ
2533 2670 2630 2724 ἀνθ
2639 2685 2822 2738 ρωποι
2846 2667 3120 2736 φίλαυτοι,
3147 2667 3444 2736 φιλήδονοι,
3463 2665 3724 2735 ἀκρατεῖς,
3747 2680 3772 2714 ιι

2218 2767 2312 2819 καὶ
2332 2765 2398 2818 τὰ
2417 2765 2564 2834 ἑξῆς·
2595 2767 2692 2816 καὶ
2710 2763 2890 2827 τέλος,
2918 2781 2936 2815 ι
2952 2764 3231 2832 μόρφωσιν
3257 2759 3473 2830 ἔχοντες
3493 2757 3766 2819 εὐσεϐείας,

2217 2859 2284 2927 τη
2309 2857 2394 2911 νδέ
2414 2859 2648 2927 δύναμιν
2669 2857 2841 2926 αὐτῆς
2861 2855 3213 2928 ἠρνημένοι.»
3244 2855 3324 2906 Οὐ
3345 2852 3505 2906 τοῦτο
3535 2853 3765 2921 σήμερον,

2220 2950 2418 3020 ἀδελφέ
2445 2967 2460 3018 ;
2489 2949 2587 3014 Τίς
2634 2950 2744 3003 τῶν
2774 2948 2983 3001 πιστῶν
3012 2948 3140 3017 ἄρτι
3169 2946 3246 3010 ὡς
3276 2943 3372 2998 τοῦ
3406 2942 3641 3014 Χριστοῦ
3668 2937 3771 2992 δοῦ-

2219 3045 2307 3108 λος
2339 3045 2561 3112 γνήσιος
2611 3041 3001 3106 πολιτεύεται;
3034 3039 3118 3102 τίς
3165 3039 3266 3108 τὴν
3307 3034 3686 3107 Χριστιανικὴν
3711 3031 3766 3100 ζῇ

2218 3138 2362 3208 ζωήν
2392 3153 2407 3203 ;
2441 3138 2524 3200 τίς
2549 3136 2619 3189 τὰ
2648 3137 2748 3204 τῆς
2780 3132 3208 3204 ἀρχιερωσύνης
3234 3129 3504 3200 ἄμεμπτα
3541 3124 3768 3193 συντηρεί

2219 3232 2327 3284 τῶν
2357 3230 2663 3299 ἀρχιερέων
2695 3245 2710 3294 ;
2755 3227 2858 3279 ποῦ
2889 3227 2917 3279 ὁ
2951 3225 3111 3292 ζῆλος
3149 3223 3259 3276 τῶν
3301 3221 3644 3282 ἐπισκόπωνς
3681 3214 3767 3269 τεῦ

2218 3322 2603 3391 ἠδιδασκαλία
2639 3319 2752 3372 τῶν
2806 3318 3188 3381 διδασκάλων;
3248 3313 3353 3367 ποῦ
3397 3315 3430 3383 ἡ
3482 3310 3766 3379 καθαρότης

2216 3416 2311 3468 τοῦ
2366 3414 2518 3484 βίου;
2571 3414 2655 3476 τίς
2708 3411 2888 3481 ἱερεὺς
2943 3411 3013 3462 τά
3059 3409 3160 3478 τῆς
3196 3405 3498 3476 ἱερωσύνης
3536 3402 3769 3473 φυλάττει

2219 3507 2474 3575 άλὼϐητα
2505 3523 2518 3573 ;
2547 3505 2630 3569 τίς
2663 3504 2898 3575 μοναχὸς
2935 3504 3004 3556 τὰ
3035 3501 3131 3554 τοῦ
3167 3498 3450 3570 μοναχοῦς
3490 3498 3550 3550 οὐ
3588 3495 3773 3552 πάντες.

2217 3599 2353 3672 ὁμοῦ
2387 3598 2773 3668 ὴχρειώθημεν
2804 3613 2818 3663 ;
2847 3595 2932 3658 τίς
2985 3591 3080 3647 οὖν
3127 3593 3235 3662 ἄρα
3265 3589 3542 3659 θαυμάσοι
3575 3587 3674 3641 τῶν
3700 3601 3775 3652 γι.

2222 3693 2468 3762 νομένων
2497 3690 2598 3759 τὴν
2637 3689 2844 3759 χάριν;
2883 3687 3030 3740 διατι
3077 3685 3134 3739 δὲ
3177 3686 3514 3751 συνέστησαν
3557 3683 3604 3734 οἱ
3634 3679 3732 3730 ναοί
3754 3691 3770 3741 ;

2217 3786 2359 3840 διατι
2383 3786 2438 3836 αἱ
2477 3783 2634 3853 μοναί
2659 3799 2673 3847 ;
2713 3781 2812 3850 οὐχ
2861 3780 2949 3832 ἶνα
2976 3779 3318 3850 ἐργαστήρια
3347 3774 3619 3845 σωτηρίας
3646 3763 3768 3833 tim;

2218 3879 2334 3932 Νῦν
2383 3876 2463 3940 δὲ,
2486 3877 2560 3938 ὼς
2594 3875 2696 3944 ἔφη
2745 3872 3002 3942 Χριστὸς,
3041 3871 3167 3935 τοὺς
3202 3871 3379 3932 θείους
3406 3868 3590 3930 οἴκους
3619 3861 3768 3918 αὑτοῦ

2221 3972 2464 4044 σπήλαια
2517 3968 2788 4039 ποιοῦμεν
2835 3964 3083 4038 λῃστῶν
3134 3963 3457 4035 ἀρτιάζομεν
3491 3960 3554 4014 τὰ
3587 3960 3696 4028 ἱερᾶ
3727 3957 3766 4007 οἰ

2227 4066 2451 4137 μοναχοί
2485 4081 2545 4116 τε
2581 4063 2678 4115 καὶ
2711 4059 2898 4130 ἱερεῖς,
2934 4056 3259 4127 ἁκαθάρτως
3292 4054 3500 4123 ζῶμεν,
3533 4047 3770 4121 ίδιορῤύθ-

2224 4175 2361 4231 μωςο
2387 4157 2499 4211 τῶν
2528 4150 2850 4227 προσευχῶν
2885 4149 3217 4219 ἀμελοῦμεν,
3244 4148 3354 4206 τοῖς
3378 4144 3665 4213 συγγενέσι
3690 4137 3769 4231 καί

2219 4228 2330 4316 τοῖς
2384 4251 2735 4321 φιλουμένοις
2795 4245 2889 4298 καὶ
2947 4239 3368 4314 προσκειμένοις
3415 4239 3551 4308 ἡμῖν
3591 4235 3652 4288 τά
3690 4228 3770 4284 τοῦ

2219 4344 2357 4399 Θεοῦ
2398 4340 2652 4410 πονηρῶς
2691 4337 3061 4406 ἀναλίσκομεν
3087 4375 3101 4401 ,
3141 4333 3326 4387 πλεῖον
3384 4329 3769 4401 ἁμαρτάνοντες

2222 4437 2331 4489 τῶν
2363 4436 2610 4496 ἀπίστοις
2646 4432 2949 4505 ριπτὸντων
3003 4429 3071 4482 τὰ
3115 4428 3289 4495 ἅγια,
3326 4426 3403 4489 ὡς
3434 4424 3616 4479 πιστοὶ
3642 4421 3771 4481 ὄντες

2220 4532 2353 4600 περὶ
2393 4530 2464 4582 τὰ
2503 4529 2625 4580 θεῖα
2655 4522 3136 4596 περιφρονητικῶς
3193 4519 3553 4588 διακείμενοι.
3585 4514 3668 4567 Διὸ
3695 4514 3772 4563 καὶ

2218 4629 2277 4680 οὐ
2330 4623 2586 4678 τοσοῦτον
2637 4621 2700 4674 τὸ
2749 4619 2905 4671 Θεῖον
2947 4616 3230 4686 ὀργίζεται
3283 4615 3434 4683 παρὰ
3483 4611 3588 4666 τῶν
3624 4604 3771 4662 ἐθνῶν

2220 4717 2706 4787 περιφρονούντων
2743 4711 2810 4764 τὰ
2851 4709 3004 4779 ἅγια,
3061 4709 3312 4762 ἀπίστων
3356 4703 3621 4772 δντων,ἦ
3660 4697 3770 4765 παρ’

2218 4809 2378 4879 ⁴ἡμῶν
2417 4807 2528 4860 τῶν
2565 4804 2798 4859 πιστῶν.
2831 4804 2923 4870 Μὴ
2956 4801 3294 4871 διαπορείτω
3335 4800 3516 4852 τοίνυν
3546 4814 3645 4861 τις,
3669 4800 3769 4852 πῶς

2219 4903 2312 4956 ὑπ’
2358 4899 2574 4956 ἀσεϐῶν
2601 4897 2671 4950 τὰ
2698 4897 2828 4964 ἅγια
2861 4894 3282 4964 καθυϐρίξεται,
3313 4893 3346 4963 ἢ
3379 4893 3496 4954 πῶς
3525 4892 3574 4942 οί
3605 4883 3767 4941 πιστοὶ

2217 4999 2508 5053 διώκονται
2560 4991 2692 5062 παρ’
2752 4991 3004 5044 ἀπίστων
3036 5001 3050 5015 ⁸
3099 4986 3238 5043 ἀλλὰ
3294 4985 3617 5055 θαυμαζέτω
3671 4977 3768 5037 πῶς

2216 5091 2356 5152 ὅλως
2387 5089 2626 5158 μένομεν
2666 5084 2759 5137 ἐπὶ
2783 5083 2911 5151 γῆς,
2943 5078 3198 5133 τοσοῦτον
3225 5076 3620 5149 περιφρο-νηταὶ
3646 5067 3764 5124 Θεοῦ

2219 5177 2578 5246 δεδειγμένοι.
2624 5175 2778 5227 Atat!
2829 5173 2886 5225 δὲ
2943 5170 3144 5242 μᾶλλον
3198 5171 3295 5223 καὶ
3345 5170 3412 5221 τὰ
3467 5163 3669 5219 παλαιὰ
3701 5163 3768 5220 εἷς

2222 5269 2504 5340 προνομὴν
2525 5266 2669 5320 οὕτω
2703 5266 2931 5328 δέδοται,
2963 5264 3031 5316 τά
3058 5261 3190 5315 ποτὲ
3232 5262 3364 5332 θείῳ
3398 5259 3625 5328 νεύματι
3650 5252 3772 5308 δεδο-

2227 5361 2364 5432 μένα
2402 5359 2482 5431 τῷ
2522 5358 2756 5428 Μωῦσῇ,
2797 5355 2858 5407 οῦ
2887 5353 2978 5407 διὰ
3001 5353 3062 5406 τὸ
3095 5351 3497 5423 περιφρονητάς
3531 5347 3624 5401 τοῦ
3652 5342 3769 5398 Θεοῦ

2222 5450 2480 5520 γενέσθαι
2507 5451 2631 5513 τοὺς
2674 5449 2825 5511 υἱοὺς
2867 5446 2963 5500 τοῦ
3002 5445 3222 5516 Ἰσραήλ
3249 5460 3268 5507 ;.
3307 5445 3368 5497 Et
3401 5441 3493 5495 οῦν
3516 5440 3583 5493 δι’
3612 5437 3772 5490 ἐκεῖνα

2222 5541 2473 5605 τοσοῦτος
2511 5542 2673 5611 ζῆλος
2711 5539 2872 5606 Θεοῦ,
2903 5539 2972 5592 δι’
3001 5538 3236 5606 ἀγγέλου
3282 5552 3341 5588 τε
3391 5531 3665 5604 δειχθέντα
3688 5525 3771 5582 καὶ

2222 5635 2313 5689 διὰ
2366 5635 2556 5690 δούλου
2603 5632 2851 5701 δοθέντα,
2890 5632 3042 5701 πόσῳ
3097 5647 3160 5697 γε
3218 5627 3420 5700 μᾶλλον
3451 5625 3599 5680 ἔσται
3629 5618 3771 5689 ζῆλος

1699 5814 1738 5846 ¹⁰
1774 5812 1816 5866 ll
1846 5814 1987 5870 Tim.
2025 5828 2109 5881 ιιι,
2148 5813 2259 5884 1-3,
2289 5815 2342 5876 5.
