4056 6462
383 351 488 416 857

1163 346 1558 415 RESPONSA
1598 348 1700 410 AD
1736 342 2192 408 GABRIELEM
2223 338 2922 408 PENTAPOLITANUM

3538 334 3668 401 ’858

384 469 464 538 τῷ
498 466 640 536 Θεῷ,
675 466 766 520 διὰ
793 466 860 518 τὰ
893 465 1264 536 πεπραγμένα
1309 464 1464 534 παρὰ
1508 463 1602 516 τοῦ
1646 460 1968 532 μονογενοῦς

2076 467 2269 515 vetera
2313 457 2628 515 Iudaeorum
2665 469 2860 515 saneta
2907 458 2976 520 in
3031 454 3403 526 direptionem
3461 454 3664 508 tradita

385 559 554 614 αὑτοῦ
614 559 797 625 λόγου.
857 559 967 612 Καὶ
1022 557 1182 610 τοῦτο
1221 558 1494 626 μαρτυρεῖ
1526 552 1738 616 Παῦλος
1767 553 1970 620 λέγων,

398 649 705 719 Ἀθετὴσας
759 667 842 714 τις
899 651 1063 716 νόμον
1116 650 1398 712 Μωῦσέως
1429 649 1524 702 ἐπὶ
1571 648 1729 700 δυσὶν·
1758 647 1791 717 ἢ
1824 645 1974 717 τρισὶ

389 742 664 811 μάρτυσιν
696 741 1057 813 ἀποθνήσκει,
1095 740 1248 812 πόσῳ
1275 740 1493 794 δοκεῖτε
1527 738 1774 808 μείζονος
1811 739 1975 804 ἁξιωι-

389 833 618 904 θήσεται
654 833 929 904 τιμωρίας
955 878 969 901 ,
1006 833 1034 886 ὁ
1067 833 1160 886 τδν
1199 833 1329 886 Υίδν
1355 831 1450 885 τοῦ
1484 831 1619 885 Θεοῦ
1653 832 1977 898 καταπατήι

390 943 490 988 σας
518 942 534 993 ;
567 926 663 980 καὶ
697 927 756 978 τὸ
787 920 930 996 αἷμα
958 928 1060 995 τῆς
1086 926 1354 996 διαθήκης
1386 924 1569 978 κοινὸν
1600 923 1972 993 ἡγησάμενος,

386 1017 447 1070 ὲν
486 1009 530 1084 ᾧ
565 1015 828 1087 ἡγιάσθη,
865 1017 962 1070 καὶ
1006 1019 1107 1086 τὴν
1156 1018 1323 1086 χάριν
1360 1015 1457 1069 τοῦ
1499 1015 1816 1084 Πνεύματος
1853 1015 1975 1067 ὲνυ·

386 1108 604 1180 ϐρίσας.
656 1109 750 1162 Διὺ
799 1110 849 1162 εί
904 1111 1000 1163 καὶ
1029 1107 1357 1178 θαυμαστὸν·
1400 1109 1462 1160 τὸ
1503 1107 1829 1177 λεγόμενον,
1858 1104 1974 1160 ἀλλ’

387 1200 541 1268 ὅμως
585 1200 786 1268 ἀληθὲς
813 1239 828 1261 ,
879 1201 956 1263 ὡς
999 1200 1226 1254 ἔλαττον
1259 1201 1480 1270 ἡγεῖται
1517 1199 1651 1262 Θεὸς
1681 1198 1815 1269 παρ’
1844 1203 1974 1255 ἀσε-

388 1293 500 1346 ϐῶν
535 1293 902 1362 ἀτιμάζεσθαι
929 1295 997 1346 τὰ
1031 1293 1223 1357 αὐτοῦ,
1257 1294 1291 1362 ἢ
1341 1292 1494 1363 παρὰ
1526 1292 1636 1344 τῶν
1668 1294 1973 1347 δοκούντων

387 1382 578 1438 αὐτοῦ.
631 1383 770 1436 Τίνα
829 1384 886 1437 δὲ
943 1386 1040 1437 καί⁵
1083 1383 1380 1452 ἀπολογίαν
1426 1384 1643 1449 ἕξουσιν
1695 1385 1745 1437 oi
1807 1386 1974 1454 μέσον

385 1475 497 1529 τῶν
528 1473 698 1531 ἐθνῶν
734 1477 920 1529 πιστοὶ
974 1476 1341 1546 ἀσεϐοῦντες;
1390 1481 1550 1531 ποῖον
1584 1478 1710 1548 ἄρτι
1759 1478 1966 1548 μαρτύ-

391 1585 507 1640 ριον
531 1584 546 1636 ;
595 1569 681 1632 τίς
732 1569 1017 1637 διωγμός;
1054 1572 1204 1622 ποῖαι
1256 1570 1555 1638 κολάσειςς
1602 1573 1660 1623 ἐν
1700 1569 1790 1635 αἷς
1840 1589 1973 1626 ποτε

400 1661 605 1729 μᾶλλον
644 1663 694 1714 οί
731 1660 876 1729 ἇγιοι
927 1663 1412 1731 ἑνευφραινόμενοι
1453 1658 1627 1734 ἦσανς
1662 1667 1757 1716 καὶ
1798 1663 1972 1727 οὕτως

387 1751 825 1821 ἀποθνήσκοντες
888 1753 1091 1822 μᾶλλον
1149 1753 1539 1822 ἑπληθύνοντο.
1591 1756 1656 1808 Τί
1697 1755 1968 1825 πά·σχεις;

386 1845 470 1897 ὅτι
505 1843 694 1908 δοῦλος
741 1845 976 1916 talen;
1004 1861 1029 1913 ς
1055 1847 1138 1898 ὃτι
1180 1847 1308 1913 τέλη
1367 1850 1670 1915 παρέχεις
1725 1849 1807 1900 ὅτι
1856 1847 1967 1899 τῶν

387 1937 908 2006 περιφρονουμένων
940 1933 989 1990 εί
1015 1955 1030 2004 ;
1066 1939 1172 1992 Καὶ
1201 1940 1254 1991 τί
1285 1939 1481 2005 τοῦτο;
1510 1939 1783 1992 ’Έκαστον
1815 1939 1969 2001 ἔθνος

386 2031 479 2083 καὶ
495 2029 784 2091 ταπεινοῦς
809 2030 938 2099 ἔχει,
963 2033 1054 2084 καὶ
1076 2029 1296 2094 δούλους
1320 2031 1608 2104 κέκτηταιἶ
1633 2031 1740 2084 Καὶ
1758 2030 1969 2100 ὑπηρέ-

385 2137 483 2184 τας
515 2104 576 2174 ἐκ
609 2122 702 2173 τοῦ
753 2121 940 2186 αὑτοῦ,
977 2125 1073 2176 καὶ
1107 2126 1134 2177 ὁ
1165 2123 1358 2193 μισθδς
1405 2123 1588 2186 αὐτοῖς
1619 2125 1814 2177 τούτου
1846 2124 1961 2176 ἓνε-

385 2231 459 2267 κα
517 2215 577 2268 Ei
613 2214 670 2266 δὲ
723 2216 788 2268 σὺ
828 2217 856 2267 ὁ
905 2215 1098 2277 πιστὸς
1140 2216 1228 2268 διὰ
1282 2216 1520 2285 Χριστὸν
1573 2217 1760 2286 φέρεις
1811 2215 1970 2270 τοῦτο

388 2307 482 2360 καὶ
513 2307 696 2376 μόνον,
742 2308 841 2360 οὐκ
895 2307 1129 2377 ἄμισθον
1174 2307 1327 2361 ἔσται
1371 2323 1474 2361 σοι.
1508 2309 1618 2360 Καὶ
1655 2309 1776 2360 οὐδὲ
1810 2308 1970 2362 τοῦτο

386 2398 494 2452 κᾶν
525 2402 752 2468 φέρειςς
790 2401 886 2453 καὶ
942 2401 1059 2462 πῶς
1111 2399 1294 2463 δοῦλος
1329 2399 1424 2473 ἔσῃ
1459 2399 1696 2471 Χριστοῦ
1731 2417 1746 2467 ;
1793 2401 1851 2463 ὃς
1880 2401 1970 2454 διὰ

388 2489 450 2547 σὲ
489 2495 667 2546 πάντα
701 2495 795 2546 καὶ
828 2492 1058 2545 θάνατον
1090 2492 1290 2562 ἤνεγκε
1320 2508 1335 2558 ;
1365 2493 1466 2544 Διὰ
1497 2493 1668 2546 ταῦτα
1692 2495 1792 2546 οὑκ
1823 2497 1968 2547 ἁπο-

385 2585 576 2654 λογίαν
607 2585 826 2650 ἕξουσιν
855 2585 906 2636 οί
942 2585 1128 2638 πιστοὶ
1174 2584 1526 2651 διωκόμενοι,
1573 2586 1620 2636 εί
1671 2583 1968 2637 ἀσεϐοῦσιν

387 2678 464 2742 ὣς
503 2697 659 2748 φασι,
697 2678 818 2732 κατ’
855 2679 1129 2746 ἀνάγκην.
1173 2677 1505 2730 Ἀποστάται
1539 2677 1648 2747 γάρ
1684 2679 1814 2731 εἰσι.
1857 2679 1966 2730 Οὖσ-

386 2769 445 2825 δδ
477 2771 528 2825 οί
557 2771 966 2841 λαμϐανόμενοι
999 2772 1081 2825 ἔτι
1125 2771 1303 2842 νήπια
1323 2787 1336 2801 ·
1364 2771 1590 2841 ἔμελλον
1638 2771 1747 2840 γὰρ
1790 2771 1968 2840 ὅμοιοι

386 2866 502 2927 τοῖς
526 2866 802 2934 πατράσιν
833 2861 998 2920 εἶναι.
1037 2865 1145 2917 Καὶ
1171 2865 1332 2934 δῆλον
1361 2864 1472 2917 ἀπὸ
1501 2863 1608 2916 τῶν
1635 2866 1713 2925 εἰς
1744 2864 1970 2934 ἡλικίαν

389 2957 676 3023 ἐλθόντων,
718 2957 801 3010 ὅτι
843 2956 1047 3025 γνῶσιν
1078 2956 1296 3027 ἔχοντες
1338 2956 1407 3009 τὰ
1445 2957 1544 3024 τῆς
1600 2955 1837 3018 πίστεως
1867 2957 1968 3010 οὐκ

387 3045 664 3117 ἐφύλαξαν
689 3088 704 3113 ,
763 3048 838 3110 ὠς
879 3047 982 3118 τῆς
1013 3049 1216 3118 σαρκὸς
1251 3047 1403 3112 ὄντες
1435 3048 1567 3113 ὅλοι,
1600 3048 1696 3101 καὶ
1743 3048 1968 3119 μηδενὸς

385 3141 497 3194 τῶν
531 3139 622 3193 τοῦ
656 3139 794 3193 Θεοῦ
845 3140 1002 3210 λόγον
1035 3141 1170 3204 ὅλως
1209 3143 1542 3209 ποιούμενοι.
1581 3139 1768 3194 Ταῦτα
1811 3134 1968 3210 οἶμαι

387 3231 463 3297 ὡς
494 3233 689 3303 ἀληθῆ,
721 3236 816 3286 καὶ
859 3235 939 3287 ὅτι
990 3235 1099 3288 τῶν
1146 3237 1615 3305 παραπιπτόντων
1645 3236 1745 3306 οὐχ
1774 3237 1803 3288 δ
1831 3236 1966 3299 Θεὸς

388 3322 584 3390 αῐτιος,
623 3325 738 3379 ἀλλ’
775 3326 808 3395 ἡ
858 3326 1104 3396 ῥᾳθυμία
1152 3329 1246 3380 καὶ
1277 3331 1338 3380 τὸ
1392 3327 1474 3396 φι)
1488 3329 1726 3398 ηδονε-ίν,
1752 3328 1845 3380 καὶ
1882 3345 1970 3396 ιρι-ι

389 3420 636 3484 λοζωεῖν.
661 3421 852 3490 Ὅμως
887 3421 1230 3493 θαρροῦντα-ς
1255 3423 1410 3492 ἡμᾶς.
1433 3425 1497 3492 τῇ
1531 3423 1627 3475 τοῦ
1658 3421 1795 3475 Θεοῦ
1813 3423 1971 3475 ἀπεί-

393 3530 472 3584 ρῳ
512 3511 900 3583 φιλανθρωπίᾳ
921 3553 935 3577 ,
976 3513 1081 3584 χρὴ
1113 3513 1316 3567 διδόναι
1350 3514 1543 3569 ἐλπίδα
1570 3517 1681 3576 τοῖς
1714 3514 1970 3582 ἐπιστρέ-

389 3621 575 3673 φουσι,
604 3605 696 3657 καὶ
720 3604 926 3667 πάντας
953 3603 1208 3673 δέχεσθαι
1229 3606 1354 3667 τοὺς
1377 3603 1632 3658 ὁπωσοῦν
1650 3603 1969 3674 μετανοοῦν-

389 3713 512 3760 τας,
545 3697 607 3751 ού
643 3695 750 3766 μὴν
779 3697 904 3760 τοὺς
935 3696 1182 3766 μηδόλως
1220 3695 1616 3767 μετανοοῦντας
1639 3713 1652 3726 ·
1689 3694 1965 3766 διακρίσει

391 3787 450 3840 δὲ
466 3787 702 3858 χρῆσθαι
734 3787 912 3858 ἀγαθῇ
931 3790 1028 3842 καὶ
1056 3789 1186 3856 περὶ
1215 3787 1324 3840 τῶν
1343 3789 1808 3860 ἐπιστρεφόντων,
1829 3788 1896 3859 ἣν
1917 3787 1969 3840 ci

387 3877 535 3942 ἅγιοι
581 3875 911 3940 διετάξαντο.
958 3877 1259 3939 Καὶᾶλλως
1275 3876 1437 3948 333
1479 3879 1969 3949 μὲνὲξοικονομεῖν

383 3971 512 4034 τοὺς
541 3970 666 4040 δίχα
702 3970 954 4040 βασάνων
985 3970 1083 4025 καὶ
1127 3969 1374 4040 διωγμοῦ
1394 4011 1410 4038 ,
1441 3971 1516 4024 διτ
1542 3973 1721 4043 ἔρωτα
1754 3971 1969 4038 χρημά-

383 4082 493 4118 των
522 4063 555 4133 ἦ
588 4062 750 4130 δόξαν
785 4061 818 4132 ἢ
851 4062 1046 4132 ἡδονὴν
1090 4061 1502 4132 γεγενημένους
1533 4059 1782 4131 νεκρούς·
1821 4056 1968 4110 οὓτω

383 4157 495 4226 γὰρ
545 4153 658 4223 ἐγὼ
741 4152 892 4207 καλῶ
969 4154 1110 4222 μετὰ
1191 4153 1284 4206 τοῦ
1359 4155 1728 4224 ἡγαπημένου
1765 4193 1780 4219 ,
1841 4151 1968 4214 τοὺς

381 4249 477 4302 τὸν
509 4248 668 4309 ,Θεὸν
729 4247 1126 4320 ἀθετήσαντας,
1181 4247 1258 4310 ὡς
1315 4247 1453 4318 πρὸς
1491 4246 1722 4301 θάνατον
1787 4245 1968 4314 ἁμαρ·-

382 4341 683 4410 τήσαντας.
727 4339 963 4410 Ἑτέρως
1009 4339 1067 4392 δὲ
1119 4338 1294 4391 πάλιν·
1316 4339 1445 4400 τοὺς
1494 4335 1722 4407 διωγμῷ
1750 4336 1848 4389 καὶ
1872 4335 1970 4407 βα-

384 4430 574 4493 σάνοις
606 4429 640 4501 ἢ
679 4429 933 4492 ἀπειλαῖς
978 4425 1072 4479 καὶ
1119 4428 1407 4498 ἐπηρείαις
1437 4430 1580 4480 τισίν
1608 4443 1622 4456 '
1663 4426 1868 4494 ἑτέρως
1920 4425 1966 4479 δ’

2077 567 2204 613 sunt
2229 572 2252 624 ;‘
2275 556 2393 611 haec
2451 557 2689 611 maxime
2709 571 2830 626 qua:
2882 555 3012 609 olim
3051 552 3229 622 M'oysi-
3270 553 3396 605 data
3448 549 3670 603 fuerant

2076 662 2262 703 nonne
2289 649 2414 717 quia
2467 648 2566 702 iilii
2615 647 2784 703 Israel
2842 647 3010 701 Deum
3065 642 3567 712 contempserunt?
3607 641 3667 696 Si

2076 752 2219 808 ergo
2243 747 2467 806 propter
2496 737 2600 792 ista
2627 753 2749 807 qua:
2783 737 3013 805 angelus
3037 735 3375 797 ostenderat,
3403 746 3525 802 quae
3552 745 3668 785 ser-

2077 843 2183 884 vus
2236 826 2489 891 dederat,
2530 835 2683 882 tanta
2717 827 3068 880 gratulatione
3128 825 3272 879 Deus
3319 835 3498 878 metus
3557 831 3664 884 ese,

2081 927 2296 990 quanto
2345 920 2520 990 magis
2555 919 2867 975 movebitur
2914 926 3240 988 propterea
3275 931 3398 986 qure
3440 917 3509 969 ab
3538 916 3666 969 uni-

2077 1009 2262 1079 genito
2297 1009 2473 1065 Verbo
2515 1009 2634 1080 ejus
2669 1011 2836 1064 allata
2888 1019 3018 1064 sunt
3071 1019 3166 1064 aut
3200 1009 3362 1064 facta.
3413 1009 3482 1064 Et
3529 1008 3665 1062 illud

2067 1099 2311 1155 'teStatur
2334 1100 2536 1157 Paulus
2558 1103 2781 1159 dicens:
2814 1122 2833 1156 ‹
2863 1102 3082 1157 Iit-itam
3117 1103 3326 1157 faciens
3351 1102 3664 1173 quisl'egem

2077 1190 2351 1262 Moysis...
2371 1194 2588 1249 duobus
2607 1195 2690 1248 vel
2716 1196 2892 1249 tribus
2916 1195 3148 1250 testibus
3170 1197 3435 1263 moritur;
3460 1204 3668 1264 quanto

2077 1283 2253 1354 magis
2279 1286 2486 1354 putatis
2513 1284 2794 1340 deteriora
2817 1288 3013 1341 mereri
3051 1288 3321 1360 supplicia
3350 1289 3443 1358 qui
3464 1287 3665 1341 Filium

2077 1374 2172 1429 Dei
2212 1377 2644 1446 conculcawerit,
2689 1387 2750 1434 et
2783 1381 3107 1450 sanguinem
3141 1383 3450 1438 testamenti
3481 1383 3664 1451 pollu~

2077 1471 2190 1520 tum
2221 1468 2462 1534 duxerit,
2512 1471 2568 1524 in
2617 1487 2729 1541 quo
2761 1477 3138 1530 sanetilicatus
3184 1483 3288 1542 est,
3322 1485 3380 1530 et
3423 1475 3664 1545 Spiritus

2076 1562 2248 1630 gratia
2279 1564 2667 1620 contumeliam
2723 1565 2912 1620 fecerit
2948 1568 2970 1620 ἲ
3003 1587 3021 1618 ›
3060 1567 3240 1633 Quare
3270 1568 3374 1622 hoc
3411 1570 3664 1638 quamvis

2077 1653 2384 1710 mirandum
2418 1657 2565 1726 quod
2595 1658 2831 1714 dicimus
2854 1661 3015 1716 simul
3044 1670 3282 1716 attamen
3314 1663 3664 1717 verissimum

2076 1745 2149 1800 ita
2207 1757 2267 1802 ut
2321 1748 2505 1806 minus
2555 1751 2765 1819 juditzet
2810 1754 2949 1807 Deus
2997 1769 3085 1809 res
3149 1768 3280 1810 suas
3342 1756 3664 1810 inhonorari

2002 1844 2039 1897 Β
2070 1839 2147 1893 ιὼς
2185 1839 2368 1910 impiis
2411 1858 2575 1912 quam
2623 1859 2653 1898 a
2699 1845 3047 1900 credentibus
3122 1847 3184 1901 in
3232 1849 3434 1918 ipsum.
3487 1850 3664 1915 Quam

2073 1931 2220 1986 enim
2243 1937 2655 1991 excusationem
2687 1937 2888 1992 habent
2914 1938 3196 1996 rrcd'entes
3223 1943 3391 2012 impie
3418 1943 3665 2000 viventes

2074 2023 2126 2075 in
2158 2026 2334 2080 medio
2364 2028 2645 2096 gentium?
2677 2031 2808 2099 quid
2855 2047 3054 2086 novum
3102 2037 3426 2104 proponitur
3461 2048 3666 2109 tnartyo

2073 2117 2258 2170 rium?
2304 2133 2425 2186 qua:
2471 2122 2780 2188 persecutio
2825 2122 3031 2178 instat?
3075 2123 3208 2190 Quze
3242 2143 3418 2197 paena:
3459 2145 3672 2201 praepa-

2077 2206 2309 2260 rantur?
2341 2207 2400 2263 ln
2429 2211 2508 2264 eis
2539 2203 2685 2280 saépe
2729 2214 2900 2282 magis
2946 2213 3253 2283 gaudebant
3285 2217 3554 2282 sancti,et
3586 2219 3667 2273 sic

2075 2300 2372 2355 morientes
2450 2305 2625 2372 magis
2681 2305 3027 2374 multiplicati
3084 2318 3229 2362 sunt.
3287 2310 3427 2374 Quid
3489 2321 3667 2366 tanto-

2075 2407 2203 2461 pere
2227 2394 2418 2448 doles?
2465 2399 2608 2464 quod
2641 2412 2848 2452 servus-
2869 2401 3204 2454 constitutus
3240 2403 3338 2457 es?
3370 2405 3514 2473 quod
3565 2407 3663 2460 tri-

2073 2484 2202 2538 buta
2265 2487 2362 2541 tibi
2400 2489 2793 2556 imponuntur?
2834 2492 2979 2560 quod
3024 2492 3164 2546 inter
3223 2491 3662 2565 contemptibiles

2074 2575 2384 2632 inveniris?
2411 2577 2516 2632 Sed
2561 2581 2691 2649 quid
2739 2591 2822 2636 est
2873 2585 3018 2637 hoc?
3063 2584 3304 2655 Quaeque
3340 2605 3473 2659 gens
3529 2607 3660 2645 suos

2075 2668 2240 2722 habet
2265 2668 2502 2725 humiles
2524 2680 2578 2724 et
2604 2673 2855 2740 pusillos,
2887 2684 2939 2729 et
2972 2689 3164 2730 servos
3189 2680 3451 2746 possidet,
3491 2689 3545 2734 et
3579 2683 3662 2750 ip~

2073 2761 2148 2814 sis
2187 2770 2271 2817 est
2297 2761 2508 2819 fruetus
2533 2765 2856 2821 obedientia:
2881 2783 3069 2824 causa.
3087 2770 3144 2824 Si
3170 2786 3300 2841 ergo
3323 2780 3399 2840 tu,
3421 2774 3513 2842 qui
3541 2790 3662 2830 cre-

2073 2854 2188 2919 dis,
2227 2866 2449 2924 propter
2471 2856 2753 2913 Christum
2784 2859 2910 2914 talia
2939 2864 3201 2929 sustines,
3250 2879 3360 2918 non
3382 2867 3494 2921 eris
3537 2867 3660 2924 siue

2074 2948 2328 3004 mercede
2359 2967 2372 3004 :
2410 2951 2501 3005 Sed
2532 2951 2578 3007 si
2611 2967 2717 3006 non
2755 2955 2858 3008 hoc
2886 2956 3077 3009 saltem
3102 2957 3352 3024 patiaris,
3379 2963 3659 3028 quomodo

2073 3037 2273 3094 Christi
2323 3050 2519 3099 servus
2565 3058 2687 3099 esse
2737 3047 2943 3115 poteris
2987 3048 3081 3116 qui
3129 3059 3352 3119 propter
3398 3053 3540 3107 enim
3565 3069 3661 3108 us-

2077 3147 2182 3201 que
2233 3131 2300 3186 ad
2347 3144 2580 3189 mortem
2626 3136 3661 3210 toleravit?-Propterea-excusationenr

2076 3241 2187 3281 non
2220 3226 2498 3282 habebunt
2532 3229 2719 3285 ﬁdeles
2768 3231 2864 3300 qui
2903 3235 3287 3301 persecutione
3333 3246 3660 3304 premuntur

2073 3321 2117 3373 si
2141 3320 2306 3389 impie
2320 3331 2508 3392 agunt,
2529 3331 2589 3377 ut
2615 3323 2824 3386 dicunt,
2846 3326 3172 3381 necessitate
3191 3331 3457 3397 compulsi
3481 3345 3497 3397 ;
3526 3339 3662 3386 sunt-

2073 3413 2218 3466 enim
2272 3427 2400 3468 vere
2453 3423 2739 3483 apostatre.
2771 3414 2883 3470 Nec
2929 3417 3087 3471 aliter
3119 3418 3416 3475 dicendum
3474 3420 3540 3477 de
3573 3424 3657 3477 bis

2071 3506 2165 3574 qui
2193 3519 2229 3558 at
2257 3505 2486 3573 pueritia
2520 3508 2738 3561 abducti
2767 3516 2896 3562 sunt
2931 3527 2945 3564 :
2977 3509 3188 3565 similes
3215 3512 3360 3564 enim
3410 3513 3664 3580 patribus-

2073 3599 2188 3654 suis
2240 3597 2408 3654 futuri
2467 3610 2643 3656 erant.
2722 3601 2878 3668 Quod
2923 3603 3116 3657 saltem
3178 3605 3407 3662 evidens
3447 3616 3531 3662 est
3590 3610 3666 3663 de

2072 3689 2140 3742 iis
2168 3690 2260 3758 qui
2301 3689 2526 3761 jamjam
2587 3694 2984 3749 adoleverunt:
3031 3694 3448 3766 intelligentiam
3508 3700 3664 3754 enim

2072 3781 2364 3848 habentes,
2417 3785 2742 3841 documenta
2805 3787 2926 3842 ﬁdei
2993 3789 3217 3843 minime
3273 3801 3656 3858 servaverunt,

2072 3876 2222 3931 carni
2254 3877 2674 3946 acquieveruut,
2719 3889 2774 3934 et
2811 3881 2946 3934 nihil
2994 3884 3221 3937 omnino
3249 3883 3316 3937 de
3351 3883 3442 3937 Dei
3482 3883 3662 3939 Verbo

2073 3974 2330 4021 curantes
2353 3979 2598 4036 egerunt.
2632 3969 2778 4032 Πίος,
2807 3972 3029 4042 judicio
3052 3988 3197 4035 meo,
3231 3975 3518 4030 verissima
3555 3992 3570 4030 :
3603 3985 3663 4032 et

2075 4056 2298 4110 omnino
2332 4057 2623 4113 dicendum
2679 4061 2846 4116 Deum
2901 4079 3010 4118 non
3056 4080 3178 4120 esse
3225 4066 3384 4121 alicui
3435 4081 3664 4121 causam

2077 4145 2284 4217 lapsus,
2316 4148 2723 4220 sedignaviam,
2755 4153 3095 4223 voluptatum
3134 4169 3188 4209 et
3233 4158 3357 4211 vit-.e
3396 4173 3658 4214 amorem.

2075 4237 2496 4305 Verumtamen,
2532 4243 2692 4312 plene
2743 4244 3090 4301 conﬁdentes
3113 4246 3342 4303 inﬁnitas
3378 4246 3477 4304 Dei
3503 4250 3657 4304 boni-

2075 4334 2274 4398 tati,ut
2299 4344 2514 4403 oportet
2542 4336 3013 4406 resipiscentibus,
3041 4354 3190 4408 spem
3222 4342 3460 4396 excitare
3491 4341 3663 4398 debe»

2075 4441 2220 4492 mus,
2274 4441 2580 4496 omnesque
2633 4439 2956 4498 cxspemare
2999 4441 3054 4486 et
3102 4435 3384 4504 suscipere
3439 4452 3662 4507 quoquo

382 4517 454 4578 αὖ
498 4523 626 4585 τοὺς
663 4522 836 4591 νήπια
877 4521 983 4574 καὶ.
1010 4520 1190 4590 βρέφη
1217 4520 1595 4590 ἁρπαγέντας.
1637 4519 1728 4584 Ἐξ
1755 4513 1832 4572 ὧν
1865 4519 1961 4573 καὶ

2072 4517 2242 4571 mode
2284 4517 2635 4586 pmnitentes,
2683 4519 2778 4574 sed
2829 4536 2938 4576 non
2992 4537 3090 4578 eos
3140 4525 3242 4593 qui
3281 4528 3663 4596 paenitentiam

381 4613 453 4667 τὰ
481 4613 787 4684 τεθνηκότα
821 4613 989 4682 μήπω
1023 4615 1102 4675 είς
1134 4611 1345 4679 γνῶσιν
1367 4609 1594 4664 ἐλθόντα
1624 4611 1792 4665 καλοῦ
1824 4611 1965 4676 ὅλως

381 4707 422 4776 ἢ
468 4706 752 4778 πονηροῦ,
803 4705 838 4778 ἢ
887 4706 1173 4776 βάπτισμα
1225 4704 1390 4776 μόνον
1441 4705 1626 4776 ἔσχον,
1671 4706 1966 4776 ἐλεηθῆναι

383 4799 606 4871 θαρρῶν
634 4799 773 4868 είμι.
813 4799 1022 4862 Πάντες
1057 4797 1116 4850 δὲ
1150 4795 1205 4849 οῖ
1237 4813 1298 4850 τε
1327 4798 1391 4850 ἐκ
1426 4796 1712 4867 προγόνων
1737 4797 1963 4852 ἄπιστοι

379 4891 524 4946 οὕτω
546 4891 821 4962 μένοντες,
849 4891 988 4961 μετὰ
1004 4889 1512 4961 δαιμόνων-δικαίως
1525 4889 1966 4962 κατακριθήσον-

378 4999 495 5048 ται,
527 4982 622 5036 καὶ
655 4981 706 5035 οἱ
745 4983 809 5035 ὲκ
834 4981 1045 5035 πιστῶν
1074 4980 1226 5044 ὄντες
1248 5021 1262 5047 ,
1295 4981 1390 5036 καὶ
1421 4979 1523 5051 τὴν
1554 4981 1738 5036 πίστιν
1775 4984 1966 5055 οίῳδή·

377 5089 488 5126 τινι
514 5073 705 5144 τρόπῳ
740 5071 1216 5142 ἁπαρνησάμενοι,
1251 5071 1298 5124 εί
1326 5071 1562 5141 μένωσιν
1593 5071 1816 5126 ἄπιστοι
1836 5087 1850 5104 ⁶
1880 5074 1963 5126 ὅτι

377 5163 482 5218 οὐκ
532 5164 653 5216 ἐστι
703 5162 862 5232 λόγος
898 5163 1082 5225 αὐτοῖς
1107 5199 1126 5227 ,
1173 5160 1268 5215 τοῦ
1302 5161 1450 5215 θείου
1507 5152 1864 5233 κηρύγματος
1902 5163 1968 5217 ὲν

378 5256 461 5328 τῷ
499 5257 695 5326 κόσμῳ
727 5255 869 5326 ὑπὲρ
915 5255 1014 5309 τδνι
1054 5255 1210 5326 ἥλιον
1238 5255 1559 5325 λάμψαντός
1608 5271 1672 5307 τε
1700 5255 1798 5308 καὶ
1823 5255 1967 5327 λάμ-

379 5364 602 5411 ποντος,
658 5348 756 5400 καὶ
803 5347 905 5418 τῆς
959 5346 1329 5416 εὐαγγελικῆς
1367 5346 1465 5399 καὶ
1503 5344 1772 5416 οὐρανίου
1815 5345 1960 5414 ζωῆς

378 5439 522 5510 ὑπὲρ
570 5439 629 5492 τὸ
669 5437 784 5507 φῶς
825 5436 1268 5507 ἀστραπτούσης.
1325 5436 1435 5491 Καὶ
1459 5435 1632 5489 ταῦτα
1681 5435 1781 5506 μὲν
1824 5435 1954 5506 περὶ

376 5530 575 5584 τούτου
616 5529 692 5595 ὡς
737 5529 963 5585 δυνατὸν
1008 5531 1076 5582 δι’
1106 5529 1324 5597 ὀλίγων.
1367 5528 1495 5591 Τοῖς
1541 5527 1719 5597 ἁγίοις
1751 5527 1810 5582 δὲ
1842 5529 1958 5582 Ilot-

377 5623 575 5692 1pa'totv
609 5621 766 5692 ἡμῶν
813 5619 1152 5691 πλατύτερον
1202 5621 1438 5692 εἴρηται.
1486 5619 1596 5676 Καὶ
1641 5621 1794 5675 πᾶσα
1828 5619 1960 5691 περὶ

379 5715 574 5770 τούτου
610 5715 825 5786 πλήρης
865 5713 998 5782 ἁγία
1029 5713 1247 5784 Γραφή.

2075 4617 2367 4685 respuunt.
2392 4609 2580 4666 Refert
2610 4612 2756 4666 enim
2783 4616 2988 4685 Optime
3018 4616 3333 4673 discernere
3360 4621 3510 4674 inter
3531 4637 3663 4676 con-

2075 4683 2310 4764 verses,
2375 4701 2677 4756 secundum
2733 4705 2984 4759 ordinem
3043 4721 3080 4760 a-
3139 4709 3353 4764 sanctis
3411 4713 3664 4780 prazscri-

2074 4798 2252 4858 ptum.
2285 4789 2496 4847 Etenim
2527 4793 2621 4863 qui
2656 4809 2722 4848 ea
2755 4794 2870 4865 lege
2907 4806 3078 4866 agunt
3113 4807 3172 4852 ut
3203 4799 3413 4868 fugiant
3446 4801 3663 4857 labores

2073 4889 2130 4936 et
2165 4885 2497 4940 tentationes
2542 4888 2986 4954 persecutionum
3024 4899 3246 4958 promer
3285 4905 3525 4946 antorem
3560 4893 3658 4948 bo-

2073 4988 2296 5038 norum,
2337 4977 2420 5030 vel
2462 4975 2668 5045 gloria,
2713 4977 2800 5031 vel
2835 4979 3181 5049 voluptatum
3214 4983 3376 5036 morti
3409 4997 3468 5038 se
3499 4985 3658 5041 addi-

2072 5076 2206 5120 cunt
2227 5083 2242 5133 ;
2267 5067 2399 5122 mihi
2417 5070 2562 5123 enim
2585 5082 2710 5124 eum
2735 5070 3008 5141 discipulo
3036 5072 3237 5129 dilecto
3261 5075 3343 5132 fas
3367 5078 3658 5137 estdicere

2073 5172 2170 5212 eos
2203 5159 2295 5230 qui
2327 5175 2432 5214 non
2471 5161 2803 5215 conﬁtentur
2832 5161 3002 5217 Deum
3039 5179 3267 5235 peccare
3295 5168 3364 5223 ad
3395 5181 3652 5229 mortem.

2071 5248 2176 5314 Qui
2204 5264 2234 5305 e
2255 5261 2445 5305 contra
2476 5252 2617 5321 passi
2643 5262 2776 5310 sunt
2798 5258 3261 5327 persecutionem,
3287 5261 3526 5328 labores,
3557 5266 3656 5319 mi-

2071 5357 2172 5398 nas
2209 5352 2264 5398 et
2290 5345 2672 5411 contumelias,
2733 5347 2839 5403 alia
2879 5351 3132 5407 mercede
3181 5353 3657 5413 donabuntur.Ex

2072 5435 2254 5503 pueris
2271 5443 2324 5489 et
2341 5434 2624 5494 ﬁtfatrtulis
2647 5439 2738 5507 qui
2761 5439 3096 5509 ablati-sunt,
3115 5446 3208 5514 qui
3231 5448 3430 5502 mortui
3456 5448 3658 5504 fuerint

2071 5531 2816 5614 antequamintelligentiam
2865 5536 3178 5606 habuerint,
3215 5539 3344 5596 boni
3390 5541 3474 5597 vel
3526 5542 3655 5597 mali

2068 5621 2316 5686 omnino,
2349 5623 2512 5678 modo
2555 5625 2826 5696 baptisma
2863 5631 3194 5700 receperint,
3227 5632 3666 5688 misericorditer

2070 5717 2269 5786 pieque
2341 5732 2370 5771 a
2416 5717 2526 5773 Deo
2551 5719 2900 5791 recipiendos
2935 5722 3174 5778 confido.
3217 5724 3416 5780 Omnes
3469 5735 3656 5782 autem

384 5806 651 5882 inﬁdeles,
700 5807 816 5864 sive
879 5807 1022 5862 avita
1085 5806 1408 5866 inﬁdelitate
1470 5814 1786 5876 teneantur,
1843 5821 1968 5864 cum
2011 5805 2522 5880 dirutouihusjuste
2550 5812 3243 5882 condemnubunlur;sive
3279 5815 3467 5886 etian‘t,
3528 5818 3667 5874 olm»
