4056 6438
472 322 537 393 31
1178 320 1570 416 RESPQNSA
1618 323 1723 384 AD
1758 320 2213 385 GABRIE’LEM
2256 324 2997 397 PENTAPOLITANUM.

3588 342 3652 401 Pii
3664 344 3705 404 Ξ·

425 452 522 502 καὶ
554 444 666 498 τῶν
706 441 847 514 ὑπὲρ
876 443 976 512 τὴν
1024 442 1181 507 ἀξίαν
1223 443 1389 495 αὐτοῦ
1432 446 1864 515 περιφρονητὴς,
1904 446 1996 496 πό-

2103 455 2296 507 gercns
2323 459 2448 513 erga
2477 462 2561 500 res
2597 463 2703 502 non
2734 466 2887 511 suas.
2920 457 3131 517 quanto
3166 452 3334 520 magis
3361 455 3694 509 condemna-

430 556 509 607 σῳ
550 534 715 607 334
738 552 802 599 γε
828 536 1030 604 μᾶλλον
1067 535 1530 605 κατακριθήσεται
1557 539 1584 589 ό
1614 540 1672 588 ἐν
1701 540 1810 601 τοῖς
1840 537 2006 600 θείοις

424 632 519 683 καὶ
548 629 821 699 οὐρανίοις
869 628 1251 697 καταφρονῶν,
1285 630 1379 682 καὶ
1415 630 1654 698 μάλιστα
1679 632 1790 691 τοῖς
1838 630 2004 683 αὐτοῦ

422 720 518 774 τοῦ
550 719 685 773 Θεοῦ
723 720 885 789 μόνου
915 721 1139 788 ἔργοις;
1186 722 1295 774 Καὶ
1325 723 1372 775 εί
1404 724 1431 775 ὁ
1461 723 1698 786 ἀναξίως
1732 724 2007 776 κοινωνῶν

430 818 595 886 μόνον
643 816 991 885 κατάκριτος,
1034 818 1060 868 ό
1111 816 1205 866 καὶ
1252 815 1489 879 ἀναξίως
1543 816 1802 883 ἐνεργῶν,
1854 816 2005 883 πόσῳ

428 906 651 977 μᾶλλον.
684 902 795 959 Καὶ
835 906 1008 960 ταῦτα
1043 907 1142 976 μὲν
1185 910 1310 975 περὶ
1348 907 1454 959 τῶν
1489 909 1827 976 χειροτονίαν
1854 909 2007 973 δεξα-

429 1001 630 1068 μένων,
664 1000 861 1059 οἵτινες
920 1002 1029 1053 εἴτε
1086 1002 1371 1070 πρότερον,
1408 1001 1518 1053 εἴτε
1554 1000 1787 1070 ὕστερον
1826 1003 2009 1071 ἥμαρ-

423 1113 536 1157 τον,
587 1095 795 1155 ἀνάξιοι
824 1095 1047 1154 πάντες.
1079 1097 1186 1148 Καὶ
1235 1097 1349 1162 εἴγε
1388 1101 1717 1164 μετανοῆσαι
1767 1099 1861 1149 καὶ
1903 1114 2009 1151 σω-

426 1187 581 1255 θῆναι
625 1187 774 1254 μέλει
817 1188 1023 1248 αὐτοῖς,
1061 1188 1460 1256 ἁποστήτωσαν
1499 1190 1748 1256 ἐνεργεῖν
1791 1188 1861 1241 τὰ
1908 1190 2007 1258 τῆς

428 1279 727 1349 ἱερωσύνης
779 1279 1060 1346 ἁγιώτατα
1112 1278 1270 1348 ἔργα,
1337 1280 1432 1333 καὶ
1490 1281 1549 1331 ἐν
1613 1281 2007 1352 ἐξομολογήσει

426 1376 522 1426 καὶ
550 1372 755 1436 πένθει,
783 1373 879 1423 τὸν
902 1371 1036 1423 Θεὸν
1066 1374 1277 1434 εαυτοῖς
1313 1371 1696 1428 ξλεούσθωσαν.
1728 1374 1865 1427 Οὐδὲ
1894 1378 2005 1447 γὰρ

425 1467 554 1520 ἄλλο
603 1484 654 1517 τι
704 1467 888 1526 αὐτοῖς
933 1466 1013 1527 είς
1053 1467 1364 1534 μετάνοιαν,
1393 1467 1442 1519 εἰ
1491 1469 1564 1537 μὴ
1612 1468 1827 1534 πρῶτον
1861 1470 2007 1523 παύ-

431 1577 629 1612 σωνται
680 1559 749 1612 τὰ
798 1562 896 1627 τῆς
956 1561 1259 1630 ἱερωσύνης
1306 1562 1572 1629 ἐνεργεῖν.
1632 1563 1695 1614 Εἰ
1748 1564 1806 1617 δέ
1860 1580 2007 1627 τινες

427 1654 820 1722 παραχωρήσει
856 1653 991 1705 Θεοῦ
1021 1656 1157 1721 πρὸς
1200 1653 1359 1707 τοῦτο
1399 1655 1568 1724 ἥκασι
1602 1655 1830 1725 τόλμης,
1863 1656 2005 1709 ῶστε

428 1749 673 1807 ἀπίστως
721 1746 813 1798 καὶ
853 1746 1127 1809 δυσσεϐῶς
1175 1748 1424 1815 (ἀπιστία
1465 1747 1572 1815 γὰρ
1625 1742 1689 1798 τὸ
1735 1746 2003 1813 τοιοῦτον)

428 1840 595 1908 χωρὶς
649 1838 741 1891 τοῦ
802 1838 1102 1909 ἱερωσύνης
1156 1838 1487 1908 χειροτονίαν
1537 1838 1741 1903 λαϐεῖν,
1798 1838 1867 1890 τὰ
1905 1838 2003 1905 τῆς

430 1933 729 2001 ἱερωσύνης
763 1933 1082 2000 διενεργείν,
1112 1932 1211 1984 οὐκ
1241 1932 1357 1984 ἔστι
1391 1932 1550 1998 λόγος
1572 1934 1747 1984 εἰπεῖν
1778 1932 1844 1985 τὰ
1872 1932 1999 2001 περὶ

425 2027 521 2093 τῆς
562 2025 942 2093 κατακρίσεως
996 2022 1091 2075 τοῦ
1140 2025 1404 2078 τοιούτου.
1436 2025 1634 2092 Χεῖρον
1685 2024 1793 2093 γὰρ
1842 2024 2001 2076 τοῦτο

423 2118 484 2170 τὸ
512 2119 671 2189 ἔργον
699 2119 793 2170 καὶ
822 2118 1034 2170 ἀσεϐῶν
1061 2118 1260 2183 αὐτῶν,
1290 2117 1383 2170 καὶ
1414 2119 1576 2185 μόνον
1614 2118 1886 2186 δαιμόνων
1920 2119 1999 2179 είς

424 2213 654 2279 ἄγγελον
710 2211 887 2279 φωτὸς
952 2211 1609 2280 μετασχηματιζομένων,
1665 2211 1741 2279 μὴ
1800 2211 1993 2268 ὄντων,

424 2305 518 2357 καὶ
547 2304 613 2356 τὰ
642 2303 736 2355 τοῦ
779 2303 915 2355 Θεοῦ
960 2302 1427 2371 ὑποκρινομένων,
1460 2302 1638 2354 ἀθέων
1668 2302 1859 2365 ὄντων,
1900 2300 1999 2353 καὶ

425 2394 705 2449 ἀντιθέων.
738 2396 799 2447 Οί
842 2393 1078 2447 τοιοῦτοι
1130 2396 1190 2446 οὐ
1247 2397 1408 2464 μόνον
1460 2390 1554 2447 οὖν
1596 2396 1862 2463 μεγίστην
1904 2393 1997 2445 καὶ

424 2489 662 2558 ἇρῤητον
704 2492 1103 2559 ὑποστήσονται
1154 2490 1449 2558 τιμωρίαν,
1499 2490 1640 2542 κατὰ
1686 2490 1795 2541 τῶν
1835 2488 1998 2541 θείων

419 2582 562 2635 οὕτω
604 2583 667 2652 δὴ
716 2584 1228 2651 βλασφημήσαντες,
1263 2584 1324 2636 οὐ
1357 2585 1464 2653 γὰρ
1501 2584 1678 2651 φωναὶ
1732 2583 1874 2634 θεῖαι
1926 2584 1997 2634 τὰ

420 2670 552 2735 παρ’
576 2669 779 2734 αὐτῶν,
803 2671 925 2724 οὐδὲ
979 2672 1099 2724 θεῖα
1137 2673 1297 2741 ἔργα,
1331 2673 1629 2742 ἐπειδήπερ
1664 2674 1830 2742 χάριν
1876 2691 1991 2741 χει-

422 2765 663 2832 ροτονίας
687 2766 787 2817 οὐκ
812 2765 1052 2833 ἔχουσιν,
1081 2766 1216 2818 ἀλλὰ
1242 2769 1338 2817 καὶ
1365 2766 1519 2834 δίκην
1556 2766 1799 2818 τίσουσιν
1827 2766 1995 2835 ἄλλην

418 2855 581 2908 ἕνεκα
630 2858 739 2909 τῶν
776 2859 868 2910 ὑπ’
918 2858 1096 2910 αὐτῶν
1145 2859 1597 2927 ἐξηπατημένων,
1634 2860 1728 2910 καὶ
1766 2860 1798 2929 ἢ
1834 2859 1994 2926 δῆθεν

419 2952 847 3017 βαπτισθέντων,
900 2952 929 3021 ἢ
987 2953 1497 3021 χειροτονηθέντων.
1532 2946 1691 3006 Οὗτοι
1737 2952 1845 3022 γὰρ
1901 2955 1995 3003 καὶ

418 3044 820 3113 ἀχειροτόνητοι
880 3046 972 3096 καὶ
1030 3045 1375 3099 ἁϐἅπτιστοι,
1432 3047 1598 3099 Οὐδὲν
1660 3046 1766 3115 γὰρ
1829 3046 1857 3097 ό
1917 3048 1992 3116 μὴ

2117 532 2266 588 bitur
2293 539 2385 605 qui
2414 542 2814 596 contumeliose
2845 558 2934 596 res
2965 544 3182 597 divinas
3218 554 3270 597 et
3313 548 3565 601 etelo-stcs
3593 558 3702 601 tra-

2115 634 2246 690 ctat,
2273 637 2325 681 et
2346 631 2487 697 quod
2510 631 2865 687 {mdissimum
2885 643 3031 688 estet
3051 636 3544 705 lmprobisssimum
3570 655 3697 709 erga

2115 716 2233 783 ipsa
2289 734 2456 788 opera
2494 724 2593 777 soli
2630 725 2747 777 Deo
2773 732 2986 795 propria
3021 728 3043 781 ?
3088 727 3151 779 Et
3199 728 3245 782 si
3282 734 3699 784 comtuunimms

2116 816 2332 864 tantum
2387 815 2605 883 indigne
2649 819 3072 882 condemnatur,
3137 822 3310 873 multo
3374 827 3547 892 magis
3604 826 3696 893 qui

2118 901 2341 972 indigne
2371 914 2591 962 tractat.
2633 909 2700 961 Et
2738 912 2851 966 luce
2904 912 2971 965 de
3005 914 3110 968 illis
3145 915 3237 981 qui
3295 916 3696 969 ordinationem

2117 1008 2466 1063 receperunt,
2486 1000 2600 1055 sive
2622 1012 2749 1057 ante
2778 1018 3063 1074 susceptos
3081 1008 3299 1060 ordines
3327 1012 3694 1076 peccaverint,

2114 1087 2230 1141 sive
2264 1099 2405 1155 post,
2437 1107 2627 1147 omnes
2665 1096 2870 1164 indigni
2902 1117 2915 1162 ;
2943 1101 2985 1152 si
3016 1100 3177 1153 tnodo
3200 1099 3334 1167 ipsis
3364 1101 3696 1169 pteniteutire

2114 1187 2168 1232 et
2196 1182 2391 1237 salutis
2418 1199 2548 1239 cura
2580 1192 2957 1255 supervenerit
2992 1194 3250 1247 recedant
3302 1195 3370 1248 ah
3396 1198 3696 1248 exercendo

2123 1276 2476 1330 sanctissima
2530 1279 2821 1335 sacerdotii
2854 1298 3043 1352 opera,
3081 1295 3134 1339 et
3167 1288 3216 1339 in
3249 1287 3596 1342 confessione
3645 1300 3697 1341 et

2112 1359 2284 1424 luctu,
2305 1364 2470 1418 Deum
2491 1368 2591 1421 sibi
2613 1372 2905 1439 propitium
2928 1375 3173 1429 reddant.
3196 1376 3328 1430 Nam
3364 1387 3486 1431 ante
3518 1383 3695 1447 [ιωηὶ-

2114 1454 2338 1508 tentiam
2373 1459 2673 1515 ministerio
2703 1479 2864 1517 sacro
2894 1467 3195 1522 valedicere
3226 1468 3446 1525 debent.
3474 1472 3528 1525 Si
3567 1488 3708 1525 vero

2114 1549 2338 1617 quidam
2370 1552 2725 1618 permissione
2752 1558 2843 1611 Dei
2868 1575 2932 1612 eo
2961 1560 3317 1616 dementiazet
3345 1564 3696 1633 impudentiae

2114 1642 2482 1707 pervenerint.
2537 1652 2615 1707 ut,
2673 1648 2831 1701 lhlem
2887 1649 3219 1718 abnegantes
3271 1654 3416 1721 (ﬁdei
3481 1657 3697 1725 negatio

2115 1733 2348 1801 esthoc)
2382 1745 2436 1788 et
2475 1737 2815 1807 religionem,
2875 1745 3123 1810 privatim
3182 1748 3476 1799 sacerdotii
3538 1748 3690 1802 ordi-

2107 1841 2233 1879 nem
2268 1830 2587 1898 suscipiant,
2623 1844 2920 1887 etmunera
2949 1851 3239 1891 exercemt
3295 1840 3473 1909 lingua
3502 1852 3553 1894 et
3591 1858 3697 1895 vox

2112 1921 2377 1976 deficiunt
2410 1925 2474 1977 ad
2504 1925 2795 1980 dicendum
2817 1940 3075 1996 quantam
3102 1936 3695 1990 mereanturcondem-

2113 2015 2415 2068 nationem.
2456 2019 2623 2086 Pejus
2670 2022 2812 2074 enim
2849 2022 3054 2077 faciunt
3081 2042 3242 2093 quam
3280 2029 3488 2096 ipsimct
3517 2030 3689 2098 impii;

2110 2112 2185 2166 et,
2223 2107 2368 2174 quod
2438 2112 2567 2164 solis
2628 2114 2902 2181 prepriutn
2943 2125 3027 2169 est
3081 2118 3441 2186 dammnibus,
3495 2123 3588 2190 qui
3636 2137 3696 2176 se

2109 2200 2503 2268 trausligurant
2564 2205 2616 2258 in
2667 2208 2891 2275 angelos
2951 2208 3196 2275 luminis,
3250 2228 3371 2266 cum
3408 2214 3514 2268 sint
3541 2223 3694 2269 tene-

2110 2292 2257 2345 hrosi
2309 2295 2560 2364 spiritus,
2624 2298 2709 2352 isti
2764 2302 3312 2368 psi-ndo-saccrdotes
3369 2322 3530 2375 opera
3596 2307 3697 2360 Dei

2111 2388 2373 2438 simulant
2415 2405 2533 2441 runt
2589 2405 2711 2445 vere
2762 2393 2907 2447 athei
2956 2396 3065 2449 sint
3109 2407 3160 2449 et
3190 2398 3279 2451 Dei
3342 2398 3571 2451 inimici.
3624 2399 3687 2453 lli

2106 2488 2287 2532 autem
2308 2495 2410 2531 non
2436 2485 2596 2538 modo
2616 2500 2830 2552 poenam
2859 2488 3006 2540 luent
3026 2490 3316 2543 maximam
3341 2493 3691 2545 ctinenarra-

2108 2570 2290 2634 bilem,
2329 2587 2425 2640 pro
2455 2576 2618 2627 tantis
2642 2577 2694 2628 in
2717 2579 2899 2629 divina
2929 2578 3278 2647 hlasphemiis
3301 2596 3314 2645 ;
3340 2597 3449 2634 nou
3486 2583 3688 2635 habent

2106 2662 2250 2715 enim
2281 2681 2463 2717 vocem
2496 2666 2609 2731 Dei,
2672 2684 2771 2722 nec
2832 2685 2991 2739 agere
3058 2685 3289 2740 possunt
3350 2672 3441 2727 Dei
3495 2690 3683 2744 opera,

2113 2768 2235 2807 cum
2291 2771 2567 2819 tmuquam
2638 2761 2931 2815 habuerint
2980 2764 3211 2831 gratiam
3249 2765 3511 2831 ordinis;
3589 2770 3683 2824 sed

2106 2844 2514 2916 iusuperaliam
2569 2851 2774 2904 dabunt
2864 2868 3075 2919 pmnam
3125 2866 3349 2923 prepter
3408 2871 3501 2908 eos
3546 2872 3685 2927 quos

2107 2941 2441 3009 deet-perunt
2480 2954 2535 2997 et
2564 2960 2705 3011 quos
2736 2954 2885 2998 certe
2914 2954 3005 2999 aut
3042 2945 3439 3015 baptizaverint
3465 2964 3559 3012 aut
3595 2967 3685 3004 0r-

2106 3032 2433 3086 (linat'ct'ittt.
2473 3035 2563 3087 Isti
2608 3036 2829 3104 quidem
2850 3053 2946 3091 nec
2976 3040 3215 3093 ordinati
3244 3055 3342 3095 nec
3376 3043 3635 3111 haptizati
3664 3060 3681 3100 :

422 3137 558 3204 ἔχων
590 3138 794 3201 δίδωσι,
834 3139 925 3190 καὶ
969 3139 1121 3190 οὐδέν
1167 3157 1252 3200 τις
1296 3140 1565 3206 λαμϐάνει
1602 3140 1753 3207 παρὰ
1792 3139 1888 3192 τοῦ
1921 3141 1995 3210 μὴ

2106 3139 2264 3177 nemo
2300 3126 2444 3179 enim
2481 3129 2614 3180 dare
2643 3138 2821 3196 potest
2846 3132 2992 3198 quod
3026 3148 3131 3186 non
3168 3134 3369 3200 habet;
3420 3144 3475 3189 et
3522 3153 3685 3191 nemo

421 3228 655 3297 ἔχοντος,
687 3231 791 3283 κᾶν
830 3230 1029 3303 νομίζῃ
1066 3231 1211 3299 ἔχειν
1247 3233 1430 3284 αὐτόν.
1456 3232 1622 3285 Ὅθεν
1653 3234 1747 3284 καὶ
1780 3232 2000 3301 ἀπατη-

420 3321 553 3383 θεὶς.
587 3322 680 3374 κα)⁸
713 3323 985 3375 πιστεύων
1036 3317 1180 3375 εἶναι
1224 3322 1661 3392 βεϐαπτισμένος
1709 3325 1742 3394 ἢ
1794 3326 1996 3392 ἱερεὺς,

415 3412 518 3464 οὐκ
544 3411 680 3472 ἔστι,
730 3413 825 3465 καὶ
874 3413 972 3482 τῆς
1024 3413 1301 3475 ἀπωλείας
1360 3413 1552 3465 τούτου
1613 3416 1641 3465 ό
1702 3416 1997 3482 ἀπατήσας

416 3506 613 3567 αἴτιος.
643 3506 715 3557 0.3
773 3505 881 3574 γὰρ
936 3506 1223 3574 ἄνθρωπός
1280 3523 1332 3557 τι
1383 3506 1629 3569 δύναται,
1687 3506 1759 3575 μὴ
1814 3506 1996 3558 λαϐὼν

417 3598 570 3665 παρὰ
596 3597 689 3649 τοῦ
721 3597 875 3650 Θεοῦ.
905 3598 1086 3667 Χωρὶς
1121 3598 1255 3669 ἐμοῦ
1287 3600 1415 3669 γὰρ,
1451 3600 1636 3669 φησιν,
1670 3599 1731 3651 οὐ
1762 3600 1995 3652 δύνασθε

417 3691 589 3741 π-ιιεῖν
616 3691 788 3743 οὐδέν.

490 3783 625 3852 Περὶ
667 3782 724 3834 δέ
778 3798 841 3849 γε
885 3782 1257 3851 πνευματικοῦ
1308 3782 1800 3854 λειτουργήματοξν
1828 3785 1995 3852 ἐγγὺς

414 3873 511 3925 τοῦ
570 3875 1001 3943 ἀχειροτονήτως
1058 3875 1408 3944 ἐνεργοῦντος
1460 3877 1539 3945 τῷ
1602 3878 1993 3945 ἁμαρτήματι,

416 3964 509 4018 and.
550 3969 577 4018 ὁ
623 3966 746 4035 δίχα
796 3969 1110 4036 προτροπῆς
1149 3967 1456 4035 ἀρχιερέως
1511 3966 1604 4019 καὶ
1656 3969 1995 4036 ἐντάλματος

414 4060 677 4128 ἐνεργῶν.
708 4060 827 4112 Ὅτι
855 4059 1015 4111 τοῦτο
1044 4060 1103 4112 τὸ
1148 4057 1297 4111 λύειν
1334 4076 1389 4111 τε
1424 4061 1518 4114 καὶ
1552 4060 1792 4128 δεσμεῖν,
1834 4063 1995 4131 μόνον

414 4154 522 4204 τῶν
579 4154 894 4205 ἐπισκόπων
958 4153 1097 4217 ἐστὶ,
1154 4153 1251 4205 καὶ
1307 4154 1557 4223 διάφοροι
1620 4156 1749 4223 περὶ
1796 4153 1992 4207 τούτου

415 4245 633 4307 κανόνες
692 4245 843 4313 φασί.
883 4246 993 4298 Καὶ
1044 4245 1207 4313 δῆλον
1255 4246 1331 4306 ὡς
1378 4247 1472 4299 καὶ
1514 4249 1626 4309 τοῖς
1672 4247 1993 4310 ἀποστόλοις

417 4339 596 4406 μόνοις
628 4336 785 4389 τοῦτο
818 4338 1027 4391 δέδοται
1057 4340 1206 4408 παρὰ
1237 4340 1482 4408 Χριστοῦ
1512 4340 1606 4393 τοῦ
1634 4341 1771 4393 Θεοῦ
1797 4344 1954 4410 ἡμῶν
1973 4355 1988 4371 ⁸

2106 3217 2322 3284 aliquod
2377 3221 2518 3274 valet
2548 3224 2794 3291 accipere
2824 3239 2851 3275 a
2888 3240 2993 3277 non
3036 3227 3268 3281 habente.
3337 3230 3440 3283 etsi
3494 3234 3685 3286 credat

2107 3308 2259 3361 illum
2286 3312 2506 3365 habere.
2553 3314 2702 3368 Unde
2739 3327 2790 3370 et
2820 3319 3081 3386 deceptus
3099 3329 3202 3385 est,
3232 3331 3283 3375 et
3309 3324 3537 3378 credens
3564 3340 3685 3381 esse

2104 3402 2412 3470 baptizatus
2441 3407 2519 3458 vel
2556 3413 2819 3462 sacerdos
2848 3412 3070 3465 minime
3093 3423 3178 3467 est
3215 3432 3229 3468 :
3262 3425 3315 3467 et
3355 3417 3515 3484 hujus
3566 3420 3683 3472 rui-

2102 3510 2184 3547 n:e
2224 3512 2388 3549 causa
2439 3509 2521 3551 est
2578 3502 2864 3568 impostor.
2901 3503 3077 3557 Homo
3112 3508 3253 3560 enim
3306 3508 3441 3562 nihil
3483 3521 3681 3579 potest.

2102 3603 2263 3655 quam
2289 3590 2433 3653 quod
2459 3606 2486 3641 τι
2527 3592 2635 3645 Deo
2668 3596 2875 3660 accepit
2942 3594 3143 3649 facere.
3175 3615 3194 3648 ι
3229 3597 3360 3653 Sine
3400 3617 3486 3655 me
3542 3604 3683 3657 nihil

2100 3683 2334 3749 potestis
2356 3680 2532 3735 facere
2554 3683 2615 3743 ἰ,
2649 3703 2667 3735 ι
2699 3685 2833 3737 dicit
2858 3688 3136 3742 Dominus.
3280 3678 3285 3683 ί

2169 3774 2250 3826 Ad
2294 3774 2653 3828 ministerium
2711 3790 2923 3831 sacrum
2970 3782 3114 3849 quod
3155 3783 3370 3846 attinet,
3403 3784 3542 3839 i’em
3594 3797 3682 3840 est

2099 3864 2276 3932 quoad
2317 3876 2597 3933 peccatum
2639 3869 2704 3921 de
2726 3884 2792 3921 eo
2832 3870 2923 3937 qui
2956 3872 3230 3925 ministrat
3257 3876 3463 3942 alisque
3532 3879 3680 3930 (ιι-ΛΞ-

2098 3956 2322 4009 natione
2372 3966 2426 4010 et
2466 3958 2532 4011 de
2570 3974 2635 4013 co
2666 3962 2759 4029 qui
2797 3962 2906 4029 agit
2938 3962 2991 4015 in
3025 3966 3203 4018 sacris
3240 3967 3679 4024 sine'admonitu

2100 4047 2183 4100 vel
2224 4048 2471 4114 iussione
2529 4051 2931 4121 ιιι-οιιίρρξεουρὶ
2967 4070 2981 4106 :
3011 4056 3137 4123 quia
3169 4056 3380 4111 solvere
3413 4070 3468 4111 et
3508 4060 3679 4127 ligare

2098 4140 2271 4193 solum
2300 4143 2684 4211 episcoporum
2716 4154 2824 4208 est,
2857 4155 2916 4198 ut
2964 4148 3167 4202 diversi
3193 4149 3262 4202 de
3318 4150 3422 4205 hoc
3474 4153 3678 4206 habent

2095 4247 2353 4290 canones.
2396 4234 2457 4287 Et
2496 4236 2627 4290 illud
2663 4248 2872 4292 certum
2922 4241 3067 4308 quod
3093 4243 3224 4297 solis
3246 4246 3507 4309 apostolis
3536 4246 3680 4302 hanc

2096 4322 2416 4394 potestatem
2438 4328 2853 4387 deditChristus
2879 4332 3022 4387 Deus
3040 4344 3227 4390 noster
3257 4355 3270 4390 :
3297 4341 3677 4407 apostolorum

410 4430 521 4482 τῶν
568 4430 882 4483 ἀποστόλων
907 4431 965 4483 δὲ
1014 4432 1249 4501 διάδοχοι
1301 4434 1351 4485 οι
1398 4433 1710 4486 ἐπίσκοποι.
1746 4434 1911 4487 Ὅθεν
1941 4434 1990 4486 οί

2103 4428 2278 4471 autem
2298 4434 2650 4477 successores
2676 4432 2806 4477 sunt
2825 4428 3089 4494 episcopi.
3121 4426 3273 4483 Unde
3290 4439 3344 4483 et
3369 4433 3673 4502 presbyteri

415 4523 779 4592 πρεσϐύτεροι
833 4523 908 4584 ὡς
955 4526 1064 4576 τῶν
1125 4525 1496 4594 ἑϐδομήκοντα
1550 4528 1649 4594 τὴν
1682 4525 1835 4589 τάξιν
1867 4530 1991 4581 ἐπέ-

410 4630 621 4684 χοντες,
652 4615 752 4667 οὐκ
780 4615 994 4685 ἔχουσιν
1021 4616 1206 4669 ἄδειαν
1234 4617 1456 4685 Πνεῦμα
1489 4617 1712 4680 διδόναι,
1742 4620 1990 4673 τουτέστι

410 4707 596 4776 χάριν,
632 4708 730 4759 καὶ
772 4706 804 4776 ἢ
853 4711 1201 4776 χειροτονεῖν,
1238 4709 1271 4777 ἢ
1322 4710 1493 4777 μύρον
1548 4711 1738 4773 ποιεῖν,
1774 4709 1990 4778 ἢλύσιν

411 4799 611 4852 διδόναι
660 4801 947 4869 ἁμαρτιῶν
980 4801 1039 4853 ὲν
1089 4802 1391 4870 Πνεύματι,
1425 4804 1501 4866 ὡς
1542 4803 1661 4855 οὐδὲ
1714 4805 1986 4867 Φίλιππος

410 4888 521 4941 τῶν
556 4889 694 4941 ἑπτὰ
722 4889 950 4957 ἠδύνατο
995 4890 1187 4944 τοῦτο·
1221 4894 1465 4945 ἐπιθέσει
1515 4894 1571 4946 δὲ
1618 4896 1821 4965 χειρῶν
1878 4896 1987 4947 ἐδί-

409 4983 503 5034 δου
549 4980 717 5034 τοῦτο
762 4984 970 5053 Πάτρος
1006 4986 1103 5038 καὶ
1145 4984 1422 5054 Ἰωάννης,
1460 4989 1556 5038 καὶ
1585 4989 1634 5039 οί
1674 4987 1853 5039 λοιποὶ
1885 4988 1985 5056 τῆς

408 5075 708 5138 δωδεκάδος
761 5076 1071 5143 ἀπόστολοι,
1108 5079 1202 5130 καὶ
1246 5080 1293 5130 οἱ
1349 5078 1555 5132 τούτων
1599 5079 1836 5148 διάδοχοι
1890 5080 1989 5146 τῆς

408 5167 739 5236 ἐπισκοπῆς.
771 5169 934 5221 Ὅθεν
975 5172 1070 5222 κοιλ⁸
1103 5173 1166 5222 ἐκ
1191 5171 1301 5222 τῶν
1328 5172 1704 5241 ἐϐδομήκοντα
1747 5172 1981 5234 πολλοὺς

410 5255 637 5326 ὕστερον
688 5257 834 5310 οῦτοι
874 5260 1212 5323 ἐπισκόπους
1258 5262 1697 5332 ἐχειροτόνησαν.
1753 5264 1845 5313 Διὸ
1889 5262 1991 5314 οὐκ

410 5349 593 5417 ἔχουσι
636 5352 700 5420 τῇ
735 5351 1041 5419 χειροτονία
1081 5352 1141 5403 τὸ
1179 5352 1328 5406 λύειν
1366 5355 1463 5406 καὶ
1511 5355 1731 5422 δεσμεῖν
1761 5356 1809 5406 0i
1849 5372 1983 5423 πρε-

410 5441 686 5510 σϐύτεροι,
719 5443 832 5494 ἀλλ’
859 5445 910 5496 οἱ
943 5445 1230 5498 ἐπίσκοποι
1264 5446 1432 5514 μόνοι.
1471 5449 1763 5516 Προτροπῇ
1799 5446 1985 5515 μέντοι

406 5532 523 5586 τῶν
574 5536 893 5588 ἐπισκόπων
936 5538 1057 5605 ἦτοι
1104 5539 1398 5608 ἐντάλματι
1457 5540 1579 5592 κατ’
1613 5540 1877 5608 ἀνάγκην.
1909 5540 1985 5601 ὡς

408 5625 459 5677 οξ
498 5626 722 5689 κανόνες
769 5629 919 5695 φασὶ,
954 5627 1205 5683 δύνανται
1256 5631 1416 5684 τοῦτο
1445 5633 1562 5702 ,καὶ
1615 5632 1981 5700 πρεσϐύτεροι

484 5814 525 5843 ¹¹
552 5813 709 5869 Joan.
742 5832 828 5883 xv,
856 5817 903 5870 ὅ.

2098 4512 2192 4578 qui
2219 4513 2411 4565 horum
2457 4516 2799 4584 septuaginta
2845 4517 3246 4588 discipulorum
3280 4521 3457 4576 locum
3490 4531 3681 4577 tonent

2062 4620 2203 4661 ,που
2232 4612 2460 4675 possunt
2503 4604 2767 4674 Spiritum
2814 4606 2966 4670 dare,
2989 4610 3193 4663 hocest
3230 4613 3679 4681 gratiamneque

2096 4701 2376 4767 ordinare,
2403 4715 2578 4769 neque
2605 4700 2785 4755 oleum
2823 4716 3169 4765 consecrare.
3209 4718 3385 4771 neque
3443 4706 3678 4758 absolu-

2094 4794 2297 4849 tionem
2336 4803 2689 4864 peccatorum
2744 4794 3050 4849 concedere
3107 4797 3159 4848 in
3212 4794 3468 4861 Spiritu;
3526 4797 3675 4850 sicut

2093 4900 2193 4941 nec
2254 4885 2538 4956 Philippus
2574 4888 2751 4955 potuit
2780 4902 2921 4941 unus
2965 4901 2995 4939 e
3029 4894 3237 4954 septem
3282 4887 3547 4952 diaconis,
3576 4892 3672 4944 8rd

2090 4978 2192 5034 hoc
2244 4980 2588 5033 donaverunt
2642 4979 2837 5033 Petrus
2911 4985 2967 5032 et
3027 4977 3267 5034 Joannes
3324 4981 3670 5047 itnpositione

2088 5084 2371 5133 manuum,
2432 5077 2487 5123 et
2539 5069 2721 5121 caeteri
2753 5068 2987 5137 apostoli
3028 5082 3057 5121 e
3092 5082 3321 5122 numero
3350 5069 3663 5133 duodecim,

2088 5169 2143 5214 et
2177 5176 2368 5213 eorum
2404 5174 2751 5215 successores
2781 5160 2835 5212 in
2856 5159 3198 5227 epise0patu.
3224 5160 3379 5216 Unde
3406 5174 3459 5216 ct
3482 5163 3671 5231 plures

2089 5267 2119 5305 e
2156 5253 2499 5319 septuaginta
2535 5249 2643 5303 illis
2664 5250 2897 5320 apostoli
2936 5252 3331 5305 ordinaverunt
3351 5254 3664 5322 episcopos.

2090 5340 2269 5403 Quare
2298 5341 2348 5393 vi
2377 5340 2747 5395 ordinationis
2784 5343 3088 5412 presbyteri
3140 5360 3246 5396 non
3302 5354 3533 5413 possunt
3558 5346 3671 5399 sol-

2087 5449 2213 5487 vere
2245 5445 2296 5486 et
2321 5432 2512 5501 ligare.
2569 5446 2800 5502 possunt
2841 5447 2970 5488 vero
3005 5435 3243 5505 episcopi
3295 5437 3668 5491 solummodo.

2086 5530 2384 5584 Admonitu
2415 5539 2599 5584 autem
2650 5532 3034 5601 episcoporum
3095 5532 3179 5586 vel
3236 5534 3502 5603 jussione,
3535 5546 3669 5586 cum

2088 5626 2393 5681 necessitas
2419 5624 2601 5691 fuerit,
2624 5626 3074 5705 sanctiﬁcan‘ones
3100 5628 3285 5681 volunt
3318 5626 3675 5697 presbyteros
