4056 6432
386 339 492 405 3.95
1135 341 1531 404 RESPONSA
1582 342 1684 404 AD
1714 342 2184 408 GABR-IE-LEM
2226 347 2958 426 PENTAPOLITANUM.
3561 371 3666 433 866

383 453 630 524 ρωμένον
659 453 862 523 γνῶναι
903 454 1003 526 τὴν
1038 454 1175 509 ίδίαν
1209 459 1466 524 γυναῖκα,
1499 473 1570 509 κα
1635 457 1758 509 κατ’
1794 457 1967 528 αὐτὴν

2102 478 2256 533 ugem
2291 481 2446 522 suam
2475 484 2825 540 cegnoscere,
2865 488 2919 530 et
2945 477 3242 543 praesertim
3291 479 3380 534 die
3411 496 3519 550 quo
3575 500 3666 540 sa-

371 547 472 616 τὴν
524 549 741 617 ἡμέραν
806 549 1250 620 ίερουργῆσαι.ἦ
1309 550 1446 618 μετὰ
1499 550 1558 603 τὸ
1613 550 1967 620 ίερουργῆσαι

373 639 580 705 γνῶναι
608 641 803 710 αὑτήν.
835 641 913 694 Τά
936 642 1162 694 τοιαῦτα
1186 641 1298 712 γὰρ
1327 641 1646 712 ἀδιαφορίας
1667 645 1768 696 ικαὶ
1796 646 1968 714 ἀκρκσ·

376 732 500 793 σίας
533 731 670 800 ἔργα
703 732 860 788 εἰσίν.
906 733 964 787 Ὀ
989 734 1044 787 δὲ
1091 733 1492 803 ἀγωνιζόμενος
1526 735 1706 787 πάντα
1763 737 1963 806 ἐγκρα-

373 822 612 884 τεύεται,
645 827 672 877 6
700 825 910 886 Παῦλος
938 826 1118 894 φησίν.
1142 826 1204 878 El
1235 821 1329 878 οὖν
1354 827 1466 889 τοῖς
1499 826 1775 896 θεωρῆσαι
1799 829 1962 896 μόνον

373 913 698 981 ἠξιωμένοις
729 914 1129 982 καπνιζόμενον
1153 917 1210 967 τὸ
1233 914 1360 984 ὅρος
1383 909 1549 977 Σινᾶ,
1583 918 1678 969 καὶ
1708 917 1806 986 τῆς
1851 935 1965 986 φω-

376 1005 474 1068 νῆς
503 1005 808 1057 ἐπακοῦσαι
841 1006 938 1073 τῆς
973 1006 1292 1074 σάλπιγγος,
1327 999 1677 1075 παραγγελία
1708 1007 1960 1075 γέγονεν,

377 1095 518 1148 ὥστε
572 1097 632 1149 ὲν
690 1099 867 1165 τρισὶν
921 1098 1156 1168 ἡμέραις
1214 1099 1288 1169 μὴ
1337 1100 1664 1166 προσελθεῖν
1717 1101 1962 1168 γυναικὶ,

379 1189 473 1238 καὶ
538 1189 566 1239 6
635 1189 928 1256 άρχ-ερεὺς
994 1189 1258 1259 ’Δϐιάθαρ
1318 1190 1613 1260 ζητήσαντι
1668 1191 1746 1259 τῷ
1796 1190 1964 1245 Δαϐὶδ

378 1279 505 1342 τοὺς
551 1281 649 1347 τῆς
693 1279 1005 1346 προθέσεως
1053 1281 1253 1348 ἄρτους
1304 1284 1521 1348 φαγεῖν,
1569 1282 1825 1352 ἠρώτησε
1885 1285 1960 1353 μή

381 1386 513 1422 ποτε
550 1371 800 1440 εἰσῆλθον
827 1373 905 1434 είς
944 1375 1182 1438 γυναῖκα
1209 1371 1353 1427 κατὰ
1384 1374 1482 1444 τὴν
1518 1374 1689 1428 νύκτα
1720 1375 1960 1444 ἐκείνην,

382 1464 477 1515 καὶ
521 1462 982 1531 ὁμολογησάντων
1023 1465 1101 1534 μὴ
1159 1464 1450 1530 εἰσελθεῖν,
1503 1468 1625 1518 τότε
1673 1466 1735 1536 δὴ
1769 1468 1966 1538 τεθάρ-

2077 559 2188 613 cris
2224 558 2442 618 functus
2498 573 2583 619 est
2626 580 2744 619 eam
2796 570 2964 621 adire.
3002 569 3126 624 Haec
3188 581 3318 626 sunt
3360 587 3524 642 Opera
3584 577 3665 630 rel

2077 649 2452 707 indi-Heremias
2499 655 2576 708 vel
2619 655 3065 726 intemperantia.
3103 660 3362 728 Quienim
3401 664 3452 717 in
3494 679 3670 735 agone

2077 744 2355 799 contendit
2386 746 2452 799 ab
2487 748 2738 802 omnibus
2786 764 2843 802 so
2884 752 3145 819 abstinet,
3189 754 3321 808 dicit
3356 753 3558 810 Paulus
3600 757 3665 810 ".
3733 819 3748 839 η

2078 833 2133 889 Si
2168 837 2330 901 igitur
2363 847 2420 891 ut
2452 838 2701 894 riderent
2728 842 3323 900 solummodouiontem
3349 846 3496 903 Sinai
3523 849 3670 902 fumo
3732 833 3744 903 ξ

2077 929 2415 995 obvolutum,
2449 941 2500 984 et
2533 934 2786 987 audirent
2818 950 3014 989 sonum
3054 938 3298 992 buccime
3327 940 3490 1008 digne
3531 957 3668 1009 pra:-

2076 1021 2299 1088 parandi
2328 1035 2505 1082 erant,
2537 1032 2590 1076 et
2625 1024 2730 1079 illis
2764 1028 3139 1096 prteseriptum
3196 1028 3370 1082 fuerat
3400 1047 3466 1084 ne
3492 1032 3667 1086 tribus

2078 1112 2270 1165 dielms
2329 1116 2830 1184 appropinquarent
2879 1119 3136 1172 uxoribus
3172 1119 3264 1150 ’³⁸³
3299 1131 3392 1173 :et
3433 1122 3478 1174 si
3521 1137 3669 1173 sum-

2077 1219 2198 1258 mus
2229 1205 2470 1273 pontifex
2506 1207 2768 1261 Abiathar
2812 1211 3103 1279 postulanti
3135 1211 3297 1265 David
3335 1223 3393 1266 ut
3425 1213 3658 1267 matIdu.

2075 1304 2225 1347 caret
2259 1311 2424 1364 panes
2461 1299 2868 1366 propositionis,
2921 1304 3200 1372 respondit
3249 1319 3498 1370 qttzereus
3536 1321 3664 1357 num

2075 1379 2216 1434 forte
2254 1383 2582 1438 intraverint
2621 1387 2687 1439 ad
2723 1389 2982 1458 coniuges
3048 1392 3160 1460 ipsa
3196 1401 3355 1447 nocte.
3381 1433 3395 1458 ,
3450 1405 3505 1447 et
3538 1411 3664 1448 cum

2075 1474 2506 1526 asseveraverint
2536 1491 2592 1529 se
2623 1478 3066 1544 noniutravisse,
3123 1491 3251 1534 tunc
3305 1498 3412 1534 non
3457 1483 3674 1535 dubita-

385 1557 553 1625 ρηκεν
615 1551 798 1616 αὑταῖς
873 1554 1057 1607 δοῦναι
1116 1557 1197 1618 εἰς
1253 1551 1457 1626 βρῶσιν
1521 1558 1648 1620 τοὺς
1698 1560 1964 1622 τυπικοὺς

385 1647 629 1708 ἐκείνους
657 1647 859 1715 ἄρτους
885 1664 899 1678 ο
932 1647 1013 1710 τίς
1039 1646 1148 1717 ἄρα
1175 1649 1474 1718 τολμητίας
1497 1650 1753 1703 τοσοῦτον
1786 1651 1961 1716 ἔσται,

385 1739 528 1792 ὥστε
565 1739 704 1807 μετὰ
750 1740 846 1806 τὴν
882 1739 1102 1804 ὁμιλίαν
1151 1740 1252 1808 τῆς
1291 1741 1545 1807 γυναικὸς
1600 1744 1964 1811 προσεγγίσαι

2075 1564 2150 1616 vit
2186 1564 2292 1618 illis
2324 1565 2537 1619 tradere
2570 1569 2980 1625 maiidurandos
3004 1588 3169 1640 panes
3199 1573 3324 1626 illos
3365 1577 3575 1642 typicos
3614 1573 3672 1620 δί

2077 1658 2202 1727 quis
2239 1667 2404 1714 tantae
2437 1662 2540 1714 erit
2569 1663 2815 1718 audaciae
2842 1676 2900 1719 ut
2959 1669 3101 1720 inter
3148 1669 3476 1724 commercia
3535 1687 3674 1724 cou-

2081 1749 2290 1819 jugalia
2318 1755 2533 1807 accedat
2573 1757 2639 1808 ad
2689 1758 2915 1811 altare?
2969 1761 3052 1813 vel
3088 1761 3139 1814 in
3199 1762 3313 1830 ipsa
3366 1776 3524 1818 nocte
3552 1781 3676 1833 qute

386 1831 466 1901 τῷ
501 1833 874 1902 θυσιαστηρίῳ
890 1848 912 1898 .;
950 1832 982 1902 ἢ
1010 1835 1075 1902 τῇ
1122 1833 1227 1900 πρὸ
1259 1831 1360 1901 τῆς
1384 1831 1574 1896 θυσίας
1606 1835 1798 1900 νυκτί;
1835 1837 1969 1887 ὅπου

2102 1845 2328 1898 u‘aecedit
2361 1848 2691 1902 sacriﬁcium
2719 1849 2742 1902 ’ί
2778 1850 2881 1904 Sed
2907 1851 3019 1918 jam
3048 1869 3226 1906 nonne
3277 1857 3522 1924 apprime
3557 1866 3682 1908 tuo"

388 1943 452 1995 γε
489 1929 579 1979 καὶ
612 1925 912 1995 φαντασίας
943 1926 1106 1994 μόνον
1135 1924 1424 1994 συμϐάσης
1450 1927 1770 1994 νυκτερινῆς
1794 1925 1974 1995 χρεὼν

390 2020 764 2084 εὐλαϐεῖσθαι,
797 2018 874 2080 ὡς
907 2018 1307 2088 ὲδιδάχθημεν;
1346 2019 1408 2070 El
1453 2017 1564 2088 γὰρ
1608 2019 1704 2070 καὶ
1733 2019 1917 2087 τίμιος
1949 2020 1976 2070 ὁ

390 2113 592 2181 γάμος,
631 2113 659 2166 6
699 2110 909 2173 Παῦλος
952 2127 1108 2179 φησι,
1139 2109 1232 2162 καὶ
1272 2111 1304 2179 ἡ
1338 2109 1492 2180 κοίτη
1541 2109 1828 2177 ἀμίαντος,
1858 2106 1974 2160 ἀλλ’

395 2204 615 2271 ἐπάγει,
650 2220 669 2255 ι
708 2203 948 2273 Πόρνους
981 2201 1038 2255 δὲ
1085 2205 1180 2256 καὶ
1214 2201 1437 2271 μοιχοὺς
1493 2203 1674 2270 κρινεῖ
1704 2202 1732 2253 6
1757 2200 1911 2262 Θεός.
1952 2219 1972 2252 ι

398 2296 564 2349 Ὥστε
590 2296 677 2348 διὰ
707 2295 767 2348 τὸ
793 2298 866 2366 μὴ
891 2293 1177 2365 πορνεύειν
1221 2294 1254 2365 ἢ
1294 2293 1568 2364 μοιχεύειν
1600 2293 1758 2345 τοῦτό
1789 2311 1978 2363 φησιν,

396 2390 521 2459 οὐχὶ
569 2389 625 2442 δὲ
680 2387 757 2458 μὴ
808 2389 1016 2459 φθοράν
1061 2388 1223 2441 τοῦτο
1280 2386 1375 2439 καί⁵
1436 2384 1782 2453 ἀκαθαρσίαν
1837 2383 1984 2451 λογί⁴

399 2487 613 2550 ζεσθαι.
645 2503 665 2536 ι
729 2483 817 2536 Ἐν
852 2483 1104 2553 άνομίαις
1142 2485 1272 2552 γὰρ,
1305 2481 1471 2550 φησὶν
1501 2480 1529 2532 6
1583 2478 1771 2544 Δαϐὶδ,
1826 2493 1982 2530 συνε-

399 2578 634 2647 λήφθην,
666 2577 761 2630 καὶ
807 2577 866 2628 ἐν
912 2575 1212 2646 ἁμαρτίαις
1268 2573 1530 2640 ὲκίσσησέ
1586 2591 1654 2642 με
1709 2574 1742 2642 ἠ
1803 2573 1985 2642 μήτηρ

406 2688 535 2741 μου.
561 2691 580 2722 ι
612 2672 776 2724 ’Ὥστε
807 2671 950 2723 κατὰ
988 2668 1339 2738 συγχώρησιν
1365 2667 1512 2719 ἐστὶν
1534 2669 1561 2720 6
1592 2666 1793 2735 γάμος,
1825 2666 1986 2734 χάριν

403 2767 502 2834 τῆς
535 2763 873 2826 παιδοποιΐας
904 2764 996 2816 καὶ
1031 2763 1212 2829 μόνον,
1248 2761 1342 2814 καὶ
1372 2760 1471 2830 τῆς
1520 2759 1616 2812 τοῦ
1654 2760 1843 2827 γένους
1875 2758 1988 2810 δια-

405 2857 612 2926 δοχῆς·
670 2857 731 2909 οὐ
786 2857 892 2924 μὴν
954 2853 1012 2907 δὲ
1070 2853 1206 2906 Θεοῦ
1265 2853 1687 2922 προηγούμενον
1751 2851 1988 2919 θέλημα.

408 2947 583 3002 Τοῦτο
623 2946 681 3000 δὲ
727 2947 1093 3015 ἐκλεξάμενος
1127 2944 1336 3005 Παύλος
1381 2943 1441 2995 τὸ
1474 2941 1660 3010 ἁγνῶς
1689 2939 1810 3010 ζῇν,
1843 2940 1992 3010 ὅμως

410 3039 538 3100 τοὺς
584 3035 806 3098 λοιποὺς
845 3036 906 3088 ού
939 3034 1159 3096 κωλύει,
1193 3033 1456 3103 νομίμους
1508 3033 1654 3102 ἔχειν
1701 3033 1992 3099 γυναῖκας,

2079 1950 2272 2006 ncmur
2303 1939 2368 1988 ab
2400 1939 2515 2006 ipsa
2556 1941 2812 2008 religione
2855 1958 2922 1997 ne
2958 1945 3038 1998 vel
3081 1956 3381 2001 conventus
3421 1949 3682 2003 nocturni

2091 2025 2470 2094 itnagunculas
2519 2031 2924 2088 admittamus?
2963 2035 3174 2089 Etenim
3208 2038 3276 2100 si,
3303 2046 3360 2090 ut
3390 2039 3520 2091 dicit
3541 2038 3681 2091 Pau-

2085 2117 2190 2181 lus,
2232 2117 2561 2175 l-lonorahile
2605 2125 2939 2178 connubium
2977 2136 3028 2179 et
3058 2127 3248 2182 thorus
3274 2128 3678 2192 immaculatus,

2093 2219 2273 2264 tamen
2307 2211 2456 2266 addit
2486 2231 2499 2267 :
2531 2233 2550 2265 ι
2579 2214 3148 2270 Fornicatoresautem
3168 2227 3221 2271 et
3246 2218 3522 2273 adulteros
3539 2221 3687 2288 judi-

2087 2301 2233 2355 cabit
2261 2301 2447 2356 Deus”.
2478 2324 2496 2356 ι
2525 2303 2890 2370 Quamobrem
2916 2308 3081 2360 simul
3114 2309 3196 2362 his
3221 2309 3408 2363 verbis
3434 2310 3682 2363 innuitur

2095 2408 2202 2446 non
2241 2409 2363 2448 esse
2405 2395 2782 2451 fornicandum
2819 2413 2917 2453 nec
2942 2399 3378 2462 adulterandum,
3407 2411 3460 2453 et
3484 2401 3680 2454 iterum

2090 2501 2195 2536 non
2221 2485 2502 2555 cogitanda
2529 2501 2649 2540 esse.
2671 2498 2920 2557 stuprum
2947 2499 3039 2542 aut
3057 2489 3361 2545 laseiviam.
3381 2490 3679 2544 Dicitenim

2091 2577 2256 2631 David
2281 2595 2292 2628 :
2327 2596 2344 2628 ‹
2370 2576 2429 2631 In
2464 2578 2842 2646 iniquitatibus
2861 2593 3155 2649 conceptus
3183 2597 3326 2644 Stun,
3348 2592 3401 2636 et
3420 2584 3471 2635 in
3493 2579 3688 2650 pecca"

2090 2670 2158 2722 tis
2189 2670 2440 2736 concepit
2468 2686 2552 2724 me
2581 2681 2752 2726 mater
2778 2688 2894 2727 mea
2917 2672 2960 2726 ⁸.
2987 2692 3004 2723 ι
3032 2672 3158 2727 ideo
3176 2674 3243 2727 de
3265 2677 3419 2729 venia
3448 2676 3682 2743 quadam

2102 2769 2188 2813 est
2207 2762 2563 2823 connubium,
2583 2764 2636 2816 in
2660 2764 2888 2831 gratiam
2915 2764 3090 2818 solum
3117 2766 3332 2834 generis
3357 2766 3612 2821 servandi
3631 2775 3686 2818 et

2093 2852 2452 2906 creandorum
2512 2854 2830 2916 liberorum,
2869 2870 2977 2909 non
3028 2871 3154 2908 vero
3177 2870 3242 2909 ex
3279 2857 3560 2910 voluntate
3593 2856 3684 2908 Dei

2095 2945 2472 3000 antecedente.
2533 2947 2749 3016 Eligens
2800 2947 2946 3001 enim
3014 2948 3217 3002 Paulus
3282 2959 3428 3002 caste
3462 2949 3686 3026 vivere,

2098 3039 2232 3093 alios
2260 3054 2364 3093 non
2391 3040 2676 3108 prohibuit
2702 3040 2831 3110 quin
2867 3040 3134 3095 haberent
3167 3041 3438 3109 legitimas
3466 3056 3686 3101 uxores.

413 3134 502 3188 ἵνα
556 3132 630 3204 μὴ
672 3130 1028 3201 πορνεύοντες
1078 3127 1491 3198 ἁμαρτάνωσιν,
1550 3123 1746 3190 λέγων,
1781 3141 1800 3174 ι
1845 3124 1992 3176 Θέλω

2106 3147 2170 3186 ne
2198 3131 2249 3183 in
2279 3130 2700 3186 fornicationem
2747 3132 3052 3187 incidentes
3089 3141 3404 3202 peccarent,
3455 3133 3642 3186 dicens
3671 3147 3686 3184 :

413 3225 626 3286 πάντας
679 3218 822 3276 εἶναι
852 3222 928 3284 ὡς
977 3219 1153 3287 κάγὼ,
1189 3237 1205 3270 ι
1245 3221 1493 3271 τουτέστι
1529 3217 1880 3287 παρθενεύειν
1909 3217 2002 3268 καὶ

417 3319 739 3388 σωφρονεῖν.
768 3336 785 3368 ι
815 3315 913 3369 Διὰ
937 3315 992 3368 δὲ
1015 3315 1112 3376 τὰς
1132 3312 1388 3383 πορνείας
1430 3314 1661 3374 ἕκαστος
1686 3312 1783 3380 τὴν
1810 3309 2005 3363 ἑαυτοῦ

414 3415 650 3480 γυναῖκα
672 3410 862 3481 ἐχέτω.
893 3428 912 3462 ι
950 3408 1113 3478 Ὁρᾷς
1146 3403 1256 3461 οἷον
1273 3405 1335 3458 τὸ
1357 3405 1516 3476 ἔργον
1535 3403 1629 3458 τοῦ
1653 3405 1864 3458 Παύλου
1884 3419 1901 3468 ',
1926 3405 2008 3456 ὅτι

418 3503 720 3572 ἁγιωσύνη.
753 3502 853 3555 Διὰ
903 3500 957 3553 δὲ
1009 3501 1070 3554 τὸ
1125 3500 1203 3569 μὴ
1263 3497 1573 3568 πορνεύειν,
1627 3495 2004 3565 συγκαταϐαί-

418 3613 528 3649 νων
573 3595 728 3665 φγ,σί.
759 3596 866 3647 Καὶ
913 3593 1076 3646 πάλιν
1109 3591 1358 3652 εὐλαϐεῖς
1392 3592 1562 3642 ποιῶν
1611 3590 1738 3650 τοὺς
1780 3588 2007 3651 πιστοὺς

419 3689 588 3755 λέγει,
628 3705 647 3738 ι
690 3687 762 3739 Τὸ
807 3674 991 3738 λοιπὸν
1046 3687 1074 3738 6
1123 3684 1313 3752 καιρὸς
1364 3681 1796 3752 συνεσταλμένος
1829 3680 2006 3744 ἐστὶν,

422 3783 513 3836 ἵνα
547 3782 642 3834 καὶ
677 3783 744 3833 ὀί
787 3779 1004 3850 ἔχοντες
1054 3780 1318 3847 γυναῖκας
1367 3778 1442 3842 ὡς
1496 3777 1572 3847 μὴ
1616 3775 1833 3846 ἔχοντες
1878 3768 2004 3840 ὦσι,

423 3877 590 3930 καὶοί
642 3872 916 3944 χρώμενοι
961 3871 1039 3942 τῷ
1105 3873 1321 3942 κόσμῳ,
1375 3870 1452 3934 ὡς
1509 3869 1587 3941 μὴ
1644 3869 2011 3938 καταχρώμε-

424 3983 529 4021 νοι.
556 3985 574 4018 ι
603 3965 1000 4030 Φυλαξάτωσαν
1047 3961 1140 4019 οὖν
1169 3965 1395 4026 ἑαυτοὺς
1422 3964 1470 4016 oi
1529 3961 1818 4032 ίερωμὲνοι
1848 3959 2010 4030 337

427 4061 488 4115 ὲν
518 4059 596 4130 τῷ
642 4059 864 4129 μέλλειν
911 4058 1238 4128 ἱερουργεῖν,
1291 4059 1385 4110 καὶ
1416 4055 1556 4126 μετὰ
1580 4055 1676 4126 τὴν
1698 4054 2012 4124 ἱερουργίαν

427 4154 550 4208 κατ’
580 4152 749 4223 αὐτὴν
801 4151 901 4220 τὴν
953 4151 1188 4223 ἡμέραν,
1240 4150 1316 4214 ὡς
1362 4149 1689 4220 ἡγιασμένοι
1737 4147 1890 4210 ὄντες
1945 4147 2010 4216 τῇ

430 4247 707 4316 κοινωνίᾳ,
741 4245 823 4298 ὅτι
855 4244 916 4297 οὐ
941 4244 1046 4315 χρὴ
1087 4242 1363 4297 κοινωνεῖν
1387 4240 1506 4310 Θεῷ
1561 4241 1656 4294 καὶ
1690 4240 1877 4310 σαρκί.
1903 4239 2014 4292 Καὶ

429 4340 480 4390 εἰ
513 4338 610 4407 μὲν
636 4336 695 4388 οὐ
727 4334 977 4405 βούλεται
1013 4335 1320 4404 ἱερουργεῖν
1338 4331 1398 4385 οὺ
1427 4330 1696 4385 κωλύεται
1716 4345 1730 4359 ο
1767 4329 1816 4381 εί
1847 4326 1890 4380 δ’
1921 4320 2014 4380 οὖν

432 4429 730 4495 κωλύεται,
778 4431 861 4482 ὃτι
908 4429 1086 4480 έκεῖνο
1128 4427 1228 4498 μὲν
1269 4424 1474 4496 σαρκὸς
1518 4423 1797 4477 κοινωνία.
1863 4420 2016 4472 Ἐπεὶ

2113 3242 2130 3274 ι
2149 3222 2282 3278 Volo
2317 3239 2508 3278 omnes
2536 3238 2656 3277 esse
2679 3224 2814 3278 sicut
2849 3235 3017 3295 (διίκεο
3047 3226 3213 3286 sum,"
3241 3244 3258 3277 ι
3301 3225 3402 3279 hoc
3423 3236 3505 3279 est
3529 3224 3695 3292 virgi-

2108 3330 2204 3370 nes
2233 3323 2286 3368 et
2329 3327 2527 3370 castos.
2578 3314 2682 3370 Sed
2718 3335 2735 3366 ι
2767 3327 2986 3386 propter
3037 3316 3474 3382 fornicationem,
3519 3317 3692 3382 addit,

2124 3412 2472 3478 unusquique
2504 3424 2657 3463 ειιιιηι
2687 3425 2912 3463 uxorem
2948 3411 3164 3464 habeat.
3193 3413 3213 3444 θ
3247 3431 3264 3462 ι
3303 3409 3536 3464 Videsne
3558 3427 3696 3480 qua-

2115 3499 2218 3553 lem
2288 3500 2696 3569 occupationem
2751 3501 2946 3555 habeat
3005 3503 3238 3556 PaquS!
3301 3502 3698 3557 Smctiﬁt-atio-

2115 3609 2259 3646 neut.
2295 3590 2365 3646 Ut
2395 3607 2498 3646 non
2535 3592 2934 3646 fornicarcntur
2965 3609 3058 3662 per
3089 3593 3478 3663 indulgentiam
3508 3596 3698 3664 lnque-

2118 3686 2301 3740 batur.
2347 3685 2451 3740 Sed
2499 3686 2711 3739 interim
2750 3687 3044 3755 prudentes
3069 3697 3121 3741 et
3151 3688 3268 3755 pius
3298 3689 3484 3742 volens
3516 3689 3697 3744 facere

2117 3779 2406 3833 credentes
2425 3779 2534 3834 ait:
2567 3779 2884 3849 (Reliquum
2917 3789 3000 3834 est
3031 3789 3106 3843 ut,
3130 3789 3374 3850 tempore
3405 3781 3698 3837 abbrevia-

2115 3880 2207 3936 to,
2262 3870 2356 3940 qui
2412 3869 2613 3925 habent
2663 3887 2864 3928 uxores
2951 3885 3208 3942 tanquam
3270 3889 3374 3927 non
3434 3857 3698 3929 habentes

2116 3963 2229 4018 sint
2254 4003 2265 4018 .
2295 4003 2309 4017 .
2335 4001 2378 4017 ..
2408 3974 2462 4018 et
2500 3964 2590 4031 qui
2625 3972 2852 4018 utuntur
2899 3963 3002 4018 hoc
3026 3966 3231 4019 mundo
3277 3974 3535 4035 tanquam
3585 3981 3697 4019 non

2118 4060 2391 4118 utantur".
2433 4077 2453 4110 ι
2501 4057 2827 4113 Custodiam
2878 4073 3008 4130 ergo
3069 4059 3277 4127 seipsos
3331 4059 3702 4114 sacriﬁcaturi

2117 4157 2377 4218 tanquam
2408 4159 2666 4221 perpetuo
2695 4150 3069 4206 desiderantes
3104 4151 3300 4206 olTerre
3326 4161 3380 4207 et
3415 4154 3580 4207 modo
3612 4169 3705 4208 ce-
3748 4183 3756 4190 -

2131 4239 2392 4293 lebraturi
2426 4254 2442 4306 ;
2473 4247 2526 4295 et
2571 4240 2766 4294 deinde
2811 4252 2932 4310 post
2975 4242 3390 4298 celebrationem
3418 4258 3510 4312 per
3533 4252 3700 4300 totam

2121 4332 2261 4385 hanc
2325 4329 2468 4385 diem
2516 4330 2839 4385 sanctilicati
2905 4335 3343 4400 communione;
3397 4349 3506 4387 non
3556 4336 3702 4389 enim

2119 4434 2336 4496 Oportet
2387 4425 2796 4481 communicare
2822 4425 2930 4482 Deo
2987 4434 3043 4481 et
3090 4432 3264 4484 carni.
3311 4429 3366 4483 Si
3423 4445 3550 4484 vero
3609 4446 3706 4485 no-

431 4523 676 4588 ἐσονται,
713 4522 900 4592 φησὶν,
929 4520 977 4572 οί
1006 4517 1100 4571 δύο
1132 4517 1213 4580 εἰς
1242 4516 1422 4585 σάρκα
1449 4513 1600 4585 μίαν.
1639 4513 1699 4566 '0
1726 4511 1785 4564 δὲ
1817 4511 1990 4564 κολλώ

2126 4517 2285 4571 luerit
2315 4515 2515 4571 olIerre
2545 4531 2650 4571 non
2689 4518 3031 4586 prohibetur,
3065 4518 3208 4574 bene
3238 4531 3418 4576 autem
3448 4523 3705 4591 prohibe-

437 4630 598 4684 μενος
629 4612 708 4682 τῷ
738 4612 952 4682 Κυρίῳ,
988 4608 1047 4662 ἓν
1079 4607 1306 4677 Πνεῦμά
1337 4609 1474 4659 ἐστι.
1523 4604 1634 4657 Καὶ
1663 4603 1747 4665 τίς
1793 4601 2018 4671 συμφώ-

435 4720 592 4772 νησις
620 4701 740 4773 Θεῷ
786 4701 880 4754 καὶ
910 4697 1074 4769 σαρκί
1110 4714 1125 4765 ;
1152 4697 1244 4750 Διὸ
1293 4699 1387 4750 καὶ
1423 4693 1633 4756 Παῦλος
1664 4709 1797 4761 φησι
1829 4691 2016 4755 πάλιν,

443 4814 463 4849 ι
494 4795 584 4865 Μὴ
611 4795 964 4862 ἀποστερεῖτε
997 4790 1278 4861 ἀλλήλους,
1304 4791 1352 4842 εί
1379 4789 1450 4859 μή
1477 4805 1528 4840 τι
1558 4787 1666 4857 ἄρα
1691 4789 1755 4839 έκ
1787 4787 2016 4855 συμφώ-

438 4904 552 4940 νου.
584 4888 794 4950 »Διατί;
823 4884 941 4935 Ἵνα
965 4882 1317 4952 συνέρχησθε,
1343 4881 1526 4948 φησιν,
1559 4881 1613 4931 ἐν
1635 4879 1755 4941 ταῖς
1779 4894 2016 4948 προσευ-

439 4982 584 5051 χαῖς.
615 4980 766 5048 ’Ἅμα
795 4976 886 5030 οὖν
927 4978 1022 5030 καὶ
1066 4976 1235 5045 ἄμφω
1261 4973 1524 5038 διδάσκει,
1553 4973 1646 5025 καὶ
1677 4972 1738 5024 τὸ
1763 4971 1838 5041 μὴ
1885 4973 2019 5024 ἀπο·

444 5073 656 5141 στερεῖν
695 5069 963 5138 ἀλλήλους
997 5067 1085 5120 διὰ
1111 5068 1209 5128 τὰς
1252 5065 1533 5134 πορνείας,
1575 5066 1669 5117 καὶ
1713 5063 1772 5116 τὸ
1820 5065 2022 5132 ἐγκρα-

444 5163 699 5216 τεύεσθαι
735 5165 801 5215 ἐκ
841 5161 1135 5230 συμφώνου
1166 5159 1254 5212 διὰ
1292 5157 1388 5220 τὰς
1421 5158 1747 5227 προσευχὰς,
1790 5155 2022 5225 βεϐαιῶν

434 5233 546 5309 ’καὶ
590 5249 745 5317 οὗτος
776 5254 836 5306 τὸ
885 5253 1048 5323 ῥηθὲν
1091 5250 1194 5304 ὑπὸ
1239 5249 1331 5304 τοῦ
1380 5249 1538 5315 Θεοῦ,
1593 5251 1649 5301 έν
1686 5249 1764 5318 τῷ
1807 5248 2024 5317 μέλλειν

446 5346 773 5416 ἀνέρχεσθαι
797 5345 994 5406 αὐτοὺς
1019 5343 1153 5414 πρὸς
1184 5343 1243 5395 τὺ
1267 5342 1412 5413 ὅρος,
1444 5359 1462 5392 ι
1504 5341 1668 5410 Τρεῖς
1699 5341 1910 5410 ἡμέρας
1947 5338 2024 5408 μὴ

459 5439 798 5507 προσέλθητε
818 5436 1056 5505 γυναικί.
1091 5455 1106 5486 ι
1141 5436 1199 5488 Εἰ
1231 5430 1324 5487 οὖν
1347 5433 1532 5496 ἁπλῶς
1563 5434 1619 5485 ὲν
1643 5434 1719 5502 τῷ
1747 5433 2024 5503 θεωρῆσαι

458 5527 595 5582 Θεοῦ
629 5529 726 5600 τὴν
770 5527 950 5596 δόξαν,
995 5530 1088 5582 καὶ
1144 5529 1201 5580 έν
1244 5526 1324 5596 τῷ
1376 5525 1778 5595 προσεύξασθαι
1829 5529 2029 5592 ἐγκρα-

2125 4621 2212 4664 tur
2261 4609 2308 4664 si
2342 4609 2592 4665 voluerit.
2627 4608 2762 4664 Nam
2788 4612 2892 4665 hoc
2925 4620 3008 4665 est
3029 4613 3211 4667 carnis
3257 4614 3702 4680 communicatio,

2124 4703 2423 4756 secundum
2451 4699 2622 4754 illud:
2655 4719 2675 4752 ι
2721 4700 2893 4756 Erunt
2937 4702 3047 4757 duo
3076 4705 3130 4756 in
3163 4719 3324 4758 carne
3349 4720 3480 4769 una,
3541 4723 3560 4756 ι
3591 4706 3697 4770 Qui

2126 4801 2305 4846 autem
2341 4793 2580 4848 adhaeret
2605 4793 2855 4857 Domino,
2884 4808 3026 4847 unus
3047 4793 3282 4860 Spiritus
3311 4807 3394 4847 εει
3418 4795 3482 4847 ¹⁰.
3512 4813 3531 4846 ι
3570 4795 3701 4861 Qua:

2128 4887 2276 4940 enim
2312 4887 2601 4940 conventio
2635 4885 2744 4939 Deo
2785 4897 2840 4938 et
2872 4885 3063 4938 carni?
3095 4886 3276 4950 Quare
3322 4886 3515 4940 iterum
3559 4887 3704 4943 Pau-

2132 4979 2216 5033 lus
2247 4979 2379 5033 dicit
2415 4995 2429 5030 :
2460 4995 2477 5028 ι
2517 4976 2695 5031 Nolite
2724 4975 2978 5030 fraudare
3027 4977 3400 5040 invicem,nisi
3449 4978 3587 5034 forte
3640 4996 3706 5035 ex

2131 5084 2403 5124 consensu
2430 5068 2493 5121 “.
2522 5086 2538 5118 ι
2568 5067 2745 5132 Quare
2764 5068 2981 5122 tandem
3000 5068 3022 5121 ?
3041 5068 3482 5135 Utcouveniatis,
3509 5071 3706 5140 inquit,

2135 5164 2201 5216 ad
2226 5163 2545 5215 orationem.
2578 5161 2695 5214 Duo
2728 5161 2890 5228 igitur
2917 5160 3080 5216 simul
3118 5162 3206 5218 hic
3245 5162 3401 5219 ducet
3431 5181 3446 5218 :
3499 5166 3710 5221 scilicet

2134 5264 2191 5307 ut
2227 5270 2325 5308 usu
2351 5252 2674 5307 defraudem
2721 5268 2780 5308 se
2829 5253 3074 5308 invicem'
3108 5265 3331 5327 propter
3381 5257 3707 5319 fornicatioe

2135 5361 2277 5407 nem,
2308 5354 2361 5399 et
2400 5345 2628 5398 alterum
2653 5353 2720 5400 ut
2759 5345 3071 5401 abstineant
3128 5363 3191 5402 ex
3262 5365 3532 5405 consensu
3583 5367 3710 5422 pro-

2134 5448 2250 5507 pter
2279 5437 2580 5490 orationem
2617 5455 2631 5492 :
2660 5438 2989 5494 conﬁrmans
3020 5440 3134 5510 ipse
3155 5442 3298 5510 quod
3325 5443 3463 5498 Deus
3495 5443 3710 5500 dixerat

2140 5531 2401 5586 lsraelitis
2430 5546 2553 5584 cum
2587 5532 2752 5586 modo
2777 5533 3054 5588 accessuri
3079 5545 3235 5589 erant
3269 5536 3334 5591 ad
3361 5547 3597 5591 montem
3631 5554 3644 5592 :
3679 5554 3702 5590 ›

530 5733 574 5765 ¹⁸
599 5734 626 5821 ί
651 5733 778 5821 Cor.-
809 5751 908 5821 ".‘3:
935 5734 1048 5821 .95;
1231 5734 1536 5821 etsed-,1“-
1560 5736 1642 5821 1.5..
1660 5735 1754 5821 .“i:
1783 5736 1865 5790 '3-
1943 5736 1992 5821 ‘.

2102 5736 2466 5821 ιιξικιιιίί-β.
2491 5737 2563 5821 η’
2592 5737 2758 5794 ilehr.
2793 5753 2910 5821 x_t_u,
2939 5739 2993 5796 4.
3070 5737 3237 5795 οΡειιΙ.
3271 5757 3324 5808 ι,
3358 5740 3409 5796 7.
3486 5743 3502 5776 ⁷
3532 5739 3553 5795 l
3584 5743 3712 5802 Cor.

464 5819 566 5872 xu,
596 5804 651 5860 5.
753 5807 774 5839 ⁸
831 5806 970 5862 Ibid.
1014 5805 1069 5862 2.

1169 5806 1191 5837 ⁹
1231 5807 1368 5863 Ibid.
1395 5807 1486 5863 ‘29.

1589 5806 1632 5838 ¹⁰
1659 5805 1678 5861 ι
1707 5808 1832 5862 Cor.
1861 5823 1934 5877 νι,
1978 5806 2063 5872 16,
2129 5808 2210 5862 l7.

2310 5809 2351 5840 ιι
2413 5806 2433 5860 l
2488 5806 2618 5864 Cor.
2667 5826 2760 5878 vn,
2813 5811 2866 5868 ὅ.
