  <div class='ocr_page' id='page_1' title='image "/cluster/home/n/w/nwhite01/storage/ocr_20150623/155/coo.31924054870609/444.png"; bbox 0 0 4118 6442; ppageno 0'>
   <div class='ocr_carea' id='block_1_1' title="bbox 355 352 460 416">
    <p class='ocr_par' dir='ltr' id='par_1_1' title="bbox 355 352 460 416">
     <span class='ocr_line' id='line_1_1' title="bbox 355 352 460 416; baseline 0.019 -2"><span class='ocrx_word' id='word_1_1' title='bbox 355 352 460 416; x_wconf 83' lang='lat'><strong>869</strong></span> 
     </span>
    </p>
   </div>
   <div class='ocr_carea' id='block_1_2' title="bbox 1085 351 2880 427">
    <p class='ocr_par' dir='ltr' id='par_1_2' title="bbox 1085 351 2880 427">
     <span class='ocr_line' id='line_1_2' title="bbox 1085 351 2880 427; baseline 0.009 -17"><span class='ocrx_word' id='word_1_2' title='bbox 1085 351 1488 412; x_wconf 72' lang='lat' dir='ltr'><strong>RESPONSA</strong></span> <span class='ocrx_word' id='word_1_3' title='bbox 1521 355 1620 414; x_wconf 84' lang='lat' dir='ltr'><strong>AD</strong></span> <span class='ocrx_word' id='word_1_4' title='bbox 1661 357 2116 422; x_wconf 75' lang='lat' dir='ltr'><strong>GABRIELEM</strong></span> <span class='ocrx_word' id='word_1_5' title='bbox 2156 358 2880 427; x_wconf 75' lang='lat' dir='ltr'><strong>PENTAPOLITANUM.</strong></span> 
     </span>
    </p>
   </div>
   <div class='ocr_carea' id='block_1_3' title="bbox 3533 365 3638 434">
    <p class='ocr_par' dir='ltr' id='par_1_3' title="bbox 3533 365 3638 434">
     <span class='ocr_line' id='line_1_3' title="bbox 3533 365 3638 434; baseline 0.048 -7"><span class='ocrx_word' id='word_1_6' title='bbox 3533 365 3638 434; x_wconf 84' lang='lat'><strong>870</strong></span> 
     </span>
    </p>
   </div>
   <div class='ocr_carea' id='block_1_4' title="bbox 350 465 1938 546">
    <p class='ocr_par' dir='ltr' id='par_1_4' title="bbox 350 466 1938 542">
     <span class='ocr_line' id='line_1_4' title="bbox 350 466 1938 542; baseline 0.001 -22"><span class='ocrx_word' id='word_1_7' title='bbox 350 467 422 532; x_wconf 81' lang='grc' dir='ltr'>ὡς</span> <span class='ocrx_word' id='word_1_8' title='bbox 457 466 846 537; x_wconf 83' lang='grc' dir='ltr'>ὲπιτραχήλιον</span> <span class='ocrx_word' id='word_1_9' title='bbox 881 468 1319 535; x_wconf 71' lang='grc' dir='ltr'>περιϐαλλέσθω,</span> <span class='ocrx_word' id='word_1_10' title='bbox 1359 469 1453 522; x_wconf 77' lang='grc' dir='ltr'>καὶ</span> <span class='ocrx_word' id='word_1_11' title='bbox 1501 471 1803 541; x_wconf 77' lang='grc' dir='ltr'>ἐνεργείτω</span> <span class='ocrx_word' id='word_1_12' title='bbox 1856 474 1938 542; x_wconf 50' lang='grc' dir='ltr'><strong>τὴς</strong></span> 
     </span>
    </p>
   </div>
   <div class='ocr_carea' id='block_1_5' title="bbox 2046 465 3637 546">
    <p class='ocr_par' dir='ltr' id='par_1_5' title="bbox 2065 465 3637 546">
     <span class='ocr_line' id='line_1_5' title="bbox 2065 465 3637 546; baseline 0.002 -20"><span class='ocrx_word' id='word_1_13' title='bbox 2065 477 2146 532; x_wconf 83' lang='lat' dir='ltr'><strong>vis</strong></span> <span class='ocrx_word' id='word_1_14' title='bbox 2171 478 2318 532; x_wconf 84' lang='lat' dir='ltr'><strong>aliud</strong></span> <span class='ocrx_word' id='word_1_15' title='bbox 2346 495 2544 533; x_wconf 86' lang='lat' dir='ltr'><strong>munus</strong></span> <span class='ocrx_word' id='word_1_16' title='bbox 2569 494 2809 542; x_wconf 90' lang='lat' dir='ltr'><strong>sacrum,</strong></span> <span class='ocrx_word' id='word_1_17' title='bbox 2843 494 2951 532; x_wconf 90' lang='lat' dir='ltr'><strong>non</strong></span> <span class='ocrx_word' id='word_1_18' title='bbox 2977 485 3158 531; x_wconf 85' lang='lat' dir='ltr'><strong>autem</strong></span> <span class='ocrx_word' id='word_1_19' title='bbox 3189 465 3386 546; x_wconf 73' lang='lat' dir='ltr'><strong>praesto</strong></span> <span class='ocrx_word' id='word_1_20' title='bbox 3408 477 3478 531; x_wconf 93' lang='lat' dir='ltr'><strong>sit</strong></span> <span class='ocrx_word' id='word_1_21' title='bbox 3499 477 3637 532; x_wconf 87' lang='lat' dir='ltr'><strong>stola</strong></span> 
     </span>
    </p>
   </div>
   <div class='ocr_carea' id='block_1_6' title="bbox 345 561 1951 634">
    <p class='ocr_par' dir='ltr' id='par_1_6' title="bbox 345 561 1951 634">
     <span class='ocr_line' id='line_1_6' title="bbox 345 561 1951 634; baseline 0.001 -18"><span class='ocrx_word' id='word_1_22' title='bbox 345 561 577 630; x_wconf 81' lang='grc' dir='ltr'>τελετήν</span> <span class='ocrx_word' id='word_1_23' title='bbox 607 578 620 593; x_wconf 89' lang='grc'><strong>·</strong></span> <span class='ocrx_word' id='word_1_24' title='bbox 651 563 744 614; x_wconf 74' lang='grc' dir='ltr'>καὶ</span> <span class='ocrx_word' id='word_1_25' title='bbox 774 561 913 630; x_wconf 82' lang='grc' dir='ltr'>μετὰ</span> <span class='ocrx_word' id='word_1_26' title='bbox 941 562 1148 630; x_wconf 82' lang='grc' dir='ltr'>ταύτην</span> <span class='ocrx_word' id='word_1_27' title='bbox 1176 562 1352 616; x_wconf 79' lang='grc' dir='ltr'>ἐκεῖνο</span> <span class='ocrx_word' id='word_1_28' title='bbox 1387 562 1461 632; x_wconf 83' lang='grc' dir='ltr'>μὴ</span> <span class='ocrx_word' id='word_1_29' title='bbox 1491 565 1564 627; x_wconf 83' lang='grc' dir='ltr'>ὡς</span> <span class='ocrx_word' id='word_1_30' title='bbox 1592 565 1772 617; x_wconf 68' lang='grc' dir='ltr'>κοινὸν</span> <span class='ocrx_word' id='word_1_31' title='bbox 1800 567 1951 634; x_wconf 77' lang='grc' dir='ltr'>ἡγεί,</span> 
     </span>
    </p>
   </div>
   <div class='ocr_carea' id='block_1_7' title="bbox 349 651 1946 727">
    <p class='ocr_par' dir='ltr' id='par_1_7' title="bbox 349 651 1946 727">
     <span class='ocr_line' id='line_1_7' title="bbox 349 651 1946 727; baseline 0.003 -23"><span class='ocrx_word' id='word_1_32' title='bbox 349 652 486 716; x_wconf 82' lang='grc' dir='ltr'>σθω,</span> <span class='ocrx_word' id='word_1_33' title='bbox 519 651 634 704; x_wconf 86' lang='grc' dir='ltr'>ἀλλ’</span> <span class='ocrx_word' id='word_1_34' title='bbox 667 654 699 720; x_wconf 88' lang='grc' dir='ltr'>ῆ</span> <span class='ocrx_word' id='word_1_35' title='bbox 731 654 808 713; x_wconf 82' lang='grc' dir='ltr'><strong>εἰς</strong></span> <span class='ocrx_word' id='word_1_36' title='bbox 839 653 1030 722; x_wconf 81' lang='grc' dir='ltr'>χρείαν</span> <span class='ocrx_word' id='word_1_37' title='bbox 1078 654 1250 722; x_wconf 76' lang='grc' dir='ltr'>ἐχέτω</span> <span class='ocrx_word' id='word_1_38' title='bbox 1301 655 1452 722; x_wconf 83' lang='grc' dir='ltr'>ἱερὰν</span> <span class='ocrx_word' id='word_1_39' title='bbox 1499 656 1546 706; x_wconf 86' lang='grc' dir='ltr'>εἰ</span> <span class='ocrx_word' id='word_1_40' title='bbox 1600 655 1878 723; x_wconf 72' lang='grc' dir='ltr'><strong>ἁρμόδιον,</strong></span> <span class='ocrx_word' id='word_1_41' title='bbox 1913 656 1946 727; x_wconf 79' lang='grc' dir='ltr'>ἢ</span> 
     </span>
    </p>
   </div>
   <div class='ocr_carea' id='block_1_8' title="bbox 348 744 1943 816">
    <p class='ocr_par' dir='ltr' id='par_1_8' title="bbox 348 744 1943 816">
     <span class='ocr_line' id='line_1_8' title="bbox 348 744 1943 816; baseline 0.003 -20"><span class='ocrx_word' id='word_1_42' title='bbox 348 746 405 796; x_wconf 81' lang='grc' dir='ltr'>ὲν</span> <span class='ocrx_word' id='word_1_43' title='bbox 436 745 550 816; x_wconf 85' lang='grc' dir='ltr'>ἰδίῳ</span> <span class='ocrx_word' id='word_1_44' title='bbox 600 745 751 814; x_wconf 81' lang='grc' dir='ltr'>τόπῳ</span> <span class='ocrx_word' id='word_1_45' title='bbox 805 745 1165 813; x_wconf 78' lang='grc' dir='ltr'>ἀποτιθέσϐω,</span> <span class='ocrx_word' id='word_1_46' title='bbox 1215 747 1358 799; x_wconf 80' lang='grc' dir='ltr'>ὥστε</span> <span class='ocrx_word' id='word_1_47' title='bbox 1413 746 1489 816; x_wconf 81' lang='grc' dir='ltr'>μὴ</span> <span class='ocrx_word' id='word_1_48' title='bbox 1546 747 1726 799; x_wconf 69' lang='grc' dir='ltr'>κοινὸν</span> <span class='ocrx_word' id='word_1_49' title='bbox 1780 744 1943 800; x_wconf 68' lang='grc' dir='ltr'>εἶναι·</span> 
     </span>
    </p>
   </div>
   <div class='ocr_carea' id='block_1_9' title="bbox 362 838 1947 911">
    <p class='ocr_par' dir='ltr' id='par_1_9' title="bbox 362 838 1947 911">
     <span class='ocr_line' id='line_1_9' title="bbox 362 838 1947 911; baseline 0.001 -19"><span class='ocrx_word' id='word_1_50' title='bbox 362 838 582 893; x_wconf 81' lang='grc' dir='ltr'><strong>Ἐκεῖνα</strong></span> <span class='ocrx_word' id='word_1_51' title='bbox 610 839 669 894; x_wconf 83' lang='grc' dir='ltr'>δὲ</span> <span class='ocrx_word' id='word_1_52' title='bbox 718 840 880 908; x_wconf 79' lang='grc' dir='ltr'>μόνον</span> <span class='ocrx_word' id='word_1_53' title='bbox 926 842 1094 910; x_wconf 75' lang='grc' dir='ltr'>χωρὶς</span> <span class='ocrx_word' id='word_1_54' title='bbox 1138 841 1532 911; x_wconf 71' lang='grc' dir='ltr'>ὲπιτραχηλίου</span> <span class='ocrx_word' id='word_1_55' title='bbox 1565 843 1801 910; x_wconf 80' lang='grc' dir='ltr'>ἐνεργεῖ,</span> <span class='ocrx_word' id='word_1_56' title='bbox 1846 843 1947 894; x_wconf 78' lang='grc' dir='ltr'><strong>ὅσα</strong></span> 
     </span>
    </p>
   </div>
   <div class='ocr_carea' id='block_1_10' title="bbox 350 931 1948 1001">
    <p class='ocr_par' dir='ltr' id='par_1_10' title="bbox 350 931 1948 1001">
     <span class='ocr_line' id='line_1_10' title="bbox 350 931 1948 1001; baseline -0.001 -16"><span class='ocrx_word' id='word_1_57' title='bbox 350 933 445 985; x_wconf 56' lang='grc' dir='ltr'>καὶ</span> <span class='ocrx_word' id='word_1_58' title='bbox 475 935 534 984; x_wconf 86' lang='grc' dir='ltr'>ὲν</span> <span class='ocrx_word' id='word_1_59' title='bbox 568 935 680 994; x_wconf 81' lang='grc' dir='ltr'>τοῖς</span> <span class='ocrx_word' id='word_1_60' title='bbox 711 933 1100 1001; x_wconf 44' lang='grc' dir='ltr'>μονασττγρίοις</span> <span class='ocrx_word' id='word_1_61' title='bbox 1131 935 1244 993; x_wconf 85' lang='grc' dir='ltr'>τοῖς</span> <span class='ocrx_word' id='word_1_62' title='bbox 1276 931 1484 1001; x_wconf 73' lang='grc' dir='ltr'>ἱερεῦσι</span> <span class='ocrx_word' id='word_1_63' title='bbox 1516 935 1690 985; x_wconf 80' lang='grc' dir='ltr'>ποιεῖν</span> <span class='ocrx_word' id='word_1_64' title='bbox 1717 931 1948 1000; x_wconf 77' lang='grc' dir='ltr'>σύνηθες</span> 
     </span>
    </p>
   </div>
   <div class='ocr_carea' id='block_1_11' title="bbox 348 1024 1946 1094">
    <p class='ocr_par' dir='ltr' id='par_1_11' title="bbox 348 1024 1946 1094">
     <span class='ocr_line' id='line_1_11' title="bbox 348 1024 1946 1094; baseline 0 -17"><span class='ocrx_word' id='word_1_65' title='bbox 348 1025 404 1077; x_wconf 78' lang='grc' dir='ltr'>ἔν</span> <span class='ocrx_word' id='word_1_66' title='bbox 450 1042 511 1078; x_wconf 88' lang='grc' dir='ltr'><strong>τε</strong></span> <span class='ocrx_word' id='word_1_67' title='bbox 561 1024 640 1093; x_wconf 84' lang='grc' dir='ltr'><strong>τῷ</strong></span> <span class='ocrx_word' id='word_1_68' title='bbox 694 1025 1094 1093; x_wconf 62' lang='grc' dir='ltr'>μεσονυκτιιῷ,</span> <span class='ocrx_word' id='word_1_69' title='bbox 1139 1026 1259 1087; x_wconf 75' lang='grc' dir='ltr'>ταῖς</span> <span class='ocrx_word' id='word_1_70' title='bbox 1290 1025 1483 1094; x_wconf 74' lang='grc' dir='ltr'>ὥραις,</span> <span class='ocrx_word' id='word_1_71' title='bbox 1515 1026 1612 1078; x_wconf 81' lang='grc' dir='ltr'><strong>καὶ</strong></span> <span class='ocrx_word' id='word_1_72' title='bbox 1658 1029 1767 1087; x_wconf 81' lang='grc' dir='ltr'>τοῖς</span> <span class='ocrx_word' id='word_1_73' title='bbox 1808 1029 1946 1078; x_wconf 80' lang='grc' dir='ltr'>ἀπο-</span> 
     </span>
    </p>
   </div>
   <div class='ocr_carea' id='block_1_12' title="bbox 344 1116 607 1179">
    <p class='ocr_par' dir='ltr' id='par_1_12' title="bbox 344 1116 607 1179">
     <span class='ocr_line' id='line_1_12' title="bbox 344 1116 607 1179; baseline 0.008 -11"><span class='ocrx_word' id='word_1_74' title='bbox 344 1116 607 1179; x_wconf 79' lang='grc' dir='ltr'><strong>δείπνοις.</strong></span> 
     </span>
    </p>
   </div>
   <div class='ocr_carea' id='block_1_13' title="bbox 2061 567 3635 637">
    <p class='ocr_par' dir='ltr' id='par_1_13' title="bbox 2061 567 3635 637">
     <span class='ocr_line' id='line_1_13' title="bbox 2061 567 3635 637; baseline 0.001 -17"><span class='ocrx_word' id='word_1_75' title='bbox 2061 569 2318 624; x_wconf 86' lang='lat' dir='ltr'><strong>sacerdos</strong></span> <span class='ocrx_word' id='word_1_76' title='bbox 2348 569 2632 623; x_wconf 87' lang='lat' dir='ltr'><strong>benedicat</strong></span> <span class='ocrx_word' id='word_1_77' title='bbox 2659 569 2740 624; x_wconf 93' lang='lat' dir='ltr'><strong>vel</strong></span> <span class='ocrx_word' id='word_1_78' title='bbox 2775 585 2990 631; x_wconf 81' lang='lat' dir='ltr'><strong>zonam,</strong></span> <span class='ocrx_word' id='word_1_79' title='bbox 3025 569 3109 624; x_wconf 85' lang='lat' dir='ltr'><strong>vel</strong></span> <span class='ocrx_word' id='word_1_80' title='bbox 3148 569 3384 637; x_wconf 82' lang='lat' dir='ltr'><strong>aliquem</strong></span> <span class='ocrx_word' id='word_1_81' title='bbox 3419 567 3635 623; x_wconf 82' lang='lat' dir='ltr'><strong>funicu-</strong></span> 
     </span>
    </p>
   </div>
   <div class='ocr_carea' id='block_1_14' title="bbox 2062 660 3641 728">
    <p class='ocr_par' dir='ltr' id='par_1_14' title="bbox 2062 660 3641 728">
     <span class='ocr_line' id='line_1_14' title="bbox 2062 660 3641 728; baseline 0.001 -16"><span class='ocrx_word' id='word_1_82' title='bbox 2062 660 2194 724; x_wconf 86' lang='lat' dir='ltr'><strong>lum,</strong></span> <span class='ocrx_word' id='word_1_83' title='bbox 2230 671 2324 714; x_wconf 89' lang='lat' dir='ltr'><strong>aut</strong></span> <span class='ocrx_word' id='word_1_84' title='bbox 2359 678 2617 728; x_wconf 80' lang='lat' dir='ltr'><strong>pannum,</strong></span> <span class='ocrx_word' id='word_1_85' title='bbox 2651 671 2704 716; x_wconf 91' lang='lat' dir='ltr'><strong>et</strong></span> <span class='ocrx_word' id='word_1_86' title='bbox 2735 663 2789 716; x_wconf 90' lang='lat' dir='ltr'><strong>in</strong></span> <span class='ocrx_word' id='word_1_87' title='bbox 2829 664 3048 716; x_wconf 87' lang='lat' dir='ltr'><strong>modum</strong></span> <span class='ocrx_word' id='word_1_88' title='bbox 3081 663 3245 717; x_wconf 67' lang='lat' dir='ltr'><strong>(trarii</strong></span> <span class='ocrx_word' id='word_1_89' title='bbox 3277 669 3458 716; x_wconf 89' lang='lat' dir='ltr'><strong>sumat</strong></span> <span class='ocrx_word' id='word_1_90' title='bbox 3479 667 3534 714; x_wconf 90' lang='lat' dir='ltr'><strong>et</strong></span> <span class='ocrx_word' id='word_1_91' title='bbox 3561 661 3641 716; x_wconf 87' lang='lat' dir='ltr'><strong>sic</strong></span> 
     </span>
    </p>
   </div>
   <div class='ocr_carea' id='block_1_15' title="bbox 2059 752 3636 821">
    <p class='ocr_par' dir='ltr' id='par_1_15' title="bbox 2059 752 3636 821">
     <span class='ocr_line' id='line_1_15' title="bbox 2059 752 3636 821; baseline -0.001 -18"><span class='ocrx_word' id='word_1_92' title='bbox 2059 753 2354 820; x_wconf 85' lang='lat' dir='ltr'><strong>adimpleat</strong></span> <span class='ocrx_word' id='word_1_93' title='bbox 2389 754 2795 806; x_wconf 70' lang='lat' dir='ltr'><strong>caeremoniam.</strong></span> <span class='ocrx_word' id='word_1_94' title='bbox 2834 752 3116 821; x_wconf 84' lang='lat' dir='ltr'><strong>Completa</strong></span> <span class='ocrx_word' id='word_1_95' title='bbox 3158 761 3341 805; x_wconf 85' lang='lat' dir='ltr'><strong>autem</strong></span> <span class='ocrx_word' id='word_1_96' title='bbox 3384 766 3442 804; x_wconf 86' lang='lat' dir='ltr'><strong>re</strong></span> <span class='ocrx_word' id='word_1_97' title='bbox 3480 766 3636 804; x_wconf 83' lang='lat' dir='ltr'><strong>sacra</strong></span> 
     </span>
    </p>
   </div>
   <div class='ocr_carea' id='block_1_16' title="bbox 2060 843 3641 915">
    <p class='ocr_par' dir='ltr' id='par_1_16' title="bbox 2060 843 3641 915">
     <span class='ocr_line' id='line_1_16' title="bbox 2060 843 3641 915; baseline -0.002 -18"><span class='ocrx_word' id='word_1_98' title='bbox 2060 844 2112 897; x_wconf 87' lang='lat' dir='ltr'><strong>id</strong></span> <span class='ocrx_word' id='word_1_99' title='bbox 2146 859 2255 912; x_wconf 92' lang='lat' dir='ltr'><strong>quo</strong></span> <span class='ocrx_word' id='word_1_100' title='bbox 2295 859 2429 898; x_wconf 91' lang='lat' dir='ltr'><strong>usus</strong></span> <span class='ocrx_word' id='word_1_101' title='bbox 2464 852 2548 899; x_wconf 91' lang='lat' dir='ltr'><strong>est</strong></span> <span class='ocrx_word' id='word_1_102' title='bbox 2582 857 2686 898; x_wconf 89' lang='lat' dir='ltr'><strong>non</strong></span> <span class='ocrx_word' id='word_1_103' title='bbox 2723 853 2779 898; x_wconf 86' lang='lat' dir='ltr'><strong>ut</strong></span> <span class='ocrx_word' id='word_1_104' title='bbox 2806 845 3027 915; x_wconf 81' lang='lat' dir='ltr'><strong>vulgare</strong></span> <span class='ocrx_word' id='word_1_105' title='bbox 3062 853 3260 904; x_wconf 81' lang='lat' dir='ltr'><strong>teneat,</strong></span> <span class='ocrx_word' id='word_1_106' title='bbox 3291 843 3384 898; x_wconf 88' lang='lat' dir='ltr'><strong>sed</strong></span> <span class='ocrx_word' id='word_1_107' title='bbox 3417 843 3470 894; x_wconf 91' lang='lat' dir='ltr'><strong>in</strong></span> <span class='ocrx_word' id='word_1_108' title='bbox 3506 856 3641 894; x_wconf 90' lang='lat' dir='ltr'><strong>usus</strong></span> 
     </span>
    </p>
   </div>
   <div class='ocr_carea' id='block_1_17' title="bbox 2057 931 3724 1003">
    <p class='ocr_par' dir='ltr' id='par_1_17' title="bbox 2057 931 3724 1003">
     <span class='ocr_line' id='line_1_17' title="bbox 2057 931 3724 1003; baseline -0.004 -14"><span class='ocrx_word' id='word_1_109' title='bbox 2057 949 2246 989; x_wconf 84' lang='lat' dir='ltr'><strong>sacros</strong></span> <span class='ocrx_word' id='word_1_110' title='bbox 2300 935 2556 995; x_wconf 80' lang='lat' dir='ltr'><strong>retineat,</strong></span> <span class='ocrx_word' id='word_1_111' title='bbox 2596 936 2640 988; x_wconf 91' lang='lat' dir='ltr'><strong>si</strong></span> <span class='ocrx_word' id='word_1_112' title='bbox 2696 939 3089 990; x_wconf 86' lang='lat' dir='ltr'><strong>convenienter</strong></span> <span class='ocrx_word' id='word_1_113' title='bbox 3141 934 3316 1003; x_wconf 87' lang='lat' dir='ltr'><strong>possit</strong></span> <span class='ocrx_word' id='word_1_114' title='bbox 3369 931 3637 996; x_wconf 81' lang='lat' dir='ltr'><strong>adhiberi,</strong></span> <span class='ocrx_word' id='word_1_115' title='bbox 3721 934 3724 937; x_wconf 88' lang='grc'><strong>’</strong></span> 
     </span>
    </p>
   </div>
   <div class='ocr_carea' id='block_1_18' title="bbox 2057 1023 3639 1094">
    <p class='ocr_par' dir='ltr' id='par_1_18' title="bbox 2057 1023 3639 1094">
     <span class='ocr_line' id='line_1_18' title="bbox 2057 1023 3639 1094; baseline -0.005 -16"><span class='ocrx_word' id='word_1_116' title='bbox 2057 1035 2112 1080; x_wconf 85' lang='lat' dir='ltr'><strong>et</strong></span> <span class='ocrx_word' id='word_1_117' title='bbox 2153 1034 2402 1080; x_wconf 77' lang='lat' dir='ltr'><strong>servetur</strong></span> <span class='ocrx_word' id='word_1_118' title='bbox 2432 1024 2484 1078; x_wconf 92' lang='lat' dir='ltr'><strong>in</strong></span> <span class='ocrx_word' id='word_1_119' title='bbox 2524 1026 2784 1094; x_wconf 81' lang='lat' dir='ltr'><strong>peculiari</strong></span> <span class='ocrx_word' id='word_1_120' title='bbox 2813 1026 2955 1087; x_wconf 83' lang='lat' dir='ltr'><strong>loco,</strong></span> <span class='ocrx_word' id='word_1_121' title='bbox 2987 1023 3061 1076; x_wconf 89' lang='lat' dir='ltr'><strong>ita</strong></span> <span class='ocrx_word' id='word_1_122' title='bbox 3095 1033 3152 1076; x_wconf 87' lang='lat' dir='ltr'><strong>ut</strong></span> <span class='ocrx_word' id='word_1_123' title='bbox 3183 1035 3456 1089; x_wconf 82' lang='lat' dir='ltr'><strong>nunquam</strong></span> <span class='ocrx_word' id='word_1_124' title='bbox 3483 1032 3639 1071; x_wconf 92' lang='lat' dir='ltr'><strong>com-</strong></span> 
     </span>
    </p>
   </div>
   <div class='ocr_carea' id='block_1_19' title="bbox 2059 1111 3640 1186">
    <p class='ocr_par' dir='ltr' id='par_1_19' title="bbox 2059 1111 3640 1186">
     <span class='ocr_line' id='line_1_19' title="bbox 2059 1111 3640 1186; baseline -0.004 -17"><span class='ocrx_word' id='word_1_125' title='bbox 2059 1117 2445 1171; x_wconf 89' lang='lat' dir='ltr'><strong>muniterillud</strong></span> <span class='ocrx_word' id='word_1_126' title='bbox 2485 1119 2610 1186; x_wconf 89' lang='lat' dir='ltr'><strong>quis</strong></span> <span class='ocrx_word' id='word_1_127' title='bbox 2650 1117 2863 1170; x_wconf 79' lang='lat' dir='ltr'><strong>habent.</strong></span> <span class='ocrx_word' id='word_1_128' title='bbox 2899 1116 3021 1169; x_wconf 79' lang='lat' dir='ltr'><strong>llaec</strong></span> <span class='ocrx_word' id='word_1_129' title='bbox 3053 1113 3402 1170; x_wconf 79' lang='lat' dir='ltr'><strong>SttitlmtttOth</strong></span> <span class='ocrx_word' id='word_1_130' title='bbox 3433 1111 3640 1179; x_wconf 90' lang='lat' dir='ltr'><strong>absque</strong></span> 
     </span>
    </p>
   </div>
   <div class='ocr_carea' id='block_1_20' title="bbox 347 1209 3637 1284">
    <p class='ocr_par' dir='ltr' id='par_1_20' title="bbox 347 1209 3637 1284">
     <span class='ocr_line' id='line_1_20' title="bbox 347 1209 3637 1284; baseline -0.002 -17"><span class='ocrx_word' id='word_1_131' title='bbox 347 1213 486 1268; x_wconf 87' lang='lat' dir='ltr'><strong>stola</strong></span> <span class='ocrx_word' id='word_1_132' title='bbox 518 1212 882 1267; x_wconf 82' lang='lat' dir='ltr'><strong>absolvuntur</strong></span> <span class='ocrx_word' id='word_1_133' title='bbox 913 1229 1038 1284; x_wconf 69' lang='lat' dir='ltr'><strong>qua:</strong></span> <span class='ocrx_word' id='word_1_134' title='bbox 1066 1214 1243 1270; x_wconf 81' lang='lat' dir='ltr'><strong>solent</strong></span> <span class='ocrx_word' id='word_1_135' title='bbox 1275 1214 1459 1271; x_wconf 81' lang='lat' dir='ltr'><strong>facere</strong></span> <span class='ocrx_word' id='word_1_136' title='bbox 1495 1215 1547 1270; x_wconf 92' lang='lat' dir='ltr'><strong>in</strong></span> <span class='ocrx_word' id='word_1_137' title='bbox 1587 1214 1937 1270; x_wconf 84' lang='lat' dir='ltr'><strong>monasteriis</strong></span> <span class='ocrx_word' id='word_1_138' title='bbox 1979 1213 2314 1279; x_wconf 82' lang='lat' dir='ltr'><strong>sacerdotes,</strong></span> <span class='ocrx_word' id='word_1_139' title='bbox 2367 1221 2425 1266; x_wconf 91' lang='lat' dir='ltr'><strong>ut</strong></span> <span class='ocrx_word' id='word_1_140' title='bbox 2458 1212 2635 1267; x_wconf 76' lang='lat' dir='ltr'><strong>oﬂicia</strong></span> <span class='ocrx_word' id='word_1_141' title='bbox 2670 1213 2858 1266; x_wconf 72' lang='lat' dir='ltr'><strong>inedire</strong></span> <span class='ocrx_word' id='word_1_142' title='bbox 2907 1211 3104 1274; x_wconf 85' lang='lat' dir='ltr'><strong>noctis,</strong></span> <span class='ocrx_word' id='word_1_143' title='bbox 3143 1217 3198 1262; x_wconf 90' lang='lat' dir='ltr'><strong>et</strong></span> <span class='ocrx_word' id='word_1_144' title='bbox 3245 1209 3502 1260; x_wconf 80' lang='lat' dir='ltr'><strong>horarum</strong></span> <span class='ocrx_word' id='word_1_145' title='bbox 3581 1213 3637 1262; x_wconf 86' lang='lat' dir='ltr'><strong>et</strong></span> 
     </span>
    </p>
   </div>
   <div class='ocr_carea' id='block_1_21' title="bbox 345 1307 1032 1376">
    <p class='ocr_par' dir='ltr' id='par_1_21' title="bbox 345 1307 1032 1376">
     <span class='ocr_line' id='line_1_21' title="bbox 345 1307 1032 1376; baseline 0.006 -16"><span class='ocrx_word' id='word_1_146' title='bbox 345 1307 718 1376; x_wconf 85' lang='lat' dir='ltr'><strong>vespertinum</strong></span> <span class='ocrx_word' id='word_1_147' title='bbox 769 1310 1032 1365; x_wconf 83' lang='lat' dir='ltr'><strong>oiIicium.</strong></span> 
     </span>
    </p>
   </div>
   <div class='ocr_carea' id='block_1_22' title="bbox 898 1427 1392 1484">
    <p class='ocr_par' dir='ltr' id='par_1_22' title="bbox 898 1427 1392 1484">
     <span class='ocr_line' id='line_1_22' title="bbox 898 1427 1392 1484; baseline 0.006 -3"><span class='ocrx_word' id='word_1_148' title='bbox 898 1428 1240 1481; x_wconf 82' lang='grc' dir='ltr'><strong>ΕΡΩΤΙΙΣΙΣ</strong></span> <span class='ocrx_word' id='word_1_149' title='bbox 1284 1427 1392 1484; x_wconf 76' lang='grc' dir='ltr'><strong><em>ιη’.</em></strong></span> 
     </span>
    </p>
   </div>
   <div class='ocr_carea' id='block_1_23' title="bbox 352 1537 1954 1612">
    <p class='ocr_par' dir='ltr' id='par_1_23' title="bbox 352 1537 1954 1612">
     <span class='ocr_line' id='line_1_23' title="bbox 352 1537 1954 1612; baseline 0.004 -22"><span class='ocrx_word' id='word_1_150' title='bbox 352 1537 412 1590; x_wconf 83' lang='grc' dir='ltr'><strong>Τι’</strong></span> <span class='ocrx_word' id='word_1_151' title='bbox 439 1537 505 1612; x_wconf 57' lang='grc' dir='ltr'>σὺ</span> <span class='ocrx_word' id='word_1_152' title='bbox 529 1537 1052 1612; x_wconf 72' lang='grc' dir='ltr'>ᾀνιστορούμενον·</span> <span class='ocrx_word' id='word_1_153' title='bbox 1077 1544 1147 1596; x_wconf 78' lang='grc' dir='ltr'>ἐν</span> <span class='ocrx_word' id='word_1_154' title='bbox 1169 1543 1300 1608; x_wconf 84' lang='grc' dir='ltr'>ταῖς</span> <span class='ocrx_word' id='word_1_155' title='bbox 1321 1541 1442 1597; x_wconf 76' lang='grc' dir='ltr'>τῶν</span> <span class='ocrx_word' id='word_1_156' title='bbox 1465 1543 1652 1612; x_wconf 75' lang='grc' dir='ltr'>ἁγίων</span> <span class='ocrx_word' id='word_1_157' title='bbox 1677 1543 1954 1612; x_wconf 74' lang='grc' dir='ltr'>ἀγγέλων</span> 
     </span>
    </p>
   </div>
   <div class='ocr_carea' id='block_1_24' title="bbox 661 1611 1951 1684">
    <p class='ocr_par' dir='ltr' id='par_1_24' title="bbox 661 1611 1951 1684">
     <span class='ocr_line' id='line_1_24' title="bbox 661 1611 1951 1684; baseline 0.004 -22"><span class='ocrx_word' id='word_1_158' title='bbox 661 1611 1008 1684; x_wconf 67' lang='grc' dir='ltr'>μαγδύλιρν</span> <span class='ocrx_word' id='word_1_159' title='bbox 1033 1631 1045 1642; x_wconf 84' lang='grc'><em>’</em></span> <span class='ocrx_word' id='word_1_160' title='bbox 1077 1615 1172 1666; x_wconf 73' lang='grc' dir='ltr'>καὶ</span> <span class='ocrx_word' id='word_1_161' title='bbox 1221 1614 1278 1667; x_wconf 83' lang='grc' dir='ltr'><strong>τί</strong></span> <span class='ocrx_word' id='word_1_162' title='bbox 1308 1615 1374 1667; x_wconf 85' lang='grc' dir='ltr'>τὸ</span> <span class='ocrx_word' id='word_1_163' title='bbox 1403 1611 1655 1684; x_wconf 52' lang='lat'><strong>598741-107-</strong></span> <span class='ocrx_word' id='word_1_164' title='bbox 1685 1611 1785 1668; x_wconf 70' lang='grc' dir='ltr'>καὶ</span> <span class='ocrx_word' id='word_1_165' title='bbox 1828 1615 1951 1681; x_wconf 77' lang='grc' dir='ltr'>τοῖς</span> 
     </span>
    </p>
   </div>
   <div class='ocr_carea' id='block_1_25' title="bbox 416 1679 1951 1753">
    <p class='ocr_par' dir='ltr' id='par_1_25' title="bbox 416 1679 1951 1753">
     <span class='ocr_line' id='line_1_25' title="bbox 416 1679 1951 1753; baseline 0.003 -21"><span class='ocrx_word' id='word_1_166' title='bbox 416 1679 703 1753; x_wconf 60' lang='grc' dir='ltr'>ἀγγέλοις</span> <span class='ocrx_word' id='word_1_167' title='bbox 726 1682 824 1732; x_wconf 76' lang='grc' dir='ltr'>καὶ</span> <span class='ocrx_word' id='word_1_168' title='bbox 849 1683 1219 1753; x_wconf 60' lang='grc' dir='ltr'>τοῖςιὰτίοις.</span> <span class='ocrx_word' id='word_1_169' title='bbox 1244 1687 1354 1738; x_wconf 86' lang='grc' dir='ltr'><strong>Καὶ</strong></span> <span class='ocrx_word' id='word_1_170' title='bbox 1388 1679 1446 1739; x_wconf 69' lang='grc' dir='ltr'>ξι</span> <span class='ocrx_word' id='word_1_171' title='bbox 1473 1679 1540 1738; x_wconf 73' lang='grc' dir='ltr'><strong>’ἑὸ</strong></span> <span class='ocrx_word' id='word_1_172' title='bbox 1567 1679 1951 1753; x_wconf 62' lang='grc' dir='ltr'>νεφελοειδὲξ</span> 
     </span>
    </p>
   </div>
   <div class='ocr_carea' id='block_1_26' title="bbox 415 1749 2023 1826">
    <p class='ocr_par' dir='ltr' id='par_1_26' title="bbox 415 1749 2023 1826">
     <span class='ocr_line' id='line_1_26' title="bbox 415 1749 2023 1826; baseline 0.009 -27"><span class='ocrx_word' id='word_1_173' title='bbox 415 1750 717 1802; x_wconf 73' lang='grc' dir='ltr'><strong>κυκλικὸν</strong></span> <span class='ocrx_word' id='word_1_174' title='bbox 748 1749 958 1820; x_wconf 80' lang='grc' dir='ltr'>σχῆμα</span> <span class='ocrx_word' id='word_1_175' title='bbox 989 1749 1062 1807; x_wconf 61' lang='grc' dir='ltr'><strong>ἐν</strong></span> <span class='ocrx_word' id='word_1_176' title='bbox 1096 1755 1227 1820; x_wconf 80' lang='grc' dir='ltr'>ταῖς</span> <span class='ocrx_word' id='word_1_177' title='bbox 1252 1755 1372 1809; x_wconf 78' lang='grc' dir='ltr'><strong>τῶν</strong></span> <span class='ocrx_word' id='word_1_178' title='bbox 1417 1749 1691 1826; x_wconf 66' lang='grc' dir='ltr'>ἀγγέλων</span> <span class='ocrx_word' id='word_1_179' title='bbox 1725 1749 1944 1826; x_wconf 80' lang='grc' dir='ltr'>χερσί</span> <span class='ocrx_word' id='word_1_180' title='bbox 1981 1783 2023 1826; x_wconf 51' lang='grc' dir='ltr'><strong>,ς</strong></span> 
     </span>
    </p>
   </div>
   <div class='ocr_carea' id='block_1_27' title="bbox 414 1608 611 1661">
    <p class='ocr_par' dir='ltr' id='par_1_27' title="bbox 414 1608 611 1661">
     <span class='ocr_line' id='line_1_27' title="bbox 414 1608 611 1661; baseline 0 0"><span class='ocrx_word' id='word_1_181' title='bbox 414 1608 611 1661; x_wconf 74' lang='grc' dir='ltr'>είκόσι</span> 
     </span>
    </p>
   </div>
   <div class='ocr_carea' id='block_1_28' title="bbox 417 1857 1941 1940">
    <p class='ocr_par' dir='ltr' id='par_1_28' title="bbox 417 1857 1941 1940">
     <span class='ocr_line' id='line_1_28' title="bbox 417 1857 1941 1940; baseline 0.009 -29"><span class='ocrx_word' id='word_1_182' title='bbox 417 1857 492 1912; x_wconf 81' lang='grc' dir='ltr'><strong>Τὸ</strong></span> <span class='ocrx_word' id='word_1_183' title='bbox 515 1860 976 1932; x_wconf 74' lang='grc' dir='ltr'>ἀνιστορούμενον</span> <span class='ocrx_word' id='word_1_184' title='bbox 1029 1867 1087 1918; x_wconf 81' lang='grc' dir='ltr'><strong>ἐν</strong></span> <span class='ocrx_word' id='word_1_185' title='bbox 1130 1871 1252 1931; x_wconf 85' lang='grc' dir='ltr'>ταῖς</span> <span class='ocrx_word' id='word_1_186' title='bbox 1304 1870 1414 1920; x_wconf 85' lang='grc' dir='ltr'><strong>τῶν</strong></span> <span class='ocrx_word' id='word_1_187' title='bbox 1463 1871 1638 1936; x_wconf 85' lang='grc' dir='ltr'>ἁγίων</span> <span class='ocrx_word' id='word_1_188' title='bbox 1693 1871 1941 1940; x_wconf 85' lang='grc' dir='ltr'>ἀγγέλων</span> 
     </span>
    </p>
   </div>
   <div class='ocr_carea' id='block_1_29' title="bbox 346 1951 1943 2031">
    <p class='ocr_par' dir='ltr' id='par_1_29' title="bbox 346 1951 1943 2031">
     <span class='ocr_line' id='line_1_29' title="bbox 346 1951 1943 2031; baseline 0.009 -29"><span class='ocrx_word' id='word_1_189' title='bbox 346 1951 584 2020; x_wconf 68' lang='grc' dir='ltr'>εἰκόσιν,</span> <span class='ocrx_word' id='word_1_190' title='bbox 616 1956 782 2007; x_wconf 76' lang='grc' dir='ltr'>οἱονεὶ</span> <span class='ocrx_word' id='word_1_191' title='bbox 830 1959 956 2026; x_wconf 76' lang='grc' dir='ltr'>περὶ</span> <span class='ocrx_word' id='word_1_192' title='bbox 1006 1960 1133 2022; x_wconf 73' lang='grc' dir='ltr'>τοὺς</span> <span class='ocrx_word' id='word_1_193' title='bbox 1182 1963 1488 2030; x_wconf 76' lang='grc' dir='ltr'><strong>κροτάφους</strong></span> <span class='ocrx_word' id='word_1_194' title='bbox 1530 1963 1840 2031; x_wconf 72' lang='grc' dir='ltr'>μανδύὶιον,</span> <span class='ocrx_word' id='word_1_195' title='bbox 1881 1964 1943 2017; x_wconf 78' lang='grc' dir='ltr'>τὺ</span> 
     </span>
    </p>
   </div>
   <div class='ocr_carea' id='block_1_30' title="bbox 346 2044 1942 2128">
    <p class='ocr_par' dir='ltr' id='par_1_30' title="bbox 346 2044 1942 2128">
     <span class='ocr_line' id='line_1_30' title="bbox 346 2044 1942 2128; baseline 0.009 -33"><span class='ocrx_word' id='word_1_196' title='bbox 346 2044 589 2115; x_wconf 75' lang='grc' dir='ltr'>καθαρὸν</span> <span class='ocrx_word' id='word_1_197' title='bbox 626 2048 809 2101; x_wconf 84' lang='grc' dir='ltr'>αὐτῶν</span> <span class='ocrx_word' id='word_1_198' title='bbox 842 2050 1176 2120; x_wconf 80' lang='grc' dir='ltr'>ὑπεμφαίνει</span> <span class='ocrx_word' id='word_1_199' title='bbox 1219 2055 1314 2107; x_wconf 83' lang='grc' dir='ltr'>τοῦ</span> <span class='ocrx_word' id='word_1_200' title='bbox 1349 2056 1486 2120; x_wconf 81' lang='grc' dir='ltr'>νοὸς,</span> <span class='ocrx_word' id='word_1_201' title='bbox 1520 2057 1642 2109; x_wconf 80' lang='grc' dir='ltr'>ἐπεὶ</span> <span class='ocrx_word' id='word_1_202' title='bbox 1685 2059 1780 2110; x_wconf 74' lang='grc' dir='ltr'><strong>καὶ</strong></span> <span class='ocrx_word' id='word_1_203' title='bbox 1811 2059 1942 2128; x_wconf 77' lang='grc' dir='ltr'>περὶ</span> 
     </span>
    </p>
   </div>
   <div class='ocr_carea' id='block_1_31' title="bbox 345 2135 1939 2218">
    <p class='ocr_par' dir='ltr' id='par_1_31' title="bbox 345 2135 1939 2218">
     <span class='ocr_line' id='line_1_31' title="bbox 345 2135 1939 2218; baseline 0.009 -31"><span class='ocrx_word' id='word_1_204' title='bbox 345 2135 437 2188; x_wconf 73' lang='grc' dir='ltr'><strong>τὸν</strong></span> <span class='ocrx_word' id='word_1_205' title='bbox 482 2136 627 2201; x_wconf 82' lang='grc' dir='ltr'>νοῦν,</span> <span class='ocrx_word' id='word_1_206' title='bbox 682 2141 763 2192; x_wconf 81' lang='grc' dir='ltr'>ὅτι</span> <span class='ocrx_word' id='word_1_207' title='bbox 819 2143 911 2195; x_wconf 78' lang='grc' dir='ltr'><strong>καὶ</strong></span> <span class='ocrx_word' id='word_1_208' title='bbox 963 2144 1082 2215; x_wconf 79' lang='grc' dir='ltr'>Θεῷ</span> <span class='ocrx_word' id='word_1_209' title='bbox 1119 2147 1495 2217; x_wconf 72' lang='grc' dir='ltr'>συνδεδεμένοι</span> <span class='ocrx_word' id='word_1_210' title='bbox 1527 2151 1728 2218; x_wconf 84' lang='grc' dir='ltr'>νοερῶς</span> <span class='ocrx_word' id='word_1_211' title='bbox 1769 2142 1939 2218; x_wconf 70' lang='grc' dir='ltr'>οὗτοι,</span> 
     </span>
    </p>
   </div>
   <div class='ocr_carea' id='block_1_32' title="bbox 347 2227 1944 2309">
    <p class='ocr_par' dir='ltr' id='par_1_32' title="bbox 347 2227 1944 2309">
     <span class='ocr_line' id='line_1_32' title="bbox 347 2227 1944 2309; baseline 0.011 -33"><span class='ocrx_word' id='word_1_212' title='bbox 347 2227 442 2278; x_wconf 73' lang='grc' dir='ltr'><strong>καὶ</strong></span> <span class='ocrx_word' id='word_1_213' title='bbox 474 2227 613 2298; x_wconf 82' lang='grc' dir='ltr'>πρὸς</span> <span class='ocrx_word' id='word_1_214' title='bbox 647 2230 713 2281; x_wconf 84' lang='grc' dir='ltr'>τὰ</span> <span class='ocrx_word' id='word_1_215' title='bbox 746 2229 852 2297; x_wconf 72' lang='grc' dir='ltr'>ἔξω</span> <span class='ocrx_word' id='word_1_216' title='bbox 879 2236 1006 2302; x_wconf 76' lang='grc' dir='ltr'>περὶ</span> <span class='ocrx_word' id='word_1_217' title='bbox 1041 2235 1140 2305; x_wconf 77' lang='grc' dir='ltr'>τὴν</span> <span class='ocrx_word' id='word_1_218' title='bbox 1174 2237 1451 2308; x_wconf 63' lang='grc' dir='ltr'>ἡμετέραν</span> <span class='ocrx_word' id='word_1_219' title='bbox 1493 2241 1777 2309; x_wconf 80' lang='grc' dir='ltr'>ἐκχέονται</span> <span class='ocrx_word' id='word_1_220' title='bbox 1805 2241 1944 2308; x_wconf 81' lang='grc' dir='ltr'>ἁγα-</span> 
     </span>
    </p>
   </div>
   <div class='ocr_carea' id='block_1_33' title="bbox 347 2317 1940 2401">
    <p class='ocr_par' dir='ltr' id='par_1_33' title="bbox 347 2317 1940 2401">
     <span class='ocr_line' id='line_1_33' title="bbox 347 2317 1940 2401; baseline 0.009 -31"><span class='ocrx_word' id='word_1_221' title='bbox 347 2317 565 2382; x_wconf 79' lang='grc' dir='ltr'>θοειδὼς</span> <span class='ocrx_word' id='word_1_222' title='bbox 590 2321 823 2391; x_wconf 84' lang='grc' dir='ltr'>Θεωρίαν</span> <span class='ocrx_word' id='word_1_223' title='bbox 849 2326 945 2376; x_wconf 68' lang='grc' dir='ltr'><strong>καὶ</strong></span> <span class='ocrx_word' id='word_1_224' title='bbox 965 2326 1238 2398; x_wconf 80' lang='grc' dir='ltr'>φυλακήν.</span> <span class='ocrx_word' id='word_1_225' title='bbox 1266 2329 1387 2382; x_wconf 81' lang='grc' dir='ltr'>Ἔτι</span> <span class='ocrx_word' id='word_1_226' title='bbox 1410 2331 1468 2388; x_wconf 79' lang='grc' dir='ltr'>δὲ</span> <span class='ocrx_word' id='word_1_227' title='bbox 1493 2333 1584 2384; x_wconf 84' lang='grc' dir='ltr'><strong>καὶ</strong></span> <span class='ocrx_word' id='word_1_228' title='bbox 1609 2332 1682 2396; x_wconf 86' lang='grc' dir='ltr'><strong>ὡς</strong></span> <span class='ocrx_word' id='word_1_229' title='bbox 1708 2332 1940 2401; x_wconf 78' lang='grc' dir='ltr'>καθαροὶ</span> 
     </span>
    </p>
   </div>
   <div class='ocr_carea' id='block_1_34' title="bbox 343 2408 1941 2487">
    <p class='ocr_par' dir='ltr' id='par_1_34' title="bbox 343 2408 1941 2487">
     <span class='ocr_line' id='line_1_34' title="bbox 343 2408 1941 2487; baseline 0.009 -27"><span class='ocrx_word' id='word_1_230' title='bbox 343 2408 498 2471; x_wconf 73' lang='grc' dir='ltr'>ὅντες</span> <span class='ocrx_word' id='word_1_231' title='bbox 527 2413 617 2462; x_wconf 71' lang='grc' dir='ltr'><strong>καὶ</strong></span> <span class='ocrx_word' id='word_1_232' title='bbox 649 2410 826 2476; x_wconf 82' lang='grc' dir='ltr'>ἄῦ).οι,</span> <span class='ocrx_word' id='word_1_233' title='bbox 876 2409 987 2466; x_wconf 71' lang='grc' dir='ltr'>οἷον</span> <span class='ocrx_word' id='word_1_234' title='bbox 1023 2415 1288 2482; x_wconf 71' lang='grc' dir='ltr'>στέφανον</span> <span class='ocrx_word' id='word_1_235' title='bbox 1334 2418 1546 2471; x_wconf 71' lang='grc' dir='ltr'>ἑαυτῶν</span> <span class='ocrx_word' id='word_1_236' title='bbox 1591 2419 1691 2487; x_wconf 80' lang='grc' dir='ltr'>τῆς</span> <span class='ocrx_word' id='word_1_237' title='bbox 1735 2437 1941 2474; x_wconf 84' lang='grc' dir='ltr'>παντε-</span> 
     </span>
    </p>
   </div>
   <div class='ocr_carea' id='block_1_35' title="bbox 346 2499 1939 2581">
    <p class='ocr_par' dir='ltr' id='par_1_35' title="bbox 346 2499 1939 2581">
     <span class='ocr_line' id='line_1_35' title="bbox 346 2499 1939 2581; baseline 0.009 -32"><span class='ocrx_word' id='word_1_238' title='bbox 346 2499 470 2564; x_wconf 80' lang='grc' dir='ltr'>λοῦς</span> <span class='ocrx_word' id='word_1_239' title='bbox 504 2503 601 2555; x_wconf 73' lang='grc' dir='ltr'><strong>καὶ</strong></span> <span class='ocrx_word' id='word_1_240' title='bbox 643 2504 900 2574; x_wconf 80' lang='grc' dir='ltr'>οὐρανίου</span> <span class='ocrx_word' id='word_1_241' title='bbox 941 2508 1164 2576; x_wconf 81' lang='grc' dir='ltr'>ἁγνείας</span> <span class='ocrx_word' id='word_1_242' title='bbox 1205 2513 1566 2581; x_wconf 75' lang='grc' dir='ltr'>περιφέρουσι</span> <span class='ocrx_word' id='word_1_243' title='bbox 1614 2511 1794 2564; x_wconf 79' lang='grc' dir='ltr'>τοῦτο.</span> <span class='ocrx_word' id='word_1_244' title='bbox 1828 2513 1939 2566; x_wconf 73' lang='grc' dir='ltr'><strong>Καὶ</strong></span> 
     </span>
    </p>
   </div>
   <div class='ocr_carea' id='block_1_36' title="bbox 345 2588 1938 2672">
    <p class='ocr_par' dir='ltr' id='par_1_36' title="bbox 345 2588 1938 2672">
     <span class='ocr_line' id='line_1_36' title="bbox 345 2588 1938 2672; baseline 0.008 -29"><span class='ocrx_word' id='word_1_245' title='bbox 345 2588 534 2662; x_wconf 78' lang='grc' dir='ltr'>ὥσπερ</span> <span class='ocrx_word' id='word_1_246' title='bbox 569 2593 856 2663; x_wconf 83' lang='grc' dir='ltr'>δεδεμένας</span> <span class='ocrx_word' id='word_1_247' title='bbox 893 2598 948 2650; x_wconf 83' lang='grc' dir='ltr'>δὲ</span> <span class='ocrx_word' id='word_1_248' title='bbox 981 2599 1082 2660; x_wconf 72' lang='grc' dir='ltr'>τὰς</span> <span class='ocrx_word' id='word_1_249' title='bbox 1108 2601 1302 2670; x_wconf 84' lang='grc' dir='ltr'>τρίχας</span> <span class='ocrx_word' id='word_1_250' title='bbox 1329 2601 1568 2670; x_wconf 83' lang='grc' dir='ltr'>ἔχουσιν,</span> <span class='ocrx_word' id='word_1_251' title='bbox 1603 2602 1684 2655; x_wconf 85' lang='grc' dir='ltr'><strong>ὅτι</strong></span> <span class='ocrx_word' id='word_1_252' title='bbox 1712 2604 1770 2656; x_wconf 88' lang='grc' dir='ltr'><strong>οὐ</strong></span> <span class='ocrx_word' id='word_1_253' title='bbox 1807 2605 1938 2672; x_wconf 78' lang='grc' dir='ltr'>περὶ</span> 
     </span>
    </p>
   </div>
   <div class='ocr_carea' id='block_1_37' title="bbox 345 2683 1938 2766">
    <p class='ocr_par' dir='ltr' id='par_1_37' title="bbox 345 2683 1938 2766">
     <span class='ocr_line' id='line_1_37' title="bbox 345 2683 1938 2766; baseline 0.009 -31"><span class='ocrx_word' id='word_1_254' title='bbox 345 2683 414 2736; x_wconf 76' lang='grc' dir='ltr'><strong>τὰ</strong></span> <span class='ocrx_word' id='word_1_255' title='bbox 441 2685 663 2754; x_wconf 63' lang='grc' dir='ltr'>ποικίλα</span> <span class='ocrx_word' id='word_1_256' title='bbox 684 2689 779 2741; x_wconf 75' lang='grc' dir='ltr'>καὶ</span> <span class='ocrx_word' id='word_1_257' title='bbox 809 2691 1042 2758; x_wconf 74' lang='grc' dir='ltr'>περιττὰ</span> <span class='ocrx_word' id='word_1_258' title='bbox 1070 2693 1371 2756; x_wconf 69' lang='grc' dir='ltr'>κινοῦνται,</span> <span class='ocrx_word' id='word_1_259' title='bbox 1405 2697 1540 2748; x_wconf 77' lang='grc' dir='ltr'>ἀλλὰ</span> <span class='ocrx_word' id='word_1_260' title='bbox 1571 2699 1701 2766; x_wconf 78' lang='grc' dir='ltr'>περὶ</span> <span class='ocrx_word' id='word_1_261' title='bbox 1727 2697 1794 2749; x_wconf 68' lang='grc' dir='ltr'>τὰ</span> <span class='ocrx_word' id='word_1_262' title='bbox 1819 2697 1938 2750; x_wconf 74' lang='lat' dir='ltr'><strong>Gaia</strong></span> 
     </span>
    </p>
   </div>
   <div class='ocr_carea' id='block_1_38' title="bbox 345 2776 1939 2850">
    <p class='ocr_par' dir='ltr' id='par_1_38' title="bbox 345 2776 1939 2850">
     <span class='ocr_line' id='line_1_38' title="bbox 345 2776 1939 2850; baseline 0.01 -23"><span class='ocrx_word' id='word_1_263' title='bbox 345 2776 508 2843; x_wconf 81' lang='grc' dir='ltr'>μόνον</span> <span class='ocrx_word' id='word_1_264' title='bbox 537 2781 630 2832; x_wconf 74' lang='grc' dir='ltr'>καὶ</span> <span class='ocrx_word' id='word_1_265' title='bbox 662 2783 958 2850; x_wconf 83' lang='grc' dir='ltr'>ἀναγκαῖα,</span> <span class='ocrx_word' id='word_1_266' title='bbox 999 2787 1096 2838; x_wconf 72' lang='grc' dir='ltr'>καὶ</span> <span class='ocrx_word' id='word_1_267' title='bbox 1124 2786 1215 2841; x_wconf 79' lang='grc' dir='ltr'><strong>τὸν</strong></span> <span class='ocrx_word' id='word_1_268' title='bbox 1259 2786 1384 2840; x_wconf 77' lang='grc' dir='ltr'>νοῦν</span> <span class='ocrx_word' id='word_1_269' title='bbox 1411 2789 1626 2842; x_wconf 75' lang='grc' dir='ltr'>ἑαυτῶν</span> <span class='ocrx_word' id='word_1_270' title='bbox 1656 2790 1769 2843; x_wconf 81' lang='grc' dir='ltr'>ἄνω</span> <span class='ocrx_word' id='word_1_271' title='bbox 1814 2807 1939 2843; x_wconf 89' lang='grc' dir='ltr'>συν-</span> 
     </span>
    </p>
   </div>
   <div class='ocr_carea' id='block_1_39' title="bbox 344 2871 1934 2952">
    <p class='ocr_par' dir='ltr' id='par_1_39' title="bbox 344 2871 1934 2952">
     <span class='ocr_line' id='line_1_39' title="bbox 344 2871 1934 2952; baseline 0.01 -31"><span class='ocrx_word' id='word_1_272' title='bbox 344 2871 640 2940; x_wconf 77' lang='grc' dir='ltr'>τεταμένον</span> <span class='ocrx_word' id='word_1_273' title='bbox 681 2873 887 2946; x_wconf 73' lang='grc' dir='ltr'>έχουσι.</span> <span class='ocrx_word' id='word_1_274' title='bbox 934 2880 1044 2932; x_wconf 76' lang='grc' dir='ltr'><strong>Καὶ</strong></span> <span class='ocrx_word' id='word_1_275' title='bbox 1097 2879 1162 2934; x_wconf 77' lang='grc' dir='ltr'>τὰ</span> <span class='ocrx_word' id='word_1_276' title='bbox 1217 2881 1504 2951; x_wconf 84' lang='grc' dir='ltr'>κυκλοειδῆ</span> <span class='ocrx_word' id='word_1_277' title='bbox 1548 2883 1605 2935; x_wconf 84' lang='grc' dir='ltr'>δὲ</span> <span class='ocrx_word' id='word_1_278' title='bbox 1642 2883 1869 2952; x_wconf 66' lang='grc' dir='ltr'>φεγγία,</span> <span class='ocrx_word' id='word_1_279' title='bbox 1897 2883 1934 2937; x_wconf 77' lang='grc' dir='ltr'><strong>ἃ.</strong></span> 
     </span>
    </p>
   </div>
   <div class='ocr_carea' id='block_1_40' title="bbox 346 2967 1934 3044">
    <p class='ocr_par' dir='ltr' id='par_1_40' title="bbox 346 2967 1934 3044">
     <span class='ocr_line' id='line_1_40' title="bbox 346 2967 1934 3044; baseline 0.009 -28"><span class='ocrx_word' id='word_1_280' title='bbox 346 2967 441 3016; x_wconf 75' lang='grc' dir='ltr'><strong>καὶ</strong></span> <span class='ocrx_word' id='word_1_281' title='bbox 477 2969 534 3019; x_wconf 86' lang='grc' dir='ltr'>ὲν</span> <span class='ocrx_word' id='word_1_282' title='bbox 581 2970 698 3032; x_wconf 84' lang='grc' dir='ltr'>ταῖς</span> <span class='ocrx_word' id='word_1_283' title='bbox 739 2969 847 3022; x_wconf 84' lang='grc' dir='ltr'>τῶν</span> <span class='ocrx_word' id='word_1_284' title='bbox 902 2971 1075 3040; x_wconf 77' lang='grc' dir='ltr'>ἁγίων</span> <span class='ocrx_word' id='word_1_285' title='bbox 1129 2975 1326 3041; x_wconf 71' lang='grc' dir='ltr'>εἰκόσι,</span> <span class='ocrx_word' id='word_1_286' title='bbox 1378 2977 1476 3044; x_wconf 72' lang='grc' dir='ltr'>τὴν</span> <span class='ocrx_word' id='word_1_287' title='bbox 1525 2976 1619 3030; x_wconf 83' lang='grc' dir='ltr'>τοῦ</span> <span class='ocrx_word' id='word_1_288' title='bbox 1659 2977 1796 3030; x_wconf 78' lang='grc' dir='ltr'>Θεοῦ</span> <span class='ocrx_word' id='word_1_289' title='bbox 1842 2980 1934 3032; x_wconf 78' lang='grc' dir='ltr'><strong>τοῦ</strong></span> 
     </span>
    </p>
   </div>
   <div class='ocr_carea' id='block_1_41' title="bbox 346 3057 1936 3139">
    <p class='ocr_par' dir='ltr' id='par_1_41' title="bbox 346 3057 1936 3139">
     <span class='ocr_line' id='line_1_41' title="bbox 346 3057 1936 3139; baseline 0.008 -30"><span class='ocrx_word' id='word_1_290' title='bbox 346 3057 584 3128; x_wconf 83' lang='grc' dir='ltr'>ἀνάρχου</span> <span class='ocrx_word' id='word_1_291' title='bbox 615 3078 673 3113; x_wconf 91' lang='grc' dir='ltr'><strong>τε</strong></span> <span class='ocrx_word' id='word_1_292' title='bbox 709 3064 806 3115; x_wconf 78' lang='grc' dir='ltr'><strong>καὶ</strong></span> <span class='ocrx_word' id='word_1_293' title='bbox 837 3064 1202 3135; x_wconf 76' lang='grc' dir='ltr'>ἀτελευτήτου</span> <span class='ocrx_word' id='word_1_294' title='bbox 1229 3069 1392 3137; x_wconf 76' lang='grc' dir='ltr'>χάριν</span> <span class='ocrx_word' id='word_1_295' title='bbox 1424 3071 1517 3122; x_wconf 65' lang='grc' dir='ltr'>καὶ</span> <span class='ocrx_word' id='word_1_296' title='bbox 1545 3069 1812 3139; x_wconf 78' lang='grc' dir='ltr'>ἕλλαμψιν</span> <span class='ocrx_word' id='word_1_297' title='bbox 1847 3073 1936 3124; x_wconf 75' lang='grc' dir='ltr'>καὶ</span> 
     </span>
    </p>
   </div>
   <div class='ocr_carea' id='block_1_42' title="bbox 2549 1419 3132 1490">
    <p class='ocr_par' dir='ltr' id='par_1_42' title="bbox 2549 1419 3132 1490">
     <span class='ocr_line' id='line_1_42' title="bbox 2549 1419 3132 1490; baseline -0.012 -11"><span class='ocrx_word' id='word_1_298' title='bbox 2549 1421 2881 1490; x_wconf 53' lang='grc' dir='ltr'>ρλυΑεετιο</span> <span class='ocrx_word' id='word_1_299' title='bbox 2945 1419 3132 1474; x_wconf 78' lang='lat' dir='ltr'><strong>XVlll.</strong></span> 
     </span>
    </p>
   </div>
   <div class='ocr_carea' id='block_1_43' title="bbox 2053 1531 3638 1611">
    <p class='ocr_par' dir='ltr' id='par_1_43' title="bbox 2053 1531 3638 1611">
     <span class='ocr_line' id='line_1_43' title="bbox 2053 1531 3638 1611; baseline -0.007 -17"><span class='ocrx_word' id='word_1_300' title='bbox 2053 1541 2200 1607; x_wconf 83' lang='lat' dir='ltr'><strong>Quid</strong></span> <span class='ocrx_word' id='word_1_301' title='bbox 2237 1541 2504 1611; x_wconf 81' lang='lat' dir='ltr'><strong>signiﬁcet</strong></span> <span class='ocrx_word' id='word_1_302' title='bbox 2539 1543 2679 1607; x_wconf 80' lang='lat' dir='ltr'><strong>quod</strong></span> <span class='ocrx_word' id='word_1_303' title='bbox 2705 1540 2759 1591; x_wconf 87' lang='lat' dir='ltr'><strong>in</strong></span> <span class='ocrx_word' id='word_1_304' title='bbox 2787 1554 3062 1611; x_wconf 77' lang='lat' dir='ltr'><strong>sacrorum</strong></span> <span class='ocrx_word' id='word_1_305' title='bbox 3085 1609 3092 1611; x_wconf 70' lang='lat'><strong><em>_</em></strong></span> <span class='ocrx_word' id='word_1_306' title='bbox 3113 1549 3416 1611; x_wconf 64' lang='lat' dir='ltr'><strong>augmorunt</strong></span> <span class='ocrx_word' id='word_1_307' title='bbox 3445 1531 3638 1601; x_wconf 86' lang='lat' dir='ltr'><strong>imagi-</strong></span> 
     </span>
    </p>
   </div>
   <div class='ocr_carea' id='block_1_44' title="bbox 2124 1605 3640 1677">
    <p class='ocr_par' dir='ltr' id='par_1_44' title="bbox 2124 1605 3640 1677">
     <span class='ocr_line' id='line_1_44' title="bbox 2124 1605 3640 1677; baseline -0.004 -12"><span class='ocrx_word' id='word_1_308' title='bbox 2124 1605 2626 1675; x_wconf 35' lang='lat' dir='ltr'><strong>nibusvconspicitur</strong></span> <span class='ocrx_word' id='word_1_309' title='bbox 2655 1609 2894 1668; x_wconf 76' lang='lat' dir='ltr'><strong>mantile,</strong></span> <span class='ocrx_word' id='word_1_310' title='bbox 2925 1618 2971 1660; x_wconf 85' lang='lat' dir='ltr'><strong>et</strong></span> <span class='ocrx_word' id='word_1_311' title='bbox 3002 1609 3093 1677; x_wconf 77' lang='lat' dir='ltr'><strong>qui</strong></span> <span class='ocrx_word' id='word_1_312' title='bbox 3119 1610 3322 1660; x_wconf 78' lang='lat' dir='ltr'><strong>nimbus</strong></span> <span class='ocrx_word' id='word_1_313' title='bbox 3348 1605 3487 1677; x_wconf 52' lang='lat' dir='ltr'><strong>circa</strong></span> <span class='ocrx_word' id='word_1_314' title='bbox 3543 1620 3640 1677; x_wconf 58' lang='grc' dir='ltr'>αιξο</span> 
     </span>
    </p>
   </div>
   <div class='ocr_carea' id='block_1_45' title="bbox 2123 1673 3669 1753">
    <p class='ocr_par' dir='ltr' id='par_1_45' title="bbox 2123 1673 3669 1753">
     <span class='ocr_line' id='line_1_45' title="bbox 2123 1673 3669 1753; baseline -0.003 -18"><span class='ocrx_word' id='word_1_315' title='bbox 2123 1687 2363 1753; x_wconf 85' lang='lat' dir='ltr'><strong>gelorum</strong></span> <span class='ocrx_word' id='word_1_316' title='bbox 2418 1673 2821 1753; x_wconf 69' lang='lat' dir='ltr'><strong>sanctorumque</strong></span> <span class='ocrx_word' id='word_1_317' title='bbox 2857 1673 3034 1745; x_wconf 69' lang='lat' dir='ltr'><strong>capite</strong></span> <span class='ocrx_word' id='word_1_318' title='bbox 3058 1719 3071 1738; x_wconf 88' lang='lat'><strong>,</strong></span> <span class='ocrx_word' id='word_1_319' title='bbox 3098 1690 3146 1753; x_wconf 71' lang='lat' dir='ltr'><strong>et</strong></span> <span class='ocrx_word' id='word_1_320' title='bbox 3177 1674 3454 1753; x_wconf 70' lang='lat' dir='ltr'><strong>circularis</strong></span> <span class='ocrx_word' id='word_1_321' title='bbox 3481 1673 3669 1724; x_wconf 71' lang='lat' dir='ltr'><strong>&quot;ubi--</strong></span> 
     </span>
    </p>
   </div>
   <div class='ocr_carea' id='block_1_46' title="bbox 2121 1748 3282 1824">
    <p class='ocr_par' dir='ltr' id='par_1_46' title="bbox 2121 1748 3282 1824">
     <span class='ocr_line' id='line_1_46' title="bbox 2121 1748 3282 1824; baseline -0.005 -16"><span class='ocrx_word' id='word_1_322' title='bbox 2121 1748 2308 1824; x_wconf 63' lang='lat' dir='ltr'><strong>formis</strong></span> <span class='ocrx_word' id='word_1_323' title='bbox 2341 1753 2514 1821; x_wconf 77' lang='lat' dir='ltr'><strong>ﬁgura</strong></span> <span class='ocrx_word' id='word_1_324' title='bbox 2551 1751 2603 1802; x_wconf 73' lang='lat' dir='ltr'><strong>in</strong></span> <span class='ocrx_word' id='word_1_325' title='bbox 2653 1748 2962 1819; x_wconf 74' lang='lat' dir='ltr'><strong>angelorum</strong></span> <span class='ocrx_word' id='word_1_326' title='bbox 2993 1751 3282 1802; x_wconf 79' lang='lat' dir='ltr'><strong>manibus?</strong></span> 
     </span>
    </p>
   </div>
   <div class='ocr_carea' id='block_1_47' title="bbox 2121 1865 3636 1936">
    <p class='ocr_par' dir='ltr' id='par_1_47' title="bbox 2121 1865 3636 1936">
     <span class='ocr_line' id='line_1_47' title="bbox 2121 1865 3636 1936; baseline -0.003 -12"><span class='ocrx_word' id='word_1_327' title='bbox 2121 1872 2254 1936; x_wconf 72' lang='lat' dir='ltr'><strong>Qua:</strong></span> <span class='ocrx_word' id='word_1_328' title='bbox 2307 1869 2452 1923; x_wconf 90' lang='lat' dir='ltr'><strong>circa</strong></span> <span class='ocrx_word' id='word_1_329' title='bbox 2488 1867 2766 1936; x_wconf 64' lang='lat' dir='ltr'><strong>{temp-ora,</strong></span> <span class='ocrx_word' id='word_1_330' title='bbox 2828 1867 2882 1918; x_wconf 87' lang='lat' dir='ltr'><strong>in</strong></span> <span class='ocrx_word' id='word_1_331' title='bbox 2939 1865 3271 1934; x_wconf 79' lang='lat' dir='ltr'><strong>imaginibus</strong></span> <span class='ocrx_word' id='word_1_332' title='bbox 3319 1866 3636 1935; x_wconf 81' lang='lat' dir='ltr'><strong>angelorum</strong></span> 
     </span>
    </p>
   </div>
   <div class='ocr_carea' id='block_1_48' title="bbox 2049 1961 3639 2033">
    <p class='ocr_par' dir='ltr' id='par_1_48' title="bbox 2049 1961 3639 2033">
     <span class='ocr_line' id='line_1_48' title="bbox 2049 1961 3639 2033; baseline -0.005 -13"><span class='ocrx_word' id='word_1_333' title='bbox 2049 1964 2361 2033; x_wconf 76' lang='lat' dir='ltr'><strong>depingitur</strong></span> <span class='ocrx_word' id='word_1_334' title='bbox 2393 1962 2586 2028; x_wconf 76' lang='lat' dir='ltr'><strong>infula,</strong></span> <span class='ocrx_word' id='word_1_335' title='bbox 2607 1962 2954 2016; x_wconf 83' lang='lat' dir='ltr'><strong>sanctitatem</strong></span> <span class='ocrx_word' id='word_1_336' title='bbox 2989 1961 3185 2014; x_wconf 76' lang='lat' dir='ltr'><strong>mentis</strong></span> <span class='ocrx_word' id='word_1_337' title='bbox 3217 1977 3408 2015; x_wconf 89' lang='lat' dir='ltr'><strong>eorum</strong></span> <span class='ocrx_word' id='word_1_338' title='bbox 3443 1961 3639 2015; x_wconf 89' lang='lat' dir='ltr'><strong>adum-</strong></span> 
     </span>
    </p>
   </div>
   <div class='ocr_carea' id='block_1_49' title="bbox 2049 2055 3640 2125">
    <p class='ocr_par' dir='ltr' id='par_1_49' title="bbox 2049 2055 3640 2125">
     <span class='ocr_line' id='line_1_49' title="bbox 2049 2055 3640 2125; baseline -0.001 -14"><span class='ocrx_word' id='word_1_339' title='bbox 2049 2057 2196 2111; x_wconf 83' lang='lat' dir='ltr'><strong>brat.</strong></span> <span class='ocrx_word' id='word_1_340' title='bbox 2231 2055 2339 2110; x_wconf 74' lang='lat' dir='ltr'><strong>Illae</strong></span> <span class='ocrx_word' id='word_1_341' title='bbox 2371 2056 2589 2125; x_wconf 88' lang='lat' dir='ltr'><strong>quidem</strong></span> <span class='ocrx_word' id='word_1_342' title='bbox 2633 2064 2836 2109; x_wconf 76' lang='lat' dir='ltr'><strong>sanctae</strong></span> <span class='ocrx_word' id='word_1_343' title='bbox 2879 2057 3077 2110; x_wconf 88' lang='lat' dir='ltr'><strong>mentis</strong></span> <span class='ocrx_word' id='word_1_344' title='bbox 3118 2055 3230 2109; x_wconf 88' lang='lat' dir='ltr'><strong>Deo</strong></span> <span class='ocrx_word' id='word_1_345' title='bbox 3278 2057 3640 2124; x_wconf 83' lang='lat' dir='ltr'><strong>spiritualiter</strong></span> 
     </span>
    </p>
   </div>
   <div class='ocr_carea' id='block_1_50' title="bbox 2052 2146 3634 2217">
    <p class='ocr_par' dir='ltr' id='par_1_50' title="bbox 2052 2146 3634 2217">
     <span class='ocr_line' id='line_1_50' title="bbox 2052 2146 3634 2217; baseline -0.001 -13"><span class='ocrx_word' id='word_1_346' title='bbox 2052 2149 2343 2212; x_wconf 90' lang='lat' dir='ltr'><strong>uniuntur,</strong></span> <span class='ocrx_word' id='word_1_347' title='bbox 2388 2160 2442 2202; x_wconf 90' lang='lat' dir='ltr'><strong>et</strong></span> <span class='ocrx_word' id='word_1_348' title='bbox 2472 2164 2578 2202; x_wconf 92' lang='lat' dir='ltr'><strong>non</strong></span> <span class='ocrx_word' id='word_1_349' title='bbox 2621 2148 2684 2201; x_wconf 92' lang='lat' dir='ltr'><strong>ad</strong></span> <span class='ocrx_word' id='word_1_350' title='bbox 2733 2157 2956 2201; x_wconf 80' lang='lat' dir='ltr'><strong>externa</strong></span> <span class='ocrx_word' id='word_1_351' title='bbox 2995 2146 3247 2202; x_wconf 77' lang='lat' dir='ltr'><strong>feruntur</strong></span> <span class='ocrx_word' id='word_1_352' title='bbox 3281 2149 3386 2204; x_wconf 85' lang='lat' dir='ltr'><strong>nisi</strong></span> <span class='ocrx_word' id='word_1_353' title='bbox 3413 2149 3537 2217; x_wconf 89' lang='lat' dir='ltr'><strong>quia</strong></span> <span class='ocrx_word' id='word_1_354' title='bbox 3576 2149 3634 2203; x_wconf 92' lang='lat' dir='ltr'><strong>in</strong></span> 
     </span>
    </p>
   </div>
   <div class='ocr_carea' id='block_1_51' title="bbox 2051 2239 3640 2308">
    <p class='ocr_par' dir='ltr' id='par_1_51' title="bbox 2051 2239 3640 2308">
     <span class='ocr_line' id='line_1_51' title="bbox 2051 2239 3640 2308; baseline -0.001 -11"><span class='ocrx_word' id='word_1_355' title='bbox 2051 2253 2297 2297; x_wconf 84' lang='lat' dir='ltr'><strong>nostram</strong></span> <span class='ocrx_word' id='word_1_356' title='bbox 2327 2241 2634 2296; x_wconf 87' lang='lat' dir='ltr'><strong>custodiam</strong></span> <span class='ocrx_word' id='word_1_357' title='bbox 2667 2249 2721 2294; x_wconf 88' lang='lat' dir='ltr'><strong>et</strong></span> <span class='ocrx_word' id='word_1_358' title='bbox 2745 2239 3114 2294; x_wconf 84' lang='lat' dir='ltr'><strong>eruditionem</strong></span> <span class='ocrx_word' id='word_1_359' title='bbox 3148 2239 3214 2294; x_wconf 85' lang='lat' dir='ltr'><strong>de</strong></span> <span class='ocrx_word' id='word_1_360' title='bbox 3246 2241 3385 2294; x_wconf 57' lang='lat' dir='ltr'><strong>cealo</strong></span> <span class='ocrx_word' id='word_1_361' title='bbox 3423 2258 3480 2296; x_wconf 89' lang='lat' dir='ltr'><strong>se</strong></span> <span class='ocrx_word' id='word_1_362' title='bbox 3511 2258 3640 2308; x_wconf 85' lang='lat' dir='ltr'><strong>pro-</strong></span> 
     </span>
    </p>
   </div>
   <div class='ocr_carea' id='block_1_52' title="bbox 2051 2331 3634 2401">
    <p class='ocr_par' dir='ltr' id='par_1_52' title="bbox 2051 2331 3634 2401">
     <span class='ocr_line' id='line_1_52' title="bbox 2051 2331 3634 2401; baseline -0.001 -11"><span class='ocrx_word' id='word_1_363' title='bbox 2051 2335 2288 2390; x_wconf 79' lang='lat' dir='ltr'><strong>fundunt</strong></span> <span class='ocrx_word' id='word_1_364' title='bbox 2313 2349 2431 2386; x_wconf 88' lang='lat' dir='ltr'><strong>cum</strong></span> <span class='ocrx_word' id='word_1_365' title='bbox 2457 2347 2671 2385; x_wconf 85' lang='lat' dir='ltr'><strong>summa</strong></span> <span class='ocrx_word' id='word_1_366' title='bbox 2697 2331 3099 2386; x_wconf 78' lang='lat' dir='ltr'><strong>benevolentia.</strong></span> <span class='ocrx_word' id='word_1_367' title='bbox 3127 2333 3306 2400; x_wconf 81' lang='lat' dir='ltr'><strong>Atque</strong></span> <span class='ocrx_word' id='word_1_368' title='bbox 3354 2333 3590 2401; x_wconf 89' lang='lat' dir='ltr'><strong>amplius</strong></span> <span class='ocrx_word' id='word_1_369' title='bbox 3620 2351 3634 2387; x_wconf 90' lang='lat'><strong>:</strong></span> 
     </span>
    </p>
   </div>
   <div class='ocr_carea' id='block_1_53' title="bbox 2051 2420 3638 2494">
    <p class='ocr_par' dir='ltr' id='par_1_53' title="bbox 2051 2420 3638 2494">
     <span class='ocr_line' id='line_1_53' title="bbox 2051 2420 3638 2494; baseline -0.003 -13"><span class='ocrx_word' id='word_1_370' title='bbox 2051 2436 2109 2482; x_wconf 82' lang='lat' dir='ltr'><strong>ut</strong></span> <span class='ocrx_word' id='word_1_371' title='bbox 2140 2436 2269 2481; x_wconf 90' lang='lat' dir='ltr'><strong>sunt</strong></span> <span class='ocrx_word' id='word_1_372' title='bbox 2317 2425 2438 2494; x_wconf 90' lang='lat' dir='ltr'><strong>puri</strong></span> <span class='ocrx_word' id='word_1_373' title='bbox 2472 2431 2526 2479; x_wconf 88' lang='lat' dir='ltr'><strong>et</strong></span> <span class='ocrx_word' id='word_1_374' title='bbox 2579 2425 2699 2478; x_wconf 88' lang='lat' dir='ltr'><strong>sine</strong></span> <span class='ocrx_word' id='word_1_375' title='bbox 2748 2420 2996 2491; x_wconf 71' lang='lat' dir='ltr'><strong>corpbre,</strong></span> <span class='ocrx_word' id='word_1_376' title='bbox 3051 2423 3183 2476; x_wconf 83' lang='lat' dir='ltr'><strong>vitta</strong></span> <span class='ocrx_word' id='word_1_377' title='bbox 3231 2423 3318 2476; x_wconf 88' lang='lat' dir='ltr'><strong>illa</strong></span> <span class='ocrx_word' id='word_1_378' title='bbox 3362 2423 3638 2477; x_wconf 87' lang='lat' dir='ltr'><strong>donantur</strong></span> 
     </span>
    </p>
   </div>
   <div class='ocr_carea' id='block_1_54' title="bbox 2047 2515 3636 2588">
    <p class='ocr_par' dir='ltr' id='par_1_54' title="bbox 2047 2515 3636 2588">
     <span class='ocr_line' id='line_1_54' title="bbox 2047 2515 3636 2588; baseline -0.002 -15"><span class='ocrx_word' id='word_1_379' title='bbox 2047 2519 2205 2588; x_wconf 88' lang='lat' dir='ltr'><strong>quasi</strong></span> <span class='ocrx_word' id='word_1_380' title='bbox 2231 2533 2458 2580; x_wconf 85' lang='lat' dir='ltr'><strong>corona,</strong></span> <span class='ocrx_word' id='word_1_381' title='bbox 2501 2517 2554 2570; x_wconf 91' lang='lat' dir='ltr'><strong>in</strong></span> <span class='ocrx_word' id='word_1_382' title='bbox 2591 2517 2806 2586; x_wconf 84' lang='lat' dir='ltr'><strong>signum</strong></span> <span class='ocrx_word' id='word_1_383' title='bbox 2856 2527 3093 2581; x_wconf 68' lang='lat' dir='ltr'><strong>aeternae,</strong></span> <span class='ocrx_word' id='word_1_384' title='bbox 3125 2515 3366 2569; x_wconf 72' lang='lat' dir='ltr'><strong>emlestis</strong></span> <span class='ocrx_word' id='word_1_385' title='bbox 3398 2524 3451 2570; x_wconf 87' lang='lat' dir='ltr'><strong>ct</strong></span> <span class='ocrx_word' id='word_1_386' title='bbox 3498 2518 3636 2570; x_wconf 85' lang='lat' dir='ltr'><strong>inte-</strong></span> 
     </span>
    </p>
   </div>
   <div class='ocr_carea' id='block_1_55' title="bbox 2047 2594 3637 2678">
    <p class='ocr_par' dir='ltr' id='par_1_55' title="bbox 2047 2594 3637 2678">
     <span class='ocr_line' id='line_1_55' title="bbox 2047 2594 3637 2678; baseline -0.004 -12"><span class='ocrx_word' id='word_1_387' title='bbox 2047 2620 2273 2666; x_wconf 68' lang='lat' dir='ltr'><strong>merata:</strong></span> <span class='ocrx_word' id='word_1_388' title='bbox 2309 2625 2415 2678; x_wconf 87' lang='lat' dir='ltr'><strong>qua</strong></span> <span class='ocrx_word' id='word_1_389' title='bbox 2461 2609 2633 2663; x_wconf 88' lang='lat' dir='ltr'><strong>nitent</strong></span> <span class='ocrx_word' id='word_1_390' title='bbox 2671 2607 3021 2662; x_wconf 56' lang='lat' dir='ltr'><strong>innocentia}.</strong></span> <span class='ocrx_word' id='word_1_391' title='bbox 3056 2606 3169 2660; x_wconf 84' lang='lat' dir='ltr'><strong>Hae</strong></span> <span class='ocrx_word' id='word_1_392' title='bbox 3205 2594 3438 2673; x_wconf 86' lang='lat' dir='ltr'><strong>denique</strong></span> <span class='ocrx_word' id='word_1_393' title='bbox 3465 2609 3637 2675; x_wconf 85' lang='lat' dir='ltr'><strong>capil-</strong></span> 
     </span>
    </p>
   </div>
   <div class='ocr_carea' id='block_1_56' title="bbox 2048 2697 3636 2767">
    <p class='ocr_par' dir='ltr' id='par_1_56' title="bbox 2048 2697 3636 2767">
     <span class='ocr_line' id='line_1_56' title="bbox 2048 2697 3636 2767; baseline -0.003 -11"><span class='ocrx_word' id='word_1_394' title='bbox 2048 2705 2130 2758; x_wconf 82' lang='lat' dir='ltr'><strong>los</strong></span> <span class='ocrx_word' id='word_1_395' title='bbox 2166 2702 2368 2756; x_wconf 79' lang='lat' dir='ltr'><strong>habent</strong></span> <span class='ocrx_word' id='word_1_396' title='bbox 2395 2698 2630 2754; x_wconf 83' lang='lat' dir='ltr'><strong>nodatos</strong></span> <span class='ocrx_word' id='word_1_397' title='bbox 2662 2699 2785 2767; x_wconf 83' lang='lat' dir='ltr'><strong>quia</strong></span> <span class='ocrx_word' id='word_1_398' title='bbox 2817 2698 3042 2751; x_wconf 86' lang='lat' dir='ltr'><strong>minime</strong></span> <span class='ocrx_word' id='word_1_399' title='bbox 3067 2697 3133 2750; x_wconf 79' lang='lat' dir='ltr'><strong>ad</strong></span> <span class='ocrx_word' id='word_1_400' title='bbox 3160 2697 3432 2750; x_wconf 76' lang='lat' dir='ltr'><strong>instabilia</strong></span> <span class='ocrx_word' id='word_1_401' title='bbox 3463 2705 3516 2751; x_wconf 85' lang='lat' dir='ltr'><strong>et</strong></span> <span class='ocrx_word' id='word_1_402' title='bbox 3543 2714 3636 2751; x_wconf 89' lang='lat' dir='ltr'><strong>su-</strong></span> 
     </span>
    </p>
   </div>
   <div class='ocr_carea' id='block_1_57' title="bbox 2047 2789 3636 2866">
    <p class='ocr_par' dir='ltr' id='par_1_57' title="bbox 2047 2789 3636 2866">
     <span class='ocr_line' id='line_1_57' title="bbox 2047 2789 3636 2866; baseline -0.003 -16"><span class='ocrx_word' id='word_1_403' title='bbox 2047 2793 2253 2866; x_wconf 74' lang='lat' dir='ltr'><strong>perflua</strong></span> <span class='ocrx_word' id='word_1_404' title='bbox 2288 2800 2600 2857; x_wconf 81' lang='lat' dir='ltr'><strong>moventur,</strong></span> <span class='ocrx_word' id='word_1_405' title='bbox 2631 2789 2726 2844; x_wconf 86' lang='lat' dir='ltr'><strong>sed</strong></span> <span class='ocrx_word' id='word_1_406' title='bbox 2753 2797 2964 2842; x_wconf 85' lang='lat' dir='ltr'><strong>tantum</strong></span> <span class='ocrx_word' id='word_1_407' title='bbox 2985 2789 3053 2843; x_wconf 89' lang='lat' dir='ltr'><strong>ad</strong></span> <span class='ocrx_word' id='word_1_408' title='bbox 3083 2790 3265 2843; x_wconf 88' lang='lat' dir='ltr'><strong>divina</strong></span> <span class='ocrx_word' id='word_1_409' title='bbox 3292 2801 3343 2843; x_wconf 88' lang='lat' dir='ltr'><strong>et</strong></span> <span class='ocrx_word' id='word_1_410' title='bbox 3381 2790 3636 2856; x_wconf 84' lang='lat' dir='ltr'><strong>perutilia</strong></span> 
     </span>
    </p>
   </div>
   <div class='ocr_carea' id='block_1_58' title="bbox 2047 2880 3635 2956">
    <p class='ocr_par' dir='ltr' id='par_1_58' title="bbox 2047 2880 3635 2956">
     <span class='ocr_line' id='line_1_58' title="bbox 2047 2880 3635 2956; baseline -0.004 -16"><span class='ocrx_word' id='word_1_411' title='bbox 2047 2892 2316 2956; x_wconf 81' lang='lat' dir='ltr'><strong>spectant,</strong></span> <span class='ocrx_word' id='word_1_412' title='bbox 2363 2894 2413 2938; x_wconf 90' lang='lat' dir='ltr'><strong>et</strong></span> <span class='ocrx_word' id='word_1_413' title='bbox 2461 2892 2698 2936; x_wconf 79' lang='lat' dir='ltr'><strong>mentem</strong></span> <span class='ocrx_word' id='word_1_414' title='bbox 2746 2880 2952 2950; x_wconf 81' lang='lat' dir='ltr'><strong>jugiter</strong></span> <span class='ocrx_word' id='word_1_415' title='bbox 2991 2895 3210 2934; x_wconf 82' lang='lat' dir='ltr'><strong>sursum</strong></span> <span class='ocrx_word' id='word_1_416' title='bbox 3270 2881 3420 2934; x_wconf 92' lang='lat' dir='ltr'><strong>omni</strong></span> <span class='ocrx_word' id='word_1_417' title='bbox 3463 2896 3635 2935; x_wconf 89' lang='lat' dir='ltr'><strong>cona-</strong></span> 
     </span>
    </p>
   </div>
   <div class='ocr_carea' id='block_1_59' title="bbox 2046 2974 3633 3042">
    <p class='ocr_par' dir='ltr' id='par_1_59' title="bbox 2046 2974 3633 3042">
     <span class='ocr_line' id='line_1_59' title="bbox 2046 2974 3633 3042; baseline -0.004 -9"><span class='ocrx_word' id='word_1_418' title='bbox 2046 2983 2190 3033; x_wconf 87' lang='lat' dir='ltr'><strong>nime</strong></span> <span class='ocrx_word' id='word_1_419' title='bbox 2224 2976 2425 3033; x_wconf 77' lang='lat' dir='ltr'><strong>ierunt.</strong></span> <span class='ocrx_word' id='word_1_420' title='bbox 2467 2975 2668 3029; x_wconf 87' lang='lat' dir='ltr'><strong>Deinde</strong></span> <span class='ocrx_word' id='word_1_421' title='bbox 2701 2974 2754 3027; x_wconf 93' lang='lat' dir='ltr'><strong>in</strong></span> <span class='ocrx_word' id='word_1_422' title='bbox 2795 2974 3122 3042; x_wconf 82' lang='lat' dir='ltr'><strong>imaginibus</strong></span> <span class='ocrx_word' id='word_1_423' title='bbox 3157 2983 3470 3028; x_wconf 86' lang='lat' dir='ltr'><strong>sanctorum</strong></span> <span class='ocrx_word' id='word_1_424' title='bbox 3520 2975 3633 3029; x_wconf 83' lang='lat' dir='ltr'><strong>cir-</strong></span> 
     </span>
    </p>
   </div>
   <div class='ocr_carea' id='block_1_60' title="bbox 2046 3064 3633 3134">
    <p class='ocr_par' dir='ltr' id='par_1_60' title="bbox 2046 3064 3633 3134">
     <span class='ocr_line' id='line_1_60' title="bbox 2046 3064 3633 3134; baseline -0.004 -11"><span class='ocrx_word' id='word_1_425' title='bbox 2046 3068 2264 3123; x_wconf 74' lang='lat' dir='ltr'><strong>cultfres</strong></span> <span class='ocrx_word' id='word_1_426' title='bbox 2297 3075 2598 3121; x_wconf 89' lang='lat' dir='ltr'><strong>cernuntur</strong></span> <span class='ocrx_word' id='word_1_427' title='bbox 2628 3064 2799 3118; x_wconf 83' lang='lat' dir='ltr'><strong>nimbi</strong></span> <span class='ocrx_word' id='word_1_428' title='bbox 2829 3065 2920 3131; x_wconf 85' lang='lat' dir='ltr'><strong>qui</strong></span> <span class='ocrx_word' id='word_1_429' title='bbox 2952 3074 3349 3131; x_wconf 84' lang='lat' dir='ltr'><strong>repraesentant</strong></span> <span class='ocrx_word' id='word_1_430' title='bbox 3374 3064 3633 3134; x_wconf 81' lang='lat' dir='ltr'><strong>gratiam,</strong></span> 
     </span>
    </p>
   </div>
   <div class='ocr_carea' id='block_1_61' title="bbox 345 3150 1938 3236">
    <p class='ocr_par' dir='ltr' id='par_1_61' title="bbox 345 3150 1931 3234">
     <span class='ocr_line' id='line_1_61' title="bbox 345 3150 1931 3234; baseline 0.011 -33"><span class='ocrx_word' id='word_1_431' title='bbox 345 3150 630 3220; x_wconf 72' lang='grc' dir='ltr'>ἐνέργειαν</span> <span class='ocrx_word' id='word_1_432' title='bbox 662 3157 1093 3226; x_wconf 79' lang='grc' dir='ltr'>ὑπεμιραίνουσι.</span> <span class='ocrx_word' id='word_1_433' title='bbox 1143 3160 1279 3230; x_wconf 81' lang='grc' dir='ltr'>Παρ⁹</span> <span class='ocrx_word' id='word_1_434' title='bbox 1313 3155 1380 3231; x_wconf 80' lang='grc' dir='ltr'>ἧς</span> <span class='ocrx_word' id='word_1_435' title='bbox 1427 3164 1802 3234; x_wconf 81' lang='grc' dir='ltr'>ἐνισχυοέντες</span> <span class='ocrx_word' id='word_1_436' title='bbox 1835 3167 1931 3218; x_wconf 74' lang='grc' dir='ltr'><strong>καὶ</strong></span> 
     </span>
    </p>
   </div>
   <div class='ocr_carea' id='block_1_62' title="bbox 2046 3150 3630 3236">
    <p class='ocr_par' dir='ltr' id='par_1_62' title="bbox 2046 3152 3630 3228">
     <span class='ocr_line' id='line_1_62' title="bbox 2046 3152 3630 3228; baseline -0.001 -15"><span class='ocrx_word' id='word_1_437' title='bbox 2046 3158 2383 3228; x_wconf 73' lang='lat' dir='ltr'><strong>splendorem</strong></span> <span class='ocrx_word' id='word_1_438' title='bbox 2411 3164 2465 3210; x_wconf 87' lang='lat' dir='ltr'><strong>et</strong></span> <span class='ocrx_word' id='word_1_439' title='bbox 2497 3156 2795 3224; x_wconf 82' lang='lat' dir='ltr'><strong>potentiam</strong></span> <span class='ocrx_word' id='word_1_440' title='bbox 2841 3152 2934 3208; x_wconf 86' lang='lat' dir='ltr'><strong>Dei</strong></span> <span class='ocrx_word' id='word_1_441' title='bbox 2965 3170 3074 3208; x_wconf 90' lang='lat' dir='ltr'><strong>non</strong></span> <span class='ocrx_word' id='word_1_442' title='bbox 3129 3155 3382 3209; x_wconf 86' lang='lat' dir='ltr'><strong>habentis</strong></span> <span class='ocrx_word' id='word_1_443' title='bbox 3412 3157 3630 3211; x_wconf 88' lang='lat' dir='ltr'><strong>initium</strong></span> 
     </span>
    </p>
   </div>
   <div class='ocr_carea' id='block_1_63' title="bbox 344 3247 1936 3324">
    <p class='ocr_par' dir='ltr' id='par_1_63' title="bbox 344 3247 1936 3324">
     <span class='ocr_line' id='line_1_63' title="bbox 344 3247 1936 3324; baseline 0.009 -27"><span class='ocrx_word' id='word_1_444' title='bbox 344 3247 730 3312; x_wconf 76' lang='grc' dir='ltr'>φωτισθέντες,</span> <span class='ocrx_word' id='word_1_445' title='bbox 762 3248 1002 3320; x_wconf 76' lang='grc' dir='ltr'>ἤρξαντο</span> <span class='ocrx_word' id='word_1_446' title='bbox 1028 3253 1124 3306; x_wconf 78' lang='grc' dir='ltr'>τοῦ</span> <span class='ocrx_word' id='word_1_447' title='bbox 1157 3256 1392 3324; x_wconf 80' lang='grc' dir='ltr'>ἀγῶνος,</span> <span class='ocrx_word' id='word_1_448' title='bbox 1419 3258 1514 3311; x_wconf 73' lang='grc' dir='ltr'>καὶ</span> <span class='ocrx_word' id='word_1_449' title='bbox 1541 3257 1724 3321; x_wconf 84' lang='grc' dir='ltr'>καλῶς</span> <span class='ocrx_word' id='word_1_450' title='bbox 1749 3258 1936 3311; x_wconf 80' lang='grc' dir='ltr'>τοῦτον</span> 
     </span>
    </p>
   </div>
   <div class='ocr_carea' id='block_1_64' title="bbox 343 3340 1935 3420">
    <p class='ocr_par' dir='ltr' id='par_1_64' title="bbox 343 3340 1935 3420">
     <span class='ocr_line' id='line_1_64' title="bbox 343 3340 1935 3420; baseline 0.011 -32"><span class='ocrx_word' id='word_1_451' title='bbox 343 3340 714 3406; x_wconf 75' lang='grc' dir='ltr'>τετελεκότες,</span> <span class='ocrx_word' id='word_1_452' title='bbox 748 3342 835 3395; x_wconf 78' lang='grc' dir='ltr'>ἀεί</span> <span class='ocrx_word' id='word_1_453' title='bbox 861 3346 968 3396; x_wconf 79' lang='grc' dir='ltr'>εἰσι</span> <span class='ocrx_word' id='word_1_454' title='bbox 1000 3347 1140 3414; x_wconf 84' lang='grc' dir='ltr'>μετὰ</span> <span class='ocrx_word' id='word_1_455' title='bbox 1171 3348 1267 3400; x_wconf 82' lang='grc' dir='ltr'>τοῦ</span> <span class='ocrx_word' id='word_1_456' title='bbox 1317 3349 1476 3413; x_wconf 82' lang='grc' dir='ltr'>Θεοῦ,</span> <span class='ocrx_word' id='word_1_457' title='bbox 1514 3353 1607 3406; x_wconf 71' lang='grc' dir='ltr'>καὶ</span> <span class='ocrx_word' id='word_1_458' title='bbox 1639 3351 1738 3420; x_wconf 80' lang='grc' dir='ltr'><strong>τὴν</strong></span> <span class='ocrx_word' id='word_1_459' title='bbox 1769 3352 1935 3405; x_wconf 76' lang='grc' dir='ltr'>αὐτοῦ</span> 
     </span>
    </p>
   </div>
   <div class='ocr_carea' id='block_1_65' title="bbox 346 3431 1934 3513">
    <p class='ocr_par' dir='ltr' id='par_1_65' title="bbox 346 3431 1934 3513">
     <span class='ocr_line' id='line_1_65' title="bbox 346 3431 1934 3513; baseline 0.009 -29"><span class='ocrx_word' id='word_1_460' title='bbox 346 3431 500 3484; x_wconf 81' lang='grc' dir='ltr'>οεξαν</span> <span class='ocrx_word' id='word_1_461' title='bbox 528 3436 687 3505; x_wconf 79' lang='grc' dir='ltr'>χάριν</span> <span class='ocrx_word' id='word_1_462' title='bbox 727 3438 784 3489; x_wconf 84' lang='grc' dir='ltr'>ὲν</span> <span class='ocrx_word' id='word_1_463' title='bbox 811 3438 1031 3502; x_wconf 76' lang='grc' dir='ltr'>ἑαυτοῖς</span> <span class='ocrx_word' id='word_1_464' title='bbox 1063 3443 1330 3510; x_wconf 82' lang='grc' dir='ltr'>διηνεκῶς</span> <span class='ocrx_word' id='word_1_465' title='bbox 1375 3443 1610 3513; x_wconf 75' lang='grc' dir='ltr'>ἔχουσιν.</span> <span class='ocrx_word' id='word_1_466' title='bbox 1646 3445 1807 3507; x_wconf 86' lang='grc' dir='ltr'>Ἥτις</span> <span class='ocrx_word' id='word_1_467' title='bbox 1839 3444 1934 3498; x_wconf 81' lang='grc' dir='ltr'>τοῦ</span> 
     </span>
    </p>
   </div>
   <div class='ocr_carea' id='block_1_66' title="bbox 336 3524 1936 3608">
    <p class='ocr_par' dir='ltr' id='par_1_66' title="bbox 336 3524 1936 3608">
     <span class='ocr_line' id='line_1_66' title="bbox 336 3524 1936 3608; baseline 0.009 -30"><span class='ocrx_word' id='word_1_468' title='bbox 336 3526 478 3580; x_wconf 76' lang='grc' dir='ltr'>Θεοῦ</span> <span class='ocrx_word' id='word_1_469' title='bbox 528 3524 688 3594; x_wconf 78' lang='grc' dir='ltr'>οὖσα,</span> <span class='ocrx_word' id='word_1_470' title='bbox 737 3529 863 3584; x_wconf 77' lang='grc' dir='ltr'>οὔτε</span> <span class='ocrx_word' id='word_1_471' title='bbox 909 3535 1110 3605; x_wconf 83' lang='grc' dir='ltr'>ἀρχὴν,</span> <span class='ocrx_word' id='word_1_472' title='bbox 1158 3535 1281 3588; x_wconf 77' lang='grc' dir='ltr'>οὔτε</span> <span class='ocrx_word' id='word_1_473' title='bbox 1335 3538 1486 3599; x_wconf 85' lang='grc' dir='ltr'>τέλος</span> <span class='ocrx_word' id='word_1_474' title='bbox 1534 3538 1668 3608; x_wconf 78' lang='grc' dir='ltr'>ἔχει.</span> <span class='ocrx_word' id='word_1_475' title='bbox 1718 3539 1810 3592; x_wconf 76' lang='grc' dir='ltr'><strong>Διὸ</strong></span> <span class='ocrx_word' id='word_1_476' title='bbox 1838 3540 1936 3593; x_wconf 75' lang='grc' dir='ltr'><strong>καὶ</strong></span> 
     </span>
    </p>
   </div>
   <div class='ocr_carea' id='block_1_67' title="bbox 345 3627 1932 3705">
    <p class='ocr_par' dir='ltr' id='par_1_67' title="bbox 345 3627 1932 3705">
     <span class='ocr_line' id='line_1_67' title="bbox 345 3627 1932 3705; baseline 0.012 -28"><span class='ocrx_word' id='word_1_477' title='bbox 345 3627 658 3690; x_wconf 70' lang='grc' dir='ltr'>κυκλοειδές</span> <span class='ocrx_word' id='word_1_478' title='bbox 699 3630 872 3694; x_wconf 81' lang='grc' dir='ltr'>ἐστιν,</span> <span class='ocrx_word' id='word_1_479' title='bbox 911 3631 1004 3684; x_wconf 77' lang='grc' dir='ltr'>ἐπὶ</span> <span class='ocrx_word' id='word_1_480' title='bbox 1048 3631 1106 3685; x_wconf 84' lang='grc' dir='ltr'>δὲ</span> <span class='ocrx_word' id='word_1_481' title='bbox 1151 3632 1244 3686; x_wconf 81' lang='grc' dir='ltr'>τοῦ</span> <span class='ocrx_word' id='word_1_482' title='bbox 1295 3634 1553 3703; x_wconf 80' lang='grc' dir='ltr'>Σωτῆρος</span> <span class='ocrx_word' id='word_1_483' title='bbox 1611 3637 1932 3705; x_wconf 78' lang='grc' dir='ltr'>τριφεγγὲς,</span> 
     </span>
    </p>
   </div>
   <div class='ocr_carea' id='block_1_68' title="bbox 343 3713 1935 3798">
    <p class='ocr_par' dir='ltr' id='par_1_68' title="bbox 343 3713 1935 3798">
     <span class='ocr_line' id='line_1_68' title="bbox 343 3713 1935 3798; baseline 0.008 -29"><span class='ocrx_word' id='word_1_484' title='bbox 343 3715 427 3770; x_wconf 79' lang='grc' dir='ltr'><strong>ὅτι</strong></span> <span class='ocrx_word' id='word_1_485' title='bbox 456 3713 536 3781; x_wconf 76' lang='grc' dir='ltr'>εἷς</span> <span class='ocrx_word' id='word_1_486' title='bbox 584 3722 700 3774; x_wconf 88' lang='grc' dir='ltr'>ἐστι</span> <span class='ocrx_word' id='word_1_487' title='bbox 729 3725 828 3792; x_wconf 86' lang='grc' dir='ltr'>τῆς</span> <span class='ocrx_word' id='word_1_488' title='bbox 873 3722 1122 3792; x_wconf 83' lang='grc' dir='ltr'>Τριάδος,</span> <span class='ocrx_word' id='word_1_489' title='bbox 1159 3726 1249 3777; x_wconf 75' lang='grc' dir='ltr'>καὶ</span> <span class='ocrx_word' id='word_1_490' title='bbox 1281 3725 1339 3778; x_wconf 81' lang='grc' dir='ltr'>ἐν</span> <span class='ocrx_word' id='word_1_491' title='bbox 1390 3726 1542 3795; x_wconf 83' lang='grc' dir='ltr'>αὐτῷ</span> <span class='ocrx_word' id='word_1_492' title='bbox 1579 3728 1608 3779; x_wconf 86' lang='grc' dir='ltr'><strong>ὅ</strong></span> <span class='ocrx_word' id='word_1_493' title='bbox 1642 3744 1701 3779; x_wconf 89' lang='grc' dir='ltr'><strong>τε</strong></span> <span class='ocrx_word' id='word_1_494' title='bbox 1745 3728 1935 3798; x_wconf 82' lang='grc' dir='ltr'>Πατὴρ</span> 
     </span>
    </p>
   </div>
   <div class='ocr_carea' id='block_1_69' title="bbox 342 3811 1934 3893">
    <p class='ocr_par' dir='ltr' id='par_1_69' title="bbox 342 3811 1934 3893">
     <span class='ocr_line' id='line_1_69' title="bbox 342 3811 1934 3893; baseline 0.007 -30"><span class='ocrx_word' id='word_1_495' title='bbox 342 3811 440 3863; x_wconf 73' lang='grc' dir='ltr'><strong>καὶ</strong></span> <span class='ocrx_word' id='word_1_496' title='bbox 472 3814 532 3866; x_wconf 73' lang='grc' dir='ltr'>τὸ</span> <span class='ocrx_word' id='word_1_497' title='bbox 564 3815 790 3884; x_wconf 81' lang='grc' dir='ltr'>Πνεῦμα</span> <span class='ocrx_word' id='word_1_498' title='bbox 820 3817 882 3869; x_wconf 85' lang='grc' dir='ltr'><strong>τὸ</strong></span> <span class='ocrx_word' id='word_1_499' title='bbox 905 3817 1086 3885; x_wconf 79' lang='grc' dir='ltr'>ἅγιον.</span> <span class='ocrx_word' id='word_1_500' title='bbox 1116 3819 1226 3873; x_wconf 81' lang='grc' dir='ltr'><strong>Καὶ</strong></span> <span class='ocrx_word' id='word_1_501' title='bbox 1253 3822 1300 3874; x_wconf 86' lang='grc' dir='ltr'>οἱ</span> <span class='ocrx_word' id='word_1_502' title='bbox 1339 3819 1438 3892; x_wconf 80' lang='grc' dir='ltr'>τὴν</span> <span class='ocrx_word' id='word_1_503' title='bbox 1463 3822 1855 3893; x_wconf 81' lang='grc' dir='ltr'>ἀρχιερατικὴν</span> <span class='ocrx_word' id='word_1_504' title='bbox 1878 3822 1934 3874; x_wconf 78' lang='grc' dir='ltr'>δὲ</span> 
     </span>
    </p>
   </div>
   <div class='ocr_carea' id='block_1_70' title="bbox 276 3905 1936 3982">
    <p class='ocr_par' dir='ltr' id='par_1_70' title="bbox 276 3905 1936 3982">
     <span class='ocr_line' id='line_1_70' title="bbox 276 3905 1936 3982; baseline 0.008 -25"><span class='ocrx_word' id='word_1_505' title='bbox 276 3909 283 3915; x_wconf 86' lang='grc'><strong>’</strong></span> <span class='ocrx_word' id='word_1_506' title='bbox 339 3905 504 3975; x_wconf 82' lang='grc' dir='ltr'>χάριν</span> <span class='ocrx_word' id='word_1_507' title='bbox 537 3907 612 3969; x_wconf 82' lang='grc' dir='ltr'>ὡς</span> <span class='ocrx_word' id='word_1_508' title='bbox 645 3911 983 3982; x_wconf 80' lang='grc' dir='ltr'>φωτιστικὴν</span> <span class='ocrx_word' id='word_1_509' title='bbox 1021 3912 1186 3966; x_wconf 79' lang='grc' dir='ltr'>οὖσαν</span> <span class='ocrx_word' id='word_1_510' title='bbox 1220 3912 1498 3980; x_wconf 72' lang='grc' dir='ltr'>λαϐόντες,</span> <span class='ocrx_word' id='word_1_511' title='bbox 1531 3915 1686 3967; x_wconf 83' lang='grc' dir='ltr'>τοῦτο</span> <span class='ocrx_word' id='word_1_512' title='bbox 1723 3919 1936 3970; x_wconf 83' lang='grc' dir='ltr'>ἀνιστο-</span> 
     </span>
    </p>
   </div>
   <div class='ocr_carea' id='block_1_71' title="bbox 349 3998 1936 4078">
    <p class='ocr_par' dir='ltr' id='par_1_71' title="bbox 349 3998 1936 4078">
     <span class='ocr_line' id='line_1_71' title="bbox 349 3998 1936 4078; baseline 0.008 -30"><span class='ocrx_word' id='word_1_513' title='bbox 349 3998 613 4067; x_wconf 81' lang='grc' dir='ltr'>ρούμενον</span> <span class='ocrx_word' id='word_1_514' title='bbox 640 4003 908 4070; x_wconf 83' lang='grc' dir='ltr'>φέρουσι·</span> <span class='ocrx_word' id='word_1_515' title='bbox 947 4007 1046 4059; x_wconf 78' lang='grc' dir='ltr'><strong>καὶ</strong></span> <span class='ocrx_word' id='word_1_516' title='bbox 1091 4006 1334 4075; x_wconf 77' lang='grc' dir='ltr'>βασιλεῖς</span> <span class='ocrx_word' id='word_1_517' title='bbox 1368 4007 1447 4070; x_wconf 81' lang='grc' dir='ltr'><strong>δὲ,</strong></span> <span class='ocrx_word' id='word_1_518' title='bbox 1502 4007 1577 4072; x_wconf 84' lang='grc' dir='ltr'>ὡς</span> <span class='ocrx_word' id='word_1_519' title='bbox 1618 4009 1679 4060; x_wconf 76' lang='grc' dir='ltr'>τὸ</span> <span class='ocrx_word' id='word_1_520' title='bbox 1723 4009 1936 4078; x_wconf 83' lang='grc' dir='ltr'>χρίσμα</span> 
     </span>
    </p>
   </div>
   <div class='ocr_carea' id='block_1_72' title="bbox 343 4085 1933 4167">
    <p class='ocr_par' dir='ltr' id='par_1_72' title="bbox 343 4085 1933 4167">
     <span class='ocr_line' id='line_1_72' title="bbox 343 4085 1933 4167; baseline 0.008 -28"><span class='ocrx_word' id='word_1_521' title='bbox 343 4085 602 4154; x_wconf 79' lang='grc' dir='ltr'>λαϐόντες</span> <span class='ocrx_word' id='word_1_522' title='bbox 625 4092 724 4161; x_wconf 78' lang='grc' dir='ltr'>τῆς</span> <span class='ocrx_word' id='word_1_523' title='bbox 761 4092 1068 4161; x_wconf 71' lang='grc' dir='ltr'>βασιλεὶας.</span> <span class='ocrx_word' id='word_1_524' title='bbox 1115 4097 1226 4150; x_wconf 75' lang='grc' dir='ltr'><strong>Καὶ</strong></span> <span class='ocrx_word' id='word_1_525' title='bbox 1268 4098 1329 4150; x_wconf 78' lang='grc' dir='ltr'>τὸ</span> <span class='ocrx_word' id='word_1_526' title='bbox 1375 4099 1707 4167; x_wconf 77' lang='grc' dir='ltr'>νεφελοειδὲς</span> <span class='ocrx_word' id='word_1_527' title='bbox 1741 4100 1798 4152; x_wconf 82' lang='grc' dir='ltr'>δὲ</span> <span class='ocrx_word' id='word_1_528' title='bbox 1837 4099 1933 4152; x_wconf 78' lang='grc' dir='ltr'><strong>καὶ</strong></span> 
     </span>
    </p>
   </div>
   <div class='ocr_carea' id='block_1_73' title="bbox 339 4181 1932 4260">
    <p class='ocr_par' dir='ltr' id='par_1_73' title="bbox 339 4181 1932 4260">
     <span class='ocr_line' id='line_1_73' title="bbox 339 4181 1932 4260; baseline 0.009 -28"><span class='ocrx_word' id='word_1_529' title='bbox 339 4181 599 4235; x_wconf 73' lang='grc' dir='ltr'>κυκλικὸν</span> <span class='ocrx_word' id='word_1_530' title='bbox 641 4184 782 4255; x_wconf 85' lang='grc' dir='ltr'>ὅπερ</span> <span class='ocrx_word' id='word_1_531' title='bbox 812 4188 870 4239; x_wconf 85' lang='grc' dir='ltr'>ἐν</span> <span class='ocrx_word' id='word_1_532' title='bbox 911 4190 1068 4258; x_wconf 80' lang='grc' dir='ltr'>χερσὶ</span> <span class='ocrx_word' id='word_1_533' title='bbox 1108 4189 1408 4256; x_wconf 75' lang='grc' dir='ltr'>κρατοῦσιν</span> <span class='ocrx_word' id='word_1_534' title='bbox 1451 4193 1498 4244; x_wconf 79' lang='grc' dir='ltr'>οἱ</span> <span class='ocrx_word' id='word_1_535' title='bbox 1541 4193 1788 4260; x_wconf 66' lang='grc' dir='ltr'>ἄγγελοι,</span> <span class='ocrx_word' id='word_1_536' title='bbox 1844 4193 1932 4246; x_wconf 75' lang='grc' dir='ltr'>τὸν</span> 
     </span>
    </p>
   </div>
   <div class='ocr_carea' id='block_1_74' title="bbox 340 4271 1933 4355">
    <p class='ocr_par' dir='ltr' id='par_1_74' title="bbox 340 4271 1933 4355">
     <span class='ocr_line' id='line_1_74' title="bbox 340 4271 1933 4355; baseline 0.009 -31"><span class='ocrx_word' id='word_1_537' title='bbox 340 4271 612 4342; x_wconf 70' lang='grc' dir='ltr'>ἀγιασμδν</span> <span class='ocrx_word' id='word_1_538' title='bbox 639 4279 895 4345; x_wconf 80' lang='grc' dir='ltr'>σημαίνει</span> <span class='ocrx_word' id='word_1_539' title='bbox 928 4279 1023 4332; x_wconf 83' lang='grc' dir='ltr'>τοῦ</span> <span class='ocrx_word' id='word_1_540' title='bbox 1055 4281 1371 4352; x_wconf 56' lang='grc' dir='ltr'>Πνεύματος</span> <span class='ocrx_word' id='word_1_541' title='bbox 1401 4300 1415 4314; x_wconf 79' lang='lat'>&#39;</span> <span class='ocrx_word' id='word_1_542' title='bbox 1449 4286 1539 4337; x_wconf 78' lang='grc' dir='ltr'><strong>καὶ</strong></span> <span class='ocrx_word' id='word_1_543' title='bbox 1564 4285 1645 4338; x_wconf 78' lang='grc' dir='ltr'><strong>ὅτι</strong></span> <span class='ocrx_word' id='word_1_544' title='bbox 1671 4287 1933 4355; x_wconf 87' lang='grc' dir='ltr'>ἄτρεπτοι</span> 
     </span>
    </p>
   </div>
   <div class='ocr_carea' id='block_1_75' title="bbox 339 4363 1933 4446">
    <p class='ocr_par' dir='ltr' id='par_1_75' title="bbox 339 4363 1933 4446">
     <span class='ocr_line' id='line_1_75' title="bbox 339 4363 1933 4446; baseline 0.01 -33"><span class='ocrx_word' id='word_1_545' title='bbox 339 4363 599 4429; x_wconf 84' lang='grc' dir='ltr'>γεγόνασι</span> <span class='ocrx_word' id='word_1_546' title='bbox 641 4369 707 4437; x_wconf 81' lang='grc' dir='ltr'>τῇ</span> <span class='ocrx_word' id='word_1_547' title='bbox 757 4368 851 4421; x_wconf 77' lang='grc' dir='ltr'>τοῦ</span> <span class='ocrx_word' id='word_1_548' title='bbox 887 4371 1143 4439; x_wconf 72' lang='grc' dir='ltr'>Σωτῆρος</span> <span class='ocrx_word' id='word_1_549' title='bbox 1199 4373 1507 4446; x_wconf 80' lang='grc' dir='ltr'>οἰκονομίᾳ.</span> <span class='ocrx_word' id='word_1_550' title='bbox 1560 4375 1646 4426; x_wconf 86' lang='grc' dir='ltr'>Ἐν</span> <span class='ocrx_word' id='word_1_551' title='bbox 1695 4375 1848 4446; x_wconf 76' lang='grc' dir='ltr'>μέσῳ</span> <span class='ocrx_word' id='word_1_552' title='bbox 1877 4377 1933 4429; x_wconf 83' lang='grc' dir='ltr'><strong>δὲ</strong></span> 
     </span>
    </p>
   </div>
   <div class='ocr_carea' id='block_1_76' title="bbox 338 4451 1933 4534">
    <p class='ocr_par' dir='ltr' id='par_1_76' title="bbox 338 4451 1933 4534">
     <span class='ocr_line' id='line_1_76' title="bbox 338 4451 1933 4534; baseline 0.01 -30"><span class='ocrx_word' id='word_1_553' title='bbox 338 4451 431 4505; x_wconf 83' lang='grc' dir='ltr'>τοῦ</span> <span class='ocrx_word' id='word_1_554' title='bbox 464 4455 689 4521; x_wconf 80' lang='grc' dir='ltr'>κύκλου,</span> <span class='ocrx_word' id='word_1_555' title='bbox 734 4459 832 4512; x_wconf 78' lang='grc' dir='ltr'>καὶ</span> <span class='ocrx_word' id='word_1_556' title='bbox 861 4461 923 4514; x_wconf 87' lang='grc' dir='ltr'><strong>τὸ</strong></span> <span class='ocrx_word' id='word_1_557' title='bbox 951 4463 999 4515; x_wconf 84' lang='grc' dir='ltr'>Χ</span> <span class='ocrx_word' id='word_1_558' title='bbox 1029 4466 1294 4532; x_wconf 82' lang='grc' dir='ltr'>στοιχεῖον</span> <span class='ocrx_word' id='word_1_559' title='bbox 1337 4465 1724 4533; x_wconf 79' lang='grc' dir='ltr'>γεγραμμένον</span> <span class='ocrx_word' id='word_1_560' title='bbox 1756 4467 1933 4534; x_wconf 78' lang='grc' dir='ltr'>ὑπάρ-</span> 
     </span>
    </p>
   </div>
   <div class='ocr_carea' id='block_1_77' title="bbox 2041 3246 3632 3320">
    <p class='ocr_par' dir='ltr' id='par_1_77' title="bbox 2041 3246 3632 3320">
     <span class='ocr_line' id='line_1_77' title="bbox 2041 3246 3632 3320; baseline -0.003 -16"><span class='ocrx_word' id='word_1_561' title='bbox 2041 3265 2219 3320; x_wconf 89' lang='lat' dir='ltr'><strong>neque</strong></span> <span class='ocrx_word' id='word_1_562' title='bbox 2247 3248 2406 3302; x_wconf 89' lang='lat' dir='ltr'><strong>linem</strong></span> <span class='ocrx_word' id='word_1_563' title='bbox 2437 3266 2450 3301; x_wconf 91' lang='lat'><strong>:</strong></span> <span class='ocrx_word' id='word_1_564' title='bbox 2490 3262 2518 3301; x_wconf 89' lang='lat' dir='ltr'><strong>a</strong></span> <span class='ocrx_word' id='word_1_565' title='bbox 2553 3263 2664 3318; x_wconf 91' lang='lat' dir='ltr'><strong>quo</strong></span> <span class='ocrx_word' id='word_1_566' title='bbox 2703 3246 2930 3300; x_wconf 85' lang='lat' dir='ltr'><strong>muluali</strong></span> <span class='ocrx_word' id='word_1_567' title='bbox 2986 3246 3363 3300; x_wconf 77' lang='lat' dir='ltr'><strong>fortitudinem</strong></span> <span class='ocrx_word' id='word_1_568' title='bbox 3394 3257 3447 3301; x_wconf 87' lang='lat' dir='ltr'><strong>et</strong></span> <span class='ocrx_word' id='word_1_569' title='bbox 3487 3248 3632 3300; x_wconf 81' lang='lat' dir='ltr'><strong>irra-</strong></span> 
     </span>
    </p>
   </div>
   <div class='ocr_carea' id='block_1_78' title="bbox 2039 3339 3636 3410">
    <p class='ocr_par' dir='ltr' id='par_1_78' title="bbox 2039 3339 3636 3410">
     <span class='ocr_line' id='line_1_78' title="bbox 2039 3339 3636 3410; baseline -0.003 -13"><span class='ocrx_word' id='word_1_570' title='bbox 2039 3342 2282 3397; x_wconf 88' lang='lat' dir='ltr'><strong>diantem</strong></span> <span class='ocrx_word' id='word_1_571' title='bbox 2322 3339 2613 3410; x_wconf 76' lang='lat' dir='ltr'><strong>fulgorem,</strong></span> <span class='ocrx_word' id='word_1_572' title='bbox 2643 3353 2878 3409; x_wconf 80' lang='lat' dir='ltr'><strong>pugnam</strong></span> <span class='ocrx_word' id='word_1_573' title='bbox 2910 3339 3154 3392; x_wconf 89' lang='lat' dir='ltr'><strong>inierunt</strong></span> <span class='ocrx_word' id='word_1_574' title='bbox 3177 3349 3230 3393; x_wconf 89' lang='lat' dir='ltr'><strong>et</strong></span> <span class='ocrx_word' id='word_1_575' title='bbox 3262 3339 3487 3408; x_wconf 85' lang='lat' dir='ltr'><strong>pulchre</strong></span> <span class='ocrx_word' id='word_1_576' title='bbox 3512 3355 3636 3407; x_wconf 85' lang='lat' dir='ltr'><strong>per-</strong></span> 
     </span>
    </p>
   </div>
   <div class='ocr_carea' id='block_1_79' title="bbox 2040 3432 3630 3503">
    <p class='ocr_par' dir='ltr' id='par_1_79' title="bbox 2040 3432 3630 3503">
     <span class='ocr_line' id='line_1_79' title="bbox 2040 3432 3630 3503; baseline -0.001 -16"><span class='ocrx_word' id='word_1_577' title='bbox 2040 3435 2287 3490; x_wconf 79' lang='lat' dir='ltr'><strong>fecerunt</strong></span> <span class='ocrx_word' id='word_1_578' title='bbox 2340 3434 2412 3487; x_wconf 89' lang='lat' dir='ltr'><strong>ita</strong></span> <span class='ocrx_word' id='word_1_579' title='bbox 2456 3441 2515 3486; x_wconf 88' lang='lat' dir='ltr'><strong>ut</strong></span> <span class='ocrx_word' id='word_1_580' title='bbox 2563 3449 2708 3486; x_wconf 88' lang='lat' dir='ltr'><strong>nunc</strong></span> <span class='ocrx_word' id='word_1_581' title='bbox 2741 3432 2794 3486; x_wconf 90' lang='lat' dir='ltr'><strong>in</strong></span> <span class='ocrx_word' id='word_1_582' title='bbox 2845 3441 3282 3503; x_wconf 46' lang='lat' dir='ltr'><strong>mternunncum</strong></span> <span class='ocrx_word' id='word_1_583' title='bbox 3331 3434 3436 3488; x_wconf 89' lang='lat' dir='ltr'><strong>Deo</strong></span> <span class='ocrx_word' id='word_1_584' title='bbox 3481 3433 3630 3501; x_wconf 77' lang='lat' dir='ltr'><strong>sint;</strong></span> 
     </span>
    </p>
   </div>
   <div class='ocr_carea' id='block_1_80' title="bbox 2037 3523 3630 3594">
    <p class='ocr_par' dir='ltr' id='par_1_80' title="bbox 2037 3523 3630 3594">
     <span class='ocr_line' id='line_1_80' title="bbox 2037 3523 3630 3594; baseline -0.001 -14"><span class='ocrx_word' id='word_1_585' title='bbox 2037 3534 2092 3580; x_wconf 89' lang='lat' dir='ltr'><strong>et</strong></span> <span class='ocrx_word' id='word_1_586' title='bbox 2131 3525 2305 3594; x_wconf 81' lang='lat' dir='ltr'><strong>gratia</strong></span> <span class='ocrx_word' id='word_1_587' title='bbox 2354 3523 2535 3577; x_wconf 86' lang='lat' dir='ltr'><strong>divina</strong></span> <span class='ocrx_word' id='word_1_588' title='bbox 2572 3524 2624 3577; x_wconf 92' lang='lat' dir='ltr'><strong>in</strong></span> <span class='ocrx_word' id='word_1_589' title='bbox 2670 3523 2867 3591; x_wconf 87' lang='lat' dir='ltr'><strong>seipsis</strong></span> <span class='ocrx_word' id='word_1_590' title='bbox 2901 3523 3167 3576; x_wconf 90' lang='lat' dir='ltr'><strong>continuo</strong></span> <span class='ocrx_word' id='word_1_591' title='bbox 3206 3527 3468 3592; x_wconf 83' lang='lat' dir='ltr'><strong>gaudent,</strong></span> <span class='ocrx_word' id='word_1_592' title='bbox 3507 3541 3630 3594; x_wconf 70' lang='lat' dir='ltr'><strong>quin</strong></span> 
     </span>
    </p>
   </div>
   <div class='ocr_carea' id='block_1_81' title="bbox 2037 3614 3632 3683">
    <p class='ocr_par' dir='ltr' id='par_1_81' title="bbox 2037 3614 3632 3683">
     <span class='ocr_line' id='line_1_81' title="bbox 2037 3614 3632 3683; baseline -0.001 -12"><span class='ocrx_word' id='word_1_593' title='bbox 2037 3632 2147 3672; x_wconf 89' lang='lat' dir='ltr'><strong>non</strong></span> <span class='ocrx_word' id='word_1_594' title='bbox 2193 3618 2357 3671; x_wconf 86' lang='lat' dir='ltr'><strong>habet</strong></span> <span class='ocrx_word' id='word_1_595' title='bbox 2389 3616 2604 3669; x_wconf 89' lang='lat' dir='ltr'><strong>initium</strong></span> <span class='ocrx_word' id='word_1_596' title='bbox 2640 3629 2816 3683; x_wconf 88' lang='lat' dir='ltr'><strong>neque</strong></span> <span class='ocrx_word' id='word_1_597' title='bbox 2851 3614 3040 3679; x_wconf 86' lang='lat' dir='ltr'><strong>ﬁnem,</strong></span> <span class='ocrx_word' id='word_1_598' title='bbox 3074 3625 3128 3668; x_wconf 91' lang='lat' dir='ltr'><strong>et</strong></span> <span class='ocrx_word' id='word_1_599' title='bbox 3177 3616 3300 3669; x_wconf 87' lang='lat' dir='ltr'><strong>ideo</strong></span> <span class='ocrx_word' id='word_1_600' title='bbox 3335 3616 3476 3670; x_wconf 85' lang='lat' dir='ltr'><strong>bene</strong></span> <span class='ocrx_word' id='word_1_601' title='bbox 3522 3617 3632 3669; x_wconf 85' lang='lat' dir='ltr'><strong>cir-</strong></span> 
     </span>
    </p>
   </div>
   <div class='ocr_carea' id='block_1_82' title="bbox 2039 3705 3626 3776">
    <p class='ocr_par' dir='ltr' id='par_1_82' title="bbox 2039 3705 3626 3776">
     <span class='ocr_line' id='line_1_82' title="bbox 2039 3705 3626 3776; baseline -0.001 -12"><span class='ocrx_word' id='word_1_602' title='bbox 2039 3713 2163 3764; x_wconf 91' lang='lat' dir='ltr'><strong>culo</strong></span> <span class='ocrx_word' id='word_1_603' title='bbox 2209 3709 2589 3774; x_wconf 85' lang='lat' dir='ltr'><strong>adumbratur,</strong></span> <span class='ocrx_word' id='word_1_604' title='bbox 2641 3707 2729 3762; x_wconf 89' lang='lat' dir='ltr'><strong>cui</strong></span> <span class='ocrx_word' id='word_1_605' title='bbox 2769 3705 2824 3760; x_wconf 88' lang='lat' dir='ltr'><strong>in</strong></span> <span class='ocrx_word' id='word_1_606' title='bbox 2873 3705 3039 3776; x_wconf 79' lang='lat' dir='ltr'><strong>capiti</strong></span> <span class='ocrx_word' id='word_1_607' title='bbox 3082 3706 3385 3761; x_wconf 90' lang='lat' dir='ltr'><strong>Salvatoris</strong></span> <span class='ocrx_word' id='word_1_608' title='bbox 3441 3707 3626 3761; x_wconf 87' lang='lat' dir='ltr'><strong>radius</strong></span> 
     </span>
    </p>
   </div>
   <div class='ocr_carea' id='block_1_83' title="bbox 2041 3797 3628 3872">
    <p class='ocr_par' dir='ltr' id='par_1_83' title="bbox 2041 3797 3628 3872">
     <span class='ocr_line' id='line_1_83' title="bbox 2041 3797 3628 3872; baseline -0.002 -17"><span class='ocrx_word' id='word_1_609' title='bbox 2041 3803 2349 3872; x_wconf 87' lang='lat' dir='ltr'><strong>tripartitus</strong></span> <span class='ocrx_word' id='word_1_610' title='bbox 2393 3802 2652 3860; x_wconf 89' lang='lat' dir='ltr'><strong>iusertur,</strong></span> <span class='ocrx_word' id='word_1_611' title='bbox 2691 3800 2819 3867; x_wconf 91' lang='lat' dir='ltr'><strong>quia</strong></span> <span class='ocrx_word' id='word_1_612' title='bbox 2851 3813 2959 3851; x_wconf 79' lang='lat' dir='ltr'><strong>una</strong></span> <span class='ocrx_word' id='word_1_613' title='bbox 2989 3808 3072 3852; x_wconf 85' lang='lat' dir='ltr'><strong>est</strong></span> <span class='ocrx_word' id='word_1_614' title='bbox 3115 3813 3181 3853; x_wconf 76' lang='lat' dir='ltr'><strong>ex</strong></span> <span class='ocrx_word' id='word_1_615' title='bbox 3227 3797 3401 3852; x_wconf 86' lang='lat' dir='ltr'><strong>tribus</strong></span> <span class='ocrx_word' id='word_1_616' title='bbox 3442 3798 3628 3852; x_wconf 78' lang='lat' dir='ltr'><strong>Trini-</strong></span> 
     </span>
    </p>
   </div>
   <div class='ocr_carea' id='block_1_84' title="bbox 2039 3887 3624 3962">
    <p class='ocr_par' dir='ltr' id='par_1_84' title="bbox 2039 3887 3624 3962">
     <span class='ocr_line' id='line_1_84' title="bbox 2039 3887 3624 3962; baseline -0.002 -15"><span class='ocrx_word' id='word_1_617' title='bbox 2039 3895 2168 3948; x_wconf 85' lang='lat' dir='ltr'><strong>tatis</strong></span> <span class='ocrx_word' id='word_1_618' title='bbox 2211 3893 2486 3962; x_wconf 88' lang='lat' dir='ltr'><strong>personis,</strong></span> <span class='ocrx_word' id='word_1_619' title='bbox 2516 3901 2569 3944; x_wconf 89' lang='lat' dir='ltr'><strong>et</strong></span> <span class='ocrx_word' id='word_1_620' title='bbox 2603 3890 2731 3958; x_wconf 91' lang='lat' dir='ltr'><strong>quia</strong></span> <span class='ocrx_word' id='word_1_621' title='bbox 2762 3889 2814 3941; x_wconf 91' lang='lat' dir='ltr'><strong>in</strong></span> <span class='ocrx_word' id='word_1_622' title='bbox 2849 3888 2968 3957; x_wconf 81' lang='lat' dir='ltr'><strong>ipso</strong></span> <span class='ocrx_word' id='word_1_623' title='bbox 2997 3898 3127 3945; x_wconf 85' lang='lat' dir='ltr'><strong>sunt</strong></span> <span class='ocrx_word' id='word_1_624' title='bbox 3155 3897 3209 3942; x_wconf 91' lang='lat' dir='ltr'><strong>et</strong></span> <span class='ocrx_word' id='word_1_625' title='bbox 3234 3887 3395 3944; x_wconf 81' lang='lat' dir='ltr'><strong>Pater</strong></span> <span class='ocrx_word' id='word_1_626' title='bbox 3418 3899 3469 3944; x_wconf 89' lang='lat' dir='ltr'><strong>et</strong></span> <span class='ocrx_word' id='word_1_627' title='bbox 3502 3888 3624 3959; x_wconf 82' lang='lat' dir='ltr'><strong>Spi-</strong></span> 
     </span>
    </p>
   </div>
   <div class='ocr_carea' id='block_1_85' title="bbox 2039 3979 3624 4050">
    <p class='ocr_par' dir='ltr' id='par_1_85' title="bbox 2039 3979 3624 4050">
     <span class='ocr_line' id='line_1_85' title="bbox 2039 3979 3624 4050; baseline -0.002 -12"><span class='ocrx_word' id='word_1_628' title='bbox 2039 3987 2178 4039; x_wconf 88' lang='lat' dir='ltr'><strong>ritus</strong></span> <span class='ocrx_word' id='word_1_629' title='bbox 2225 3991 2471 4038; x_wconf 79' lang='lat' dir='ltr'><strong>sanctus.</strong></span> <span class='ocrx_word' id='word_1_630' title='bbox 2527 3979 2718 4050; x_wconf 89' lang='lat' dir='ltr'><strong>Illique</strong></span> <span class='ocrx_word' id='word_1_631' title='bbox 2767 3995 2795 4031; x_wconf 90' lang='lat' dir='ltr'><strong>a</strong></span> <span class='ocrx_word' id='word_1_632' title='bbox 2850 3979 2960 4033; x_wconf 86' lang='lat' dir='ltr'><strong>Deo</strong></span> <span class='ocrx_word' id='word_1_633' title='bbox 3007 3979 3337 4047; x_wconf 89' lang='lat' dir='ltr'><strong>accipientes</strong></span> <span class='ocrx_word' id='word_1_634' title='bbox 3391 3981 3624 4049; x_wconf 79' lang='lat' dir='ltr'><strong>gratiam</strong></span> 
     </span>
    </p>
   </div>
   <div class='ocr_carea' id='block_1_86' title="bbox 2038 4071 3627 4148">
    <p class='ocr_par' dir='ltr' id='par_1_86' title="bbox 2038 4071 3627 4148">
     <span class='ocr_line' id='line_1_86' title="bbox 2038 4071 3627 4148; baseline -0.003 -19"><span class='ocrx_word' id='word_1_635' title='bbox 2038 4077 2418 4148; x_wconf 80' lang='lat' dir='ltr'><strong>principalem,</strong></span> <span class='ocrx_word' id='word_1_636' title='bbox 2475 4082 2750 4143; x_wconf 85' lang='lat' dir='ltr'><strong>quatenus</strong></span> <span class='ocrx_word' id='word_1_637' title='bbox 2799 4079 2882 4126; x_wconf 84' lang='lat' dir='ltr'><strong>cst</strong></span> <span class='ocrx_word' id='word_1_638' title='bbox 2937 4071 3274 4136; x_wconf 86' lang='lat' dir='ltr'><strong>illuminans,</strong></span> <span class='ocrx_word' id='word_1_639' title='bbox 3332 4071 3495 4140; x_wconf 86' lang='lat' dir='ltr'><strong>hujus</strong></span> <span class='ocrx_word' id='word_1_640' title='bbox 3548 4074 3627 4127; x_wconf 89' lang='lat' dir='ltr'><strong>si-</strong></span> 
     </span>
    </p>
   </div>
   <div class='ocr_carea' id='block_1_87' title="bbox 2037 4164 3622 4240">
    <p class='ocr_par' dir='ltr' id='par_1_87' title="bbox 2037 4164 3622 4240">
     <span class='ocr_line' id='line_1_87' title="bbox 2037 4164 3622 4240; baseline -0.002 -18"><span class='ocrx_word' id='word_1_641' title='bbox 2037 4186 2202 4240; x_wconf 79' lang='lat' dir='ltr'><strong>gnum</strong></span> <span class='ocrx_word' id='word_1_642' title='bbox 2243 4168 2427 4221; x_wconf 83' lang='lat' dir='ltr'><strong>nimbo</strong></span> <span class='ocrx_word' id='word_1_643' title='bbox 2467 4167 2744 4235; x_wconf 86' lang='lat' dir='ltr'><strong>depictum</strong></span> <span class='ocrx_word' id='word_1_644' title='bbox 2784 4165 2988 4218; x_wconf 82' lang='lat' dir='ltr'><strong>I&#39;erunt.</strong></span> <span class='ocrx_word' id='word_1_645' title='bbox 3034 4164 3286 4233; x_wconf 85' lang='lat' dir='ltr'><strong>Suntque</strong></span> <span class='ocrx_word' id='word_1_646' title='bbox 3333 4165 3489 4234; x_wconf 88' lang='lat' dir='ltr'><strong>quasi</strong></span> <span class='ocrx_word' id='word_1_647' title='bbox 3533 4181 3622 4219; x_wconf 86' lang='lat' dir='ltr'><strong>rc-</strong></span> 
     </span>
    </p>
   </div>
   <div class='ocr_carea' id='block_1_88' title="bbox 2038 4255 3623 4332">
    <p class='ocr_par' dir='ltr' id='par_1_88' title="bbox 2038 4255 3623 4332">
     <span class='ocr_line' id='line_1_88' title="bbox 2038 4255 3623 4332; baseline -0.003 -18"><span class='ocrx_word' id='word_1_648' title='bbox 2038 4277 2130 4332; x_wconf 65' lang='lat' dir='ltr'><strong>ga-s</strong></span> <span class='ocrx_word' id='word_1_649' title='bbox 2163 4260 2480 4313; x_wconf 80' lang='lat' dir='ltr'><strong>unctionem</strong></span> <span class='ocrx_word' id='word_1_650' title='bbox 2526 4257 2677 4326; x_wconf 81' lang='lat' dir='ltr'><strong>regni</strong></span> <span class='ocrx_word' id='word_1_651' title='bbox 2711 4255 3102 4324; x_wconf 81' lang='lat' dir='ltr'><strong>suscipientes.</strong></span> <span class='ocrx_word' id='word_1_652' title='bbox 3136 4255 3355 4309; x_wconf 88' lang='lat' dir='ltr'><strong>Circulo</strong></span> <span class='ocrx_word' id='word_1_653' title='bbox 3386 4256 3623 4326; x_wconf 85' lang='lat' dir='ltr'><strong>denique</strong></span> 
     </span>
    </p>
   </div>
   <div class='ocr_carea' id='block_1_89' title="bbox 2037 4345 3624 4418">
    <p class='ocr_par' dir='ltr' id='par_1_89' title="bbox 2037 4345 3624 4418">
     <span class='ocr_line' id='line_1_89' title="bbox 2037 4345 3624 4418; baseline -0.007 -11"><span class='ocrx_word' id='word_1_654' title='bbox 2037 4353 2252 4407; x_wconf 79' lang='lat' dir='ltr'><strong>ncbuhe</strong></span> <span class='ocrx_word' id='word_1_655' title='bbox 2284 4366 2445 4418; x_wconf 88' lang='lat' dir='ltr'><strong>quem</strong></span> <span class='ocrx_word' id='word_1_656' title='bbox 2484 4350 2538 4402; x_wconf 77' lang='lat' dir='ltr'><strong>in</strong></span> <span class='ocrx_word' id='word_1_657' title='bbox 2573 4347 2831 4402; x_wconf 81' lang='lat' dir='ltr'><strong>manibus</strong></span> <span class='ocrx_word' id='word_1_658' title='bbox 2861 4345 3043 4400; x_wconf 75' lang='lat' dir='ltr'><strong>ierunt</strong></span> <span class='ocrx_word' id='word_1_659' title='bbox 3071 4345 3248 4416; x_wconf 76' lang='lat' dir='ltr'><strong>angeli</strong></span> <span class='ocrx_word' id='word_1_660' title='bbox 3276 4348 3624 4400; x_wconf 75' lang='lat' dir='ltr'><strong>consecratio</strong></span> 
     </span>
    </p>
   </div>
   <div class='ocr_carea' id='block_1_90' title="bbox 2038 4439 3620 4510">
    <p class='ocr_par' dir='ltr' id='par_1_90' title="bbox 2038 4439 3620 4510">
     <span class='ocr_line' id='line_1_90' title="bbox 2038 4439 3620 4510; baseline -0.004 -11"><span class='ocrx_word' id='word_1_661' title='bbox 2038 4453 2093 4500; x_wconf 87' lang='lat' dir='ltr'><strong>et</strong></span> <span class='ocrx_word' id='word_1_662' title='bbox 2119 4442 2486 4499; x_wconf 80' lang='lat' dir='ltr'><strong>sanctiﬁcatio</strong></span> <span class='ocrx_word' id='word_1_663' title='bbox 2531 4440 2770 4510; x_wconf 85' lang='lat' dir='ltr'><strong>Spiritus</strong></span> <span class='ocrx_word' id='word_1_664' title='bbox 2799 4439 3170 4508; x_wconf 75' lang='lat' dir='ltr'><strong>signiﬁcatur,</strong></span> <span class='ocrx_word' id='word_1_665' title='bbox 3201 4440 3256 4493; x_wconf 88' lang='lat' dir='ltr'><strong>in</strong></span> <span class='ocrx_word' id='word_1_666' title='bbox 3289 4453 3396 4509; x_wconf 88' lang='lat' dir='ltr'><strong>qua</strong></span> <span class='ocrx_word' id='word_1_667' title='bbox 3423 4443 3620 4494; x_wconf 80' lang='lat' dir='ltr'><strong>contir-</strong></span> 
     </span>
    </p>
   </div>
   <div class='ocr_carea' id='block_1_91' title="bbox 336 4529 1938 4625">
    <p class='ocr_par' dir='ltr' id='par_1_91' title="bbox 336 4529 1926 4625">
     <span class='ocr_line' id='line_1_91' title="bbox 336 4529 1926 4625; baseline 0.009 -29"><span class='ocrx_word' id='word_1_668' title='bbox 336 4561 444 4614; x_wconf 90' lang='grc' dir='ltr'>χει,</span> <span class='ocrx_word' id='word_1_669' title='bbox 482 4547 562 4600; x_wconf 76' lang='grc' dir='ltr'>ὅτι</span> <span class='ocrx_word' id='word_1_670' title='bbox 592 4549 684 4601; x_wconf 79' lang='grc' dir='ltr'><strong>τὸν</strong></span> <span class='ocrx_word' id='word_1_671' title='bbox 728 4551 964 4620; x_wconf 76' lang='grc' dir='ltr'>Χριστὸν</span> <span class='ocrx_word' id='word_1_672' title='bbox 1003 4529 1178 4606; x_wconf 29' lang='grc' dir='ltr'>τοῦτο.</span> <span class='ocrx_word' id='word_1_673' title='bbox 1203 4555 1374 4625; x_wconf 80' lang='grc' dir='ltr'>δηλοῖ.</span> <span class='ocrx_word' id='word_1_674' title='bbox 1623 4557 1717 4608; x_wconf 75' lang='grc' dir='ltr'><strong>καὶ</strong></span> <span class='ocrx_word' id='word_1_675' title='bbox 1745 4529 1926 4610; x_wconf 82' lang='grc' dir='ltr'>θεολο-</span> 
     </span>
    </p>
   </div>
   <div class='ocr_carea' id='block_1_92' title="bbox 2046 4529 3624 4625">
    <p class='ocr_par' dir='ltr' id='par_1_92' title="bbox 2046 4534 3624 4603">
     <span class='ocr_line' id='line_1_92' title="bbox 2046 4534 3624 4603; baseline -0.001 -13"><span class='ocrx_word' id='word_1_676' title='bbox 2046 4537 2166 4592; x_wconf 83' lang='lat' dir='ltr'><strong>uiati</strong></span> <span class='ocrx_word' id='word_1_677' title='bbox 2195 4545 2248 4591; x_wconf 90' lang='lat' dir='ltr'><strong>et</strong></span> <span class='ocrx_word' id='word_1_678' title='bbox 2281 4535 2647 4590; x_wconf 87' lang='lat' dir='ltr'><strong>immutabiles</strong></span> <span class='ocrx_word' id='word_1_679' title='bbox 2674 4534 2794 4588; x_wconf 81' lang='lat' dir='ltr'><strong>l’acti</strong></span> <span class='ocrx_word' id='word_1_680' title='bbox 2821 4542 2949 4589; x_wconf 90' lang='lat' dir='ltr'><strong>sunt</strong></span> <span class='ocrx_word' id='word_1_681' title='bbox 3002 4535 3345 4603; x_wconf 84' lang='lat' dir='ltr'><strong>providentia</strong></span> <span class='ocrx_word' id='word_1_682' title='bbox 3377 4536 3624 4590; x_wconf 46' lang='lat' dir='ltr'><strong>Salvato‘</strong></span> 
     </span>
    </p>
   </div>
   <div class='ocr_carea' id='block_1_93' title="bbox 335 4635 1931 4718">
    <p class='ocr_par' dir='ltr' id='par_1_93' title="bbox 335 4635 1931 4718">
     <span class='ocr_line' id='line_1_93' title="bbox 335 4635 1931 4718; baseline 0.008 -30"><span class='ocrx_word' id='word_1_683' title='bbox 335 4635 461 4704; x_wconf 78' lang='grc' dir='ltr'>γίας</span> <span class='ocrx_word' id='word_1_684' title='bbox 498 4643 724 4708; x_wconf 81' lang='grc' dir='ltr'>σημεῖον</span> <span class='ocrx_word' id='word_1_685' title='bbox 747 4641 906 4696; x_wconf 81' lang='grc' dir='ltr'>τοῦτο</span> <span class='ocrx_word' id='word_1_686' title='bbox 945 4643 1003 4696; x_wconf 80' lang='grc' dir='ltr'>τὸ</span> <span class='ocrx_word' id='word_1_687' title='bbox 1031 4644 1340 4709; x_wconf 81' lang='grc' dir='ltr'>κυκλοειδές</span> <span class='ocrx_word' id='word_1_688' title='bbox 1373 4648 1543 4700; x_wconf 82' lang='grc' dir='ltr'>ἐστιν.</span> <span class='ocrx_word' id='word_1_689' title='bbox 1590 4649 1651 4700; x_wconf 76' lang='grc' dir='ltr'><strong>Εἰ</strong></span> <span class='ocrx_word' id='word_1_690' title='bbox 1689 4647 1799 4718; x_wconf 76' lang='grc' dir='ltr'><strong>γὰρ</strong></span> <span class='ocrx_word' id='word_1_691' title='bbox 1835 4649 1931 4701; x_wconf 77' lang='grc' dir='ltr'><strong>καὶ</strong></span> 
     </span>
    </p>
   </div>
   <div class='ocr_carea' id='block_1_94' title="bbox 338 4729 1925 4803">
    <p class='ocr_par' dir='ltr' id='par_1_94' title="bbox 338 4729 1925 4803">
     <span class='ocr_line' id='line_1_94' title="bbox 338 4729 1925 4803; baseline 0.007 -24"><span class='ocrx_word' id='word_1_692' title='bbox 338 4729 684 4800; x_wconf 81' lang='grc' dir='ltr'>σεσάρκωται</span> <span class='ocrx_word' id='word_1_693' title='bbox 737 4731 980 4786; x_wconf 72' lang='grc' dir='ltr'>διδάσκει</span> <span class='ocrx_word' id='word_1_694' title='bbox 1036 4735 1294 4803; x_wconf 74' lang='grc' dir='ltr'>Χριστὸς,</span> <span class='ocrx_word' id='word_1_695' title='bbox 1335 4738 1452 4790; x_wconf 85' lang='grc' dir='ltr'>ἀλλ’</span> <span class='ocrx_word' id='word_1_696' title='bbox 1500 4738 1574 4800; x_wconf 76' lang='grc' dir='ltr'>ὡς</span> <span class='ocrx_word' id='word_1_697' title='bbox 1625 4738 1756 4800; x_wconf 71' lang='grc' dir='ltr'>Θεὸς</span> <span class='ocrx_word' id='word_1_698' title='bbox 1799 4737 1925 4790; x_wconf 69' lang='grc' dir='ltr'>οὔτε</span> 
     </span>
    </p>
   </div>
   <div class='ocr_carea' id='block_1_95' title="bbox 332 4817 1925 4897">
    <p class='ocr_par' dir='ltr' id='par_1_95' title="bbox 332 4817 1925 4897">
     <span class='ocr_line' id='line_1_95' title="bbox 332 4817 1925 4897; baseline 0.008 -28"><span class='ocrx_word' id='word_1_699' title='bbox 332 4817 506 4890; x_wconf 73' lang='grc' dir='ltr'>ἀρχὴν</span> <span class='ocrx_word' id='word_1_700' title='bbox 539 4820 662 4876; x_wconf 75' lang='grc' dir='ltr'>οὗτε</span> <span class='ocrx_word' id='word_1_701' title='bbox 693 4823 846 4887; x_wconf 84' lang='grc' dir='ltr'>τέλος</span> <span class='ocrx_word' id='word_1_702' title='bbox 880 4825 994 4896; x_wconf 71' lang='grc' dir='ltr'>ἔχει</span> <span class='ocrx_word' id='word_1_703' title='bbox 1016 4842 1031 4857; x_wconf 89' lang='grc'><strong>·</strong></span> <span class='ocrx_word' id='word_1_704' title='bbox 1075 4828 1170 4880; x_wconf 76' lang='grc' dir='ltr'><strong>καὶ</strong></span> <span class='ocrx_word' id='word_1_705' title='bbox 1205 4827 1286 4880; x_wconf 74' lang='grc' dir='ltr'><strong>ὅτι</strong></span> <span class='ocrx_word' id='word_1_706' title='bbox 1319 4829 1417 4897; x_wconf 79' lang='grc' dir='ltr'>τὴν</span> <span class='ocrx_word' id='word_1_707' title='bbox 1452 4829 1780 4896; x_wconf 80' lang='grc' dir='ltr'>οἰκουμένην</span> <span class='ocrx_word' id='word_1_708' title='bbox 1813 4829 1925 4897; x_wconf 78' lang='grc' dir='ltr'>ἔχει</span> 
     </span>
    </p>
   </div>
   <div class='ocr_carea' id='block_1_96' title="bbox 331 4911 1924 4990">
    <p class='ocr_par' dir='ltr' id='par_1_96' title="bbox 331 4911 1924 4990">
     <span class='ocr_line' id='line_1_96' title="bbox 331 4911 1924 4990; baseline 0.014 -29"><span class='ocrx_word' id='word_1_709' title='bbox 331 4911 592 4981; x_wconf 75' lang='grc' dir='ltr'>Χριστὸς,</span> <span class='ocrx_word' id='word_1_710' title='bbox 637 4914 733 4967; x_wconf 75' lang='grc' dir='ltr'>καὶ</span> <span class='ocrx_word' id='word_1_711' title='bbox 762 4915 941 4970; x_wconf 80' lang='grc' dir='ltr'>πάντα</span> <span class='ocrx_word' id='word_1_712' title='bbox 975 4917 1068 4971; x_wconf 64' lang='grc' dir='ltr'>τὸν</span> <span class='ocrx_word' id='word_1_713' title='bbox 1109 4919 1314 4987; x_wconf 78' lang='grc' dir='ltr'>κόσμον</span> <span class='ocrx_word' id='word_1_714' title='bbox 1343 4920 1401 4972; x_wconf 84' lang='grc' dir='ltr'><strong>ἐν</strong></span> <span class='ocrx_word' id='word_1_715' title='bbox 1429 4921 1492 4989; x_wconf 76' lang='grc' dir='ltr'>τῇ</span> <span class='ocrx_word' id='word_1_716' title='bbox 1529 4923 1694 4990; x_wconf 70' lang='grc' dir='ltr'>χειρὶ,</span> <span class='ocrx_word' id='word_1_717' title='bbox 1726 4918 1802 4981; x_wconf 81' lang='grc' dir='ltr'><strong>ὡς</strong></span> <span class='ocrx_word' id='word_1_718' title='bbox 1830 4919 1924 4972; x_wconf 66' lang='grc' dir='ltr'><strong>καὶ</strong></span> 
     </span>
    </p>
   </div>
   <div class='ocr_carea' id='block_1_97' title="bbox 331 5001 737 5074">
    <p class='ocr_par' dir='ltr' id='par_1_97' title="bbox 331 5001 737 5074">
     <span class='ocr_line' id='line_1_97' title="bbox 331 5001 737 5074; baseline 0.012 -21"><span class='ocrx_word' id='word_1_719' title='bbox 331 5001 360 5053; x_wconf 78' lang='grc' dir='ltr'>ὁ</span> <span class='ocrx_word' id='word_1_720' title='bbox 387 5002 553 5054; x_wconf 76' lang='grc' dir='ltr'>Δαὸὶδ</span> <span class='ocrx_word' id='word_1_721' title='bbox 584 5005 737 5074; x_wconf 73' lang='grc' dir='ltr'>φησί.</span> 
     </span>
    </p>
   </div>
   <div class='ocr_carea' id='block_1_98' title="bbox 334 5089 2992 5172">
    <p class='ocr_par' dir='ltr' id='par_1_98' title="bbox 334 5089 2992 5172">
     <span class='ocr_line' id='line_1_98' title="bbox 334 5089 2992 5172; baseline -0.001 -27"><span class='ocrx_word' id='word_1_722' title='bbox 334 5092 663 5161; x_wconf 84' lang='lat' dir='ltr'><strong>principium</strong></span> <span class='ocrx_word' id='word_1_723' title='bbox 714 5112 894 5166; x_wconf 86' lang='lat' dir='ltr'><strong>neque</strong></span> <span class='ocrx_word' id='word_1_724' title='bbox 929 5099 1125 5167; x_wconf 85' lang='lat' dir='ltr'><strong>tinem;</strong></span> <span class='ocrx_word' id='word_1_725' title='bbox 1172 5108 1226 5155; x_wconf 91' lang='lat' dir='ltr'><strong>et</strong></span> <span class='ocrx_word' id='word_1_726' title='bbox 1269 5101 1506 5172; x_wconf 85' lang='lat' dir='ltr'><strong>denique</strong></span> <span class='ocrx_word' id='word_1_727' title='bbox 1552 5100 1624 5155; x_wconf 82' lang='lat' dir='ltr'><strong>ita</strong></span> <span class='ocrx_word' id='word_1_728' title='bbox 1677 5101 1927 5156; x_wconf 80' lang='lat' dir='ltr'><strong>videmus</strong></span> <span class='ocrx_word' id='word_1_729' title='bbox 1991 5099 2274 5153; x_wconf 63' lang='lat' dir='ltr'><strong>Christum</strong></span> <span class='ocrx_word' id='word_1_730' title='bbox 2327 5094 2532 5148; x_wconf 84' lang='lat' dir='ltr'><strong>habere</strong></span> <span class='ocrx_word' id='word_1_731' title='bbox 2591 5093 2759 5146; x_wconf 88' lang='lat' dir='ltr'><strong>totius</strong></span> <span class='ocrx_word' id='word_1_732' title='bbox 2804 5089 2992 5143; x_wconf 89' lang='lat' dir='ltr'><strong>mundi</strong></span> 
     </span>
    </p>
   </div>
   <div class='ocr_carea' id='block_1_99' title="bbox 2035 4624 3617 4703">
    <p class='ocr_par' dir='ltr' id='par_1_99' title="bbox 2035 4624 3617 4703">
     <span class='ocr_line' id='line_1_99' title="bbox 2035 4624 3617 4703; baseline -0.002 -22"><span class='ocrx_word' id='word_1_733' title='bbox 2035 4629 2131 4681; x_wconf 90' lang='lat' dir='ltr'><strong>ris.</strong></span> <span class='ocrx_word' id='word_1_734' title='bbox 2162 4628 2219 4681; x_wconf 93' lang='lat' dir='ltr'><strong>ln</strong></span> <span class='ocrx_word' id='word_1_735' title='bbox 2248 4627 2426 4680; x_wconf 89' lang='lat' dir='ltr'><strong>medio</strong></span> <span class='ocrx_word' id='word_1_736' title='bbox 2447 4635 2626 4678; x_wconf 88' lang='lat' dir='ltr'><strong>autem</strong></span> <span class='ocrx_word' id='word_1_737' title='bbox 2661 4625 2851 4678; x_wconf 84' lang='lat' dir='ltr'><strong>circuli</strong></span> <span class='ocrx_word' id='word_1_738' title='bbox 2884 4625 3099 4678; x_wconf 86' lang='lat' dir='ltr'><strong>videtur</strong></span> <span class='ocrx_word' id='word_1_739' title='bbox 3131 4625 3230 4678; x_wconf 91' lang='lat' dir='ltr'><strong>hoc</strong></span> <span class='ocrx_word' id='word_1_740' title='bbox 3253 4627 3484 4703; x_wconf 40' lang='lat' dir='ltr'><strong>.signum</strong></span> <span class='ocrx_word' id='word_1_741' title='bbox 3534 4624 3617 4679; x_wconf 78' lang='lat' dir='ltr'><strong>:X</strong></span> 
     </span>
    </p>
   </div>
   <div class='ocr_carea' id='block_1_100' title="bbox 2036 4715 3622 4788">
    <p class='ocr_par' dir='ltr' id='par_1_100' title="bbox 2036 4715 3622 4788">
     <span class='ocr_line' id='line_1_100' title="bbox 2036 4715 3622 4788; baseline -0.001 -15"><span class='ocrx_word' id='word_1_742' title='bbox 2036 4719 2391 4788; x_wconf 89' lang='lat' dir='ltr'><strong>inscriptum,</strong></span> <span class='ocrx_word' id='word_1_743' title='bbox 2441 4718 2570 4786; x_wconf 89' lang='lat' dir='ltr'><strong>quia</strong></span> <span class='ocrx_word' id='word_1_744' title='bbox 2603 4716 2695 4771; x_wconf 91' lang='lat' dir='ltr'><strong>illo</strong></span> <span class='ocrx_word' id='word_1_745' title='bbox 2741 4716 2990 4786; x_wconf 82' lang='lat' dir='ltr'><strong>symbolo</strong></span> <span class='ocrx_word' id='word_1_746' title='bbox 3041 4715 3312 4769; x_wconf 87' lang='lat' dir='ltr'><strong>indicatur</strong></span> <span class='ocrx_word' id='word_1_747' title='bbox 3347 4716 3622 4773; x_wconf 84' lang='lat' dir='ltr'><strong>Christus.</strong></span> 
     </span>
    </p>
   </div>
   <div class='ocr_carea' id='block_1_101' title="bbox 2036 4809 3616 4882">
    <p class='ocr_par' dir='ltr' id='par_1_101' title="bbox 2036 4809 3616 4882">
     <span class='ocr_line' id='line_1_101' title="bbox 2036 4809 3616 4882; baseline -0.003 -13"><span class='ocrx_word' id='word_1_748' title='bbox 2036 4813 2141 4869; x_wconf 69' lang='lat' dir='ltr'><strong>Sed</strong></span> <span class='ocrx_word' id='word_1_749' title='bbox 2167 4815 2328 4868; x_wconf 88' lang='lat' dir='ltr'><strong>etiam</strong></span> <span class='ocrx_word' id='word_1_750' title='bbox 2356 4813 2662 4882; x_wconf 76' lang='lat' dir='ltr'><strong>theologiae,</strong></span> <span class='ocrx_word' id='word_1_751' title='bbox 2695 4811 2785 4864; x_wconf 90' lang='lat' dir='ltr'><strong>Dei</strong></span> <span class='ocrx_word' id='word_1_752' title='bbox 2813 4809 3060 4863; x_wconf 58' lang='lat' dir='ltr'><strong>scientia:</strong></span> <span class='ocrx_word' id='word_1_753' title='bbox 3085 4809 3299 4877; x_wconf 82' lang='lat' dir='ltr'><strong>signum</strong></span> <span class='ocrx_word' id='word_1_754' title='bbox 3330 4820 3413 4862; x_wconf 83' lang='lat' dir='ltr'><strong>est</strong></span> <span class='ocrx_word' id='word_1_755' title='bbox 3438 4809 3616 4865; x_wconf 80' lang='lat' dir='ltr'><strong>forma</strong></span> 
     </span>
    </p>
   </div>
   <div class='ocr_carea' id='block_1_102' title="bbox 2032 4905 3674 4980">
    <p class='ocr_par' dir='ltr' id='par_1_102' title="bbox 2032 4905 3674 4980">
     <span class='ocr_line' id='line_1_102' title="bbox 2032 4905 3674 4980; baseline -0.004 -13"><span class='ocrx_word' id='word_1_756' title='bbox 2032 4912 2252 4978; x_wconf 73' lang='lat' dir='ltr'><strong>cii-cuii,</strong></span> <span class='ocrx_word' id='word_1_757' title='bbox 2287 4926 2450 4980; x_wconf 88' lang='lat' dir='ltr'><strong>quam</strong></span> <span class='ocrx_word' id='word_1_758' title='bbox 2488 4907 2742 4963; x_wconf 86' lang='lat' dir='ltr'><strong>Christus</strong></span> <span class='ocrx_word' id='word_1_759' title='bbox 2775 4921 2884 4960; x_wconf 88' lang='lat' dir='ltr'><strong>non</strong></span> <span class='ocrx_word' id='word_1_760' title='bbox 2929 4905 3112 4957; x_wconf 89' lang='lat' dir='ltr'><strong>docuit</strong></span> <span class='ocrx_word' id='word_1_761' title='bbox 3155 4905 3314 4957; x_wconf 90' lang='lat' dir='ltr'><strong>simul</strong></span> <span class='ocrx_word' id='word_1_762' title='bbox 3353 4915 3408 4957; x_wconf 93' lang='lat' dir='ltr'><strong>ut</strong></span> <span class='ocrx_word' id='word_1_763' title='bbox 3457 4907 3617 4961; x_wconf 84' lang='lat' dir='ltr'><strong>homo</strong></span> <span class='ocrx_word' id='word_1_764' title='bbox 3658 4927 3674 4944; x_wconf 84' lang='lat'><strong>-</strong></span> 
     </span>
    </p>
   </div>
   <div class='ocr_carea' id='block_1_103' title="bbox 2039 4992 3615 5072">
    <p class='ocr_par' dir='ltr' id='par_1_103' title="bbox 2039 4992 3615 5072">
     <span class='ocr_line' id='line_1_103' title="bbox 2039 4992 3615 5072; baseline -0.006 -14"><span class='ocrx_word' id='word_1_765' title='bbox 2039 5007 2216 5058; x_wconf 81' lang='lat' dir='ltr'><strong>factus</strong></span> <span class='ocrx_word' id='word_1_766' title='bbox 2254 5019 2350 5072; x_wconf 90' lang='lat' dir='ltr'><strong>per</strong></span> <span class='ocrx_word' id='word_1_767' title='bbox 2407 4999 2858 5061; x_wconf 81' lang='lat' dir='ltr'><strong>incarnationem,</strong></span> <span class='ocrx_word' id='word_1_768' title='bbox 2897 5004 2951 5048; x_wconf 87' lang='lat' dir='ltr'><strong>et</strong></span> <span class='ocrx_word' id='word_1_769' title='bbox 2988 5005 3043 5048; x_wconf 93' lang='lat' dir='ltr'><strong>ut</strong></span> <span class='ocrx_word' id='word_1_770' title='bbox 3086 4992 3230 5049; x_wconf 86' lang='lat' dir='ltr'><strong>Deus</strong></span> <span class='ocrx_word' id='word_1_771' title='bbox 3275 5012 3380 5048; x_wconf 93' lang='lat' dir='ltr'><strong>non</strong></span> <span class='ocrx_word' id='word_1_772' title='bbox 3405 4997 3615 5055; x_wconf 76' lang='lat' dir='ltr'><strong>habens</strong></span> 
     </span>
    </p>
   </div>
   <div class='ocr_carea' id='block_1_104' title="bbox 3085 5087 3612 5146">
    <p class='ocr_par' dir='ltr' id='par_1_104' title="bbox 3085 5087 3612 5146">
     <span class='ocr_line' id='line_1_104' title="bbox 3085 5087 3612 5146; baseline 0.011 -6"><span class='ocrx_word' id='word_1_773' title='bbox 3085 5087 3612 5146; x_wconf 84' lang='lat' dir='ltr'><strong>administrationem</strong></span> 
     </span>
    </p>
   </div>
   <div class='ocr_carea' id='block_1_105' title="bbox 329 5191 2253 5271">
    <p class='ocr_par' dir='ltr' id='par_1_105' title="bbox 329 5191 2253 5271">
     <span class='ocr_line' id='line_1_105' title="bbox 329 5191 2253 5271; baseline 0.001 -25"><span class='ocrx_word' id='word_1_774' title='bbox 329 5197 386 5246; x_wconf 83' lang='lat' dir='ltr'><strong>et</strong></span> <span class='ocrx_word' id='word_1_775' title='bbox 411 5191 587 5260; x_wconf 81' lang='lat' dir='ltr'><strong>ipsum</strong></span> <span class='ocrx_word' id='word_1_776' title='bbox 622 5194 885 5248; x_wconf 86' lang='lat' dir='ltr'><strong>mundum</strong></span> <span class='ocrx_word' id='word_1_777' title='bbox 912 5195 968 5250; x_wconf 90' lang='lat' dir='ltr'><strong>in</strong></span> <span class='ocrx_word' id='word_1_778' title='bbox 999 5196 1119 5265; x_wconf 89' lang='lat' dir='ltr'><strong>ejus</strong></span> <span class='ocrx_word' id='word_1_779' title='bbox 1151 5214 1310 5252; x_wconf 85' lang='lat' dir='ltr'><strong>manu</strong></span> <span class='ocrx_word' id='word_1_780' title='bbox 1335 5214 1476 5264; x_wconf 88' lang='lat' dir='ltr'><strong>esse,</strong></span> <span class='ocrx_word' id='word_1_781' title='bbox 1513 5207 1570 5253; x_wconf 91' lang='lat' dir='ltr'><strong>ut</strong></span> <span class='ocrx_word' id='word_1_782' title='bbox 1601 5200 1733 5254; x_wconf 90' lang='lat' dir='ltr'><strong>dicit</strong></span> <span class='ocrx_word' id='word_1_783' title='bbox 1761 5200 2023 5271; x_wconf 84' lang='lat' dir='ltr'><strong>propheta</strong></span> <span class='ocrx_word' id='word_1_784' title='bbox 2066 5193 2253 5249; x_wconf 67' lang='lat' dir='ltr'><strong>David.</strong></span> 
     </span>
    </p>
   </div>
   <div class='ocr_carea' id='block_1_106' title="bbox 886 5312 1362 5371">
    <p class='ocr_par' dir='ltr' id='par_1_106' title="bbox 886 5312 1362 5371">
     <span class='ocr_line' id='line_1_106' title="bbox 886 5312 1362 5371; baseline 0.015 -7"><span class='ocrx_word' id='word_1_785' title='bbox 886 5312 1224 5367; x_wconf 78' lang='grc' dir='ltr'><strong>ΕΡΩΤΗΣΙΣ</strong></span> <span class='ocrx_word' id='word_1_786' title='bbox 1262 5314 1362 5371; x_wconf 83' lang='grc' dir='ltr'><strong>ΙΘ’.</strong></span> 
     </span>
    </p>
   </div>
   <div class='ocr_carea' id='block_1_107' title="bbox 330 5423 1919 5500">
    <p class='ocr_par' dir='ltr' id='par_1_107' title="bbox 330 5423 1919 5500">
     <span class='ocr_line' id='line_1_107' title="bbox 330 5423 1919 5500; baseline 0.007 -25"><span class='ocrx_word' id='word_1_787' title='bbox 330 5423 496 5476; x_wconf 85' lang='grc' dir='ltr'>Διατί</span> <span class='ocrx_word' id='word_1_788' title='bbox 525 5427 1046 5500; x_wconf 15' lang='grc' dir='ltr'>πολυσταύριονίῆ</span> <span class='ocrx_word' id='word_1_789' title='bbox 1088 5430 1325 5483; x_wconf 57' lang='grc' dir='ltr'>σάκκον</span> <span class='ocrx_word' id='word_1_790' title='bbox 1363 5433 1434 5484; x_wconf 81' lang='grc' dir='ltr'>οὐ</span> <span class='ocrx_word' id='word_1_791' title='bbox 1465 5431 1763 5500; x_wconf 65' lang='grc' dir='ltr'>φοροῦσιν</span> <span class='ocrx_word' id='word_1_792' title='bbox 1793 5433 1919 5486; x_wconf 83' lang='grc' dir='ltr'>ἐπί-</span> 
     </span>
    </p>
   </div>
   <div class='ocr_carea' id='block_1_108' title="bbox 463 5499 1804 5571">
    <p class='ocr_par' dir='ltr' id='par_1_108' title="bbox 463 5499 1804 5571">
     <span class='ocr_line' id='line_1_108' title="bbox 463 5499 1804 5571; baseline 0.007 -25"><span class='ocrx_word' id='word_1_793' title='bbox 463 5509 715 5559; x_wconf 76' lang='grc' dir='ltr'>σκοποι;</span> <span class='ocrx_word' id='word_1_794' title='bbox 749 5501 851 5549; x_wconf 76' lang='lat' dir='ltr'><strong>lt’al</strong></span> <span class='ocrx_word' id='word_1_795' title='bbox 887 5501 939 5552; x_wconf 79' lang='lat' dir='ltr'><strong>el</strong></span> <span class='ocrx_word' id='word_1_796' title='bbox 968 5499 1354 5570; x_wconf 78' lang='grc' dir='ltr'>ἐνδύσονται,</span> <span class='ocrx_word' id='word_1_797' title='bbox 1384 5505 1446 5554; x_wconf 82' lang='grc' dir='ltr'><strong>τί</strong></span> <span class='ocrx_word' id='word_1_798' title='bbox 1464 5499 1804 5571; x_wconf 71' lang='grc' dir='ltr'>βλιιϐερόνς</span> 
     </span>
    </p>
   </div>
   <div class='ocr_carea' id='block_1_109' title="bbox 404 5740 1914 5822">
    <p class='ocr_par' dir='ltr' id='par_1_109' title="bbox 404 5740 1914 5822">
     <span class='ocr_line' id='line_1_109' title="bbox 404 5740 1914 5822; baseline 0.011 -31"><span class='ocrx_word' id='word_1_799' title='bbox 404 5740 723 5810; x_wconf 72' lang='grc' dir='ltr'>Πολυσταύρ</span> <span class='ocrx_word' id='word_1_800' title='bbox 751 5761 807 5795; x_wconf 84' lang='grc' dir='ltr'><strong>ον</strong></span> <span class='ocrx_word' id='word_1_801' title='bbox 841 5744 896 5797; x_wconf 85' lang='grc' dir='ltr'>δὲ</span> <span class='ocrx_word' id='word_1_802' title='bbox 935 5747 996 5798; x_wconf 85' lang='grc' dir='ltr'>οὺ</span> <span class='ocrx_word' id='word_1_803' title='bbox 1031 5748 1287 5814; x_wconf 72' lang='grc' dir='ltr'>φοροῦσιν</span> <span class='ocrx_word' id='word_1_804' title='bbox 1335 5749 1621 5804; x_wconf 74' lang='grc' dir='ltr'>ἐπίσκοποι</span> <span class='ocrx_word' id='word_1_805' title='bbox 1643 5793 1658 5819; x_wconf 93' lang='grc'><strong>,</strong></span> <span class='ocrx_word' id='word_1_806' title='bbox 1697 5753 1778 5806; x_wconf 81' lang='grc' dir='ltr'>ὅτι</span> <span class='ocrx_word' id='word_1_807' title='bbox 1813 5753 1914 5822; x_wconf 83' lang='grc' dir='ltr'>τῆς</span> 
     </span>
    </p>
   </div>
   <div class='ocr_carea' id='block_1_110' title="bbox 328 5832 1916 5918">
    <p class='ocr_par' dir='ltr' id='par_1_110' title="bbox 328 5832 1916 5918">
     <span class='ocr_line' id='line_1_110' title="bbox 328 5832 1916 5918; baseline 0.01 -35"><span class='ocrx_word' id='word_1_808' title='bbox 328 5832 670 5906; x_wconf 75' lang='grc' dir='ltr'>τελειοτέρας</span> <span class='ocrx_word' id='word_1_809' title='bbox 697 5835 852 5892; x_wconf 75' lang='grc' dir='ltr'>τοῦτο</span> <span class='ocrx_word' id='word_1_810' title='bbox 885 5838 1092 5906; x_wconf 77' lang='grc' dir='ltr'>τάξεως</span> <span class='ocrx_word' id='word_1_811' title='bbox 1128 5841 1222 5896; x_wconf 68' lang='grc' dir='ltr'>καὶ</span> <span class='ocrx_word' id='word_1_812' title='bbox 1269 5843 1376 5900; x_wconf 80' lang='grc' dir='ltr'>τῶν</span> <span class='ocrx_word' id='word_1_813' title='bbox 1406 5842 1735 5914; x_wconf 71' lang='grc' dir='ltr'>ἐγγιζόντων</span> <span class='ocrx_word' id='word_1_814' title='bbox 1777 5846 1916 5918; x_wconf 80' lang='grc' dir='ltr'><strong>μᾶλ-</strong></span> 
     </span>
    </p>
   </div>
   <div class='ocr_carea' id='block_1_111' title="bbox 2527 5304 3080 5372">
    <p class='ocr_par' dir='ltr' id='par_1_111' title="bbox 2527 5304 3080 5372">
     <span class='ocr_line' id='line_1_111' title="bbox 2527 5304 3080 5372; baseline 0.004 -11"><span class='ocrx_word' id='word_1_815' title='bbox 2527 5304 2857 5372; x_wconf 72' lang='grc' dir='ltr'>ρυΑῑετιο</span> <span class='ocrx_word' id='word_1_816' title='bbox 2936 5307 3080 5364; x_wconf 71' lang='lat' dir='ltr'><strong>xxx.</strong></span> 
     </span>
    </p>
   </div>
   <div class='ocr_carea' id='block_1_112' title="bbox 2031 5420 3610 5492">
    <p class='ocr_par' dir='ltr' id='par_1_112' title="bbox 2031 5420 3610 5492">
     <span class='ocr_line' id='line_1_112' title="bbox 2031 5420 3610 5492; baseline 0.001 -17"><span class='ocrx_word' id='word_1_817' title='bbox 2031 5423 2212 5489; x_wconf 81' lang='lat' dir='ltr'><strong>Quare</strong></span> <span class='ocrx_word' id='word_1_818' title='bbox 2268 5420 2503 5490; x_wconf 77' lang='lat' dir='ltr'><strong>episcopi</strong></span> <span class='ocrx_word' id='word_1_819' title='bbox 2549 5439 2653 5475; x_wconf 84' lang='lat' dir='ltr'><strong>non</strong></span> <span class='ocrx_word' id='word_1_820' title='bbox 2705 5422 3004 5476; x_wconf 75' lang='lat' dir='ltr'><strong>induantur</strong></span> <span class='ocrx_word' id='word_1_821' title='bbox 3037 5431 3158 5492; x_wconf 80' lang='lat' dir='ltr'><strong>toga</strong></span> <span class='ocrx_word' id='word_1_822' title='bbox 3206 5423 3387 5477; x_wconf 79' lang='lat' dir='ltr'><strong>multis</strong></span> <span class='ocrx_word' id='word_1_823' title='bbox 3423 5433 3610 5476; x_wconf 80' lang='lat' dir='ltr'><strong>notata</strong></span> 
     </span>
    </p>
   </div>
   <div class='ocr_carea' id='block_1_113' title="bbox 2097 5493 3610 5564">
    <p class='ocr_par' dir='ltr' id='par_1_113' title="bbox 2097 5493 3610 5564">
     <span class='ocr_line' id='line_1_113' title="bbox 2097 5493 3610 5564; baseline 0.001 -18"><span class='ocrx_word' id='word_1_824' title='bbox 2097 5493 2338 5564; x_wconf 59' lang='lat' dir='ltr'><strong>crucibus</strong></span> <span class='ocrx_word' id='word_1_825' title='bbox 2372 5502 2480 5564; x_wconf 68' lang='lat' dir='ltr'><strong>aut</strong></span> <span class='ocrx_word' id='word_1_826' title='bbox 2510 5509 2685 5547; x_wconf 78' lang='lat' dir='ltr'><strong>sacco.</strong></span> <span class='ocrx_word' id='word_1_827' title='bbox 2720 5494 2909 5564; x_wconf 79' lang='lat' dir='ltr'><strong>Atque,</strong></span> <span class='ocrx_word' id='word_1_828' title='bbox 2939 5494 2984 5548; x_wconf 85' lang='lat' dir='ltr'><strong>si</strong></span> <span class='ocrx_word' id='word_1_829' title='bbox 3013 5495 3110 5548; x_wconf 83' lang='lat' dir='ltr'><strong>hoc</strong></span> <span class='ocrx_word' id='word_1_830' title='bbox 3137 5496 3360 5562; x_wconf 73' lang='lat' dir='ltr'><strong>faciunt,</strong></span> <span class='ocrx_word' id='word_1_831' title='bbox 3391 5510 3514 5547; x_wconf 74' lang='lat' dir='ltr'><strong>num</strong></span> <span class='ocrx_word' id='word_1_832' title='bbox 3543 5495 3610 5548; x_wconf 68' lang='lat' dir='ltr'><strong>sit</strong></span> 
     </span>
    </p>
   </div>
   <div class='ocr_carea' id='block_1_114' title="bbox 2095 5561 2618 5631">
    <p class='ocr_par' dir='ltr' id='par_1_114' title="bbox 2095 5561 2618 5631">
     <span class='ocr_line' id='line_1_114' title="bbox 2095 5561 2618 5631; baseline 0 -15"><span class='ocrx_word' id='word_1_833' title='bbox 2095 5561 2573 5631; x_wconf 76' lang='lat' dir='ltr'><strong>reprehendendum</strong></span> <span class='ocrx_word' id='word_1_834' title='bbox 2594 5565 2618 5616; x_wconf 69' lang='grc' dir='ltr'><strong>Ζ)</strong></span> 
     </span>
    </p>
   </div>
   <div class='ocr_carea' id='block_1_115' title="bbox 2089 5749 3607 5822">
    <p class='ocr_par' dir='ltr' id='par_1_115' title="bbox 2089 5749 3607 5822">
     <span class='ocr_line' id='line_1_115' title="bbox 2089 5749 3607 5822; baseline 0.002 -18"><span class='ocrx_word' id='word_1_835' title='bbox 2089 5749 2495 5822; x_wconf 75' lang='lat' dir='ltr'><strong>Polystaurium</strong></span> <span class='ocrx_word' id='word_1_836' title='bbox 2549 5767 2658 5806; x_wconf 88' lang='lat' dir='ltr'><strong>non</strong></span> <span class='ocrx_word' id='word_1_837' title='bbox 2723 5751 2904 5806; x_wconf 80' lang='lat' dir='ltr'><strong>ferunt</strong></span> <span class='ocrx_word' id='word_1_838' title='bbox 2963 5751 3235 5822; x_wconf 75' lang='lat' dir='ltr'><strong>episcopi,</strong></span> <span class='ocrx_word' id='word_1_839' title='bbox 3287 5752 3415 5822; x_wconf 88' lang='lat' dir='ltr'><strong>quia</strong></span> <span class='ocrx_word' id='word_1_840' title='bbox 3474 5750 3607 5806; x_wconf 84' lang='lat' dir='ltr'><strong>illud</strong></span> 
     </span>
    </p>
   </div>
   <div class='ocr_carea' id='block_1_116' title="bbox 2027 5839 3610 5923">
    <p class='ocr_par' dir='ltr' id='par_1_116' title="bbox 2027 5839 3610 5923">
     <span class='ocr_line' id='line_1_116' title="bbox 2027 5839 3610 5923; baseline 0 -19"><span class='ocrx_word' id='word_1_841' title='bbox 2027 5857 2110 5904; x_wconf 82' lang='lat' dir='ltr'><strong>est</strong></span> <span class='ocrx_word' id='word_1_842' title='bbox 2164 5846 2384 5923; x_wconf 79' lang='lat' dir='ltr'><strong>ordinis</strong></span> <span class='ocrx_word' id='word_1_843' title='bbox 2429 5839 2770 5917; x_wconf 78' lang='lat' dir='ltr'><strong>perfectioris</strong></span> <span class='ocrx_word' id='word_1_844' title='bbox 2841 5847 3243 5916; x_wconf 81' lang='lat' dir='ltr'><strong>indumentum,</strong></span> <span class='ocrx_word' id='word_1_845' title='bbox 3304 5859 3358 5905; x_wconf 89' lang='lat' dir='ltr'><strong>et</strong></span> <span class='ocrx_word' id='word_1_846' title='bbox 3434 5849 3610 5916; x_wconf 76' lang='lat' dir='ltr'><strong>magis</strong></span> 
     </span>
    </p>
   </div>
  </div>
