4118 6448
494 299 610 372 ’8ῗ1

1360 303 1506 365 SYM
1519 303 1670 364 EON
1678 303 1751 365 IS
1783 302 2548 368 TIIESSALONICENSIS
2589 303 2936 366 ARCHIEP‘

3665 306 3772 371 872

503 418 764 472 idoneum
801 415 906 470 illis
938 415 1029 484 qui
1083 415 1310 485 propius
1348 417 1618 470 accedunt
1649 417 1717 471 ad
1751 417 2074 488 dignitatem

2183 417 2275 470 λον
2307 420 2373 489 τῇ
2408 417 2536 488 ἀξία.
2566 417 2643 486 τῷ
2673 417 2740 471 δι’
2778 418 2925 487 ἡμᾶς
2959 415 3352 486 σταυρωθέντι,
3382 416 3478 472 καὶ
3511 417 3572 470 τὸ
3603 419 3774 489 ἐπῃρο

499 503 622 573 eius
649 505 739 571 qui
775 518 873 573 pro
901 504 1058 557 nobis
1092 504 1144 558 in
1196 519 1361 560 cruce
1409 521 1614 573 passus
1672 513 1798 564 est:
1843 514 1898 559 et
1945 505 2079 560 illud

497 596 818 651 excelsioris
845 607 926 651 est
947 597 1176 652 ordinis.
1217 597 1272 651 Si
1333 597 1501 667 igitur
1527 597 1822 668 episcopis,
1865 599 2082 652 archie-

2189 509 2350 580 μένον
2381 511 2481 577 τῆς
2515 511 2744 576 τάξεως.
2801 510 2864 564 Εἰ
2908 505 3004 563 οὖν
3038 511 3132 562 καὶ
3169 509 3267 578 μία
3319 510 3636 570 ἐπισκόποις
3670 515 3772 581 ἀρε

2185 603 2570 672 χιεπισκόποις
2591 620 2649 655 τε
2679 602 2771 656 καὶ
2793 605 3163 672 πατριάρχαις
3185 603 3218 672 ἡ
3240 601 3338 670 τῆς
3361 601 3773 673 ἀρχιερωσύνης

505 690 748 760 piscopis
779 698 833 742 ct
867 690 1195 758 patuiarchis
1243 706 1351 744 una
1386 699 1471 746 est
1503 699 1747 758 potestas
1800 701 1854 746 et
1910 692 2083 746 virtus

2184 694 2443 765 ἐνέργειά
2472 711 2531 746 τε
2566 695 2661 747 καὶ
2698 693 2950 764 δύναμις,
2983 693 3118 747 ἀλλὰ
3147 692 3241 747 καὶ
3270 693 3506 762 διαφορά
3536 695 3648 746 ἐστι
3671 693 3773 762 τῆς

496 783 546 837 vi
580 782 986 846 .ordinationis,
1029 793 1081 836 at
1155 784 1370 838 diversa
1417 784 1758 856 singulorum
1803 795 1886 840 est
1941 787 2080 838 ratio

499 875 725 944 gradus,
755 884 809 929 et
836 875 1165 939 .hierarcbat,
1199 885 1252 930 et
1281 875 1448 940 sedis,
1479 885 1532 928 et
1555 892 1698 932 curae
1724 886 1779 932 et
1828 877 2076 942 honoris,

494 969 639 1022 sicut
665 979 718 1022 ct
749 969 801 1022 in
854 970 1064 1038 angelis
1101 972 1389 1038 reperitur.
1437 970 1584 1026 Inter
1641 971 1740 1026 bos
1791 973 2080 1028 ministros

493 1062 776 1131 principes
809 1063 1090 1125 Ecclesia,
1127 1073 1186 1116 ut
1214 1064 1456 1132 loquitur
1506 1075 1728 1119 sanctus
1758 1065 2076 1135 Dionysius,

497 1163 628 1208 sunt
659 1156 853 1209 ordine
889 1156 1073 1224 primi,
1110 1155 1273 1209 medii
1305 1166 1359 1210 et
1397 1157 1568 1212 ultimi
1607 1158 1698 1226 qui
1731 1159 2076 1229 singulorum

499 1249 752 1300 ordinum
789 1263 949 1301 unam
985 1249 1127 1302 inter
1149 1263 1208 1302 se
1240 1249 1439 1304 habent
1462 1249 2077 1304 distinctionem.l’rimi

499 1343 719 1410 quidem
758 1351 885 1395 sunt
919 1341 1240 1410 patriarclnn
1268 1351 1324 1397 et
1355 1342 1686 1398 excelsiores
1716 1343 1858 1398 inter
1897 1345 2076 1397 archi-

492 1433 802 1503 episcopus,
831 1435 924 1503 qui
968 1433 1270 1487 induuntur
1298 1435 1474 1488 saetis
1508 1434 1726 1504 publice
1775 1440 1830 1488 et
1891 1445 2079 1503 aperte

488 1521 768 1576 Christum
822 1539 1046 1592 passum
1076 1523 1382 1586 imitantes,
1413 1525 1514 1593 qui
1535 1539 1630 1592 pro
1662 1524 1821 1579 nobis
1849 1541 2075 1580 saccum

490 1632 588 1685 per
619 1617 914 1670 ludibrium
943 1617 1138 1684 induit,
1169 1627 1226 1672 et
1279 1619 1474 1673 deinde
1507 1618 1560 1672 in
1625 1633 1787 1674 cruce
1843 1635 2074 1673 mortem

489 1707 677 1761 subiit.
703 1708 884 1773 Quare
907 1723 1100 1763 saccus
1131 1708 1321 1776 plenus
1353 1718 1436 1764 est
1467 1710 1746 1765 crucibus.
1767 1708 1925 1766 Medii
1952 1721 2077 1764 sunt

493 1799 897 1867 metropolitani
973 1815 1186 1859 omnes.
1247 1801 1339 1870 qui
1388 1802 1721 1872 polystauria
1769 1813 1968 1873 gerunt
2023 1815 2076 1861 et

488 1892 736 1946 vestibus
767 1892 1140 1946 testimonium
1173 1893 1456 1948 Crucilixo
1483 1895 1732 1959 reddunt,
1761 1911 1868 1950 non
1895 1907 2075 1951 autem

487 2001 672 2040 sacco.
730 1982 913 2038 Ultimi
971 1985 1220 2054 denique.
1256 1993 1386 2040 sunt
1410 1986 1675 2056 episcopi,
1716 1987 1808 2057 qui
1865 1987 2075 2042 Clu-isti

488 2079 799 2147 passionem
829 2081 882 2132 in
921 2083 1358 2148 genere'tantnm
1389 2093 1486 2148 per
1511 2093 1730 2134 crucem
1767 2079 2074 2146 toleratnm,

490 2170 760 2224 humer-ali
788 2170 1117 2238 signiﬁcant.
1177 2169 1624 2241 Uniuscnjnsque
1653 2182 1739 2226 est
1784 2181 1841 2224 ut
1895 2181 2078 2226 servet

488 2263 810 2317 indumenta
844 2263 1161 2334 praescripta
1197 2262 1452 2317 ordinis:
1509 2278 1634 2317 nam
1687 2263 1944 2333 superbia
1991 2273 2076 2316 est

485 2353 666 2408 facere
694 2370 816 2424 qua:
844 2370 953 2410 non
981 2357 1398 2427 permittuntur,
1457 2363 1514 2411 et
1573 2369 1864 2413 assumere
1924 2357 2072 2428 quod

486 2466 595 2504 non
623 2449 906 2520 competit.

1014 2646 1342 2715 QUIESTIO
1393 2647 1516 2703 XX.

483 2758 628 2836 Quid
679 2761 891 2836 denotet
924 2763 1096 2818 mitra:
1131 2767 1362 2836 gestatio
1387 2805 1400 2824 .
1439 2775 1489 2819 et
1523 2766 1661 2821 unde
1702 2765 1974 2823 Romanus
2021 2783 2071 2825 et

550 2833 948 2908 Alexandrinus
989 2833 1186 2908 morem
1216 2836 1310 2889 illa
1340 2838 1526 2890 utendi
1577 2843 1868 2908 acceperim
1899 2858 1914 2904 ;
1945 2843 2070 2894 item

552 2919 718 2982 quare
750 2905 928 2982 τιυιωὶ
972 2907 1220 2982 Δρρίεοορι
1274 2923 1491 2961 sacrum
1543 2905 1768 2978 ofﬁciunt
1809 2923 2069 2982 peragant

550 2975 722 3042 capite
748 2977 950 3027 detecto
967 2975 992 3027 ?

556 3091 773 3146 Mitram
794 3093 851 3147 in
877 3092 1057 3161 capite
1085 3089 1189 3146 fert
1220 3095 1454 3151 antistes
1484 3093 1748 3152 Romanae
1782 3097 2065 3165 Ecclesiae,
2096 3122 2140 3179 ς

478 3183 725 3238 omnium
763 3181 1125 3238 ecclesiarum
1189 3183 1471 3240 vinculum
1530 3186 1777 3254 unitatis,
1817 3189 1962 3244 sicut
2013 3198 2068 3244 et

483 3276 891 3332 Alexandrinus
924 3276 1198 3344 pontifex.
1229 3277 1364 3344 Quis
1391 3289 1576 3336 autem
1602 3280 1709 3336 illis
1741 3282 1793 3336 id
1841 3297 2068 3337 conces-

481 3367 642 3430 serit,
691 3381 796 3420 non
865 3368 1112 3422 invenire
1170 3377 1274 3434 est,
1303 3369 1410 3426 nisi
1469 3370 1684 3426 dicatur
1723 3373 1943 3427 mitram
2012 3375 2066 3428 in

481 3475 643 3515 UStlm
722 3461 938 3515 venisse
1018 3471 1241 3531 pr0pter
1334 3464 1628 3534 quamdam
1702 3466 2066 3520 imitationem

482 3555 682 3608 summi
731 3554 1017 3623 pontiﬁcis
1049 3556 1248 3611 veteris
1307 3555 1463 3627 legis,
1514 3557 1788 3625 siquidem
1845 3567 1900 3613 et
1953 3559 2069 3628 ipse

483 3644 759 3714 quondam
821 3645 999 3715 capite
1030 3647 1198 3713 gessit
1230 3645 1448 3701 tiaram.
1488 3645 1558 3701 Ut
1589 3647 1808 3716 quidam
1853 3649 2065 3714 dicunt,

483 3737 883 3806 illudaprimo
938 3753 1063 3807 rege
1125 3737 1445 3794 Christiano
1504 3738 1631 3794 divo
1697 3739 2067 3796 Constantino

481 3845 808 3886 com-essum
868 3829 971 3884 fuit
1034 3831 1193 3884 beato
1251 3846 1404 3901 papa:
1469 3830 1717 3887 Romano
1777 3833 2064 3899 Silvestre,

481 3923 626 3992 quod
685 3922 907 3993 quidem
970 3921 1152 3978 Latini
1219 3923 1409 3978 dicunt
1477 3926 1742 3995 scriptum
1803 3925 1973 3982 fuisse
2009 3927 2066 3982 in

483 4017 631 4071 bulla
681 4031 872 4082 aurea,
920 4031 1086 4086 quam
1127 4031 1156 4070 a
1199 4031 1398 4087 magno
1427 4017 1792 4074 Constantino
1843 4030 2070 4075 conten-

481 4107 622 4162 dunt
647 4118 950 4172 exaratam,
989 4115 1048 4161 ut
1079 4117 1277 4162 sancto
1303 4108 1574 4164 Silvestre
1603 4107 1757 4163 Patri
1795 4111 2068 4180 spirituali

483 4211 707 4255 stemma
741 4199 897 4255 daret
927 4201 1107 4270 regni,
1148 4201 1214 4256 ad
1246 4201 1475 4271 gloriam
1535 4201 1842 4257 addendam
1888 4219 2071 4259 sacer-

481 4292 654 4346 dotio.
685 4291 947 4362 Cyrillum
1004 4291 1438 4348 Alexandrinum
1491 4295 1594 4348 hoc
1647 4297 1846 4364 capitis
1910 4297 2071 4352 indu-

485 4393 732 4438 mentmn
764 4383 1074 4441 obtinuisse
1110 4385 1292 4441 ferunt
1325 4401 1354 4440 a
1385 4387 1620 4457 quadam
1657 4390 1887 4458 synodo,
1917 4389 2067 4460 quod

2183 787 2392 852 τάξεώς
2418 804 2478 852 τε
2508 787 2603 839 καὶ
2629 785 2725 839 τοῦ
2759 786 2976 855 θρόνου,
3015 787 3096 840 ἔτι
3121 804 3178 839 τε
3207 787 3305 856 τῆς
3331 787 3506 858 ἀρχῆς
3545 789 3639 840 καὶ
3674 786 3771 839 τοῦ

2183 877 2349 948 ἔργου
2373 879 2466 930 καὶ
2490 879 2586 947 τῆς
2610 875 2870 945 προνοίας
2892 879 2986 929 καὶ
3011 877 3292 946 φροντίδος
3312 875 3412 944 τῆς
3437 874 3529 930 ὑπ’
3553 877 3770 940 αὐτοὺς,

2180 968 2258 1033 ώς
2293 970 2388 1022 καὶ
2433 970 2491 1020 ἐν
2541 967 2795 1036 ἀγγέλοις
2847 968 2988 1023 lati.
3026 968 3245 1039 Πρῶτοι
3277 970 3384 1036 γὰρ
3433 969 3528 1021 καὶ
3570 969 3628 1020 ἐν
3652 968 3775 1030 ταῖς

2182 1061 2430 1130 πρώταις
2482 1059 2664 1112 αὐτῶν
2714 1057 2936 1123 τάξεσιν
2970 1061 3130 1123 εἰσιν,
3180 1058 3255 1122 ὥς
3305 1075 3436 1128 φησι
3472 1057 3770 1121 Διονύσιος,

2182 1156 2278 1206 καὶ
2306 1153 2482 1222 μέσοι,
2511 1154 2608 1205 καὶ
2639 1151 2958 1214 τελευταῖοι,
2993 1152 3239 1220 καίτοιγε
3288 1153 3416 1219 μιᾶς
3447 1149 3611 1218 οὔσης
3641 1150 3772 1202 ἑκά-

2185 1262 2315 1314 στης
2347 1243 2571 1308 τάξεως.
2609 1242 2781 1298 Τοῦτο
2811 1241 2906 1296 οὖν
2949 1243 3044 1296 καὶ
3087 1245 3145 1295 ὲν
3189 1245 3254 1313 τῇ
3301 1240 3600 1311 Ἐκκλησία
3630 1243 3766 1305 ἐστὶ,

2180 1336 2251 1388 τὰ
2278 1337 2508 1406 οὐράνια
2543 1335 2886 1408 μιμουμένη,
2925 1333 3131 1404 μᾶλλον
3161 1335 3216 1387 δὲ
3253 1333 3328 1395 ὡς
3372 1335 3627 1405 ἡνωμένη
3655 1335 3769 1395 τοῖς

2179 1428 2476 1497 οὐρανίοις.
2531 1429 2639 1482 Καὶ
2687 1428 2898 1498 πρῶτος
2930 1427 3028 1497 μὲν
3075 1429 3122 1480 οἱ
3176 1427 3538 1497 πατριάρχαι,
3581 1426 3673 1478 καὶ
3718 1426 3765 1476 οἱ

2180 1523 2289 1576 τῶν
2318 1523 2771 1592 ἀρχιεπισκόπων
2803 1522 3094 1591 ἐξαίρετοι,
3123 1522 3172 1574 οἳ
3209 1521 3302 1573 κα)⁷
3337 1520 3609 1572 ἐνδύονται
3633 1517 3768 1570 σάκ-

2182 1633 2332 1680 κους,
2377 1617 2672 1685 προφανῶς
2729 1615 3060 1684 μιμούμενοι
3098 1612 3430 1676 πεπονθότα,
3482 1611 3574 1663 τὸν
3624 1611 3762 1676 ὑπὲρ

2181 1709 2362 1778 ἡμῶν,
2422 1709 2630 1760 σάκκον
2664 1723 2723 1760 τε
2777 1695 3152 1776 ἐνδυσάμενον
3192 1703 3495 1766 παικτικώς
3545 1703 3637 1755 καὶ
3677 1701 3766 1754 διὰ

2185 1800 2419 1867 σταυροῦ
2472 1800 2705 1852 θάνατον
2751 1800 3065 1866 ἐνεγκόντα.
3102 1797 3193 1850 Διὸ
3224 1798 3317 1849 καὶ
3364 1797 3471 1857 ua;
3505 1797 3533 1847 ό
3567 1794 3767 1857 σάκκος

2182 1893 2401 1964 πλήρης
2450 1894 2725 1962 σταυρῶν.
2779 1893 2952 1947 Μέσοι
2985 1892 3040 1945 δὲ
3097 1891 3488 1960 μητροπολῖται
3543 1891 3765 1954 πάντες,

2179 1987 2228 2040 οἳ
2262 1987 2328 2040 τὰ
2383 1986 2762 2055 πολυσταύρια
2816 1985 3259 2049 ἐνδιδύσκονται,
3310 1981 3499 2035 τοῦτον
3563 1995 3767 2050 μαρτυ-

2183 2079 2403 2148 ροῦντες
2439 2079 2862 2150 ἐσταυρωμένον
2896 2080 3008 2140 τοῖς
3041 2075 3361 2145 φαινολίοις,
3401 2075 3498 2129 καὶ
3527 2075 3588 2128 οὐ
3627 2074 3767 2144 μετὰ

2179 2173 2411 2226 σάκκου.
2449 2172 2762 2225 Τελευταῖοι
2792 2171 2848 2223 δὲ
2872 2172 2920 2224 οἱ
2954 2170 3264 2229 ἐπίσκοποι,
3293 2167 3381 2221 διὰ
3427 2166 3519 2220 τοῦ
3550 2167 3764 2236 ώμοερο-

2183 2266 2324 2334 ρίου.
2357 2266 2453 2319 καὶ
2491 2265 2652 2336 μόνον
2685 2265 2746 2317 τὸ
2785 2263 2956 2327 πάθος
3003 2261 3241 2332 Χριστοῦ
3287 2261 3346 2314 τὸ
3392 2261 3478 2314 διὰ
3528 2260 3759 2330 σταυροῦ

2181 2359 2569 2430 φανεροῦντες.
2593 2358 3033 2430 339Ἔκαστος
3063 2351 3156 2410 οὖν
3182 2355 3290 2426 χρὴ
3317 2357 3498 2424 τηρεῖν
3513 2354 3673 2407 αὑτοῦ
3693 2354 3762 2408 τὰ

2178 2455 2278 2524 τῆς
2307 2451 2535 2518 τάξεως.
2576 2453 2988 2522 ’Υπερηςρανῗας
3010 2451 3119 2520 γὰρ
3149 2449 3210 2502 τδ
3235 2449 3387 2512 παρὰ
3409 2450 3476 2501 τὰ
3511 2447 3763 2517 δεδομένα

2177 2547 2374 2614 ποιεῖν,
2409 2545 2505 2598 καὶ
2533 2543 2838 2614 λαμϐάνειν
2872 2543 3008 2612 ὅπερ
3049 2543 3146 2595 οὐκ
3178 2540 3407 2606 ἔξεστιν.

2743 2657 3083 2710 ΕΡΩΤΗΣΙΣ
3122 2657 3206 2709 Κ¹.

2183 2774 2242 2826 Τί
2287 2771 2472 2836 δηλοῖ
2505 2771 2572 2825 τὸ
2596 2771 2815 2840 μίτραν
2833 2770 3061 2837 φορεῖν.
3103 2768 3210 2822 Kal
3238 2769 3424 2840 πόθεν
3461 2773 3494 2823 d
3535 2769 3758 2838 Ῥώμης

2247 2844 2345 2897 καί
2378 2847 2410 2898 ὀ
2477 2839 2942 2909 Ἀλεξανδρείας
2988 2840 3215 2909 ταύτην
3250 2839 3471 2893 ἔλαϐον
3531 2841 3756 2909 φορεῖν.

2251 2915 2360 2968 Kal
2385 2913 2511 2978 ,πῶς
2544 2916 2597 2966 οἱ
2642 2908 2844 2965 λοιποὶ
2885 2908 3180 2978 ἀρχιερεῖς
3211 2909 3502 2974 ἀσκεπεῖς
3532 2908 3604 2978 τῇ
3662 2926 3754 2964 κε-

2245 2984 2414 3053 φαλῇ
2442 2981 2906 3050 λειτουργοῦσιν
2937 2995 2957 3043 ;

2256 3098 2315 3151 'O
2356 3096 2574 3168 Ῥώμης
2630 3094 2730 3165 τὴν
2769 3093 2968 3165 μίτραν
3001 3093 3094 3146 καὶ
3144 3093 3431 3164 ἡνωμένης
3485 3095 3583 3164 τῆς
3630 3094 3755 3148 Ἐκ.

2173 3189 2406 3262 κλησίας
2435 3188 2624 3258 οὔσης,
2651 3187 2744 3241 ἐπὶ
2779 3185 3020 3253 κεφαλῆς
3066 3184 3281 3255 ἔφερεν,
3326 3185 3402 3249 ώς
3429 3186 3520 3239 καὶ
3547 3188 3574 3240 ό
3605 3186 3754 3240 Ἀλε-

2174 3284 2479 3355 ξανδρείας,
2533 3282 2630 3344 Τίς
2665 3280 2722 3334 δὲ
2764 3280 2791 3332 ὁ
2819 3280 2944 3340 δοὺς
2972 3279 3179 3342 ἄδειαν,
3217 3279 3318 3332 οὐκ
3372 3278 3516 3332 ἐστιν
3551 3280 3750 3345 εὑρεῖν,

2173 3378 2221 3430 εἱ
2253 3376 2328 3446 μὴ
2362 3375 2468 3430 ἀπό
2503 3391 2559 3442 γε
2595 3372 2690 3426 τοῦ
2746 3371 2979 3425 παλαιοῦ
3016 3371 3319 3442 ἀρχιερέως
3362 3369 3519 3424 τοῦτο
3547 3371 3750 3442 ἐλήφθη

2172 3469 2316 3522 κατά
2339 3485 2458 3520 τινα
2503 3466 2760 3536 μίμησιν,
2790 3466 2914 3517 ἐπεὶ
2956 3465 3211 3525 κάκεῖνος
3243 3463 3459 3533 κίδαριν
3490 3459 3632 3532 εἶχεν
3660 3464 3754 3516 ἐπὶ

2171 3563 2269 3631 τῆς
2301 3558 2564 3629 κεφαλῆς.
2596 3557 2751 3621 Τινὲς
2804 3556 2861 3610 δέ
2897 3573 3062 3624 φασιν
3111 3555 3185 3618 ώς
3222 3555 3373 3625 παρὰ
3412 3556 3506 3608 τοῦ
3539 3553 3754 3624 πρώτου

2173 3653 2232 3705 ὲν
2262 3649 2547 3720 βασιλεῦσι
2592 3648 2921 3719 Χριστιανοῦ
2966 3646 3061 3700 τοῦ
3097 3646 3374 3700 θειοτάτου
3411 3646 3753 3699 Κωνσταντῖ-

2173 3760 2264 3796 νου
2294 3742 2450 3796 τοῦτο
2476 3741 2632 3812 ἐδόθη
2662 3739 2738 3810 τῷ
2764 3742 3022 3812 μακαρίῳ
3061 3742 3224 3812 nan;
3255 3739 3334 3809 τῷ
3381 3738 3597 3809 Ῥώμης
3627 3739 3750 3791 Σιλ·

2173 3836 2405 3906 ϐέστρῳ.
2442 3835 2554 3889 Καὶ
2601 3835 2659 3888 ὲν
2692 3833 2770 3904 τῷ
2802 3832 3182 3904 χρυσοϐούλλῳ
3211 3833 3266 3886 δὲ
3312 3832 3340 3884 ὂ
3366 3833 3582 3886 Λατῖνοι
3617 3847 3754 3900 προ-

2173 3929 2423 3999 φέρουσι,
2471 3926 2567 3982 τοῦ
2600 3927 2839 3998 μεγάλου
2871 3929 3122 3996 λέγοντες
3155 3922 3298 3980 εῖναι
3323 3926 3750 3989 Κωνσταντίνου,

2173 4017 2330 4073 τοῦτο
2361 4019 2696 4090 γέγραπται,
2749 4017 2824 4080 ώς
2857 4017 2918 4070 τὸ
2943 4017 3162 4087 στέμμα
3191 4017 3290 4086 τῆς
3323 4015 3599 4086 βασιλείας
3646 4033 3754 4067 πα-

2177 4113 2322 4182 ρεῖχε
2356 4112 2435 4181 τῷ
2483 4111 2613 4182 θείῳ
2647 4109 2962 4180 Σιλϐέστρῳ
2998 4112 3026 4162 ό
3056 4110 3466 4172 Κωνσταντῖνος
3493 4109 3567 4170 ὡς
3594 4125 3752 4160 πνευ-

2177 4207 2392 4276 ματικῷ
2429 4205 2627 4274 Πατρὶ,
2661 4205 2761 4273 τὴν
2815 4201 3124 4274 ἱερωσύνην
3161 4203 3358 4272 τιμῶν.
3427 4202 3578 4254 Ἑπεὶ
3609 4201 3662 4255 δὲ
3693 4202 3754 4253 οὗ

2173 4298 2502 4363 κατεδέξατο
2554 4297 2644 4351 διὰ
2672 4295 3005 4350 ταπείνωσιν
3063 4294 3406 4365 Σίλϐεστρος,
3438 4295 3530 4348 τὸν
3584 4295 3756 4362 λῶρον

2174 4392 2455 4462 ἠνάγκασε
2508 4389 2695 4443 λαϐεῖν
2749 4388 2839 4442 τὸν
2891 4389 2984 4441 ἐπὶ
3016 4388 3115 4457 τῆς
3167 4388 3452 4458 βασιλικῆς
3487 4386 3756 4456 κεφαλῆς.

485 4477 784 4546 postulavit
840 4487 1064 4547 propter
1127 4478 1522 4534 inlirmitatem.
1553 4480 1656 4535 Alii
1687 4481 1878 4536 dicunt
1932 4482 2065 4536 illud

2179 4482 2446 4550 Κύριλλον
2479 4481 2535 4534 δὲ
2581 4480 2674 4534 τὸν
2725 4481 2902 4551 μέγαν
2958 4479 3062 4548 τῆς
3109 4475 3474 4548 Ἀλεξάνδρου
3521 4478 3629 4530 άπὸ
3658 4480 3758 4543 τῆς

489 4567 668 4622 eidem
704 4583 732 4620 a
763 4584 896 4640 papa
922 4584 1266 4635 concessum,
1326 4588 1449 4628 cum
1483 4573 1605 4643 ejus
1661 4573 1781 4629 loco
1833 4573 2073 4644 Cyrillus

487 4659 805 4729 praefuisset
869 4661 1041 4715 tertize
1121 4664 1350 4731 synodo.
1407 4661 1516 4718 Nos
1584 4678 1713 4718 vero
1777 4665 2072 4717 certiorem

492 4751 800 4808 indicamus
834 4755 1075 4823 priorem
1117 4755 1469 4820 sententiam,
1503 4755 1632 4823 quia
1672 4756 2076 4810 vetustissimo-

490 4859 612 4898 rum
652 4845 856 4899 rituum
914 4846 987 4900 ibi
1040 4847 1291 4901 videmus
1345 4847 1703 4900 imitationem
1757 4845 1936 4915 quoad
1990 4847 2080 4900 in-

492 4937 757 4992 dumenta
809 4940 1132 5004 sacerdotis,
1160 4950 1213 4996 et
1245 4940 1312 4994 iis
1335 4940 1423 5009 qui
1458 4955 1522 4994 ea
1565 4947 1854 4994 assumunt
1881 4955 2080 4994 munus

495 5032 707 5101 gratim.
750 5029 815 5085 Et
850 5033 893 5088 si
931 5033 1021 5103 qui
1056 5033 1230 5086 nolint
1254 5034 1307 5088 in
1336 5034 1438 5088 hoc
1499 5032 1704 5088 habere
1754 5032 2075 5087 memoriam

495 5123 870 5192 antiquorum,
890 5126 1080 5180 saltem
1102 5125 1303 5178 ibidem
1327 5133 1630 5194 agnoscant
1652 5135 1838 5196 typum
1865 5127 2076 5195 spinea:

494 5229 713 5268 corona:
746 5225 801 5270 et
835 5216 979 5270 sacri
1007 5217 1235 5271 sudaiii.
1279 5217 1433 5282 Quod
1459 5225 1641 5270 autem
1685 5232 1874 5272 omnes
1894 5218 2075 5272 ρωποι-ἰ

497 5307 785 5377 pontiﬁces
833 5311 1014 5379 capite
1061 5310 1343 5364 celebrent
1391 5309 1740 5382 discooperto
1810 5319 1864 5364 et
1921 5319 2080 5387 orent

497 5399 778 5464 similiter,
857 5400 1161 5455 secundum
1244 5401 1347 5456 hoc
1424 5405 1569 5471 quod
1627 5413 1791 5474 caput
1876 5404 2080 5457 habent

495 5490 801 5555 Chrismm,
842 5492 985 5544 sit-ut
1033 5491 1272 5560 loquitur
1321 5495 1538 5549 divinus
1573 5494 1794 5551 Paulus.
1857 5493 1924 5548 Et
1975 5495 2077 5549 hoc

503 5583 675 5653 magis
706 5593 1135 5639 consentaneum
1165 5587 1402 5641 sermoni
1446 5588 1651 5643 divino.

2185 4577 2404 4629 συνόδου
2457 4574 2665 4638 λαϐεῖν,
2719 4575 2779 4627 τὸ
2831 4573 2976 4643 ἔχειν
3025 4572 3118 4625 ἐπὶ
3171 4571 3416 4640 κεφαλῆς
3441 4569 3658 4639 ἔνδυμα,
3688 4570 3756 4622 δι’

2183 4665 2471 4719 ἀσθένειαν
2517 4663 2832 4735 ζητήσαντα
2885 4661 3061 4716 τοῦτο.
3089 4661 3307 4732 Ἐτεροι
3338 4661 3396 4714 δέ
3426 4677 3561 4729 φασι
3609 4659 3758 4728 παρ-ἰ

2182 4758 2274 4810 τοῦ
2308 4759 2466 4809 πάπα
2498 4757 2702 4819 λαϐεῖν,
2754 4757 2846 4808 τὸν
2896 4757 3060 4807 τόπον
3091 4753 3258 4808 αὑτοῦ
3314 4754 3408 4807 ἐπὶ
3435 4754 3532 4822 τῆς
3573 4752 3758 4822 τρίτης

2184 4851 2402 4903 συνόδου
2442 4851 2657 4919 ἔχοντα.
2696 4850 2888 4918 Ἡμεῖς
2927 4847 2984 4900 δὲ
3021 4849 3445 4914 ἀναγκαιότερον
3477 4846 3756 4917 ἡγούμεθα

2179 4944 2240 4996 τὸ
2277 4943 2519 5014 πρῶτον,
2550 4943 2627 5004 ὡς
2666 4945 2808 4994 κατὰ
2847 4939 3080 5010 μίμησιν
3109 4939 3216 4993 τῶν
3253 4938 3499 4991 παλαιῶν
3533 4937 3758 5006 ἐνδυμά-

2179 5053 2288 5089 των
2317 5035 2407 5088 τοῦ
2451 5035 2660 5105 ἱερέως,
2717 5033 2989 5086 καὶτοῦτο
3023 5031 3209 5084 λαϐεῖν
3232 5033 3358 5093 τοὺς
3389 5033 3485 5100 τῆς
3515 5031 3756 5099 χάριτος.

2182 5127 2244 5179 Et
2273 5127 2326 5178 δὲ
2349 5125 2442 5176 καὶ
2489 5123 2564 5194 μὴ
2599 5125 2742 5176 κατᾶ
2777 5123 3010 5192 μίμησιν
3071 5123 3306 5185 ἐκείνου,
3339 5121 3428 5173 διᾶ
3474 5121 3570 5172 τὸν
3593 5119 3758 5171 τύπον

2182 5218 2275 5272 τοῦ
2307 5217 2600 5271 άκανθίνου
2633 5216 2926 5285 στεφάνου,
2955 5215 2986 5284 ἢ
3019 5212 3115 5266 τοῦ
3169 5212 3312 5283 ἱεροῦ
3355 5211 3654 5279 σουδιρίου.
3696 5212 3758 5262 Οἱ

2187 5311 2444 5373 ἁσκεπῶς
2474 5309 2530 5362 δὲ
2575 5311 2982 5379 ἱερουργοῦντες
3015 5307 3110 5361 καὶ
3161 5305 3588 5378 προσευχόμενοι
3631 5305 3762 5357 πάνυ

2187 5422 2279 5466 τες
2307 5404 2459 5458 ἄλλοι
2507 5405 2807 5474 ἀρχιερεῖς,
2834 5401 2923 5455 διὰ
2946 5401 3006 5453 τὸ
3031 5402 3120 5453 τὸν
3156 5401 3389 5471 Χριστὸν
3422 5399 3564 5466 ἔχειν
3591 5413 3759 5464 κεφα-

2183 5498 2306 5570 λὴν,
2335 5498 2410 5561 ώς
2443 5500 2470 5551 ό
2503 5497 2786 5558 θεσπέσιος
2821 5511 2953 5564 φησι
2989 5493 3216 5556 Παῦλος.
3250 5494 3314 5545 Ὃ
3344 5492 3407 5560 δὴ
3439 5490 3635 5560 μᾶλλον
3668 5491 3761 5542 καὶ

2187 5591 2328 5644 κατὰ
2357 5592 2514 5660 λόγον
2541 5593 2657 5645 ἐστὶ
2692 5590 2982 5660 θειότερον.
