4118 6438
467 294 570 355 877

1180 298 1575 360 RESPONSA
1616 304 1715 361 AI)
1749 304 2200 362 GABRIEIEM
2253 307 2980 368 I‘FA'I‘APOLITANUM.

3640 309 3745 370 δ’ῖό

469 412 645 461 ποιεῖν
676 411 800 478 χρὴ,
825 413 870 463 εί
906 411 982 481 μὴ
1013 417 1136 464 κατ’
1173 415 1422 482 ἀνάγκην
1445 418 1588 481 τινὰ,
1631 417 1722 468 καὶ
1754 417 1924 480 ἅπαξ,
1956 418 2048 469 καὶ

2167 425 2462 477 mundanas
2527 416 2724 479 habere
2779 426 3204 489 sollicitudines,
3231 427 3284 478 et
3335 423 3462 478 flere
3521 437 3746 493 propter

467 504 625 556 τοῦτο
654 505 908 570 γενέσθαι
959 508 1017 559 ἐν
1042 510 1108 578 τῇ
1146 508 1238 561 τοῦ
1297 511 1716 580 Εὐαγγελισμοῦ
1747 513 1950 582 ἡμέρᾳ,
1998 515 2048 564 εἰ

467 594 572 661 ἔξω
596 596 696 664 τῆς
725 596 964 668 μεγάλης
1001 597 1572 674 Ἐδδομάδοςεύρεθῇ-
1594 603 1770 674 καῖτῗι
1809 608 2047 674 κυριακῇ

466 688 574 740 τῶν
615 688 826 757 Βαῖων;

993 983 1326 1038 εροτηειε
1359 984 1505 1054 Kq'.

481 1094 545 1148 ’0
571 1096 782 1164 Κύριος
809 1095 936 1168 πῶς
967 1097 1284 1152 ἐλεύσεται
1327 1102 1398 1153 ἐν
1431 1101 1507 1168 τῇ
1537 1100 1786 1168 δευτέρα
1827 1119 2050 1167 παροπ-

540 1168 668 1230 (ria,
701 1168 797 1237 καὶ
829 1167 971 1220 ποία
998 1168 1035 1234 ἡ
1068 1169 1174 1223 τοῦ
1203 1171 1354 1224 Θεοῦ
1378 1167 1671 1236 samum
1699 1167 1795 1225 καὶ
1827 1173 1892 1224 τὸ
1923 1171 2046 1237 φῶς

541 1227 1034 1303 τιῖἀνέσπερονί
1378 1227 1394 1236 ⁷
1805 1269 1815 1276 -
1923 1227 1939 1240 ’

491 1367 496 1370 -
554 1331 614 1380 ’ω
643 1331 846 1397 Κύριος
870 1329 944 1392 ὡς
973 1331 1249 1402 ἀνελήφθη
1277 1335 1414 1402 μετὰ
1439 1336 1665 1404 σαρκὸς,
1694 1334 1838 1390 οὕτω
1867 1337 1960 1389 καὶ
1991 1338 2050 1389 ὲν

472 1423 540 1490 τῇ
570 1421 803 1489 δευτέρᾳ
835 1420 1001 1474 αὐτοῦ
1036 1422 1310 1494 παρουσίᾳ
1341 1425 1648 1479 ἐλεύσεται.
1685 1426 1797 1480 Kal
1815 1428 1972 1479 τοῦτο
1999 1427 2048 1478 οἱ

473 1509 698 1577 ἄγγελοι
729 1511 938 1581 ἔφησαν
959 1552 974 1576 ,
1004 1511 1276 1580 λέγοντες,
1317 1533 1334 1565 ι
1367 1515 1554 1580 Οὕτως
1585 1515 1865 1569 ἐλεύσεται
1886 1516 2051 1569 πάλιν

475 1601 537 1654 ὃν
586 1604 787 1671 τρόπον
835 1601 1139 1674 ¹ἐθεάσασθε
1194 1606 1359 1658 αὑτὸν
1414 1609 1783 1676 ἀνερχόμενον
1827 1610 1908 1668 είς
1957 1607 2049 1660 τὸν

479 1694 730 1762 οὑρανὶν,
772 1713 791 1744 ι
829 1693 1078 1764 βασιλεία
1111 1695 1168 1748 δὲ
1201 1696 1338 1750 Θεοῦ
1367 1698 1461 1750 καὶ
1502 1699 1615 1768 ζωὴ
1641 1699 1858 1770 αίώνιος
1884 1699 2048 1761 αὐτὸς

2152 521 2415 574 animam.
2455 519 2640 587 Itaque
2673 534 2777 571 non
2811 527 3026 586 oportet
3054 518 3167 571 fieri
3199 517 3254 570 in
3286 531 3442 571 sacra
3498 513 3746 581 Quadra-

2152 614 2356 684 gesima
2398 613 2665 683 nuptiales
2695 621 3010 681 contractus
3045 611 3148 665 nisi
3185 618 3404 678 propter
3429 606 3744 676 'Iquamdam
3801 640 3805 644 -

2153 706 2531 760 necessitatem
2561 715 2614 759 et
2638 705 2805 759 semel
2837 721 2849 758 :
2881 713 2932 757 et
2969 706 3070 758 hoc
3098 703 3188 756 fiat
3215 701 3270 756 in
3298 701 3386 756 die
3412 700 3572 760 festo,
3597 714 3742 752 nun-

2152 813 2315 867 quam
2353 808 2533 850 tamen
2572 798 2624 849 in
2651 797 2842 868 majori
2891 794 3239 851 Hebdomada
3267 803 3320 848 et
3349 793 3402 846 in
3456 789 3742 846 Dominica

2155 889 2511 944 Paltnarum?

2671 1003 2996 1071 QUIESTIO
3025 1001 3214 1056 XXVI.

2157 1120 2435 1185 Quomodo
2477 1119 2738 1172 Dominus
2767 1102 3017 1172 venturus
3052 1119 3117 1170 sit
3150 1117 3204 1169 in
3250 1113 3480 1168 secundo
3519 1114 3744 1166 adventu

2227 1206 2345 1253 suo,
2381 1200 2429 1296 ξι
2467 1189 2624 1258 quale
2661 1189 2754 1242 Dei
2785 1205 3024 1258 regnum,
3081 1197 3130 1240 et
3173 1186 3347 1238 lumen
3392 1200 3574 1252 expers
3632 1199 3744 1235 ves-

2227 1275 2361 1296 κονίη

2223 1275 2361 1326 perte
2382 1275 2394 1312 ι

2227 1354 2299 1408 Ut
2324 1352 2571 1407 ascendit
2602 1352 2654 1404 in
2691 1365 2876 1412 carne,
2905 1350 2975 1403 ita
3005 1349 3248 1404 secundo
3301 1345 3563 1400 Dominus
3619 1359 3743 1397 cum

2152 1460 2319 1498 carne
2360 1444 2654 1498 descendet
2679 1442 2978 1497 secundum
3008 1441 3150 1510 quod
3187 1439 3348 1494 locuti
3384 1447 3511 1493 sunt
3535 1437 3739 1505 angeli,

2153 1536 2399 1589 dicentes
2431 1552 2446 1588 :
2484 1553 2500 1585 ι
2544 1533 2734 1586 Veniet
2766 1533 2988 1597 itertnn,
3024 1531 3481 1598 quemadmodum
3533 1527 3747 1580 vidistis

2153 1644 2277 1682 eum
2313 1625 2696 1680 ascendentem
2729 1624 2781 1678 in
2814 1623 3010 1678 cmlum
3042 1622 3108 1676 ¹⁶.
3145 1621 3390 1690 Regnum
3430 1619 3520 1674 Dei
3541 1621 3596 1672 'et
3639 1619 3745 1671 vita

2158 1709 2360 1773 aeterna
2394 1715 2484 1771 ille
2515 1716 2637 1780 erit,
2669 1729 2830 1784 quem
2856 1713 3021 1768 David
3051 1721 3209 1768 vocat
3231 1712 3519 1766 Dominum
3544 1710 3749 1780 gloria--

477 1759 651 1839 ἔσται.
688 1759 854 1848 Lino;
879 1787 1010 1879 γὰρ,
1044 1787 1102 1840 ὃν
1121 1788 1287 1844 Δαόίδ
1315 1807 1484 1860 φησιν
1512 1759 1811 1859 -Ὀ-Κύ-ριος
1840 1759 1940 1858 τῆς
1964 1759 2050 1844 66;

2167 1759 2360 1773 μνη...
2395 1759 2484 1771 ...ν
2517 1759 2637 1780 -...,
2670 1759 2830 1784 ηπ...
2856 1759 3021 1768 ηπ
3059 1759 3208 1768 ην-.-
3545 1759 3610 1780 υ-.

2167 1807 2303 1864 etde
2333 1825 2441 1879 quo
2473 1807 2780 1876 discipulus
2811 1805 3044 1860 dilectus
3077 1805 3154 1858 ait
3188 1821 3201 1857 :
3239 1821 3256 1855 ι
3297 1803 3396 1857 Hic
3447 1812 3532 1858 est
3585 1815 3747 1854 verus

481 1879 579 1948 ξης
603 1894 617 1909 ·
646 1881 758 1941 καὶ,
791 1897 810 1930 ι
844 1871 1035 1944 υῦτος,
1065 1881 1094 1934 6
1125 1881 1314 1951 ἠγαπη
1326 1881 1485 1951 μένος
1511 1881 1697 1952 φησιν,
1715 1882 1774 1935 '0
1802 1881 2056 1952 ἀληθινὸς

479 1969 632 2036 Θεὸς
660 1972 752 2024 καὶ
781 1971 896 2041 ζωὴ
936 1973 1177 2036 αἰώνιος,
1211 1974 1367 2026 ι’καὶ
1415 1973 1531 2042 φῶς
1572 1969 1729 2035 οὗτος
1763 1971 2056 2033 διαπαντὸς

479 2067 590 2126 τοῖς
629 2064 855 2127 δικαίως
899 2065 1114 2130 ἕξουσιν
1166 2066 1267 2134 τὴν
1319 2065 1476 2130 δόξαν
1505 2065 1668 2119 αὐτοῦ
1705 2067 1802 2119 καὶ
1847 2063 2056 2132 λαμσά-

480 2173 632 2209 νουσι
661 2155 761 2225 τὴν
797 2156 1162 2227 λαμπρότητα
1194 2157 1384 2223 αὑτοῦ,
1423 2159 1484 2212 τὸ
1527 2159 1584 2225 ἐξ
1631 2158 1797 2212 αὐτοῦ
1828 2157 1927 2228 τῆς
1961 2157 2058 2226 χά-

483 2255 632 2318 ριτος
667 2249 785 2317 φῶς
805 2250 900 2302 καὶ
930 2251 989 2302 ού
1026 2251 1124 2320 τὴν
1169 2251 1357 2304 οὐσίαν
1390 2249 1579 2315 αὐτοῦ,
1612 2251 1914 2320 ἀμέθεκτος
1947 2247 2058 2318 γὰρ

481 2338 622 2409 αὕτη
654 2342 751 2393 καὶ
785 2344 898 2404 τοῖς
945 2342 1200 2408 ἀγγέλοις
1241 2343 1622 2412 ἀπερινόητος.
1664 2342 1756 2394 Διὸ
1793 2342 1888 2398 καὶ
1925 2341 2058 2403 Θεὸς

481 2433 638 2486 ἔσται
674 2435 731 2486 ὲν
771 2431 920 2502 μέσῳ
959 2433 1120 2499 θεῶν,
1159 2435 1268 2486 τῶν
1309 2435 1402 2486 ὑπ’
1437 2433 1601 2487 αὐτοῦ
1647 2435 1956 2503 θεουμένων
1988 2435 2056 2502 τῇ

483 2526 692 2594 χάριτι,
730 2526 824 2580 καὶ
853 2526 970 2593 φῶς
1010 2525 1118 2580 τῶν
1157 2526 1562 2595 φωτιζομέννων.
1590 2527 1716 2579 Ὅτι
1745 2526 1900 2588 οὗτος
1945 2544 1961 2577 ι
1998 2526 2058 2577 τὸ

485 2619 600 2687 φῶς
627 2620 688 2671 τὸ
721 2619 996 2685 ἀληθινὸν,
1045 2619 1074 2671 ὃ
1119 2620 1345 2687 φωτίζει
1386 2620 1564 2672 πάντα
1592 2618 1878 2688 ἄνθρωπον
1904 2619 2058 2686 ἐρχό-

485 2728 646 2782 μενον
669 2729 694 2764 ε
723 2729 748 2774 ς
765 2711 1098 2780 τὺνκόσμον.
1125 2729 1144 2762 ι
1170 2713 1277 2765 Καὶ
1297 2713 1434 2782 ὲντῇ
1470 2710 1836 2780 ’Δποκαλύψει
1857 2711 1914 2763 δὲ
1934 2727 1954 2762 ι
1985 2711 2058 2762 T6

482 2806 668 2874 ἀρνίον
698 2804 874 2869 ἔσται,
919 2807 1104 2873 φησὶν,
1131 2804 1282 2874 ἥλιος
1313 2805 1422 2866 τοῖς
1449 2802 1700 2864 δικαίοις.
1739 2821 1757 2854 ι
1801 2801 2056 2856 Βασιλεία

487 2899 586 2966 μὲν
625 2897 718 2951 οὖν
759 2883 860 2948 καῖ
900 2896 1197 2958 ἀπόλαυσις
1246 2896 1430 2961 αὐτὸς,
1463 2895 1539 2958 ὡς
1571 2895 1670 2964 τὴν
1700 2893 1854 2958 δόξαν
1891 2894 1955 2946 αύ
1973 2892 2056 2944 τοῦ

483 2990 680 3048 διδούς.
721 2989 882 3042 Ἀλλὰ
915 2990 1010 3042 καὶ
1055 2989 1131 3048 ὡς
1176 2988 1402 3059 νικητὴς
1445 2985 1772 3041 καταϐαλὼν
1812 2986 1938 3048 τοὺς
1972 2987 2059 3054 ἐχ-

2162 1900 2302 1954 Deus
2333 1908 2384 1954 et
2411 1902 2516 1954 vita
2547 1909 2752 1954 aeterna
2781 1899 2847 1950 ³⁸.
2894 1916 2912 1949 ι
2955 1897 3020 1950 Et
3049 1899 3162 1964 ipse
3189 1895 3304 1950 Lux
3333 1894 3439 1948 erit
3487 1893 3542 1945 in
3587 1902 3748 1946 caete-

2160 2006 2303 2053 rum,
2319 1992 2386 2047 iis
2399 1992 2490 2059 qui
2514 2006 2634 2044 cum
2655 1989 2862 2057 justitia
2880 1989 3102 2059 gloriam
3121 1987 3241 2056 ejus
3258 1987 3432 2054 adepti
3457 1983 3677 2041 fuerint.
3691 1992 3746 2035 et

2161 2083 2215 2136 in
2249 2081 2592 2152 Splendorem
2629 2079 2750 2150 ejus
2777 2078 3003 2149 ingressi
3042 2076 3243 2131 fuerint
3272 2091 3287 2142 ;
3318 2089 3381 2128 ea
3411 2073 3628 2143 quidem
3655 2071 3744 2122 lux

2161 2181 2245 2229 est
2269 2174 2458 2242 gratiae
2477 2172 2595 2241 ejus
2621 2185 2727 2224 non
2753 2185 2882 2224 vero
2899 2167 3255 2230 substantiae,
3278 2180 3400 2234 qua)
3425 2175 3509 2218 est
3537 2162 3747 2216 Incom-

2162 2262 2506 2318 municabilis
2537 2274 2591 2316 et
2634 2261 2842 2331 angelis
2893 2263 3059 2314 etiam
3116 2255 3522 2322 inscrutabilis;
3560 2253 3744 2322 itaque

2161 2357 2308 2413 Deus
2334 2357 2439 2411 erit
2469 2355 2522 2408 in
2551 2353 2730 2408 medio
2787 2353 3040 2417 deorum,
3101 2365 3292 2405 eorum
3346 2348 3560 2402 scilicet
3605 2360 3745 2413 quos

2163 2449 2504 2507 deificaverit
2533 2449 2648 2516 ipse
2695 2463 2790 2516 per
2821 2446 3070 2514 gratiam,
3109 2453 3164 2497 et
3221 2442 3310 2495 lux
3351 2454 3542 2495 eormn
3603 2451 3745 2506 quos

2160 2540 2565 2598 illuminaverit.
2600 2538 2736 2604 Quia
2774 2538 2885 2605 ipse
2911 2545 2995 2589 est
3025 2551 3037 2588 :
3069 2551 3088 2584 ι
3121 2533 3210 2585 lux
3268 2545 3392 2584 vera
3447 2545 3567 2598 quae
3615 2529 3744 2582 illu—

2162 2635 2330 2688 minat
2387 2651 2406 2684 ι
2461 2645 2676 2685 omnem
2738 2628 3010 2682 hominem
3084 2623 3386 2678 venientem
3448 2621 3502 2674 in
3580 2634 3745 2673 mun-

2162 2729 2287 2781 dum
2321 2727 2385 2780 ¹⁶.
2424 2743 2442 2778 ι
2475 2726 2537 2778 Ει
2563 2723 2768 2778 dicitur
2819 2721 2874 2774 in
2927 2716 3253 2788 Apocalypsi
3292 2733 3305 2768 :
3345 2733 3364 2765 ι
3396 2713 3583 2783 Agnus
3632 2711 3743 2765 erit

2163 2817 2242 2871 sol
2289 2816 2560 2886 justorum
2599 2815 2663 2866 ιτ.
2699 2832 2716 2864 ι
2742 2813 2860 2880 Ipse
2889 2819 2973 2864 est
2999 2824 3127 2876 ergo
3152 2821 3375 2876 regnum
3402 2813 3456 2859 et
3481 2801 3739 2873 gaudium

2163 2913 2464 2975 beatorum,
2486 2908 2614 2978 quia
2638 2906 2746 2960 illis
2776 2919 2928 2959 suam
2963 2903 3186 2974 gloriam
3233 2899 3490 2956 infundit.
3515 2896 3742 2966 Eritqtte

2165 3019 2222 3061 ut
2255 3008 2427 3060 victor
2453 3004 2545 3076 qui
2579 3001 2770 3059 stratis
2796 2998 3033 3054 inimicis
3067 3007 3122 3054 et
3145 2998 3357 3053 devicta
3382 3001 3578 3058 morte,
3629 3005 3744 3046 ma-

485 3083 652 3153 θροῦς
686 3082 874 3146 αὑτοῦ,
907 3083 1003 3136 καὶ
1027 3082 1340 3134 τελευταῖον
1371 3081 1462 3134 τὸν
1482 3079 1734 3144 θάνατον,
1766 3079 1859 3133 καὶ
1887 3080 2062 3148 μένων

2170 3113 2257 3156 net
2282 3099 2332 3155 in
2355 3109 2619 3154 aeternum
2643 3113 2765 3151 cum
2800 3091 3079 3165 discipulis
3112 3092 3229 3146 suis
3259 3088 3493 3145 dilectis.

411 3177 414 3180 ’
491 3177 580 3229 ἀεὶ
611 3179 750 3246 μετᾶ
786 3175 892 3230 τῶν
925 3175 1130 3230 δούλων
1169 3173 1358 3228 αὑτοῦ.

1023 3291 1356 3346 ΕΡΩΤΗΣιΣ
1410 3291 1535 3347 KZ'.

489 3382 646 3456 'Apa
675 3387 773 3440 καί
805 3389 835 3441 6
858 3387 1225 3454 παράδεισος
1256 3382 1733 3453 ἁλλοιωθήσεται
1767 3386 1862 3440 καὶ
1900 3385 2068 3441 πᾶσα

717 3459 913 3524 κτίσις
939 3476 958 3522 ;
1004 3459 1104 3510 καὶ
1132 3457 1259 3522 πῶς
1284 3458 1845 3524 ἀλλοιωθήσονταις

485 3593 492 3598 .
565 3551 745 3613 Είς.τὸ
768 3551 1015 3620 κρεῖττον
1043 3549 1137 3602 καὶ
1166 3549 1265 3618 τὴν
1286 3548 1622 3618 ἀφθαρσίαν,
1658 3548 1751 3602 καὶ
1778 3548 1806 3598 6
1835 3548 1929 3602 ἐπὶ
1962 3548 2067 3617 γῆς

494 3641 830 3710 παράδεισος
877 3641 972 3694 καὶ
1004 3640 1152 3692 πᾶσα
1198 3639 1374 3698 κτίσις
1409 3637 1858 3708 ἀλλοιωθήσεται.
1901 3637 2011 3690 Kal
2039 3636 2068 3687 6

499 3732 704 3800 Πέτρος
731 3730 888 3783 τοῦτό
920 3746 1108 3800 φησιν,
1144 3729 1227 3781 ὅτι
1259 3728 1415 3781 ἔσται
1452 3727 1627 3780 πάντα
1672 3727 1854 3780 καινά.
1895 3726 2005 3779 Kal
2039 3729 2067 3778 6

498 3824 734 3887 Παῦλος,
762 3824 882 3877 Ὀτι
915 3824 1005 3884 καὶ
1023 3821 1160 3892 αύτὴ
1187 3822 1220 3890 ὴ
1249 3820 1424 3881 κτίσις
1443 3820 1937 3890 ἐλευθερωθήσεται
1961 3820 2068 3872 ἀπὸ

493 3919 591 3988 τῆς
638 3917 886 3979 δουλείας
919 3915 1016 3985 τῆς
1048 3913 1274 3984 φθορᾶς.
1323 3913 1516 3975 Κτίσις
1540 3913 1596 3965 δὲ
1625 3913 1718 3965 καὶ
1747 3914 1774 3964 ὀ
1807 3911 2066 3978 παράδει-

497 4025 529 4062 σ
561 4025 609 4074 ς,
643 4009 738 4060 καὶ
767 4001 920 4068 οὗτος
950 4005 1147 4075 χωρίον
1181 4003 1380 4073 μᾶλλον
1409 4004 1518 4056 τῶν
1555 4003 1756 4056 τέκνων
1787 4000 1880 4054 τοῦ
1909 4001 2064 4065 Θεοῦ,

493 4098 544 4152 οἳ
575 4097 668 4151 καὶ
699 4097 901 4158 πολλὰς
934 4095 1103 4166 μονὰς
1131 4093 1219 4148 διὰ
1250 4094 1344 4148 τοῦ
1380 4092 1724 4162 Μονογενοῦς
1757 4090 2069 4160 σαρκωθὲν-

494 4209 585 4255 τος
615 4191 833 4260 ἔχουσιν
865 4193 923 4243 ὲν
944 4191 1019 4259 ,τῇ
1050 4189 1197 4260 οἰκίᾳ
1225 4187 1318 4241 τοῦ
1367 4187 1600 4256 Πατρός,
1635 4187 1754 4257 ἦτοι
1801 4188 1865 4254 τῇ
1905 4188 2068 4255 καινῇ

495 4284 698 4348 κτίσει,
730 4284 803 4345 ὼς
835 4282 997 4336 καινὰ
1020 4281 1305 4349 γεγονότες
1331 4279 1624 4349 κτίσματα,
1653 4279 1733 4339 είς
1761 4277 2069 4345 ἀφθαρσίαν

496 4377 764 4436 ἐλθόντες.
802 4373 928 4435 Πῶς
955 4373 1011 4424 δὲ
1041 4374 1074 4441 ὴ
1103 4371 1389 4432 ἀλλοίωσις
1439 4373 1749 4440 γενήσεται,
1774 4365 1915 4421 οἶδεν
1945 4370 1972 4421 ὁ
2006 4367 2070 4420 ἐκ

500 4470 577 4540 μὴ
607 4469 778 4523 ὄντων
817 4467 1070 4537 ποιήσας.
1115 4466 1309 4518 Ἔσται
1357 4465 1413 4518 δὲ
1458 4464 1516 4516 εν
1568 4462 1711 4529 ἁγίῳ
1768 4461 2069 4531 Πνεύματι.

511 4557 924 4626 Ἐξαποστελεῖς
956 4556 1089 4626 γὰρ,
1121 4554 1278 4621 φησὶ,
1306 4553 1367 4604 τὸ
1397 4549 1624 4620 Πνεῦμά
1672 4567 1791 4613 σου,
1826 4549 1921 4603 καὶ
1953 4566 2073 4600 κτι-

500 4654 819 4721 σθήσονται,
871 4648 966 4700 καὶ
1014 4643 1352 4704 ἅνακαινιετς
1386 4641 1448 4693 τὸ
1482 4641 1775 4711 πρόσωπον
1805 4638 1905 4707 τῆς
1951 4637 2100 4706 γῆς.-

502 4746 610 4798 Kal.
633 4743 708 4804 ὡς
741 4743 772 4796 6.
795 4739 929 4800 Θεὸς
960 4736 1364 4808 ἐδημιούργησε
1400 4731 1575 4786 ταῦτα
1603 4731 1698 4784 καί
1731 4732 1838 4783 εἰσι
1873 4735 1966 4783 καὶ
1997 4731 2076 4792 είς

502 4835 561 4887 τὸ
587 4836 838 4904 κρεῖττον
871 4828 1338 4899 ἀλλοιωθήσονται
1367 4826 1436 4879 δι’
1483 4823 1671 4878 αὑτοῦ.
1719 4825 1827 4876 Kal.
1868 4821 1942 4885 ὡς
1985 4839 2076 4874 σε·-

504 4929 778 4998 σάρκωται
814 4927 881 4979 δι’
919 4924 1067 4994 ἡμᾶς
1121 4923 1148 4974 6
1198 4919 1390 4988 Λόγος,
1444 4917 1540 4972 καὶ
1574 4914 1730 4987 ὤφθη
1787 4915 1932 4983 ἡμῖν,
1983 4915 2080 4967 καὶ

477 5019 762 5089 ’φθαρτοῖς
805 5015 886 5069 ἔτι
922 5013 1063 5077 οὖσι,
1095 5012 1188 5064 καὶ
1236 5007 1536 5077 ἀφθάρτοις
1565 5005 1842 5074 γεγονόσι,
1896 5003 2080 5074 πολλῷ

471 5107 474 5110 ’
509 5112 710 5182 μᾶλλον
742 5110 883 5162 ἐλέει
911 5105 1236 5176 ὀφθήσεται.
1269 5100 1380 5154 Kal.
1413 5099 1616 5167 μᾶλλον
1655 5098 1745 5152 διὰ
1778 5098 1876 5168 τῆς
1920 5095 2078 5168 ἡμῶν

507 5203 764 5272 ἁπαρχῆς
820 5194 882 5254 οὗ
938 5193 1272 5266 προσείληφε
1317 5189 1602 5258 σώματος
1667 5188 2080 5242 Θεοῦποστάτου

510 5296 648 5364 μετὰ
684 5292 886 5362 ψυχῆς.
924 5289 1022 5372 At;
1069 5287 1259 5340 τούτου
1299 5284 1392 5338 οὖν
1431 5283 1634 5354 μᾶλλον
1682 5285 1812 5352 ἡμῖν
1847 5284 1942 5336 καὶ
1994 5281 2082 5336 διὰ

513 5389 607 5458 τῆς
641 5383 822 5455 ψυχῆς
868 5383 982 5445 τοῖς
1015 5381 1192 5448 ἁγίοις
1243 5378 1497 5446 ἀγγέλοις
1536 5375 1676 5428 κατὰ
1713 5375 1877 5444 φύσιν
1905 5373 2077 5443 ὀφθῆ-

511 5497 686 5534 σεται.
721 5475 828 5530 Καὶ
858 5475 944 5528 διὰ
966 5473 1123 5527 τοῦτο
1168 5471 1369 5541 μᾶλλον
1396 5469 1765 5537 σεσάρκωται,
1793 5467 1861 5519 ἶν’
1885 5469 2082 5521 οἰκειο-

511 5575 685 5643 τέρως
725 5570 924 5639 ἴδωμεν
973 5564 1154 5629 αὐτὸν,
1209 5563 1301 5616 καὶ
1348 5559 1542 5615 τούτου
1591 5559 1978 5630 μετάσχωμεν,
2033 5563 2083 5615 εί

587 5687 629 5716 ¹³
659 5683 832 5745 AcM,
862 5678 945 5732 I2.
1023 5677 1064 5709 “’
1095 5673 1290 5745 ann.
1319 5687 1374 5745 γ,
1397 5671 1486 5726 ΞΟ.

512 5755 602 5810 2|.
630 5754 674 5785 ¹⁰
702 5741 860 5808 Joan.
893 5763 1004 5816 xw,
1030 5747 1082 5800 2.
1163 5746 1202 5777 ²¹
1231 5743 1378 5800 Psal.
1411 5756 1527 5812 cm,
1560 5741 1648 5799 50.

2102 4425 2152 4484 D

2683 3296 3004 3366 QUAZSTIO
3037 3295 3247 3350 XXVII.

2174 3398 2427 3468 Nunquid
2471 3403 2520 3449 et
2552 3394 2916 3468 Pai'adt8u8‘61
2945 3393 3115 3468 omnis
3143 3397 3399 3468 creatura
3416 3385 3501 3438 die
3521 3392 3751 3438 extremo

2553 3463 2882 3516 immulanda
2908 3463 2999 3526 sit,
3032 3471 3079 3514 et
3097 3458 3400 3524 quomodo?

2241 3557 2533 3614 Paradisus
2565 3555 2658 3625 qui
2689 3563 2776 3609 est
2799 3554 2852 3607 in
2890 3562 3031 3606 terra
3067 3561 3121 3606 et
3150 3551 3331 3606 omnis
3385 3557 3636 3604 creatura
3699 3545 3750 3598 in

2171 3651 2363 3705 melius
2389 3647 2752 3702 mutabituret
2775 3645 2826 3698 in
2850 3643 3339 3711 incorruptionem.
3371 3639 3568 3694 Petrus
3602 3635 3749 3690 enim

2169 3740 2322 3802 dicit,
2375 3737 2560 3793 omnia
2619 3737 2806 3791 futura
2867 3749 2992 3788 esse
3041 3746 3181 3785 nova
3248 3730 3311 3783 ‘3.
3366 3730 3435 3784 Et
3498 3727 3752 3780 Paulus:

2177 3851 2195 3884 ι
2230 3830 2368 3897 Quia
2415 3838 2470 3884 et
2527 3831 2645 3898 ipsa
2710 3835 2958 3881 creatura
3023 3822 3343 3884 liberabitur
3408 3835 3438 3874 a
3493 3818 3756 3873 servitute

2171 3919 2545 3989 corruptionis.
2579 3918 2622 3949 ¹⁹
2652 3937 2670 3968 ι
2725 3933 2739 3969 :
2781 3925 3031 3970 creatura
3083 3920 3262 3967 autem
3317 3922 3373 3966 et
3421 3908 3703 3979 paradisus
3737 3925 3753 3958 :

2172 4012 2264 4067 Ille
2295 4020 2472 4066 autem
2508 4009 2688 4084 potius
2720 4017 2807 4062 est
2866 4005 3127 4060 habitatio
3186 4003 3420 4057 filiorum
3483 4000 3599 4065 Dei,
3660 3992 3754 4067 qui

2164 4104 2268 4175 per
2291 4102 2640 4173 Unigenitum
2673 4103 3016 4154 incarnatum
3051 4097 3251 4151 multas
3281 4095 3332 4149 in
3360 4096 3523 4150 domo
3575 4091 3753 4145 Patris

2174 4197 2489 4251 mansiones
2526 4193 2727 4247 habent
2753 4193 2800 4223 ’θ
2832 4191 2883 4244 id
2913 4199 2997 4245 est
3047 4204 3188 4243 nova
3245 4186 3522 4241 creatione
3555 4182 3754 4252 ;quasi

2185 4303 2337 4344 novas
2364 4285 2494 4342 facti
2522 4295 2811 4349 creaturae,
2831 4283 3296 4352 incorruptionem
3331 4279 3584 4334 induunt.
3611 4274 3760 4342 Quo-

2180 4382 2338 4436 modo
2365 4389 2548 4434 autem
2578 4378 2694 4432 haec
2725 4379 2817 4430 fiat
2863 4376 3113 4435 mutatio.
3147 4373 3297 4427 novit
3349 4371 3440 4442 qui
3495 4367 3678 4424 omnia
3729 4383 3761 4420 e

2180 4476 2351 4530 nihilo
2386 4474 2532 4528 fecit.
2568 4472 2684 4526 Erit
2717 4471 2862 4525 enim
2897 4471 2950 4523 in
2979 4478 3170 4522 sancto
3202 4465 3433 4534 Spiritu.
3494 4461 3628 4515 Nam
3677 4459 3762 4514 di-

2177 4565 2363 4619 citur:
2401 4582 2420 4614 ι
2455 4563 2686 4618 Emittes
2736 4560 2997 4630 Spiritum
3028 4570 3180 4614 tuum
3219 4569 3275 4612 et
3322 4555 3673 4617 creabantur,
3709 4563 3763 4604 et

2181 4653 2472 4712 renovabis
2510 4652 2704 4706 faciem
2741 4661 2900 4707 terra:
2929 4649 2972 4682 ²¹
3011 4649 3077 4704 Et
3107 4649 3248 4703 sicut
3296 4647 3437 4702 Deus
3499 4653 3759 4714 operatus

2177 4752 2266 4798 est
2297 4741 2478 4796 omnia
2511 4756 2635 4811 quae
2659 4749 2809 4805 sunt,
2845 4741 2918 4794 ita
2950 4739 3017 4792 ab
3049 4739 3171 4806 ipso
3212 4737 3266 4789 in
3331 4734 3527 4788 melius
3588 4742 3765 4785 muta-

2161 4833 2407 4888 buntur.
2441 4831 2507 4886 Et
2536 4834 2678 4889 sicut
2707 4841 2924 4900 prapter
2958 4843 3058 4882 nos
3086 4842 3216 4881 caro
3251 4826 3452 4879 factmn
3521 4822 3762 4877 Verbum

2182 4926 2342 4982 nobis
2370 4925 2552 4980 adhuc
2584 4927 2635 4978 in
2669 4923 3026 4991 corruptione
3046 4937 3105 4976 se
3151 4919 3446 4975 videndum
3509 4919 3762 4988 praebuit,

2169 5018 2358 5071 ‘multo
2393 5015 2565 5085 magis
2594 5010 2757 5084 eliget
2787 5012 2957 5067 videri
2995 5027 3023 5065 a
3063 5011 3226 5066 nobis
3280 5025 3402 5064 cum
3461 5009 3766 5078 incorrupti

2191 5110 2318 5166 facti
2353 5110 2621 5164 fuerimus
2655 5127 2669 5164 :
2703 5123 2814 5163 non
2875 5109 3022 5163 enim
3078 5107 3184 5162 nisi
3232 5117 3332 5178 pro
3397 5105 3554 5160 nobis
3609 5104 3766 5158 initio

2191 5205 2489 5275 assumpsit
2538 5218 2737 5273 corpus
2795 5203 3133 5274 hypostatice
3196 5202 3405 5256 unitum
3474 5199 3585 5255 Deo
3639 5214 3764 5254 cum

2163 5293 2394 5349 anima.
2422 5293 2526 5348 Per
2560 5293 2692 5347 illud
2725 5309 2856 5365 ergo
2887 5295 3069 5365 potius
3100 5279 3268 5348 nobis,
3292 5303 3346 5348 et
3377 5308 3472 5361 per
3525 5291 3764 5346 animam

2190 5385 2396 5442 sanctis
2430 5386 2658 5456 angelis,
2695 5387 2894 5457 cuique
2932 5389 3233 5444 secundum
3263 5390 3536 5461 propriam
3607 5397 3766 5443 natu-
3811 5433 3814 5436 .

2159 5489 2306 5533 'ram
2348 5479 2622 5535 videbitur
2668 5481 2801 5535 Nam
2871 5491 3159 5553 propterea
3199 5499 3416 5538 carnem
3473 5485 3770 5551 assumpsit

2196 5581 2254 5625 ut
2282 5570 2606 5657 familiarius
2649 5587 2773 5628 eum
2808 5574 3138 5642 videremus,
3175 5584 3228 5630 et
3267 5577 3442 5645 ipsum
3479 5575 3768 5645 participa-

1657 5669 1883 5738 Joan,t,
1915 5673 1965 5730 9.
2069 5673 2110 5706 "
2164 5676 2334 5749 Apoc.
2389 5679 2594 5748 κλιθῶ.
2699 5684 2741 5717 ¹⁸
2796 5683 2840 5743 Il
2872 5683 3015 5742 Petr.
3052 5702 3130 5755 nt,
3163 5687 3248 5741 l5.
3350 5687 3392 5718 ¹⁹
3440 5684 3595 5741 Rom.
3644 5700 3762 5753 vnt,
