4118 6460
505 421 610 490 88Ι

1223 420 1617 485 RESPONSA
1659 421 1761 482 AD
1799 415 2264 482 GABRIELEM
2310 409 3052 480 ΡΕΝΤᾹΡΟΠΤΑΝῙῘΜ·

3681 407 3788 472 8εὲ

502 548 750 618 χώρησεν
773 585 786 609 ,
824 542 1034 600 δίκαιον
1074 543 1132 598 δὲ
1165 539 1398 596 ἐκδικεῖν
1437 560 1496 596 τε
1528 546 1595 596 τὰ
1625 542 1722 596 τοῦ
1751 541 1913 606 Θεοῦ,
1949 536 2075 612 πλὴι

2192 535 2316 606 quia
2351 535 2468 604 ipse
2497 532 2603 587 sibi
2653 531 2929 604 ignoscit;
2961 529 3054 586 sed
3086 527 3252 584 etiam
3276 525 3629 599 propriorum
3663 544 3803 616 τροις

506 641 645 710 μετὰ
676 640 1005 709 πραότητος.
1041 638 1200 693 Ἐστι
1231 639 1289 692 δὲ
1333 638 1422 691 ὅτε
1470 640 1566 690 καὶ
1600 637 1738 707 μετὰ
1767 635 1957 706 ζήλου,
1990 633 2086 688 τοῦ

503 732 699 801 καιροῦ
733 733 1027 796 καλοῦντος
1056 731 1190 802 πρὸς
1222 730 1405 797 τοῦτο,
1435 730 1656 799 ἕτοιμόν
1686 745 1744 781 τε
1773 729 1886 790 τοῖς
1923 741 2092 796 μετα-

503 827 717 880 νοοῦσιν
745 821 887 879 εἶναι
916 827 1023 887 ἀεὶ,
1055 825 1110 877 εί
1148 841 1212 892 γε
1242 823 1402 895 μόνον
1432 821 1782 892 μετανοοῦσι.
1829 819 1938 874 Τοῦ
1951 834 2005 872 το
2033 818 2091 872 δὲ

502 915 656 970 ἔσται
686 919 743 969 ὲν
770 917 846 986 τῷ
871 917 1180 986 ἀποστῆναι
1206 913 1303 969 τοῦ
1335 912 1528 978 κακοῦ,
1563 914 1656 964 καὶ
1678 909 2085 978 ταπεινωθῆναι

504 1007 596 1061 τὸν
627 1008 973 1066 πταίσαντα..

2197 637 2350 682 tuum
2378 627 2535 681 venia
2560 634 2642 680 est
2671 625 3015 695 exposconda
3044 631 3096 677 et
3129 623 3272 691 iuste
3303 621 3694 687 examinanda,
3728 630 3786 677 et

2165 721 2488 792 'judicanda
2541 729 2666 776 sunt
2711 726 2934 788 peccata
2990 718 3296 771 scentulum
3359 714 3807 786 pracepta-Dei,..

2197 817 2294 872 sed
2325 831 2446 870 cum
2484 813 2928 868 mansuetudine.
2985 810 3078 865 Est
3110 809 3410 880 aliquando
3446 808 3550 865 zeli
3577 823 3782 878 oppor-

2203 915 2336 964 tune
2371 921 2569 963 vocare
2624 921 2778 960 reum
2814 904 2882 958 ad
2917 903 3326 976 pmnitcntiam;
3371 902 3476 957 'scd
3547 901 3785 956 maxime

2195 1013 2415 1068 semper
2463 1007 2718 1068 paratum
2766 1013 2891 1052 esse
2947 998 3260 1050 ministrum
3305 997 3373 1049 ad
3434 994 3780 1062 recipiendos

501 1101 854 1170 ptenitcntes,
891 1098 1054 1154 modo
1099 1107 1284 1152 tamen
1321 1097 1496 1150 solum
1530 1111 1624 1150 eos
1675 1094 1962 1164 pteniteat.
1995 1093 2086 1148 Sic
2120 1093 2398 1170 arcebitur
2435 1093 2664 1159 malum,
2699 1105 2752 1147 et
2810 1092 3084 1146 humiliati
3149 1091 3470 1160 frangentur
3521 1089 3600 1144 rei
3649 1104 3782 1145 con-

502 1203 767 1248 tumaces.

1045 1285 1382 1339 ΕΡΩΤΗΣΙΣ
1424 1286 1461 1336 Λ
1473 1283 1549 1337 Α’.

571 1403 710 1470 Περὶ
745 1401 1209 1471 ἀφορισθέντος,
1240 1398 1364 1466 πῶς
1396 1397 1511 1468 ἄρα
1545 1399 1967 1468 διατεθήσεται
1996 1416 2012 1460 ;

573 1517 686 1580 Πᾶς
715 1517 774 1569 δὲ
815 1515 1158 1585 ἀφορισθεὶς.
1202 1515 1312 1568 εἴτε
1342 1515 1577 1581 ἀλόγως,
1605 1515 1682 1578 ὡς
1712 1514 1887 1582 τούτῳ
1918 1515 2084 1578 δοκεῖ,

499 1611 610 1663 είτε
648 1607 910 1676 ἐννόμως,
945 1605 1020 1676 μὴ
1054 1605 1470 1674 καταφρονείτω
1508 1601 1667 1671 ὅλως,
1717 1605 1850 1676 μηδὲ
1895 1607 2087 1675 κριτὴς

497 1701 660 1760 αὐτὸς
704 1698 902 1752 ἑαυτοῦ
939 1698 1194 1767 γινέσθω,
1247 1697 1368 1767 μηδ’
1396 1697 1558 1760 ἄλλος
1589 1698 1754 1750 αὐτὸν
1783 1698 2075 1760 ἀπατάτω,

495 1792 570 1855 ὡς
598 1792 696 1862 οὐχ
727 1792 960 1846 ἅπτεται
991 1789 1182 1842 τούτου
1205 1803 1223 1821 ·
1271 1787 1567 1860 προθύμως
1609 1788 1666 1842 δὲ
1695 1789 1773 1860 τῷ
1824 1789 2086 1859 ἐπιτιμή-

499 1901 656 1936 σαντι
681 1882 1076 1954 προσερχέσθω
1103 1879 1284 1948 ψυχῆς
1311 1879 1643 1932 ταπεινώσει
1669 1880 1766 1932 καὶ
1796 1880 2082 1950 συντριϐῇ.

2697 1273 3028 1342 ρυλεετιο
3075 1273 3264 1330 XXXI.

2265 1390 2337 1443 De
2361 1388 2835 1453 exeomnwnicato,
2871 1387 3131 1455 quomodo
3165 1395 3340 1458 gerere
3370 1397 3424 1442 se”
3459 1386 3642 1441 debeat

2261 1503 2454 1557 Omnis
2500 1503 2591 1571 qui
2626 1503 2996 1557 anathematis
3053 1504 3384 1556 sententiam
3450 1501 3783 1556 sustinuerit

2190 1597 2306 1650 sive
2340 1597 2765 1657 inconsiderate,
2801 1607 2860 1648 ut
2915 1595 3016 1664 ipsi
3077 1595 3316 1659 videtur,
3346 1597 3463 1649 sive
3511 1595 3776 1665 legitimo,

2193 1700 2300 1739 non
2327 1686 2921 1746 contemnatomnino;
2954 1700 3127 1753 nequc
3153 1685 3243 1738 ﬁat
3275 1685 3554 1754 suiipsius
3577 1684 3736 1753 judcx
3767 1698 3779 1734 :

2191 1781 2288 1835 sed
2318 1797 2492 1846 neque
2525 1781 2691 1834 alium
2734 1780 2920 1834 audiat
2966 1779 3061 1846 qtti
3097 1777 3242 1831 forte
3279 1782 3331 1830 in
3369 1793 3618 1832 errorem
3654 1793 3778 1830 cum

2193 1873 2437 1939 inducat,
2474 1874 2685 1943 ﬁngens
2717 1874 2930 1926 (irtntun
2973 1887 3081 1924 non
3122 1885 3247 1926 esse
3277 1871 3570 1942 judicium.
3606 1869 3778 1922 Adeat

500 1975 562 2028 Et
589 1974 644 2027 δὲ
669 1974 730 2025 ού
770 1973 1124 2043 προσδέχεται
1149 1973 1175 2023 ό
1201 1973 1555 2040 ἐπιτιμήσας,
1594 1972 1734 2039 μετά
1755 1973 1817 2023 το
1848 1972 2075 2039 προσελ-

2194 1981 2322 2021 vero
2369 1974 2566 2035 sponte
2618 1977 2674 2020 et
2707 1974 2888 2018 tuente
2931 1963 3124 2017 humili
3183 1972 3238 2019 et
3298 1963 3488 2018 dolore
3539 1961 3775 2014 cotttrita

497 2065 611 2118 θεῖν
639 2065 916 2127 πολλάκις,
947 2065 1041 2117 καὶ
1071 2065 1159 2116 διά
1183 2078 1346 2126 τινων
1377 2061 1642 2124 actuosa,
1667 2065 1715 2114 εί
1751 2063 1824 2132 μὴ
1848 2063 2086 2131 προσδε-

2194 2071 2318 2110 eum
2356 2071 2423 2111 ex
2464 2057 2624 2126 cujus
2659 2055 2935 2111 sententia
2973 2056 3266 2111 mulctatus
3294 2065 3416 2120 est;
3447 2059 3594 2124 quod
3629 2055 3672 2108 si
3707 2058 3776 2110 ab

495 2156 672 2227 χθείη,
699 2155 780 2227 τῷ
807 2156 1011 2227 μείζονι
1034 2153 1311 2223 προσιέτω
1336 2155 1608 2224 ἀρχιερεῖ,
1632 2153 1730 2206 καὶ
1758 2155 1879 2207 τότε
1906 2153 2075 2223 ζητῶν

2190 2150 2282 2203 illo
2315 2165 2419 2202 non
2447 2149 2768 2218 recipiatur,
2800 2157 3087 2216 postquam
3119 2149 3328 2218 plurius
3375 2148 3634 2211 accessit,
3673 2164 3776 2203 nec

496 2249 595 2319 τὴν
629 2248 1001 2319 συγχώρησιν,
1039 2247 1101 2302 οὐ
1131 2247 1272 2301 κατὲ
1303 2248 1397 2301 τοῦ
1429 2249 1856 2318 ἐπιτιμήσαντος
1884 2248 1941 2301 δὲ
1973 2267 2082 2319 χω-

499 2344 629 2412 ρῶν,
676 2343 815 2395 ἀλλὰ
867 2339 1141 2403 ταπεινῶς
1192 2340 1286 2392 καὶ
1319 2339 1565 2402 εὐλαϐῶς
1611 2337 1937 2408 αἰτούμενος
1979 2341 2081 2409 τὴν

496 2432 871 2502 συγχώρησιν,
903 2431 992 2484 ἵνα
1022 2431 1248 2500 γένηται
1293 2433 1561 2486 καὶκατὰ
1609 2430 1767 2495 λόγον
1819 2432 1850 2500 ή
1903 2430 2074 2494 λύσις,

494 2523 592 2574 καὶ
640 2523 716 2591 μὴ
766 2518 1098 2590 λυπούμενος
1153 2521 1180 2572 ὁ
1232 2520 1571 2590 ἐπιτιμήσας¹
1614 2517 1809 2588 ἀφεθῇ,
1863 2519 2075 2589 μήποτε

492 2611 716 2674 δικαίως
748 2610 1012 2680 λυπῆται.
1046 2608 1218 2678 "Anq
1264 2609 1395 2681 γὰρ,
1455 2610 1640 2679 φησὶν,
1678 2609 1920 2678 ἡκρίσις
1964 2609 2074 2662 τῶν

493 2699 828 2776 ἀνθρώπων,
862 2702 958 2757 καὶ
988 2700 1123 2772 ἄλλη
1163 2703 1194 2773 ἡ
1224 2701 1318 2755 τοῦ
1347 2701 1504 2756 Θεοῦ.

2187 2251 2310 2311 post
2346 2243 2714 2295 interventum
2756 2241 3124 2310 quorumdam
3197 2241 3412 2309 piorum
3445 2248 3499 2294 et
3537 2240 3778 2308 pruden-

2188 2339 2345 2397 tium,
2398 2349 2467 2388 ne
2497 2333 2637 2388 forte
2705 2343 2924 2387 maneat
2975 2331 3270 2386 innodatus
3319 2340 3374 2386 et
3409 2332 3778 2387 irrcconcilia-

2187 2434 2300 2490 tus,
2323 2425 2418 2478 sed
2450 2439 2767 2494 supremum
2785 2424 2941 2478 adeat.
2961 2425 3299 2493 pontiﬁcem,
3329 2434 3380 2478 et
3410 2434 3537 2477 tunc
3566 2435 3776 2494 quaerat

2183 2515 2619 2582 absolutionem,
2678 2529 2788 2569 non
2844 2515 3066 2585 quidem
3122 2525 3315 2570 contra
3342 2517 3772 2585 BXPI‘Obl'dllleﬂ

2179 2607 2535 2677 redarguens,
2592 2609 2690 2664 sed
2726 2607 3008 2663 humiliter
3059 2618 3268 2665 etcum
3318 2611 3650 2667 discretione
3679 2628 3785 2681 ρετ-η

2176 2707 2320 2766 teus,
2375 2705 2440 2755 ut
2487 2701 2692 2756 absolvi
2748 2704 2934 2772 possit
2985 2703 3285 2758 secundum
3331 2699 3675 2776 regulatn,et
3705 2722 3774 2760 ne

495 2802 585 2872 qui
631 2799 978 2870 reprehendit
1037 2795 1396 2854 contristatus
1468 2814 1574 2851 non
1627 2795 2049 2854 absolvatznisi
2108 2797 2254 2854 forte
2306 2798 2688 2854 contristetur.
2715 2799 2877 2855 Aliud
2905 2810 2991 2856 est
3015 2801 3184 2865 enim,
3238 2804 3315 2858 ait
3351 2804 3618 2874 judicium
3675 2809 3772 2862 ho-

495 2897 726 2961 nlinum,
757 2898 901 2952 aliud
937 2891 1027 2953 Dei
1059 2895 1354 2964 judicium.

938 3004 1098 3085 353
1131 3013 1462 3068 ΕΡΩτιιΣιΣ
1489 3010 1606 3064 AB'.

505 3128 562 3182 Ὀ
588 3127 811 3185 ἑαυτὸν
843 3128 1144 3197 ἀφορίσας
1173 3129 1211 3196 ἢ
1247 3114 1717 3208 ἀιςαθεματίσαέι,
1751 3126 1808 3179 τί
1838 3125 2070 3194 ὀφείλει

1163 3213 1395 3262 ποιειν;

574 3286 814 3360 ,ομοίως
846 3283 940 3343 καὶ
982 3293 1007 3342 ό
1053 3288 1247 3343 ἑαυτὸν
1279 3288 1550 3358 ἀφορίσας
1591 3286 1622 3357 ἢ
1660 3267 2069 3356 ἀναδεματίσας
2102 3341 2143 3362 η

492 3379 798 3452 προπετείᾳ
823 3381 854 3452 ἦ
886 3373 1066 3452 θυμῷ,
1091 3380 1123 3450 ἢ
1159 3381 1388 3451 ἄρνησιν
1416 3379 1552 3432 Θεοῦ
1583 3377 1834 3444 ἐξειπὼν,
1865 3378 2070 3448 ὀφείλει

497 3470 639 3542 μετὰ
691 3469 947 3544 δακρύων
991 3473 1087 3524 καὶ
1134 3469 1430 3542 συντριΰῆς
1474 3470 1723 3540 ἀρχιερεῖ
1778 3469 2072 3539 ἐξαιρέτως

471 3557 960 3635 ’προσέρχεσθαι,ῆ
995 3562 1188 3617 τούτου
1225 3562 1299 3633 μὴ
1324 3559 1475 3624 δντος
1496 3560 1689 3629 ἐγγὺς,
1717 3560 2074 3631 πνευματικῷ

489 3671 597 3708 τινι
623 3655 817 3724 Πατρὶ,
851 3655 1082 3726 δοκίμῳ,
1131 3653 1226 3708 καὶ
1267 3652 1617 3722 ὲξαγγέλλειν
1670 3651 1764 3706 καὶ
1791 3651 2070 3722 δακρύειν,

486 3748 585 3803 καὶ
643 3745 996 3817 συγχώρησιν
1045 3745 1376 3811 ἐξαιτεῖσθαι
1414 3745 1510 3799 καὶ
1544 3744 1732 3816 εὐχὴν,
1786 3744 1882 3796 καλ⁸
1932 3742 2071 3812 ἔργα

495 3839 786 3909 μετανοίας
811 3837 1109 3904 ποιεῖσθαι,
1136 3839 1232 3892 καὶ
1263 3837 1340 3909 μὴ
1363 3836 1551 3900 ἁπλῶς
1581 3837 1716 3908 πρὸς
1747 3835 1816 3890 τὰ
1843 3833 2072 3888 τοιαῦτα

491 3931 817 4000 διακεῖσθαι,
853 3931 934 3986 ὅτι
970 3931 1103 3985 πολὺ
1130 3928 1190 3983 τὸ
1225 3931 1573 3999 κατάκριμα.

1041 4219 1370 4275 ΕΡΩΤΠΣΙΣ
1404 4217 1525 4272 Al".

505 4401 508 4403 ἓ
568 4334 628 4389 Τί
665 4333 780 4402 ἄρα
803 4331 1005 4404 μεῖζον
1046 4333 1087 4402 ἡ
1121 4332 1436 4412 ἱερωσύνῃ,
1464 4331 1504 4399 ἢ
1552 4330 1620 4383 τὸ
1657 4325 1867 4397 σχῆμα
1895 4327 2003 4381 τοῦ

1120 4418 1397 4471 μον-ακου
1425 4420 1444 4468 ;

561 4502 718 4557 Κατὰ
746 4501 845 4572 μὲν
869 4499 967 4570 τὴν
994 4497 1151 4564 τάξιν
1181 4499 1385 4568 μείζων
1410 4498 1442 4566 ἡ
1479 4497 1747 4568 ἱερωσύνη
1780 4500 1873 4554 τοῦ
1907 4519 2071 4572 μονα-

489 4593 644 4665 χικοῦ
694 4594 975 4662 σχήματος
1007 4589 1149 4658 ὑπὲρ
1193 4589 1353 4656 λόγον
1378 4601 1398 4622 ο
1430 4589 1498 4642 τὰ
1532 4589 1640 4659 γὰρ
1674 4589 1811 4660 ἔργα
1844 4592 2068 4664 ταύτης,

489 4685 626 4755 ἔργα
654 4682 790 4737 Θεοῦ
827 4683 920 4736 καὶ
967 4679 1137 4752 χωρὶς
1171 4679 1268 4751 τῆς
1303 4679 1604 4751 ἱερωσύνης
1639 4681 1700 4734 οὐ
1739 4682 2068 4753 Χριστιανός

2681 3007 3010 3080 ρυΑΞδΤΙΟ
3061 3013 3270 3071 XXXII.

2184 3123 2323 3188 Quid
2353 3124 2402 3180 ei
2428 3125 2748 3194 faciendum,
2774 3127 2864 3199 qui
2889 3143 2943 3182 se
2972 3130 3141 3199 ipsum
3171 3130 3341 3182 sacris
3373 3132 3639 3199 prohibuit
3674 3143 3766 3186 aut

2671 3197 3001 3251 anathemati
3036 3198 3251 3268 subjecit
3277 3201 3300 3252 ?

2253 3282 2518 3340 Similiter
2560 3301 2684 3341 eum
2734 3288 2825 3357 qui
2874 3290 3114 3357 seipsum
3163 3293 3440 3360 separavit
3494 3302 3584 3344 aut
3637 3307 3770 3347 ana-

2179 3373 2553 3430 th'ematizavit
2619 3385 2843 3442 temere,
2893 3363 3361 3435 inconSiderauter
3404 3391 3496 3436 aut
3550 3385 3768 3437 iracun-

2181 3461 2268 3527 de,
2312 3466 2393 3517 vel
2433 3465 3226 3538 falsoinsimulavitncgatione
3249 3472 3367 3536 Dei,
3391 3485 3603 3543 Oportet
3638 3491 3763 3529 cum

2181 3550 2434 3623 lacrymis
2492 3565 2545 3609 et
2606 3558 2938 3612 contritione
3001 3560 3065 3614 ad
3128 3563 3438 3629 pontiﬁcem
3502 3567 3764 3621 accedere

2177 3643 2562 3714 singulariter;
2586 3646 2668 3700 vel
2686 3648 2731 3702 si
2763 3663 2933 3718 prope
2956 3666 3062 3704 non
3079 3653 3150 3706 sit
3168 3653 3275 3717 hic,
3300 3668 3482 3707 corntn
3507 3671 3614 3709 uno
3637 3671 3763 3726 pro-

2177 3734 2461 3792 batissimo
2491 3739 2858 3806 spiritualium
2883 3740 3106 3798 Patrum
3139 3760 3196 3799 se
3224 3745 3402 3810 sistat,
3439 3759 3494 3801 ct
3526 3763 3651 3803 cum
3682 3751 3758 3804 la-

2177 3830 2377 3901 crymis
2401 3832 2755 3902 confiteatur,
2789 3846 2986 3906 petens
3013 3837 3224 3892 veniam
3254 3847 3308 3892 et
3339 3855 3548 3908 preces,
3591 3855 3760 3912 opera

2176 3919 2375 3974 deinde
2419 3930 2543 3991 agat
2593 3925 2946 3991 pmnitentizr,
2984 3942 3222 3995 vereque
3271 3929 3341 3981 sit
3378 3931 3672 3999 dispositus
3703 3933 3755 3986 in

2179 4011 2418 4065 futurum
2465 4009 2689 4070 minimc
2738 4010 2974 4085 amplius
3028 4020 3097 4070 ita
3129 4019 3375 4088 judicare
3418 4031 3470 4073 et
3501 4025 3761 4076 condetu-

2179 4118 2331 4158 nare.

2654 4221 2981 4290 QUESTIO
3035 4223 3276 4280 χχχιιι.

2174 4335 2382 4406 Ecquid
2422 4337 2598 4408 majus
2646 4341 2740 4403 sit,
2790 4353 2992 4462 muuuds
3026 4343 3326 4466 pari-dotis
3369 4351 3463 4396 aut
3507 4347 3752 4398 monachi

2327 4441 2332 4448 -
2837 4426 2931 4464 con
2975 4425 3072 4466 mo

2327 4441 2332 4448 ι
2837 4425 3040 4465 canam

2327 4441 2332 4448 -
2837 4431 3072 4467 conuitio
3092 4431 3116 4466 ἴ

2246 4499 2556 4554 Secundum
2589 4499 2836 4554 ordinem
2869 4509 2922 4554 et
2965 4501 3194 4570 gradum
3225 4503 3592 4559 sacerdou‘mn
3640 4523 3758 4561 tuo-

2176 4591 2339 4645 nachi
2363 4589 2759 4662 professionem
2787 4593 3004 4650 excedit
3049 4610 3214 4664 supra
3246 4595 3300 4650 id
3342 4598 3490 4666 quod
3524 4599 3629 4653 dici
3665 4611 3758 4668 po.

2173 4690 2332 4739 test:
2377 4683 2670 4740 sacerdotii
2719 4685 2868 4741 enim
2926 4701 3093 4759 opera
3142 4695 3271 4744 sunt
3322 4704 3490 4759 opera
3534 4689 3649 4756 Dei,
3699 4701 3756 4746 et

488 4794 594 4838 τις,
645 4776 766 4828 οὐδὲ
830 4773 1108 4843 ἁγιασμὸν
1167 4771 1327 4842 ἔχων,
1382 4771 1504 4824 οὐδὲ
1566 4771 1702 4825 Θεοῦ
1770 4774 2066 4850 κοινωνῶν.

2181 4775 2295 4832 sine
2325 4777 2635 4833 sacerdotio
2660 4793 2824 4834 nemo
2840 4780 3310 4844 estChristianas,
3337 4795 3497 4838 nemo
3526 4785 3753 4853 gratiam

490 4866 713 4932 Μείζων
742 4867 799 4920 δὲ
820 4865 985 4919 πάλιν
1012 4866 1046 4933 ἠ
1079 4862 1347 4934 μοναχικὴ
1375 4861 1528 4926 τάξις
1561 4863 1654 4917 τοῦ
1685 4865 1828 4919 κατὰ
1861 4865 2066 4937 κόσμον

493 4959 708 5027 ίερέως,
735 4957 808 5022 ὥς
837 4973 972 5028 φησι
997 4952 1294 5018 Διονύσιος,
1324 4954 1385 5008 οὐ
1433 4955 1574 5008 κατὰ
1601 4954 1700 5027 τὴν
1741 4957 2064 5029 ἱερωσύνην,

490 5051 628 5104 ἀλλὰ
662 5049 805 5103 κατὰ
835 5051 926 5102 τὸν
957 5051 1092 5120 βίον.
1131 5047 1222 5100 Διὸ
1267 5048 1361 5101 καὶ
1413 5049 1440 5100 ό
1488 5047 1724 5117 μοναχδς
1757 5048 1938 5116 ἱερεὺς
1967 5048 2066 5115 ὢν,

489 5143 786 5214 ὑπέρτερος
838 5141 931 5194 τοῦ
982 5141 1122 5194 κατὰ
1181 5140 1386 5209 κόσμον
1433 5139 1572 5202 ἐστὶ,
1609 5139 1704 5192 καὶ
1745 5139 1980 5210 μοναχδς
2011 5140 2066 5193 δὲ

490 5235 715 5299 ἁπλῶς,
767 5233 1066 5302 ὑπέρτερος
1116 5230 1210 5284 τοῦ
1261 5230 1400 5283 κατὰ
1455 5230 1660 5299 κόσμον
1725 5229 1937 5298 ἱερέως,
2006 5230 2065 5282 ού

496 5329 636 5380 κατὰ
683 5327 783 5398 τὴν
831 5327 1156 5395 ἱερωσύνην,
1198 5323 1271 5384 ὡς
1322 5322 1554 5391 ἔφημεν.
1591 5320 1738 5388 Αὕτη
1774 5323 1880 5390 γὰρ
1928 5321 2064 5374 Θεοῦ

495 5418 676 5486 ἔργον,
705 5416 841 5477 ἀλλὰ
867 5417 1007 5468 κατά
1035 5415 1125 5467 τὸν
1162 5413 1294 5482 βίον.
1327 5414 1405 5482 Τῇ
1441 5412 1708 5483 ἱερωσύνῃ
1734 5411 1792 5464 δὲ
1833 5413 2066 5464 πάντοτε

493 5510 706 5577 εὐλογεῖ
738 5511 834 5562 καὶ
873 5507 1090 5576 ἁγιάζει
1133 5507 1226 5559 καὶ
1255 5506 1344 5559 τὸν
1371 5505 1701 5575 ὑψηλότερον
1730 5504 1808 5576 τῷ
1840 5503 1941 5575 βίῳ
1969 5523 2065 5575 μο-

491 5600 654 5671 ναχὸν
698 5601 727 5653 ὁ
777 5598 976 5668 ίερεύς.
1023 5599 1114 5650 Διδ
1158 5596 1252 5652 καὶ
1283 5597 1569 5658 Ἀντώνιος
1621 5597 1924 5661 ύπὲκυπτε,
1967 5596 2065 5650 καὶ

489 5691 587 5760 τὴν
618 5689 859 5760 κεφαλὴν
893 5688 1181 5742 ὑπέκλινεν
1228 5689 1285 5740 οὗ
1325 5689 1484 5756 μόνον
1529 5687 1874 5751 ἐπισκόποις,
1926 5686 2062 5740 ἀλλὰ

489 5785 586 5836 καὶ
617 5783 777 5836 παντὶ
796 5779 1062 5850 κληρικῷ.
1090 5779 1200 5832 Καὶ
1236 5780 1340 5840 πᾶς
1369 5778 1463 5831 οὖν
1491 5779 1693 5848 ἱερεὺς,
1727 5777 1801 5840 ὡς
1829 5779 1926 5846 τὴν
1960 5795 2058 5846 με·

467 5875 663 5944 ,γάλην
704 5875 840 5944 ἔχων
877 5872 1054 5938 ἀξίαν,
1101 5872 1269 5940 ἁγίως
1308 5869 1696 5933 πολιτευέσ(“ω,
1735 5871 1826 5923 καὶ
1862 5869 2063 5938 μᾶλλον

2175 4868 2483 4924 sanctitatis
2521 4877 2578 4925 et
2619 4871 3049 4927 consecrationis
3077 4871 3285 4928 habens
3308 4888 3468 4928 nemo
3496 4890 3618 4928 cum
3643 4875 3756 4931 Deo

2176 4961 2612 5017 communicans.
2663 4960 2769 5016 Sed
2805 4962 3000 5017 iterum
3053 4963 3226 5032 major
3276 4973 3362 5018 est
3406 4965 3756 5034 professione

2175 5055 2480 5108 monachus
2509 5069 2674 5123 quam
2705 5054 2963 5109 sacerdos
2994 5073 3007 5108 :
3047 5071 3152 5109 non
3197 5057 3440 5124 quidem,
3483 5069 3537 5132 ut
3575 5060 3754 5131 loqui-

2177 5156 2264 5200 tur
2312 5144 2624 5215 Dionysius,
2663 5147 2965 5201 secundum
2999 5151 3394 5216 sacerdotium,
3429 5152 3522 5208 sed
3553 5169 3755 5210 sceuno

2177 5236 2306 5289 dum
2361 5236 2546 5291 vitam.
2591 5235 2802 5294 Idcirco
2835 5239 3136 5295 m‘onachus
3182 5243 3445 5299 sacerdos
3479 5249 3750 5302 sacerdoti

2177 5329 2269 5398 qui
2304 5329 2439 5382 vivit
2474 5329 2528 5383 in
2562 5332 2766 5386 mundo
2818 5331 2979 5402 longe
3010 5342 3280 5403 praestat;
3315 5345 3370 5390 et
3412 5339 3576 5392 etiam
3623 5340 3755 5394 sim-

2174 5420 2297 5490 plex
2327 5421 2632 5477 monachus
2661 5423 2795 5478 huic
2823 5433 3069 5494 praestat,
3114 5441 3245 5493 non,
3280 5438 3337 5481 ut
3371 5427 3629 5494 diximus,
3667 5449 3753 5485 sa-

2173 5507 2415 5562 cerdotio
2445 5508 2590 5578 quod
2626 5519 2710 5566 est
2740 5527 2880 5582 opus
2922 5514 3040 5579 Dei,
3074 5516 3168 5571 sed
3205 5517 3312 5572 vita
3354 5537 3367 5572 :
3410 5535 3532 5572 nam
3569 5537 3755 5576 sacer-

2172 5597 2271 5653 dos
2322 5598 2538 5654 ratione
2571 5601 2865 5657 sacerdotii
2915 5604 3082 5659 etiam
3121 5608 3446 5662 monachum
3489 5610 3591 5664 sibi
3645 5613 3752 5668 rita

2171 5688 2604 5756 praestantiorem
2640 5689 2908 5745 benedicit
2935 5700 2983 5746 et
3014 5704 3302 5748 consecrat
3329 5704 3384 5748 et
3419 5698 3748 5754 sanctiﬁcat.

2170 5776 2326 5833 Unde
2353 5787 2577 5836 sanctus
2603 5781 2879 5839 Antonius
2908 5784 3136 5838 cedebat
3175 5795 3229 5840 et
3273 5788 3466 5858 capitis
3515 5790 3590 5844 ἰιιι
3611 5791 3748 5844 littu-

2175 5870 2325 5927 tione
2359 5873 2783 5929 venerabundos
2835 5876 3235 5947 obsequebatur
3278 5892 3388 5934 non
3431 5882 3607 5938 solum
3637 5883 3754 5952 «ορί-
