4118 6462
378 422 381 425 ‘
401 402 505 471 BS3

1214 391 1602 459 SYMEONIS
1637 378 2401 454 THESSALONICENSIS
2428 385 2800 450 ARCHIEP.

3550 387 3665 452 εει

402 518 614 589 scopis,
646 515 745 574 sed
770 522 827 572 et
857 511 1083 571 cuilibet
1113 509 1338 570 clerico.
1371 510 1569 567 Omnis
1595 509 1781 578 itaque
1808 518 1994 561 sacer-
2022 530 2039 572 Α

2122 501 2483 570 ιγωνιζέσθω,
2515 504 2658 558 κατὰ
2685 502 2958 575 μοναχοὺς
2997 503 3119 576 ζῇν,
3148 504 3180 566 ἦ
3211 502 3305 559 καὶ
3324 504 3556 577 μοναχθις
3585 521 3673 574 γε·

403 609 507 663 dos
533 622 658 663 cum
705 613 856 662 tanta
887 605 1094 677 polleat
1127 603 1420 673 dignitate,
1473 607 1664 654 sancte
1696 596 1865 650 vitam
1914 593 1996 646 in-

2107 594 2294 649 νέσθαι
2325 597 2469 649 κατὰ
2494 595 2688 664 καιρὸν
2714 596 3015 657 σπευδέτω.

404 703 619 769 stituat,
653 710 854 756 etcum
906 698 1191 756 monachis
1221 696 1521 754 sanctitate
1548 699 1750 757 certet,
1790 701 1846 747 et
1879 692 1995 761 ipse
2045 704 2206 761 quast
2272 692 2582 748 monachus
2638 691 2754 746 ﬁeri
2813 693 2923 747 vita
2976 705 3078 747 sua
3124 706 3223 762 pro
3278 693 3676 761 opportunitate

406 806 638 869 satagat.

885 886 1211 956 onmno
1259 881 1510 965 xxxry.

537 982 797 1051 Qumnam
832 991 1049 1047 peccata
1077 990 1145 1034 aa
1184 984 1407 1035 mbrtem
1431 981 1538 1034 sive
1581 978 1833 1033 mortalia
1864 974 1888 1028 .9

479 1080 715 1132 Peecata
772 1075 840 1129 ad
893 1082 1124 1128 mortem
1153 1072 1391 1143 :quidam
1432 1072 1625 1125 dicunt
1663 1085 1788 1125 esse
1830 1077 1990 1131 octo;

409 1173 541 1242 quia
570 1180 623 1226 ct
646 1176 770 1225 octo
816 1178 945 1223 sunt
974 1166 1282 1238 passiones,
1334 1164 1730 1233 speciatimque
1761 1150 2021 1232 sequem'

410 1264 487 1318 tia
522 1271 771 1317 statuunt
806 1277 822 1314 :
859 1258 1210 1329 Negationem
1248 1254 1365 1321 Dei,
1398 1255 1780 1321 homicidium,
1813 1270 1987 1310 tuere-

411 1354 660 1418 tricium,
686 1360 743 1408 et
784 1350 986 1407 similia
1021 1349 1075 1405 id
1108 1362 1304 1419 genus,
1336 1347 1622 1403 avaritiam
1658 1355 1715 1402 et
1757 1346 1882 1417 ejus
1914 1348 1995 1403 si-

412 1446 585 1507 milia,
617 1443 946 1516 periurium,
992 1441 1365 1504 mendacium,
1398 1439 1712 1508 superbiam
1747 1449 1802 1493 et
1840 1453 1997 1493 ενι-ου

411 1538 675 1605 gantiam.
702 1530 925 1588 Nullum
959 1543 1145 1587 autem
1177 1531 1371 1586 horum
1404 1532 1468 1585 ad
1501 1541 1732 1586 mortem
1755 1530 1862 1584 erit
1892 1529 1999 1584 illis

413 1623 510 1693 qui
542 1621 716 1679 amori
749 1624 912 1680 Delct
934 1624 1270 1694 pmuitentiae
1294 1623 1535 1693 legitime
1557 1638 1678 1677 sese
1704 1621 1956 1676 dederint
1982 1637 1997 1687 ;

2651 880 2988 937 ΕΡΩΤΗΣΙΣ
3013 881 3137 939 AA’.

2312 973 2453 1027 Τίνα
2495 972 2568 1027 τὰ
2595 973 2746 1042 πρὸς
2770 973 3032 1029 θάνατον
3060 975 3485 1043 ἁμαρτήματας

2174 1063 2319 1134 Πρὸς
2343 1063 2574 1120 θάνατον
2606 1065 2984 1135 ἁμαρτήματα
3031 1064 3176 1118 ὀκτώ
3215 1082 3379 1133 φασιν
3423 1061 3565 1118 εἶναί
3596 1081 3681 1117 τι-

2101 1175 2213 1221 νες,
2268 1158 2394 1211 ἐπεὶ
2453 1160 2549 1211 καὶ
2586 1157 2733 1211 ὀκτὼ
2783 1159 2851 1211 τά
2893 1157 3079 1227 πάθηο
3114 1157 3407 1227 ἐξαιρέτως
3436 1157 3494 1209 δὲ
3544 1153 3681 1209 εἶναι

2100 1248 2297 1316 ταῦτα,
2331 1248 2562 1320 ἄρνησιν
2612 1248 2772 1315 θεοῦ,
2825 1248 3006 1319 φόνον.
3055 1248 3317 1321 πορνείαν
3355 1252 3449 1303 καὶ
3480 1250 3546 1300 τὰ
3590 1252 3685 1300 σἰν

2104 1342 2268 1412 αὐτῇ,
2293 1341 2664 1411 φιλαργυρίαν
2688 1343 2781 1394 καὶ
2805 1342 2873 1395 τὰ
2896 1340 3091 1417 αὐτῆς,
3122 1341 3432 1408 ἐπιορκίαν,
3466 1339 3685 1409 ψεῦδος,

2106 1431 2517 1502 ὑπερηφανίαν,
2546 1433 2644 1484 καὶ
2674 1432 2871 1501 οἴησιν.
2905 1429 3077 1487 Οὐδὲν
3105 1432 3162 1486 δὲ
3191 1430 3397 1485 τούτων
3430 1433 3568 1502 πρδς
3596 1429 3685 1482 οά.

2106 1540 2265 1578 νατον
2294 1525 2675 1596 φιλανθρωπίᾳ
2709 1524 2844 1580 Θεοῦ
2889 1527 3002 1587 τοῖς
3052 1525 3379 1596 μετανοοῦσι
3428 1526 3684 1596 γνησίως,

2107 1622 2158 1671 εί
2193 1616 2268 1689 μὴ
2309 1618 2368 1671 τὸ
2401 1617 2593 1671 ἑαυτὸν
2623 1618 2954 1682 θανατῶσαι,
2978 1618 3072 1672 καὶ
3110 1618 3168 1670 τὸ
3212 1618 3527 1685 ἀπογνῶναι
3563 1619 3681 1671 ἑαυ-

413 1728 471 1770 et
502 1716 606 1770 nisi
641 1731 671 1769 c
719 1726 907 1771 contra
939 1716 1152 1785 seipsos
1184 1715 1345 1769 morti
1397 1713 1618 1768 tradant
1662 1712 1745 1766 vel
1792 1711 1989 1789 d‘espe-
2028 1695 2039 1755 Ῐ

2122 1708 2225 1773 ποῦ,
2251 1710 2347 1763 καὶ
2377 1709 2439 1763 τὸ
2463 1709 2813 1780 ὑπερηφανία
2838 1712 2931 1764 καὶ
2963 1711 3140 1783 οἰήσει
3167 1711 3431 1783 ἐκστῆναι
3454 1710 3546 1766 τοῦ
3571 1711 3685 1773 νοῦ,

415 1808 613 1875 rando,
643 1808 723 1864 vel
755 1824 850 1863 cor
880 1808 1133 1878 superbia
1160 1817 1214 1862 et
1247 1807 1559 1879 arrogantia
1607 1804 1867 1871 inﬂando,
1914 1806 1997 1860 vel

417 1900 847 1971 blasphemando
881 1909 1070 1954 contra
1115 1901 1305 1953 Deum.

906 2005 1235 2075 QUAESTIO
1290 2005 1509 2061 XXXV.

422 2124 558 2181 Cum
589 2125 849 2192 principes
910 2123 1246 2178 sacerdotum
1277 2125 1383 2176 siut
1415 2123 1632 2187 perinde
1672 2126 2002 2192 patriarcha,

495 2195 831 2261 metropolita
884 2204 933 2247 et
960 2194 1252 2265 rpiscopus,
1274 2209 1515 2265 quantum
1542 2195 1678 2246 inter
1708 2194 1826 2247 i‘los
1856 2196 2004 2265 αἱπε-

495 2265 687 2330 remia,
716 2272 765 2316 et
790 2265 1046 2333 quomodo
1077 2263 1215 2316 alius
1251 2263 1358 2316 aiio
1389 2264 1457 2316 sit
1493 2266 1734 2332 superior
1771 2266 1795 2317 ,ν

495 2379 687 2434 Gratia
719 2389 772 2433 et
804 2388 1073 2448 potestate
1104 2377 1380 2447 pontiﬁcis
1414 2378 1562 2433 nulla
1591 2379 1822 2434 interest
1849 2377 2007 2433 dilic-

422 2473 603 2526 rentia
643 2471 786 2526 inter
842 2470 1209 2542 patriarcham
1247 2481 1302 2525 ct
1357 2470 1760 2538 metropolitam
1788 2508 1803 2535 ,
1861 2471 2009 2525 inter

426 2554 832 2630 metropOlitam
867 2574 922 2615 et
961 2560 1304 2631 episcOpum.
1342 2560 1545 2615 Eadem
1583 2562 1729 2615 enim
1775 2560 2011 2630 quisque

427 2654 624 2707 horum
660 2652 857 2721 agitet
899 2661 1096 2722 potest.
1140 2650 1248 2707 Sed
1281 2652 1463 2722 quoad
1494 2651 1747 2708 ordinem
1781 2653 1926 2709 sedis
1957 2663 2013 2709 et

426 2742 808 2800 auctoritatem
857 2752 911 2798 et
965 2742 1234 2799 rationem
1293 2744 1655 2815 subjectionis
1709 2752 1764 2801 et
1820 2759 2009 2800 curam

392 2826 617 2893 eorum
662 2837 756 2908 qui
806 2836 909 2906 ipsi
952 2822 1371 2894 committuntur
1419 2838 1645 2908 regendi
1697 2840 2011 2909 patriarcha

428 2931 592 2986 Pater
619 2922 704 2986 est
733 2930 977 2990 omnium
1010 2941 1064 2986 et
1092 2938 1278 3001 caput,
1316 2931 1695 3001 metropolitas
1741 2943 1794 2987 ct
1829 2931 2014 2986 archi-

2106 1805 2200 1857 κα“ι
2234 1803 2380 1856 κατὰ
2405 1801 2542 1856 Θεοῦ
2579 1803 2952 1874 βλασφημεῖν.

2661 2007 3000 2061 ΕΡΩΤΗΣΙΣ
3033 2006 3160 2064 AE'.

2103 2123 2170 2177 Ei
2199 2120 2515 2193 ἀρχιερεὺς
2566 2123 2785 2188 ὁμοίως
2830 2123 3210 2193 πατριάρχης
3233 2124 3688 2193 ’μητροπολίτης

2178 2192 2372 2263 τεῌκιιὶ
2403 2194 2764 2263 ἐπίσκοπρς,
2794 2192 2918 2259 πῶς
2952 2195 3211 2263 διαφορὰ
3246 2192 3317 2249 ἐν
3337 2196 3531 2260 αὐτοῖς
3546 2211 3570 2260 ;
3590 2196 3690 2247 καὶ

2180 2260 2308 2329 πῶς
2336 2263 2617 2332 ὑπερέχει
2648 2255 2875 2327 εἷςῖτοῦ
2896 2255 3104 2332 ἓτέρού

2195 2376 2253 2427 Ὀ
2308 2377 2659 2447 πατριάρχης
2704 2378 3133 2449 μητροπολίτου,
3187 2379 3219 2449 ἢ
3284 2381 3686 2451 μητροπολίτης

2108 2466 2438 2530 ἐπισκόπου,
2472 2468 2617 2523 κατὰ
2647 2468 2811 2539 χάριν
2846 2470 2941 2521 καὶ
2975 2471 3263 2540 ἐνέργειαν
3290 2473 3389 2541 τῆς
3418 2474 3688 2542 ἀρχιερω-

2112 2554 2282 2625 σύνης
2311 2556 2571 2628 οὐδεμίαν
2593 2557 2710 2629 ἔχει
2731 2560 3020 2631 διαφοράν.
3053 2562 3134 2617 Τά
3160 2564 3303 2619 αὐτὰ
3345 2566 3455 2636 γὰρ
3479 2569 3694 2638 ἐνεργεῖ

2114 2647 2211 2702 καὶ
2236 2646 2464 2702 δύναται
2491 2649 2748 2713 ἕκαστος.
2780 2651 2938 2705 Κατὰ
2958 2650 3018 2705 δὲ
3046 2652 3147 2725 τὴν
3173 2653 3329 2720 τάξιν
3348 2656 3454 2727 τοῦ
3498 2658 3691 2730 θρόνου

2113 2743 2210 2797 καὶ
2234 2740 2335 2813 τὴν
2366 2742 2543 2814 ἀρχὴν
2575 2743 2668 2798 καὶ⁵
2701 2745 2793 2798 τὸν
2824 2745 2924 2813 τῆς
2957 2747 3238 2818 ὑποταγῆς
3262 2749 3440 2818 λόγον,
3475 2751 3570 2807 καὶ
3592 2752 3691 2822 τὴν

2113 2834 2195 2897 είς
2246 2834 2375 2899 τοὺς
2421 2834 2700 2903 ὑφάὑτὸν
2731 2835 3021 2901 τελοῦντας
3070 2838 3350 2908 πρόνοιαν,
3380 2842 3409 2895 ὁ
3438 2840 3538 2910 μὲν
3585 2859 3695 2896 πα-

2115 2926 2383 2997 τριάρχης
2412 2927 2605 2999 Πατήρ
2634 2929 2750 2984 ἐστι
2791 2930 3010 2986 πάντων
3054 2935 3149 2987 καὶ
3194 2934 3430 3005 κεφαλὴ,
3473 2936 3600 3000 τούς
3630 2954 3694 2991 τε

428 3022 721 3093 episcOpos
750 3021 1039 3088 ordinans,
1095 3032 1149 3077 et
1202 3021 1457 3092 judicans
1492 3038 1600 3078 una
1645 3038 1771 3078 cum
1826 3031 2013 3078 sancta

2122 3017 2527 3110 μητροπολίτας
2575 3020 2674 3075 καὶ
2718 3023 3187 3093 άρχιεπισκόπους
3237 3027 3563 3109 χειροτονῶνὶ
3600 3030 3697 3083 καὶ

429 3115 663 3186 synodo,
702 3113 808 3185 ipsi
854 3104 1106 3169 omnium
1156 3115 1578 3170 commissorum
1631 3129 1764 3170 cura
1795 3123 1881 3170 est
1916 3115 2013 3169 ha-

432 3208 634 3263 benda.
681 3205 886 3261 Deinde
934 3206 1284 3275 metropolita
1332 3217 1488 3278 pater
1539 3216 1624 3263 est
1681 3195 1904 3278 quoque
1960 3215 2015 3262 et

431 3308 598 3369 caput
621 3313 847 3353 suorum
883 3301 1268 3368 episcoporum
1293 3309 1347 3352 et
1371 3298 1698 3354 clericorum
1729 3315 1866 3370 quos
1900 3314 2017 3353 om-

435 3406 535 3444 nes
569 3389 811 3453 ordinat,
834 3398 884 3444 et
914 3390 1083 3444 totius
1110 3403 1224 3444 suae
1261 3391 1554 3457 provinciae
1582 3399 1633 3446 et
1670 3389 1932 3445 Dominus
1962 3400 2019 3445 et

440 3487 816 3558 ltispensator,
856 3501 1018 3556 quam
1053 3501 1175 3540 cum
1221 3486 1368 3540 oumi
1401 3486 1668 3554 scpientia
1704 3503 1891 3557 regere
1922 3488 2016 3542 tle-

435 3583 545 3636 hct.
581 3579 883 3650 Episcopus
912 3577 1147 3645 denique
1179 3587 1234 3633 et
1263 3577 1427 3633 Pater
1461 3586 1514 3633 et
1549 3587 1715 3649 caput
1740 3587 1825 3635 est
1858 3579 2021 3635 cleri-

435 3683 625 3725 corum
671 3667 1022 3724 et'laicorum
1080 3668 1137 3722 in
1192 3669 1414 3738 regione
1467 3668 1569 3739 ipsi
1604 3670 1898 3725 commissa
1927 3670 2020 3726 de-

439 3765 706 3835 gentium.
734 3761 905 3833 Igitur
935 3764 1241 3818 secundum
1274 3778 1523 3818 normam
1550 3764 1785 3834 desuper
1810 3779 1842 3819 e
1880 3763 2021 3819 caelo

441 3860 807 3912 constitutam
848 3863 904 3912 et
929 3856 1168 3912 divinam
1201 3855 1569 3914 obedientiam
1607 3857 1902 3928 episcopus
1941 3866 2024 3913 est

440 3950 675 4006 inferior
710 3950 1123 4021 archiepiscopo
1153 3965 1279 4017 suo,
1306 3961 1362 4006 et
1390 3951 1494 4022 ipsi
1526 3950 1938 4018 subordinatur,
1970 3959 2025 4006 et

442 4045 513 4099 ab
543 4044 662 4114 ipso
693 4043 973 4114 judicatur
1032 4044 1179 4100 sicut
1231 4053 1286 4100 et
1339 4045 1600 4114 episcopo
1657 4044 2027 4115 subjiciuntur

441 4137 564 4206 ejus
611 4136 794 4192 clerici
841 4145 899 4191 et
934 4136 1079 4192 laici.
1138 4136 1480 4206 Metropolita
1516 4151 1645 4191 vero
1697 4138 2028 4206 patriarcha

444 4228 639 4284 subest
666 4238 721 4283 et
750 4228 962 4300 synodo
990 4229 1085 4284 sed
1122 4245 1230 4283 non
1267 4228 1562 4299 subjicitur
1600 4230 1871 4300 episcopis
1916 4244 2030 4287 suae

442 4322 764 4390 provinciae.
809 4320 913 4376 Sed
959 4321 1273 4392 patriarcha
1311 4328 1467 4377 estne
1498 4321 1601 4377 sub
1644 4319 1837 4390 majori
1867 4334 2032 4392 syno-

445 4410 561 4465 do?
591 4409 756 4465 Certe
787 4412 1029 4480 quidem,
1063 4410 1182 4469 haec
1200 4410 1384 4466 omnia
1422 4418 1555 4467 sunt
1584 4410 1792 4482 optime
1822 4418 2026 4466 statuta
2057 4393 2106 4456 υ

445 4500 797 4556 ordinatione
851 4502 1162 4557 admirabili
1224 4511 1280 4557 et
1333 4502 1547 4560 caelesti
1610 4502 2028 4558 constitutione.

451 4591 843 4661 Unusquisque
868 4591 1031 4663 igitur
1053 4593 1279 4663 pulchre
1299 4594 1653 4650 constituitur
1670 4592 1774 4650 sub
1813 4592 2035 4663 regimi-

428 4699 523 4739 .ne
551 4697 740 4739 eorum
765 4699 795 4738 a
823 4685 1024 4754 quibus
1041 4684 1237 4755 accipit
1269 4686 1694 4743 ordinationem.
1717 4684 1795 4740 Ea
1828 4685 2035 4741 solum-

452 4778 616 4832 modo
647 4793 771 4849 qua:
803 4779 872 4834 ad
927 4778 1087 4835 ﬁdem
1142 4789 1429 4850 spectant,
1483 4788 1541 4833 ut
1594 4786 1724 4833 sunt
1775 4778 2035 4833 omnibus

453 4870 704 4926 ﬁdelibus
738 4872 1074 4939 communia,
1109 4873 1177 4927 ab
1204 4871 1465 4928 omnibus
1504 4880 1560 4925 et
1600 4868 1950 4940 patriarchis,
1982 4875 2037 4923 et

456 4964 889 5036 archiepiscopis
922 4975 976 5021 et
1008 4965 1286 5036 episcopis
1317 4965 1686 5019 communiter
1722 4960 2034 5032 approban-

458 5065 548 5109 tur
575 5064 629 5110 et
654 5063 992 5119 statuuntur,
1022 5056 1246 5112 decreto
1270 5054 1418 5124 quod
1447 5068 1513 5109 ex
1544 5051 1721 5107 sacris
1740 5050 2038 5121 Scripturis

454 5147 793 5212 desutnitur,
849 5160 902 5202 et
967 5149 1049 5203 sic
1127 5146 1517 5201 convenienter
1577 5143 2035 5200 determiuautur.

455 5238 702 5310 Quisque
748 5238 915 5310 igitur
967 5247 1185 5293 maneat
1228 5237 1284 5289 in
1330 5251 1431 5290 suo
1463 5235 1677 5290 ordine
1718 5237 1862 5292 sicut
1895 5245 1949 5291 et
1983 5238 2037 5292 in

423 5330 643 5387 -iutnro
673 5333 799 5395 erit,
824 5338 1059 5386 testante
1090 5329 1283 5394 Paulo,
1317 5327 1567 5397 apostolo
1598 5329 1965 5385 sanctissimo.

933 5440 1265 5506 QUESTIO
1322 5440 1562 5498 XXXVI.

462 5557 604 5612 Num
638 5557 831 5610 bouum
857 5570 920 5608 ac
947 5554 1279 5624 probandum
1311 5557 1381 5609 sit
1413 5538 1551 5626 quod
1604 5558 1831 5627 episcopi
1864 5558 2040 5627 {acul-

532 5639 691 5680 tutcm
721 5627 854 5685 dant
897 5627 1167 5697 unouno/iis
1197 5628 1542 5697 confessiones
1573 5640 1908 5697 peccatorum
1943 5645 2040 5681 au-

530 5698 730 5761 diendi,
764 5704 925 5766 atque
958 5695 1013 5746 hi
1073 5695 1189 5751 licet
1217 5695 1514 5752 sacerdows
1546 5695 1647 5752 non
1689 5700 1817 5764 sint,
1844 5701 2041 5766 promi-

436 5820 445 5826 ,
535 5783 658 5819 scue
691 5764 997 5817 benedicunt
1027 5777 1076 5817 et
1111 5770 1386 5824 remittunt
1416 5783 1628 5838 peccata
1651 5773 1676 5823 .’

432 5910 447 5917 μ
541 5861 651 5927 Ego
709 5872 925 5927 quinque
988 5860 1201 5928 audivi,
1260 5865 1349 5934 qui
1428 5866 1577 5920 lict-et
1640 5874 1697 5918 ut
1755 5862 2039 5917 ιιιοιιςιι·1ιίε

2121 3109 2434 3179 ἀνακρίνων
2478 3111 2577 3165 σὺν
2606 3114 2675 3185 τῇ
2704 3115 2827 3187 ἱερᾷ
2855 3116 3078 3188 συνόδῳ,
3114 3121 3208 3173 καὶ
3235 3106 3453 3174 πάντων
3480 3104 3699 3191 φροντί-

2121 3202 2237 3268 ζειν
2270 3203 2503 3272 ὀφείλων
2542 3206 2650 3260 τῶν
2678 3207 2771 3260 ὑπ’
2799 3208 2982 3263 αὐτόν.
3020 3210 3081 3264 Ὀ
3108 3209 3167 3264 δέ
3194 3227 3258 3281 γε
3287 3212 3696 3285 μητροπολίτης

2124 3297 2313 3367 Πατήρ
2345 3299 2464 3351 ἐστι
2497 3299 2662 3353 πάλιν
2692 3301 2788 3354 καὶ
2814 3301 3024 3373 κεφαλὴ
3050 3302 3160 3358 τῶν
3193 3303 3505 3359 ἐπισκόπων
3531 3306 3695 3361 αὐτοῦ

2124 3391 2221 3443 καὶ
2246 3376 2356 3442 τῶν
2388 3384 2688 3460 κληρικῶν,
2727 3392 2977 3458 ἅπαντας
3018 3397 3360 3467 χειροτονῶν,
3393 3398 3487 3451 καὶ
3520 3400 3700 3469 πάσης

2125 3481 2225 3550 τῆς
2269 3482 2465 3537 ἑαυτοῦ
2493 3483 2768 3555 ἐπαρχίας
2800 3486 2986 3557 ἄρχων
3016 3505 3077 3541 τε
3117 3490 3210 3543 καὶ
3236 3489 3535 3562 διοικητὴς,
3564 3484 3700 3545 ταύ-

2126 3592 2226 3641 την
2258 3575 2437 3641 κιλῶς
2469 3576 2701 3646 ὀφείλων
2724 3579 3049 3650 οἰκονομεῖν.
3092 3582 3151 3636 '0
3181 3582 3238 3637 δέ
3271 3600 3334 3652 γε
3376 3586 3698 3651 ἐπίσκοπος.

2108 3666 2329 3751 Πατήρ,
2362 3683 2422 3722 τε
2458 3670 2551 3722 καὶ
2581 3670 2791 3741 κεφαλὴ
2827 3674 2935 3725 τῶν
2978 3674 3257 3746 κληρικῶν
3289 3692 3349 3729 τε
3381 3678 3472 3730 καὶ
3498 3678 3703 3732 λαῖκῶν

2128 3759 2236 3814 τῶν
2259 3760 2365 3814 ὑπὸ
2392 3760 2494 3828 τὴν
2524 3762 2738 3832 ὲνορίαν
2762 3763 2948 3820 αὑτοῦ.
2976 3766 3086 3820 Καὶ
3116 3768 3412 3830 ἐπίσκοπος
3436 3770 3536 3840 μὲν
3565 3771 3704 3825 κατὰ

2129 3849 2228 3919 τὴν
2261 3850 2470 3905 ἄνωθεν
2506 3852 2758 3922 οὐράνιον
2789 3853 2945 3919 τάξιν
2975 3873 3033 3909 τε
3066 3861 3157 3910 καὶ
3185 3858 3453 3930 ὑπακοὴν,
3479 3862 3704 3916 ὑπόκει-

2129 3943 2319 4012 ταιτῷ
2345 3942 2764 4015 ἁρχιεπισκὸπῳ
2790 3945 2979 4013 αὐτοῦ,
3012 3951 3107 4004 καὶ
3136 3950 3501 4007 ὑποτάσσεται
3533 3952 3702 4024 αὐτῷ,

2134 4036 2233 4090 καὶ
2258 4038 2505 4108 κρίνεται
2533 4035 2625 4090 ὑπ’
2647 4037 2838 4103 αὐτοῦ,
2856 4039 2932 4103 ὡς
2955 4042 3048 4094 καὶ
3074 4043 3178 4097 ὑπὸ
3201 4043 3296 4097 τοῦ
3331 4045 3628 4099 ἐπισκόπου
3653 4046 3703 4099 oi

2108 4130 2387 4211 ¹ιιληρικοὶ
2437 4131 2603 4187 αὐτοῦ
2654 4151 2713 4187 τε
2762 4133 2857 4186 καὶ
2888 4133 3084 4189 λαῖκοί.
3123 4134 3180 4189 ⁸0
3220 4136 3620 4206 μητροπολίτης
3648 4136 3704 4190 δὲ

2136 4221 2241 4275 ὑπὸ
2271 4222 2364 4275 τοῦ
2397 4225 2739 4297 πατριάρχου
2796 4212 2892 4279 καὶ
2930 4225 3044 4294 ,τῆς
3095 4227 3336 4292 συνόδου,
3375 4228 3435 4280 οὐ
3464 4228 3571 4299 μὴν
3601 4227 3705 4282 ὑπὸ

2135 4310 2244 4365 τῶν
2280 4313 2593 4369 ἐπισκόπων
2626 4315 2813 4369 αὐτοῦ.
2854 4315 2917 4368 '0
2970 4317 3316 4388 πατριάρχης
3361 4317 3419 4370 δὲ
3462 4318 3567 4370 ὑπὸ
3611 4321 3707 4387 τῆς

2134 4405 2378 4478 μεγάλης
2403 4408 2659 4475 συνόδους
2688 4410 2799 4463 Καὶ
2823 4409 2994 4475 δντως
3018 4411 3190 4466 ταῦτα
3215 4412 3358 4466 κατὰ
3387 4413 3539 4467 θείαν
3570 4414 3708 4466 εἰσὶν

2110 4496 2392 4564 ἐὐταξίαν
2421 4514 2481 4551 τε
2517 4499 2612 4552 καὶ
2643 4500 2979 4555 κατάστασιν
3013 4502 3112 4574 τὴν
3143 4502 3413 4573 οὐράνιον.
3443 4503 3712 4567 Ἕκαστος

2135 4587 2245 4658 γὰρ
2273 4590 2364 4659 ὑφ’
2388 4583 2464 4643 ὧν
2674 4588 3079 4663 χειροτονεῖται,
3103 4594 3476 4649 διευθετεῖται.
3511 4597 3589 4649 Τά
3614 4597 3713 4664 τῆς

2137 4680 2373 4744 πίστεως
2400 4682 2457 4736 δὲ
2491 4684 2628 4752 μόνα
2654 4683 2730 4747 ὡς
2760 4685 2917 4739 κοινὰ
2965 4687 3099 4739 πᾶσι
3132 4690 3359 4751 πιστοῖς.
3399 4689 3549 4757 παρὰ
3578 4688 3712 4741 πάν-

2137 4789 2249 4828 των
2285 4775 2643 4848 πατριαρχῶν
2673 4793 2735 4831 τε
2769 4780 2864 4831 καὶ
2891 4780 3340 4850 ἀρχιεπισκόπων
3370 4783 3462 4835 καὶ
3493 4783 3712 4836 ἐπισκό-

2141 4885 2261 4921 πων
2298 4870 2495 4933 κοινῶς
2529 4869 2914 4940 δοκιμάζεται,
2946 4873 3043 4926 atati.
3070 4873 3170 4942 τὴν
3204 4873 3481 4943 ἀπόφασιν
3512 4876 3576 4927 ὲκ
3607 4874 3711 4927 τῶν

2140 4959 2301 5014 θείων
2343 4960 2575 5032 Γραφῶν
2620 4962 2857 5032 δέχεται.
2887 4965 2982 5020 καὶ
3028 4966 3416 5036 προσηκόντως
3447 4967 3706 5035 ὁρίζεται.

2141 5053 2414 5119 Ἕκαστος
2442 5049 2538 5109 οὖν
2569 5056 2779 5118 μενέτω
2821 5057 2878 5111 ἐν
2912 5057 2988 5126 τῷ
3018 5059 3207 5128 οἰκείῳ
3233 5059 3492 5129 τάγματι.
3524 5059 3596 5120 ὠς
3623 5059 3717 5111 καὶ

2142 5149 2200 5201 ὲν
2257 5147 2334 5218 τῷ
2394 5148 2640 5217 μέλλοντι
2687 5148 2864 5214 ἔσται,
2916 5148 3061 5205 καθὰ
3107 5151 3318 5214 Παῦλος
3360 5153 3634 5222 μαρτυρεῖ
3682 5153 3711 5204 ὁ

2141 5238 2439 5305 θειότατος.

2687 5445 3021 5500 crurum
3055 5449 3188 5515 Αςν.

2157 5563 2376 5633 Ἀρχιε]
2393 5560 2481 5626 εἷς
2512 5561 2724 5633 ἄδειαν
2753 5560 2996 5633 δίδουσι
3036 5560 3350 5633 μογαχοῖς,
3390 5559 3719 5633 λογισμοὺς

2214 5632 2497 5698 δέχεσθαι
2518 5648 2532 5662 ·
2590 5631 2647 5683 at
2696 5630 2792 5683 καὶ
2830 5633 3007 5699 χωρὶς
3037 5629 3366 5701 immanium
3396 5629 3721 5701 ερλογοῦσι

2217 5702 2311 5822 25:2
2343 5701 2769 5770 συγχωροῦσιν
2815 5698 3171 5771 dormiam.
3202 5699 3342 5769 'Apu
3372 5699 3548 5753 τοῦτο
3576 5698 3720 5767 ἀγα-

2292 5786 2367 5822 νε

2226 5864 2533 5941 "iisetiam:
2589 5864 2779 5935 κάμοὶ,
2821 5863 2897 5930 ὡς
2930 5868 3182 5934 μοναλοῖς
3242 5863 3476 5929 ἰδιώταις
3527 5863 3719 5919 δίδοται
