4118 6444
423 385 530 453 885

1151 398 1544 464 RESPONSA
1578 403 1678 464 AD
1714 402 2166 464 GABRIELEM
2192 405 2920 468 PENTAPOLITANUM.
3011 410 3052 454 ο

3562 403 3668 463 885

421 509 554 580 παρ’
587 510 890 581 ἀρχιερέων
926 513 985 568 τὸ
1009 514 1302 589 λογισμοὺς
1329 519 1600 590 δέχεσθαι,
1635 520 1777 590 Ἐγὼ
1808 522 1864 576 δὲ
1893 524 1988 576 καὶ

2103 522 2276 577 idiotis
2311 541 2340 578 a
2393 524 2741 592 pomiﬁcibus
2779 523 3169 580 concederetur
3203 521 3394 576 audire
3427 522 3668 576 rationes

422 601 555 672 πρὶν
579 602 735 672 ἔφην,
771 605 865 659 καὶ
908 605 1003 662 νῦν
1042 608 1184 678 λέγω
1215 610 1445 681 γνώμην
1473 613 1634 681 ἐμὴν,
1679 613 1774 667 καὶ
1801 614 1988 684 θαρρῶ

421 692 532 745 τῶν
562 695 821 764 Πατέρων
851 692 992 751 εῖναι
1019 713 1034 730 ο
1071 699 1146 763 ὡς
1172 701 1269 770 τῆς
1306 701 1606 771 ἱερωσύνης
1645 703 1800 757 τοῦτο
1827 705 1988 775 ἔργον

421 787 563 852 ἐστὶ,
592 789 685 839 καὶ
716 788 846 857 παρ’
870 788 1171 859 ἀρχιερέων
1214 793 1307 845 καὶ
1334 792 1525 862 ἱερέων
1565 797 1670 862 χρὴ
1704 796 1863 847 τοῦτο
1907 795 1988 848 διο

421 876 786 946 ενεργεῖσθαι.
827 879 1090 948 Οὐδαμῶς
1125 881 1183 934 δὲ
1217 882 1373 935 τοῦτο
1398 884 1528 954 παρ’
1560 885 1802 949 ἱδιωτῶν,
1835 887 1883 938 εἱ
1914 888 1987 954 μή

424 982 528 1018 που
554 968 768 1035 ἀνάγκη
795 984 880 1032 τις
920 969 996 1039 μὴ
1015 969 1166 1036 ὄντος
1192 972 1381 1041 ἱερέως
1412 973 1667 1044 βιάσηται
1697 975 1992 1046 ἐνεργῆσαι

424 1059 520 1109 καὶ
581 1059 816 1129 μοναχὸν
864 1061 1068 1114 ἐνδόσει
1116 1063 1438 1133 ἀρχιερέως.
1474 1065 1673 1136 εὐλαϐῆ
1717 1066 1868 1132 ὄντα,
1901 1069 1995 1123 καὶ

423 1148 622 1218 νόμους
683 1151 862 1204 εἱδότα
917 1151 1075 1219 Θεοῦ,
1126 1155 1250 1217 τοὺς
1306 1154 1484 1222 ἱερούς
1540 1172 1686 1224 φημι
1740 1159 1991 1224 κανόνας.

425 1238 571 1308 Πλὴν
599 1237 740 1292 ὥστε
770 1240 930 1310 μόνον
961 1241 1215 1305 δέξασθαι
1240 1242 1555 1311 λογισμοὺς,
1587 1243 1673 1295 ἵνα
1698 1243 1994 1314 ἀναγγείλῃ

424 1328 502 1398 σιῷ
535 1330 838 1401 ἐπισκόπῳ,
869 1333 901 1401 ἢ
937 1332 1022 1406 ἵνα
1063 1334 1314 1404 διακρίνῃ
1346 1335 1452 1386 τῶν
1483 1333 1817 1404 ψυχωφελῶν
1844 1352 1896 1388 τι
1919 1335 1996 1403 τῷ

429 1419 706 1488 ζητοῦντι,
734 1423 795 1473 ού
830 1423 936 1492 μὴν
955 1422 1093 1474 ὥστε
1121 1425 1476 1493 συγχωρῆσαι
1517 1425 1614 1476 καὶ
1645 1424 1825 1478 λῦσαι.
1859 1427 1920 1478 Εἰ
1950 1426 1997 1478 δ’

426 1504 545 1570 οὖν,
567 1503 720 1569 οὗτος
748 1510 899 1563 ἔσται
930 1511 1021 1564 καὶ
1045 1512 1340 1580 ἱερουργῶν
1367 1511 1665 1579 ἱερωσύνης
1689 1513 1876 1581 χωρὶς,
1903 1514 1999 1566 καὶ

428 1594 731 1662 βαπτίζων,
766 1601 859 1652 καὶ
899 1597 1156 1666 εὐλογῶν,
1190 1600 1280 1652 καὶ
1324 1600 1392 1653 τὰ
1435 1599 1599 1652 λοιπὰ
1634 1601 1824 1665 ποιῶν,
1860 1602 1996 1671 ὅπερ

425 1689 529 1755 τῆς
562 1689 889 1759 Ἐκκλησὶας
913 1691 1212 1761 ἀλλότριον.

2097 616 2424 676 animarum,
2463 615 2571 682 Ego
2601 615 2746 668 enim
2781 626 2937 668 antea
2973 613 3082 668 dixi
3118 621 3176 688 et
3215 627 3358 666 nunc
3389 613 3514 666 dico
3539 615 3670 680 quiti

2097 704 2350 767 sentiam,
2383 714 2436 758 et
2467 705 2682 759 conﬁdo
2705 707 2845 770 quod
2882 705 3020 759 idem
3041 704 3280 758 sentiant
3311 705 3522 757 Patres.
3558 702 3674 759 Hoc

2100 801 2275 849 totum
2303 810 2441 863 opus
2476 805 2560 849 est
2591 795 2888 850 sacerdotii
2921 796 3199 864 preprium
3237 795 3376 864 quod
3423 811 3452 848 a
3489 796 3670 863 ponti-

2097 886 2291 941 ﬁcibus
2346 897 2442 942 aut
2495 888 2874 943 sacerdoﬁbus
2932 895 3152 956 Oportet
3220 890 3501 950 exerceri,
3563 903 3672 943 non

2099 985 2282 1032 autem
2335 979 2404 1034 ab
2451 979 2660 1035 idiotis.
2717 978 2776 1034 Si
2819 994 3059 1049 unquam
3120 979 3299 1049 aliqua
3351 982 3673 1042 necessitas,

2099 1068 2386 1124 deﬁciente
2437 1071 2744 1138 sacerdote,
2776 1079 2936 1141 cogat
2977 1072 3304 1126 monachum
3347 1072 3412 1125 ad
3449 1073 3498 1123 id
3531 1087 3682 1124 cxer-
3783 1054 3788 1061 ’

2099 1160 2355 1224 cendum,
2389 1162 2462 1218 sit
2489 1163 2786 1228 discretus,
2819 1174 2874 1219 et
2907 1165 3164 1232 prudens,
3201 1177 3248 1218 el
3282 1165 3448 1233 probe
3477 1181 3681 1234 gnarus

2099 1248 2276 1318 legum
2303 1249 2416 1317 Dei,
2463 1262 2771 1308 sanctormn
2796 1255 2920 1308 uico
2971 1270 3270 1308 canonum.
3305 1253 3409 1308 Sed
3448 1255 3515 1306 ita
3547 1255 3682 1309 tah-s

2102 1340 2342 1394 rationes
2392 1343 2494 1396 sibi
2548 1345 2858 1399 tueminerit
2895 1346 3219 1400 connnissas
3256 1356 3314 1400 ut
3366 1345 3682 1400 illas-dein-

2101 1444 2232 1500 ceps
2266 1430 2384 1500 ipse
2415 1434 2605 1487 credat
2653 1436 2933 1504 episcopo,
2980 1437 3060 1490 vel
3101 1436 3434 1505 ut~qnaedam
3487 1437 3683 1488 anima:

2101 1520 2401 1589 profutura
2444 1524 2802 1595 interroganti
2862 1524 3080 1595 praestet
3150 1529 3386 1582 discrete
3450 1525 3678 1589 referre,

2101 1611 2326 1668 minime
2379 1629 2507 1669 vero
2543 1625 2602 1670 ut
2651 1618 2923 1671 condonet
2975 1627 3029 1670 ct
3063 1617 3330 1674 absolvat.
3368 1618 3464 1672 Sin
3506 1617 3682 1680 aliter,

2100 1698 2195 1754 ille
2227 1705 2530 1760 sacerdotis
2559 1722 2758 1762 munus
2792 1707 3090 1765 exercebit.
3125 1709 3482 1764 sacerdotalis
3523 1714 3678 1776 pote-

427 1786 583 1840 statis
639 1800 852 1855 expers,
912 1787 1218 1856 baptizans,
1273 1787 1623 1844 benedicens.
1674 1797 1730 1842 et
1779 1797 1972 1843 cartera
2041 1806 2254 1862 agens:
2317 1800 2463 1866 quod
2515 1809 2598 1855 est
2651 1801 2842 1857 usibus
2892 1800 3170 1867 _ECclesi2e
3236 1800 3459 1857 omnino
3503 1808 3684 1856 extra-

427 1892 611 1935 DCIIII].

969 2019 1302 2070 ΕΡΩἸΊΙΣΙΣ
1330 2019 1453 2072 ΛΖ¹.

432 2137 530 2206 τις
559 2139 596 2205 ἡ
625 2135 878 2206 διαφορὰ
905 2136 1242 2206 ἐπισκόπου
1283 2133 1319 2193 ἢ
1350 2133 1700 2206 ἱερέωςςῃκαὶ
1735 2133 1892 2206 atati
1931 2139 2001 2206 οι)

497 2203 829 2338 ἒιροτρνεῖ
852 2203 1065 2271 ἱερεὺς,
1093 2204 1220 2255 ἐπεὶ
1271 2204 1608 2271 λειτουργεῖ
1652 2205 1746 2256 καὶ
1781 2203 2000 2266 ﬂant!-

561 2296 576 2331 ι
605 2293 624 2338 ἶ

561 2293 624 2340 εἴ

497 2392 744 2459 Διάφορά
772 2391 877 2442 εἱσι
907 2388 999 2441 τοῦ
1037 2390 1350 2456 llas-Suam;
1384 2388 1452 2440 τὰ
1479 2389 1812 2457 χαρίσματα,
1845 2389 1936 2440 καὶ
1958 2383 2001 2455 ᾧ

431 2485 530 2554 μὲν
559 2485 755 2538 δίδοται
783 2483 958 2546 τοῦτο,
1053 2482 1108 2534 δὲ
1137 2483 1313 2534 ἐκεῖνο
1341 2480 1402 2532 τὸ
1435 2481 1703 2549 χάρισμα.
1735 2482 1917 2534 Πάντα
1945 2482 2001 2534 δὲ

426 2579 601 2629 ταῦτα
649 2579 862 2645 ἐνεργεῖ
907 2577 966 2628 τὸ
1015 2576 1071 2627 ἓν
1109 2577 1201 2626 καὶ
1245 2574 1307 2626 τὸ
1355 2573 1487 2625 αὐτὸ
1521 2574 1761 2641 Πνεῦμα,
1795 2574 1868 2636 ὡς
1914 2575 2004 2641 γέ-

427 2684 693 2736 γραπται.
743 2669 848 2718 Καὶ
875 2665 967 2727 οὓς
1001 2666 1099 2734 μὲν
1126 2665 1277 2718 ἔθετο
1303 2667 1330 2718 ὁ
1363 2665 1491 2726 Θεὸς
1524 2667 1581 2717 ὲν
1611 2668 1676 2733 τῇ
1707 2663 2002 2732 Ἐκκλησία

427 2761 646 2831 πρῶτον
704 2760 1053 2822 ἀποστόλους,
1116 2759 1365 2828 δεύτερον
1427 2758 1734 2828 προφήτας,
1780 2758 1875 2810 καὶ
1933 2757 2016 2810 τὰ·

428 2852 574 2921 ἑξῆς.
615 2852 779 2904 Ὀοεν
806 2853 833 2903 ὁ
865 2850 963 2920 μέν
999 2852 1148 2903 ἐστιν
1189 2850 1576 2918 ἀναγινώσκων
1616 2848 1694 2917 τῷ
1723 2847 1856 2916 λαῷ,
1890 2847 1918 2898 ό
1946 2846 2000 2900 δὲ

427 2946 728 3014 ὑπηρέτης,
761 2945 789 2996 ό
821 2942 875 2994 δὲ
917 2943 1185 3005 διάκονος,
1220 2941 1278 3004 ὃς
1322 2942 1416 2993 καὶ
1447 2939 1820 3010 λειτουργικὸς
1851 2939 2002 3009 παρὰ

427 3037 504 3104 τῷ
541 3036 668 3101 θείῳ
692 3035 938 3088 καλεῖται
970 3035 1252 3102 Διονυσίῳ.
1297 3033 1356 3086 '0
1382 3031 1438 3084 δὲ
1467 3031 1666 3102 ἱερεὺς,
1690 3031 1748 3094 ὃς
1784 3031 1880 3084 καὶ
1910 3049 2001 3084 τεο

427 3129 677 3190 λεστικὺς
708 3127 948 3192 λέγεται,
986 3125 1062 3187 ὼς
1113 3125 1278 3194 μέχρι
1311 3123 1498 3176 τούτου
1549 3123 1609 3176 τὸ
1656 3123 1750 3187 τὰς
1780 3122 2002 3187 τελετὰς

432 3219 674 3288 ἐνεργεῖν
708 3216 1026 3285 δυνάμενος,
1061 3214 1121 3265 οὐ
1170 3213 1510 3280 μεταδιδόναι
1540 3212 1594 3264 δὲ
1629 3211 1896 3280 χάρισμα.
1943 3209 2000 3264 Ὁ

427 3307 487 3360 δέ
525 3309 670 3361 ἐστιν
704 3306 988 3374 ἱεράρχης,
1025 3304 1097 3366 ὡς
1138 3306 1205 3355 τὰ
1237 3304 1357 3371 ἱερὰ
1384 3304 1477 3354 καὶ
1502 3301 1622 3355 οεΐα
1653 3303 1827 3354 πάντα
1853 3303 2069 3399 ὲνερ-(Σ

428 3402 546 3467 γεῖν
571 3401 890 3468 δυνάμενος,
919 3401 1012 3450 καὶ
1046 3394 1397 3463 μεταδοτικὸς
1429 3394 1634 3447 τούτων
1662 3393 1755 3447 ὧν.
1791 3394 1879 3445 Διὸ
1906 3395 1999 3446 καὶ

429 3492 756 3559 φωτιστικὺς
808 3489 1154 3557 ὀνομάζεται,
1205 3489 1278 3549 ὡς
1333 3489 1389 3538 ἐν
1436 3486 1614 3556 ἑαυτῷ
1666 3487 1762 3554 τὴν
1815 3485 2000 3556 πηγὴν

392 3582 566 3651 ’ἔχων
621 3582 730 3634 τῶν
778 3583 1141 3648 φωτισμάτων
1191 3580 1288 3643 τὴν
1315 3578 1662 3646 τελειοτάτην
1709 3578 1889 3646 χάριν,
1924 3577 1999 3638 ὠς

427 3676 520 3728 καὶ
549 3675 576 3726 ὀ
610 3673 796 3740 Σωτὴρ
823 3671 978 3724 τοῦτο
1006 3671 1133 3740 περὶ
1163 3687 1218 3720 τε
1257 3669 1449 3722 ἑαυτοῦ
1483 3668 1584 3738 ἔφη
1612 3669 1706 3720 καὶ
1735 3669 1858 3738 περὶ
1892 3667 1997 3721 τῶν

427 3766 592 3818 αὑτοῦ
629 3764 908 3834 μαθητῶν.
945 3763 1115 3824 Αὐτὸς
1151 3761 1251 3843 μὲν
1294 3760 1388 3813 καὶ
1417 3759 1747 3828 σωματικῶς
1780 3761 1838 3809 τὸ
1866 3759 1999 3827 πλή-

432 3861 591 3925 ρωμα
623 3854 770 3908 ἆτιαν
802 3857 899 3922 τῆς
931 3854 1182 3922 θεότητος
1215 3851 1375 3920 ἔχων,
1417 3853 1466 3902 οἱ
1500 3849 1740 3918 μαθηταὶ
1771 3845 1999 3901 δὲ’κατὰ

393 3965 396 3970 ·
432 3947 667 4016 μετοχὴν
694 3946 857 3998 αὑτοῦ
882 3947 949 3997 τὰ
976 3943 1310 4014 χαρίσματα.
1339 3942 1430 3994 Διὸ
1454 3942 1548 3995 καὶ
1579 3941 1719 4008 Ἐγὼ
1745 3943 1999 4010 εἰμι,φη-

429 4040 504 4098 ui,
555 4037 615 4089 τὸ
666 4036 783 4105 φῶς
837 4036 932 4088 τοῦ
988 4036 1219 4104 κόσμου.
1277 4035 1385 4087 Καὶ
1436 4033 1550 4094 τοῖς
1594 4032 1865 4102 μαθηταῖς
1917 4031 1996 4096 δὲ,

397 4139 400 4142 ’
434 4148 453 4180 ι
493 4129 678 4198 Ὑμεῖς
700 4131 818 4182 ἐστι
847 4125 907 4180 τὸ
937 4127 1049 4194 φῶς
1069 4127 1162 4179 τοῦ
1189 4126 1421 4196 κόσμου.
1455 4144 1473 4177 ι
1508 4125 1584 4176 Δι’
1609 4123 1787 4178 αὐτῶν
1817 4123 2000 4176 τοίνυν

427 4223 522 4273 καὶ
574 4219 684 4272 τῶν
735 4216 992 4286 διαδόχων
1035 4218 1213 4271 αὐτῶν
1260 4217 1367 4270 τῶν
1401 4215 1726 4285 ἀρχιερέων,
1763 4215 1796 4284 ὴ
1840 4211 2001 4282 χάρις

427 4312 502 4373 ὡς
537 4311 652 4380 φῶς
691 4313 801 4372 τοῖς
842 4313 978 4366 πᾶσι
1015 4309 1449 4380 μετοχετεύεται.
1486 4309 1549 4361 ΟΞ
1582 4306 1638 4360 δὲ
1681 4308 1843 4378 ἱερεῖς
1871 4305 1999 4358 ταύ-

428 4420 527 4470 την
561 4403 658 4473 τὴν
688 4404 848 4474 χάριν
901 4405 1000 4457 οὐκ
1042 4402 1282 4471 ἔχουσιν,
1313 4399 1450 4454 ἀλλὰ
1499 4400 1660 4467 μόνον
1693 4397 1999 4468 ἱερουργεῖν

432 4493 682 4564 ἰσχύουσι
719 4496 809 4547 καὶ
836 4494 1140 4564 βαπτίζειν.
1177 4492 1284 4546 Καὶ
1318 4489 1490 4544 ταῦτα
1537 4490 1592 4542 δὲ
1619 4491 1786 4560 χωρὶς
1816 4491 1999 4559 ἀρχιε-

2581 2026 2906 2094 ΟΠᾸΕΞΊΊΟ
2939 2027 3199 2082 XXXVII.

2107 2141 2364 2204 ancnam
2394 2143 2687 2210 tliﬂ'erentt'a
2723 2143 2864 2195 inter
2884 2143 3188 2210 episcopum
3221 2157 3269 2196 et
3333 2142 3708 2198 sacerdotem?

2176 2222 2223 2264 et
2258 2227 2420 2279 quare
2448 2228 2548 2264 non
2577 2214 2782 2264 ordinet
2832 2213 3099 2275 sacerdos,
3128 2214 3226 2265 etsi
3245 2229 3448 2265 sacrant
3471 2212 3688 2268 Cwnam

2177 2281 2403 2333 celebrat
2436 2298 2498 2332 ao
2531 2282 2762 2346 baptizat
2784 2282 2810 2334 ?

3664 2146 3692 2182 9

2176 2392 2334 2447 Varia
2392 2404 2518 2448 sunt
2577 2397 2752 2447 sant-li
2810 2393 3064 2463 Spiritus-
3100 2395 3457 2451 charismata.
3510 2395 3685 2447 etilli

2103 2487 2324 2555 quidem
2371 2485 2516 2541 dedit
2561 2487 2718 2561 illud,
2771 2486 2896 2539 huic
2927 2495 3105 2539 autem
3138 2487 3238 2538 hoc
3281 2486 3556 2538 charisma
3579 2486 3686 2536 de-

2103 2576 2250 2632 dit...
2288 2576 2412 2630 Huic
2446 2588 2624 2630 autem
2665 2579 2845 2631 omnia
2878 2587 3139 2645 operatur
3177 2591 3318 2629 unus
3350 2585 3510 2644 atque
3539 2576 3702 2629 idrnr»

2105 2665 2362 2734 Spiritus,
2420 2676 2476 2719 ut
2537 2668 2798 2736 scriptum
2847 2678 2930 2720 cst
2961 2668 3026 2719 ".
3074 2686 3089 2716 ι
3127 2668 3190 2719 Ει
3237 2668 3500 2734 quosdam
3561 2668 3682 2734 qui.-

2104 2759 2222 2812 dem
2275 2760 2455 2829 posuit
2512 2758 2656 2813 Dens
2708 2759 2762 2812 in
2806 2759 3047 2814 Ecclesia
3109 2761 3341 2828 primum
3383 2757 3682 2826 apostolos,

2103 2850 2346 2906 secundo
2395 2853 2715 2920 prophetas,
2755 2869 2773 2902 ι
2831 2860 2884 2904 et
2946 2863 3161 2906 cratera.
3225 2847 3377 2903 Unde
3458 2848 3680 2918 quidem

2102 2951 2228 2997 sunt
2285 2941 2474 3006 lector,
2537 2942 2932 3007 Subdiaconus,
2980 2941 3270 3003 diaconus,
3305 2940 3394 3008 qui
3436 2954 3465 2993 a
3495 2938 3684 2992 divino

2103 3034 2366 3104 Dionysio
2407 3043 2631 3089 vocatur
2687 3034 2975 3101 Iiturgicus
3049 3033 3412 3095 administer,
3475 3041 3530 3085 et
3591 3047 3680 3085 sar

2107 3105 2348 3190 certius,
2412 3126 2502 3194 qui
2583 3137 2636 3179 et
2690 3125 3075 3194 mysteriorum
3137 3124 3382 3177 initiatus
3436 3122 3698 3177 minister»

2103 3217 2343 3281 dicitur,
2406 3216 2533 3284 quin
2596 3216 2745 3270 solus
2813 3217 2933 3270 sine
3004 3216 3232 3269 diacono
3291 3215 3508 3282 operari
3580 3229 3680 3281 po-

2106 3317 2209 3362 test
2259 3308 2614 3363 cmremonias
2667 3308 3094 3377 mysteriorum,
3140 3320 3246 3358 non
3314 3322 3442 3360 vero
3498 3307 3683 3361 ιὶἰειιὶτ

2106 3401 2272 3454 huere
2306 3399 2675 3464 charismata;
2731 3405 2812 3453 est
2864 3399 3005 3452 cnim
3045 3400 3330 3453 hicrarcha
3377 3401 3468 3467 qui
3503 3401 3682 3452 omnia

2103 3499 2292 3542 sancta
2325 3488 2617 3556 divinaque
2652 3504 2814 3557 agere
2851 3499 3050 3556 potest,
3105 3499 3170 3543 et'
3208 3492 3398 3542 eadem
3456 3491 3684 3558 insuper

2100 3577 2504 3631 communicare
2543 3579 2756 3632 caeteris
2792 3596 2805 3630 :
2840 3593 3010 3648 quare
3048 3580 3272 3648 insuper
3305 3582 3683 3654 vocat-uiriliu-

2101 3668 2340 3729 minans,
2378 3677 2558 3738 ulpote
2580 3669 2633 3721 in
2667 3668 2848 3736 seipse
2885 3669 3092 3724 habens
3122 3671 3384 3725 doctrinae
3408 3681 3461 3724 et
3483 3674 3684 3738 plenis-

2102 3758 2254 3824 simae
2287 3773 2348 3811 ac
2382 3753 2798 3825 perfectissimae
2830 3760 3013 3828 gratia:
3043 3758 3270 3824 fontem,
3306 3761 3375 3814 ita
3409 3771 3458 3812 nl
3493 3762 3682 3815 Salva-

2103 3857 2187 3902 tor
2216 3849 2358 3918 quod
2406 3849 2474 3902 de
2503 3850 2684 3920 seipse
2726 3849 2940 3903 diccbat
2975 3850 3116 3905 idem
3152 3849 3218 3904 dc
3250 3852 3533 3918 discipulis
3567 3856 3681 3906 suis

2101 3939 2466 3996 aﬁirtnaVerit.
2520 3940 2783 4007 Quamvis
2839 3941 2892 3995 in
2947 3941 3064 4012 ipso
3117 3943 3480 4010 corporaliter
3533 3954 3683 3997 esset

2103 4031 2386 4102 plenitudo
2419 4032 2723 4088 divinitatis
2772 4043 2827 4088 et
2857 4033 2974 4101 ejus
3007 4034 3261 4104 discipuli
3307 4036 3685 4089 communica-

2101 4125 2305 4180 tionem
2337 4135 2544 4180 tantum
2579 4125 2844 4181 haberent
2873 4125 3116 4196 ejusdem
3161 4143 3253 4196 per
3289 4128 3682 4182 charismatum

2103 4215 2268 4271 dona.
2319 4216 2394 4270 De
2450 4215 2630 4286 seipso
2675 4217 2808 4271 dicit
2839 4233 2852 4270 :
2883 4217 2995 4288 Ego
3045 4233 3166 4272 sum
3230 4219 3323 4272 lux
3376 4218 3558 4271 mundi
3598 4219 3683 4284 ’3;

2103 4304 2387 4375 discipulis
2447 4315 2630 4361 autem
2683 4307 2799 4362 suis
2849 4307 2968 4362 ait:
3007 4325 3026 4359 ι
3065 4309 3171 4364 Vos
3200 4310 3333 4366 estis
3383 4311 3474 4364 lux
3523 4325 3685 4364 mun-

2104 4399 2245 4454 di“.
2289 4416 2307 4450 ι
2342 4399 2424 4453 Ab
2458 4399 2537 4454 eis
2565 4415 2693 4470 ergo
2729 4411 2782 4454 et
2815 4415 2844 4454 a
2877 4402 3290 4458 successoribus
3313 4418 3503 4457 eorum
3540 4419 3678 4472 pou—

2104 4492 2379 4557 tiﬁcibus,
2437 4492 2610 4562 gratia
2667 4493 2809 4548 sicut
2867 4495 2955 4548 lu-x
3012 4496 3268 4549 omnibus
3328 4495 3685 4567 dispergitur.

427 4586 660 4654 ρατικῆς
695 4585 752 4636 οὐ
794 4583 1007 4636 ποιοῦσι
1041 4583 1326 4652 δυνάμεως
1362 4581 1536 4652 μύρου
1584 4597 1642 4632 τε
1693 4581 1784 4632 καὶ
1819 4596 1999 4649 χειρο-

2106 4581 2431 4638 Sacerdotes
2463 4597 2643 4639 autem
2693 4589 2855 4639 talem
2895 4585 3012 4639 non'
3039 4586 3242 4641 habent
3283 4588 3514 4657 gratiam
3545 4606 3558 4652 ;
3595 4591 3687 4642 sed

425 4676 631 4737 τονιας.

2098 4684 2313 4730 tantum
2366 4687 2595 4744 possunt
2641 4679 2970 4733 sacriﬁcium
3031 4678 3229 4734 olicrre
3269 4689 3322 4733 et
3376 4681 3652 4748 baptizare
3672 4703 3692 4748 ;-

427 4767 520 4822 illa
548 4777 728 4824 autem
767 4782 876 4822 non
916 4774 1144 4836 possunt
1177 4779 1336 4835 agere
1367 4781 1486 4835 quae
1517 4774 1642 4820 sunt
1669 4765 1770 4820 olei
1799 4767 2244 4824 conﬁrmationis
2296 4781 2348 4824 ct
2394 4773 2757 4826 ordinationis
2805 4786 2900 4840 per
2946 4772 3344 4840 imposilionem
3403 4787 3685 4826 manuum»

427 4863 555 4936 quia
585 4877 692 4919 non
726 4861 860 4917 ﬁunt
889 4861 1008 4917 sine
1042 4847 1318 4931 pontiﬁcia
1350 4862 1568 4916 virtute.

971 5003 1308 5056 ΕΡΩΤΗΣΙΣ
1331 5002 1462 5056 AH'.

641 5119 710 5171 El
745 5119 863 5186 χρὴ
887 5116 1078 5187 μόνον
1117 5118 1392 5188 ἀρχιερέα
1422 5121 1748 5189 ἱερουργεῖν
1767 5138 1828 5186 ;~

496 5277 568 5331 Τδ
602 5278 908 5347 ἱερουργεῖν
938 5276 1096 5346 μόνον
1137 5277 1398 5346 ἀρχιερέα
1431 5276 1555 5330 τινὰ
1587 5277 1710 5348 δίχα
1743 5279 1991 5348 πρεσϐυ-

423 5371 584 5440 τέρου
666 5368 699 5438 ἣ
765 5369 1016 5422 διακόνου
1065 5367 1219 5421 οὐδὲν
1274 5367 1510 5434 κωλύει,
1578 5369 1699 5424 ἐπεὶ
1765 5371 1860 5423 καὶ
1902 5365 1996 5425 οὗ·

426 5478 518 5524 τος
580 5463 608 5514 ὁ
659 5459 995 5522 τελειότατος
1064 5462 1158 5512 καὶ
1218 5461 1330 5522 τοῖς
1383 5459 1565 5522 ἄλλοις
1622 5461 1878 5531 παρέχων
1933 5462 1996 5514 τὸ

430 5554 694 5624 ἐνεργεῖν.
733 5553 830 5609 Διὰ
877 5553 934 5606 δὲ
991 5553 1052 5606 τὸ
1115 5551 1377 5605 εὔτακτόν
1439 5570 1496 5605 τε
1553 5553 1647 5606 καὶ
1704 5553 1992 5622 εὒκοσμον,

429 5644 524 5697 καὶ
585 5643 681 5715 τὴν
736 5644 835 5714 τῆς
897 5643 1302 5715 ἀρχιερωσύνης
1358 5643 1549 5713 τιμὴν,
1577 5643 1681 5712 χρὴ
1739 5643 1991 5707 πλείονας

2563 4996 2888 5065 ρυίιῑξιτιο
2949 4993 3231 5068 xxxrnl.

2113 5114 2256 5168 Num
2287 5115 2455 5168 solum
2489 5115 2789 5178 episcopum
2835 5111 2982 5163 nullo
3004 5113 3303 5179 presbytero
3349 5111 3422 5162 re!
3453 5112 3690 5165 diacono-

2245 5194 2500 5252 prarsente
2542 5197 2750 5235 sacram
2794 5181 3004 5234 cwuam'
3023 5183 3101 5249 {as
3133 5184 3201 5234 sit
3235 5180 3545 5236 relebrare?

2177 5278 2323 5330 Nihil
2355 5273 2538 5330 obstat
2572 5274 2702 5343 quin
2738 5271 2977 5341 pontifex
3015 5261 3161 5327 soius
3199 5274 3318 5329 sine
3362 5274 3722 5344 presbytero.

2101 5376 2154 5423 et
2184 5369 2305 5424 sine
2335 5367 2563 5422 diacono
2589 5365 2912 5422 sacriﬁcium
2938 5365 3168 5430 offerat;
3196 5375 3278 5420 est
3302 5365 3446 5420 enim
3476 5365 3682 5434 plenis.

2100 5462 2239 5516 sime
2275 5460 2340 5513 ad
2394 5458 2752 5514 caeremonias
2803 5466 2960 5525 aptus
3009 5472 3132 5512 cum
3188 5456 3303 5524 ipse
3337 5456 3551 5510 caeteris
3591 5456 3683 5510 det

2101 5551 2221 5605 illas
2271 5564 2551 5604 exercere.
2606 5549 2662 5604 Si
2716 5563 2845 5604 vero
2897 5549 3148 5619 dignitati
3185 5557 3238 5602 et
3284 5545 3680 5603 convenientia:

2101 5643 2424 5726 attendatnr-
2474 5653 2528 5697 et
2583 5643 2778 5697 honori
2819 5642 3109 5711 potililicite
3158 5638 3465 5696 auctoritati
3498 5638 3706 5695 debito,

506 5815 550 5845 ³¹¹
586 5817 600 5867 l
630 5815 750 5870 Cor.
791 5816 1109 5885 ιιι,11,28.
1189 5815 1410 5869 "Joan.
1443 5829 1563 5882 xm,
1605 5814 1669 5867 l2
1697 5827 1712 5879 ;
1744 5831 1816 5868 is.
1849 5816 1900 5868 ἴὶ..
1979 5818 1995 5846 ¹

2105 5819 2252 5871 alth.
2277 5835 2325 5883 γ,
2367 5820 2446 5872 11.
