4118 6466
357 283 477 346 4101

1087 279 1487 340 RESPONSA
1530 280 1629 338 AD
1671 274 2132 337 GABRiELEM
2176 277 2914 340 PENTAPOLITANUM.

3535 267 3645 333 902

373 397 588 469 ἡμέραν
617 395 910 461 ἐσθίοντες,
944 395 1226 449 καταπολὺ
1258 393 1312 447 δὲ
1348 393 1406 446 to
1436 392 1536 462 τῆς
1567 393 1777 461 δωρεᾶς
1807 392 1954 445 διαλ-
1986 435 1992 452 ι

2090 410 2183 449 nus
2217 395 2286 448 ab
2338 410 2404 449 eo
2463 394 2610 464 quod
2662 391 2847 447 datum
2877 388 3046 460 Moysi
3085 405 3098 444 :
3133 386 3304 459 gratia
3337 393 3394 438 et
3441 389 3642 440 donum

369 489 566 544 λάττον
588 490 643 542 ὲν
679 489 812 559 ἡμῖν
837 488 932 540 καὶ
973 489 1050 559 τῷ
1079 488 1289 556 Μωῦσῇ
1313 503 1324 515 ·
1363 483 1543 554 δωρεὰ
1582 483 1691 552 γὰρ
1739 485 1834 537 καὶ
1858 485 1955 552 χά-

371 599 461 652 ρις
505 580 710 650 μείζων
739 579 833 632 τοῦ
865 579 1147 644 Μαιῡσέως
1179 579 1321 647 ὑπὲρ
1351 573 1529 629 πάντα
1557 576 1683 628 νοῦν
1713 577 1770 628 ἐν
1799 576 1953 644 ἡμῖν.

372 673 580 728 Λοιπὸν
620 673 694 743 μὴ
726 672 1061 740 ἀμφίϐαλλε.
1104 670 1168 723 Ἦ
1207 669 1436 739 νηστεία
1474 670 1529 722 δέ
1561 685 1624 736 γε
1667 668 1774 721 τῶν
1825 668 1956 721 ἀπο-

379 765 581 819 στόλων
633 764 720 818 δια
765 764 864 834 τὴν
907 762 1111 816 τούτων
1161 763 1350 830 τιμήν.
1411 761 1519 812 Καὶ
1551 758 1822 822 δικαίως⁶
1876 758 1960 811 ὅτι

377 858 650 912 πλείστων
679 855 902 924 ἀγαθῶν
945 854 1013 908 δι’
1049 855 1232 910 αὐτῶν
1269 850 1556 922 ἠξιώμεθα
1583 867 1599 884 ·
1629 851 1725 904 καὶ
1753 852 1835 904 ὅτι
1866 867 1962 921 νη-

380 950 566 1012 στείας
599 947 746 1002 οὗτοι
779 952 875 1001 καί⁹
932 948 1178 1016 ὑπακοῆς
1205 948 1331 1018 ἄχρι
1363 945 1598 999 θανάτου
1633 945 1727 997 καὶ
1757 945 1962 1015 ἐγκρα-

378 1043 530 1104 τείας
579 1041 810 1111 ἐργάται
860 1038 1123 1108 ὤφθησαν
1160 1041 1296 1109 ἡμῖν
1337 1039 1431 1091 καὶ
1479 1038 1812 1091 διδάσκαλοι.
1856 1038 1960 1090 Καὶ

380 1132 601 1185 Λατῖνοι
631 1129 790 1183 τοῦτο
817 1133 910 1182 καὶ
935 1131 1161 1191 ἄκοντες
1195 1126 1556 1196 μαρτυροῦσι,
1582 1126 1670 1178 διὰ
1709 1124 1964 1195 νηστείας

380 1225 440 1274 ὲν
488 1224 609 1284 ταῖς
668 1221 910 1290 μνήμαις
966 1218 1146 1270 αὐτῶν
1201 1217 1471 1286 τιμῶντες
1529 1215 1751 1278 αὐτούς.
1823 1213 1966 1266 Ἀλλ’

382 1317 544 1385 ἡμεῖς
589 1313 687 1382 μὲν
716 1312 859 1366 κατὰ
901 1313 1000 1375 τὰς
1048 1309 1336 1374 Διατὰξεις
1385 1309 1497 1360 τῶν
1532 1306 1848 1361 ἀποστόλων
1880 1305 1968 1359 διὰ

383 1407 476 1460 τοῦ
509 1406 831 1475 Κλήμεντος
874 1403 1011 1473 μετὰ
1055 1403 1153 1473 τὴν
1186 1401 1485 1470 ἐπιδημίαν
1521 1399 1612 1452 τοῦ
1646 1399 1969 1467 Πνεύματος

385 1497 795 1568 εὐφραινόμεθα
826 1496 1096 1566 ἑϐδομαδα
1147 1495 1295 1565 μίαν,
1334 1489 1492 1556 αὖθις
1531 1491 1586 1544 δὲ
1632 1490 1970 1559 νηστεύομεν

291 1607 296 1611 '
385 1588 680 1655 ἑϐδομάδα,
715 1587 800 1640 ἵνα
847 1587 921 1656 μὴ
950 1589 1012 1656 τῇ
1041 1587 1222 1655 τρυφῇ
1258 1583 1598 1653 ἐκλυθῶμεν,
1629 1581 1704 1642 ὡς
1726 1579 1974 1634 διδασκό-

388 1680 532 1748 μεθα
561 1697 574 1709 ·
610 1679 702 1733 καὶ
761 1679 1050 1740 συνατπῶς
1097 1681 1164 1748 τῇ
1218 1677 1444 1747 νηστείᾳ
1478 1675 1662 1745 ἐκείνῃ
1707 1675 1804 1728 καὶ
1843 1673 1972 1736 τοὺς

2058 497 2164 553 est,
2224 487 2317 543 sed
2371 487 2474 541 hoc
2510 488 2712 542 donum
2782 483 2952 556 Moysi
3011 484 3201 538 datum
3258 495 3475 536 onmem
3544 494 3644 531 co-

2060 581 2376 650 gitationem
2439 588 2678 647 superat.
2726 579 2995 633 Caeterum
3054 591 3162 629 non
3213 572 3527 642 ambigitur.
3557 568 3647 624 Je-

2058 669 2279 740 junium
2355 680 2535 724 autem
2585 671 2962 738 apostolorum
3039 669 3090 721 in
3141 667 3403 720 honorem
3455 679 3645 718 eorum

2064 760 2378 814 institutum
2439 769 2522 814 est
2556 777 2569 813 :
2603 759 2907 827 jttStissime
2961 759 3204 828 quidem,
3267 757 3394 826 quia
3452 756 3519 808 ah
3567 754 3649 807 eis

2064 853 2300 924 plurima
2361 853 2672 920 accepimus
2733 852 2874 906 bona
2923 860 2976 905 et
3025 851 3150 920 quia
3206 847 3430 904 fuerunt
3491 847 3652 901 nobis

2065 945 2434 1006 abstinentia),
2468 945 2796 1000 obedientiaa
2839 960 3014 1014 usque
3043 944 3109 998 ad
3155 952 3388 997 mortem
3434 951 3488 996 et
3517 949 3654 994 tem-

2066 1037 2330 1106 perantia;
2362 1038 2587 1105 opiﬁces
2616 1049 2670 1092 et
2701 1037 2974 1108 magistri.
3009 1036 3122 1091 lloc
3159 1047 3217 1090 et
3262 1034 3464 1098 Latini,
3495 1035 3650 1088 inviti

2067 1129 2313 1197 quidem,
2343 1139 2632 1194 testantur,
2658 1130 2860 1200 jejunio
2893 1127 3028 1183 festa
3061 1143 3250 1183 eorum
3284 1128 3655 1181 honorantes:

2070 1220 2165 1290 sed
2203 1236 2301 1276 nos
2327 1221 2486 1290 juxta
2539 1222 2757 1277 decreta
2806 1221 3180 1288 apostolorum
3209 1235 3262 1294 ,ο
3315 1227 3508 1272 saneto
3536 1217 3659 1271 Cle-

2072 1322 2252 1384 mente
2301 1318 2503 1369 tradita
2557 1323 2679 1384 post
2731 1315 3028 1368 adventum
3061 1314 3302 1382 Spiritus
3340 1313 3513 1367 sancti
3565 1329 3662 1377 per

2072 1422 2236 1461 unam
2266 1407 2567 1476 gaudemus
2618 1407 3036 1468 hebdomadam,
3100 1415 3151 1460 ct
3213 1407 3407 1460 iterum
3447 1405 3658 1468 hebdo-

2072 1497 2231 1552 made
2259 1513 2364 1550 una
2395 1496 2740 1566 ‘jcjunamus,
2779 1512 2846 1551 ne
2872 1497 3082 1552 deliciis
3122 1497 3516 1559 dissolvantur,
3555 1499 3664 1550 εἷο·

2072 1597 2134 1642 ut
2163 1589 2307 1642 docti
2365 1604 2596 1651 sumus,
2654 1598 2707 1642 et
2763 1590 3047 1658 aptissime
3097 1589 3261 1642 simul
3319 1587 3528 1658 j--junio
3560 1589 3663 1655 hoc

2076 1675 2354 1744 apostolos
2389 1675 2723 1732 honoramus
2759 1694 2784 1729 a
2817 1677 3018 1746 quibus
3045 1675 3298 1746 jejunare
3346 1677 3664 1732 didicimus.

387 1771 850 1842 παραδεδωκότας
898 1768 1184 1841 νηστεύειν
1218 1767 1553 1830 ἀποστόλους
1587 1765 1856 1836 τιμῶντες
1888 1781 1976 1832 νη-

2090 1766 2352 1836 Ιι·]ιιιιίιιηι
2403 1767 2642 1836 denique
2692 1769 2922 1839 Augusti
2969 1769 3022 1822 in
3077 1771 3341 1822 honorem
3375 1768 3537 1823 Verbi
3572 1769 3666 1824 Dei

389 1862 678 1933 στεύομεν.
715 1859 780 1914 Ἢ
806 1861 861 1913 δέ
887 1878 946 1926 γε
980 1859 1072 1912 τοῦ
1103 1859 1418 1927 Αὐγούστου
1447 1858 1671 1928 νηστεία
1703 1858 1785 1920 εἰς
1808 1854 1975 1928 τιμὴν

389 1943 626 2024 ὑπᾶρχει
675 1954 776 2022 τῆς
824 1951 923 2004 τοῦ
955 1949 1107 2011 ,Θεοῦ
1153 1951 1330 2017 Λάγου
1378 1949 1621 2019 Μητρὸς,
1657 1948 1783 2019 ἥτις
1837 1965 1976 2018 προ-

390 2044 595 2112 γνοῦσα
630 2042 729 2114 τὴν
789 2043 1126 2114 μετάστασιν
1177 2042 1403 2110 ἑαυτῆς,
1462 2041 1555 2094 uati.
1599 2041 1835 2093 πάντοτε
1881 2039 1978 2109 μὲν

388 2135 458 2208 ἦν
513 2135 897 2206 ἀγωνιζομένη
947 2135 1087 2204 ὑπὲρ
1133 2133 1289 2203 ἡμῶν
1351 2133 1446 2186 καὶ
1499 2127 1861 2201 νηστεύουσα,
1903 2131 1980 2201 μὴ

393 2229 584 2300 χρείαν
618 2227 820 2299 ἔχουσα
864 2226 1120 2297 νηστείας
1155 2227 1186 2296 ἡ
1217 2225 1436 2293 καθαρὰ
1465 2225 1563 2278 καὶ
1596 2225 1938 2293 πανὰμωμος
1963 2237 1978 2252 ⁸

393 2323 539 2392 ὅμως
565 2320 622 2372 δὲ
656 2319 962 2388 ἀγγελικῶς
985 2319 1320 2388 διαιτωμένη
1339 2319 1372 2388 ἡ
1393 2318 1536 2387 ὑπὲρ
1557 2319 1684 2381 τοὺς
1710 2316 1980 2384 ἀγγέλους

395 2410 534 2464 οὖσά
577 2427 639 2462 τε
684 2410 777 2463 καὶ
826 2407 1040 2478 βιοῦσα,
1095 2408 1190 2461 καὶ
1238 2409 1658 2477 προσευχομένη
1713 2407 1979 2476 συνεχῶς,

399 2501 670 2571 ἑνουμένῃ
709 2499 811 2569 μὲν
842 2498 972 2569 θείῳ
1018 2498 1300 2567 Ιινεύματι
1335 2500 1400 2568 τῇ
1448 2497 1696 2568 μακαρίᾳ
1726 2497 1874 2567 ψυχῇ
1907 2494 1984 2565 τῷ

398 2592 465 2646 Υί
488 2595 513 2660 ξ)
543 2591 735 2662 αὐτῆς,
760 2591 852 2644 καὶ
882 2591 1023 2660 ὑπὲρ
1050 2590 1206 2662 ἡμῶν
1233 2589 1577 2652 ἱκετεύουσα,
1603 2589 1726 2641 τότε
1751 2589 1808 2641 δὲ
1841 2588 1983 2658 μᾶλ-

397 2685 489 2738 λον
527 2687 584 2738 ὲν
614 2683 690 2755 τῷ
721 2685 938 2752 μέλλειν
961 2683 1069 2736 τῶν
1095 2677 1196 2736 ὧδε
1226 2681 1576 2752 μεταϐαίνειν
1605 2679 1982 2749 λεπτυνομένη

401 2777 565 2829 πλέον
603 2775 745 2845 ἁγίῳ
794 2775 957 2845 ἔρωτι
990 2773 1085 2826 τοῦ
1125 2772 1280 2826 Υἰοῦ.
1335 2774 1427 2825 Διὸ
1476 2773 1572 2825 καὶ
1635 2773 1801 2842 ἡμεῖς
1861 2770 1986 2823 τότε

402 2869 688 2938 νηστεύειν
739 2868 835 2920 καὶ
885 2867 1148 2935 ἀνυμνείν
1203 2865 1375 2924 αὐτὴν
1426 2865 1736 2934 ὀψείλομεν,
1777 2864 1871 2916 τόν
1926 2880 1987 2916 τε

409 2965 523 3036 βίον
567 2967 734 3033 αὐτῆς
780 2962 1207 3034 ἐκμιμούμενοι,
1258 2962 1355 3015 καὶ
1389 2963 1470 3026 εἰς
1506 2962 1605 3025 τὰς
1652 2962 1794 3031 ὑπὲρ
1833 2960 1991 3030 ἡμῶν

2081 1859 2293 1923 lllatris,
2318 1875 2440 1928 qua!
2469 1860 3210 1929 prazsciens~translationetn
3245 1877 3422 1926 suam,
3449 1877 3671 1930 semper

2073 1954 2262 2026 tamen
2304 1952 2569 2007 laboravit
2602 1953 2940 2022 etjejunavit
2969 1970 3066 2021 pro
3101 1954 3278 2015 nobis,
3324 1971 3445 2008 cum
3486 1965 3669 2008 tamen

2080 2043 2278 2112 jejunii
2307 2047 2688 2100 necessitatem
2723 2062 2833 2098 non
2869 2047 3093 2099 haberet
3125 2045 3416 2114 purissima
3458 2055 3508 2099 et
3553 2063 3673 2109 om-

2086 2135 2217 2190 nino
2266 2135 2764 2204 irrcpreltensibilis
2802 2150 3074 2202 manens;
3123 2137 3393 2205 simulque
3429 2138 3676 2202 angelice

2086 2229 2275 2283 vivens
2303 2244 2400 2284 seu
2446 2229 2627 2295 potius
2657 2236 2710 2282 et
2738 2230 2937 2283 virtute
2969 2239 3022 2283 et
3051 2230 3162 2282 vita
3204 2230 3422 2299 angelos
3455 2230 3681 2298 prmrel-

2086 2320 2226 2385 lens,
2263 2330 2582 2375 constanter
2626 2321 2954 2395 deprecans,
3007 2321 3232 2389 Spiritui
3266 2332 3457 2376 sancto
3487 2323 3680 2376 intime

2090 2415 2298 2468 unitam
2350 2415 2558 2468 habens
2613 2413 2852 2466 animam
2909 2413 3282 2468 beatissimam
3335 2430 3428 2480 per
3481 2413 3678 2468 F.liutn

2087 2521 2272 2569 suum,
2307 2521 2405 2574 pro
2430 2505 2586 2560 nobis
2624 2506 2838 2568 orabat,
2870 2506 3108 2559 maxime
3148 2521 3270 2559 rum
3311 2508 3462 2560 liertt
3491 2506 3682 2562 deces-

2089 2612 2183 2651 sus
2213 2597 2332 2667 ejus
2361 2597 2650 2666 proximus
2677 2596 2850 2665 tttagis
2879 2611 2942 2650 ac
2971 2597 3146 2664 magis
3183 2613 3367 2652 amore
3392 2597 3512 2650 Filii
3547 2616 3678 2651 con-

2091 2690 2429 2744 sumebatur.
2477 2689 2690 2743 ldcirco
2734 2689 3038 2757 jejunaudo
3071 2699 3124 2742 et
3176 2690 3349 2758 ipsam
3387 2691 3684 2748 exaltaudo

2093 2783 2323 2836 multum
2385 2783 2904 2853 proiicitnus,_cmn_
2943 2783 3186 2836 maxime
3240 2782 3508 2836 imitando
3563 2783 3684 2848 ejus

2092 2875 2257 2930 vitam
2316 2875 2756 2951 propitiationem
2788 2883 2845 2929 et
2884 2890 3078 2943 preces
3117 2874 3287 2944 ipsius
3321 2875 3374 2928 in
3407 2892 3504 2929 ms
3536 2876 3687 2929 exci-

2097 2977 2298 3022 tamus.
2327 2967 2486 3023 Unde
2509 2967 2730 3036 quidatn
2763 2967 2920 3021 aiunt
2949 2967 3001 3020 in
3039 2967 3142 3020 hoc
3169 2966 3382 3035 jejunio
3412 2967 3684 3037 duplicem

404 3057 758 3126 διεγείροντες
789 3055 1024 3118 ἱκεσίας.
1072 3054 1230 3114 Τινὲς
1263 3053 1365 3122 μὲν
1397 3051 1490 3105 οὖν
1529 3069 1662 3121 φασι
1687 3053 1781 3104 καὶ
1815 3051 1903 3104 διὰ
1929 3049 1992 3102 τὸ

2098 3075 2221 3115 esse
2263 3060 2617 3114 festivitatem
2649 3059 2792 3128 ejus,
2836 3060 3046 3113 scilicet
3085 3060 3584 3128 transﬁgurationis
3633 3070 3686 3114 et

408 3149 502 3202 δύο
527 3146 666 3204 εἶναι
695 3147 888 3218 ἑορτὰς
916 3147 1015 3216 τὴν
1045 3147 1304 3216 τοιαύτην
1339 3146 1617 3222 νηστείαν,
1663 3145 1763 3214 τῆς
1795 3161 1852 3197 τε
1880 3145 1992 3199 Ms-

407 3241 822 3314 ταμορφώσεως
874 3243 966 3295 καὶ
1024 3243 1388 3310 Κοιμὴτεωςσ
1421 3241 1532 3308 ἐγὼ
1584 3241 1642 3294 δὲ
1693 3240 1996 3308 ἀναγκαῖον

408 3335 616 3405 νομίζω
641 3335 734 3387 καὶ
777 3335 887 3386 τῶν
918 3334 1012 3387 δύο
1042 3333 1140 3403 μὲν
1167 3331 1482 3402 μεμνῆσθαι
1513 3332 1738 3403 ἑορτῶν,
1767 3332 1864 3401 τῆς
1895 3332 1996 3401 μὲν

411 3431 485 3494 ὡς
524 3427 808 3498 φωτισμοῦ
859 3426 1174 3496 παραιτίας,
1237 3429 1336 3494 τῆς
1390 3425 1445 3478 δὲ
1493 3424 1568 3488 ὡς
1621 3424 1853 3493 ἱλασμοῦ
1903 3425 2037 3476 καὶ.

418 3521 700 3592 μεσιτείας
728 3520 870 3588 ὑπὲρ
913 3521 1093 3590 ἡμῶν.
1122 3519 1317 3588 Ὅμως
1347 3517 1524 3588 χρεὼν
1567 3518 1666 3585 τὴν
1711 3517 2000 3590 Παναγίαν

417 3618 477 3668 ἔν
507 3615 708 3678 πάσαις
734 3611 1116 3666 ἐπικαλεῖσθαι
1150 3609 1426 3681 Παρθένον
1455 3608 1552 3680 τὴν
1597 3608 1883 3672 Θεοτόκον,
1914 3608 2000 3660 ἵνα

407 3708 484 3783 δι’
516 3707 686 3776 αὐτῆς
716 3706 874 3770 ἵλεως
908 3707 1042 3775 ἡμῖν
1068 3705 1155 3773 εἴη
1191 3704 1218 3756 ὁ
1251 3702 1312 3766 ἐξ
1342 3701 1537 3770 αὐτῆς,
1588 3701 1684 3753 καὶ
1719 3700 1815 3769 τῆς
1848 3699 2001 3762 θείας

419 3800 588 3856 αὐτοῦ
622 3799 690 3854 δι’
736 3799 909 3870 αὐτῆς
956 3798 1342 3868 λαμπρότητος
1374 3794 1746 3864 ἐπιτύχωμεν.
1798 3791 2002 3846 Τούτου

420 3895 514 3949 οὖν
544 3893 705 3964 χάριν
735 3892 794 3944 αἱ
829 3893 1096 3962 νηστεῖαι·
1130 3893 1226 3942 καὶ
1257 3889 1553 3956 ἀναγκαῖαι
1591 3885 1755 3940 παντὶ
1786 3884 1964 3954 πιστῷ
1989 3899 2003 3913 ⁶

420 3987 514 4040 καὶ
543 3987 604 4040 οὐ
643 3985 804 4055 μόνον
839 3985 893 4037 ὲν
919 3981 1095 4053 τούτῳ
1124 3981 1201 4051 τῷ
1231 3980 1433 4051 καιρῷ.
1461 3978 1596 4033 ἀλλὰ
1645 3979 1738 4031 καὶ
1773 3980 2006 4031 πάντοτε

423 4079 518 4131 κλ
550 4076 814 4148 διηνεκῶς
847 4091 860 4105 ·
889 4075 969 4128 ὅτι
993 4073 1218 4143 νηστεία
1244 4073 1406 4142 ἔργον
1438 4068 1575 4122 Θεοῦ
1610 4085 1622 4098 ’
1658 4069 1720 4122 οὗ
1746 4069 1856 4137 γὰρ
1886 4086 2012 4138 τρο-

425 4173 533 4240 φῆς
566 4169 712 4240 αὑτᾷ
739 4166 923 4242 χρεία,
957 4167 1054 4219 καὶ
1083 4164 1198 4234 ζωὴ
1230 4163 1478 4231 ἀγγέλων
1516 4162 1610 4215 καὶ
1645 4160 1821 4232 βιοτὴ,
1851 4162 2011 4231 ἄτρο-

424 4283 516 4337 φοι
564 4263 708 4334 γάρ·
748 4263 843 4315 καὶ
886 4260 1155 4330 νέκρωσις
1190 4257 1475 4325 σώματος’
1507 4258 1610 4318 ὅτι,
1662 4253 1856 4308 τούτου
1885 4271 2014 4323 τρυ-

328 4375 340 4385 ο
423 4358 722 4427 φήσαντος,
767 4354 957 4424 νεκροὶ
1006 4350 1355 4422 κατέστημεν
1387 4351 1570 4418 ἡμεῖς.
1620 4347 1730 4401 Καὶ
1770 4345 2012 4415 ἀποϐολὴ

2099 3153 2316 3207 mortis.
2351 3151 2416 3205 Et
2452 3151 2586 3204 mihi
2637 3152 2853 3206 videtur
2910 3153 3142 3222 perutile
3190 3153 3348 3207 nobis
3389 3153 3527 3208 duas
3567 3154 3690 3207 illas

2100 3247 2395 3300 memorari
2430 3243 2752 3298 festivitates
2777 3260 2792 3310 ;
2831 3244 2981 3313 prior
3003 3246 3149 3298 enim
3181 3244 3489 3310 splendoris
3513 3246 3689 3315 origo,

2101 3336 2378 3407 posterior
2410 3335 2822 3404 propitiationis
2855 3345 2911 3389 et
2956 3336 3377 3391 interventionis
3411 3352 3539 3407 erga
3593 3354 3695 3393 nos

2101 3427 2388 3482 manifesta
2423 3427 2649 3481 ﬂuenta.
2681 3427 2884 3496 Sicque
2933 3429 3075 3482 hanc
3116 3443 3228 3497 prie
3261 3429 3522 3486 omnibus
3567 3447 3698 3486 san-

2102 3529 2244 3576 ctam
2272 3518 2548 3590 Virginem
2574 3518 2664 3573 Dei
2693 3519 3025 3574 Genitricem
3050 3521 3260 3588 justum
3298 3533 3374 3576 est
3415 3523 3692 3590 invocare,

2083 3616 2164 3666 'ut
2205 3611 2474 3680 pmpitius
2521 3609 2592 3663 sit
2649 3609 2809 3663 nobis
2858 3607 3032 3663 Filius
3081 3609 3223 3677 ejus,
3260 3617 3314 3664 et
3354 3611 3590 3665 divinam
3641 3613 3697 3666 in

2108 3705 2262 3759 nobis
2316 3703 2402 3757 sui
2458 3701 2683 3756 luminis
2738 3701 3047 3757 claritatem
3121 3702 3465 3772 multiplicet.
3527 3703 3701 3774 Hujus

2106 3797 2277 3866 gratia
2311 3809 2375 3848 ex
2413 3791 2638 3862 jejuniis
2674 3809 2688 3846 :
2720 3800 2846 3847 sunt
2879 3807 3012 3860 ergo
3041 3793 3190 3846 omni
3218 3793 3466 3848 credenti
3504 3812 3699 3853 neces-

2108 3887 2273 3948 saria,
2305 3901 2413 3941 non
2441 3885 2619 3939 solum
2655 3885 2706 3939 in
2742 3885 2833 3939 tali
2869 3886 2950 3938 vel
2986 3887 3078 3940 tali
3112 3894 3380 3956 tempore,
3412 3889 3510 3943 sed
3551 3903 3701 3944 sem-

2083 3967 2206 4048 _per
2235 3987 2288 4030 et
2347 3977 2467 4031 sine
2528 3977 2938 4031 intermissione
2989 3981 3317 4044 exercenda,
3354 3990 3408 4033 et
3443 3979 3705 4049 frequen-

2113 4069 2275 4122 tanda
2305 4085 2321 4135 ;
2362 4079 2491 4122 sunt
2517 4069 2661 4122 enim
2702 4085 2841 4138 opus
2869 4069 2982 4137 Dei,
3013 4071 3102 4124 cui
3128 4072 3251 4125 cibo
3286 4088 3392 4126 non
3424 4087 3504 4127 οει
3528 4089 3704 4141 opus;

2111 4175 2239 4218 sunt
2275 4175 2328 4217 et
2362 4164 2685 4233 angelorum
2730 4165 2836 4218 vita
2866 4173 2920 4218 ct
2951 4165 3144 4232 agendi
3178 4167 3336 4228 ratio,
3376 4167 3580 4235 quippe
3608 4169 3702 4236 qui

2115 4270 2460 4325 nequaquam
2497 4256 2872 4321 manducant;
2901 4266 3030 4310 sunt
3060 4256 3306 4325 corporis
3335 4258 3704 4326 interemptio,

2116 4346 2263 4416 quod
2308 4347 2354 4402 si
2397 4347 2629 4402 delicate
2662 4349 2996 4412 nutriamus,
3026 4361 3175 4404 certo
3205 4349 3547 4418 moriemur;
3578 4360 3710 4404 sunt

426 4448 614 4501 παθῶν
643 4447 675 4517 ἡ
710 4446 954 4516 νηστεία.
992 4443 1073 4495 Τὰ
1095 4443 1199 4511 γὰρ
1230 4441 1572 4509 ὑπογάστρια
1603 4441 1636 4508 ὴ
1669 4453 1992 4507 γαστριμαρη

2121 4436 2357 4506 denique
2378 4437 2584 4507 jejunia
2624 4438 2942 4520 passionum
2990 4439 3302 4504 evacuatio,
3348 4457 3485 4510 quas
3516 4453 3711 4511 potem

424 4541 521 4607 γία
562 4540 702 4592 κινεῖ
731 4537 900 4606 πάθη.
946 4553 963 4586 ι
1003 4534 1083 4587 Τὰ
1116 4531 1386 4603 βρώματα
1408 4531 1485 4594 δὲ,
1509 4529 1645 4600 φησὶ
1679 4528 1912 4592 Παῦλος,
1945 4529 2010 4595 τῇ

425 4631 629 4702 κοιλίᾳ,
664 4631 755 4682 καὶ
787 4629 818 4698 ἡ
852 4625 1031 4680 κοιλία
1070 4627 1182 4686 τοῖς
1211 4622 1520 4694 βρώμασιν.
1569 4619 1628 4674 '0
1671 4619 1727 4672 δὲ
1758 4619 1889 4682 Θεὸς
1921 4618 2018 4671 καὶ

424 4724 633 4794 ταύτην
666 4724 761 4776 καὶ
791 4721 963 4776 ταῦτα
989 4719 1386 4788 καταργήσει.»
1407 4716 1506 4768 Δια
1531 4712 1690 4766 τοῦτο
1715 4711 1891 4764 τοίνυν
1923 4711 2016 4763 καὶ

427 4817 543 4880 τοῖς
578 4815 858 4884 Πατράσιν
889 4811 1030 4882 αὕτη
1060 4810 1093 4881 ἡ
1130 4809 1358 4879 νηστεία
1391 4805 1750 4872 ἐσπούδαστο,
1783 4805 2018 4866 καὶτοῖς

429 4906 751 4970 ἀποστόλοις
775 4907 982 4969 αὐτοῖς,
1011 4903 1107 4957 καὶ
1136 4902 1214 4974 τῷ
1238 4900 1435 4970 Παύλῳ
1459 4899 1578 4969 μὲν,
1609 4899 1844 4966 λέγοντι,
1879 4915 1897 4948 ι
1932 4895 2024 4948 Ἰζν

432 5001 707 5071 νηστείαις
731 4998 1013 5061 πολλάκις,
1051 5015 1068 5048 ι
1111 4997 1204 5049 καὶ
1232 5014 1248 5046 ι
1296 4993 1356 5048 Ὀ
1387 4992 1794 5061 ἀγωνιζόμενος
1847 4991 2024 5043 πάντα

432 5090 826 5163 ἐγκρατεύεται
853 5105 866 5119 ο
910 5108 928 5140 ι
979 5087 1066 5156 Τῷ
1123 5086 1314 5154 Πέτρῳ
1343 5083 1399 5137 δὲ
1439 5081 1728 5153 Ἀσσαρίου
1777 5081 2024 5151 θερμίοις

435 5185 776 5255 τρεφομένῳ,
816 5183 909 5236 καὶ
941 5164 1045 5249 τῷ’
1069 5178 1263 5249 Κυρίῳ
1292 5173 1461 5245 αὐτῷ,
1513 5173 1791 5246 κριθίνους
1820 5173 2022 5245 ἄρτους

437 5276 693 5341 ἐσθίοντι,
729 5276 820 5328 καὶ
857 5272 1116 5334 πολλάκις
1151 5267 1485 5340 νηστεύοντι.

2126 4537 2206 4583 ter
2235 4531 2478 4584 excitant
2509 4539 2562 4583 et
2591 4538 2813 4584 movent
2839 4530 2964 4602 gula
2989 4541 3046 4587 et
3079 4532 3368 4603 ingluvies.
3407 4533 3546 4588 Dicit
3573 4533 3715 4588 Pau-

2081 4699 2084 4702 _
2124 4623 2212 4678 lus
2241 4640 2254 4674 :
2299 4642 2316 4675 ι
2358 4621 2492 4678 Esca
2533 4626 2804 4691 ventri,et
2828 4635 3020 4681 venter
3054 4628 3196 4682 escis
3226 4643 3240 4681 :
3279 4626 3418 4681 Deus
3447 4639 3628 4683 autem
3660 4636 3713 4680 et

2127 4716 2275 4770 hunc
2307 4724 2360 4770 et
2389 4718 2484 4770 has
2514 4716 2762 4772 destruet
2787 4719 2857 4774 ".
2887 4737 2905 4770 ι
2931 4719 3221 4790 Propterea
3252 4735 3469 4788 quoque
3492 4729 3714 4774 strenue

2127 4807 2316 4862 Patres
2339 4807 2548 4879 jejunio
2577 4821 2862 4873 vacarunt,
2885 4810 3028 4864 sicut
3051 4820 3104 4864 ct
3134 4810 3390 4878 apostoli,
3412 4809 3552 4864 inter
3574 4825 3715 4878 quos

2127 4913 2180 4956 et
2220 4899 2426 4956 Paulus
2479 4901 2671 4956 dicens
2716 4921 2730 4957 :
2791 4922 2810 4953 ι
2863 4902 2920 4956 lu
2949 4901 3174 4970 jejuniis
3225 4902 3413 4955 multis
3435 4902 3503 4955 ’⁸.
3545 4920 3564 4952 ι
3602 4902 3664 4954 Et
3700 4920 3714 4956 :

2133 5014 2151 5046 ι
2182 4995 2283 5062 Qui
2311 4995 2363 5049 in
2386 5010 2557 5064 agone
2588 4994 2870 5048 contendit
2902 4995 2970 5047 ab
2993 4995 3245 5048 omnibus
3267 5009 3324 5047 se
3346 4995 3584 5047 abstinet
3606 4995 3708 5047 ".1

2087 5157 2096 5162 .
2131 5085 2194 5140 Et
2227 5088 2443 5140 tandem
2474 5085 2668 5141 Petrus
2697 5086 2948 5152 captivus
2977 5095 3145 5154 atque
3175 5089 3289 5154 ipse
3326 5085 3591 5140 Dominus
3620 5087 3714 5156 qui

2129 5193 2297 5245 panes
2346 5178 2681 5232 hordeaceos
2733 5179 3099 5233 manducahat
3147 5181 3461 5258 frequenter
3501 5180 3717 5250 jejuna-

2137 5278 2352 5322 verunt.

509 5459 592 5512 ¹⁷1
628 5463 753 5516 Cur.
790 5475 862 5521 \l,
919 5457 999 5510 15.
1077 5454 1121 5484 ³⁸⁸
1165 5453 1202 5506 11
1230 5455 1353 5508 Cor.
1388 5471 1463 5519 XI,
1487 5451 1576 5507 ‘27.
1618 5449 1621 5452 ’
1656 5453 1749 5505 "1
1781 5450 1905 5504 Cur.
1944 5467 2016 5516 Ix,
2043 5450 2134 5507 9.5.
