4118 6474
403 398 514 469 905

1187 415 1580 480 BESPONSA
1618 419 1718 480 AD
1753 393 2201 483 GABRIELEM
2235 422 2958 486 PENTAPOLITANUM.

3553 423 3659 487 906

401 526 498 578 καὶ
528 523 666 596 πρὸς
703 525 802 595 τὴν
830 506 993 596 ἁγίαν
1027 532 1285 600 νηστείαν
1319 534 1663 605 ἐτοιμασίαν,
1708 536 1797 589 ἵνα
1835 554 1974 607 προ-

2085 555 2240 608 guem
2274 540 2551 596 hominem
2606 541 2862 605 reddunt,
2904 539 2972 594 ad
3033 539 3196 595 breve
3237 546 3453 608 tempus
3500 541 3672 596 absti-

400 612 773 685 καθαρθέντες
793 619 857 686 τῇ
883 610 1110 691 νηστείᾳ
1134 610 1546 691 προσέλθωμεν,
1565 620 1663 677 καὶ
1679 624 1797 677 ἀπὸ·
1838 625 1983 696 βρωο

402 707 591 777 μάτων
627 708 985 763 λιπαινόντων
1036 712 1131 765 καὶ
1181 706 1478 784 σαρκωδῶν
1507 717 1645 786 πρὸς
1677 716 1860 784 ὀλίγον
1891 718 1982 785 ἐγο

399 800 858 869 κρατευσάμενοι,
882 803 983 870 τῆς
1013 808 1267 874 νηστείας
1296 806 1586 877 ἁψώμεθα,
1619 812 1854 882 καθαροὶ
1876 812 1979 881 τῆς

398 891 821 962 καθαρωτάτης,
856 894 950 945 καὶ
984 894 1128 963 διγιοι
1162 898 1260 965 τῆς
1292 900 1485 968 ἁγνῆς.
1528 902 1622 954 Διὸ
1655 903 1749 954 καὶ
1783 905 1981 973 πρότε-

404 996 500 1053 ρον
550 983 650 1051 μὲν
684 984 733 1035 οἱ
791 985 1033 1057 Πατέρες
1067 988 1166 1059 τὴν
1203 988 1383 1062 ψυχὴν
1438 994 1866 1067 ἐκκαθαίρουσιν
1919 998 1978 1050 ἐν

400 1076 582 1143 τρισὶν
603 1074 898 1144 ἑϐδομάσιν
925 1079 1005 1141 είς
1025 1080 1193 1151 τιμὴν
1217 1083 1314 1151 τῆς
1333 1083 1584 1154 Τριάδος,
1611 1086 1682 1139 τὰ
1707 1088 1839 1155 περὶ
1882 1089 1981 1157 τῆς

403 1167 661 1236 νηστείας
697 1168 1062 1239 κηρύττοντες
1092 1174 1206 1235 τοῖς
1235 1174 1617 1242 εὐαγγελικοῖς
1654 1176 1749 1230 τοῦ
1800 1178 1982 1248 Σωτῆ-

402 1279 497 1330 ρος
529 1264 739 1333 ῥήμασι
771 1263 928 1333 ξπρὺς
960 1263 1060 1334 τὴν
1114 1254 1530 1336 μετάνοιαν“καὶ
1565 1269 1664 1338 τὴν
1710 1270 1981 1341 κάθαρσιν

402 1352 551 1418 ἡμᾶς
604 1351 1019 1422 ἐκκαλούμενοι.
1062 1356 1175 1409 Καὶ
1209 1356 1297 1411 διὰ
1350 1359 1452 1427 μὲν
1485 1358 1580 1412 τοῦ
1616 1359 1852 1414 τελώνου
1885 1363 1981 1414 καὶ

398 1443 697 1503 Φαρισαίου
751 1445 826 1512 μὴ
862 1446 1188 1516 ἐπαίρεσθαι
1220 1451 1330 1512 τοῖς
1376 1448 1582 1514 πόνοις,
1620 1453 1756 1505 ἀλλὰ
1790 1471 1980 1507 ταπει-

399 1534 621 1589 νοῦσθαι
656 1535 990 1604 διδάσκουσι,
1023 1544 1117 1594 καὶ
1144 1541 1347 1611 μᾶλλον
1374 1543 1518 1596 οὕτω
1555 1545 1827 1608 σώζεσθαι
1849 1561 1864 1575 ⁸
1889 1546 1981 1600 διὰ

400 1626 456 1677 δὲ
489 1626 586 1695 τῆς
632 1626 726 1681 τοῦ
776 1629 990 1684 ἀσώτου
1042 1632 1362 1704 παραϐολῆς
1414 1636 1491 1706 μὴ
1546 1638 1977 1707 ἀπογινώσκειν,

400 1718 515 1773 ἀλλ’
548 1720 913 1788 ὑποστρέφειν
961 1724 1020 1777 ἐν
1067 1724 1453 1797 ἐξομολογήσει
1487 1730 1622 1799 πρὸς
1663 1731 1756 1782 τὸν
1811 1730 1977 1801 352

401 1811 607 1878 ἀγαθὸν
658 1813 876 1881 Πατέρα
925 1833 984 1867 τε
1035 1817 1129 1868 καὶ
1183 1816 1585 1889 φιλάνθρωπον.
1638 1822 1739 1876 Διὰ
1772 1822 1827 1874 δὲ
1878 1822 1981 1890 τῆς

2091 636 2307 694 nentes,
2351 629 2621 699 jejunium
2670 629 3039 689 exordiamur.
3098 626 3222 698 puri
3284 620 3671 698 purissimum,

2094 719 2378 788 sanctique
2409 719 2816 774 intemeratum.
2877 720 3013 774 Hinc
3043 720 3207 774 etiam
3247 722 3447 773 factum
3479 729 3583 787 est,
3611 731 3670 775 ut

2091 808 2284 863 Patres
2303 809 2459 877 prius
2509 809 2689 865 tribus
2725 809 3161 863 hebdomadibus
3198 809 3438 863 animum
3466 824 3669 877 expuro

2091 909 2239 969 gent,
2273 900 2329 953 in
2386 901 2649 955 honorem
2692 900 2928 971 Triadis,
2955 915 3076 968 quae
3099 901 3291 970 jojunii
3318 908 3463 962 sunt,
3505 917 3672 954 evan-

2092 992 2278 1063 gelicis
2330 990 2634 1047 Salvatoris
2685 993 2858 1047 nostri
2891 993 3073 1047 verbis
3099 991 3482 1062 praedicantes,
3523 992 3671 1065 ex‘ci-

2095 1091 2384 1153 tantesque
2417 1098 2519 1138 nos
2550 1083 2615 1137 ad
2667 1084 3044 1152 paenitentiam
3104 1092 3157 1137 et
3203 1084 3672 1152 expurgationem.

2091 1175 2158 1230 Et
2185 1190 2280 1241 per
2303 1175 2586 1231 Publiceni
2618 1185 2674 1231 et
2702 1174 2963 1231 Pharisaei
3007 1176 3345 1244 parabolam,
3402 1189 3512 1228 non
3550 1190 3673 1229 esse

2091 1266 2378 1322 laboribus
2403 1268 2851 1337 superbiendum,
2894 1267 2990 1322 sed
3041 1266 3469 1336 compescendos
3505 1265 3673 1319 animi

2091 1368 2343 1421 conatus,
2376 1357 2597 1425 docent,
2623 1366 2677 1413 et
2696 1360 2797 1414 hac
2820 1362 2999 1429 potius
3025 1360 3236 1414 ratione
3268 1360 3499 1414 salutem
3522 1373 3672 1412 com-

2090 1452 2409 1520 parandam.
2431 1450 2533 1507 Per
2559 1450 2779 1520 Prodigi
2802 1452 3139 1519 parabolam,
3161 1467 3269 1506 non
3287 1468 3409 1508 esse
3430 1454 3675 1518 despon-

2089 1545 2348 1612 deuilum,
2383 1544 2479 1600 sed
2538 1542 2922 1599 revertendum
2964 1543 3314 1597 confessione
3349 1542 3417 1595 ad
3454 1542 3670 1594 Patrem

2089 1634 2356 1705 optimum
2380 1640 2560 1705 ‘atque
2580 1631 3069 1689 humanissimum.
3107 1632 3209 1689 Per
3236 1633 3673 1689 recordationem

2093 1723 2397 1779 Salvatoris
2428 1726 2607 1779 nostri
2636 1709 2930 1787 adventus,
2956 1723 3260 1791 incorrupti
3312 1723 3456 1777 illius
3480 1722 3675 1795 judicii

2090 1815 2342 1869 timorem
2391 1814 2689 1881 incutiunt,
2728 1821 2784 1868 et
2814 1829 2911 1883 per
2966 1814 3399 1869 misericordiam
3434 1814 3489 1867 in
3542 1829 3677 1884 pau-

402 1901 762 1972 ὑπομνήσεως
787 1904 886 1972 τῆς
932 1903 1027 1957 τοῦ
1059 1905 1313 1977 Σωτῆρος
1369 1909 1526 1977 ἡμῶν
1553 1909 1815 1979 δευτέρας
1847 1925 1979 1979 παρ·

2093 1920 2252 1976 peres
2304 1906 2607 1971 instruunt,
2644 1920 2746 1960 nos
2769 1921 2992 1976 quoque
3019 1905 3451 1961 misericordiam
3477 1920 3676 1961 conse-

411 1996 601 2054 ουσίας
656 1997 737 2057 εἰς
776 1994 941 2063 φόϐον
973 1996 1308 2066 ἐμϐάλλουσι
1338 1998 1431 2051 τοῦ
1461 2000 1763 2055 ἀδεκάστου
1790 2016 1985 2069 κριτη-

412 2088 527 2156 ρίου
557 2084 721 2138 αὑτοῦ
747 2102 759 2115 ο
799 2089 892 2139 καὶ
922 2088 1010 2141 διὰ
1060 2086 1156 2139 τοῦ
1210 2089 1347 2156 πρὸς
1376 2092 1502 2151 τοὺς
1554 2092 1794 2161 πένητας
1825 2091 1981 2142 ἐλέου

406 2178 765 2246 παριστῶσιν,
793 2177 868 2239 ὡς
900 2178 1330 2248 ἐλεηθησὸμεοα.
1359 2180 1683 2233 Τελευταῖον
1711 2180 1769 2233 δὲ
1794 2183 1858 2234 τὰ
1881 2181 1983 2249 τῆς

401 2267 616 2337 ἐξορίας
665 2268 760 2320 τοῦ
804 2268 978 2337 Ἀδὰμ
1013 2271 1388 2340 προτιθέασιν,
1433 2272 1557 2342 ἥτις
1594 2273 1841 2339 ἐγεγόνει
1892 2273 1982 2327 διὰ

400 2358 614 2428 τρυφῆς
651 2375 709 2410 τε
735 2360 831 2412 καὶ
857 2360 1046 2430 ἡδονῆς
1078 2362 1217 2431 πρὸς
1247 2362 1348 2432 τὴν
1375 2364 1636 2433 νηστείαν
1670 2365 1820 2432 ἡμᾶς
1867 2367 1979 2416 διε-

405 2453 705 2521 γείροντες.
738 2450 902 2504 Ὅθεν
956 2453 1052 2505 καὶ
1101 2453 1204 2524 τὴν
1254 2455 1362 2523 πρὸ
1396 2456 1497 2524 τῆς
1539 2455 1789 2525 νηστείας
1829 2455 1982 2508 ἐϐδο-

405 2541 549 2608 μάδα
578 2541 641 2593 οὐ
674 2541 1004 2610 κρεοφάγοι),
1026 2542 1163 2595 ἀλλὰ
1202 2544 1514 2611 τυροράγον
1583 2540 1724 2595 εἶναι
1753 2561 1982 2613 νενομο-

404 2632 667 2701 θετήκασι
692 2649 705 2662 ·
729 2634 823 2685 xa't
856 2633 1174 2702 προεόρτιον
1196 2636 1292 2700 τῆς
1310 2634 1564 2702 νηστείας
1593 2634 1799 2703 ταύτην
1825 2636 1976 2701 φασί.

402 2724 514 2777 Καὶ
545 2723 771 2793 τριῴδια
805 2724 1030 2792 ψάλλειν
1069 2725 1166 2779 καὶ
1198 2726 1462 2794 ίδιὸμελα,
1483 2724 1556 2788 ὡς
1592 2728 1683 2779 καὶ
1716 2728 1855 2780 κατὰ
1879 2727 1977 2796 τὴν

398 2817 561 2884 ἁγίαν
624 2817 1080 2887 Τεσσαρακοστὴν
1147 2817 1512 2873 διετύπωσαν.
1573 2821 1681 2875 Καὶ
1733 2822 1832 2883 τὰς
1884 2821 1978 2873 δύο

399 2909 607 2971 ταύτας
659 2909 825 2978 μέσον
876 2909 1155 2963 τεθείκασι
1189 2909 1447 2979 νηστείας
1487 2910 1758 2980 Τετράδος
1789 2927 1848 2961 τε
1882 2912 1978 2963 καὶ

399 3001 790 3069 Παρασκευῆς,
827 3003 883 3055 ἐν
917 2995 1005 3063 αἷς
1041 3001 1135 3054 καὶ
1163 3002 1463 3071 προφητῶν
1494 3004 1681 3074 ῥήσεις
1718 3004 1848 3073 περὶ
1882 3021 1978 3072 νη·

398 3095 604 3158 στείας,
632 3097 725 3148 καὶ
755 3094 880 3155 τοὺς
905 3094 1034 3164 περὶ
1064 3095 1231 3164 αὐτῆς
1263 3095 1454 3163 λόγους
1488 3096 1581 3149 τοῦ
1614 3096 1976 3163 θεοφάντορος

400 3186 683 3239 Βασιλείου
732 3186 989 3253 λέγεσθαι
1050 3187 1389 3253 διετάξαντο.
1442 3187 1607 3240 Ὅθεν
1661 3191 1756 3241 καὶ
1806 3186 1882 3250 ὡς
1915 3186 1977 3239 τὸ

399 3278 628 3348 ἀρχαῖόν
674 3292 806 3347 φησι
843 3277 1073 3329 τυπικὸν
1125 3277 1224 3345 τῆς
1284 3278 1530 3347 μεγάλης
1569 3279 1927 3351 Ἐκκλησίας,
1952 3280 1980 3332 ὁ

401 3370 745 3440 πατριάρχης
786 3369 925 3422 κατὰ
954 3373 1051 3435 τὴν
1085 3369 1327 3440 Τετράδα
1353 3372 1449 3440 τῆς
1472 3371 1799 3440 Τυροφάγου
1828 3373 1982 3442 πρῶ-

396 3478 489 3525 τος
527 3463 863 3530 ἐλειτούργει
916 3462 984 3515 τὰ
1034 3452 1479 3548 προηγιασμένα,
1514 3464 1572 3515 ἐν
1676 3463 1740 3530 δὴ
1776 3465 1872 3515 καὶ
1910 3465 1977 3533 τῇ

400 3555 736 3624 Παρασκευῇ
797 3555 935 3624 μετὰ
986 3556 1081 3622 τῆς
1134 3554 1391 3626 νηστείας
1429 3556 1524 3607 κει
1557 3556 1721 3623 τυρὸν
1778 3555 1981 3608 ἐσθίειν

398 3649 519 3710 ἔθος
548 3645 637 3718 ἦν,
673 3647 812 3717 πρὸς
843 3648 1122 3716 ἀναίρεσιν
1156 3648 1439 3716 αἰρετικῆς
1467 3666 1610 3709 τινος
1648 3646 1827 3715 δόξης.
1890 3647 1980 3697 Ἐν

396 3744 519 3804 ταῖς
548 3740 700 3794 δυσὶν
726 3739 817 3792 οὖν
846 3739 1079 3800 ἐκείναις
1108 3739 1203 3808 τῆς
1236 3738 1561 3808 Τυροφάγου
1593 3740 1876 3807 νηστείαις
1911 3739 1979 3790 τὰ

398 3832 509 3885 τῶν
557 3830 1024 3900 προηγιασμένων
1058 3828 1230 3892 οὕτως
1281 3830 1520 3881 ἐτελεῖτο
1567 3829 1803 3897 simpli};
1830 3845 1842 3860 ·
1885 3829 1981 3881 καὶ

398 3926 458 3975 ἐν
488 3926 605 3983 ταῖς
638 3922 896 3983 παλαιαῖς
928 3922 1242 3990 εὑρίσκεται
1272 3922 1574 3985 διατάξεσι,
1620 3923 1711 3972 καὶ
1744 3918 1813 3970 τὰ
1852 3921 1981 3970 ἁνα-

396 4017 701 4083 γνώσματα
757 4014 1099 4085 μαρτυροῦσι
1142 4014 1211 4066 τὰ
1266 4014 1607 4083 προφητικὰ,
1637 4013 1712 4075 ὡς
1745 4013 1981 4082 εἰρήκα-

402 4126 503 4177 μεν
527 4126 541 4139 ο
567 4111 663 4161 καὶ
690 4109 749 4161 τὸ
778 4109 912 4178 μηδὲ
945 4107 1251 4174 Εὑαγγέλια
1278 4108 1533 4174 λέγεσθαι
1558 4109 1614 4159 ἐν
1642 4108 1834 4168 αὐταῖς
1860 4107 1980 4167 ταῖς

399 4205 660 4272 ἡμέραις,
686 4200 759 4263 ὡς
812 4201 930 4252 οὐδὲ
963 4202 1084 4266 ταῖς
1114 4200 1276 4252 πέντε
1306 4199 1404 4267 τῆς
1432 4198 1724 4267 ἑϐδομάδος
1747 4199 1802 4248 ἐν
1828 4197 1979 4267 πάσῃ

326 4311 330 4315 ‘
397 4298 465 4364 τῇ
499 4296 953 4365 Τεσσαρακοστῇ,
975 4294 1050 4357 ὡς
1087 4293 1263 4345 πάντα
1288 4285 1514 4362 δηλοῦσί
1545 4291 1615 4344 τὰ
1642 4290 1981 4356 εὐαγγελικὲι

398 4387 605 4456 βιϐλία.
642 4390 748 4439 Καὶ
771 4390 912 4440 κατὰ
947 4388 1046 4456 τὴν
1072 4383 1236 4452 ἁγίαν
1281 4383 1337 4435 δὲ
1370 4386 1467 4436 καὶ
1501 4384 1749 4452 μεγάλην
1795 4383 1978 4449 Παρα-

398 4482 601 4550 σκευὴν
653 4479 827 4541 οὕτως
869 4478 1107 4549 ἐξαρχῆς
1141 4476 1568 4547 προηγιασμένα
1609 4475 1868 4525 ἐτελεῖτο.
1899 4473 1976 4526 Οὐ

2088 2010 2336 2054 cuturos.
2354 1997 2595 2052 Tandem
2624 1999 2879 2053 exsilium
2907 1999 3095 2053 Adami
3122 2010 3508 2068 proponeutes,
3526 1996 3674 2066 quod

2088 2100 2310 2160 propter
2346 2089 2534 2143 luxum
2569 2098 2627 2144 et
2657 2090 2991 2158 voluptatem
3051 2090 3268 2151 accidit,
3304 2091 3369 2143 ad
3404 2089 3673 2159 jejunium

2088 2179 2472 2234 adhortantur.
2500 2177 2913 2249 Proptereaque
2937 2177 3354 2246 hebdomadam,
3383 2194 3506 2248 quae
3545 2187 3675 2232 ante

2082 2272 2353 2344 jejunium
2376 2281 2483 2338 est,
2519 2281 2631 2327 uta
2662 2271 2922 2327 carnibus
2955 2272 3346 2339 absuneretur,
3385 2286 3493 2326 non
3543 2270 3675 2325 item

2098 2379 2336 2430 acaseo,
2401 2363 2520 2432 lege
2582 2375 2898 2418 sanxerunt.
2959 2362 3131 2430 Quam
3211 2362 3404 2433 jejunii
3466 2360 3677 2430 profes-

2087 2466 2202 2510 tum
2263 2463 2597 2524 nunenpant,
2644 2463 2699 2509 et
2752 2455 2973 2509 'l‘riodia
3040 2470 3255 2517 canere,
3288 2462 3343 2508 et
3392 2453 3674 2517 ldiomela,

2085 2554 2143 2600 ut
2204 2546 2327 2600 aliis
2404 2547 2549 2601 sacri
2639 2545 3145 2615 Quadragesimalis
3223 2545 3416 2614 jrinnti
3479 2544 3675 2599 diebus

2083 2639 2563 2710 praescripserunt,
2586 2645 2639 2692 et
2661 2638 2795 2692 duas
2822 2639 2987 2692 hasce
3040 2636 3248 2691 medias
3309 2636 3374 2690 ad
3413 2634 3673 2705 jejunan-

2082 2731 2211 2783 dum
2270 2744 2521 2799 posuere,
2580 2728 2774 2783 feriam
2828 2738 3078 2797 ιιιιιιιιιιιι
3133 2740 3183 2782 et
3240 2737 3493 2793 sextam;
3551 2726 3674 2795 qui-

2083 2822 2184 2875 bus
2233 2830 2286 2874 et
2327 2822 2716 2889 prophetarum
2774 2822 2839 2875 de
2873 2822 3081 2890 jejmio
3143 2820 3304 2882 dicta,
3338 2829 3393 2873 et
3442 2818 3511 2873 de
3566 2819 3673 2873 hoc

2082 2912 2275 2967 eodem
2357 2911 2527 2965 divini
2598 2910 2782 2966 Basilii
2871 2911 3149 2965 orationes
3224 2911 3481 2981 legendas
3549 2924 3676 2966 esse

2080 3004 2464 3057 decreverunt.
2536 3002 2695 3069 ll’ne,
2742 3010 2803 3057 ut
2860 3012 3138 3057 vetustum
3185 3001 3451 3075 Typicum
3508 3002 3675 3057 refert

2081 3112 2292 3166 magna:
2365 3096 2645 3162 Ecclesia,
2728 3097 3077 3166 patriarcha,
3141 3098 3450 3168 Tymphagi
3536 3096 3672 3150 feria

2083 3196 2298 3258 quarta,
2330 3190 2542 3257 primus
2562 3197 2685 3243 ante
2705 3188 2843 3242 alios
2866 3186 3324 3242 Prmsanctificata
3343 3186 3672 3250 celebrabat,

2086 3295 2190 3348 qua
2214 3289 2267 3334 et
2296 3279 2428 3334 feria
2461 3288 2612 3334 sexta
2646 3295 2767 3333 cum
2802 3279 3009 3349 jejunio
3038 3294 3260 3333 caseum
3292 3278 3456 3332 edere
3502 3277 3671 3331 moris

2085 3384 2223 3439 erat,
2265 3373 2332 3428 ad
2366 3372 2721 3427 refellendam
2756 3373 3048 3441 quamdam
3088 3371 3401 3426 limreticam
3444 3380 3670 3425 sentcn-

2089 3463 2240 3514 tium.
2280 3460 2395 3516 lllis
2427 3462 2612 3530 itaque
2666 3460 2881 3515 duobus
2909 3459 3219 3529 Tyropbagi
3249 3460 3502 3529 jejuniis.
3532 3457 3659 3512 Prte-

2086 3553 2556 3607 snnctificatorum
2594 3553 2781 3616 missa,
2810 3553 2877 3604 ah
2909 3552 3086 3617 initio,
3123 3552 3223 3604 hoc
3248 3550 3411 3604 modo
3443 3565 3656 3617 perage-

2086 3648 2264 3709 batur,
2291 3653 2433 3697 utet
2466 3644 2517 3698 in
2574 3643 2816 3710 antiquis
2870 3640 3358 3697 constitutionibus
3412 3640 3668 3694 animad-

2087 3738 2320 3791 vertitur
2384 3744 2438 3790 et
2499 3738 2889 3805 prophetarum
2942 3735 3205 3788 lectiones
3257 3742 3547 3792 testantur.
3608 3741 3666 3786 ut

2083 3830 2355 3893 diximus;
2378 3836 2432 3883 et
2460 3829 2606 3897 quod
2664 3827 2954 3893 Evangelia
2995 3825 3102 3878 illis
3166 3823 3363 3877 diebus
3391 3840 3499 3878 non
3531 3823 3666 3877 reci-

2086 3930 2294 3983 tantur,
2318 3919 2781 3989 quemadmodum
2810 3926 2866 3971 et
2900 3919 3124 3984 reliquis
3175 3916 3420 3985 quinque
3443 3917 3668 3969 univer-

2083 4033 2156 4070 sa:
2173 4016 2616 4083 Quadragesimaa
2637 4014 3088 4075 hebdomadibus,
3121 4023 3177 4063 ιιι
3196 4026 3386 4063 omnes
3419 4011 3669 4079 Evange-

2084 4111 2277 4162 liorum
2341 4107 2464 4161 libri
2507 4105 3027 4161 connnonefaeiunt.
3072 4105 3272 4158 Sancta
3329 4117 3549 4172 quoque
3612 4111 3668 4157 et.

2086 4215 2277 4269 magna
2309 4200 2468 4254 Fit-ria
2499 4207 2678 4257 sexta,
2712 4199 2777 4251 ab
2813 4197 2997 4261 initio,
3026 4196 3128 4249 hac
3156 4195 3388 4259 ratione,
3414 4195 3667 4249 Prmsan-

2083 4295 2321 4348 ctiﬁrata
2348 4293 2773 4362 peragebantur.
2801 4289 2993 4358 Neque
3041 4289 3187 4343 enim
3220 4288 3473 4341 l’atribus
3503 4289 3668 4341 susti-

2083 4387 2321 4441 nendum
2360 4386 2662 4445 videbatur,
2683 4383 2824 4436 diem
2846 4382 3079 4449 aliquem
3108 4378 3460 4449 praeteriisse,
3490 4393 3671 4447 neque

2084 4495 2180 4548 per
2210 4477 2465 4548 mysteria
2523 4475 2811 4529 Dmniuum
2863 4474 3246 4543 conspexisse,
3305 4487 3401 4541 per
3428 4487 3571 4542 quae,
3609 4478 3671 4524 ut

394 4573 507 4643 γάρ
543 4590 674 4624 ποτε
705 4575 815 4633 τοῖς
864 4569 1143 4639 Πατράσιν
1184 4569 1355 4620 ἐδόκει
1386 4566 1613 4619 ἀνεκτὸν
1646 4560 1787 4617 εἶναι
1838 4564 1979 4634 ἡμέο

2085 4580 2139 4627 et
2166 4570 2279 4640 ipse
2299 4570 2500 4632 aiebat,
2524 4584 2691 4621 unum
2729 4567 3014 4621 nobiscum
3044 4573 3208 4619 esset.
3235 4563 3319 4625 lit,
3353 4582 3371 4615 ι
3399 4561 3538 4618 Ecce
3564 4576 3665 4630 ego

399 4682 500 4735 ραν
529 4663 652 4716 τινὰ
683 4662 995 4732 παρελθεῖν,
1025 4661 1120 4713 καὶ
1154 4657 1230 4728 μὴ
1264 4659 1570 4727 ἑωρακέναι
1603 4656 1695 4709 διὰ
1725 4655 1838 4708 τῶν
1868 4672 1975 4724 μυη-

399 4759 642 4828 στηρίων
678 4758 767 4809 τὸν
814 4757 1041 4825 Κύριον,
1073 4754 1139 4807 δι’
1167 4747 1241 4808 ὧν
1286 4753 1392 4823 ἔφη
1424 4752 1517 4804 καὶ
1545 4751 1706 4827 αὐτος
1740 4749 1804 4803 ἓν
1836 4744 1976 4803 εἶναι

403 4852 523 4924 μεθ’
564 4852 723 4921 ἡμῶν
747 4868 761 4880 ·
787 4851 882 4903 καὶ
906 4848 993 4916 τὸ,
1037 4848 1186 4903 Ἰδοὺ
1227 4847 1342 4916 ἐγὼ
1366 4845 1492 4916 μεθ’
1519 4843 1687 4913 ὑμῶν
1717 4846 1836 4911 εἰμι
1866 4843 1980 4895 πά·

306 4944 313 4947 ’
393 4960 516 5010 σας
545 4943 652 5009 τὰς
681 4940 904 5012 ἡμέρας
928 4941 1039 5006 ἕως
1064 4940 1175 5010 τῆς
1200 4938 1565 5004 συντελείας
1597 4936 1704 4990 τοῦ
1731 4934 1976 5000 οίῶνος.

394 5035 569 5092 Τοῦτο
603 5035 714 5106 γὰρ
745 5036 871 5106 ἔφη,
904 5037 1005 5103 οὐχ
1058 5035 1142 5088 ὅτι
1195 5034 1337 5104 μετὰ
1390 5030 1567 5085 ταῦτα
1613 5031 1714 5083 οὐκ
1747 5029 1978 5098 ἔμελλεν

394 5128 539 5187 εἶναι
576 5134 808 5185 πάντοτε
842 5127 961 5199 μεθ’
997 5128 1177 5197 ἡμῶν,
1207 5125 1324 5188 πῶς
1350 5142 1366 5192 ;
1395 5124 1424 5175 ὁ
1465 5122 1601 5193 πρὸς
1628 5123 1723 5174 τὸν
1756 5118 1977 5186 Πατέρα

394 5230 455 5281 ἐν
493 5225 570 5294 τῷ
618 5222 876 5293 εὖχεσθαι
922 5220 1119 5287 λέγων,
1151 5217 1365 5284 Πάτερ,
1412 5214 1519 5280 οὓς
1552 5208 1823 5275 δέδωκάς
1848 5225 1975 5279 μοι,

394 5316 549 5372 θέλω
581 5316 683 5368 ἵνα
713 5313 869 5366 ὅπου
900 5310 1018 5378 είμί
1048 5308 1187 5377 ἐγὼ,
1216 5305 1485 5362 κάκεῖνοι
1513 5298 1626 5357 ὦσι
1649 5298 1780 5371 μετ’
1804 5296 1975 5367 ἐμοῦ,

392 5410 497 5465 ἵνα
526 5406 794 5474 θεωρῶσι
822 5405 936 5482 τὴν
963 5403 1153 5466 δόξαν
1176 5400 1289 5467 τὴν
1311 5398 1485 5468 ἐμήν.
1509 5396 1617 5448 Καὶ
1640 5394 1745 5460 πρὸ
1767 5390 1975 5457 ὀλίγου,

395 5506 507 5562 Kal
538 5503 654 5572 ἐγὼ
674 5502 791 5569 τὴν
815 5501 1006 5567 δόξαν
1034 5497 1115 5567 ἣν
1158 5494 1425 5559 δέδωκάς
1464 5508 1567 5561 μοι
1605 5488 1839 5543 δέδωκα
1868 5485 1981 5539 at).

393 5597 544 5662 τοῖς,
579 5597 683 5650 ἵνα
728 5590 881 5647 ὦσιν
909 5592 1003 5655 ἐν,
1046 5591 1243 5655 καθὼς
1274 5586 1449 5656 ἡμεῖς
1478 5584 1548 5638 ἓν
1606 5582 1818 5650 ἐσμεν,
1875 5573 1976 5631 καί

395 5691 511 5761 ἐγὼ
540 5690 610 5744 ἐν
633 5687 857 5755 αὐτοῖς,
883 5685 981 5741 καί
1015 5685 1097 5739 σὺ
1126 5685 1198 5737 ὲν
1225 5682 1377 5752 ἐμοὶ,
1405 5681 1508 5734 ἵνα
1536 5674 1652 5733 ὦσι
1675 5676 1977 5731 τετελειω-

389 5786 565 5857 μένοι
596 5785 684 5850 είς
718 5783 806 5835 ἓν.
856 5780 996 5834 Ἀλλ’
1045 5778 1149 5841 ἕως
1209 5778 1309 5847 μὲν
1363 5776 1463 5844 τῆς
1521 5769 1840 5829 συντελείας
1880 5763 1977 5857 τού

396 5854 589 5940 αἰῶνος
638 5873 790 5927 ἔσται
844 5873 933 5924 διὰ
978 5870 1086 5923 τῶν
1144 5867 1465 5937 μυστηρίων
1504 5860 1698 5924 αὑτοῦ.
1733 5858 1856 5913 Ἔτι
1914 5854 1974 5910 δὲ

688 5971 956 6039 Persen.
987 5967 1107 6030 Gn.
1151 5962 1327 6025 CLV.

2085 4663 2369 4717 vobiscum
2405 4676 2525 4713 sum
2553 4659 2808 4711 omnibus
2854 4656 3051 4711 diebus
3101 4669 3276 4723 usque
3308 4655 3373 4709 ad
3411 4668 3671 4709 consum-

2085 4756 2382 4808 mationem
2409 4753 2645 4807 smenli.»
2673 4750 2787 4805 lloc
2814 4764 2978 4819 porro
3008 4748 3286 4809 dixit,uou
3317 4744 3461 4813 quod
3482 4752 3667 4811 postea

2081 4856 2298 4911 semper
2330 4857 2439 4894 non
2478 4849 2624 4894 esset
2646 4852 2750 4892 una
2790 4837 3079 4891 nobiscum
3108 4836 3357 4895 illiurttﬁ;
3395 4831 3485 4899 qui
3517 4831 3663 4883 enim

2084 4934 2134 4987 id
2167 4933 2284 4987 fieri
2336 4932 2531 5002 potuit,
2564 4946 2685 4982 cum
2718 4928 2833 4996 ipse
2885 4925 2949 4979 ad
2976 4925 3192 4978 Patrem
3231 4924 3370 4975 inter
3392 4920 3661 4974 orandum

2082 5022 2287 5079 diceret
2318 5039 2331 5075 :
2366 5042 2384 5075 ι
2410 5025 2588 5084 Pater,
2612 5033 2750 5089 quos
2768 5017 2968 5071 dedisti
2996 5014 3154 5078 mihi,
3173 5013 3319 5076 volo,
3347 5024 3424 5077 ut,
3448 5010 3537 5065 uhi
3561 5024 3665 5079 ego

2083 5131 2229 5181 sum,
2254 5125 2311 5170 et
2332 5114 2405 5167 illi
2429 5113 2793 5174 sintmecum,
2815 5117 2875 5162 ut
2898 5106 3117 5162 videant
3153 5103 3384 5172 gloriam
3412 5117 3611 5157 meam.
3636 5119 3660 5156 ι

2080 5207 2150 5261 Et
2180 5205 2368 5276 paucis
2425 5201 2757 5272 interjectis:
2792 5217 2811 5251 ι
2833 5199 2913 5254 ‘Et
2954 5212 3054 5267 ego
3083 5196 3337 5266 gloriam,
3367 5209 3533 5264 quam
3566 5192 3666 5247 de-

2080 5298 2210 5357 disti
2247 5296 2409 5361 mihi,
2450 5295 2571 5350 dedi
2605 5294 2706 5356 eis,
2749 5301 2809 5348 ut
2843 5292 2952 5346 sint
2983 5304 3176 5353 unum,
3202 5285 3669 5357 quemadmodum

2080 5399 2134 5448 et
2160 5406 2261 5446 nos
2284 5404 2452 5445 unum
2482 5402 2694 5451 sumus,
2731 5394 2787 5441 et
2818 5400 2920 5455 ego
2948 5385 3001 5437 in
3032 5383 3163 5448 illis,
3196 5388 3251 5436 et
3279 5388 3335 5435 tu
3368 5379 3423 5433 in
3464 5394 3574 5445 me,
3605 5389 3665 5432 ut

2081 5481 2192 5539 sint
2210 5478 2437 5551 perfecti
2462 5479 2518 5533 in
2544 5491 2715 5531 unum
2740 5492 2754 5529 :
2784 5493 2804 5528 ι
2830 5482 3206 5529 verumtamen
3227 5470 3293 5524 ad
3309 5480 3662 5527 consumma-

2078 5574 2281 5632 tionem
2302 5585 2477 5642 usque
2507 5568 2693 5627 saeculi
2715 5568 2820 5624 erit
2853 5583 2949 5637 per
2970 5580 3069 5620 sua
3094 5561 3375 5636 mysteria.
3395 5559 3665 5613 Praeterea

2077 5667 2132 5723 id
2155 5680 2373 5735 quoque
2403 5663 2562 5731 dixit,
2586 5661 2733 5734 quod
2760 5675 2908 5715 nunc
2934 5674 3042 5713 non
3070 5659 3342 5715 videatur,
3372 5660 3658 5720 postquam

2078 5772 2318 5829 corpore
2341 5754 2611 5821 ascendit,
2677 5764 2967 5824 quousque
3000 5756 3115 5802 tum
3147 5743 3360 5801 venerit
3390 5756 3406 5794 :
3442 5754 3511 5795 ne
3539 5737 3667 5809 quis

2079 5853 2138 5911 in
2164 5865 2288 5910 eam
2341 5848 2669 5933 sententiam
2698 5845 2881 5914 iverit,
2936 5856 3063 5898 eum
3098 5851 3246 5895 nunc
3268 5850 3381 5892 non
3402 5846 3535 5890 esse
3564 5843 3660 5884 no-

3141 5933 3223 5994 29
