4118 6450
480 410 589 474 907

1272 410 1659 473 SYMEONIS
1697 404 2145 470 THESSALON
2159 405 2455 469 lCENSIS
2496 405 2868 468 ARCHIEP.

3634 409 3745 471 903

484 526 715 601 hiscum,
749 524 894 596 quod
927 538 1035 580 non
1058 523 1129 581 sit
1158 524 1314 580 nobis
1339 523 1690 592 coniunctus,
1722 523 1815 579 sed
1851 522 2065 589 credat,

2173 519 2332 573 τοῦτο
2360 520 2587 590 εἴρηκε,
2621 520 2716 573 καὶ
2754 519 2843 574 διὰ
2897 518 2960 574 τδ
3000 520 3084 592 μὴ
3136 519 3367 592 ὁρᾶσθαι
3392 518 3488 574 νῦν
3524 524 3659 592 μετὰ
3686 525 3750 577 τὶ

488 616 664 673 multo
708 616 996 672 intervallo
1032 616 1308 679 dissitum,
1371 616 1659 670 nobiscum
1695 630 1839 682 esse,
1872 630 2069 670 unum-

481 721 589 776 que
609 721 733 762 cum
765 707 945 773 nobis,
978 708 1093 761 suis
1119 707 1416 778 mysteriis.
1440 707 1576 760 ﬁeri.
1602 707 1742 761 'l‘um
1766 721 1893 761 vero
1916 705 2064 762 vide-

472 799 662 854 bimus
703 814 829 853 eum
879 797 1041 854 sicuti
1089 806 1195 864 est,
1246 806 1307 852 ut
1358 797 1596 853 dilectus
1642 796 1831 852 tradit.
1866 796 1934 851 Et
1966 799 2069 853 hac

478 891 695 947 ratione
727 900 992 962 perpetuo
1028 907 1136 947 una
1163 906 1288 948 cum
1321 891 1558 947 Domino
1580 891 1807 956 erimus,
1840 900 1902 947 ut
1926 892 2070 947 Pan.

466 983 564 1041 lus
617 986 798 1040 docet.
837 984 940 1039 Sed
1000 1000 1148 1039 nunc
1180 985 1367 1040 nescio
1397 1000 1505 1055 qua
1565 984 1779 1040 ratione
1827 984 2066 1041 desitum

476 1076 547 1131 sit
561 1090 629 1131 eo
661 1083 906 1145 tempore
929 1074 1383 1131 Praesanctiﬂcata
1406 1075 1589 1147 peragi
1615 1092 1629 1128 :
1656 1075 1854 1146 opinor
1884 1086 2067 1131 autem

474 1168 624 1238 quod
654 1168 957 1238 perlectum
1003 1170 1271 1241 jejunium
1304 1185 1413 1224 non
1466 1170 1562 1233 sit,
1588 1183 1763 1239 neque
1816 1169 2065 1236 Missam,

474 1262 559 1316 uti
587 1262 754 1317 moris
789 1270 894 1327 est,
940 1263 1238 1330 perfectam
1283 1261 1421 1328 ﬁeri,
1456 1260 1687 1331 ideoque
1725 1261 1890 1315 etiam
1926 1259 2069 1315 Prte-

476 1354 817 1409 aanctiﬁcata
876 1354 1205 1426 neglexisse.
1239 1353 1433 1409 Adhuc
1501 1353 1667 1408 etiam
1701 1367 1770 1408 ex
1798 1350 2062 1408 Hieroso-

473 1446 740 1518 lymitano
758 1447 985 1520 Typico,
1014 1448 1161 1517 quod
1195 1446 1476 1517 proprium
1532 1446 1929 1502 monachorum
1961 1453 2066 1509 est,

474 1550 530 1594 et
558 1540 705 1595 aliud
732 1556 760 1594 a
783 1556 996 1609 magna;
1042 1540 1306 1595 Ecclesia:
1334 1537 1567 1611 Typico,
1613 1538 1761 1610 quod
1797 1538 2069 1594 universa:

474 1632 736 1689 Ecclesia:
791 1633 1205 1703 sequebantur;
1236 1632 1511 1686 continua
1540 1646 1669 1685 vero
1714 1629 1956 1700 gentium
1992 1630 2066 1684 ir-

473 1726 765 1795 ruptiones
791 1724 1037 1779 ordinem
1070 1724 1219 1779 illius
1268 1714 1670 1793 pervenerunt,
1706 1729 1761 1777 et
1793 1736 1941 1777 nunc
2005 1720 2065 1775 in

476 1817 751 1873 catholica
795 1815 1171 1871 tantummodo
1205 1812 1785 1869 Thessalonicensium
1814 1812 2065 1868 Ecclesia

472 1911 744 1980 reliquum
783 1918 889 1964 est.
927 1907 1132 1963 Sancta
1160 1922 1290 1963 vero
1315 1916 1367 1962 et
1396 1921 1595 1977 magna
1625 1905 1931 1961 Parasceve
1960 1920 2069 1959 non

474 2004 775 2072 perfectam
802 1986 1023 2056 Missam
1064 2000 1434 2067 celebramus,
1456 1997 1604 2067 quod
1634 1998 1898 2061 tradens,
1930 1994 2067 2051 feria

473 2110 528 2159 v,
562 2093 827 2149 Dominus
854 2092 1115 2162 mysteria
1149 2092 1204 2146 in
1232 2090 1553 2147 memoriam
1598 2103 1712 2142 suae
1773 2087 2067 2157 passionis,

477 2186 615 2243 feria
664 2196 817 2243 sexta
844 2186 1158 2256 passionem
1188 2183 1377 2238 volens
1408 2181 1599 2246 subiit,
1638 2188 1698 2233 ut
1722 2180 1927 2235 dictum
1957 2187 2063 2241 est,

477 2290 533 2335 et
577 2293 675 2350 per
700 2294 920 2334 crucem
970 2276 1328 2346 semetipsum
1366 2271 1718 2334 sacriﬁcavit,
1749 2270 2066 2325 facultatem

478 2374 729 2446 prazbens
786 2372 851 2426 iis
902 2369 997 2441 qui
1058 2369 1236 2439 ipsum
1276 2366 1437 2422 morti
1480 2366 1788 2421 lradebaut.
1816 2366 2068 2434 Quapro-

478 2474 598 2535 pter
624 2464 786 2519 veluti
826 2463 881 2518 in
911 2462 1097 2517 divino
1121 2459 1243 2530 ejus
1270 2473 1508 2529 corpore
1530 2456 1803 2513 sacriﬁcio
1825 2471 1922 2527 per
1942 2470 2070 2527 pas-

475 2558 688 2613 sionem
723 2566 966 2627 peracto,
1006 2570 1113 2610 non
1170 2562 1256 2609 εει
1303 2565 1531 2606 necesse
1596 2564 1813 2612 rursus,
1849 2558 1911 2602 111.
1946 2563 2066 2615 1108,

475 2665 600 2721 quae.
633 2649 697 2704 ad
732 2649 1053 2704 memoriam
1109 2646 1385 2717 passionis
1419 2646 1535 2717 ejus
1569 2644 1801 2709 faciunt,
1838 2657 2066 2714 peraga-

476 2757 618 2805 mus,
676 2756 800 2795 cum
839 2741 957 2810 ipse
994 2749 1110 2792 tum
1167 2753 1287 2792 eam
1323 2737 1555 2793 subierit
1596 2754 1611 2791 :
1667 2746 2069 2805 proptereaque

473 2833 784 2890 absolutum
847 2831 1180 2887 sacriﬁcium
1231 2830 1433 2893 facere,
1457 2844 1522 2884 eo
1555 2838 1796 2899 tempore
1837 2839 2067 2897 prorsus

476 2924 736 2979 traditum
772 2938 882 2978 non
922 2922 1254 2991 recepimus.
1294 2920 1691 2975 Verumtamen
1736 2918 2066 2973 Praesancﬁ-

477 3016 639 3073 licata
674 3028 984 3085 proponere
1014 3022 1069 3068 et
1091 3012 1405 3068 ministrare
1432 3010 1769 3081 accepimus,
1799 3009 2065 3078 quemad-

479 3107 779 3164 modumin
812 3104 1003 3159 multis
1031 3118 1196 3172 supra
1223 3101 1513 3158 recensitis
1534 3100 2059 3164 Constituiionibus,

2172 608 2566 680 ἀναληφθῆναι
2596 611 2926 679 σωματικῶς
2963 611 3093 682 ἄχρι
3125 612 3219 669 τοῦ
3265 608 3440 668 ἐλθεῖν
3484 618 3626 676 τότε.
3659 620 3749 669 tu

2175 699 2249 770 μή
2273 717 2357 764 τις
2383 702 2603 775 νομίσῃ,
2635 702 2719 755 ὅτι
2744 718 2807 770 γε
2831 702 2910 775 μὴ
2940 704 3221 776 ὁρώμενος
3253 706 3411 777 ἡμῖν,
3441 707 3562 778 μεθ’
3591 708 3753 779 ἡμῶν

2170 790 2274 845 οὐκ
2324 791 2445 846 ἐστι
2506 793 2625 859 νῦν⁹
2679 793 2819 847 ἀλλὰ
2869 796 3105 867 πιστεύῃ
3141 796 3220 862 ὡς
3256 797 3592 865 ἁδιαστάτως
3626 802 3750 856 tati

2176 884 2298 954 μεθ’
2320 886 2498 956 ἡμῶν,
2530 888 2628 940 καὶ
2683 886 2743 940 ἓν
2801 888 3012 956 γίνεται
3048 889 3171 961 μεθ’
3200 890 3358 961 ἡμῶν
3396 892 3509 957 τοῖς
3542 910 3753 964 μυστηο

2174 977 2317 1047 ρίοις
2342 975 2535 1031 αὐτοῦ.
2562 978 2698 1031 Τότε
2723 978 2779 1031 δὲ
2808 977 3055 1049 ὀψόμεθα
3075 980 3241 1035 αὐτὸν
3264 980 3450 1045 καθώς
3481 981 3650 1049 ἰστιν,
3673 984 3754 1047 ὡς

2172 1070 2266 1124 καὶ
2296 1071 2324 1123 ὁ
2354 1069 2714 1140 ἠγαπημένος
2751 1071 2909 1138 φησὶ,
2942 1074 3042 1122 καὶ
3082 1071 3225 1124 οὕτω
3255 1072 3482 1127 πάντοτε
3516 1074 3611 1127 σὺν
3638 1076 3753 1129 Κυ-

2177 1162 2277 1232 ρίῳ
2314 1162 2575 1232 ἐσόμεθα,
2608 1161 2801 1231 ὥσπερ
2836 1164 2863 1216 ὁ
2903 1164 3119 1228 Παῦλος
3165 1165 3428 1222 διδάσκει.
3474 1166 3614 1220 Ἀλλ’
3649 1169 3754 1224 οὐκ

2171 1251 2273 1309 οἶδ’
2334 1255 2482 1319 ὅπως
2530 1254 2692 1308 τοῦτο
2743 1252 2840 1308 νῦν
2899 1254 3196 1325 ἠμέληται,
3224 1257 3283 1309 τὸ
3333 1260 3754 1329 προηγιασμένα

2170 1349 2296 1403 τότε
2329 1348 2793 1419 λειτουργεῖσθαι.
2833 1344 3005 1418 Οῐμαι
3045 1349 3102 1403 δὲ
3128 1349 3218 1403 διὰ
3248 1350 3306 1403 τὸ
3340 1350 3413 1419 μὴ
3453 1351 3661 1405 τελείαν
3677 1348 3757 1405 εῖ-

2171 1458 2261 1497 ναι
2291 1442 2572 1514 νηστείαν,
2604 1442 2704 1498 καὶ
2737 1443 2877 1513 μηδὲ
2903 1442 3251 1512 λειτουργίαν
3279 1440 3354 1504 ὡς
3388 1442 3512 1506 εθος
3543 1441 3757 1499 τελεία-τ

2171 1534 2442 1603 γίνεσθαι,
2466 1536 2562 1590 καὶ
2591 1537 2691 1606 τῆς
2728 1536 2836 1591 τῶν
2869 1537 3331 1607 προηγιασμένων
3358 1530 3751 1606 καταμελῆσαί.

2176 1629 2303 1682 Ἔτι
2330 1629 2385 1682 δὲ
2416 1629 2512 1684 καὶ
2534 1630 2642 1684 ἀπὸ
2663 1630 2759 1685 τοῦ
2800 1628 3316 1701 Ἱεροσολυμητικοῦ
3343 1630 3598 1695 τυπικοῦ,
3617 1632 3754 1699 ὅπερ

2175 1722 2471 1791 μοναχικόν
2527 1723 2700 1779 ἐστιν.
2732 1722 2976 1793 Ἕτερον
3013 1723 3058 1775 δ’
3092 1724 3211 1776 ἐστὶ
3262 1724 3320 1777 τὸ
3363 1723 3460 1791 τῆς
3508 1723 3754 1795 μεγάλης

2186 1811 2543 1880 Ἐκκλησίας.
2570 1815 2708 1885 ὅπερ
2739 1813 2806 1882 δὴ
2862 1813 2956 1867 καὶ
3006 1814 3179 1867 πᾶσαι
3234 1808 3381 1885 εἶχον
3440 1812 3750 1885 ἔκκλησίαι.

2176 1900 2241 1953 Δί
2275 1904 2520 1969 συνεχεῖς
2555 1902 2611 1955 δὲ
2645 1904 2753 1955 τῶν
2782 1902 2954 1957 ἐθνῶν
2994 1903 3290 1974 ἐπιδρομαὶ
3318 1904 3415 1974 τὴν
3440 1905 3593 1971 τάξιν
3628 1906 3752 1959 τοῦ⁹

2172 2008 2267 2046 του
2315 1994 2649 2048 κατέλυσαν.
2692 1994 2782 2049 Ἐν
2814 1998 2881 2066 τῇ
2912 1995 3175 2067 καθολικῇ
3217 1997 3276 2050 δὲ
3308 1996 3447 2068 μόνῃ
3475 1998 3753 2053 ὑπολέλει-

2175 2102 2307 2138 πται
2336 2085 2446 2139 τῶν
2478 2087 2921 2145 Θεσσαλονικέων
2964 2089 3291 2162 Ἐκκλησία.
3323 2092 3402 2161 Τῇ
3424 2091 3478 2145 δὲ
3510 2092 3639 2162 ἁγίᾳ
3658 2095 3753 2147 καὶ

2178 2177 2389 2250 μεγάλῃ
2447 2181 2785 2251 Παρασκευῇ
2824 2181 2887 2233 οὐ
2920 2180 3136 2236 τελείαν
3170 2182 3517 2255 λειτουργίαν
3566 2187 3751 2240 ποιοῦ-

2177 2285 2301 2338 μεν,
2330 2270 2413 2322 ὅτι
2463 2270 2745 2341 παραδοὺς
2786 2274 2853 2343 τῇ
2891 2272 3122 2345 πέμπτῃ
3151 2275 3179 2327 ὁ
3211 2262 3513 2346 Κύριοςτὰ
3542 2281 3751 2349 μυστή-

2177 2377 2270 2428 ρια
2294 2362 2374 2423 είς
2400 2362 2707 2432 ἀνάμνησιν
2742 2362 2837 2417 τοῦ
2875 2365 3084 2429 πάθους
3114 2367 3303 2435 αὐτοῦ,
3349 2370 3489 2423 κατὰ
3517 2371 3614 2440 τὴν
3645 2372 3754 2425 Πα-

2176 2458 2450 2525 ρασκευὴν
2478 2456 2539 2509 τὸ
2575 2456 2752 2521 πάθος
2799 2459 3066 2528 ἑκουσίως
3098 2459 3360 2529 ὑπέμεινε
3384 2479 3398 2494 ·
3431 2463 3527 2516 καὶ
3549 2463 3639 2518 διὰ
3658 2462 3751 2519 τοῦ

2176 2546 2413 2615 σταυροῦ
2456 2547 2819 2620 ἱερούργησεν
2865 2552 3059 2606 ἑαυτὸν
3092 2552 3172 2623 τῷ
3206 2554 3378 2624 Πατρὶ
3408 2555 3750 2624 ἐθελουσίως,

2172 2639 2248 2703 ὡς
2303 2642 2546 2712 εἴρηται,
2598 2643 2790 2708 ἐκδοὺς
2826 2645 3044 2711 ἑαυτὸν,
3098 2647 3192 2701 καὶ
3227 2648 3288 2701 οὐ
3340 2650 3595 2718 προδοὺς,
3639 2653 3751 2714 τοῖς

2174 2730 2519 2801 βουλομένοις
2551 2733 2833 2802 φονεῦσαι.
2886 2737 2979 2789 Διὸ
3015 2739 3111 2791 καὶ
3165 2739 3241 2802 ὡς
3282 2742 3661 2810 γεγενημένης
3690 2744 3749 2795 ὲν

2120 2820 2127 2825 ’
2170 2821 2248 2893 τῷ
2280 2823 2409 2893 θείῳ
2436 2824 2604 2878 αὐτοῦ
2634 2825 2850 2895 σώματι
2883 2828 3004 2881 τότε
3032 2830 3131 2898 τῆς
3163 2829 3359 2895 θυσίας
3397 2832 3484 2886 διὰ
3524 2834 3617 2888 τοῦ
3645 2835 3747 2890 πά-

2173 2916 2321 2980 θους,
2355 2918 2415 2969 οὐ
2448 2918 2609 2988 χρεία
2651 2920 2815 2973 πάλιν
2845 2923 3018 2975 ποιεῖν
3047 2924 3196 2993 ἡμᾶς
3237 2924 3307 2978 τὰ
3337 2927 3416 2989 είς
3440 2926 3748 2999 ἀνάμνησιν

2170 3008 2265 3062 τοῦ
2300 3009 2507 3072 πάθους
2545 3010 2733 3077 αὑτοῦ,
2786 3014 2876 3066 ὅτε
2926 3014 3094 3079 αὐτὸς
3137 3015 3295 3070 τοῦτο
3343 3019 3600 3076 πέπονθε.
3650 3020 3750 3075 Διά

2170 3099 2330 3154 τοῦτο
2374 3101 2584 3155 τελείαν
2620 3103 2720 3171 μὲν
2749 3104 2870 3157 τότε
2909 3105 3102 3161 θυσίαν
3145 3108 3390 3177 ἐνεργεῖν
3425 3112 3484 3164 οὐ
3516 3110 3751 3180 παρελὰ-

479 3200 749 3269 librisque
798 3197 1024 3267 reliquis
1085 3195 1350 3259 antiquis,
1394 3194 1447 3247 in
1506 3194 1707 3262 quibus
1766 3191 2063 3263 Evangelia

2172 3191 2340 3262 ϐομεν
2380 3194 2552 3258 ὅλως·
2594 3199 3017 3269 προηγιασμένα
3074 3200 3129 3254 δὲ
3174 3202 3489 3272 προτιθέναι
3518 3206 3609 3260 καὶ
3643 3205 3753 3259 λει-

476 3293 795 3363 scriptaque
848 3287 1149 3359 apostolica
1201 3287 1548 3356 digeruntur,
1588 3286 1695 3341 hoc
1747 3286 1891 3340 idem
1925 3286 2064 3340 scri-

2168 3288 2423 3355 τουργεῖν
2482 3290 2870 3361 παρελάϐομεν
2898 3292 2972 3354 ὡς
3013 3293 3071 3344 ὲν
3119 3294 3335 3357 πολλοῖς
3383 3296 3488 3347 τῶν
3540 3298 3744 3351 ἄνωθεν

478 3392 629 3454 ptum
696 3379 964 3435 invenies.
1019 3376 1390 3431 Nihilominus
1437 3390 1585 3430 nunc
1630 3389 1697 3431 ex
1757 3375 2064 3430 monastico

2171 3376 2485 3442 διατάξεων.
2517 3379 2627 3434 Καὶ
2675 3381 2733 3431 ἐν
2773 3383 3161 3450 εὐαγγελικαίς
3197 3385 3290 3437 καὶ
3523 3388 3748 3443 ἀποστο-

477 3472 989 3543 Hierosolymorum
1013 3467 1219 3540 Typico
1243 3467 1298 3521 in
1328 3482 1431 3521 usu
1458 3482 1563 3520 non
1586 3464 1831 3521 est.Non
1855 3466 2061 3534 itaque,

476 3566 623 3637 quod
666 3564 719 3617 in
782 3562 908 3618 aliis
961 3559 1192 3631 jejuniis
1247 3558 1712 3629 prmsanctiﬁcata
1760 3572 1868 3612 non
1906 3560 2065 3621 ﬁunt,

474 3673 541 3714 ea
575 3654 977 3713 conlemnenda
1013 3661 1165 3719 sunt,
1194 3652 1289 3707 sed
1314 3649 1655 3706 observanda
1690 3651 1911 3721 potius;
1942 3665 2065 3704 cum

477 3759 533 3808 et
568 3750 623 3804 in
658 3762 858 3820 magno
900 3746 1146 3817 jejunio,
1182 3744 1421 3799 Sabbato
1464 3752 1517 3798 et
1551 3741 1855 3807 Dominica,
1892 3739 2069 3811 perfe-

476 3848 620 3896 ctam
642 3838 863 3893 missam
900 3835 1267 3898 celebramus,
1306 3842 1359 3887 et
1398 3831 1451 3886 in
1476 3833 1599 3887 aliis
1631 3832 1794 3887 etiam
1819 3832 2067 3902 jejuniis,

476 3944 600 3998 qua
630 3928 838 3983 violare
872 3926 1046 3991 nefas,
1080 3925 1246 3979 veluti
1294 3924 1477 3994 vigilia
1504 3924 1707 3979 Christi
1775 3923 2067 3988 natalium,

480 4018 800 4081 aninum,
835 4025 888 4072 et
920 4031 1116 4085 magna
1149 4015 1306 4070 Feria
1334 4030 1386 4080 v,
1417 4016 1488 4070 ita
1518 4016 1850 4088 peragimus,
1895 4017 2069 4074 necin

480 4106 590 4167 illis
617 4108 887 4178 jejunium
919 4108 1185 4163 solvimus
1207 4106 1351 4177 quod
1381 4106 1622 4176 perfecto
1657 4106 1927 4163 sacriﬁcio
1953 4116 2072 4160 uta-

482 4216 626 4256 mur.
650 4202 787 4256 -lmo
813 4210 865 4256 et
894 4215 1175 4271 maguum,
1208 4214 1377 4255 sacrae
1414 4198 1861 4271 Quadragesimae
1912 4200 2070 4255 addi-

487 4305 626 4360 tum,
694 4292 798 4346 alia
859 4305 1078 4362 quoque
1124 4291 1330 4361 jejunia
1384 4306 1504 4347 esse
1538 4292 1715 4348 innuit
1750 4309 1765 4346 :
1801 4300 1854 4345 ct
1910 4292 1981 4346 ob
2020 4293 2073 4348 id

481 4384 664 4450 potius
689 4381 836 4437 inter
876 4381 1009 4436 alias
1048 4396 1242 4451 magna
1270 4382 1495 4447 dicitur,
1533 4383 1677 4451 quod
1708 4393 1762 4437 et
1789 4383 1909 4437 alia:
1940 4383 2071 4449 sint,

2174 3467 2355 3532 λικαῖς
2411 3469 2613 3534 βίϐλοις
2676 3472 2935 3542 ἀρχαίαις
2998 3474 3254 3544 εὑρήσεις
3312 3476 3469 3530 τοῦτο
3506 3494 3751 3547 γεγραμ-

2169 3559 2353 3628 μένον.
2417 3561 2610 3631 Ὅμως
2685 3563 2741 3615 δὲ
2805 3563 2899 3618 νῦν
2962 3553 3063 3618 οὖκ
3128 3567 3432 3634 ἐνεργεῖται
3486 3569 3595 3621 ἀπὸ
3656 3567 3751 3623 τοῦ

2171 3654 2470 3724 μοναχικοῦ
2496 3656 2603 3709 τῶν
2643 3656 3040 3727 Ἰεροσολύμων
3072 3658 3325 3716 τυπικοῦ.
3357 3659 3430 3713 Οὐ
3462 3660 3602 3714 κατά
3630 3659 3751 3713 τοῦ-

2168 3764 2229 3800 το
2252 3747 2345 3801 οὖν
2378 3750 2460 3802 ὅτι
2492 3749 2552 3802 οὐ
2588 3751 3015 3821 προηγιασμένη
3071 3750 3385 3820 λειτουργία
3414 3752 3649 3806 τελεῖται
3690 3754 3749 3805 ιν

2169 3842 2291 3903 ταῖς
2341 3841 2532 3905 ἄλλαις
2568 3842 2871 3911 νηστείαις,
2932 3844 3151 3906 ὲκείνας
3217 3845 3550 3914 παροπτέον,
3614 3845 3748 3900 ἀλλὰ

2169 3932 2439 4002 τηρητέον
2475 3931 2696 4003 μᾶλλον.
2747 3934 2901 3987 Ἐπεὶ
2932 3937 3025 3987 καὶ
3074 3937 3134 3987 ὲν
3183 3938 3248 4006 τῇ
3283 3936 3500 4009 μεγάλη
3527 3938 3751 4009 νηστείᾳ

2172 4023 2439 4097 Σαϐϐάτῳ
2501 4042 2561 4079 τε
2632 4028 2727 4080 καὶ
2793 4029 3059 4100 Κυριακῇ
3113 4030 3378 4100 τελοῦμεν
3418 4031 3749 4101 λειτουργίαν

2169 4117 2416 4171 τελείανο
2452 4119 2547 4172 καὶ
2589 4121 2645 4172 ὲν
2684 4118 2873 4187 ᾇλλαις
2928 4120 2985 4173 δὲ
3023 4121 3406 4193 ἀπιραϐάτοις
3452 4121 3748 4194 νηστείαις,

2170 4206 2270 4276 τῆς
2302 4225 2360 4261 τε
2412 4209 2739 4279 παραμονῆς
2790 4208 2898 4263 τῶν
2948 4209 3186 4280 Χριστοῦ
3216 4211 3421 4280 γέννων
3465 4215 3628 4283 φημὶ,
3657 4214 3752 4266 καὶ

2172 4298 2279 4351 τῶν
2305 4299 2524 4362 Φὼτων,
2561 4303 2657 4356 καὶ
2691 4302 2830 4355 κατὰ
2868 4302 2969 4372 τὴν
3005 4302 3250 4375 μεγάλην
3290 4305 3573 4375 Πέμπτην,
3611 4302 3753 4358 οὕτω

2175 4390 2439 4461 ποιοῦμεν
2463 4408 2475 4421 '
2541 4395 2635 4447 καὶ
2671 4394 2731 4447 οὐ
2761 4394 3106 4465 καταλύομεν
3154 4395 3253 4465 τὴν
3287 4395 3537 4464 νηστείαν
3568 4397 3624 4449 ἑν
3660 4395 3755 4449 αὖ·

485 4478 602 4544 ipsa
638 4487 772 4528 vero
806 4474 944 4528 alias
969 4473 1390 4541 superemineat.
1430 4479 1563 4543 Apte
1609 4475 1774 4545 igitur
1819 4474 2075 4544 justeque

2174 4486 2314 4546 ταῖς,
2345 4483 2434 4536 διὰ
2464 4485 2522 4537 τὸ
2576 4486 2797 4547 τελείως
2828 4486 3155 4553 ἱερουργεῖν.
3189 4486 3296 4539 Καὶ
3325 4488 3385 4540 τὸ
3424 4487 3668 4557 μεγάλην
3695 4489 3752 4540 δὲ

485 4566 601 4619 hac
625 4570 853 4617 vocatur
886 4563 1097 4615 decima
1128 4579 1142 4627 ;
1178 4566 1305 4632 quia
1354 4566 1457 4619 etsi
1494 4565 1625 4629 Deo,
1659 4568 1749 4636 qui
1783 4582 1883 4623 nos
1914 4583 1945 4621 c
1984 4567 2068 4620 ni-

2178 4575 2462 4629 καλεῖσθαι
2490 4576 2587 4647 τὴν
2612 4577 2775 4645 ἁγίαν
2798 4577 3279 4651 Τεσσαρακοστὴν,
3311 4580 3403 4632 καὶ
3422 4553 3586 4642 άλλας
3615 4553 3753 4633 εἶναι

486 4655 598 4710 hilo
628 4654 859 4720 creavit,
907 4655 1071 4708 vitam
1106 4669 1324 4708 onmem
1367 4668 1611 4710 nostram
1648 4660 1938 4713 restituere
1969 4658 2066 4711 de-

489 4752 701 4813 bemus,
741 4746 971 4816 insuper
1021 4757 1226 4808 tamen.
1267 4750 1813 4817 praevaricationibus
1866 4750 2069 4804 inlirmi

484 4846 540 4893 et
566 4838 774 4893 debiles
812 4838 1014 4903 eﬁemi,
1053 4839 1411 4910 pluribusque
1453 4839 1918 4896 sollicitudinibus
1946 4856 2068 4894 car-

489 4929 574 4982 nis
610 4927 842 4996 abrepti,
880 4936 1126 4998 tempora
1151 4931 1399 4999 quaedam
1441 4930 1739 4999 praestituta
1773 4938 1827 4984 et
1869 4933 2067 5001 pra-pi-

486 5028 710 5089 gnerata
750 5020 950 5073 habere
1001 5020 1288 5085 debemus,
1341 5022 1393 5075 in
1445 5023 1702 5076 honorem
1738 5030 1793 5076 et
1838 5024 2067 5093 gloriam

485 5110 607 5178 ejus
654 5110 746 5178 qui
802 5126 904 5167 nos
936 5111 1263 5181 plasmavit;
1316 5114 1369 5167 in
1420 5113 1621 5183 quibus
1669 5130 1697 5169 a
1739 5118 1903 5172 rebus
1948 5118 2070 5173 vita)

490 5210 829 5265 avertentes,
902 5212 1201 5271 sancteque
1269 5204 1571 5274 cogitantes
1640 5206 1708 5261 de
1770 5211 2069 5278 gratiarum

491 5293 711 5347 actione
762 5303 816 5346 et
872 5293 1129 5349 laudibus
1186 5309 1312 5364 erga
1361 5296 1704 5363 Creatorem,
1740 5301 1807 5354 de
1838 5304 2075 5371 petenda

490 5382 569 5436 ah.
594 5382 712 5451 ipso
741 5383 1269 5443 veniaini‘mitorum
1326 5397 1671 5456 peccatorum
1709 5401 2019 5447 nostrorum
2050 5409 2066 5459 ;

491 5486 777 5544 propterea
841 5483 1043 5529 statuta
1084 5474 1231 5530 "sunt
1279 5488 1542 5549 tempora,
1603 5480 1901 5538 Dominicte
1933 5486 2069 5551 dies,

496 5564 629 5620 festa
672 5576 727 5619 et
767 5566 998 5636 jejunia,
1034 5574 1088 5621 et
1135 5567 1266 5623 illud
1295 5569 1564 5641 imprimis
1611 5577 1837 5645 mjoris
1860 5575 2075 5629 hebdo-

495 5660 685 5725 madte,
727 5660 1077 5731 integerrime
1101 5664 1284 5717 omnia
1306 5665 1419 5720 Deo
1432 5670 1823 5723 consecranda.
1860 5668 2072 5721 [lantur

493 5750 638 5802 enim
675 5766 737 5803 ea
770 5752 891 5821 lege
918 5763 1117 5809 utnon
1146 5770 1611 5828 praeoccupentur'
1634 5760 1689 5814 in
1724 5761 1934 5830 agendo
1967 5774 2069 5830 pro
2100 5788 2103 5793 -

496 5842 913 5902 necessitatibus
943 5850 1187 5919 terrenis,
1216 5852 1463 5923 nullique
1490 5854 1713 5912 libertas
1741 5855 2069 5925 relinquitur

2171 4667 2410 4721 διδάσκει
2439 4670 2718 4739 νηστείας.
2750 4670 2861 4722 Καὶ
2888 4670 2974 4723 διὰ
3001 4672 3158 4725 τοῦτο
3191 4673 3391 4742 μᾶλλον
3424 4672 3637 4744 μεγάλη
3661 4672 3750 4726 λέ-

2172 4775 2352 4827 γεται,
2384 4760 2465 4813 ὅτι
2494 4762 2588 4814 καὶ
2613 4762 2801 4833 έτεραί
2833 4766 2972 4817 εἰσιν
2993 4780 3006 4794 ·
3045 4764 3185 4834 αὕτη
3221 4765 3278 4818 δὲ
3314 4764 3520 4817 τούτων
3558 4765 3752 4832 ὑπερέ-

2172 4868 2278 4920 χει.
2323 4853 2757 4918 Ἀποδεκάτωσις
2780 4855 2833 4908 δὲ
2874 4856 3104 4918 δικαίως
3146 4856 3285 4926 αὕτη
3309 4855 3531 4922 λέγεται
3554 4871 3570 4888 ο
3600 4856 3679 4909 ὅτι
3703 4855 3751 4908 εί

2174 4946 2267 4998 καὶ
2320 4947 2500 4999 πᾶσαν
2531 4947 2692 5015 ἡμῶν
2725 4948 3014 5017 ὀφείλομεν
3060 4948 3135 5019 τῷ
3169 4948 3289 5019 Θεῷ
3312 4948 3625 5002 ἀνατιθέναι
3652 4949 3751 5017 τὴν

2171 5034 2336 5107 ζωὴν,
2370 5037 2494 5090 ἐπεὶ
2526 5040 2620 5091 καὶ
2670 5039 2759 5092 διὰ
2793 5039 2951 5092 τοῦτο
2981 5040 3047 5094 ὲκ
3106 5040 3181 5111 μὴ
3212 5040 3380 5093 ὄντων
3417 5041 3749 5110 γεγόναμεν,

2128 5164 2135 5169 υ
2172 5127 2289 5179 ἀλλ’
2318 5129 2470 5197 ὅμως
2498 5133 2563 5200 τῇ
2597 5131 2909 5201 παραϐάσει
2942 5132 3189 5194 ἀσθενεῖς
3226 5132 3535 5199 γεγονότες,
3569 5130 3748 5183 καὶτὸ

2172 5218 2333 5271 πλέον
2368 5221 2627 5291 περὶτῆς
2677 5224 2879 5291 σαρκὸς
2931 5223 3329 5293 μεριμνῶντες,
3384 5222 3485 5277 κᾶν
3521 5224 3750 5293 καιροὺς

2173 5314 2647 5385 ἀποτεταγμένους
2681 5314 2826 5384 ἔχειν
2862 5315 3190 5386 ὀφείλωμεν,
3244 5317 3322 5379 είς
3366 5333 3424 5369 τε
3463 5315 3630 5385 τιμὴν
3657 5316 3750 5369 καὶ

2171 5408 2329 5471 δόξαν
2363 5409 2453 5461 τοῦ
2506 5409 2833 5475 πλάσαντος,
2868 5410 2963 5463 καὶ
3020 5409 3235 5481 ἀποχὴν
3292 5407 3400 5462 τῶν
3452 5407 3747 5479 βιωτικῶν,

2172 5500 2268 5551 καί
2302 5502 2556 5571 φροντίδα
2587 5505 2715 5556 τινὰ»
2739 5502 2838 5573 τῆς
2893 5519 2953 5556 τε
3003 5502 3363 5573 εὐχαριστίας
3416 5500 3512 5555 καὶ
3539 5501 3747 5568 δοξολο-

2174 5592 2298 5658 γίας
2321 5590 2417 5645 τοῦ
2442 5596 2685 5661 κτίστου,
2722 5598 2816 5649 καὶ
2850 5591 3090 5665 αἴτησιν’
3116 5596 3365 5663 ἀέέσεως
3398 5595 3529 5665 παρ’
3551 5640 3557 5646 .
3579 5592 3746 5647 αὑτοῦ

2172 5682 2281 5734 τῶν
2315 5684 2610 5755 ἀμυθήτων
2663 5686 2821 5755 ἡμῶν
2859 5686 3181 5758 ἁμαρτιῶνο
3236 5684 3307 5738 δι’
3357 5684 3422 5755 ἢν
3455 5684 3627 5736 αἰτίαν
3654 5682 3748 5735 καὶ

2175 5774 2475 5842 Κυριακαὶ,
2509 5778 2600 5829 καὶ
2642 5778 2849 5848 ἑορταὶ,
2894 5780 2991 5835 καὶ
3019 5781 3290 5848 νηστεῖαιι
3324 5781 3416 5831 καὶ
3452 5776 3744 5847 ἐξαιρέτως

2178 5861 2316 5933 αὕτη
2343 5866 2737 5943 παραδέδοταιιν
2760 5868 2868 5924 Καὶ
2894 5870 3266 5939 ἀφιερωμέναι
3296 5870 3462 5922 πᾶσαι
3485 5865 3619 5935 Θεῷ,
3650 5862 3745 5917 καὶ
