4118 6450
511 395 624 460 91-1
1379 401 1764 466 SYMEONIS
1805 406 1904 466 ΤΗ
1919 406 2251 468 ESSALON
2267 409 2560 472 [CENSIS
2592 408 2948 473 ARCHIEP.
3671 411 3764 474 912

1022 515 1353 582 QUASSTIO
1403 519 1590 575 LVlll.
2127 525 2175 582 Δ

2127 525 2175 582 Δ
2737 527 3076 580 ΕΡΩΤΠΣΙΣ
3120 522 3255 581 Nll'.

517 623 662 686 Num
713 626 769 680 in
817 626 989 711 Missa
1019 634 1601 713 prmsanctiﬁcajorunt
1643 637 1891 713 fragmen
1935 640 2100 694 diuini

2216 637 2410 713 Ἐφίῖῇ
2436 639 2780 713 λειτουργία
2802 638 2920 691 τῶν
2947 636 3447 713 προηγιασιέένων
3469 638 3591 713 χρῇ,
3603 653 3765 704 προσ-

819 706 978 766 panis
1013 706 1082 754 (In
1112 706 1311 772 integer
1350 707 1535 775 afferri
1568 706 1795 763 debeat?
2274 706 2440 775 φέρει

2274 706 2484 775 φέρειν
2517 706 2618 760 καὶ
2662 709 2865 777 τμῆμα
2903 707 3011 761 τοῦ
3057 709 3220 761 θείου
3247 707 3433 775 ἄρτου
3463 707 3502 775 ἢ
3527 707 3703 773 ὅλονς

571 786 754 846 'Panis
786 807 950 860 porro
1001 808 1106 848 non
1139 798 1293 850 debet
1321 812 1446 852 esse
1505 801 1793 866 particula,
1827 802 1923 856 sed
1961 802 2099 856 inte-

2284 801 2522 877 Ὀφεῐλει
2556 800 2612 854 δὲ
2647 802 2740 854 καὶ
2772 801 2799 853 ὀ
2853 801 3018 870 ἄρτος
3072 799 3146 869 μὴ
3175 801 3367 870 τμῆμα
3429 796 3590 866 εῖναι,
3645 799 3767 854 ἀλλὰ

516 899 634 956 ger,
674 894 730 940 ut
760 884 812 938 in
863 897 1068 956 partes,
1109 891 1186 944 uti
1218 892 1388 946 moris
1417 900 1524 957 est,
1558 893 1727 947 dividi
1755 895 1947 965 possit,
1985 893 2099 948 fra-

2200 895 2425 957 τέλειος,
2456 894 2530 958 ὡς
2569 894 2636 948 ἂν
2663 895 2896 966 μελισθῇ
2939 894 3083 948 κατὰ
3110 895 3170 947 τὺ
3205 895 3344 958 ἔθος,
3401 895 3500 948 καὶ
3526 895 3766 957 κλαυθεὶς

517 989 748 1044 ctusquc
783 978 1187 1045 distribuatur;
1245 983 1349 1037 hoc
1403 984 1552 1038 enim
1611 986 1796 1040 minus
1849 987 2014 1042 habet
2070 1001 2099 1040 a

2207 983 2494 1054 μεταδοθῇ.
2538 984 2711 1037 Τοῦτο
2761 984 2872 1054 γὰρ
2924 984 3176 1038 λείπεται
3228 983 3337 1036 ἀπὸ
3394 983 3496 1052 τῆς
3540 979 3768 1044 ἐντελοῦς

517 1071 688 1127 missa
729 1070 990 1142 perfecta.
1025 1075 1088 1128 Et
1116 1090 1254 1144 aqua
1291 1077 1467 1132 calida
1505 1085 1634 1132 tunc
1660 1092 1877 1147 quoque
1933 1079 2102 1132 intro-

2202 1077 2565 1149 λειτουργίας.
2599 1076 2710 1129 Καὶ
2739 1076 2800 1128 τὸ
2827 1076 2950 1149 ζέον
2973 1074 3031 1128 δὲ
3063 1075 3183 1128 τότε
3203 1075 3511 1140 εἰσάγεται,
3537 1074 3596 1126 οὑ
3625 1074 3768 1143 χάριν

515 1162 776 1228 mittitur,
809 1178 915 1218 non
949 1163 1304 1230 perfectionis
1350 1164 1582 1234 alicujus
1613 1169 1811 1236 gratia.
1839 1184 1962 1224 cum
1996 1181 2099 1223 nec

2203 1168 2349 1230 τινὸς
2396 1167 2755 1231 τελειώσεως,
2793 1168 2919 1220 ἐπεὶ
2949 1167 3070 1220 οὐδέ
3113 1167 3254 1221 κατὰ
3302 1165 3400 1237 τὴν
3436 1166 3646 1220 τελείαν
3673 1166 3771 1218 λει-

507 1252 570 1330 in
605 1254 776 1309 missa
815 1255 1053 1338 perfecta
1106 1257 1178 1310 ob
1209 1257 1606 1325 perfectionem
1660 1260 1898 1330 aliquam
1932 1262 2102 1316 intro-

2201 1259 2466 1331 τουργίαν
2510 1259 2599 1313 διὰ
2651 1259 2939 1313 τελείωσίν
2979 1277 3103 1312 τινα
3159 1260 3471 1327 εἰσάγεται,
3528 1257 3640 1310 ἀλλ’
3690 1258 3767 1310 ἵνα

515 1346 786 1412 mittatur,
826 1348 920 1401 scd
948 1356 1007 1401 ut
1044 1348 1228 1416 tepido
1272 1352 1558 1407 tremendo
1589 1351 1680 1406 illo
1729 1353 1901 1408 calice
1930 1353 2096 1420 facto,

2203 1349 2432 1421 χλιαροῦ
2465 1348 2560 1404 τοῦ
2587 1349 2820 1419 φρικτοῦ
2853 1350 3115 1420 ποτηρίου
3139 1349 3450 1418 γευόμενοι,
3484 1347 3767 1415 ἐννοῶμεν,

502 1435 857 1493 ὀἰιιυιιαιιὶωο
905 1440 1306 1510 concipiamus.
1337 1441 1500 1496 etiam
1545 1441 1771 1499 Christo
1792 1445 2097 1513 demortuo,

2180 1441 2277 1506 ti);
2305 1442 2403 1497 καὶ
2461 1441 2836 1511 νεκρωθὲντος
2895 1441 3160 1512 Χριστοῦ,
3195 1440 3257 1493 τὸ
3314 1439 3584 1504 ζωοποιὸν
3617 1438 3768 1491 αὐτοῦ

513 1530 792 1586 vivificum
823 1531 970 1588 illius
1016 1546 1220 1602 corpus
1277 1546 1308 1588 ι
1359 1533 1646 1590 divinitate
1700 1551 1877 1606 neque
1943 1538 2102 1592 avul-

2205 1533 2368 1602 σῶμα
2399 1530 2707 1602 ἀχώριστον
2738 1525 2808 1602 ἦν
2859 1531 2958 1585 καὶ
2994 1530 3305 1600 ἀδιαίρετον
3363 1529 3464 1596 τῆς
3507 1527 3766 1596 θεότητος,

515 1638 640 1678 sum
669 1637 845 1693 neque
882 1634 1219 1693 separatum,
1268 1625 1724 1695 quemadmodum
1759 1627 1943 1683 divina
1979 1629 2102 1699 ejus

2203 1623 2280 1688 ὡς
2315 1626 2410 1677 καὶ
2443 1624 2477 1688 ἡ
2510 1621 2630 1687 θεία
2659 1622 2829 1694 ψυχὴ,
2867 1621 2965 1676 καὶ
2997 1622 3107 1674 τῶν
3147 1619 3442 1690 ἐνεργειῶν
3493 1618 3588 1672 τοῦ
3619 1618 3770 1670 Πνεῦ-

514 1714 726 1777 anima,
752 1715 844 1772 sed
887 1716 1299 1786 operationibus
1324 1716 1571 1785 Spiritus
1595 1717 1768 1775 fuisse
1795 1721 2099 1790 oppletum.

2207 1731 2378 1786 ματος
2421 1713 2652 1784 πλῆρες.
2706 1714 2818 1765 Καὶ
2866 1699 3027 1765 τοῦτο
3059 1711 3120 1764 τὸ
3164 1709 3372 1782 θερμὸν
3425 1709 3669 1767 ἐκτυποῖ.
3697 1710 3768 1761 ὅτι

513 1805 650 1860 Illud
670 1822 888 1876 quoque
918 1807 1090 1863 Calida
1118 1809 1316 1874 innuit,
1349 1807 1617 1879 Spiritum
1649 1827 1772 1868 esse
1797 1812 2098 1880 vivificum,

2205 1806 2470 1872 ζωοποιὸν
2501 1807 2564 1858 τὸ
2591 1803 2834 1872 Πνεῦμα,
2867 1803 2963 1857 καὶ
2987 1803 3082 1857 τοῦ
3110 1799 3378 1864 ζωοποιοῦ
3411 1800 3659 1868 σώματος
3687 1796 3768 1850 τοῦ

514 1908 570 1953 et
593 1898 809 1954 viviﬁco
829 1898 1036 1970 Spiritu
1066 1915 1095 1955 a
1123 1899 1344 1957 Christo
1369 1918 1478 1956 non
1515 1903 1783 1971 sejuncto,
1817 1921 1992 1976 neque
2019 1908 2100 1962 di-
2134 1883 2140 1934 Ῐ

2148 1882 2177 1936 Β
2206 1897 2446 1968 Χριστοῦ
2479 1896 2556 1968 μὴ
2580 1895 2850 1994 ᾰπρστὰν,
2883 1895 3006 1949 οὒδέ
3052 1897 3086 1965 ἡ
3123 1893 3312 1961 θεότης
3347 1891 3517 1945 αὐτοῦ
3557 1890 3774 1961 κεχώρι-

516 1994 796 2048 viuitatem
823 1993 892 2048 ab
915 2008 980 2049 eo
1006 1994 1175 2050 fuisse
1195 1995 1448 2052 divisam.
1475 1997 1647 2053 immo
1671 2010 1723 2051 et
1749 2015 1887 2066 aqua
1921 2000 2099 2070 imago

2208 2007 2354 2045 σται.
2386 1991 2545 2061 "Atta.
2599 1983 2695 2043 οὖν
2740 1988 2834 2043 καὶ
2869 1988 2931 2042 τὸ
2985 1986 3134 2053 ὕδωρ
3163 1986 3224 2038 τὸ
3272 1984 3504 2053 Πνεῦμα
3535 1983 3769 2046 είκονίζει

517 2093 603 2139 est
626 2083 884 2149 Spiritus,
902 2084 994 2154 qui
1011 2099 1153 2155 aqua
1182 2095 1553 2158 nuncupatur,
1580 2089 1817 2153 etcalor,
1841 2098 2098 2160 tanquam

2208 2081 2354 2154 ὕδωρ
2401 2080 2760 2151 καλούμενον,
2794 2079 2889 2134 καὶ
2914 2079 2974 2131 τὸ
3003 2076 3208 2147 θερμὸν
3235 2074 3312 2139 ὡς
3345 2074 3442 2128 τοῦ
3473 2075 3640 2144 πυρὸς
3685 2073 3770 2141 τὴν

519 2177 612 2246 qui
644 2177 714 2231 ab
743 2176 867 2246 igne
889 2185 972 2232 est
998 2177 1320 2244 divinitatis,
1349 2181 1493 2250 quod
1529 2179 1672 2235 Deus
1728 2192 1912 2237 noster
1955 2183 2099 2252 ignis

2208 2173 2456 2246 θεότητα.
2491 2173 2617 2228 ’Ότι
2642 2174 2672 2228 ὁ
2696 2173 2830 2236 Θεὸς
2852 2171 3013 2241 ἡμῶν
3035 2171 3146 2242 πῦρ
3181 2167 3603 2231 καταναλίσκον,
3631 2165 3764 2236 φησί.

519 2268 816 2324 absumens
845 2276 966 2336 est;
1001 2268 1261 2340 ideoque,
1311 2286 1439 2326 cum
1465 2287 1586 2327 eam
1618 2272 1882 2338 infundit,
1917 2273 2048 2328 dicit
2080 2290 2094 2324 :

2207 2265 2298 2318 Διὸ
2329 2265 2423 2318 καὶ
2453 2263 2722 2332 ἐπιλέγει,
2763 2281 2784 2314 ι
2815 2262 2971 2325 Ζέσις
2998 2259 3311 2330 Πνεύματος
3337 2257 3519 2326 ἁγίου.
3539 2259 3722 2326 ’Λμήν.
3748 2275 3762 2307 ι

524 2359 717 2415 «Calor
745 2358 984 2431 Spiritus
1016 2362 1214 2426 sancti,
1245 2362 1473 2418 Amen.)
1505 2364 1684 2429 Quare
1707 2365 1907 2420 nullam
1933 2353 2100 2435 majo-

2207 2357 2374 2410 Ὅθεν
2404 2357 2498 2410 καὶ
2533 2355 2593 2410 οὐ
2622 2354 2846 2408 πλείονα
2877 2354 3037 2424 χάριν
3070 2351 3193 2406 τινὰ
3228 2352 3296 2404 τὰ
3321 2349 3445 2403 θεῖα
3465 2349 3611 2415 δῶρα
3643 2348 3768 2416 λαμ-

515 2470 631 2510 rem
658 2456 891 2527 gratiam
913 2455 1100 2512 divina
1126 2442 1354 2512 munera
1383 2457 1681 2527 accipiunt,
1705 2473 1830 2514 cum
1861 2457 2097 2526 perfecta

2207 2450 2432 2504 σάνουσι
2463 2449 2645 2503 τέλεια
2677 2447 2807 2501 ὄντα
2838 2463 2852 2476 ·
2887 2445 3024 2500 ἀλλὰ
3050 2443 3118 2499 δι’
3151 2444 3298 2513 ἡμᾶς
3334 2440 3649 2512 προτίθεται
3683 2439 3769 2508 μό-

514 2549 665 2616 sint;
713 2548 807 2603 scd
859 2563 1024 2605 causa
1057 2550 1228 2604 nostri
1264 2551 1642 2604 tantummodo
1693 2557 2097 2619 proponuntur,

2207 2561 2318 2609 νον,
2361 2543 2428 2597 ἵν’
2463 2541 2822 2612 ἁγιασθῶμεν
2876 2540 3041 2610 ἡμεῖς
3083 2538 3151 2590 δι’
3214 2537 3397 2589 αὐτῶν
3453 2552 3511 2587 τε
3551 2536 3638 2586 καὶ
3675 2533 3768 2583 ταῖν

516 2649 578 2696 ut
610 2655 706 2710 per
741 2656 803 2696 ea
829 2655 1040 2698 necnon
1070 2651 1124 2697 et
1158 2658 1350 2712 preces
1384 2643 1815 2698 sanctiﬁcemur.
2206 2635 2402 2706 εὐχῶν·

1049 2731 1381 2798 ρυλεδτιυ
1403 2732 1563 2800 ;LIX.
2741 2726 3079 2780 ΕΡΩΤΗΣΙΣ
3131 2724 3260 2779 ΝΘ¹.

515 2825 700 2895 Quare
737 2835 786 2881 et
826 2827 885 2880 in
917 2825 1042 2895 aliis
1082 2827 1208 2878 anni
1236 2825 1422 2878 diebus
1464 2841 1567 2878 non
1612 2825 1904 2880 celebretur
1933 2827 2099 2880 missa

2209 2823 2375 2875 Διατί
2399 2820 2501 2895 καὶ
2529 2823 2599 2875 ἐν
2619 2821 2842 2895 ᾁλλαις
2871 2818 2994 2895 τοῦ.
3015 2819 3242 2895 χρόνον
3288 2815 3536 2886 ἡμέραις
3570 2815 3639 2895 οὐ
3662 2814 3769 2867 λει-

1007 2894 1615 2964 Ρνωδαησιὶίιεοιοταηι.
2259 2892 2593 2961 τουργεῐται
2624 2909 2633 2944 1

2259 2892 2593 2961 τουργεῐται
2624 2891 2662 2958 ἠ
2689 2886 3047 2957 λειτουργία
3063 2887 3181 2940 τῶν
3207 2886 3717 2956 προηγωσμένων.

585 3009 809 3074 Diebus,
833 3009 1035 3079 quibus
1073 3024 1139 3064 ex
1165 3009 1484 3079 praescripto
1509 3009 2095 3066 Praesanctiticatorum

2279 3011 2352 3064 Οὐ
2390 3011 2495 3080 χρὴ
2531 3009 2680 3080 παρὰ
2730 3009 2830 3071 τὰς
2862 3007 3206 3075 τεταγμένας
3245 3005 3464 3075 ἡμέρας
3516 3018 3708 3071 προηγι
3742 3027 3764 3037 -

512 3102 684 3159 missa
708 3116 820 3157 non
851 3100 1168 3170 imperatur,
1195 3099 1262 3154 ab
1282 3115 1346 3156 ea
1362 3101 1685 3155 celebranda
1709 3100 2095 3155 abstinendum

2210 3099 2386 3168 σμένα
2409 3098 2749 3168 λειτουργεῖν
2777 3114 2792 3130 ο
2831 3096 2890 3149 οὐ
2933 3096 3040 3165 γὰρ
3076 3094 3461 3166 παραδέδοται.
3513 3094 3570 3146 '0
3599 3091 3759 3144 τοίνυν

513 3201 600 3251 est
639 3212 653 3248 :
691 3192 784 3262 qui
838 3193 984 3246 enim
1019 3199 1216 3260 praeter
1248 3191 1302 3247 id
1349 3191 1496 3260 quod
1548 3191 1808 3246 traditum
1851 3203 1934 3246 est
1963 3188 2094 3261 a'git,
2125 3235 2139 3287 ‘

2139 3231 2172 3293 Β
2202 3171 2360 3260 ,παρὰ
2396 3189 2466 3242 τὰ
2502 3188 2911 3261 παραδεδομένα
2933 3187 3104 3240 ποιῶν
3131 3185 3500 3249 κανονίζεται.
3536 3202 3554 3235 ι
3580 3181 3765 3234 (bulis-

514 3285 696 3356 pteuis
721 3282 994 3338 obnoxius
1025 3282 1105 3336 ﬁt.
1138 3301 1156 3332 ι
1189 3280 1419 3337 Servate
1480 3297 1737 3351 namque,
1765 3283 1840 3337 ait
1875 3283 2100 3348 Paulus,
2127 3272 2140 3287 ’

2137 3272 2172 3293 ’⁸
2207 3301 2330 3338 σετε
2359 3285 2490 3355 γὰρ,
2534 3285 2667 3354 φησι
2702 3281 2936 3346 Παῦλος,
2966 3281 3065 3343 τὰς
3089 3279 3418 3349 παραδόσεις
3443 3276 3508 3336 ἃς
3539 3272 3763 3344 παρεδώ-

513 3374 861 3440 traditiones,
917 3388 1057 3444 quas
1113 3372 1434 3428 tradidimus
1478 3374 1654 3440 vobis,
1701 3373 1819 3430 sive
1868 3388 1962 3444 per
2013 3389 2106 3430 vo-

2204 3394 2384 3448 καμεν
2447 3378 2578 3446 ὑμῖν
2627 3379 2738 3430 eis:
2787 3374 2876 3428 διὰ
2927 3374 3110 3438 λόγου,
3155 3373 3266 3424 εἴτε
3298 3369 3366 3422 δι’
3407 3366 3704 3434 ἐπιστολῆς.
3743 3378 3759 3411 ι

512 3483 659 3532 cetn,
679 3467 794 3522 sive
817 3481 913 3536 per
942 3466 1247 3535 epistolam.
1277 3483 1296 3518 ι
1327 3465 1440 3520 Hoc
1464 3465 1649 3536 itaque
1672 3475 1726 3520 et
1755 3466 1808 3519 in
1839 3465 1962 3520 aliis
1991 3480 2103 3518 ser-

2205 3471 2378 3523 Τοῦτο
2407 3470 2499 3522 οῦν
2542 3468 2810 3538 τηρητέον
2838 3465 2932 3519 καὶ
2963 3465 3056 3516 ἐπὶ
3095 3465 3208 3524 τοῖς
3239 3462 3427 3524 ἄλλοις
3468 3462 3578 3524 τοῖς
3607 3473 3761 3525 παρα-

515 3557 758 3616 vandum
792 3567 875 3615 cst
902 3559 1182 3623 omnibus,
1211 3574 1334 3628 quas
1362 3558 1432 3614 ab
1460 3558 1688 3629 antiquo
1708 3557 1866 3613 nobis
1895 3557 2097 3612 tradita

1807 3557 1866 3613 iis
1895 3557 2097 3612 tradita
2203 3562 2516 3632 δεδομένοις,
2539 3559 2749 3614 ἄνωθεν
2779 3560 2935 3613 πᾶσι.
3282 3550 3289 3555 ’
3419 3558 3433 3576 ‘

517 3660 668 3708 sunt.

1063 3741 1392 3810 QUIESTIO
1442 3742 1555 3797 ωτ.

1553 3783 1555 3794 .
2728 3699 3068 3793 Epnmzts
3106 3737 3179 3792 Ξσ.

516 3853 714 3925 Ecquis
747 3856 952 3926 primus
989 3857 1272 3912 tradiderit
1303 3857 1545 3910 divinum
1579 3868 1927 3927 sanctumque
1950 3857 2100 3912 habi-

2207 3855 2285 3912 Τὸ
2314 3821 2477 3911 θεῖον
2531 3853 2631 3927 καὶ
2681 3853 2854 3927 ἅγιον
2886 3852 3100 3927 σχῆμα
3141 3833 3276 3927 τῷν.
3307 3827 3593 3927 pos-axiu-
3617 3845 3699 3910 τίς

586 3911 696 3979 tum
746 3911 1155 3987 monachorum,
1202 3943 1369 3997 quare
1417 3927 1687 3998 angelicas
1748 3911 2009 3994 dicatur,
2052 3939 2100 3983 et

2264 3911 2774 3998 ίπαραδούςλξιᾴὶ
2827 3911 2969 3987 ad);
2999 3911 3325 3992 ἀγγελικὸᾶ
3362 3911 3637 3988 left-Erat;
3673 3911 3757 3967 καί

585 4013 703 4066 quae
736 3998 802 4052 sit
843 3998 993 4052 illius
1028 3994 1224 4053 traditi
1248 3999 1411 4051 ratio.
1491 3994 1507 3998 ⁷
1756 4039 1760 4048 .
1878 4059 1880 4066 λ

1268 3999 1411 4051 'atio.
1491 3994 1507 3998 ⁷
1756 4039 1760 4048 .
1878 4059 1880 4066 _
2273 3994 2432 4052 διατι
2464 3994 2894 4064 παραδέδοται;

589 4109 668 4166 De
709 4110 958 4180 angelica
1017 4119 1071 4165 et
1149 4111 1331 4166 divina
1392 4111 1696 4167 monastica
1759 4111 2103 4181 professione

2276 4114 2411 4180 Περὶ
2445 4096 2541 4165 τοῦ
2577 4108 2870 4180 ἀγγελικοῦ
2919 4108 3013 4160 καὶ
3054 4106 3201 4159 θείου
3236 4102 3531 4174 μοναχικοῦ
3571 4099 3759 4170 σχήμα-

517 4201 732 4272 prjmus
778 4203 1001 4272 scripsit
1027 4201 1325 4272 Dionysius
1355 4217 1369 4254 :
1406 4203 1499 4256 sed
1533 4202 1681 4256 illam
1713 4201 1954 4256 instituit
1985 4202 2103 4271 ipse

2201 4222 2291 4266 τος
2333 4203 2550 4273 πρῶτον
2588 4202 2688 4271 μὲν
2715 4201 2744 4254 ὁ
2792 4199 2930 4262 θεῖος
2961 4197 3164 4266 ἔγραψε
3213 4196 3518 4258 Διονύσιος
3549 4194 3606 4246 τὸ
3648 4186 3759 4258 περὶ

519 4291 796 4357 Salvator,
837 4295 1274 4350 observaverunt
1305 4293 1427 4363 ejus
1476 4293 1763 4364 discipuli.
1805 4293 1922 4348 Non
1948 4294 2093 4348 enim

2200 4297 2392 4351 τούτου
2421 4295 2480 4349 δὲ
2515 4293 2612 4349 καὶ
2639 4293 2801 4356 αὐτὸς
2831 4291 3150 4360 παρέδωκεν
3179 4292 3206 4344 ὁ
3236 4289 3450 4359 Σωτήρ.
3486 4286 3590 4342 Καὶ
3618 4282 3757 4336 τοῦτο

517 4383 864 4446 solummodo
891 4399 921 4438 a
947 4387 1155 4441 sanctis
1193 4384 1524 4449 Pachomio,
1555 4382 1727 4439 Paulo
1754 4383 2016 4438 Thebano
2045 4391 2101 4436 et

2145 4453 2156 4464 ι
2201 4390 2250 4442 oi
2281 4387 2474 4442 τούτου
2501 4388 2776 4457 ἐτήρησαν
2810 4383 3073 4454 μαθηταί.
3102 4383 3176 4436 Οὐ
3205 4384 3312 4450 γὰρ
3347 4382 3456 4436 ἀπὸ
3486 4379 3589 4432 τῶν
3615 4374 3757 4429 ὁσίων

518 4478 761 4534 Antonio
777 4478 980 4545 incepit
994 4487 1048 4532 et
1072 4479 1222 4547 leges
1247 4477 1480 4542 invenit,
1503 4485 1562 4531 ut
1578 4477 1801 4546 quidam
1819 4475 2097 4540 dixerunt,

2205 4481 2390 4551 μόνον,
2435 4479 2732 4549 Παχωμίου
2771 4495 2832 4530 τε
2868 4477 2962 4531 καὶ
3000 4475 3239 4546 Θηϐαίου
3273 4473 3506 4536 Παύλου,
3535 4470 3621 4525 καὶ
3653 4467 3756 4521 Ἀν-

517 4570 612 4626 sed
636 4569 704 4623 ab
733 4570 855 4638 ipso
879 4566 1159 4622 Salvatore
1177 4577 1232 4622 et
1259 4567 1313 4621 in
1357 4569 1640 4638 apostolos
1688 4569 1932 4635 invexit;
1970 4583 2095 4622 nam
2132 4571 2143 4625 l

2132 4571 2175 4626 Ι)
2204 4573 2394 4626 τωνίου
2420 4571 2578 4626 τοῦτο
2607 4571 2810 4642 Ιἤρξατο
2842 4569 2875 4641 ἢ
2907 4568 3350 4640 νενομοθέτηται,
3387 4566 3463 4628 ὦς
3501 4563 3641 4623 τινές
3669 4573 3757 4624 φα·

517 4670 574 4719 et
593 4661 668 4718 illi
698 4659 1001 4716 monastice
1028 4658 1282 4714 vivebant
1307 4663 1361 4713 in
1395 4661 1760 4729 continentia,
1781 4661 1835 4714 in
1861 4675 2094 4728 pauper-

2206 4683 2314 4730 σιν,
2346 4664 2462 4718 ἀλλ’
2491 4663 2587 4716 ἀπ’
2615 4662 2784 4718 αὐτοῦ
2812 4661 2910 4714 τοῦ
2957 4661 3207 4730 Σωτῆρος
3248 4659 3341 4712 καὶ
3367 4660 3449 4722 εἰς
3484 4655 3607 4717 τοὺς
3635 4653 3755 4702 arco-

521 4763 653 4819 tate,
679 4754 734 4808 in
760 4752 923 4820 cibis,
954 4753 1012 4808 in
1049 4751 1310 4818 vestibus,
1342 4752 1396 4806 in
1427 4752 1770 4806 orationibus
1797 4767 1814 4816 ;
1878 4763 1932 4805 et
1957 4752 2100 4805 inter

2204 4758 2428 4820 στόλους
2461 4756 2636 4816 ἐλθὸν,
2661 4756 2783 4808 ἐπεὶ
2831 4755 3074 4808 κάκεῖνοι
3128 4751 3436 4822 μοναδικῶς
3474 4747 3607 4811 ἐζων
3631 4742 3684 4794 ἐν
3706 4753 3755 4789 τε

515 4859 869 4902 successores
889 4854 1048 4900 aucta
1077 4853 1162 4900 est
1193 4851 1247 4900 et
1271 4845 1415 4898 inter
1436 4854 1664 4900 sanctos
1692 4843 1883 4897 Patres
1908 4842 2100 4894 miriti-

2202 4849 2397 4918 ἁγνείᾳ
2441 4852 2536 4902 καὶ
2567 4849 2797 4917 τροφαῖς
2840 4845 2934 4898 καὶ
2983 4843 3245 4913 ἐνδύμασι
3279 4843 3374 4896 καὶ
3404 4835 3632 4906 ἁκτησίᾳ
3677 4827 3755 4882 καὶ

515 4952 580 4994 ce
608 4936 906 5007 splenduit.
939 4936 1170 5004 Quidam
1197 4937 1360 4991 etiam
1414 4935 1609 4990 fideles
1687 4935 1872 4989 idiotas
1899 4950 2097 4989 consc-

2203 4941 2552 5009 προσευχαῖς,
2578 4939 2671 4991 καὶ
2721 4939 2799 5000 εἰς
2831 4938 2958 5000 τοὺς
2987 4933 3116 5005 μετ’
3140 4933 3382 4995 ἐκείνους
3428 4927 3646 5001 ηὐξήθη,
3677 4919 3756 4973 κειὶ

435 5078 438 5079 ν
515 5029 706 5085 crandi
731 5029 1066 5086 accedebant
1096 5030 1223 5084 huic
1247 5029 1370 5082 vitae
1398 5036 1645 5096 tempore
1671 5025 1784 5096 jam
1813 5025 2061 5098 apostolo

2201 5032 2279 5094 είς
2309 5033 2435 5094 τοὺς
2463 5031 2644 5093 ὁσίους
2671 5031 2918 5098 Πατέρας
2945 5025 3236 5096 ἐξέλαμψε.
3272 5023 3381 5078 Καὶ
3411 5018 3684 5093 ίερωμένοι
3705 5009 3754 5062 δὲ

515 5133 710 5177 rum.:
765 5128 820 5175 ct
910 5120 1014 5175 hoc
1104 5119 1460 5174 manifestum
1521 5127 1611 5172 est
1677 5119 1729 5172 in
1819 5119 2094 5172 monacho

2204 5124 2542 5193 μετήρχοντο
2575 5121 2734 5175 τοῦτο
2754 5121 2849 5174 καὶ
2880 5119 3089 5173 ἰδιῶταί
3111 5133 3259 5180 τινες
3286 5118 3344 5170 ἐν
3373 5114 3448 5185 τῷ
3473 5107 3641 5182 καιρῴ
3663 5102 3754 5156 τῶν

518 5209 836 5280 Deinphilo
865 5226 1029 5282 quem
1049 5211 1349 5281 Dionysius
1374 5217 1556 5264 vocat
1591 5208 1688 5267 Dei
1714 5209 1978 5267 famulum
2011 5211 2097 5266 vel

2203 5216 2540 5270 ἀποστόλων.
2574 5215 2684 5267 Kal.
2719 5213 2879 5284 δῆλον
2918 5212 3026 5264 ἀπὸ
3085 5207 3323 5280 μοναχοῦ
3366 5203 3679 5277 Δημοφίλου,
3705 5196 3753 5248 ὃν

517 5303 872 5367 monachum,
893 5301 1062 5357 Deum
1085 5303 1359 5360 colentem
1397 5321 1412 5359 :
1435 5312 1494 5360 et
1523 5304 1846 5376 mysterium
1873 5303 2098 5375 exponit

2204 5307 2549 5379 θεραπευτὴν
2571 5307 2688 5378 ἦτοι
2714 5305 2967 5376 μοναχὸν,
2997 5302 3132 5356 Θεὸν
3155 5301 3547 5372 θεραπεύοντα,
3571 5295 3602 5366 ἢ
3633 5286 3751 5346 Θεσῦ

517 5392 834 5450 monasticae
863 5392 1240 5464 perfectionis,
1273 5409 1438 5464 quam
1474 5406 1663 5466 aperte
1693 5397 1848 5466 ponit
1881 5403 2099 5466 postre-

2204 5398 2516 5469 θεράποντα
2545 5398 2702 5452 καλεῖ
2725 5395 3022 5458 Διονύσιος.
3046 5395 3157 5448 Kal
3187 5395 3485 5465 μυστήριον
3528 5385 3747 5451 ἐκτίθησι

516 5501 608 5543 mo
633 5485 827 5541 ordine
876 5500 1070 5540 eorum
1100 5487 1193 5556 qui
1225 5501 1284 5542 se
1311 5486 1419 5543 Deo
1449 5488 1677 5545 colendo
1707 5489 2000 5567 devovent.
2029 5487 2096 5543 lt-

2207 5492 2508 5563 μόναχικῆς
2565 5490 2921 5554 τελειώσεως,
2981 5492 3078 5543 καὶ
3108 5487 3212 5560 τὴν
3256 5487 3412 5554 τάξιν
3455 5475 3749 5567 τούτουβῖι

517 5577 608 5632 ind
637 5587 693 5634 et
717 5576 1000 5649 propheta:
1057 5577 1481 5650 praefigurabant
1504 5580 1647 5637 sicut
1677 5563 1730 5635 et
1753 5591 1948 5636 caetera
1976 5581 2102 5634 vitae

2205 5582 2367 5645 εὐθὺς
2402 5583 2541 5653 μετὰ
2575 5585 2700 5646 τοὺς
2732 5581 3068 5652 ίερωμένους
3121 5580 3259 5633 ἐστί.
3296 5578 3682 5650 Προετΰπωσαν
3699 5563 3747 5616 δὲ

516 5670 850 5737 Salratoris;
886 5684 1103 5725 crucem
1143 5682 1192 5727 et
1231 5672 1571 5742 passionem,
1633 5674 2098 5728 resurrectionem

2204 5673 2367 5727 τοῦτο
2401 5675 2493 5726 καὶ
2523 5675 2574 5725 οἱ
2611 5673 2912 5744 προφῆται,
2953 5673 3028 5736 ὡς
3063 5671 3157 5728 καὶ
3181 5672 3248 5725 τὰ
3276 5672 3440 5724 λοιπὰ
3467 5665 3555 5720 τοῦ
3587 5657 3749 5724 Σωτῆ-

517 5768 571 5811 et
595 5763 997 5827 ascensionem,
1021 5762 1356 5818 nativitatem
1387 5765 1507 5834 ejus
1526 5765 1643 5819 siue
1665 5764 1880 5819 semine
1905 5765 2100 5817 huma-

2209 5783 2322 5838 ρος.
2365 5768 2458 5818 τὶν
2511 5767 2744 5836 σταυρδιν
2773 5766 2964 5834 mina
3003 5765 3179 5832 πᾶθη,
3208 5764 3302 5817 καὶ
3330 5763 3428 5831 τὴν
3457 5757 3745 5838 ἀνάστασιν..

523 5851 1058 5918 ηθιεῦιιειῖδεὶωιιηι
1082 5855 1200 5926 ejus
1242 5856 1510 5927 baptisma
1561 5866 1618 5914 et
1678 5863 1922 5910 sanctam
1980 5854 2100 5925 ejus

2209 5836 2303 5909 καὶ
2325 5855 2612 5925 ἀνάληψιν,
2654 5855 2746 5909 καὶ
2773 5857 2866 5910 τὸν
2899 5857 3071 5927 χωρὶς
3125 5857 3333 5926 σπορᾶς
3357 5855 3532 5916 τόκον,
3581 5840 3666 5898 καὶ
3695 5836 3745 5890 τὸ
