4118 6432
363 303 470 371 913

1106 309 1505 376 RESPONSA
1554 316 1654 376 AD
1687 311 2154 376 GABRIELEM
2198 313 2927 380 PENTAPOUTANUM-

3524 319 3647 384 914'

363 418 642 472 θειότατον
704 418 1009 492 βάπτισμα,
1069 424 1162 476 καὶ
1232 425 1332 492 τὴν
1406 424 1585 495 ἱερὰνι
1643 425 1941 489 πολιτείαν,

2050 430 2543 499 conversationem,
2582 441 2641 487 ut
2667 433 2871 487 dictum
2925 440 3009 489 est
3043 449 3058 487 :
3099 434 3283 490 omnia
3310 434 3480 493 ferme
3508 435 3631 508 ejus

361 512 436 571 ὡς
469 512 706 581 εἴρηται,
743 514 837 566 καὶ
900 514 1084 584 σχεδὸν
1348 516 1586 581 ἅπαντα,
1643 520 1739 571 καὶ
1797 518 1948 571 πλεῖ-

363 620 479 654 στοι
539 603 651 657 τῶν
742 605 966 658 δικαίων
1044 608 1138 660 καὶ
1194 608 1526 677 προφητῶν,
1591 610 1827 678 μάλιστα
1888 610 1947 663 δὲ

374 693 559 749 Ἠλιοῦ
634 696 973 767 ἀναχωρῶν,
1046 697 1143 751 καὶ
1215 701 1483 770 παρθένος
1549 703 1727 772 μένων
1804 702 1948 772 ὑπὲρ

360 784 453 835 τὸν
511 784 723 855 νόμον,
791 786 886 839 καὶ
951 787 1256 852 Ἐλισσαῖος
1325 791 1476 861 αὐτῷ
1537 790 1947 845 καθυποτασσό-

363 897 523 947 μενος
545 916 562 942 ,
620 882 714 933 καὶ
746 880 914 934 οἰκῶν
973 882 1035 935 τὸ
1063 882 1221 953 ὅρος.
1258 885 1351 936 καὶ
1381 887 1407 937 ὁ
1442 887 1758 955 Βαπτιστὴς
1791 884 1948 938 ὓστε-

364 991 457 1043 ρον
514 973 678 1041 ἁγνὸς
728 974 821 1026 καὶ
880 974 1086 1043 γυμνὸς
1147 978 1239 1028 καὶ
1294 978 1531 1046 ἄτροφος
1560 972 1943 1048 διαιτώμενος,

361 1068 459 1117 καὶ
487 1067 545 1118 ἐν
570 1068 689 1127 ταῖς
721 1066 950 1136 ἐρήμοις
981 1067 1145 1119 οἰκῶν
1175 1069 1265 1119 καὶ
1298 1069 1592 1136 κηρύττων
1624 1071 1942 1138 μετάνοιαν,

360 1159 689 1213 Τετὲλεὶωκε
723 1158 779 1211 δὲ
813 1160 906 1212 καὶ
941 1161 1360 1229 παραδέδωκεν,
1391 1162 1466 1220 ὡς
1500 1162 1743 1232 ἔφημεν,
1775 1169 1799 1216 ι
1835 1167 1948 1218 Σω-

359 1252 484 1317 τ”’ρ,
523 1250 591 1301 δι’
613 1249 673 1302 ὃν
708 1251 886 1305 πάντα
926 1251 1310 1321 προετυπώθη,
1351 1255 1379 1306 ό
1421 1254 1516 1306 καὶ
1559 1255 1719 1322 μόνος
1762 1256 1940 1325 ὑπάρο

361 1361 472 1410 xum
502 1343 755 1413 ἀλήθεια,
789 1344 850 1395 ἐκ
885 1343 1164 1414 Παρθένου
1198 1346 1371 1416 ἁγνῆς
1402 1347 1637 1418 τεχθεὶς,
1674 1352 1766 1403 καὶ
1802 1366 1939 1418 παρ-

362 1437 514 1498 θένος
561 1435 756 1505 μένων,
806 1439 897 1490 καὶ
940 1438 1113 1505 ἁγίως
1156 1438 1289 1503 ζῶν,
1335 1440 1426 1491 καὶ
1473 1441 1798 1510 πτωχεύων,
1848 1442 1943 1493 καὶ

361 1527 718 1597 πεζοπορῶν,
757 1530 850 1581 καὶ
890 1528 963 1600 μὴ
1000 1530 1139 1600 ἔχων
1174 1530 1280 1584 ποῦ
1318 1531 1416 1602 τὴν
1452 1533 1696 1603 κεφαλὴν
1732 1533 1944 1597 κλῖναι,

363 1622 455 1671 καὶ
492 1620 725 1683 εὐτελῶς
761 1620 1116 1690 διαιτώμενος
1141 1665 1154 1687 ,
1196 1624 1289 1677 καὶ
1328 1624 1774 1695 ὑποτασσόμενος
1814 1625 1943 1696 ἄχρι

2051 524 2176 580 vitae
2200 523 2253 579 in
2282 524 2560 596 plerisque
2582 536 2900 582 sanctorum
2931 535 2985 582 et
3013 528 3432 597 prophetarum.
3458 529 3632 585 Maxio

2050 635 2139 675 me
2164 620 2386 689 quidem
2419 621 2473 675 in‘
2506 618 2647 687 Elia,
2677 623 2793 691 qui,
2822 623 2970 679 solus
3004 623 3215 689 vivens,
3246 639 3410 695 supra
3456 624 3631 696 legem

2051 710 2205 780 virgo
2248 707 2590 780 permansit‘;
2614 722 2665 767 et
2696 713 2751 768 in
2782 713 2970 770 Elisaeo
2988 717 3077 784 qui
3098 715 3176 769 illi
3196 716 3476 787 subjectus
3492 727 3630 780 erat,

2050 813 2103 857 et
2131 805 2185 859 in
2213 813 2403 858 monte
2433 803 2737 872 habitabat,
2766 817 2820 861 et
2844 808 2895 861 in
2929 806 3167 877 Baptista
3215 807 3476 877 denique,
3534 808 3631 879 qui

2050 904 2262 960 castus,
2289 896 2471 951 nudus
2489 897 2723 963 vivebat,
2764 900 3270 967 necmauducabat,
3291 908 3343 955 et
3364 902 3417 954 in
3447 899 3635 956 deser-

2050 990 2121 1045 tis
2148 990 2405 1045 habitans
2435 990 2819 1058 paenitentiam
2852 993 3205 1061 praedicabat.
3272 993 3397 1049 Haec
3447 994 3629 1048 omnia
3686 1020 3691 1065 ί

2050 1086 2368 1153 adimplevit
2396 1086 2651 1140 Salvator
2681 1094 2737 1140 et
2773 1087 3148 1143 continuando
3182 1088 3406 1143 tradidit
3428 1103 3489 1143 ea
3511 1102 3633 1157 quae

2051 1179 2118 1231 de
2149 1179 2265 1246 ipso
2289 1177 2633 1247 praefigurata
2664 1170 3102 1235 fuerant.'Soltts
3129 1179 3274 1234 enim
3305 1186 3390 1235 est
3425 1180 3634 1235 veritas

2051 1279 2103 1325 et
2140 1270 2190 1323 iu
2215 1271 2441 1324 veritate
2492 1270 2786 1340 complevit
2817 1272 3025 1326 omnia.
3065 1271 3136 1325 Ex
3175 1273 3485 1328 castissima
3515 1272 3635 1327 Vir-

2051 1363 2177 1431 gine
2211 1371 2370 1427 natus
2394 1371 2498 1427 est,
2532 1364 2686 1432 virgo
2714 1364 3035 1432 permansit,
3071 1364 3419 1420 sanctissime
3474 1364 3631 1432 vixit,

2051 1453 2233 1509 cibum
2262 1455 2614 1523 mendicavit,
2635 1457 2864 1525 pedibus
2890 1458 2990 1511 iter
3014 1457 3162 1521 fecit,
3190 1474 3297 1511 non
3327 1457 3518 1512 habuit
3541 1457 3632 1512 ubi

2049 1554 2215 1612 caput
2249 1536 2565 1613 reclinaret,
2593 1560 2754 1616 parce
2786 1548 2918 1600 vixit
2947 1562 3122 1616 usque
3144 1548 3208 1601 ad
3239 1557 3464 1602 mortem
3487 1546 3634 1600 Patri

2050 1638 2254 1705 optime
2278 1638 2602 1707 subjectus;
2642 1650 2987 1706 persecutus.
3026 1639 3252 1694 attritus
3291 1648 3345 1694 et
3367 1638 3636 1695 interem-

264 1708 269 1713 ’
361 1705 597 1764 civem
634 1711 710 1781 τῷ
750 1713 955 1783 Πατρὶ.
990 1714 1085 1766 καὶ
1121 1715 1453 1784 διωκόμενος
1490 1717 1585 1768 καὶ
1622 1716 1945 1786 θλιϐόμενος

2052 1741 2179 1801 ptus
2221 1741 2326 1795 est,
2352 1732 2537 1785 omnia
2566 1746 2725 1801 :rquo
2752 1732 3070 1786 sustinens:
3098 1731 3382 1800 saepeloca
3424 1737 3635 1787 remota

362 1806 455 1856 κτὰ
483 1806 709 1875 πάσχων
740 1806 832 1857 καὶ
861 1807 1287 1876 ϋανατούμενος,
1321 1808 1415 1861 καὶ
1444 1808 1625 1863 πάντα
1654 1810 1945 1880 ὑποφέρων

363 1898 621 1965 πραέως,
673 1901 768 1951 καὶ
817 1900 1118 1969 ἀναχωρῶν
1166 1900 1464 1967 πολλάκις,
1514 1902 1610 1954 καὶ
1656 1902 1779 1955 κατ’
1810 1902 1945 1955 ἰδίαν

364 1987 843 2057 προσευχῦμενος,
877 1991 946 2043 τὰ
980 1990 1079 2058 τῆς
1115 1991 1342 2060 ἡσυχίας
1376 1992 1561 2043 τυπῶν
1585 2006 1597 2021 °
1633 1992 1715 2044 ὅτι
1752 1992 1847 2045 καὶ
1880 1994 1949 2046 τὰ.

362 2082 665 2149 τελεώτερα
701 2084 755 2132 ὲν
788 2083 864 2150 τῷ
898 2083 1014 2151 ὄρει
1049 2084 1255 2148 ἐδίδαξε
1277 2126 1291 2149 ,
1330 2086 1426 2139 καὶ
1455 2087 1554 2155 τὴν
1587 2085 1747 2152 δόξαν
1780 2085 1947 2138 αὑτοῦ

363 2175 460 2237 τῆς
499 2171 751 2241 θεότητος
786 2173 1020 2240 ἔδειξεν,
1053 2176 1118 2246 ἢν
1148 2176 1235 2227 ἀεὶ
1267 2179 1380 2239 τοῖς
1418 2176 1843 2248 καθαιρομένοις
1877 2179 1946 2231 δι’

362 2270 525 2319 αηὶτὸν
558 2268 653 2320 καὶ
690 2268 950 2322 ποθοῦσιν
982 2271 1147 2324 αὑτὸν
1181 2272 1515 2342 ὀλοκαρδέως
1550 2278 1815 2343 φανεροῖ,
1851 2276 1947 2327 καὶ

365 2359 568 2429 μᾶλλον
598 2364 710 2422 τοῖς
744 2359 970 2430 ζητοῦσι
1001 2362 1070 2415 δι’
1092 2365 1343 2433 ἡσυχίας.
1378 2366 1489 2419 Ka't
1521 2367 1703 2419 κοινοῦ
1736 2368 1791 2419 δὲ
1826 2368 1944 2435 βίου

362 2455 514 2521 τάξιν
546 2455 799 2520 ὑπέδειξε
831 2455 918 2509 διὰ
952 2457 1060 2509 τῶν
1094 2456 1259 2509 αὐτοῦ
1300 2458 1579 2528 μαθητῶν.
1616 2461 1725 2513 Καὶ
1756 2461 1814 2512 τὸ
1852 2478 1973 2511 κοι-Δ

361 2546 723 2613 ταλιμπάνειν
753 2546 808 2597 δὲ
848 2546 1091 2615 πατέρας
1127 2547 1195 2598 δι’
1220 2548 1385 2601 αὐτὸν
1407 2590 1421 2613 ,
1459 2549 1722 2615 ἀδελφούς
1754 2567 1812 2602 τε
1852 2551 1948 2602 καὶ

363 2642 621 2703 γυναῖκα,
663 2634 757 2691 καὶ
795 2639 963 2692 τέκνα
1005 2641 1098 2692 καὶ
1140 2642 1423 2708 συγγενεῖς
1467 2642 1561 2693 καὶ
1604 2643 1808 2710 ἀγροὺς
1854 2645 1947 2695 καὶ

364 2731 542 2781 πάντα
574 2730 634 2780 τὰ
669 2730 727 2781 ὲν
757 2732 835 2802 τῷ
864 2732 1055 2801 κόσμῳ
1080 2773 1095 2796 ,
1123 2732 1521 2801 νενομοθέτηκε
1553 2736 1665 2796 τοῖς
1697 2734 1946 2786 θέλουσιν

363 2825 541 2891 αἴρειν
586 2824 677 2875 τ³ιν
723 2824 979 2892 σταυρδν,
1027 2826 1123 2878 καὶ¹
1172 2826 1348 2879 ὀπίσω
1389 2826 1555 2879 αὑτοῦ
1604 2826 1943 2891 ἀκολουθεῖν,

507 2915 757 2984 μαθητὰς
801 2915 969 2968 αὑτοῦ
1017 2916 1110 2968 καὶ
1151 2915 1335 2980 ἀξίους
1379 2918 1543 2970 αὑτοῦ
1600 2919 1795 2986 μόνους
1840 2918 1944 2988 ἔφη

362 3006 489 3068 τοὶς
517 3007 680 3060 αὐτὸν
708 3006 1038 3074 ἀγαπῶντας
1074 3009 1235 3078 μόνον
1265 3010 1429 3063 πλέον
1456 3010 1549 3063 τοῦ
1577 3010 1784 3077 κόσμου
1812 3027 1948 3063 παν-

2054 1833 2263 1893 petens,
2293 1826 2446 1878 solus
2472 1825 2685 1889 orahat,
2718 1825 2870 1893 pacis
2900 1823 3238 1879 desiderium
3272 1823 3633 1892 significans;

2052 1909 2377 1977 perfectiora
2431 1910 2485 1962 in
2535 1920 2721 1963 monte
2765 1910 3050 1975 docuit,et
3100 1911 3153 1965 in
3187 1922 3372 1965 monte
3415 1926 3636 1982 quoque

2053 2003 2283 2069 gloriam
2338 2001 2647 2057 divinitatis
2696 2003 2959 2066 ostendit,
3030 2019 3193 2071 quam
3253 2004 3307 2057 in
3372 2013 3634 2059 aeternum

2056 2093 2446 2161 possidendam
2478 2109 2849 2150 concessurus
2892 2102 3011 2148 erat
3035 2096 3291 2149 omnibus
3331 2096 3425 2164 qui
3482 2096 3635 2169 illum

2055 2196 2171 2240 toto
2192 2187 2356 2241 corde
2382 2188 2762 2242 desiderantes
2792 2201 2981 2256 pacem
3008 2187 3244 2241 maxime
3293 2188 3636 2257 qumsierint.

2058 2280 2341 2347 Apostolis
2371 2289 2553 2334 autem
2579 2279 2696 2336 suis
2727 2295 2974 2335 normam
3003 2280 3371 2336 communiter
3416 2280 3634 2337 vivendi

2053 2375 2315 2436 ostendit,
2372 2381 2555 2443 aperte
2599 2374 2804 2428 docens
2828 2383 3051 2442 propter
3096 2373 3273 2442 ipsum
3322 2372 3637 2442 relinquen-

2051 2467 2180 2519 dum
2222 2482 2343 2521 esse
2367 2478 2572 2535 patrem
2604 2473 2659 2519 et
2688 2465 2885 2519 fratres
2919 2474 2973 2519 et
3005 2478 3253 2527 uxorem,
3284 2472 3337 2518 et
3384 2464 3549 2529 filios,
3582 2473 3637 2519 et

2051 2558 2240 2611 allincs
2272 2567 2325 2612 et
2385 2573 2543 2627 agros
2585 2566 2640 2611 et
2692 2558 2877 2611 omnia
2927 2571 3047 2624 qum
3106 2557 3161 2610 in
3204 2555 3411 2610 mundo
3460 2564 3635 2623 sunt,

2052 2653 2501 2722 praescripsitque
2532 2652 2613 2706 eis
2660 2650 2851 2706 tollere
2881 2664 3124 2715 crucem,
3162 2656 3219 2702 ut
3264 2649 3443 2717 ipsum
3470 2664 3636 2719 sequ-

2050 2760 2206 2803 entes
2240 2757 2294 2800 et
2323 2747 2615 2815 diligentes
2643 2760 2809 2814 super
2839 2744 3023 2797 omnia
3059 2759 3181 2812 quae
3203 2742 3256 2795 in
3287 2742 3489 2795 mundo
3506 2749 3638 2795 sunt

2049 2837 2168 2902 ejus
2188 2836 2463 2905 discipuli,
2490 2833 2755 2903 magistro
2779 2832 2923 2901 digni
2947 2833 3029 2887 sic
3051 2833 3225 2887 solum
3250 2831 3363 2886 fieri
3387 2838 3633 2900 possent.

2051 2928 2127 2982 De
2145 2930 2354 2995 reliquo
2379 2928 2487 2981 vita
2514 2927 2633 2995 ejus
2652 2925 3001 2981 sanctissima
3026 2934 3086 2978 ut
3111 2924 3432 2994 prophetam
3480 2923 3638 2979 decet

2052 3030 2107 3074 et
2140 3020 2471 3088 apostolum,
2494 3018 2611 3073 sive
2637 3018 2822 3086 potius
2850 3016 3100 3085 angelum
3128 3032 3144 3083 ;
3170 3030 3291 3069 nam
3315 3015 3633 3084 angelorum

363 3097 475 3156 τός.
510 3099 711 3152 Λοιπὸν
741 3100 801 3152 τὸ
840 3101 1027 3169 σχῆμα
1057 3104 1117 3153 τὸ
1156 3102 1316 3168 ἅγιον
1349 3084 1444 3154 καὶ
1480 3102 1820 3170 προφητικὸν
1850 3106 1943 3155 καὶ

2051 3084 2416 3180 virginitatem
2440 3084 2684 3162 imitatus
2705 3114 2789 3162 est
2809 3118 2862 3163 et
2879 3107 3243 3163 obedientiam
3263 3114 3317 3160 et
3338 3113 3637 3160 concentus

363 3191 744 3255 ἀποστολικῦν,
776 3192 871 3244 καὶ
899 3192 1196 3262 ἐξαιρέτως
1223 3193 1538 3261 ἀγγελικδν,
1570 3194 1643 3256 ὡς
1674 3195 1772 3261 τὴν
1805 3212 1947 3264 παρ-

364 3286 549 3339 θενίαν
585 3285 692 3337 τῶν
727 3285 977 3354 ἀγγέλων
1016 3287 1358 3354 μιμούμενον
1395 3289 1491 3339 καὶ
1536 3286 1815 3357 ὑποταγὴν
1853 3290 1946 3340 καὶ

360 3377 725 3446 ὑμνολογίαν,
756 3379 850 3430 καὶ
880 3377 1303 3447 ἀκτημοσύνην,
1339 3378 1431 3430 καὶ
1461 3379 1741 3447 ἄγρυπνον
1773 3397 1946 3449 atpos-

360 3472 549 3540 ειχὴν,
596 3471 691 3522 καὶ
734 3470 1045 3538 δοξο).ογίαν
1094 3472 1187 3522 καὶ
1236 3470 1584 3539 λειτουργίαν
1630 3472 1944 3540 ἀκάματον,

373 3566 503 3634 ’ὶδιᾳ
543 3566 600 3618 δὲ
634 3564 726 3617 τοῦ
770 3566 1021 3635 Σωτῆρος
1061 3565 1223 3634 ἡμῶν
1256 3566 1372 3617 ἐστι
1414 3564 1716 3634 πολίτευμά
1749 3582 1807 3618 τε
1851 3568 1946 3619 καὶ

363 3661 573 3728 σχῆμα.
606 3653 775 3720 Οὗτος
806 3657 913 3728 γὰρ
944 3658 1264 3727 ἐπανορθῶν
1299 3658 1457 3728 ἡμῶν
1489 3659 1587 3728 τὴν
1619 3658 1781 3726 φύσιν
1803 3700 1816 3722 ,
1851 3659 1946 3711 κα)⁵
1988 3664 1995 3669 ’

360 3758 440 3810 εἰς
482 3751 543 3804 τδ
583 3753 810 3822 ἀρχαῖον
854 3751 1169 3818 ἐπανάγων,
1211 3754 1307 3804 καὶ
1352 3752 1489 3804 Θεοῦ
1533 3751 1659 3804 καθ’
1682 3752 1945 3818 ὁμοίωσιν

360 3846 567 3908 ποιῶν,
620 3846 755 3914 ἡμῖν
800 3843 1018 3913 ήνὼθη,
1069 3848 1163 3897 καὶ
1215 3843 1517 3915 καθ’ήμᾶς
1571 3844 1789 3911 γέγονε.
1837 3846 1946 3898 Καὶ

360 3936 607 4005 ἀναιρῶν
641 3936 738 4004 τὴν
774 3934 1058 4004 παροῦσαν
1090 3935 1185 3988 τοῦ
1228 3937 1436 4005 κόσμου
1484 3937 1732 4007 φθαρτὴν
1767 3940 1943 4010 ζωὴν,

358 4032 480 4100 ἥτις
511 4030 741 4096 συνέστη
767 4028 851 4081 διὰ
868 4030 966 4099 τῆς
990 4028 1353 4098 παραϐάσεως
1380 4031 1473 4083 καὶ
1499 4031 1649 4101 ῥοῆς,
1669 4031 1766 4102 τὴν
1784 4033 1945 4085 ἔπου-

362 4123 548 4191 ράνιον
594 4120 803 4189 ταύτην
850 4106 1139 4190 ζωὴνκαὶ
1187 4102 1468 4174 πολιτείαν
1516 4120 1784 4185 ὑπέδειξε.
1833 4122 1946 4174 Kal.

360 4211 551 4265 λοιπὸν
577 4211 676 4264 οὐκ
705 4210 787 4262 ἔτι
817 4210 1057 4277 ἐπίγειος
1084 4211 1182 4263 καὶ
1206 4210 1301 4263 τοῦ
1330 4210 1541 4281 κόσμου
1572 4210 1765 4265 τούτου
1794 4212 1822 4264 ὁ
1850 4228 1946 4280 μο-

360 4303 549 4372 ναχδς,
590 4301 709 4354 ἀλλ’
754 4302 1125 4371 ὕπερκόσμιος
1157 4301 1253 4355 καὶ
1282 4302 1554 4371 οὐράνιος,
1586 4303 1681 4355 καὶ
1707 4303 1766 4356 τὸ
1798 4303 1947 4356 πολί-

359 4410 543 4462 τευμα
575 4393 793 4464 ἀληθῶς
830 4392 973 4460 μετὰ
1003 4391 1100 4446 τοῦ
1137 4393 1353 4447 Παύλου
1389 4393 1529 4462 ἔχων
1563 4396 1622 4447 ὲν
1652 4395 1905 4464 οὐρανοῖς

362 4489 459 4541 καὶ
491 4486 647 4540 τοῦτο
682 4485 1181 4555 ἐπαγγελλόμενος.
1216 4485 1308 4537 Διὸ
1342 4484 1663 4553 γινωσκέτω
1699 4488 1806 4550 πᾶς
1846 4504 1946 4557 μου

362 4582 525 4649 ναχδς
546 4620 562 4643 ,
592 4579 668 4641 ὡς
699 4579 800 4632 οὐκ
834 4579 981 4630 ἔστιν
1014 4575 1095 4629 ἔτι
1126 4577 1224 4646 τῆς
1256 4576 1540 4646 παρούσης
1574 4577 1741 4646 ζωῆς,
1809 4580 1947 4633 ἀλλὰ

362 4670 443 4738 τῷ
484 4671 582 4739 ῥίῳ
624 4669 799 4739 τούτῳ
838 4668 1204 4737 νενέκρωται,
1248 4668 1344 4720 καὶ
1380 4667 1663 4738 ἄφθαρτός
1700 4670 1815 4721 ἐστι
1854 4672 1950 4723 καὶ

366 4763 694 4830 ἐπουράνιος
731 4762 1017 4830 ἄνθρωπος
1046 4774 1077 4793 ν
1104 4761 1199 4813 καὶ
1240 4760 1383 4812 κατὰ
1425 4760 1641 4813 Παῦλον
1680 4761 1834 4825 αὖθις
1876 4764 1948 4814 εξ-

361 4857 487 4905 πεῖν
510 4894 522 4913 ,
563 4872 582 4905 ι
622 4856 680 4905 '0
715 4853 917 4921 κόσμος
950 4852 1100 4923 αύτῷ
1132 4852 1476 4922 ἐσταύρωται
1499 4896 1512 4917 ,
1547 4855 1639 4906 καὶ
1672 4854 1836 4915 αὐτὸς
1868 4856 1945 4926 τῷ

361 4947 579 5014 κόσμῳ.
620 4965 639 4997 ι
676 4948 785 4999 Καὶ
814 4947 875 4999 τὺ
906 4947 1091 5015 σχῆμα
1120 4946 1175 4998 δὲ
1205 4945 1297 4998 τοῦ
1335 4946 1573 5014 μονοιχοῦ
1608 4948 1754 4999 ἆπαν
1783 4948 1944 5001 τοῦτο

360 5041 536 5109 δηλοῖ.
582 5040 691 5092 Καὶ
732 5040 908 5108 μέλαν
952 5039 1053 5108 μὲν
1092 5038 1238 5091 ἅπαν
1276 5038 1367 5092 διά
1403 5054 1463 5089 τε
1506 5038 1568 5089 τὸ
1610 5038 1806 5101 πένθος
1852 5043 1946 5094 καὶ

360 5132 457 5184 τὸν
490 5131 723 5187 θάνατον
754 5133 863 5201 τῆς
886 5132 1112 5201 σαρκὸς,
1145 5133 1240 5184 καὶ
1269 5132 1331 5183 τὸ
1362 5130 1602 5199 ζοφῶδες
1629 5133 1732 5201 τῆς
1761 5133 1943 5202 ἁμαρ-

360 5224 485 5285 τιας
506 5239 518 5251 '
545 5227 609 5277 ὲκ
630 5225 834 5295 τριχῶν
853 5225 907 5277 δὲ
935 5224 1021 5276 διὰ
1041 5225 1140 5292 τὴν
1158 5225 1426 5293 νέκρωσιν
1444 5266 1458 5289 ,
1486 5224 1720 5287 καὶτοὺς
1748 5226 1951 5294 δερμα-

360 5317 546 5378 τίνους
580 5317 834 5384 χιτῶνας.
869 5318 977 5371 Καὶ
1007 5314 1172 5385 χιτὼν
1204 5316 1303 5383 μὲν
1333 5315 1421 5368 διὰ
1448 5315 1547 5383 τὴν
1578 5316 1641 5367 ὲκ
1682 5314 1820 5367 Θεοῦ
1860 5316 1955 5384 χά.

366 5424 487 5477 ριν,
526 5407 587 5458 τὸ
618 5405 719 5475 τῆς
754 5408 1064 5479 ἀφθαρσίας
1098 5406 1303 5475 ἔνδυμα
1326 5422 1340 5437 ’
1377 5406 1602 5460 παλλξον
1636 5406 1693 5457 δὲ
1728 5406 1815 5459 διὰ
1849 5404 1948 5476 τὴν

363 5499 433 5549 ὲκ
462 5496 597 5550 Θεοῦ
631 5498 843 5568 σκέπην
871 5516 883 5528 ·
917 5499 1236 5552 κουκούλιον
1260 5499 1316 5553 δὲ
1346 5500 1434 5552 διὰ
1461 5499 1558 5567 τὴν
1587 5498 1824 5551 ἀκακίαν
1853 5498 1951 5549 καὶ¹

360 5590 624 5667 ¹φυλακὴν
653 5590 764 5645 τῶν
794 5592 1121 5661 αἰσθήσεων,
1154 5593 1247 5647 καὶ
1278 5593 1378 5664 τὴν
1410 5588 1966 5662 ταπεινοφροσύνην,’

440 5770 481 5802 ³⁰
511 5770 710 5837 Galat.,
732 5787 781 5827 v1
812 5771 897 5829 l4.

1884 4436 2020 4495 "C

2051 3214 2105 3259 et
2132 3210 2505 3272 paupertatem
2534 3209 2588 3255 et
2611 3200 2927 3269 vigilantem
2948 3199 3252 3253 orationem
3280 3204 3334 3251 et
3358 3196 3425 3250 ad
3464 3196 3636 3251 Deum

2052 3294 2243 3347 Iaudes
2279 3301 2333 3345 ct
2349 3292 2676 3346 indefessam
2702 3290 3077 3345 adoratiouem
3105 3305 3118 3341 :
3142 3289 3257 3342 haec
3278 3295 3397 3342 erat
3418 3285 3639 3357 propria

2051 3385 2356 3439 Salvatoris
2381 3383 2550 3439 nostri
2574 3392 2627 3437 et
2649 3385 2758 3438 vita
2789 3393 2839 3438 et
2860 3382 3157 3453 professio,
3192 3393 3248 3437 et
3274 3381 3350 3436 ita
3384 3390 3637 3435 naturam

2048 3485 2293 3532 nostram
2338 3482 2635 3541 reparant,
2671 3485 2725 3528 et
2749 3474 2815 3527 ad
2864 3476 3101 3543 priorem
3130 3472 3347 3527 reduxit
3383 3472 3635 3540 gloriam,

2047 3580 2099 3627 et
2128 3585 2225 3623 nos
2259 3585 2321 3623 ex
2339 3567 2529 3621 altavit
2592 3581 2770 3635 usque
2798 3565 2865 3619 ad
2901 3564 3317 3620 similitudinem
3347 3564 3469 3630 Dei,
3505 3563 3634 3616 dum

2047 3661 2243 3718 similis
2271 3659 2428 3714 nobis
2456 3660 2629 3713 factus
2673 3667 2807 3713 est:
2868 3658 3165 3724 mundique
3210 3666 3526 3725 corruptam
3581 3665 3639 3712 et

2048 3753 2247 3809 fluxam
2277 3746 2570 3805 destruens
2596 3749 2766 3803 vitam
2798 3765 2924 3820 qua:
2949 3765 3096 3803 nunc
3111 3758 3196 3804 est
3224 3757 3278 3803 et
3300 3764 3420 3817 quae
3440 3749 3492 3802 in
3514 3762 3636 3817 pec-

2050 3845 2189 3899 catis
2213 3842 2671 3906 constituebatur,
2705 3841 2850 3895 illam
2883 3842 3325 3910 supercmlestem
3358 3840 3519 3895 vitam
3584 3851 3641 3896 et

2047 3945 2278 3991 mortem
2327 3935 2531 3989 docuit.
2593 3934 2890 3988 Monachus
2955 3933 3119 4003 igitur
3142 3942 3635 3988 nonterrenusest

2050 4028 2213 4097 hujus
2246 4026 2458 4092 mundi,
2491 4026 2586 4081 sed
2617 4025 2858 4080 caelestis
2879 4034 2933 4079 et
2954 4040 3119 4094 super
3144 4024 3379 4077 humana
3400 4023 3653 4090 negotia,

2048 4129 2102 4174 et
2134 4120 2252 4188 ejus
2283 4119 2625 4173 conversatio
2644 4133 2792 4182 vere,
2820 4117 2973 4187 juxta
3004 4117 3251 4179 Paulum.
3279 4117 3330 4169 in
3351 4116 3502 4171 caelis
3530 4127 3637 4180 est.

2052 4219 2107 4264 et
2142 4210 2243 4264 hoc
2271 4207 2431 4264 Jesus
2462 4209 2667 4263 docuit.
2699 4207 2909 4263 Idcirco
2935 4209 3116 4263 omnis
3144 4207 3447 4262 monachos
3476 4208 3638 4273 Sttial,

2057 4303 2185 4373 quia
2216 4318 2327 4357 non
2347 4302 2459 4371 jam
2484 4302 2647 4371 hujus
2661 4309 2745 4357 est
2775 4302 2898 4355 vitae
2926 4317 2940 4366 ;
2967 4301 3060 4356 sed
3083 4300 3334 4371 praesenti
3359 4302 3481 4355 vitm
3499 4314 3643 4352 mor—

2056 4403 2203 4459 tuus,
2241 4392 2672 4463 ineorruptibilis
2708 4404 2759 4447 et
2792 4392 3033 4448 caelestis
3068 4392 3233 4446 homo
3266 4405 3389 4446 esse
3437 4391 3638 4447 debet:

2054 4500 2107 4542 et
2167 4503 2290 4540 cum
2354 4487 2529 4541 Paulo
2579 4485 2771 4541 dicat:
2836 4503 2854 4536 ι
2891 4484 3022 4539 Mihi
3071 4483 3308 4539 mundus
3341 4484 3643 4538 crucifixus

2048 4584 2152 4645 e’st,
2181 4589 2236 4633 et
2274 4595 2374 4649 ego
2409 4578 2620 4633 mundo
2642 4578 2712 4632 “.
2747 4596 2765 4629 ι
2804 4576 2917 4632 Hoc
2950 4578 3095 4631 enim
3123 4583 3175 4629 ct
3228 4584 3338 4629 tota
3387 4574 3643 4631 monachi

2049 4687 2279 4742 persona
2300 4671 2661 4725 demonstrat.
2696 4669 2860 4724 Color
2890 4670 3047 4741 niger
3073 4677 3133 4723 ut
3157 4667 3404 4725 ostendat
3437 4667 3644 4723 luctum
3680 4734 3687 4747 ι

2048 4774 2101 4818 et
2131 4764 2407 4817 tristitiam
2441 4770 2495 4816 et
2529 4762 2812 4815 interitum
2870 4760 3074 4825 carnis,
3113 4767 3167 4815 et
3222 4759 3431 4828 peccati
3488 4767 3644 4812 tene-

2050 4858 2203 4912 bras.
2240 4855 2490 4910 Tonsura
2521 4853 2841 4924 capillorum
2874 4860 3093 4921 propter
3144 4849 3643 4903 mortificationem.
3678 4862 3684 4925 ρ

2057 4948 2267 5002 Tunica
2296 4948 2523 5017 pellicea
2552 4956 2738 5014 proter
2795 4944 3027 5012 gratiam
3089 4941 3205 5005 Dei,
3258 4940 3646 4995 vestimentum

2054 5039 2332 5110 puritatis.
2403 5038 2630 5092 Pallium
2730 5041 2909 5088 autem
2972 5040 3035 5086 ut
3092 5041 3464 5101 tegumentum
3527 5029 3689 5087 Dei.‘.

2057 5134 2310 5189 Cucullio
2327 5140 2545 5199 propter
2562 5128 2924 5183 innocentiam
2956 5137 3009 5180 et
3031 5123 3332 5179 custodiam
3358 5137 3647 5186 sensuum,

2058 5236 2110 5280 et
2141 5226 2501 5280 humilitatem
2527 5231 2579 5275 et
2606 5220 2671 5274 ad
2702 5220 3119 5275 custodiendam
3155 5231 3346 5286 puram
3370 5226 3424 5272 et
3456 5216 3651 5271 fortem

2059 5317 2299 5370 animam
2332 5314 2386 5367 in
2418 5313 2658 5381 regendo
2695 5325 2952 5381 corpore.
3019 5309 3318 5380 Scapulare
3348 5307 3413 5362 ad
3444 5307 3654 5376 signifi-

2010 5413 2021 5423 ’
2059 5406 2290 5461 candum
2326 5420 2543 5459 crucem
2566 5401 2882 5474 gestandam
2917 5416 3041 5458 esse
3075 5402 3320 5457 humeris
3349 5410 3473 5470 post
3528 5398 3654 5454 Sal-

2056 5508 2325 5553 vatorem.
2351 5497 2501 5551 Zona
2526 5496 2657 5550 dicit
2682 5494 3083 5559 fortitudinem,
3113 5492 3431 5564 pudentiam
3455 5499 3509 5544 et
3558 5504 3652 5543 ca-

2056 5590 2321 5647 stitatem.
2358 5588 2622 5645 Sandalia
2653 5595 2837 5659 portat
2864 5594 3152 5655 utrectain
3206 5582 3448 5637 ambulet
3506 5580 3650 5636 viain
