4118 6434
401 280 510 348 917

1162 268 1569 345 RESPONSA
1623 282 1725 345 AD
1758 280 2211 345 GABBIELEM
2237 280 2981 351 PEN'I‘APOLITANUM.

3562 286 3689 353 918v

405 400 582 457 στεῖτε
630 416 676 463 s,
714 396 880 468 φησὶν
917 398 946 450 6
981 396 1323 469 Ἀπόστολος.
1354 397 1487 463 Καὶ,
1530 415 1549 449 ι
1590 395 1714 452 Είτε
1755 396 1985 463 ἐσθίετε,

2095 397 2245 454 te.ln
2272 398 2529 458 omnibus
2553 401 2756 470 gratias
2775 399 2917 472 agite
2934 399 3049 455 “".
3074 417 3093 453 ι
3128 396 3195 453 Ει
3217 399 3415 455 iterum
3444 414 3458 453 :
3495 418 3515 453 ι
3540 400 3670 459 Sive

402 492 514 545 εἴτε
551 490 737 545 πίνετε
759 529 773 551 .
811 489 923 543 εἴτε
957 506 1012 541 τι
1046 490 1252 541 ποιεῖτε
1274 526 1290 553 ,
1323 488 1500 543 πάντα
1538 488 1618 551 είς
1652 486 1812 556 δόξαν
1846 487 1983 541 Θεοῦ

403 586 630 639 ποιεῖτε.
668 602 689 635 s
722 583 832 637 Kal
858 584 887 635 6
915 582 1144 650 Κύριος,
1173 579 1535 650 Γρηγορεῖτε
1563 576 1677 636 οὖν
1704 581 1775 634 ἐν
1802 579 1986 634 παντί

404 672 589 743 καιρῷ
616 672 910 744 δεόμενοι.
941 672 1051 726 Kal
1079 674 1109 726 6
1139 673 1333 739 Aa6l6,
1371 671 1704 740 Εὐλογήσω
1733 672 1843 725 τὸν
1870 672 1985 726 Kr}-

394 782 537 834 ριον
559 765 631 819 ὲν
656 764 835 819 παντί
867 760 1070 832 καιρῷ.
1099 762 1300 817 Λοιπὸν
1330 765 1438 826 πᾶς
1470 764 1658 831 καιρὸς
1688 764 1987 830 ἀναγκαῖος

405 859 485 920 είς
522 856 835 926 προσευχήν
862 871 876 885 ·
913 855 1007 907 καὶ
1037 853 1197 907 τοῦτο
1229 856 1402 906 ποιεῖν
1436 853 1726 921 ὀφείλομεν
1759 852 1987 906 διαπαν-

403 950 519 1012 τός.
546 947 636 1000 Διὸ
662 946 785 999 οῦτε
812 948 869 998 ἔν
893 945 1022 1012 ὁδῷ,
1049 944 1171 997 οὔτε
1199 946 1256 997 ὲν
1281 946 1551 1015 τραπέζῃ,
1574 944 1698 998 οῦτε
1723 946 1783 1000 ὲν
1806 946 1984 1017 κλίνῃ,

402 1039 528 1095 οὔτε
574 1042 632 1093 ὲν
673 1039 856 1108 ἔργῳ,
904 1034 1028 1089 οὔτε
1077 1039 1135 1088 ὲν
1180 1036 1515 1102 διαλέξεσιν,
1563 1034 1687 1088 οὔτε
1738 1038 1795 1089 ἔν
1843 1037 1989 1105 ἄλλῳ

405 1132 583 1203 καιρῷ
623 1149 752 1196 τινι,
796 1129 1129 1197 ἀφίστασθαι
1169 1130 1251 1181 δεῖ
1286 1129 1384 1207 τῆς
1430 1130 1762 1198 προσευχῆς.
1808 1129 1883 1182 Τὸ
1930 1130 1988 1183 δὲ

406 1229 699 1295 ἱστάμενον
730 1225 980 1295 ψάλλειν,
1014 1224 1048 1293 ἢ
1085 1223 1421 1294 καθήμενον,
1456 1222 1489 1291 ἢ
1526 1221 1619 1287 ἀφ’
1649 1220 1914 1289 ἑσπέρας,
1952 1221 1987 1291 ἢ

406 1320 584 1391 πρωῒ,
617 1318 760 1373 κατὰ
791 1319 890 1387 τὴν
922 1316 1245 1387 προαίρεσιν
1273 1316 1491 1385 ἑκάστῳ
1530 1314 1684 1367 ἔσται
1721 1313 1986 1379 δεόντως,

405 1411 501 1464 καὶ
532 1410 633 1479 τὴν
664 1407 762 1460 τοῦ
802 1407 1056 1475 σώματος
1092 1406 1346 1474 δύναμιν,
1377 1405 1472 1458 καὶ
1512 1406 1655 1459 κατὰ
1691 1407 1790 1475 τὴν
1827 1406 1991 1458 ἀσθέ-

406 1520 590 1568 νειαν,
622 1501 717 1555 καὶ
744 1500 844 1569 τὴν
873 1499 969 1552 τοῦ
1007 1496 1427 1567 οἷκονομοῦντος
1462 1497 1847 1569 πνευματικὴν
1875 1497 1991 1551 διά-

406 1612 611 1668 κρισιν.
647 1592 804 1647 Ἐπεὶ
834 1592 928 1645 καὶ
958 1591 1138 1645 πάντα
1163 1588 1437 1660 διακρίσει
1466 1588 1630 1643 θείων
1656 1588 1870 1659 ἀνδρῶν
1895 1589 1992 1642 καὶ

2090 490 2455 555 manducatis,
2517 492 2635 549 sive
2683 492 2890 559 bibitis,
2936 491 3052 549 sive
3092 490 3240 547 aliud
3273 492 3405 561 quid
3465 492 3667 560 facitis,

2087 583 2270 638 omnia
2341 584 2397 639 in
2452 584 2682 654 gloriam
2753 584 2846 641 Dei
2882 584 3049 641 facite
3076 588 3161 642 ⁸.»
3228 583 3299 640 Et
3351 585 3669 643 Dominus:

2092 692 2113 726 ε
2142 674 2379 745 Vigilate
2406 690 2560 747 ergo,
2580 677 2728 731 omni
2753 684 2997 745 tempore
3016 684 3238 731 orantes
3260 676 3301 740 ⁸,
3332 694 3352 729 ι
3376 675 3439 729 Ει
3465 677 3671 733 David:

2094 786 2112 821 ε
2138 768 2464 826 Benedicam
2498 771 2790 828 Dominum
2821 772 2875 827 iu
2900 772 3051 827 omni
3079 780 3323 842 tempore
3360 770 3404 825 δ.
3431 790 3450 824 ι
3494 772 3671 827 Crete-

2089 874 2210 915 rum
2234 875 2397 916 omne
2446 871 2661 931 tempus
2710 863 2844 920 utile
2874 864 2939 917 ad
2973 864 3241 918 orandum
3289 882 3303 919 :
3361 869 3415 917 et
3460 861 3669 917 nullum

2097 952 2364 1009 debemus
2414 956 2485 1011 ab
2513 956 2765 1012 oratione
2813 969 3009 1025 expers
3040 965 3237 1011 terere.
3265 954 3447 1021 Quare
3498 970 3675 1025 neque

2086 1045 2141 1100 in
2179 1048 2287 1111 via,
2338 1063 2519 1118 neque
2566 1050 2622 1103 in
2679 1064 2893 1115 mensa,
2929 1063 3111 1117 neque
3149 1051 3205 1103 in
3235 1048 3459 1109 lectulo,
3499 1040 3703 1137 neque,

2090 1139 2143 1193 in
2167 1139 2377 1205 labore,
2402 1157 2579 1211 neque
2608 1140 2753 1197 inter
2775 1141 3073 1212 colloquia,
3111 1136 3291 1209 neque
3319 1142 3375 1195 in
3406 1140 3512 1195 alio
3539 1136 3695 1210 quoo‘

2088 1228 2173 1283 vis
2201 1238 2467 1300 tempore,
2498 1232 2566 1287 ab
2618 1234 2870 1288 oratione
2898 1232 3130 1287 deﬁcere
3163 1241 3402 1311 oportet.
3435 1231 3680 1297 Psallere

2090 1329 2269 1375 autem
2316 1323 2543 1390 stando,
2603 1323 2687 1379 vel
2715 1324 2976 1391 sedendo,
3003 1324 3087 1379 vel
3113 1324 3217 1379 sub
3256 1338 3558 1394 vesperam,
3592 1322 3678 1378 vel

2089 1428 2251 1468 mane
2281 1430 2295 1467 :
2333 1416 2433 1469 hoc
2482 1416 2638 1484 iuxta
2670 1430 2878 1475 morem
2913 1418 3182 1487 cujusque
3227 1415 3672 1472 constituendum

2088 1508 2175 1562 vel
2214 1522 2312 1577 pro
2334 1509 2544 1564 viribus
2589 1509 2863 1578 corporis,
2910 1516 2965 1564 et
2993 1509 3175 1563 habita
3202 1510 3415 1563 ratione
3444 1507 3675 1563 inﬁrmi-

2092 1602 2247 1667 tatis,
2272 1611 2327 1656 et
2355 1611 2520 1670 prout
2538 1603 2867 1673 iudicaverit
2902 1602 2996 1671 qui
3028 1601 3390 1671 spiritualiter
3419 1609 3621 1671 praeest
3657 1618 3674 1656 :

407 1685 686 1757 συμϐουλῇ
715 1684 822 1754 χρὴ
853 1685 1051 1737 ποιεῖν.
1085 1680 1240 1745 Τέως
1272 1680 1609 1753 άπαράϐατα
1641 1681 1816 1734 πᾶσιν
1847 1678 1991 1733 ἔστω

2095 1692 2222 1761 quia
2249 1692 2457 1762 absque
2472 1693 2686 1761 judicio
2722 1703 2778 1749 et
2821 1693 3063 1750 consilio
3084 1704 3402 1749 sanctorum
3432 1692 3673 1748 virorum

405 1754 491 1834 14l—
517 1776 937 1850 παραδεδομένα
984 1779 1053 1847 τῇ
1092 1773 1414 1846 Ἐκκλησία.
1466 1774 1577 1827 Kal
1624 1775 1837 1836 πάντας
1887 1772 1989 1842 μὲν

2095 1754 2232 1838 nihil
2268 1754 2579 1839 iaciendum
2608 1796 2715 1841 est.
2748 1785 2854 1841 Sed
2908 1795 3039 1842 ante
3064 1786 3249 1842 omnia
3289 1786 3422 1841 nulli
3456 1794 3683 1855 praeter-

404 1871 913 1944 χρὴοπροστρέχειν
944 1870 1059 1931 τοῖς
1098 1867 1268 1930 θείοις
1304 1868 1490 1932 ναοῖς,
1524 1866 1600 1931 ὡς
1642 1864 1988 1937 καθιερωμέ-

406 1980 519 2025 νοις
551 1960 673 2030 Θεῷ
703 1962 800 2014 καὶ
832 1958 1147 2031 προσευχῆς
1176 1957 1327 2011 οὖσιν
1358 1958 1530 2021 οῐκοις
1551 1996 1569 2024 ,
1600 1959 1658 2010 ὲν
1687 1952 1768 2020 οἷς
1799 1960 1895 2012 καὶ
1922 1958 1990 2012 τὰ

406 2053 528 2107 θεῖα
558 2050 928 2121 θυσιαστήρια
955 2049 1187 2120 δύναμιν
1218 2048 1414 2119 ἔχοντα
1444 2049 1670 2116 ἀνάγειν
1698 2047 1859 2119 ἡμῶν
1890 2050 1991 2111 τὰς

407 2146 721 2215 προσευχὰς
758 2143 837 2214 τῷ
874 2142 1018 2212 Θεῷ,
1060 2142 1167 2214 ἰδίᾳ
1204 2140 1260 2194 δὲ
1295 2142 1409 2203 τοῖς
1449 2141 1724 2211 μοναχοῖς.
1762 2141 1873 2195 Kal
1910 2139 1991 2194 ἔτι

404 2240 533 2304 τοὺς
571 2237 997 2309 ἀναχωροῦντας
1018 2237 1126 2296 ,καὶ
1174 2236 1549 2305 ἡσυχάζοντας
1596 2234 1655 2287 ἔν
1688 2252 1748 2287 τε
1784 2236 1993 2307 Κυρια-

292 2360 309 2365 -
406 2335 527 2397 καῖς
562 2333 924 2403 προστρέχειν
954 2331 1048 2384 καὶ
1081 2331 1331 2399 ἑορταῖς,
1370 2329 1457 2384 ἵνα
1492 2331 1586 2383 καὶ
1620 2328 1720 2399 τῆς
1752 2328 1860 2384 ἀπὸ
1892 2331 1993 2399 τῆς

409 2423 560 2487 θείας
590 2424 903 2494 ἱερουργίας
933 2422 1235 2491 μετέχωσιν
1260 2418 1553 2488 ὠφελείας,
1579 2421 1674 2474 καὶ
1702 2422 1989 2483 κοινωνίας

406 2517 668 2583 ἀξιῶνται
694 2517 802 2571 τῶν
834 2515 1151 2586 μυστηρίων
1178 2513 1266 2567 διὰ
1292 2514 1387 2567 τοῦ
1422 2514 1638 2583 ἱερέως,
1668 2514 1812 2567 καθά
1842 2514 1991 2567 νενό-

408 2626 624 2682 μισται,
655 2609 751 2662 καὶ
777 2608 876 2679 τὴν
908 2608 1190 2675 ὑποταγὴν
1221 2605 1405 2660 διδῶσι
1434 2608 1500 2677 τῇ
1537 2605 1858 2676 Ἔκκλησίᾳ,
1893 2608 1989 2659 καὶ

408 2702 485 2774 μὴ
516 2702 693 2773 οἰήσει
728 2701 1023 2770 νομίζωσιν
1060 2698 1201 2769 ὑπὲρ
1234 2698 1363 2760 τοὺς
1399 2701 1561 2761 ναοὺς
1599 2693 1738 2751 εἶναι
1774 2699 1841 2751 τὰ
1878 2699 1988 2753 ἴδια

405 2798 730 2865 καταγώγια
750 2835 766 2861 ,
805 2793 942 2865 μηδὲ
976 2792 1076 2857 τὰς
1112 2792 1431 2857 ίδιαζούσας
1462 2793 1773 2862 προσευχὰς
1807 2792 1991 2863 κρείτ-

403 2904 566 2951 τονας
605 2886 863 2957 ἡγεῖσθαι
893 2884 1003 2939 τῶν
1035 2887 1187 2955 παρὰ
1216 2884 1319 2955 τῆς
1357 2882 1692 2954 Ἐκκλησίας
1728 2884 1991 2953 ἐνεργου-

408 2980 609 3051 μένων.
644 2982 753 3035 Kal
778 2978 887 3047 γὰρ
918 2979 1127 3048 Πέτρον
1156 2976 1442 3047 ὠφέλησεν
1468 2978 1503 3047 ὴ
1532 2976 1631 3045 τῆς
1662 2975 1991 3045 Ἐκκλησίας

2092 1876 2355 1927 mittenda
2419 1886 2546 1930 sunt
2591 1892 2711 1947 qum
2746 1877 2947 1933 tradita
2979 1888 3035 1933 et
3091 1879 3397 1934 constituta
3450 1885 3578 1933 sunt
3607 1879 3677 1933 ab

2091 1962 2362 2020 Ecclesia.
2408 1965 2613 2023 Omnes
2666 1983 2799 2038 ergo
2832 1968 2902 2023 ad
2929 1978 3123 2025 sancta
3151 1969 3353 2040 templa
3384 1981 3681 2039 properare

2092 2058 2315 2123 debent,
2341 2060 2471 2128 quia
2529 2059 2643 2115 Deo
2680 2070 3001 2117 consecrata
3048 2070 3106 2117 et
3162 2063 3362 2117 domus
3415 2062 3681 2118 orationis

2094 2149 2237 2203 facta
2284 2149 2536 2205 suntzin
2605 2149 2714 2205 illis
2785 2150 3015 2220 insuper
3039 2165 3195 2206 sacra
3236 2158 3366 2207 sunt
3429 2150 3620 2205 altaria
3651 2162 3680 2202 a

2094 2244 2295 2312 quibus
2327 2255 2380 2299 et
2412 2246 2689 2302 orationes
2746 2254 2949 2302 nostra
2998 2247 3106 2303 vim
3147 2253 3470 2302 mutuantur
3523 2253 3593 2307 ut,
3611 2247 3680 2302 ad

2094 2335 2264 2389 Deum
2314 2336 2595 2402 ferantur;
2656 2338 2895 2393 maxime
2928 2337 3239 2393 "monachis
3283 2338 3389 2392 hoc
3446 2335 3685 2406 speciale

2095 2442 2296 2480 munus
2329 2428 2455 2482 erit.
2482 2427 2656 2482 Etiam
2680 2428 3066 2484 anachoretice
3099 2427 3344 2482 viventes
3368 2435 3423 2480 et
3452 2426 3681 2483 silentes

2096 2519 2163 2572 ad
2222 2520 2421 2588 templa
2478 2521 2774 2575 convenire
2829 2520 3033 2576 debent
3085 2519 3603 2576 diebusDominicis
3627 2530 3681 2576 et

2093 2609 2250 2665 festis
2270 2622 2339 2669 ut
2367 2626 2574 2680 partem
2631 2614 2871 2667 habeant
2894 2612 3173 2667 fructuum
3213 2611 3551 2667 sanctissimi
3589 2626 3683 2667 sa-

2095 2702 2310 2765 criﬁcii,
2374 2713 2426 2754 et
2485 2704 2783 2771 dignentur
2843 2703 3257 2758 communicare
3310 2704 3590 2773 mysteriis
3614 2702 3684 2758 de

2094 2807 2259 2845 manu
2308 2795 2636 2859 sacerdotis,
2707 2802 2772 2847 ut
2809 2794 3188 2863 prmscriptum
3238 2802 3346 2860 est,
3367 2802 3421 2849 et
3446 2794 3525 2849 sic
3555 2794 3684 2849 obe-

2095 2883 2245 2937 dium
2287 2884 2574 2951 Ecclesiae;
2608 2902 2729 2941 .nec
2782 2901 2948 2955 porro
2979 2900 3149 2955 super
3201 2887 3400 2955 templa
3422 2892 3563 2943 esse'
3587 2901 3680 2942 eo—

2098 2989 2219 3028 rum
2257 2978 2465 3044 privata
2487 2977 2722 3045 hospitia
2746 2979 3041 3043 aestiment,
3075 2992 3252 3046 neque
3300 2993 3432 3033 suas
3492 2980 3682 3050 singu-

406 3073 710 3142 προσευχὴ.
739 3073 854 3125 Kal
882 3069 1100 3134 Παῦλος
1132 3069 1301 3141 αὐτὴν
1330 3070 1591 3134 αἰτεῖται,
1625 3085 1645 3119 t
1683 3067 1991 3139 Προσεύχε-

2100 3068 2244 3122 lares
2275 3078 2334 3122 et
2366 3071 2610 3136 privatas
2640 3084 2833 3138 preces
2878 3068 3215 3125 eliieaciores
3269 3086 3395 3127 esse
3435 3071 3681 3141 judicent

408 3166 526 3230 σθε,
544 3165 740 3233 λέγων,
759 3164 901 3234 ὑπὲρ
917 3163 1131 3235 ἡμῶν.)
1152 3162 1288 3231 Kal,
1306 3179 1326 3215 t
1355 3160 1881 3233 Συνυπουργούντων
1902 3164 1995 3214 καὶ

406 3259 558 3330 ὑμῶν
579 3260 718 3330 ὑπὲρ
738 3260 771 3329 ή
781 3259 897 3328 μῶν
921 3259 989 3329 τῇ
1010 3257 1214 3328 δεήσει.
1237 3274 1255 3308 ι
1278 3255 1408 3319 Kal,
1431 3273 1451 3307 t
1476 3253 1719 3325 Εῦχεσθε
1738 3254 1879 3323 ὑπὲρ
1896 3254 1993 3307 ἁλ-

404 3346 586 3422 ληλων
607 3388 622 3412 .
662 3367 683 3402 ι
717 3349 961 3403 διδάσκει
993 3349 1025 3402 6
1056 3344 1435 3414 ’Δδελφόθεοςθ
1473 3364 1491 3397 ι
1528 3345 1641 3399 Kal
1672 3343 1760 3397 ῖνα
1790 3343 1993 3414 ὁμοθυ-

409 3441 577 3511 μαδὸν
601 3441 659 3494 ἔν
684 3440 766 3495 ἑνὶ
792 3441 1065 3510 πνεύματι
1091 3437 1352 3507 δοξάζητε
1370 3436 1463 3489 τὸν
1488 3434 1623 3489 Θεὸν
1646 3434 1744 3488 καὶ
1770 3434 1996 3504 Πατέρα

404 3534 503 3589 τοῦ
541 3534 751 3607 Κυρίου
790 3534 948 3605 ἡμῶν
982 3531 1160 3604 Ἰησοῦ
1197 3528 1474 3603 Χριστοῦ,
1517 3548 1538 3583 ι
1575 3529 1711 3599 φησὶ
1752 3528 1988 3592 Παῦλος.

2106 3161 2366 3232 ρεευὶιηιε
2412 3176 2532 3230 qua:
2599 3162 2816 3231 publice
2877 3172 2934 3218 et
2991 3162 3309 3218 solemniter
3340 3167 3408 3217 ab
3438 3166 3684 3220 Ecclesia

2102 3256 2262 3307 tiunt.
2294 3252 2515 3306 Petrum
2547 3253 2797 3309 liberavit
2830 3253 3087 3309 Ecclesiae
3117 3257 3296 3309 oratio
3328 3257 3370 3321 ⁸,
3398 3268 3451 3311 et
3482 3255 3687 3315 Paulus

2098 3345 2249 3399 illam
2278 3344 2559 3398 humiliter
2580 3345 2836 3413 implorat
2856 3346 3079 3400 dicens:
3104 3344 3298 3402 «Orate
3318 3362 3417 3417 pro
3437 3350 3649 3406 nobis.‘
3663 3367 3684 3402 ι

2100 3434 2211 3491 Et:
2248 3455 2266 3489 ι
2296 3437 2703 3506 Adiuvantibus
2759 3445 2815 3492 et
2858 3438 3015 3495 vobis
3070 3439 3129 3495 in
3183 3442 3434 3496 oratione
3470 3458 3569 3512 pro
3593 3458 3691 3497 no-
3756 3462 3765 3471 ·

2103 3527 2186 3583 bis
2220 3527 2259 3583 ⁷.
2291 3545 2309 3579 ι
2345 3528 2412 3582 Ει
2440 3527 2598 3582 docet
2627 3527 2820 3583 Frater
2855 3527 3074 3583 Domini
3110 3545 3125 3582 :
3183 3548 3200 3581 ι
3232 3529 3397 3587 Orate
3423 3547 3521 3600 pro
3545 3533 3688 3588 invi-

408 3630 566 3687 cem“
593 3650 641 3685 ι.
676 3630 740 3686 Ει
785 3631 935 3686 addit
1004 3628 1249 3683 Paulus:
1287 3645 1307 3678 ‹
1336 3626 1407 3683 Ut
1466 3624 1761 3680 unanimus
1794 3623 1850 3679 in
1879 3638 1990 3679 uno
2033 3621 2377 3692 Spiritur(al.
2413 3636 2523 3675 uno
2586 3621 2703 3692 ore)
2749 3620 3125 3677 hoaoriﬁcetis
3147 3621 3312 3677 Deum
3366 3632 3420 3677 et
3465 3624 3684 3681 Patrem

409 3724 625 3781 Domini
656 3730 828 3781 nostri
849 3724 977 3780 Jcsu
1015 3722 1290 3778 Christi’.
1319 3738 1338 3771 ι

838 3814 1000 3887 357
1063 3810 1401 3866 EPeTttztz
1432 3809 1551 3863 El".

659 3933 728 3987 El
765 3929 858 3984 δεῖ
889 3925 1258 3998 ἐργοχειρεῒν
1301 3924 1400 3978 καί
1450 3924 1739 3993 ψάλλειν.

477 4090 590 4145 Kal
633 4088 697 4142 τὸ
729 4087 977 4158 ἔνεργεῖν
1002 4086 1060 4140 δὲ
1089 4084 1412 4156 ὲργὸχειρον
1447 4082 1545 4135 καὶ
1584 4081 1994 4152 προσεύχεσθαι

408 4184 571 4255 ἔργον
600 4178 860 4250 μοναχοῦ.
895 4178 1072 4243 Ἐπεὶ,
1107 4195 1126 4227 ι
1163 4175 1572 4247 Ἀδιαλείπτως,
1602 4177 1735 4247 φησὶ
1763 4174 1991 4241 Παῦλος,

408 4274 803 4347 προσεύχεσθε.
830 4290 849 4325 ι
879 4272 1013 4335 Kal,
1037 4292 1055 4325 ε
1069 4270 1215 4327 Ὅσα
1232 4272 1299 4327 ἂν
1313 4276 1529 4345 ποιῆτε,
1546 4275 1725 4329 πάντα
1745 4275 1822 4333 είς
1838 4270 1996 4336 δόξαν

410 4369 549 4424 Θεοῦ
579 4369 787 4421 ποιεῖτε
812 4382 827 4398 ·
857 4385 877 4421 s
908 4367 942 4438 ή
977 4367 1086 4434 γὰρ
1119 4369 1399 4438 προσευχὴ
1431 4370 1631 4430 παντὸς
1650 4369 1814 4437 ἔργου
1846 4364 1992 4419 θείου

2598 3802 2925 3869 ΟυᾹίδΤιΟ
2968 3802 3152 3857 LXIII.

2102 3919 2249 3974 Num
2285 3921 2445 3974 simul
2477 3921 2723 3973 manibus
2754 3920 2964 3989 aper-ari
2991 3928 3041 3973 et
3071 3919 3304 3988 psallere
3341 3922 3447 3976 sive
3476 3926 3689 3990 precari

2784 3992 2998 4045 deceat.

2176 4081 2430 4137 Manibus
2459 4085 2672 4151 operari
2705 4088 2760 4136 et
2793 4096 2954 4136 orare
2987 4081 3170 4149 simul,
3203 4082 3306 4137 hoc
3329 4096 3469 4152 opus
3498 4098 3689 4142 mona-

2103 4174 2217 4240 chi,
2252 4191 2374 4227 Clllll
2408 4174 2614 4228 Paulus
2632 4174 2818 4258 dicat:
2854 4192 2872 4225 t
2894 4172 3026 4229 Sine
3048 4174 3451 4229 intermissione
3467 4185 3684 4241 orate,»

2104 4276 2209 4323 et:
2258 4285 2275 4318 ι
2306 4266 2661 4336 Quaecunque
2730 4266 2909 4323 facitis
2968 4267 3155 4321 omnia
3208 4267 3260 4319 in
3314 4266 3540 4335 gloriam
3586 4268 3683 4322 Dci

2104 4359 2336 4414 facile.»
2408 4359 2624 4416 Etenim
2680 4359 2859 4414 oratio
2920 4371 3084 4428 caput
3142 4369 3227 4413 est
3291 4360 3473 4414 omnis
3511 4364 3686 4417 sancti

409 4462 747 4531 κεφάλαιονο
788 4461 884 4514 καὶ
1113 4427 1254 4529 μάνη
1293 4427 1479 4529 {ea},
1514 4427 1849 4512 ἐνοῦσα-τὸν
1898 4460 1991 4513 ἇν-

2103 4454 2314 4522 operis,
2351 4468 2473 4524 qua!
2495 4454 2610 4508 sola
2663 4453 2773 4508 Deo
2804 4427 3081 4507 hominem
3108 4451 3413 4521 coniungit.
3453 4454 3682 4522 Diligen-

410 4552 655 4621 θρωπον.
688 4552 816 4614 Τοῖς
845 4545 941 4604 οῦν
971 4549 1397 4620 ἀκριϐεστέροις
1425 4550 1534 4603 τῶν
1573 4550 1830 4621 μοναχῶν
1853 4550 1993 4623 αῦτη

415 4645 555 4715 μόνη
620 4645 859 4715 ἐργασία
912 4642 1194 4715 διηνεκὴς,
1252 4644 1350 4699 καὶ
1406 4642 1563 4697 ούδὲν
1626 4643 1760 4699 ἄλλο
1811 4645 1994 4715 ἔργον.

412 4736 674 4799 Πλεῖστος
730 4736 787 4789 δὲ
837 4737 867 4790 6
920 4734 1053 4806 περὶ
1112 4735 1214 4805 τῆς
1284 4735 1599 4806 προσευχῆς
1667 4736 1847 4805 λόγος,
1902 4738 2019 4813 καὶ¹

412 4826 683 4892 ἔξετάζων
716 4826 869 4897 παρὰ
894 4828 1008 4887 τοῖς
1051 4826 1231 4895 ἁγίοις
1269 4843 1461 4881 τουτον
1505 4826 1603 4879 καὶ
1639 4830 1751 4890 τοῖς
1798 4829 1999 4898 πεῖραν

411 4917 617 4989 ταύτης
647 4916 864 4987 ἔχουσιν
892 4916 1152 4987 εὑρήσεις
1178 4932 1239 4969 τε
1268 4920 1364 4970 καὶ
1396 4918 1646 4988 μαθήσῃ.

979 5007 1318 5062 ΕΡΩΤΗΣΙΣ
1346 5004 1441 5060 ΞΔ’

487 5122 628 5193 Περὶ
659 5120 780 5178 τῶν
806 5122 959 5177 ἑπτὰ
992 5122 1248 5188 αίώγων,
1293 5121 1393 5176 καί
1428 5123 1576 5176 πότε
1623 5124 1688 5177 τὸ
1726 5122 1923 5189 τέλος.

490 5266 588 5344 T6,
620 5299 638 5332 ι
678 5281 778 5343 Δὸς
832 5278 1028 5352 μερίδα
1069 5279 1183 5341 τοῖς
1210 5280 1373 5346 ἔπτὰ,
1406 5279 1497 5332 καί
1528 5295 1592 5347 γε
1618 5280 1732 5341 τοῖς
1764 5278 1934 5346 ὀκτὼ,
1978 5298 1996 5332 ι

2096 4546 2328 4601 tioribus
2380 4563 2513 4617 ergo
2567 4547 2732 4602 ollicil
2774 4548 2860 4603 sui
2907 4546 3196 4601 monachis
3252 4545 3367 4600 haec
3408 4545 3521 4600 sola
3542 4546 3691 4616 iugis

2096 4640 2408 4709 occupatio,
2446 4650 2500 4695 et
2531 4640 2718 4695 nullus
2748 4638 2894 4695 alius
2926 4639 3105 4694 labor.
3136 4637 3303 4692 Multa
3336 4638 3403 4691 de
3435 4639 3685 4693 oratione
3727 4682 3732 4715 έ

2095 4732 2348 4799 dicenda,
2413 4749 2535 4803 qua:
2564 4733 2609 4790 si
2642 4748 2673 4786 a
2733 4734 2944 4788 sanctis
2996 4740 3317 4801 quaerantur
3371 4721 3426 4780 et
3476 4728 3545 4781 ab
3602 4730 3685 4782 eis
3728 4730 3731 4783 ζ

2096 4825 2188 4893 qui
2206 4825 2329 4896 eius
2357 4825 2750 4891 experientiam
2772 4823 2997 4887 habent,
3028 4820 3378 4875 invenientur
3397 4816 3687 4873 etdiscen-
3773 4845 3776 4849 ~

2109 4924 2220 4971 um
2629 5001 2950 5071 QUIESTIO
2984 5001 3170 5057 LXIV.

2108 5117 2186 5173 Bs
2205 5126 2403 5187 septem
2426 5116 2673 5171 wtatibus
2692 5117 2799 5170 sive
2814 5116 3171 5254 ἑεηιρῖτὶὺιιε,
3192 5122 3244 5168 et
3266 5115 3478 5181 quando
3502 5115 3690 5170 horum

2856 5203 2934 5239 ms

2856 5203 2934 5239 il“

2175 5279 2329 5347 Quod
2348 5280 2581 5335 dicitur:
2609 5297 2628 5330 ι
2658 5278 2734 5333 Da
2761 5288 2968 5347 partem
2988 5278 3095 5334 illis
3118 5287 3349 5347 septem,
3373 5287 3469 5332 aut
3489 5279 3686 5334 saltem

422 5373 552 5441 περὶ
588 5371 684 5425 τοῦ
731 5371 1017 5441 μέλλοντος
1047 5370 1243 5433 αίῶνος
1268 5370 1480 5423 νοοῦσιν
1504 5370 1556 5424 οι
1582 5369 1752 5438 ἅγιοι,
1783 5370 1860 5434 ὡς
1906 5372 1991 5424 καῖ

2108 5368 2218 5426 illis
2242 5380 2423 5433 octo,i
2454 5371 2628 5426 sancti
2661 5372 2956 5441 opinantur
2981 5371 3187 5426 dictum
3220 5371 3289 5426 de
3315 5370 3497 5425 futuro
3521 5384 3695 5425 saecu-

422 5466 452 5517 6
478 5462 740 5534 Θεολόγος
783 5464 1108 5535 Γρηγόριος.
1154 5461 1333 5516 Ἑπτά
1364 5462 1465 5533 μὲν
1495 5463 1588 5514 τὸν
1614 5461 1991 5532 ἑϐδοματιαῖον

2112 5464 2205 5530 Ιο;
2267 5463 2341 5518 ita
2395 5462 2694 5534 Gregorius
2743 5462 3077 5535 Theologus.
3133 5461 3458 5534 Septenaria
3499 5461 3693 5516 dicunt

500 5663 639 5717 ⁸¹⁶¹1
671 5664 866 5722 Thess.
890 5681 944 5731 ν,
981 5667 1071 5731 16,
1100 5667 1185 5722 17.

1284 5668 1304 5699 ⁸
1343 5665 1501 5719 lCor.
1542 5681 1595 5727 χ,
1630 5665 1717 5721 3i.
1768 5665 1819 5735 _'
1853 5664 1991 5720 Luc.
2034 5679 2149 5720 xxx.
2178 5666 2268 5723 '56.
2349 5668 2370 5699 ⁸
2400 5667 2524 5722 Psal
2572 5682 2771 5723 sum.
2807 5667 2859 5722 l.
2935 5667 3092 5723 'Act.
3127 5682 3225 5735 sn,
3255 5665 3310 5720 5.
3389 5664 3410 5695 ⁶
3439 5661 3463 5717 ι
3489 5661 3679 5721 Thess.

430 5747 484 5802 ν,
520 5733 611 5791 25.
712 5736 953 5793 "llCor.
984 5753 1021 5807 ι,
1052 5739 1138 5793 ll.

1241 5736 1399 5793 “Jac.
1436 5750 1488 5802 v,
1513 5736 1601 5791 16.
1713 5736 1734 5766 ’
1764 5733 1924 5792 Rom.
1954 5751 2041 5805 xv,
2076 5735 2133 5791 6.
