4118 6452
447 305 450 308 ~
523 266 639 333 919

1316 274 1710 340 SYMEONIS
1749 275 2508 346 THESSALONICENSIS
2546 277 2903 350 ARCHIEP.

3687 291 3794 356 920

517 379 758 440 indicari
817 381 1112 451 quemdam
1162 384 1230 441 ad
1269 385 1450 444 instar
1503 375 1872 447 hebdomadis
1905 389 2113 448 dierum

2226 393 2423 450 τοῦτον
2450 395 2704 463 λέγοντες
2763 399 2958 469 χρόνον
2979 415 2993 430 ·
3037 398 3224 468 ὃγδοον
3270 399 3328 454 δὶ
3371 400 3463 456 τὸν
3505 397 3786 472 μέλλοντα,

518 472 813 528 circulum.
846 473 916 528 Et
943 478 1231 534 octonario
1262 478 1566 550 signiﬁcari
1623 483 1818 540 volunt
1847 484 2112 540 saeculum

518 560 793 630 futurum,
820 573 1010 635 utpote
1029 566 1191 623 linem
1217 583 1324 626 non
1348 571 1686 628 habiturum.
1719 565 2112 641 Quamobrem,

520 656 731 722 dicunt,
772 655 985 729 Moyses
1016 661 1249 728 primum
1307 662 1450 719 diem
1503 667 1721 722 vocavit
1771 683 1959 734 unam,
1984 668 2111 738 quia

514 748 694 817 prima
722 759 806 805 est
830 753 988 822 quasi
1020 754 1074 810 in
1112 757 1291 828 capite
1321 757 1700 828 hebdomadis,
1729 760 1941 819 scilicet
1977 761 2114 817 Sab-

518 843 729 900 batum.
759 843 964 900 Octava
991 861 1122 904 vero
1151 860 1237 906 est
1300 860 1426 923 post
1446 853 1773 925 completam
1809 853 2112 910 hebdoma-

516 933 666 1000 dem,
731 936 785 990 in
849 954 957 1008 qua
986 943 1296 999 resurrexit
1323 945 1618 1012 Dominus,
1651 953 1708 1001 et
1737 961 1860 1018 qua:
1889 947 1995 1002 erit
2025 947 2108 1002 ul-

514 1027 648 1082 tima
679 1027 800 1084 dies
836 1036 1262 1093 resurrectionis
1300 1039 1573 1104 omnium,
1621 1055 1729 1112 qua
1759 1042 1946 1112 elapsa
1996 1055 2104 1108 non

509 1118 622 1187 jam
644 1119 751 1174 erit
777 1135 911 1190 nox,
931 1123 1026 1179 sed
1051 1141 1156 1179 una
1186 1128 1292 1182 erit
1317 1129 1434 1199 ipsa
1464 1131 1603 1187 dies.

959 1289 962 1292 ,
1041 1217 1365 1284 ρυΑῑδτιο
1402 1222 1568 1280 va.

791 1304 938 1360 Num
971 1308 1128 1377 ﬁnem
1156 1312 1437 1370 habiturus
1464 1317 1536 1371 sit
1563 1322 1823 1376 mundus.

589 1396 745 1462 Quod
769 1397 930 1455 linem
965 1403 1257 1461 habiturus
1281 1411 1355 1462 sit
1375 1410 1617 1468 mundus
1653 1413 1968 1480 universus,
1999 1417 2104 1471 hoc

511 1486 856 1545 demonstrat
880 1493 1010 1561 quia
1038 1505 1225 1564 partes
1245 1498 1368 1564 ejus
1391 1499 1556 1556 ﬁnem
1594 1502 1801 1559 habere
1834 1505 2099 1575 videmus,

510 1589 567 1633 et
599 1581 838 1638 maxime
868 1584 996 1653 quia
1033 1585 1201 1642 homo
1263 1592 1515 1658 moritur,
1563 1603 1788 1664 propter
1813 1612 1978 1667 quem
2021 1610 2103 1654 ta-

509 1687 635 1728 men
692 1677 933 1732 mundus
967 1679 1072 1734 iste
1095 1681 1392 1740 universus
1424 1684 1602 1742 factus
1629 1695 1736 1745 est.
1784 1687 1850 1743 Et
1872 1691 2096 1761 quidem

510 1765 696 1820 mundi
760 1768 1054 1826 fabricatio
1117 1781 1230 1827 tota
1263 1775 1514 1831 absoluta
1535 1787 1620 1834 est
1652 1779 1860 1836 circulo
1893 1791 2100 1852 septem

504 1858 741 1914 dierum.
770 1861 838 1916 Et
868 1878 1015 1918 nunc
1045 1864 1211 1921 homo
1266 1868 1320 1920 in
1352 1869 1700 1925 hebdomada
1731 1887 2004 1928 annorum
2033 1876 2100 1931 ad

510 1950 800 2009 ﬂorentem
862 1959 1086 2027 attingit
1135 1969 1352 2014 aetatem
1399 1962 1610 2019 vicibus
1640 1965 1832 2021 variis.
1868 1966 2101 2036 Ipsaque

507 2050 760 2118 corporis
828 2055 971 2106 mala
1002 2055 1245 2124 vitiaque
1283 2056 1719 2116 hebdomadibus
1749 2061 1982 2130 singulis
2019 2063 2096 2118 vel

503 2143 1108 2202 scmhhebdbmadibus
1162 2150 1336 2205 crises
1389 2168 1520 2207 suas
1552 2155 1710 2208 vario
1771 2155 2099 2213 discrimine

507 2235 814 2304 patiuntur.
842 2237 1109 2294 Cancrum
1135 2256 1244 2295 non
1265 2243 1470 2298 desunt
1491 2245 1585 2314 qui
1613 2257 1821 2316 septem
1845 2232 2098 2317 planetas

503 2338 823 2400 septemque
886 2345 1056 2388 zonas
1119 2348 1424 2405 earumque
1514 2337 1761 2395 diversas
1822 2341 2097 2398 motiones

504 2420 724 2474 curiose
773 2422 1069 2477 observent
1098 2433 1158 2478 ut
1179 2441 1246 2478 ex
1274 2425 1359 2480 his
1391 2427 1659 2483 mundum
1691 2431 2018 2498 praesagiant
2041 2434 2093 2486 in

505 2510 741 2579 septima
811 2521 974 2568 aetate
1022 2516 1467 2572 convellendum.
1526 2519 1644 2574 Alia
1716 2530 1802 2576 est
1863 2523 2092 2580 scientia

499 2604 865 2674 doctrinaque
935 2605 1215 2675 Ecclesiae,
1278 2625 1380 2664 nec
1451 2611 1656 2666 talibus
1727 2615 1914 2669 innixa
1994 2617 2094 2670 de-

499 2694 839 2762 liramentis;
889 2699 1120 2767 pulchre
1169 2702 1314 2755 enim
1378 2703 1543 2757 sentit
1581 2707 1858 2764 .universa
1900 2721 2096 2762 secun-

495 2787 625 2841 dum
671 2788 764 2844 Dei
820 2789 1226 2861 beneplaeitum
1275 2793 1451 2850 fuisse
1482 2798 1783 2852 constituta
1841 2808 1894 2855 et
1956 2815 2092 2854 eon-

497 2881 713 2946 sistere,
767 2892 823 2937 et
869 2883 1013 2936 sicut
1083 2885 1150 2939 ad
1211 2901 1393 2940 veram
1441 2887 1734 2944 utilitatem
1799 2906 1865 2946 ex
1923 2892 2092 2948 nihilo

495 2982 692 3026 cuneta
743 2985 1154 3043 processerunt,
1195 2980 1268 3030 ita
1300 2993 1524 3050 quoque
1557 2981 1626 3034 ad
1658 2998 1842 3037 veram
1881 2986 2090 3040 utilita-

2223 487 2301 550 ὡς
2333 487 2661 558 ἀπέραντον.
2693 490 2773 543 Δι’
2816 489 2885 560 ἢν
2931 491 3314 562 αἰτίαν,”φασὶ,
3351 495 3446 548 καὶ
3491 495 3620 563 μίαν
3666 489 3790 548 εῐπε

2220 578 2472 650 Μωῦσῆς
2524 582 2740 651 ἡμέραν
2793 582 2898 649 τὴν
2963 584 3211 654 πρώτην,
3273 585 3350 649 ὡς
3409 585 3632 655 πρώτην
3691 585 3792 655 μὲν

2219 667 2391 726 οὖσαν
2444 674 2583 745 πρὸς
2619 674 2718 746 τὴν
2771 675 3035 746 ἑϐδόμην,
3088 677 3149 729 τὸ
3197 677 3474 731 Σάϐϐατον
3525 677 3786 746 δηλονότι,

2217 765 2418 837 ὀγδόην
2445 765 2501 820 δὲ
2537 768 2679 836 μετά
2721 767 2822 836 τὴν
2853 767 3110 838 ἑϐδόμην,
3154 768 3280 821 καθ’
3312 768 3382 840 ἢν
3411 767 3504 822 καὶ
3531 769 3726 837 ἀνέστη
3761 769 3790 820 ὁ

2219 856 2451 930 Κὺριος,
2480 858 2578 912 καὶ
2609 861 2642 928 ἡ
2688 859 2972 912 τελευταία
3003 861 3188 930 ἡμέρα
3211 859 3312 930 τῆς
3340 858 3531 928 κοινῆς
3556 857 3792 910 ἀναστά-

2219 966 2362 1012 σεως
2415 951 2733 1020 γενήσεται,
2784 951 2902 1020 μεθ’
2933 950 3000 1022 ἢν
3056 951 3155 1004 οὐκ
3190 951 3336 1004 ἔσται
3393 949 3473 1002 ἔτι
3510 946 3638 1002 ποτὶ
3666 946 3788 1014 νὺξ,

2217 1041 2336 1095 ἀλλ’
2365 1043 2504 1113 αὑτὴ
2538 1043 2678 1114 μόνη
2711 1045 2806 1114 μία
2840 1044 2993 1098 ἔσται
3023 1045 3226 1119 ἡμέρα.
3398 1032 3404 1039 ’

2776 1222 3109 1281 ΕΡΩΤΗΣΙΣ
3136 1220 3257 1277 ΞΕ’.

2610 1319 2680 1372 Ei
2711 1315 2891 1383 τέλος
2920 1317 3046 1386 ἔχει
3073 1319 3106 1370 ὁ
3133 1317 3384 1385 κόσμος.

2217 1395 2219 1397 ’
2283 1411 2386 1464 Τὸν
2417 1411 2624 1480 κόσμον
2659 1410 2939 1480 τελευτᾷν,
2982 1408 3052 1461 τά
3084 1409 3225 1479 μέρη
3251 1409 3416 1463 αὐτοῦ
3448 1407 3785 1464 τελευτῶντα

2209 1504 2542 1570 δεικνύουσι,
2596 1504 2691 1556 καὶ
2738 1502 2941 1573 μᾶλλον
2988 1503 3016 1554 ὁ
3064 1502 3351 1570 ἄνθρωπος
3401 1503 3786 1574 ἀποθνήσκων,

2207 1598 2277 1653 δι’
2307 1596 2366 1650 δν
2395 1598 2423 1649 ὁ
2455 1595 2665 1666 κόσμος
2706 1589 2864 1658 οὗτος
2901 1595 3222 1668 γεγένηται.
3265 1596 3373 1648 Καὶ
3415 1596 3446 1651 δ
3479 1596 3684 1666 κόσμος
3727 1597 3785 1651 ὲν

2209 1688 2352 1740 ἑπτά
2424 1685 2933 1756 κυκλοφορούμενος
3009 1686 3227 1739 ἵσταται
3289 1678 3548 1758 ⁴ἡμέραις.
3603 1685 3710 1741 Καὶ
3757 1687 3787 1741 ὁ

2208 1781 2498 1851 ἄνθρωπος
2519 1780 2575 1834 δὲ
2612 1780 2736 1835 καθ’
2770 1779 3041 1850 ἑϐδομάδα
3080 1779 3342 1834 ἐνιαυτῶν
3372 1778 3591 1850 ἡλικίαν
3626 1779 3785 1850 ἀμεί-

2207 1877 2312 1932 ϐει.
2365 1876 2476 1929 Καὶ
2519 1875 2590 1929 τὰ
2637 1874 2924 1944 νοσήματα
2963 1873 3020 1927 δὲ
3066 1872 3162 1928 τοῦ
3220 1873 3492 1942 σώματος,
3533 1871 3608 1936 ὥς
3643 1867 3784 1941 ἓρασί

2203 1986 2374 2033 τινες,
2427 1969 2553 2040 ἢέν
2607 1967 2926 2037 ἑϐδομάσιν,
2975 1967 3010 2036 ἢ
3050 1968 3111 2022 ἑν
3168 1967 3424 2037 ἡμίσεσιν
3473 1965 3783 2038 ἑϐδομάδων

2204 2062 2509 2132 κρίνονται.
2566 2062 2770 2114 Λοιπὸν
2832 2059 3102 2114 σκοποῦσι
3159 2065 3304 2122 τινες
3351 2059 3449 2114 καὶ
3509 2059 3597 2113 διὰ
3650 2058 3782 2122 τοὺς

2204 2156 2346 2208 έπτά
2385 2153 2693 2224 πλανήτας,
2744 2155 2836 2208 καὶ
2886 2153 2986 2216 τὰς
3036 2152 3177 2207 ὲπτά
3197 2149 3395 2218 ζώνας,
3448 2152 3546 2206 και
3592 2152 3688 2214 τὰς
3721 2152 3778 2203 ὲν

2201 2247 2398 2310 αὐταῖς
2433 2246 2682 2316 κινήσεις
2713 2243 2916 2307 αὐτῶν,
2955 2244 3032 2308 ὡς
3063 2243 3161 2298 καὶ
3189 2243 3267 2313 τῷ
3307 2242 3521 2312 ἑϐδόμῳ
3567 2242 3728 2296 αἰῶνι
3750 2245 3778 2296 ὁ

2203 2340 2407 2409 κόσμος
2436 2331 2594 2401 οὗτος
2636 2337 3089 2406 ἀλλοιωθήσεται.
3128 2335 3271 2390 Ἀλλ’
3320 2335 3354 2405 ἡ
3403 2333 3503 2404 τῆς
3544 2331 3776 2402 Ἐκκλη-

2203 2431 2327 2494 σίας
2366 2430 2570 2498 γνῶσις
2615 2430 2717 2483 οὐκ
2766 2431 2826 2482 ὲν
2872 2427 3107 2494 τούτοις,
3164 2427 3287 2481 ἀλλ’,
3328 2427 3388 2481 έν
3414 2429 3479 2496 τῇ
3511 2423 3604 2478 τοῦ
3636 2423 3776 2478 Θεοῦ

2203 2523 2372 2594 βουλῇ
2407 2523 2468 2576 τὸ
2499 2525 2610 2578 πᾶν
2644 2521 2902 2575 ἵστασθαι
2934 2524 3146 2592 φρονεῖ.
3180 2521 3288 2574 Καὶ
3317 2520 3392 2584 ὡς
3418 2520 3486 2574 δι’
3508 2518 3779 2587 ὠφέλειαν

2202 2619 2440 2684 συνέστη
2471 2613 2536 2670 ἐκ
2581 2617 2658 2688 μὴ
2691 2615 2866 2669 ὅντων
2901 2615 2964 2668 τὸ
2996 2616 3128 2683 πᾶν,
3151 2614 3247 2667 καὶ
3277 2613 3344 2668 δι’
3397 2615 3664 2683 ὠφέλειαν
3693 2614 3778 2678 είς

2196 2710 2259 2761 τὸ
2318 2710 2573 2778 κρεῖττον
2632 2706 3103 2777 ἀλλοιωθήσεταιο
3169 2709 3265 2760 καὶ
3321 2707 3462 2773 τότε,
3523 2706 3610 2759 ὅτε
3671 2705 3774 2757 οὐκ

2195 2803 2664 2874 ἀπολειφθήσεται
2691 2803 2751 2855 έν
2776 2799 2853 2872 τῷ
2878 2800 3072 2870 κόσμῳ
3091 2800 3126 2872 ἡ
3161 2799 3354 2870 ἀρετὴ,
3380 2795 3448 2870 ἧς
3475 2799 3774 2868 κεφάλαιον

2197 2901 2230 2970 ὴ
2290 2897 2504 2967 ἀγάπη.
2566 2895 2645 2947 Δι’
2700 2895 2768 2965 ἢν
2821 2894 3047 2963 ἀγάπην
3115 2891 3216 2944 καὶ
3259 2892 3392 2955 Θεὸς
3423 2903 3431 2951 ς
3465 2890 3534 2943 τὰ
3593 2890 3774 2945 πάντα

2198 2990 2490 3061 πεποίηκε,
2519 2987 2733 3044 καὶτὸν
2773 2985 3041 3058 μονογενῆ
3072 2983 3241 3039 αὐτοῦ
3275 2983 3406 3038 Υίὸν
3439 2983 3577 3053 ὑπὲρ
3613 2981 3771 3052 ἡμῶν

495 3071 605 3117 tem
638 3065 694 3118 in
727 3069 927 3122 melius
971 3070 1234 3123 mutanda
1279 3069 1399 3125 fore
1430 3083 1528 3128 :ct
1562 3083 1692 3130 tunc
1723 3077 1924 3143 solum,
1959 3095 2084 3133 cum

2198 3083 2413 3138 δέδωκε.
2441 3080 2534 3134 Διὸ
2557 3081 2653 3135 καὶ
2679 3080 2844 3142 αὐτὸς
2881 3079 3087 3148 σημεῖα
3109 3078 3240 3148 περὶ
3263 3075 3355 3131 τοῦ
3374 3076 3558 3139 τέλους
3579 3076 3768 3145 φησὶν,

496 3159 552 3212 in
583 3160 790 3216 mundo
837 3179 947 3218 nou
1001 3165 1315 3219 invenietur
1361 3168 1560 3242 virtus,
1593 3169 1754 3238 cujus
1801 3181 1969 3240 caput
2001 3188 2086 3228 est

2198 3179 2253 3230 ἐν
2283 3177 2360 3242 τῷ
2393 3173 2469 3244 μὴ
2491 3172 2625 3228 εἶναι
2651 3171 2749 3243 τὴν
2783 3170 3009 3240 ἀγάπην
3047 3169 3245 3239 λέγων.
3267 3169 3379 3224 Καὶ
3408 3168 3496 3222 διά
3534 3167 3594 3220 τὸ
3624 3165 3770 3238 πλη-

493 3249 754 3316 charitas,
809 3260 1029 3320 promer
1083 3269 1249 3322 quam
1302 3263 1356 3309 et
1409 3255 1555 3312 Deus
1602 3261 1787 3314 omnia
1839 3261 1987 3329 fecit,
2031 3275 2086 3320 et

2198 3263 2454 3334 θυνθῆναι
2479 3262 2579 3333 τὴν
2597 3263 2852 3332 ἀνομίαν,
2887 3261 3196 3330 ψυγήσεται
3229 3261 3263 3330 ἡ
3286 3260 3475 3328 ἀγάπη
3505 3257 3610 3311 τῶν
3637 3257 3772 3310 πολ-

493 3340 693 3396 Filium
729 3359 892 3398 suum
927 3346 1268 3417 unigenitum
1301 3365 1398 3418 pro
1429 3352 1587 3408 nobis
1629 3355 1871 3411 donavit.
1903 3357 2085 3426 Quare

2198 3353 2318 3409 λῶν.
2351 3372 2370 3405 ι
2417 3352 2477 3407 '0
2507 3352 2566 3406 δὲ
2588 3351 2890 3422 ὑπομείνας
2912 3352 2996 3414 είς
3020 3351 3176 3414 τέλος
3201 3348 3360 3414 οὗτος
3383 3349 3701 3419 σωθήσεται.
3740 3367 3762 3400 ι

494 3433 609 3502 ipse
656 3434 829 3491 Filius
864 3436 988 3492 linis
1020 3439 1184 3496 nobis
1234 3441 1494 3498 indicavit
1525 3446 1769 3516 signum,
1801 3465 1925 3505 cum
1961 3453 2076 3522 jam

2198 3449 2256 3501 Di.
2302 3446 2626 3507 ἀθετοῦντες
2671 3443 2764 3498 οὖν
2813 3444 2914 3515 τὴν
2964 3441 3279 3496 συντέλειαν
3323 3441 3620 3506 δυσσεϐεῖς,
3666 3439 3771 3494 καὶ

493 3540 600 3579 non
629 3527 735 3581 erit
794 3528 1039 3586 Charitas
1063 3532 1210 3586 inter
1245 3532 1519 3594 homines.
1559 3536 1663 3592 Sed
1707 3550 1835 3596 tunc
1860 3541 2078 3599 deﬁciet

2198 3541 2256 3594 τὰ
2279 3540 2391 3593 τῶν
2433 3538 2712 3609 Ἐλλήνων
2743 3535 3089 3609 φρονοῦντες,
3119 3537 3215 3592 καὶ
3242 3534 3421 3589 πάντα
3446 3533 3768 3597 ἀθετοῦντες

490 3617 1064 3687 tumultiseharitas,
1125 3638 1250 3678 cum
1309 3626 1576 3695 completa
1609 3626 1771 3684 fuerit
1810 3630 2077 3703 iniquitas

2198 3637 2260 3690 τὰ
2297 3635 2393 3688 τοῦ
2430 3630 2770 3699 Εὐαγγελίου
2790 3632 2886 3684 καὶ
2906 3627 3018 3683 τῶν
3057 3627 3230 3698 ἁγίων
3263 3628 3517 3698 Γραφῶν.

487 3721 542 3768 et
566 3714 922 3771 ahominatid’.
955 3735 973 3768 ι
999 3716 1106 3782 Qui
1140 3728 1321 3772 autem
1343 3725 1777 3788 perseveraverit
1811 3743 1988 3800 usque
2022 3734 2075 3788 in
2103 3734 2265 3791 linem
2313 3753 2332 3786 ι
2363 3733 2453 3789 hic
2481 3732 2667 3787 salvus
2729 3730 2834 3785 erit
2862 3729 2926 3782 ίο.
2963 3744 2983 3778 ο
3061 3725 3164 3793 Qui
3219 3742 3350 3798 ergo
3382 3726 3506 3781 linis
3564 3725 3766 3779 doctri-

491 3823 614 3862 nam
651 3812 984 3880 adulterant,
1038 3813 1190 3882 impii
1221 3823 1373 3878 sunt,
1428 3814 1745 3877 Graecorum
1772 3824 1961 3882 deliria
1991 3839 2267 3888 sectantes
2301 3840 2356 3888 et
2412 3843 2604 3886 omnes
2660 3825 2937 3896 Evangelii
2994 3833 3050 3879 et
3117 3838 3398 3880 sacrarum
3459 3821 3764 3892 Scriptura-

487 3919 607 3966 t'um
627 3908 932 3963 sententias
962 3908 1315 3978 perimentes.

1016 3999 1269 4066 ΩΠᾹΞΒΤ
1274 4008 1344 4064 10
1382 4008 1570 4066 LXVI.

485 4089 758 4156 Quomodo
783 4102 1001 4162 peccata
1038 4098 1297 4170 cujusque
1327 4102 1380 4156 in
1401 4105 1612 4168 judicio
1633 4115 1867 4160 extremo
1896 4109 2072 4162 mani-

1083 4167 1471 4235 festabuntur?
1507 4233 1520 4248 ι

552 4252 860 4323 Unicuique
882 4275 979 4315 sua
1007 4273 1226 4330 peccata
1261 4266 1446 4320 animo
1471 4278 1826 4336 repra'sentat
1862 4284 2070 4325 remor-

2720 4011 3054 4066 εΡΩτηΣιΣ
3087 4009 3222 4078 sq'.

2322 4108 2455 4176 Πῶς
2486 4107 2747 4161 ἐνώπιον
2774 4105 2845 4160 τὰ
2868 4103 3262 4176 ἁμαρτήματα
3287 4100 3614 4156 δείκνυται.

2220 4303 2228 4309 -
2261 4268 2517 4335 Ἐκάστῳ
2541 4265 2614 4319 τὰ
2655 4263 3036 4336 ἁμαρτήματα
3090 4260 3324 4316 ἐνώπιον
3355 4260 3596 4331 παριστᾷ
3627 4259 3760 4312 αὐτὸ

479 4352 614 4405 dens
666 4356 1103 4423 conscientiam,
1142 4362 1232 4414 cui
1269 4360 1410 4414 nihil
1460 4361 1836 4432 latet,jndicis
1875 4363 2066 4418 intima
2098 4365 2113 4426 1

2198 4361 2240 4432 ἰὴ
2269 4362 2329 4415 τὸ
2381 4359 2643 4422 συνειδὸς,
2679 4358 2864 4411 καὶτὸ
2899 4341 3172 4425 ἀλάθητον
3214 4351 3310 4405 τοῦ
3342 4352 3552 4422 κριτοῦ.
3595 4350 3758 4404 Ἀλλὰ

480 4441 878 4500 reformidatio.
933 4446 1038 4502 Sed
1100 4447 1225 4504 dum
1256 4467 1452 4506 omnes
1512 4451 1568 4506 in
1601 4453 2064 4524 incorruptionem

478 4534 894 4595 immotahimur
921 4555 1107 4596 crassa
1138 4545 1320 4598 omnia
1376 4545 1619 4614 pondera
1668 4547 1905 4615 quisque
1933 4547 2069 4601 alte-

439 4629 448 4640 “
479 4630 599 4683 rius
631 4640 855 4698 peccata
898 4633 1163 4703 intelliget
1200 4652 1295 4706 per
1321 4637 1576 4707 quaedam
1613 4636 1814 4690 iudicia
1855 4654 1870 4689 :
1923 4637 2067 4692 sicut

474 4737 622 4777 nunc
682 4738 781 4792 per
837 4726 1044 4782 formas
1077 4728 1342 4784 humanas
1371 4737 1426 4784 et.
1467 4729 1775 4784 crassiores
1839 4730 2066 4799 quidam

471 4812 832 4883 dignoscitur.
868 4816 924 4873 Si
947 4835 1077 4889 ergo
1102 4819 1190 4875 hic
1219 4823 1333 4892 jam
1369 4823 1728 4889 cognoscitur
1771 4821 2064 4890 impuritas

470 4921 754 4974 vasorum,
779 4919 982 4979 quanto
1003 4912 1173 4980 magis
1194 4924 1323 4967 tunc
1347 4929 1471 4968 cum
1499 4912 1743 4967 illuxerit
1762 4913 1900 4966 lueis
1923 4927 2065 4966 verte

468 5001 658 5055 radius
686 5003 699 5053 ι
738 5000 889 5055 Sient
920 5004 1066 5058 enim
1094 5006 1175 5059 sol
1220 5006 1348 5072 justi
1411 5004 1852 5073 resplendt-bunt,
1882 5014 1935 5057 et
1984 5005 2063 5059 sie

468 5097 812 5164 apparebunt
875 5096 964 5164 qni
990 5111 1096 5151 non
1126 5106 1288 5151 erunt
1317 5097 1483 5163 justi,
1517 5105 1568 5151 et
1589 5094 1826 5165 quisque
1869 5109 2059 5155 eorum

467 5185 707 5254 seipsum
736 5187 1150 5242 condemnabit.

962 5275 1284 5345 QUESTIO
1343 5279 1555 5335 LXVII.

469 5366 612 5433 Quid
640 5368 783 5435 apud
814 5369 1482 5438 Tlteologum'Gregorium
1523 5369 1928 5439 Nazianwtum
1963 5371 2058 5426 de-

537 5449 676 5500 notet
711 5455 811 5495 vox
847 5439 1181 5499 συνούλωσις
1215 5441 1527 5508 (cicatrices
1563 5442 1726 5496 veluti
1763 5457 2056 5499 remanens

537 5519 620 5631 teis
659 5512 710 5590 i_n
746 5509 1150 5647 pu)eniteutibus
1178 5509 1245 5562 de
1269 5510 1511 5579 peccatis
1543 5523 1663 5580 post
1711 5511 2050 5583 baptismum

537 5594 566 5630 ο
613 5594 796 5633 ιιιιεειο
827 5617 841 5631 .

533 5667 750 5724 Peccati
799 5669 1072 5737 reparatio
1135 5671 1190 5725 in
1254 5686 1320 5727 eo
1381 5686 1503 5729 esse
1537 5671 1813 5752 'l'heologo
1837 5674 2051 5732 videtur

571 5779 611 5812 ‘°
634 5779 830 5837 Matth.
863 5795 918 5849 κ,
947 5779 1040 5838 29..

2180 4456 2275 4506 καὶ
2308 4452 2511 4506 πάντες
2547 4453 2628 4513 εἰς
2660 4448 2972 4517 ἀφθαρσίαν
3022 4445 3408 4506 άλλοιωθέντες
3437 4443 3512 4505 ὡς
3541 4443 3750 4510 πάχους

2177 4543 2614 4611 ἀπηλλαγμένοι,
2649 4541 2880 4600 ἕκαστος
2923 4539 2992 4591 τὰ
3021 4538 3252 4591 ἑκάστου
3286 4535 3440 4590 ἔσται
3470 4534 3748 4588 κατανοῶν

2175 4640 2284 4693 ἀπό
2309 4654 2475 4691 τινων
2502 4634 2928 4705 γνωρισμάτων,
2957 4631 3032 4695 ὡς
3065 4631 3160 4685 καὶ
3194 4629 3290 4681 νῦν
3314 4628 3421 4683 ἀπὸ
3455 4626 3746 4697 σχημάτων

2174 4731 2539 4801 ἀνθρωπίνων
2573 4731 2668 4782 καὶ
2705 4727 3034 4796 παχυτέρων
3077 4722 3225 4786 τινὲς
3257 4719 3527 4789 γνώριμοι
3572 4716 3746 4784 γίνονο

2173 4843 2284 4878 ται.
2328 4825 2388 4877 Ei
2421 4820 2515 4876 οὖν
2567 4821 2820 4885 ἐνταῦθα,
2859 4817 3040 4885 πολλῴ
3089 4815 3154 4886 δὴ
3208 4813 3408 4884 μᾶλλον
3461 4810 3603 4872 τότε,
3650 4805 3744 4861 τοῦ

2174 4917 2430 4986 ἀληθινοῦ
2489 4915 2809 4984 λάμψαντος
2863 4911 3064 4979 φωτὸς,
3119 4910 3207 4960 ὅτε
3267 4907 3334 4959 τὰ
3395 4903 3468 4972 μὴ
3528 4899 3745 4967 καθαρὰ

2173 5011 2346 5082 σκεύη
2383 5009 2823 5078 γνωσθῄσονται·
2861 5004 2937 5066 ὡς
2965 5003 3074 5072 γὰρ
3103 5001 3154 5052 οἱ
3196 4999 3395 5052 δίκαιοι
3442 4993 3744 5064 λάμψουσιν

2169 5101 2301 5162 ὼςὸ
2338 5100 2515 5172 ἥλιος,
2569 5099 2665 5152 καὶ¹
2717 5099 2767 5151 οἱ
2817 5095 2893 5166 μὴ
2943 5091 3178 5174 τοιοῦτοι
3231 5086 3740 5158 φανερωθὴσονται·

2167 5193 2266 5247 καὶ
2293 5191 2525 5253 ἕκαστος
2550 5189 2747 5244 ἑαυτὸν
2777 5189 2888 5240 τῶν
2919 5185 3120 5239 ἀδίκων
3161 5179 3505 5249 κατακρινεῖ.

2267 5273 2270 5275 ‘
2591 5280 2759 5352 353
2800 5275 3138 5342 ΕΡΩΤΗΣΙΣ
3178 5271 3295 5327 ΞΖο.

2170 5377 2268 5443 Τίς
2295 5377 2332 5445 ἠ
2370 5372 2531 5443 παρὰ
2559 5372 2640 5438 τῷ
2669 5371 2942 5438 Θεολόγφ
2973 5365 3285 5435 ι’ρητορίφ
3330 5361 3734 5425 συνούλωσιςι

2237 5665 2580 5730 Συνοῦλωσις
2607 5664 2664 5720 δὲ
2685 5663 2765 5735 τῷ
2790 5661 3043 5733 Θεολόγῳ
3067 5661 3217 5717 δοκεῖ
3251 5661 3285 5730 ἠ
3317 5659 3404 5714 διὰ
3443 5656 3538 5726 τῆς
3573 5667 3738 5724 μετα·
