4118 6480
438 335 537 400 921

1182 331 1576 395 RESPONSA
1615 333 1714 429 A.D
1745 332 2192 394 GABRIELEM
2228 321 2939 392 PENTAPOLITANUM.

3575 330 3681 394 922

437 451 586 512 νοίας
608 447 716 501 τῶν
749 444 1079 517 τραυμάτων
1125 446 1226 513 τῆς
1267 445 1542 515 ἁμαρτίας
1564 445 1723 510 ἴασις
1746 463 1760 478 ·
1793 447 1930 516 im;-
1955 446 2006 499 εί

2128 445 2252 513 ιιιοιι
2285 459 2380 514 per
2413 443 2784 514 paenitentiam
2838 442 3061 496 vulnera
3110 449 3453 508 peccatorum
3486 435 3682 496 curan-

437 545 532 597 καὶ
577 539 790 609 ἀληθῶς
839 536 1057 604 ἕπεται,
1112 538 1222 590 καῖ’
1265 536 1481 606 ἰατρεία
1527 536 1710 588 τελεία
1761 537 2002 604 γίνεται,

436 631 574 688 ἀλλά
633 630 743 691 τοῖς
805 627 941 697 μετά
993 627 1056 680 τὸ
1103 627 1386 696 βάπτισμα
1440 626 1735 680 πταίσασιν
1786 627 1866 679 ἔτι
1911 629 2007 678 καὶ

441 723 644 792 σημεῖα
691 720 916 789 μένουσι
961 718 1072 772 τῶν
1107 718 1356 788 πληγῶν.
1411 719 1528 771 Μία
1572 719 1684 788 γὰρ
1716 719 1811 771 καὶ
1866 717 2006 786 μόνη

439 814 743 876 ἀνάπλασις
775 815 810 883 ἠ
862 814 955 866 καὶ
1005 813 1104 875 τὰς
1155 811 1318 874 οὐλὰς
1349 811 1728 880 ὲξαλείφουσα,
1799 811 1862 863 τὸ
1912 811 2010 880 βά-

441 923 654 977 πτισμα
677 906 859 977 μόνον,
894 906 990 960 καὶ
1020 903 1138 976 μετ’
1167 904 1300 958 αὐτὸ
1325 905 1386 958 τὸ
1409 904 1734 976 μαρτύριον.

984 1193 1318 1249 ΕΡΩΤΗΣιΣ
1362 1192 1490 1247 EH'.

451 1289 546 1353 Τίς
586 1287 623 1355 ἡ
667 1286 827 1356 παρὰ
853 1285 934 1353 τῷ
983 1282 1455 1415 ἀγίὲυὲΐὲἕςξῑρίῲ
1501 1285 1758 1357 ζόφωσίς
1793 1303 1856 1341 τε
1914 1286 2014 1341 καὶ

515 1450 760 1518 Ζόφωσις
817 1450 871 1502 δὲ
923 1450 1018 1502 καὶ
1073 1449 1335 1515 δυσωδία,
1397 1448 1474 1512 ὡς
1524 1450 1674 1521 παρά
1730 1449 1808 1520 τῷ
1873 1450 2016 1519 ἁγίῳ

445 1540 760 1609 γέγραπται
788 1540 1080 1610 Μακαρὶῳ,
1115 1540 1209 1594 καὶ⁸
1238 1541 1335 1593 νῦν
1362 1543 1479 1593 ἐστι
1509 1541 1719 1610 νοητῶς
1761 1543 1883 1604 ταῖς
1912 1541 2020 1593 τῶν

444 1634 831 1702 ἀμετανοήτως
877 1633 1300 1702 ἁμαρτανόντων
1344 1633 1563 1702 ψυχαῖς,
1597 1633 1693 1686 καὶ
1728 1637 1847 1697 ταῖς
1872 1634 2024 1702 ἐξερ-

447 1723 701 1791 χομέναις
765 1724 891 1793 δίχα
946 1725 1235 1792 μετανοίας
1308 1724 1404 1777 τοῦ
1465 1723 1737 1793 σώματος.
1802 1725 2022 1793 Ἐπειδὴ

2070 580 2082 591 .
2115 549 2236 602 tur;
2305 552 2426 606 qua:
2464 537 2592 591 etsi
2630 550 2754 590 vere
2787 534 3003 589 dicatur
3058 535 3262 602 peccati
3314 533 3606 597 medicina,
3631 545 3687 589 et

2117 629 2231 683 ﬁeri
2265 629 2440 697 possit
2500 627 2737 697 perfecta
2767 625 2998 693 sanatio,
3051 635 3233 680 tamen
3264 626 3314 679 in
3347 627 3414 680 iis
3440 627 3530 695 qui
3562 635 3686 696 post

2116 717 2446 784 baptismum
2480 722 2837 782 peccaverunt
2855 723 3075 767 manent
3096 713 3384 766 cicatrices
3402 712 3556 780 plaga
3566 725 3684 763 rum

2117 816 2171 860 et
2205 813 2566 876 symptomata
2625 803 2940 857 morborum
2973 820 2986 854 :
3018 817 3123 856 una
3152 810 3234 857 est
3265 801 3503 870 perfecta
3532 816 3688 868 repa-

2119 898 2257 952 ratio
2291 913 2412 966 quae
2450 898 2612 949 etiam
2640 896 2832 949 animm
2852 896 3072 948 vulnera
3105 903 3158 946 et
3198 894 3398 963 peccati
3432 894 3690 961 reliquias
3740 875 3750 883 ’

2121 1005 2186 1045 ex
2223 989 2439 1058 integro
2478 989 2655 1051 tollat,
2680 988 2947 1057 baptisma
2977 987 3254 1041 scilicetet
3277 995 3398 1055 post
3425 986 3690 1056 baptisma

2124 1083 2472 1153 martyrium.

2610 1146 2941 1258 6053110
2974 1190 3206 1248 vam.

2284 1284 2427 1351 Quid
2455 1284 2599 1354 apud
2633 1283 2692 1340 S.
2728 1284 3032 1338 Macarium
3075 1283 3247 1353 caligo
3275 1291 3325 1337 et
3352 1280 3529 1350 fauor.

2192 1443 2379 1513 Caligo
2406 1451 2459 1497 et
2491 1442 2676 1507 fmtor,
2704 1440 3006 1495 secundum
3041 1437 3186 1507 quod
3220 1436 3412 1493 scribit
3469 1440 3695 1488 sanctus

2126 1536 2421 1599 Macarius,
2462 1535 2628 1590 etiam
2658 1548 2807 1587 nunc
2831 1531 3264 1586 intellectualiter
3286 1529 3430 1581 inest
3480 1525 3696 1578 anima-

2127 1629 2231 1702 bus
2261 1635 2608 1697 peccatorum
2663 1623 3148 1695 impmnitentium,
3185 1629 3240 1673 cl
3267 1633 3389 1688 quae
3418 1632 3447 1671 e
3469 1629 3698 1698 corpore

2128 1727 2332 1774 exeunt
2361 1721 2570 1788 absque
2606 1716 2948 1788 paenitentia.
2974 1714 3110 1770 Cum
3143 1712 3288 1766 enim
3326 1724 3434 1764 non
3469 1724 3526 1763 se
3545 1708 3695 1761 lave-

447 1815 556 1882 γάρ
579 1813 648 1867 δι’
681 1814 1087 1885 ἐξαγορεύσεως
1123 1818 1215 1869 καὶ
1244 1815 1533 1884 μετανοίας
1565 1816 1744 1886 ἔργων
1782 1817 1874 1870 καὶ
1909 1816 2017 1868 τῶν

2128 1811 2232 1865 rint
2266 1819 2320 1864 et
2352 1808 2696 1864 confessione
2725 1818 2779 1864 et
2807 1805 3141 1877 ptenitentiae
3167 1803 3426 1873 operibus
3452 1811 3503 1854 et
3524 1799 3701 1866 lacryé

447 1905 700 1976 δακρύων
725 1907 826 1959 οὐκ
860 1907 1305 1977 ἀπεπλύνθησαν,
1328 1910 1686 1977 περιφέρουσι
1714 1909 1815 1976 τὴν
1847 1908 2020 1960 δυσω-

453 1998 576 2050 δίαν
626 1997 806 2051 αὺτῶν
846 2000 941 2053 καὶ
990 2000 1404 2068 ἀσχημοσύνην,
1438 1999 1513 2061 ὡς
1540 2001 1636 2051 καὶ
1661 2001 1710 2051 oi
1741 1999 2015 2068 δαίμονες,

450 2089 499 2142 οῖ
524 2090 619 2142 καὶ
649 2089 862 2152 πολλοῖς
888 2091 994 2142 τῶν
1023 2091 1196 2156 ἁγίων
1222 2091 1299 2152 ὡς
1321 2091 1482 2153 κύνες
1509 2089 1541 2159 ἧ
1580 2091 1755 2160 χοῖροι
1780 2090 1813 2158 ἢ
1841 2092 2020 2143 δυσω-

450 2182 535 2232 δέα
596 2180 769 2248 τάφου
808 2181 1064 2250 ὀφθέντες
1097 2181 1304 2248 ἔδοξαν,
1334 2182 1408 2250 μὴ
1445 2181 1535 2234 τδν
1561 2182 1701 2234 θεῖον
1739 2181 2020 2251 φωτισμὸν

451 2269 688 2336 ἔχοντες,
724 2268 860 2337 μηδὲ
890 2267 992 2339 τὴν
1015 2267 1244 2321 εὐωδίαν
1275 2268 1370 2320 τοῦ
1397 2269 1754 2339 Πνεύματος.

996 2378 1330 2430 ΕΡΩΤΗΣΙΣ
1371 2376 1492 2432 ΞΘ’.

453 2471 522 2524 Et
548 2467 764 2537 ἄφεσιν
800 2468 1094 2538 λαμϐάνει
1134 2469 1256 2536 πᾶς
1308 2469 1883 2537 ἐξομολογούμενος.
1918 2471 2019 2523 καὶ

561 2541 632 2592 ἐν
659 2541 857 2607 τρισὶν
885 2539 1082 2608 ὥραις,
1110 2539 1190 2604 ὡς
1214 2543 1246 2592 ό
1270 2540 1714 2607 Χρυσορῤἠμων
1733 2541 1913 2606 φησί.

519 2631 620 2684 Διὰ
650 2631 749 2701 τῆς
784 2631 1014 2699 γνησίας
1053 2631 1343 2700 μετανοίας
1384 2631 1491 2690 πᾶς
1531 2628 1822 2697 ἄνθρωπος
1854 2631 2021 2680 ἐκκα-

452 2721 730 2793 θαίρεται,
789 2723 848 2774 έν
912 2721 991 2790 τῷ
1059 2718 1418 2790 ἐξαγορεῦσαι
1483 2721 1625 2772 κατὰ
1688 2720 1854 2787 μέρος
1919 2720 2019 2781 τὰς

450 2813 750 2882 ἁμαρτίας,
782 2813 880 2864 καὶ
922 2812 1166 2864 ἐκκλῖναι
1212 2813 1307 2864 τοῦ
1356 2811 1552 2878 κακοῦ,
1608 2813 1702 2863 καὶ
1748 2812 2020 2882 ἄρξασθαι

452 2903 546 2958 τοῦ
598 2902 830 2979 ἀγαθοῦ,
885 2905 982 2956 καὶ
1035 2903 1219 2956 δοῦναι
1276 2903 1352 2974 τῷ
1405 2903 1523 2972 Θεῷ
1575 2902 1755 2972 λόγον,
1815 2905 2015 2974 μηκέτι

454 2995 680 3064 ποιῆσαι
718 2995 821 3064 τὴν
867 2985 1161 3064 ἁμαρτίαν.
1204 2994 1377 3058 Εὐθὺς
1433 2994 1540 3064 γὰρ
1581 2995 1700 3062 ἅμα
1751 2995 2020 3062 λαμϐάνει

453 3084 558 3157 τὴν
588 3085 806 3154 ἄφεσιν,
836 3086 929 3137 καὶ
951 3089 1049 3139 οὐκ
1085 3089 1141 3137 ὲν
1190 3086 1388 3154 τρισὶν,
1425 3085 1500 3148 ὡς
1528 3086 1654 3158 φῂς,
1685 3085 1878 3154 ὥραις.
1913 3087 2021 3140 Καὶ

453 3176 613 3246 eam
653 3175 761 3229 ἀπὸ
791 3176 886 3245 τῆς
931 3175 1343 3245 προσελθούσης
1392 3176 1471 3246 τῷ
1519 3177 1744 3247 Χριστῷ
1791 3177 2019 3246 πόρνης,
2051 3167 2094 3224 C

457 3268 676 3320 καὶτοῦ
706 3265 942 3332 ἀσώτου,
974 3267 1066 3319 καὶ
1112 3267 1207 3319 τοῦ
1250 3265 1506 3335 τελώνου,
1553 3272 1650 3321 καὶ
1704 3268 1800 3322 τοῦ
1848 3287 2027 3339 παρα-

461 3356 685 3410 λυτικοῦ
707 3350 1046 3426 ὲγερθέντος.
1074 3358 1168 3408 Δεῖ
1189 3357 1246 3409 δὲ
1268 3358 1508 3429 τηρῆσαι
1534 3358 1595 3409 τὸ
1617 3357 1809 3428 δῶρον,
1843 3361 1936 3410 καὶ
1959 3359 2029 3410 τὰ

455 3449 556 3519 τῆς
589 3450 876 3514 μετανοίας
911 3447 1166 3516 φυλάξαι,
1194 3449 1270 3518 μή
1307 3449 1435 3500 ποτέ
1466 3465 1518 3500 τι
1561 3449 1742 3517 χεῖρον
1772 3449 1923 3519 αὑτῷ
1951 3449 2029 3518 τῷ

458 3543 779 3612 μεταγνόντι
807 3541 1115 3612 παραϐάντι
1139 3545 1390 3613 γένηται,
1427 3543 1500 3604 ὼς
1535 3546 1628 3596 καὶ
1668 3542 1745 3611 τῷ
1776 3544 2028 3612 παραλυ-

452 3635 590 3704 τικῷ
626 3633 764 3704 αὐτή
813 3635 1031 3703 φησινή
1068 3634 1321 3702 ἀλήθεια·
1363 3651 1381 3684 ι
1425 3633 1556 3697 Ἴδε,
1586 3633 1744 3703 ὑγιὴς
1774 3633 2026 3700 γέγονας,

459 3726 657 3795 μηκέτι
705 3725 1014 3793 ἁμάρτανε,
1044 3723 1132 3777 ἵνα
1188 3724 1264 3794 μὴ
1307 3725 1493 3794 χεῖρόν
1517 3726 1569 3777 τί
1601 3740 1685 3776 σοι
1712 3726 1959 3795 γένηται.
2001 3741 2020 3773 ι

458 3818 693 3885 Ἀφεσιν
719 3819 818 3887 μὲν
847 3815 952 3884 ,οὖν
984 3816 1253 3886 λαμὸάνει
1289 3816 1450 3877 εὐθὺς
1481 3818 1828 3887 μετανοήσας
1857 3815 2028 3869 καθα-

458 3913 566 3981 ρῶς
592 3912 620 3963 ὁ
643 3910 951 3982 ἄνθρωπος,
985 3909 1047 3961 οὐ
1070 3909 1177 3979 μὴν
1199 3907 1256 3962 δὲ
1291 3907 1385 3962 καὶ
1407 3908 1571 3979 τιμὰς
1608 3911 1700 3962 καὶ
1731 3909 2024 3965 ἀνάϐασιν.

467 4003 606 4059 Ἀλλ’
641 4002 845 4073 ἀφείθη
899 4003 998 4071 μὲν
1057 4003 1136 4074 μὴ
1186 4004 1506 4069 ἀποθανεῖν,
1567 4007 1899 4074 κατάκριτος
1949 4002 2027 4058 ὢν

454 4094 768 4159 ἀποθανεῖν,
803 4094 1051 4146 τουτέστι
1079 4093 1156 4164 μὴ
1194 4093 1564 4164 κολασθῆναι·
1608 4094 1668 4147 οὐ
1695 4093 1803 4164 μὴν
1843 4093 1902 4147 δὲ
1930 4094 2025 4146 καὶ

453 4188 600 4251 ἄξιος
625 4188 718 4240 τοῦ
743 4186 880 4257 γέρα
900 4186 1086 4239 λαϐεῖν
1109 4187 1204 4239 καὶ
1235 4189 1552 4257 στεφάνους.
1583 4186 1674 4240 Διὸ
1693 4186 2027 4253 ἀγωνιστέον

456 4279 580 4336 τούς
606 4295 667 4330 τε
699 4279 910 4342 ζῶντας
947 4278 1091 4348 ὑπὲρ
1130 4279 1344 4332 ἑαυτῶν
1375 4280 1470 4332 καὶ
1499 4278 1642 4349 ὑπὲρ
1668 4279 1778 4330 τῶν
1807 4277 2025 4330 οἰκείων

456 4369 820 4440 τεθνηκότων.
872 4368 1164 4438 Σομὸαίνει
1220 4370 1276 4422 δὲ
1332 4370 1429 4423 καὶ
1483 4369 1543 4423 τὸ
1595 4369 1876 4438 πρόθυμον
1924 4367 2026 4436 τῆς

460 4463 749 4528 μετανοίας
778 4461 853 4522 ὡς
901 4461 993 4513 ἐπὶ
1047 4460 1140 4513 τοῦ
1169 4459 1370 4533 λῃστοῦ
1414 4463 1506 4512 καὶ
1553 4459 1762 4512 ἀσώτου
1806 4458 2025 4526 καὶτῆς

458 4548 661 4617 πόρνης
718 4547 932 4620 ἐκείνης
992 4547 1379 4618 ειικλοινθρωπίςι⁵
1428 4548 1521 4600 τοῦ
1594 4547 1891 4610 Δεσπότου,
1964 4546 2024 4599 οὑ

459 4638 618 4706 μόνον
673 4637 772 4708 τὴν
841 4639 1056 4706 ἄφεσιν,
1115 4638 1252 4691 ἀλλὰ
1315 4639 1408 4690 καὶ
1465 4637 1612 4702 δῶρα
1669 4629 2023 4706 χαρίσασθαι.

385 4788 395 4793 __
460 4748 478 4780 ι
547 4732 717 4800 Ἀμην
771 4729 899 4800 γὰρ,
957 4731 1112 4800 φησὶ,
1162 4730 1307 4798 λέγω
1357 4747 1458 4794 σοι,
1507 4731 1588 4782 ὅτι
1643 4730 1921 4798 ἀφέωνται
1970 4731 2026 4782 αί

455 4822 721 4889 ἁμαρτίαι
751 4822 923 4890 αὐτῆς
969 4824 1023 4874 αἱ
1058 4821 1274 4886 πολλαὶ,
1329 4823 1412 4874 ὅτι
1459 4823 1713 4892 ἠγάπησε
1759 4815 2026 4901 mihi!)

539 4913 718 4979 ὀλίγον
747 4912 987 4979 ἀφίεται,
1008 4912 1188 4981 ὀλίγον
1223 4913 1435 4984 ἀγαπᾷ.
1475 4931 1494 4963 ι
1534 4914 1689 4965 Κατά
1721 4911 1819 4982 τὴν
1843 4913 2026 4965 πίστιν

452 5003 568 5073 ἄρα
629 5005 721 5056 καὶ
765 5005 826 5055 τὸ
883 5004 1162 5073 πρόθυμον
1213 5004 1316 5072 τῆς
1359 5006 1534 5075 ψυχῆς
1597 5007 1690 5059 καὶ
1746 5008 1780 5074 ἡ
1828 5005 2023 5072 ἄφεσις

451 5097 789 5164 χορηγεῖται,
824 5093 900 5157 ὡς
928 5095 1044 5161 καὶ,
1098 5085 1124 5146 ἱ
1171 5096 1328 5148 Κατὰ
1365 5097 1462 5165 τὴν
1506 5095 1686 5148 πίστιν
1717 5113 1832 5162 σου,
1867 5099 2022 5166 φησὶ,

452 5185 739 5256 γενηθήτω
773 5202 877 5239 σοι.
915 5204 935 5237 ι

1031 5282 1366 5336 ΕΡΩΤΗΣΙΣ
1401 5283 1481 5338 0'.

452 5397 647 5457 Πόθεν
672 5398 779 5466 τὰς
809 5399 1084 5467 ἀφορμὰς
1116 5396 1220 5466 τῆς
1254 5396 1525 5465 ἀφέσεως
1565 5399 1664 5450 καὶ
1699 5396 2026 5464 μετανοίας

877 5472 931 5521 οὶ
980 5471 1310 5523 ἀπόστολοι
1351 5469 1593 5521 ἔλαϐον.
1778 5531 1782 5534 ξ

530 5558 641 5612 Ποῦ
701 5560 759 5613 δὲ
800 5561 861 5614 τὸ
913 5564 1009 5631 τῆς
1063 5564 1310 5630 ἀφέσεως
1365 5557 1520 5614 εἶπεν
1575 5562 1602 5612 ό
1655 5559 1882 5630 Κύριος,
1931 5559 2026 5613 καὶ

453 5650 646 5708 ἔλαϐον
676 5653 723 5704 οἱ
753 5652 1039 5705 ἀπόστολοι
1071 5654 1328 5723 ἀφορμήν
1357 5671 1369 5718 ;
1419 5653 1505 5704 Ἐν
1542 5653 1704 5706 παντὶ
1735 5652 1814 5720 τῷ
1844 5652 2026 5721 Εὐαγ-

533 5765 571 5798 ¹¹
603 5763 759 5824 luat].
810 5783 856 5833 v,
899 5768 980 5822 l-i.
1083 5769 1122 5800 ¹²
1181 5765 1311 5820 Luc.
1361 5783 1452 5829 vu,
1515 5767 1598 5824 Η.

2127 1902 2252 1966 mis,
2272 1915 2453 1954 secum
2484 1900 2874 1955 circumierunt
2919 1899 3164 1953 fostorem
3192 1904 3247 1950 et
3277 1892 3691 1954 deformitatem,

2128 1993 2270 2047 sicut
2296 1993 2426 2047 olim
2453 1994 2796 2048 daemonibus
2851 1991 3070 2057 accidit,
3122 1989 3216 2058 qui
3250 1987 3436 2041 multis
3463 1985 3696 2048 sanctis,

2130 2092 2185 2137 ut
2229 2092 2389 2137 antea
2427 2085 2634 2145 notavi,
2683 2089 3056 2152 apparuerunt
3101 2082 3203 2134 sub
3259 2078 3433 2130 forma
3466 2087 3710 2132 canum,

2131 2187 2420 2243 porcorum
2473 2191 2595 2229 cum
2653 2174 2888 2243 sepulcri
2940 2174 3152 2232 femore,
3178 2169 3341 2223 divini
3383 2163 3699 2236 splendoris

2128 2277 2182 2320 et
2207 2267 2594 2322 suaveolentia:
2625 2266 2798 2321 sancti
2830 2265 3067 2335 Spiritus
3097 2263 3317 2332 penitus
3351 2269 3620 2327 expertes.

2622 2379 2942 2447 QUIESTIO
3009 2377 3197 2433 LXIX.

2131 2472 2276 2525 Num
2315 2474 2675 2526 remissionem
2725 2480 3082 2539 consequatur
3111 2469 3350 2539 quisquis
3391 2467 3696 2535 conﬁtetur,

2264 2544 2418 2612 idque
2441 2553 2489 2596 et
2529 2543 2693 2614 tribus
2737 2538 2903 2604 horis,
2935 2548 2994 2593 ut
3032 2541 3108 2592 ait
3140 2538 3570 2608 Chrysostomus.

2198 2632 2300 2687 Per
2327 2647 2506 2686 veram
2549 2631 2924 2700 paenitentiam
2955 2629 3133 2684 omnis
3166 2629 3329 2682 homo
3361 2627 3656 2681 mundatur
3680 2664 3698 2692 ,

2127 2738 2226 2778 sua
2267 2722 2542 2791 sigillatim
2593 2720 2906 2776 conﬁtendo
2961 2727 3209 2790 peccata,
3274 2719 3600 2774 declinando
3668 2732 3700 2769 a

2128 2813 2296 2879 malo,
2324 2824 2378 2868 et
2444 2829 2502 2868 se
2531 2813 2597 2867 ad
2653 2816 2853 2868 bonum
2889 2811 3280 2874 convertenda,
3327 2809 3548 2879 Deoque
3574 2823 3702 2864 vere

2126 2905 2490 2976 promittendo
2521 2918 2580 2958 se
2601 2918 2708 2957 non
2738 2901 2970 2970 amplius
2993 2909 3344 2971 peccaturum
3372 2898 3704 2967 :statimque

2127 3007 2182 3052 et
2209 2998 2370 3052 simul
2393 2995 2605 3050 veniam
2634 2994 2948 3060 babet,uon
2974 2995 3148 3047 tribus
3177 2993 3351 3057 horis,
3371 2999 3430 3046 ut
3455 2991 3610 3046 dicis.
3639 2989 3704 3043 Et

2129 3091 2233 3144 hoc
2251 3088 2588 3144 manifestum
2611 3098 2781 3144 estex
2799 3102 2862 3142 ea
2890 3087 3175 3142 meretrice
3195 3100 3317 3156 quae
3335 3086 3402 3140 ad
3424 3084 3701 3140 Christum

2135 3182 2386 3246 accessit,
2420 3191 2472 3235 et
2507 3195 2573 3235 ex
2605 3180 2854 3250 prodigo,
2887 3189 2940 3232 et
2989 3195 3054 3234 ex
3086 3179 3400 3249 publicano,
3427 3184 3483 3230 et
3519 3193 3585 3230 ex
3616 3190 3707 3244 pa-

2141 3274 2360 3344 ralytico
2387 3282 2604 3326 sanato.
2624 3270 2962 3326 Servandum
2997 3280 3083 3326 est
3106 3285 3236 3340 ergo
3266 3271 3464 3324 donum
3497 3278 3551 3325 et
3580 3270 3705 3340 jura
3803 3328 3815 3341 ,

2138 3365 2472 3436 paenitentiae
2522 3363 2886 3428 observanda,
2921 3378 2990 3418 ne
3018 3363 3147 3431 quid
3185 3362 3423 3417 deterius
3455 3362 3546 3415 liat
3575 3375 3705 3430 pec-

2138 3459 2306 3512 caturi
2359 3473 2646 3524 converso,
2714 3466 2773 3510 ut
2807 3456 2925 3526 ipsa
2957 3454 3168 3510 Veritas
3198 3464 3453 3510 sanatum
3490 3455 3708 3525 paraly-

2138 3551 2302 3604 ticum
2355 3551 2625 3605 monitum
2681 3549 2893 3603 voluit:
2930 3567 2948 3599 ι
2974 3546 3114 3601 Ecce
3148 3561 3316 3601 sanus
3342 3547 3516 3602 iactus
3585 3562 3648 3603 es
3686 3564 3701 3601 :

2131 3642 2244 3714 jam
2276 3643 2386 3696 noli
2440 3655 2692 3710 peccare,
2721 3655 2788 3694 ne
2836 3640 3079 3695 deterius
3139 3637 3239 3693 tibi
3297 3637 3502 3708 aliquid
3543 3639 3728 3696 ‘acci-.

2136 3735 2228 3788 dat
2261 3734 2370 3786 “.n
2436 3732 2657 3786 Veniam
2712 3731 2925 3801 quidem
2983 3729 3212 3800 suscipit
3266 3731 3432 3784 homo
3464 3731 3706 3800 legitime

2135 3827 2428 3896 pcnnitens,
2455 3841 2562 3880 non
2583 3839 2714 3880 vero
2743 3824 3004 3878 honorem
3033 3831 3087 3877 et
3107 3823 3174 3877 ad
3207 3822 3414 3892 majora
3447 3838 3700 3894 progres-

2136 3935 2257 3974 sum
2285 3937 2297 3972 :
2326 3917 2422 3972 sed
2443 3918 2840 3971 condemnatus
2867 3917 2932 3968 ad
2959 3923 3190 3970 mortem
3214 3913 3282 3968 ab
3303 3913 3392 3968 illa
3417 3915 3696 3983 eximitur,
3789 3965 3792 3968 .

2136 4012 2238 4067 hoc
2265 4019 2400 4067 esta
2436 4025 2592 4081 ptena
2623 4010 2724 4078 ipsi
2759 4007 2993 4062 luenda:
3021 4009 3260 4062 nondum
3297 4005 3478 4064 tamen
3504 4009 3703 4078 dignus

2135 4104 2366 4158 habetur
2389 4101 2638 4157 mercede
2667 4109 2720 4156 et
2740 4113 2966 4156 corona.
2996 4099 3180 4167 Quare
3205 4101 3536 4156 contendant
3569 4101 3702 4156 dum

2133 4197 2327 4250 vivunt
2369 4195 2618 4250 homines
2666 4208 2729 4266 et.
2750 4208 2849 4264 pro
2895 4194 3095 4262 seipsis
3125 4201 3180 4247 et
3233 4208 3333 4262 pro
3382 4195 3701 4262 parentibus

2134 4289 2388 4343 mortuis.
2445 4286 2630 4341 Alacri
2680 4295 2735 4339 et
2791 4285 3018 4354 impigro
3050 4285 3385 4354 ptenitentize
3417 4285 3534 4338 zelo
3557 4286 3698 4339 idem

2133 4377 2402 4446 contingit
2459 4392 2525 4432 ac
2576 4376 2778 4431 latroni
2823 4383 2879 4429 et
2937 4374 3209 4430 meretrici
3243 4374 3365 4443 ipsi,
3402 4383 3460 4428 ut
3509 4389 3704 4443 nempe

2132 4469 2513 4525 benevolentia
2541 4468 2756 4523 Domini
2781 4468 3017 4522 donetur
3058 4481 3168 4520 non
3205 4467 3384 4523 solum
3415 4465 3575 4521 venia
3607 4468 3702 4522 sed

2131 4561 2330 4618 etaliis
2368 4561 2714 4617 muneribus.
2751 4559 2891 4614 Dicit
2945 4563 3089 4615 enim
3133 4559 3400 4614 Dominus
3439 4576 3502 4612 ι(
3532 4560 3702 4614 A‘men

2131 4631 2252 4710 dico
2283 4653 2380 4706 tibi
2416 4669 2429 4705 :
2465 4654 2816 4706 remittuntur
2842 4651 2890 4705 ei
2923 4659 3148 4721 peccata
3187 4652 3379 4715 multa,
3445 4651 3704 4720 quoniam

2129 4745 2317 4801 dilexit
2344 4745 2593 4799 multum.
2622 4746 2725 4800 Cui
2748 4758 2927 4800 autem
2971 4747 3153 4798 minus
3177 4744 3490 4807 dimittitur,
3524 4743 3705 4795 minus

2129 4835 2305 4904 diligit
2346 4835 2407 4890 η.
2441 4853 2461 4886 ι
2523 4833 2694 4903 Igitur
2720 4833 3016 4889 secundum
3074 4831 3230 4884 fidem
3255 4838 3308 4883 et
3348 4830 3545 4882 animze
3570 4843 3702 4882 con-

2129 4927 2426 5003 tentionem
2457 4938 2512 4980 et
2539 4924 2692 4980 venia
2731 4933 3099 4985 mensuratur,
3133 4929 3192 4975 ut
3243 4920 3418 4974 dixit:
3452 4937 3472 4972 ι
3493 4918 3704 4976 Secun-

2123 5020 2248 5072 dum
2285 5018 2442 5073 [idem
2474 5027 2622 5072 tuam
2653 5017 2747 5069 [int
2800 5014 2908 5086 tibi
2931 5014 2997 5068 ¹³.
3027 5032 3047 5065 ι

2658 5275 2987 5344 ΩΟᾹΞΞΉΟ
3010 5276 3176 5335 LXX.

2137 5393 2289 5449 Unde
2318 5393 2548 5474 apostoli
2581 5395 2881 5461 acceperint
2915 5410 3101 5448 ansam
3136 5393 3414 5474 tradenda
3445 5395 3709 5451 remissio-

2463 5466 2542 5517 uia
2575 5474 2920 5534 peccatorum
2945 5482 3008 5518 ac
3034 5466 3376 5533 paenitentire.

2141 5535 2145 5540 ⁷
2203 5556 2302 5614 Ubi
2359 5557 2426 5612 de
2466 5557 2810 5613 concedenda
2863 5559 3187 5614 remissione
3227 5560 3444 5613 locutus
3473 5566 3559 5612 est
3605 5558 3708 5611 Do-

2132 5652 2334 5719 minus,
2361 5660 2414 5708 ct
2437 5651 2662 5708 eandem
2683 5649 2997 5707 facultatem
3017 5627 3346 5734 acceperunt
3370 5649 3632 5720 apostoli?
3649 5649 3708 5703 In

1707 5766 1744 5796 ¹³
1783 5766 1973 5822 Matth.
2032 5782 2107 5822 rx.
2164 5767 2252 5821 29.
