4118 6458
480 272 595 341 923

1385 260 1773 325 SYMEONIS
1812 264 2585 363 THESSALONICENSiS
2624 268 2985 335 ARCHIEP.

3675 285 3781 351 924

482 399 607 449 toto
667 382 979 455 Evangelia
1038 382 1140 438 hoc
1192 379 1535 452 praedicavit,
1595 382 1703 435 boc
1727 379 1944 443 docuit,
1980 379 2087 436 boc

2194 381 2367 453 τελίῳ
2414 382 2510 436 καὶ
2557 382 2721 439 τοῦτο
2748 386 3010 458 ἐκηρυξε,
3052 390 3146 445 καὶ
3198 390 3357 446 τοῦτο
3390 393 3640 464 ἐδίδαξε·
3684 403 3782 456 καὶ

486 478 847 551 remissionis
898 484 1249 547 peccatorum
1280 473 1483 529 donum
1525 473 1818 544 discipulis
1848 472 2095 528 tradidit.

488 576 630 633 Illud
676 569 1025 640 praescripsit
1078 566 1350 636 postulari
1398 566 1582 620 enixis
1634 565 1922 635 precibus,
1956 565 2089 635 quia

491 664 675 734 majus
703 672 790 717 cst
813 663 1022 716 donum
1052 662 1213 715 nobis
1242 673 1593 734 concessum,
1621 668 1674 713 et
1699 674 1864 713 omne
1893 666 2096 713 nostra:

494 731 613 825 spei
650 754 1102 809 fundamentum.
1139 740 1271 806 illud
1307 731 1588 818 apostolis
1628 750 1781 804 dedit
1811 763 2013 803 munus
2042 757 2096 802 et

492 852 661 905 Petro
703 856 833 901 ante
870 847 1353 913 resurrectionem,
1389 856 1443 901 et
1479 855 1601 915 post
1628 841 2094 898 resurrectionem

497 942 745 998 iteravit.

1025 1052 1348 1123 QUIESTIO
1391 1051 1579 1147 L319.

502 1169 684 1235 Quare
722 1173 776 1224 in
814 1172 912 1223 hac
941 1170 1045 1221 ritu
1082 1168 1274 1220 mullos
1321 1166 1503 1218 modos
1557 1162 1889 1235 demittentis
1935 1177 1989 1213 se
2024 1162 2094 1235 nd

577 1260 669 1293 "(in
715 1243 1078 1311 benignitatis.
1113 1238 1363 1290 bonitatis
1387 1253 1449 1312 ac
1472 1233 1810 1312 paruiteutite
1842 1230 1981 1283 Deus
2006 1233 2094 1284 de-

575 1307 857 1376 monstrat,
892 1329 943 1363 m
973 1312 1143 1361 altera
1176 1320 1351 1360 autem
1380 1307 1547 1375 rigide
1569 1317 1728 1375 atque
1756 1307 1811 1354 in
1836 1312 2093 1355 wternum

572 1384 801 1449 pumet?
836 1382 920 1435 ubi
950 1384 1116 1450 igitur
1146 1382 1262 1446 ejus
1302 1376 1557 1430 bonitas?

574 1498 758 1551 Bonus
790 1514 955 1566 supra
992 1497 1214 1550 modum
1260 1503 1343 1548 est
1392 1492 1562 1554 Deus,
1592 1502 1647 1546 et
1676 1490 1944 1546 bonitatis
1973 1488 2092 1560 ejus

504 1607 612 1643 non
644 1600 728 1644 est
751 1591 980 1642 omnino
1013 1588 1154 1650 linis,
1184 1596 1237 1640 et
1264 1600 1547 1652 nunquam
1574 1600 1603 1636 a
1634 1586 1880 1637 bonitate
1902 1582 2092 1636 deces-

505 1699 671 1737 surus
699 1693 807 1747 est,
834 1698 958 1736 cum
995 1697 1137 1737 unus
1164 1682 1234 1735 sit
1265 1690 1460 1746 natura
1499 1682 1672 1733 bonus
1696 1689 1752 1732 et
1789 1678 1940 1732 solus
1971 1693 2092 1731 om-

505 1777 637 1829 nino
668 1775 1055 1829 immutabilis.
1090 1773 1302 1829 Idcirco
1322 1774 1440 1827 sive
1468 1771 1740 1841 quosdam
1769 1769 2045 1825 beatiﬁcet
2073 1807 2088 1835 ,

502 1871 618 1925 sive
647 1870 915 1939 quosdam
960 1868 1174 1939 puniat,
1203 1876 1502 1936 utrumque
1530 1866 1737 1935 Optime
1786 1864 1941 1929 iacit,
1962 1880 2088 1919 cum

500 1964 569 2015 sit
609 1972 800 2016 natura
834 1962 1012 2017 bonus
1043 1970 1097 2015 et
1124 1960 1330 2029 justus.
1367 1959 1611 2014 Iustitiae
1637 1972 1918 2026 nunquam
1950 1957 2091 2012 obli-

504 2054 745 2118 viscens,
774 2056 1016 2108 bonitate
1040 2055 1156 2108 sola
1183 2068 1366 2107 nosos
1391 2051 1560 2105 nibilo
1584 2050 1869 2121 produxit,
1886 2059 1940 2105 et
1967 2063 2091 2104 cum

500 2142 722 2212 j-istitia
749 2146 1048 2215 gubernat.
1082 2142 1258 2199 Omne
1286 2144 1491 2198 bonum
1514 2143 1567 2195 in
1594 2151 1848 2197 nostrum
1882 2141 2095 2196 crearit

505 2240 854 2290 commodum
878 2255 891 2302 ;
914 2234 1059 2291 unde
1075 2237 1238 2290 etiam
1271 2236 1463 2290 eduxit
1481 2235 1747 2289 mundum
1770 2235 1912 2289 Inmc
1930 2249 2091 2303 quem

506 2332 758 2385 videmus
787 2329 1131 2394 universum,
1160 2328 1478 2399 paradisum
1504 2342 1726 2399 quoque
1743 2342 1941 2383 creans
1971 2343 2093 2398 pro-

506 2432 625 2491 pter
651 2437 771 2485 nos,
800 2422 851 2474 in
875 2422 968 2476 illo
991 2420 1171 2476 futura
1198 2421 1360 2475 nobis
1377 2422 1521 2476 bona
1543 2421 1866 2491 disponens,
1892 2421 2096 2491 quibus

506 2530 601 2581 pro
618 2514 830 2583 justitia
848 2525 1223 2583 etopportnne
1239 2515 1494 2566 fruamur
1508 2516 1765 2569 omnibus
1788 2514 1973 2579 bonis,
2006 2515 2093 2569 bic

478 2607 889 2675 ,prarsentibus,
909 2606 1019 2661 illic
1039 2606 1262 2660 futuris.
1284 2607 1362 2659 Ad
1386 2605 1682 2681 imaginem
1704 2622 1829 2659 nam
1857 2608 2096 2677 propriis

504 2701 759 2755 manibus
783 2715 883 2754 nos
909 2701 1217 2769 plasznavit.
1256 2697 1309 2752 In
1337 2701 1498 2754 nobis
1518 2702 1701 2769 posuit
1728 2700 1990 2764 animam,
2017 2702 2097 2754 in-

505 2793 829 2864 telligentia,
869 2796 1082 2848 ratione
1155 2802 1210 2846 et
1267 2793 1553 2847 voluntate
1595 2794 1902 2863 praeditam,
1927 2809 2092 2862 quam

500 2890 732 2959 replevit
779 2890 948 2945 totius
981 2890 1264 2958 sapientiae
1311 2897 1365 2941 et
1400 2888 1645 2942 scientia:
1681 2887 1863 2953 donis,
1893 2888 1945 2941 in
1976 2889 2094 2957 ipsa

506 2982 958 3052 superseminans
1006 2982 1190 3035 divina
1225 2982 1468 3033 omnium
1525 2981 1787 3033 virtutum
1849 2981 2091 3033 semina:

2203 472 2366 525 τοῦτο
2393 475 2508 537 τοῖς
2535 475 2812 545 μαθηταῖς
2838 478 3042 532 δέδωκε
3073 479 3249 551 δῶρον
3282 482 3344 537 τὸ
3382 485 3605 556 ἀφιέναι
3624 506 3639 522 °
3683 494 3777 546 καὶ

2201 564 2363 617 τοῦτο
2400 566 2804 637 προσεύχεσθαι
2847 570 3190 640 προσέταξεο
3245 576 3340 628 καὶ
3382 573 3543 631 τοῦτο
3567 578 3628 631 τὸ
3679 582 3777 651 μέ-

2200 670 2395 722 γιστον
2422 656 2599 729 δῶρον
2626 660 2686 712 ἐν
2718 661 2852 729 ἡμῖν
2878 676 2893 692 ·
2926 663 3023 715 καὶ
3050 665 3084 732 ἡ
3116 663 3273 728 ἐλπὶς
3297 667 3457 736 ἡμῶν
3489 670 3551 723 ἐν
3577 674 3774 743 τούτῳ.

2202 747 2315 800 Καὶ
2337 750 2449 818 πρὸ
2492 751 2591 819 τῆς
2621 752 2985 818 ἀναστάσεως
3013 755 3073 809 δὲ
3098 757 3261 811 τοῦτο
3309 761 3423 823 τοῖς
3458 762 3778 831 ἀποστόλοις

2199 840 2399 896 δέδωκε
2424 845 2518 898 καὶ
2549 845 2626 915 τῷ
2660 846 2873 919 Πέτρῳ,
2905 850 3001 903 καὶ
3032 851 3175 921 μετά
3196 853 3297 923 τὴν
3318 855 3637 912 ἀνάστασιν.

2662 1084 2663 1087 η
2736 1052 3071 1108 ΕΡΩΤΗΣΙΣ
3116 1057 3241 1110 OA'.

2199 1163 2363 1241 Διατί
2403 1163 2684 1241 ἐνταῦθα-
2704 1163 3151 1241 μὲν-πολλοὺς.
3177 1169 3442 1234 τρόπους
3480 1184 3780 1241 συγκατα-

2270 1233 2500 1299 ϐἁσεως
2530 1235 2629 1287 καί
2652 1236 3027 1307 ἀγαθότητος
3060 1239 3155 1289 καὶ
3197 1233 3521 1305 μετανοίας
3553 1233 3780 1307 ἔδειξεν

2270 1307 2302 1357 ό
2373 1307 2539 1369 Θεὸς,
2605 1307 2805 1358 ἐκεῖσε
2873 1306 2942 1357 δὲ
3002 1308 3322 1374 ἀποτόμως
3389 1310 3621 1372 κολάζει
3681 1306 3779 1367 καί

2216 1388 2219 1391 ‘
2271 1376 2567 1440 αἰωνίως;
2600 1376 2725 1428 Ποῦ
2767 1374 2882 1444 ἄρα
2905 1377 2970 1429 τὸ
2992 1377 3264 1445 ἀγαθόν-ς

2281 1488 2515 1556 Ἀγαθὸς
2550 1489 2647 1543 καὶ
2698 1490 3055 1560 ύπεράγαθος
3082 1494 3111 1543 ό
3140 1493 3295 1557 Θεὸς,
3333 1494 3428 1547 καὶ
3473 1494 3574 1562 τῆς
3614 1497 3777 1549 αὐτοῦ

2196 1578 2535 1647 ἀγαθότητος
2588 1580 2725 1642 ὅλως
2777 1582 2878 1634 οὐκ
2939 1581 3089 1634 ἐστιν
3118 1583 3265 1650 ὅρος.
3536 1588 3646 1639 Οὐκ
3670 1586 3778 1651 ἐξί-

2199 1688 2392 1727 σταται
2445 1668 2540 1727 οὖν
2580 1674 2680 1744 τῆς
2721 1675 3058 1744 ἀγαθότητος
3107 1674 3355 1742 πώποτε,
3413 1679 3572 1746 φύσει
3623 1682 3777 1748 μόνος

2194 1765 2270 1821 ὢν
2291 1765 2515 1833 ἀγαθὸς,
2560 1768 2657 1819 καὶ
2686 1766 3042 1828 ἀναλλοίωτος
3073 1768 3231 1835 μόνος
3257 1767 3355 1823 ῶν.
3385 1770 3476 1822 Διὸ
3504 1771 3598 1824 καὶ
3623 1774 3780 1837 εύερ-

2193 1857 2371 1925 γετῶν
2431 1858 2527 1911 καὶ
2575 1858 2995 1929 τιμωρούμενός
3045 1876 3222 1924 τινας,
3272 1862 3496 1929 ἀγαθῶς
3551 1865 3777 1919 ἕκαστον

2197 1952 2365 2017 ποιεῖ,
2412 1952 2535 2003 ἐπεὶ
2590 1950 2688 2004 καὶ
2736 1951 2940 2019 ἀγαθὸς
2997 1951 3184 2020 φύσει,
3230 1953 3327 2006 καὶ
3370 1954 3575 2021 δίκαιος
3619 1961 3778 2026 φύσει

2197 2044 2342 2109 ἐστὶ,
2379 2045 2472 2097 καὶ
2509 2044 2575 2097 τὰ.
2618 2045 2715 2111 τῆς
2747 2043 3103 2119 δικαιοσύνης
3132 2045 3233 2098 οὐκ
3260 2047 3651 2107 ἀποδάλλεται.
3688 2054 3779 2105 Διὸ

2195 2138 2263 2207 τῇ
2297 2135 2598 2206 ἀγαθότητι
2636 2136 2774 2208 μόνῃ
2808 2137 3154 2206 παραγαγὼν
3191 2140 3339 2209 ἡμᾶς
3377 2143 3441 2193 ἐκ
3483 2142 3558 2212 μὴ
3587 2143 3773 2209 ὄντων,

2200 2228 2256 2279 ἐν
2290 2224 2611 2299 δικαιοσύνῃ
2640 2228 2732 2279 καὶ
2783 2229 2968 2296 κρίσει
3009 2231 3311 2301 οἰκονομεῖ,
3348 2237 3439 2287 καὶ
3476 2237 3625 2290 οὐδὲν
3670 2239 3777 2292 τῶν

2199 2318 2421 2385 ἀγαθῶν
2467 2319 2680 2373 ἐνέλιπε
2742 2322 2818 2391 μὴ
2874 2324 3110 2391 ποιήσας
3150 2324 3220 2378 δι’
3251 2327 3419 2396 ἡμᾶς.
3448 2328 3608 2381 Ὅθεν
3640 2349 3777 2398 παρ-

2199 2415 2378 2482 ήγαγε
2417 2413 2517 2481 μὲν
2547 2414 2638 2466 τὸν
2664 2416 2949 2484 ὁρώμενον
2980 2416 3172 2470 τοῦτον
3201 2420 3444 2488 κόσμου’
3479 2422 3570 2476 τὸν
3601 2424 3776 2494 παρά·

2200 2505 2374 2557 δεισόν
2419 2522 2478 2558 τε
2526 2506 2721 2569 κτίσας
2767 2508 2840 2561 δι’
2881 2509 3052 2579 ἡμᾶς,
3099 2511 3195 2563 καλ⁵
3239 2513 3306 2566 τά
3350 2512 3605 2582 μέλλοντα
3648 2518 3776 2585 ἡμῖν

2198 2597 2384 2667 ἀγαθά
2416 2599 2736 2668 ἑτοιμάσας,
2764 2601 2853 2654 ἵνα
2902 2603 3110 2656 τούτων
3135 2604 3397 2658 ἁπάντων
3428 2607 3646 2671 δικαίως
3685 2611 3776 2661 καὶ

2199 2691 2343 2743 κατά
2371 2690 2567 2761 καιρὸν
2596 2692 2987 2764 ἀπολαύωμεν,
3021 2696 3260 2750 ἐνταῦθα
3287 2698 3388 2766 μὲν
3425 2700 3531 2752 τῶν
3570 2703 3771 2770 παρόν-

2199 2802 2330 2847 των,
2356 2787 2535 2838 ἐκεῖσε
2570 2786 2627 2839 δὲ
2659 2787 2769 2839 τῶν
2811 2789 3115 2858 μελλόντων
3148 2791 3394 2860 ὕστερον.
3429 2794 3565 2847 Κατ’
3591 2796 3775 2851 εἰκόνα

2203 2879 2340 2932 ἰδίαν
2366 2882 2599 2944 οἰκείαις
2644 2883 2836 2953 χερσὶν
2863 2883 3099 2938 ἔπλασεν
3124 2888 3296 2956 ἡμᾶς.
3340 2888 3621 2958 Ἐ-,έθηκεν
3647 2892 3776 2959 ἡμῖν

2199 2979 2396 3043 νοερὰν
2435 2975 2530 3026 καὶ
2560 2975 2787 3047 λογικὴν
2838 2979 2931 3031 καὶ
2964 2978 3259 3051 θελητικὴν
3303 2980 3479 3051 ψυχήν
3501 2983 3771 3054 τὲνὲπληέ

504 3074 577 3127 ita
609 3081 667 3126 ut
709 3072 871 3125 etiam
910 3073 1034 3125 sine
1080 3073 1339 3139 magistro
1371 3086 1535 3123 nosse
1570 3071 1846 3137 possimus
1889 3078 1943 3122 et
1971 3083 2092 3137 qua:

2200 3079 2294 3117 σιν
2323 3064 2497 3133 αὐτὴν
2526 3067 2706 3136 πάσης
2741 3067 2935 3135 σοφίας
2967 3072 3062 3123 καὶ
3103 3070 3374 3139 γνώσεως.
3422 3073 3774 3141 ἐνεφύτευσεν

507 3164 621 3219 Deo
662 3174 792 3217 sunt
834 3174 988 3232 grata
1021 3173 1075 3215 et
1106 3178 1223 3231 qua:
1271 3160 1387 3215 odit
1420 3162 1585 3225 Deus;
1622 3164 1713 3215 sed
1746 3170 1799 3215 et
1833 3162 2025 3215 borum
2059 3176 2087 3213 a

507 3257 782 3325 principio
804 3256 1097 3325 magistros
1119 3254 1367 3323 praebuit.
1396 3254 1577 3307 Primo
1602 3254 1822 3321 quidem
1851 3256 2089 3309 creatio-

508 3364 632 3404 nem
655 3364 872 3404 onmem
898 3347 1141 3403 Ostendit
1171 3347 1436 3399 voluntati
1458 3360 1570 3399 suae
1596 3348 1801 3413 optime
1828 3346 2091 3400 obedien-

509 3455 617 3502 tem
646 3456 701 3502 et
731 3446 848 3516 ipsa
878 3454 1103 3515 motam,
1133 3454 1189 3497 ut
1220 3435 1561 3512 nos'quoque
1595 3444 1703 3498 Deo
1744 3443 2090 3507 obediamus,

507 3549 562 3595 et
595 3541 715 3611 ejus
738 3539 1078 3609 bent-placito
1107 3552 1445 3591 moveamur.
1480 3537 1683 3591 Deinde
1713 3536 2091 3606 prabuitsau-

507 3641 721 3687 ctorum
779 3630 1213 3699 patriarcharum
1254 3638 1309 3682 et
1363 3629 1752 3698 prophetarum
1812 3629 2089 3697 ingentem

504 3724 929 3779 multitudimem
967 3738 981 3774 :
1031 3722 1315 3790 legemque
1342 3721 1583 3789 desuper
1623 3722 1945 3785 constituit;
1985 3721 2089 3773 mi-

508 3817 699 3870 rabilia
731 3824 987 3884 operatus
1018 3824 1099 3867 est
1126 3814 1319 3883 signa;
1355 3814 1528 3868 malos
1559 3824 1610 3867 et
1642 3824 1959 3883 peccatores
1989 3814 2092 3867 mi-

506 3908 595 3964 nis
640 3908 880 3978 primum
926 3907 1208 3959 insecutus
1260 3905 1506 3972 punivit;
1565 3905 1725 3959 bonis
1774 3905 2087 3970 benedixit;

502 4000 763 4069 denique,
818 3998 1237 4067 ingravescente
1298 3998 1541 4059 malitia,
1601 3996 1749 4049 venit
1815 3997 1932 4066 ipse
1990 4011 2088 4049 sua

503 4101 702 4162 sponte
717 4081 811 4145 Dei
836 4089 1078 4144 Verbum
1103 4088 1445 4145 descendens
1464 4104 1639 4158 usque
1664 4090 1731 4142 ad
1752 4103 1852 4142 nos
1871 4098 2091 4158 propter

506 4199 632 4250 nos;
663 4197 885 4238 carnem
920 4189 1166 4237 sanctam
1196 4196 1261 4235 ex
1303 4179 1523 4250 Virgine
1553 4180 1811 4250 sumpsit,
1844 4180 2086 4235 divinam

507 4290 677 4345 agens
702 4277 888 4337 vitam,
922 4274 1183 4329 miracula
1237 4275 1545 4343 producens
1583 4273 1890 4340 innumera,
1921 4273 2089 4327 caele-

507 4377 645 4423 stem
675 4368 899 4422 tradeus
922 4365 1231 4422 doctrinam
1262 4376 1316 4421 et
1336 4367 1520 4419 divina
1551 4376 1843 4434 praecepta,
1867 4367 2086 4419 tandem

2195 3155 2334 3225 αὐτῇ
2364 3158 2474 3209 πᾶν
2505 3152 2649 3219 εῐδυς
2678 3158 2830 3219 θείας
2862 3159 3085 3229 ἀρετῆς,
3115 3162 3208 3215 καί
3242 3163 3565 3217 διδασκάλου
3597 3166 3764 3234 χωρὶς

2162 3242 2169 3249 ’
2194 3253 2415 3317 γνωστά
2447 3253 2580 3322 ἡμῖν
2610 3254 2727 3307 ἐστι
2759 3254 2828 3307 τὰ
2850 3256 3072 3325 θεοφιλῆ
3099 3258 3276 3311 πάντα
3308 3260 3400 3311 καὶ
3422 3259 3490 3311 τά
3518 3257 3771 3326 θεομισῆ⁸

2193 3343 2329 3395 ἀλλὰ
2362 3344 2455 3396 καὶ
2487 3345 2849 3411 διδασκάλους
2878 3350 2938 3413 ἐξ
2966 3350 3134 3420 ἀρχῆς
3168 3350 3390 3406 δέδωκε.
3422 3349 3640 3419 Πρῶτον
3674 3350 3771 3417 μὲν

2193 3435 2294 3505 τὴν
2317 3437 2607 3507 ὁρωμένην
2635 3439 2818 3492 κτίσιν
2853 3443 2995 3494 κατὰ
3020 3442 3119 3512 τὴν
3150 3442 3557 3512 θέλησινηαύτοῧ
3592 3440 3770 3503 καλῶς

2196 3532 2545 3601 κινουμένην,
2582 3532 2649 3584 ἵν’
2674 3533 3119 3603 ύππασσὼμεθα
3172 3534 3267 3587 καὶ
3318 3535 3478 3605 ἡμεῖς
3510 3533 3659 3602 αὐτῷ
3694 3534 3770 3599 ﬁt

2192 3622 2335 3692 Θεῷ,
2374 3627 2469 3676 καὶ
2510 3626 2650 3678 κατὰ
2679 3626 2938 3696 βούλησιν
2988 3626 3179 3681 τούτου
3228 3626 3540 3695 κινώιίεθα·
3580 3627 3766 3681 ἔπειτα

2192 3716 2420 3770 δικαίων
2460 3717 2627 3785 ἔδειξε
2655 3718 2865 3789 πληθὺν
2911 3721 3005 3773 καὶ
3046 3720 3405 3791 πατριαρχῶν
3436 3719 3528 3773 καί
3557 3738 3764 3790 προφη-

2192 3807 2303 3860 τῶν
2328 3825 2343 3840 ο
2377 3809 2543 3878 νόμον
2576 3826 2634 3862 τε
2664 3810 2933 3880 ἐπέστησε
2958 3828 2973 3842 ·
3013 3814 3219 3881 σημεῖα
3250 3811 3544 3883 εἰργάσατο
3566 3828 3579 3842 °
3612 3812 3768 3881 ἠπεί-

2159 3917 2162 3920 ‘
2194 3901 2358 3970 λησεν
2390 3902 2801 3972 ἁμαρτάνουσιν
2825 3920 2838 3935 ο
2889 3904 3146 3956 ἐκόλασεν
3168 3919 3181 3933 ο
3228 3903 3597 3974 εὐηργέτησεν
3627 3906 3765 3973 ἀγα-

2196 3991 2364 4053 θούς·
2396 3993 2569 4058 τέλος,
2604 3993 2935 4064 αὐξηθείσης
2988 3996 3087 4062 τῆς
3140 3994 3359 4059 κακίας,
3395 3990 3555 4065 ἦλθεν
3606 3996 3762 4058 αὐτὸς

2193 4084 2263 4138 δι’
2286 4085 2499 4138 ὲαυτοῢ⁹
2525 4085 2679 4139 ὁ-τοῦ
2715 4086 2850 4139 Θεοῦ
2887 4088 3065 4156 Λόγος
3091 4086 3157 4140 δι’
3184 4087 3334 4157 ἡμᾶς
3368 4089 3561 4158 μέχρις
3588 4087 3763 4158 ἡμῶν.

2194 4176 2549 4247 Σεσάρκωται
2596 4179 2770 4247 άγίως
2814 4180 2877 4232 ἐκ
2903 4179 3004 4247 τῆς
3041 4178 3347 4249 Παρθένου·
3388 4172 3768 4231 πεπολίτευται

2194 4269 2393 4331 θείως*
2440 4270 2739 4340 εἰργάσατο
2781 4269 3560 4341 θαυμαστὰ,’νενομοθέτηκεν
3610 4273 3767 4322 ἐπου-

2197 4363 2378 4431 ράνια,
2414 4362 2690 4416 πέπονθεν
2733 4363 2875 4433 ὑπὲρ
2910 4361 3089 4435 ἡμῶν,
3136 4363 3231 4417 καὶ
3253 4363 3491 4425 ἀναστὰς
3516 4363 3606 4415 καὶ
3640 4363 3769 4414 ἀνα-

505 4473 608 4528 pro
640 4458 799 4513 nobis
830 4474 1019 4527 passus
1052 4466 1155 4523 est,
1189 4467 1243 4512 et
1290 4468 1542 4512 mortuus
1574 4459 1878 4513 resurrexit
1924 4470 1979 4511 et
2033 4458 2086 4510 in

2194 4455 2416 4525 ληφθεὶς
2443 4456 2767 4525 ἐχαρίτωσε,
2809 4452 2903 4508 κάὶ
2938 4456 3349 4524 ἐνεδυνάμωσέν
3373 4456 3541 4523 ἡμᾶς,
3574 4454 3756 4518 ἐξαπο-

502 4552 679 4607 caelos
702 4551 1010 4604 ascendens
1042 4551 1216 4619 gratia
1258 4563 1313 4605 et
1367 4550 1694 4607 fortitudine
1730 4567 1830 4606 nos
1861 4550 2094 4621 replevit

505 4645 564 4699 in
598 4660 700 4699 nos
731 4642 1029 4698 demittens
1066 4659 1096 4697 e
1128 4644 1269 4697 caelo
1310 4644 1450 4699 dona
1481 4644 1722 4711 Spiritus
1752 4647 1951 4705 sancti,
1997 4659 2095 4713 per

502 4750 672 4804 quem
714 4746 941 4791 sanctos
973 4749 1105 4789 suos
1136 4740 1483 4791 consecravit
1516 4752 1815 4804 praecones,
1842 4744 2093 4806 potentes

504 4843 677 4897 opere
713 4827 970 4882 et'verbo
992 4866 1008 4893 ,
1038 4828 1131 4898 qui
1159 4839 1211 4882 et
1242 4844 1442 4883 nomen
1472 4829 1595 4898 ejus
1615 4837 1672 4882 et
1699 4829 2006 4883 doctrinam
2037 4827 2093 4881 in

506 4931 625 4975 toto
669 4922 805 4975 orbe
858 4930 1129 4976 terrarum
1178 4932 1522 4993 spargerent.
1564 4922 1721 4977 Unde
1761 4921 1965 4989 ubique
1996 4934 2091 4989 ap-

508 5022 811 5081 paruerunt
833 5014 1183 5067 sacerdotum
1213 5016 1419 5083 populi,
1444 5023 1745 5082 martyrum
1773 5012 1947 5075 ebori,
1977 5025 2093 5066 mo-

508 5106 810 5159 nachorum
839 5113 894 5157 et
926 5105 1199 5175 virginum
1234 5106 1475 5174 agmina,
1504 5112 1559 5158 ct
1594 5104 1934 5157 credentium
1972 5118 2090 5158 om-

508 5197 662 5251 nium
704 5197 985 5251 immensa:
1011 5198 1416 5262 multitudines,
1444 5213 1509 5251 ex
1544 5196 1801 5250 omnibus
1830 5195 2089 5266 gentibus

508 5295 866 5356 congregatae,
890 5288 1093 5355 absque
1122 5289 1353 5357 imperio
1374 5299 1423 5342 et
1453 5288 1740 5351 violentia,
1766 5291 1859 5342 sed
1891 5290 1943 5343 in
1968 5289 2089 5344 solo

508 5374 602 5433 Dei
637 5379 803 5431 verbo
832 5386 887 5431 et
909 5379 1151 5445 virtute;
1184 5386 1240 5434 et
1287 5393 1318 5432 a
1362 5380 1731 5449 piscatoribus
1756 5382 1907 5437 orbis
1943 5383 2093 5438 salu-

510 5470 718 5521 taribus
762 5468 970 5522 retibus
1004 5478 1197 5539 captus
1226 5473 1343 5535 est';
1414 5481 1469 5525 et
1503 5472 1656 5525 multi
1690 5488 1753 5527 ex
1806 5474 2090 5529 conversis

507 5556 706 5609 elevati
759 5565 910 5623 sunt,
963 5558 1054 5627 qui
1091 5560 1247 5624 juxta
1284 5563 1562 5631 apostolos
1592 5564 1760 5633 signis
1785 5574 1839 5619 et
1873 5566 2090 5620 virtuti-

507 5645 611 5704 bus
639 5649 840 5716 pariter
867 5651 1278 5719 splenducrunt.
1334 5653 1529 5709 Datum
1580 5665 1663 5711 est
1695 5656 1929 5726 denique
1955 5656 2086 5711 illud

508 5739 966 5808 perfectissimum
998 5744 1325 5812 pmnitentiae
1354 5763 1571 5813 munus,
1624 5763 1838 5805 onmem
1881 5764 2088 5805 scrnio~

2199 4548 2413 4628 στείλας
2446 4552 2577 4618 ἡμῖν
2624 4550 2681 4614 ἐξ
2706 4546 2939 4617 ούρανοῦ
2983 4550 3081 4617 τὴν
3110 4549 3269 4618 χάριν
3297 4546 3388 4599 τοῦ
3427 4547 3761 4616 Πνεύματος,

2195 4640 2267 4693 δι’
2293 4637 2359 4713 ἧς
2391 4642 2626 4706 ἀνέδειξε
2667 4642 2918 4711 κήρυκας
2953 4640 3135 4707 θείους
3175 4638 3397 4703 ἐαυτοῦ,
3424 4639 3679 4701 δυνατοὺς
3708 4641 3764 4691 ἐν

2196 4729 2345 4803 ἔργῳ
2368 4734 2463 4785 καὶ
2488 4734 2664 4803 λόγῳ·
2696 4736 2760 4801 τῇ
2786 4732 3082 4803 οἰκουμένῃ
3116 4732 3263 4802 πάσῃ
3289 4730 3382 4802 τὴν
3406 4729 3598 4783 ἑαυτοῦ
3629 4732 3765 4798 γνῶ-

2199 4841 2290 4878 σιν
2319 4827 2655 4897 ἐξήπλωσεν.
2687 4825 2852 4877 Ὅθεν
2892 4825 3087 4893 ἱερέων
3113 4822 3372 4893 ὤφθησαν
3400 4822 3581 4892 δῆμοι,
3622 4838 3764 4891 μαρ·

2194 4917 2377 4986 τύρων
2404 4918 2577 4988 χοροὶ,
2602 4916 2859 4983 ἀσκητῶν
2887 4918 2981 4970 καὶ
3005 4914 3292 4985 παρθένων
3317 4914 3518 4985 πλήθη,
3541 4914 3762 4968 καὶτῶν

2195 5010 2644 5065 πεπιστευκότων
2693 5011 2949 5064 ἁπάντων
2988 5009 3051 5063 τὸ
3084 5008 3454 5079 ἀναρίθμητον
3489 5006 3763 5073 σύστημα,

2194 5106 2258 5158 ἐκ
2288 5106 2509 5159 πάντων
2545 5103 3048 5175 συναθροισθέντων
3090 5102 3283 5166 ἐθνῶν,
3315 5099 3625 5172 τυραννίδος
3654 5118 3761 5169 κω-

2196 5199 2279 5265 ρὶς
2316 5198 2374 5250 ἐν
2395 5197 2544 5265 λόγῳ
2574 5200 2723 5268 μόνῳ
2746 5195 2883 5249 Θεοῦ
2917 5196 3013 5249 καὶ
3047 5195 3218 5257 θείαις
3245 5194 3505 5262 δυνάμεσι
3528 5209 3541 5223 ο
3571 5192 3661 5243 καὶ
3695 5191 3761 5242 δι’

2191 5286 2391 5340 ἀλιέων
2437 5290 2470 5355 ἡ
2511 5288 2807 5359 οἰκουμένη
2855 5287 3221 5357 ἐσαγηνεύθη,
3274 5285 3370 5341 καὶ
3429 5282 3610 5337 πολλοὶ
3652 5280 3759 5334 τῶν

2194 5381 2646 5449 κατωρθωκότων
2672 5382 2957 5449 γεγόνασι,
2988 5384 3083 5435 καὶ
3111 5382 3251 5434 κατά
3280 5382 3405 5443 τοὺς
3434 5376 3758 5437 ἀποστόλους

2193 5474 2409 5538 αὐτοὺς,
2444 5476 2502 5528 ἐν
2545 5475 2795 5545 σημείοις
2826 5491 2884 5528 τε
2934 5475 3026 5529 καὶ
3064 5474 3356 5543 δυνάμεσιν
3389 5470 3652 5541 ἔλαμψαν.
3690 5468 3759 5520 Τὸ

2195 5565 2339 5635 μέγα
2378 5564 2434 5619 δὲ
2480 5565 2792 5619 τελευταῖον
2844 5566 2941 5632 τῆς
2982 5565 3274 5634 μετανοίας
3320 5564 3526 5617 δέδοται
3569 5561 3756 5631 δῶρον,

2194 5658 2336 5726 ὑπὲρ
2363 5656 2520 5725 λόγον
2568 5657 2628 5709 ὃν
2675 5659 2771 5710 καὶ
2810 5658 3020 5711 ἔννοιαν
3062 5657 3432 5726 εὐεργέτημα.
3466 5656 3627 5724 Ἀχρι
3653 5653 3757 5721 γὰρ
3844 5722 3849 5729 ,

2195 5750 2287 5803 καὶ
2318 5749 2484 5820 αὐτῆς
2515 5749 2616 5819 τῆς
2636 5749 2951 5813 τελευταίας
2988 5748 3263 5820 ἀναπνοῆς
3302 5749 3634 5819 χορηγεῖται,
3671 5743 3755 5814 μό-
