4118 6446
457 288 573 354 927
1246 306 1253 313 τ
1335 292 2507 359 SYMEONISTHESSALONICENSIS
2542 262 2892 363 ARCHIEP.
3629 317 3734 379 923

455 413 615 472 vina,
638 407 756 463 sive
781 406 896 475 iam
925 412 1179 478 paratum
1208 406 1481 472 inveniat,
1502 407 1624 463 sive‘
1647 423 1756 464 non
1784 420 2036 479 paratum

2144 410 2221 501 μὴ
2252 409 2559 501 Ῑιρόθυμον
2588 413 2863 485 διεγείρας
2896 416 3094 489 πολλὴν
3142 420 3288 493 αὐτῷ
3331 426 3591 493 προξενεῖ
3637 431 3736 501 τὴν

457 500 731 569 impellat,
770 499 997 554 multam
1024 500 1132 588 -il.li
1183 497 1434 554 conferet
1474 501 1788 569 utilitatem,
1822 511 1876 558 et
1929 503 2045 573 ipse

2144 495 2456 568 ὠφέλειαν,
2515 502 2611 556 xal
2657 505 2914 570 κοινωνὸς
2962 506 3114 562 ἔσται
3171 510 3245 580 τῷ
3279 515 3595 583 ἐνεργοῦντι
3639 495 3735 575 τοῦ

456 591 895 648 communicabit
947 590 1184 646 mercedi
1232 592 1494 660 operarii.
1547 592 1659 648 Nec
1708 603 1922 665 oportet
1953 607 2045 650 eos

2151 591 2385 662 μισθοῦ.
2457 595 2569 651 Kal
2634 598 2739 669 χρὴ
2809 599 2870 652 οὐ
2933 601 3096 669 μόνον
3148 604 3536 674 ἡμαρτηκότας
3601 614 3738 681 πρὸς

456 692 678 738 tantum
731 683 825 750 qui
883 691 1252 751 peccaverunt
1290 684 1356 737 ad
1388 684 1792 755 eleemosynam
1842 693 1899 739 et
1941 699 2045 740 caa-

2151 682 2310 738 ελεον
2367 687 2460 742 καὶ
2519 690 2588 744 τά
2639 690 2807 746 λοιπά
2846 692 3154 767 διεγείρειν,
3191 698 3326 752 ἀλλά
3360 701 3455 753 καὶ
3511 702 3605 756 τὸν
3660 705 3735 776 μὴ

458 788 579 830 tera
634 789 802 843 opera
850 775 1246 830 misericordiae
1279 784 1333 830 et
1364 775 1586 845 pietatis
1648 776 1910 843 excitare,
1954 775 2045 832 sed

2153 776 2635 851 πλημμελήσαντα
2679 783 2933 854 ἀδελφὺν,
2967 786 3104 858 ὅπερ
3151 789 3299 842 ἐστὶν
3347 791 3611 847 ἀδύνατον
3658 775 3736 866 μή

460 869 632 924 etiam
670 868 896 922 fratrem
941 871 1032 939 qui
1067 884 1175 924 non
1236 868 1526 935 peccavit;
1565 867 1683 923 fieri
1738 871 1882 922 enim
1944 884 2045 923 non

2156 867 2485 940 ἀμαρτῆσαί
2517 875 2884 943 τινα.’ομως
2924 877 2974 930 εί
3021 877 3118 932 καὶ
3167 879 3391 946 δικαίως
3446 882 3574 952 βιῶν
3622 886 3738 940 ὲστί

456 968 644 1031 potest
697 969 755 1014 ut
806 960 933 1030 quis
989 976 1095 1015 non
1126 968 1335 1030 peccet.
1397 959 1653 1015 Attamen
1682 961 1828 1029 iuste
1870 960 2045 1017 vivere

2153 975 2261 1024 τις,
2315 962 2410 1015 καὶ
2464 963 2656 1018 τούτου
2720 967 2930 1029 δίκαιος
2983 969 3155 1038 ἔσται,
3206 974 3270 1025 ἐκ
3328 973 3423 1027 τοῦ
3477 976 3546 1029 τά
3596 976 3734 1048 ἔργα

455 1062 643 1123 potest
682 1054 869 1116 homo,
921 1067 1088 1121 opera
1136 1051 1364 1121 iustitiae
1407 1047 1692 1107 exercens.
1732 1053 1800 1107 Et
1834 1052 2045 1123 justitia

2158 1050 2261 1120 τῆς
2299 1051 2655 1127 δικαιοσύνης
2701 1061 2898 1114 ποιεῖν.
2952 1063 3276 1134 Δικαιοσύνη
3330 1064 3389 1118 δέ
3436 1047 3733 1138 ἀπονέμειν

459 1158 549 1200 est
579 1155 639 1199 ut
691 1145 800 1202 Deo
831 1156 882 1199 et
911 1144 1064 1199 fratri
1095 1144 1394 1199 secundum
1445 1145 1593 1211 quod
1644 1143 1912 1200 docemur
1957 1145 2053 1199 de.

462 1238 577 1293 bita
611 1246 933 1306 praestemus
980 1236 1156 1291 oﬁicia
1222 1246 1277 1292 et
1321 1236 1670 1291 charitatem.
1722 1236 1893 1291 Amor
1928 1251 2057 1302 erga

465 1331 641 1384 Demn
676 1331 791 1385 vult
822 1339 881 1386 ut
910 1333 1160 1386 vivamus
1190 1330 1527 1387 immaculati
1559 1339 1614 1385 et
1645 1330 2052 1401 irreprehensi-

467 1421 630 1483 biles.
670 1430 727 1477 et
793 1435 850 1477 ut
910 1424 1087 1493 ipsum
1141 1439 1453 1493 precemur,
1515 1434 1567 1478 et
1616 1423 1738 1493 ejus
1789 1438 2058 1480 canamus

467 1516 727 1583 gloriam,
766 1525 821 1569 et
867 1516 1261 1572 convcniamus
1292 1516 1357 1570 ad
1404 1516 1603 1585 templa
1636 1516 1811 1586 ipsius
1841 1526 2051 1573 saneta.

466 1608 546 1662 Ad
590 1608 703 1661 [nec
754 1609 920 1661 etiam
954 1607 1150 1663 afferre
1179 1608 1227 1663 ei
1261 1608 1523 1663 debemus
1567 1610 1711 1676 quod
1739 1611 2057 1676 accepimus

462 1698 535 1751 ah
562 1713 653 1762 eo,
704 1700 772 1752 ad
806 1702 924 1769 ejus
956 1699 1187 1770 gleriam
1228 1707 1281 1753 et
1312 1699 1579 1754 honorem
1612 1709 1666 1755 et
1694 1712 1937 1756 nostram
1969 1701 2045 1758 in-

2160 1699 2329 1787 τέμὴν
2379 1704 2476 1757 ttal
2502 1706 2781 1776 ἡμετέραν
2811 1709 3098 1778 κάθαρσιν,
3130 1710 3225 1762 καὶ
3258 1710 3354 1764 τοῦ
3387 1712 3527 1765 θείου
3572 1714 3732 1782 ἀγια-

464 1791 803 1854 nocentiam,
829 1800 884 1844 et
912 1800 969 1844 ut
992 1790 1304 1844 sanctitatis
1327 1797 1380 1846 et
1404 1792 1838 1848 consecrationis
1860 1792 2045 1848 divina

2163 1793 2303 1860 σμοῦ
2334 1797 2593 1868 μετοχήν.
2625 1799 2735 1852 Kal
2763 1800 2821 1853 ἐν
2851 1803 2965 1864 τοῖς
2989 1801 3238 1871 ἀδελφοῖς
3261 1802 3320 1855 δὲ
3359 1806 3420 1858 οὐ
3453 1806 3611 1876 μόνον
3639 1808 3728 1861 διὰ

2157 1141 2237 1211 τῷ
2281 1142 2404 1214 Θεῷ
2447 1146 2543 1199 καὶ
2596 1146 2674 1216 τῷ
2704 1148 2920 1220 ἀδελφῷ
2965 1152 3107 1206 καθά
3136 1153 3502 1226 διδασκόμεθα
3542 1160 3610 1213 τὰ
3637 1161 3735 1231 τῆς

2158 1234 2382 1306 δφειλῆς
2445 1240 2541 1292 καὶ
2594 1241 2840 1311 ἀγάπης.
2886 1243 3099 1315 Ἀγάπη
3132 1245 3189 1300 δὲ
3237 1249 3320 1312 εις
3371 1249 3504 1303 Θεὸν
3554 1253 3650 1306 καὶ
3675 1254 3735 1307 τὸ

2160 1327 2489 1400 καθαρεύειν
2522 1332 2622 1401 μὲν
2650 1335 2745 1387 καὶ
2777 1335 3177 1411 προσεύχεσθαι
3219 1340 3326 1394 καὶ
3349 1343 3608 1413 άνυμνεῖν
3634 1348 3735 1400 αὐ-

2158 1420 2252 1475 τὸν
2304 1423 2401 1475 καὶ
2457 1423 2782 1496 δοξολογεῖν,
2834 1432 2929 1483 καὶ
2989 1432 3349 1503 προστρέχειν
3404 1436 3567 1490 αὐτοῦ
3619 1440 3733 1503 τοῖς

2161 1515 2328 1580 θείοις
2359 1519 2527 1581 ναοῖς.
2557 1519 2703 1590 Πρὸς
2728 1519 2937 1584 τούτοις
2960 1522 3016 1574 δὲ
3049 1524 3143 1576 καὶ
3167 1527 3227 1578 τὸ
3256 1528 3551 1596 προσάγειν
3583 1529 3732 1599 αὐτῷ

2162 1607 2223 1672 ἐξ
2256 1601 2331 1662 ὧν
2379 1609 2738 1682 λαμϐάνομεν
2771 1613 2903 1683 παρ’
2930 1614 3117 1681 αὐτοῦ,
3143 1618 3224 1679 είς
3253 1617 3414 1685 δόξαν
3444 1620 3605 1674 αὐτοῦ
3638 1623 3733 1675 καὶ
3842 1648 3847 1655 ο

464 1885 743 1950 possimus
772 1883 1071 1953 participes
1097 1897 1245 1937 esse.
1275 1884 1460 1938 Amori
1487 1892 1670 1938 autem
1697 1899 1825 1954 erga
1855 1883 2045 1940 fratres

2156 1884 2256 1954 τῆς
2282 1886 2666 1958 ἀμνησικάκου
2699 1891 2925 1962 γνώμης
2966 1893 3062 1947 καὶ
3108 1894 3279 1964 καλῆς
3319 1894 3609 1962 διιθεσεως
3634 1900 3727 1954 καὶ
3821 1964 3832 1974 ἢ

461 1974 821 2028 includuntur
851 1989 960 2029 non
992 1974 1172 2029 solum
1206 1975 1408 2029 oblivio
1440 1975 1769 2045 injuriarum
1825 1992 1894 2032 ex
1935 1977 2055 2032 ani-

462 2078 578 2127 mo,
612 2066 753 2118 bona
785 2066 1136 2120 conversatio
1168 2074 1224 2120 et
1261 2067 1541 2121 vinculum
1578 2068 1748 2137 pacis,
1784 2077 1838 2124 et
1872 2072 2053 2128 unitas

461 2155 938 2225 conformitasqne
970 2171 1284 2233 sermonum
1313 2158 1674 2228 laudumque,
1725 2174 1850 2229 qua:
1880 2160 2053 2216 debe-

466 2262 591 2301 mus
620 2257 905 2317 praestare;
942 2250 1033 2303 sed
1063 2250 1176 2304 haec
1204 2251 1459 2319 operibus
1481 2261 1695 2320 oportet
1721 2252 2048 2309 ostendere:

454 2353 650 2403 eseam
688 2341 982 2396 tribuendo
1015 2341 1281 2396 esurienti
1322 2351 1378 2396 et
1411 2344 1617 2398 sitienti
1650 2353 1862 2414 potum,
1894 2360 2051 2414 pere-

461 2436 960 2504 grinohospitium,
994 2436 1138 2489 nudo
1161 2436 1567 2503 vestimentum,
1586 2446 1639 2491 et
1667 2436 1884 2492 infirmo
1918 2452 2050 2492 con-

463 2527 817 2591 solationem,
844 2536 899 2581 et
928 2529 982 2582 in
1014 2542 1238 2582 carcere
1269 2527 1506 2581 detentis
1538 2543 1728 2582 curam
1759 2536 1813 2583 et
1846 2530 2050 2584 sollici~

471 2623 741 2682 tudinem,
786 2628 845 2673 ut
873 2619 1064 2674 docuit
1101 2617 1387 2686 Salvator;
1418 2622 1512 2690 qui
1544 2620 1632 2673 illa
1669 2635 1835 2689 opera
1885 2635 2046 2676 exer-

465 2723 655 2768 centes
683 2713 1003 2768 benedictos
1053 2722 1233 2779 vocat,
1286 2714 1367 2769 eis
1421 2715 1475 2766 in
1505 2713 1614 2766 line
1641 2711 2049 2782 gratiﬁeaturus

466 2820 692 2873 regnum
717 2809 1010 2862 cmlorum.
1047 2805 1279 2860 Maxime
1307 2820 1437 2877 ergo
1463 2807 1833 2860 necessarium
1855 2814 1958 2869 est,
1990 2815 2049 2860 ut

463 2901 674 2955 dictum
718 2912 823 2966 est,
859 2901 1059 2957 fratres
1114 2900 1313 2955 docere
1348 2911 1403 2954 et
1441 2901 1720 2955 exhortari
1773 2909 1833 2954 ut
1877 2915 2044 2970 opera

464 2993 729 3049 bonitatis
754 3002 1048 3049 exerceant
1070 3033 1084 3059 ,
1114 2995 1494 3064 eleemosynas
1523 3003 1579 3047 et
1612 2990 1883 3047 sacrificia
1913 2992 2036 3047 offe-

2155 1977 2366 2048 τρόπου
2398 1980 2706 2051 εἰρηνικοῦ,
2738 1983 2835 2035 καὶ
2869 1985 3159 2053 συνεργίας
3189 1989 3289 2056 τῆς
3323 1987 3411 2041 διά
3438 1990 3602 2056 λόγων
3629 1992 3725 2044 καὶ

2155 2068 2395 2124 ἐπαίνων
2444 2075 2541 2127 καὶ
2589 2075 2903 2144 ἐγκωμίων,
2936 2075 3233 2146 ἀπονέμειν
3267 2079 3327 2132 τὸ
3356 2081 3722 2152 ὀφειλόμενον,

2153 2161 2293 2216 ἀλλά
2324 2164 2420 2216 καὶ
2452 2164 2521 2217 δι’
2543 2165 2722 2238 ἔργων
2774 2167 2931 2221 τοῦτο
2981 2168 3273 2239 δεικνύναι,
3313 2175 3369 2227 ἐν
3398 2175 3474 2244 τῷ
3498 2175 3721 2246 τρέφειν

2153 2254 2446 2321 πεινῶντα,
2479 2257 2573 2309 καὶ
2600 2257 2840 2322 ποτίζειν
2868 2259 3123 2328 διψῶντα,
3152 2263 3244 2315 καὶ
3277 2261 3423 2328 ξένον
3448 2269 3718 2335 συνάγειν,

2152 2347 2247 2401 καὶ
2278 2349 2487 2415 γυμνὸν
2518 2351 2889 2421 περιϐάλλειν,
2918 2354 3010 2406 καὶ
3038 2355 3238 2426 ἀσθενῆ
3272 2359 3717 2427 ἐπισκέπτεσθαι,

2152 2440 2249 2493 καὶ
2287 2440 2395 2494 τῶν
2434 2441 2494 2494 ἐν
2525 2443 2740 2514 φυλακῇ
2775 2445 3143 2513 προνοεῖσθαι,
3176 2446 3252 2510 ὡς
3281 2449 3513 2515 ἐδίδαξεν
3552 2454 3578 2505 δ
3609 2453 3718 2505 Σω-

2150 2531 2273 2601 τὴρ,
2309 2524 2391 2584 δι”
2409 2525 2484 2586 ὧν
2510 2536 2605 2586 καὶ
2639 2534 3040 2602 εὐλογημένους
3071 2536 3230 2590 καλεῖ
3254 2541 3374 2600 τοὺς
3398 2541 3466 2592 τά
3491 2542 3715 2597 τοιαῦτα

2149 2621 2415 2691 δρῶντας,
2442 2625 2536 2677 καὶ
2564 2623 2663 2696 τὴν
2693 2623 2978 2696 βασιλείαν
2998 2604 3181 2691 αὐτοῖς
3204 2631 3505 2701 χαρίζεται.
3529 2633 3721 2703 ’Δναγ-

2149 2714 2439 2767 καιότατον
2496 2712 2611 2781 οὖν,
2645 2717 2721 2779 ὡς
2771 2714 3110 2789 εἴρηται,’τὸ
3161 2723 3515 2792 ἀγαθοεργεῖν
3568 2726 3718 2778 ἐκδι-

2147 2805 2390 2873 δάσκειν,
2420 2812 2514 2862 καὶ
2548 2809 2925 2880 ἐλεημοσύνας
2958 2815 3049 2866 καὶ
3080 2813 3268 2879 θυσίας
3297 2816 3444 2887 ίεράς
3478 2817 3716 2875 ἐκτελεῖν

2147 2898 2275 2962 τοὺς
2301 2899 2587 2967 ἀδελφούς.
2637 2903 2748 2955 Καὶ
2778 2906 2893 2967 τοῖς
2930 2905 3240 2977 ἐγκλήμασι
3282 2908 3381 2978 μὲν
3424 2908 3716 2980 ὑποκειμέ-

2148 3009 2260 3055 νοις
2288 2992 2363 3057 ῶς
2399 2997 2603 3048 κανόνα
2646 2997 2809 3051 τοῦτο
2836 2998 3040 3052 διδόναι
3071 2998 3199 3071 χρὴ,
3232 3002 3360 3063 τοὺς
3399 3000 3613 3065 λοιποὺς
3658 3001 3714 3065 δὲ

464 3099 611 3142 rant.
646 3088 740 3142 His
770 3086 969 3141 deinde
1000 3085 1095 3156 qui
1126 3086 1572 3140 contentionibus
1615 3085 1878 3153 implicati
1915 3093 2045 3140 sunt

2150 3083 2309 3136 τοῦτο
2345 3087 2641 3156 παραινεῖν
2671 3088 2849 3140 ποιεῖν
2901 3089 2992 3141 καὶ
3025 3088 3101 3157 μὴ
3124 3088 3473 3159 ἐνεχομένους
3518 3088 3714 3159 ἐγκλη-

463 3180 581 3237 htec
606 3183 681 3236 sit
715 3180 910 3250 agendi
947 3192 1179 3244 norma;
1210 3187 1270 3232 ut
1298 3178 1498 3247 reliqui
1533 3179 1604 3231 ita
1634 3179 2045 3233 eshortari-sa-

465 3280 675 3340 tagant,
707 3286 773 3324 ne
795 3269 1178 3323 contentiones
1206 3269 1402 3321 iterum
1431 3266 1583 3331 tiant,
1620 3275 1841 3335 propter
1866 3266 2043 3322 ofﬁcia

462 3378 586 3432 qua:
622 3364 732 3418 Deo
763 3362 1033 3416 debentur
1058 3368 1112 3413 et
1154 3376 1221 3415 ne
1247 3359 1371 3429 quis
1404 3361 1457 3413 in
1489 3371 1769 3428 peccatum
1802 3358 2041 3413 labatur.

466 3450 572 3507 Sed
595 3461 650 3507 et
682 3469 780 3522 pro
815 3450 1138 3522 parentibus
1169 3458 1224 3503 et
1261 3449 1690 3519 consanguineis
1720 3458 1775 3505 et
1829 3450 2042 3521 caeteris

458 3545 568 3615 piis
601 3554 816 3616 oportet
867 3557 1061 3599 orunes
1095 3541 1301 3598 offerre
1333 3543 1604 3598 sacrificia
1645 3543 1773 3606 Deo,
1806 3545 1952 3598 sicut
1987 3550 2046 3597 et

463 3633 516 3687 in
550 3635 812 3690 honorem
838 3640 893 3688 et
914 3631 1237 3686 memoriam
1264 3638 1602 3696 sanctorum,
1632 3646 1773 3702 quos
1797 3631 2042 3686 invenire

459 3729 736 3794 possimus
774 3724 1104 3779 mediatores
1137 3722 1335 3778 salutis
1363 3733 1584 3788 nostrae,
1603 3732 1657 3776 et
1684 3720 1883 3777 deinde
1911 3735 2039 3777 cum

460 3820 593 3890 ipsis
626 3816 1036 3874 communicare
1056 3816 1284 3886 gloriam
1318 3814 1545 3869 Christi.
1583 3815 1921 3871 Pmnitentes
1953 3815 2039 3868 in.

459 3928 622 3984 super
653 3912 744 3981 qui
777 3910 1051 3966 accedunt
1083 3922 1305 3963 monere
1333 3915 1548 3976 oportet
1577 3916 1634 3960 ut
1683 3907 1788 3962 ista
1834 3905 2040 3963 faciant

461 4020 589 4059 vero
621 4018 808 4058 amore
834 4001 951 4056 Dei.
986 3997 1140 4067 Quod
1175 4006 1437 4069 praeterea
1461 3992 1528 4052 ad
1558 3997 1748 4053 Patres
1774 3998 2036 4069 spiritua-

462 4096 541 4151 les
561 4098 779 4161 attinet,
799 4096 918 4149 haec
937 4094 1121 4148 omnia
1145 4106 1251 4146 non
1272 4098 1494 4162 propter
1513 4094 1783 4161 quastut‘n
1807 4088 2032 4160 faciant,
2056 4116 2061 4119 -

459 4204 582 4257 qua:
616 4188 711 4242 Dei
757 4194 889 4242 sunt
923 4184 1378 4254 intercipientes,
1427 4183 1484 4237 in
1531 4197 1687 4237 suam
1739 4181 2036 4253 pessimam

381 4344 387 4351 ι
463 4284 699 4347 ruinam,
733 4288 786 4334 et
820 4278 889 4334 de
932 4277 1136 4348 quibus
1168 4275 1311 4330 ratio
1374 4275 1482 4329 erit
1539 4274 1839 4330 reddenda!
1892 4272 2037 4329 Olfe-

463 4386 642 4429 n-ntes
672 4380 854 4428 autem
884 4371 1024 4427 idem
1072 4369 1280 4424 faciunt
1311 4382 1373 4424 ac
1405 4367 1479 4422 illi
1530 4368 1624 4437 qui
1671 4365 2036 4438 projieiebant

459 4467 602 4521 bona
629 4481 750 4535 qua:
796 4464 1069 4520 habebant
1106 4472 1233 4518 ante
1260 4463 1424 4531 pedes
1448 4462 1869 4531 apostolorum}
1906 4473 2032 4512 cum
2063 4449 2115 4509 Ι)

461 4574 671 4630 partem
710 4575 778 4614 ex
806 4561 885 4613 eis
916 4559 1149 4611 retinent
1175 4557 1465 4610 imitantur
1490 4556 1759 4609 Ananiam
1784 4568 1909 4607 eum
1936 4551 2036 4607 Sa-

406 4692 411 4695 ι
459 4656 615 4725 phira
650 4661 705 4707 et
736 4652 888 4722 pejus
919 4657 1107 4719 agunt.
1143 4649 1235 4701 Ille
1275 4647 1494 4716 quidem
1525 4661 1590 4701 ex
1621 4647 1856 4718 propriis
1905 4644 2037 4701 sub-

459 4749 705 4812 trahens,
733 4755 905 4801 totum
935 4743 1048 4813 agri
1082 4740 1320 4812 pretium
1345 4738 1594 4793 attulisse
1625 4752 1685 4792 se
1708 4738 2037 4807 praedicabat

461 4849 514 4894 et
544 4851 671 4894 ante
707 4840 871 4908 pedes
918 4835 1093 4891 sancti
1150 4831 1296 4888 Petri
1348 4831 1650 4900 exspiravit
1699 4830 1865 4884 simul
1910 4843 2035 4884 cum

460 4946 632 4987 uxore
666 4968 681 4993 ,
743 4927 1020 4996 sacrilegii
1101 4922 1398 4980 manifeste
1448 4936 1579 4976 reus
1630 4922 1834 4974 factus.
1908 4918 2038 4973 Tale

451 5022 722 5089 judicium
775 5021 884 5076 sibi
946 5026 1162 5088 parant,
1223 5024 1284 5070 ut
1319 5025 1373 5070 et
1422 5023 1580 5068 antea
1642 5012 1779 5076 dixi,
1820 5010 2035 5081 opinor,

466 5121 561 5187 qui
605 5118 938 5172 subtrahunt
963 5128 1026 5167 ea
1051 5126 1174 5182 quae
1204 5109 1301 5165 Dei
1337 5117 1468 5164 sunt
1496 5115 1555 5161 ut
1582 5106 1781 5162 exinde
1811 5105 2033 5161 thesau-
2060 5124 2067 5141 ι

460 5217 654 5264 ment.
688 5207 793 5261 Sed
822 5222 933 5261 non
961 5204 1391 5274 dedignandum,
1416 5213 1593 5268 neque
1628 5197 2027 5268 denegandum,
2062 5222 2069 5225 λ

460 5301 778 5370 operarium
829 5295 1131 5366 quemlibet
1178 5293 1246 5348 ad
1294 5305 1452 5346 suam
1507 5290 1676 5345 solam
1741 5289 2030 5344 utilitatem

461 5395 700 5445 fructum
733 5388 1033 5458 percipere.
1064 5386 1157 5441 Sic
1187 5385 1334 5441 enim
1367 5385 1528 5439 docet
1582 5382 1813 5449 Paulus,
1869 5383 2031 5440 nobis

458 5498 677 5552 gregem
699 5494 1009 5550 proponens
1033 5478 1337 5534 laborantis
1354 5478 1534 5533 coloni
1568 5486 1622 5533 et
1651 5479 1891 5548 pastoris
1919 5477 2034 5531 fru-

457 5585 607 5630 ctum
648 5572 942 5638 facientis;
997 5571 1249 5641 quamvis
1295 5571 1412 5642 ipse
1449 5571 1801 5642 Evangelium
1860 5567 2032 5640 gratis

456 5671 762 5738 praedicans
793 5675 848 5723 et
879 5666 1186 5722 mercedem
1218 5680 1249 5721 e
1280 5667 1419 5722 coelo
1450 5679 1677 5735 sperans
1708 5677 1818 5718 non
1853 5672 2034 5716 utere-

460 5769 548 5855 tur
567 5763 667 5817 hac
687 5760 962 5817 facultate.
987 5756 1121 5814 Nam
1146 5757 1348 5817 idcirco
1373 5757 1721 5815 laborabatet
1743 5767 1907 5825 opere
1929 5767 2031 5807 suo

2153 3193 2309 3246 μασι,
2338 3178 2430 3246 διά
2456 3195 2515 3232 τε
2546 3181 2647 3250 τὴν
2678 3179 2815 3247 πρὸς
2846 3179 2980 3235 Θεὸν
3009 3179 3252 3251 ὀφειλὴν,
3290 3181 3382 3234 καὶ
3423 3178 3484 3232 τὸ
3518 3181 3592 3252 μὴ
3625 3180 3715 3234 ἀν·
3748 3226 3751 3229 ,

2149 3270 2466 3341 αμάρτητόν
2498 3287 2620 3325 τινα
2643 3264 2807 3328 εἶναι.
2842 3274 2952 3328 Καὶ
2981 3273 3120 3343 ὑπὲρ
3153 3274 3355 3343 γονέων
3385 3273 3437 3327 δὲ
3464 3275 3556 3327 καὶ
3584 3290 3714 3342 συγ-

2146 3361 2320 3427 γενῶν
2351 3360 2448 3414 καὶ
2476 3360 2684 3415 λοιπῶν
2722 3361 2902 3416 ἄλλων
2927 3363 3169 3418 εὐσεϐῶν
3207 3363 3441 3432 ὀφείλειν
3480 3364 3712 3435 προσφέ-

2149 3466 2264 3520 ρειν
2285 3450 2402 3521 Θεῷ
2427 3452 2659 3517 πάντας,
2680 3452 2776 3506 καὶ
2797 3454 2938 3525 ὑπὲρ
2964 3454 3129 3525 τιμῆς
3157 3455 3249 3508 καὶ
3275 3455 3493 3526 μνήμης
3515 3455 3709 3522 ἀγίων,

2144 3541 2223 3607 ὡς
2270 3542 2339 3597 ἄν
2371 3549 2603 3614 μεσίτας
2644 3547 2826 3600 ἐκεῖσε
2874 3545 3132 3619 εὕροιμεν
3183 3549 3278 3603 καὶ
3321 3547 3711 3629 συγκοινωνοῑις

2143 3636 2244 3705 τῆς
2272 3636 2433 3709 δόξης
2461 3638 2726 3710 Χριστοῦ.
2758 3640 2869 3694 Καὶ
2918 3638 3089 3693 ταῦτα
3134 3641 3237 3710 μὲν
3279 3638 3544 3695 διδάσκειν
3582 3639 3708 3703 τοὺς

2145 3729 2474 3800 προσιόντας
2502 3731 2768 3802 θεοφιλῶς
2795 3733 3040 3804 ἐνεργεῖν
3059 3749 3074 3765 θ
3105 3733 3168 3787 οὐ
3202 3733 3309 3805 μὴν
3334 3733 3388 3788 δὲ
3413 3735 3536 3796 τοὺς
3553 3751 3708 3787 πνευ-

2147 3823 2412 3889 ματικοὺς
2440 3824 2692 3892 Πατέρας
2739 3824 2832 3878 ἐπὶ
2865 3826 3049 3895 κέρδει
3087 3842 3247 3906 τοι)το
3278 3827 3468 3890 ποιεῖν,
3500 3824 3565 3879 τά
3611 3824 3706 3879 τοῦ

2142 3912 2281 3970 Θεοῦ
2312 3916 2736 3987 νοσφιζομένους
2756 3932 2774 3952 ο
2804 3919 2978 3991 ζημία
3013 3919 3120 3989 γὰρ
3151 3921 3336 3985 αὐτοῖς
3374 3921 3406 3991 ἡ
3455 3920 3703 3990 μεγίστη.

2140 4006 2240 4064 καὶ
2295 4007 2456 4077 λόγον
2500 4007 2997 4080 άπαιτηθήσονται.
3054 4009 3164 4064 Kal
3216 4012 3267 4064 οί
3320 4010 3420 4081 μὲν
3476 4010 3706 4073 διδόντες

2140 4098 2322 4152 ἐκεῖνο
2379 4099 2595 4154 ποιοῦσι
2645 4100 2708 4152 τὸ
2751 4101 2863 4157 τῶν
2923 4097 3226 4175 ριπτόντων
3288 4103 3357 4157 τὰ
3395 4102 3702 4173 ὑπάρχοντα
3810 4114 3815 4118 ·

2141 4189 2297 4259 παρά
2325 4193 2453 4256 τοὺς
2495 4191 2664 4255 πόδας
2691 4191 2801 4246 τῶν
2829 4193 3160 4246 ἀποστόλων
3181 4205 3198 4222 ο
3234 4194 3284 4246 oi
3327 4192 3383 4246 δέ
3424 4211 3487 4263 γε
3538 4209 3706 4262 napa-

2140 4280 2492 4351 κρατοῦντες,
2524 4284 2662 4355 ὅπερ
2694 4284 2793 4338 σὺν
2817 4287 2884 4356 τῇ
2917 4286 3206 4357 Σαπφείρᾳ
3246 4289 3275 4339 ὁ
3306 4286 3574 4349 Ἀνανίας,
3611 4287 3706 4337 καὶ

2143 4366 2359 4445 χεῖρον
2420 4377 2548 4429 ἐπεὶ
2571 4377 2778 4441 ἐκεῖνος
2811 4380 2875 4431 ἐκ
2906 4379 3014 4449 τῶν
3056 4377 3204 4432 ίδίων
3236 4378 3574 4447 ἐνοσφίσατο.
3601 4372 3703 4430 0i;-

2138 4482 2232 4530 τος
2273 4470 2382 4539 γὰρ
2412 4470 2440 4523 ό
2460 4468 2714 4533 ’Δνανίας
2752 4469 3222 4539 ἐπαγγειλάμενος
3256 4469 3401 4524 ἅπαν
3431 4468 3611 4523 δοῦναι
3642 4469 3703 4521 τὸ

2137 4560 2234 4614 τοῦ
2259 4562 2541 4633 κτήματος
2569 4563 2812 4634 τίμημα,
2844 4564 2938 4617 καὶ
2981 4564 3374 4634 νοσφισάμενος
3416 4562 3474 4630 ἐξ
3511 4560 3697 4625 αὐτοῦ,

2138 4655 2292 4725 παρὰ
2321 4655 2449 4717 τοὺς
2480 4656 2647 4719 πόδας
2675 4655 2769 4710 τοῦ
2802 4657 2949 4710 θείου
2980 4657 3211 4728 τέθνηκε
3242 4657 3451 4727 Πέτρου
3487 4655 3699 4724 σύναμα

2137 4747 2204 4817 τῇ
2267 4730 2508 4814 γυναικὶ,
2577 4749 2855 4818 ἱερόσυλος
2914 4747 3227 4817 ἐκφανθεὶς,
3292 4744 3353 4803 οἶδ
3416 4747 3476 4801 τὸ
3537 4747 3704 4799 κατά-

2139 4852 2313 4909 κριμα
2374 4834 2556 4909 οἶμαι,
2627 4840 2704 4902 ὡς
2759 4844 2854 4892 καὶ
2925 4842 3193 4909 προέφην,
3264 4838 3560 4907 λαμϐάνειν
3624 4838 3702 4900 είς

2120 4931 2397 4997 ιὲαυτοὺς,
2434 4933 2563 4994 τοὺς
2613 4931 3108 5002 παρακρατοῦντας
3150 4933 3218 4986 τὰ
3274 4931 3365 4985 τοῦ
3411 4928 3545 4984 Θεοῦ
3607 4931 3701 4981 καὶ

2135 5018 2293 5090 361
2329 5020 2391 5085 ἐξ
2421 5020 2603 5076 αὐτῶν
2649 5022 3099 5093 θησαυρίζοντας.
3138 5023 3251 5092 Τὴν
3298 5023 3485 5092 χρείαν
3531 5021 3586 5074 δέ
3635 5036 3699 5086 γε

2139 5112 2311 5183 μόνην
2336 5112 2641 5184 λαμϐάνειν
2668 5113 2746 5176 ὡς
2774 5114 3053 5167 κοπιῶντά
3077 5126 3217 5181 τινα,
3249 5116 3349 5168 οὐκ
3376 5113 3696 5182 ἀπόϐλητον.

2135 5201 2246 5254 Kal
2276 5200 2491 5264 Παῦλος
2517 5203 2678 5256 τοῦτό
2709 5218 2899 5272 φησιν,
2940 5202 3048 5255 ἀπὸ
3071 5201 3165 5254 τοῦ
3195 5200 3491 5262 κοπιῶντας
3529 5215 3701 5267 γεωρ-

2134 5292 2233 5361 γοῦ
2264 5294 2362 5348 καὶ
2389 5293 2488 5347 τοῦ
2545 5294 2928 5364 ποιμαίνοντος
2962 5294 3202 5364 ποίμνην
3236 5292 3513 5364 παριστῶν
3548 5292 3697 5360 ἡμῖν,

2135 5388 2189 5440 εἰ
2242 5389 2336 5441 καὶ
2382 5386 2546 5451 αὐτὸς
2602 5388 2879 5443 ἀδάπανον
2923 5387 3074 5456 ἐτίθη
3114 5386 3174 5440 τὸ
3224 5383 3573 5454 Εὐαγγέλιον,
3606 5382 3700 5436 καὶ

2133 5476 2260 5539 τοὺς
2316 5477 2543 5547 μισθοὺς
2600 5477 2841 5542 ἐλπίζων
2897 5477 2958 5544 ἐξ
3006 5472 3243 5546 οὐρανοῦ
3290 5475 3390 5527 οὐκ
3432 5471 3698 5543 ἐχρήσατο

2134 5566 2309 5639 ταύτῃ
2345 5571 2414 5638 τῇ
2466 5568 2709 5640 ἐξουσίᾳ.
2751 5570 2842 5622 Διὸ
2877 5569 2973 5621 xal
3023 5566 3231 5621 κοπιῶν
3259 5561 3329 5638 ἦν
3357 5565 3448 5617 καὶ
3475 5562 3699 5632 ἐργαζό-

2137 5673 2299 5728 μενος
2320 5660 2439 5724 ταῖς
2460 5661 2639 5732 χερσί.
2677 5680 2695 5712 ι
2732 5662 2842 5714 Kal
2871 5662 2990 5724 ταῖς
3023 5659 3237 5731 χρείαις
3272 5673 3399 5728 μου,
3428 5655 3580 5724 φησὶ,
3605 5651 3699 5705 καὶ

2135 5752 2247 5815 τοῖς
2282 5746 2402 5806 οὖσι
2441 5752 2560 5823 μετ’
2591 5752 2751 5825 ἐμοῦ,
2775 5752 3135 5824 ὑπηρᾱησαν
3165 5752 3221 5805 αἱ
3257 5750 3434 5820 χεῖρες
3456 5737 3636 5799 αὗται.
3671 5759 3691 5793 ι
