4118 6446
436 332 547 404 929

1144 330 1543 411 RESPONSA'
1571 354 1671 413 AD
1694 353 2139 422 GABRIELEM
2180 363 2895 428 PENTAPOIJTANUM.

3590 360 3699 424 930

433 454 528 552 θιὺ
564 456 590 505 ό
616 454 723 552 τῶν
764 454 952 525 ψυχῶν
982 459 1272 532 οίκονόμος
1314 466 1521 535 ὀφείλει
1555 472 1741 539 σχεδὸν
1785 475 1998 547 μηδενδέ

2122 480 2328 536 victum
2365 483 2669 552 quaerebat,
2704 494 2762 538 ut
2793 491 3029 539 testatur
3066 498 3078 535 :
3117 502 3133 534 ι
3173 482 3255 537 Ad
3286 498 3347 536 ea
3398 498 3517 549 quae
3568 483 3696 534 mihi

431 545 703 600 ἅπτεσθαι
734 548 844 641 τῶν
900 557 1391 637 προσφερομένων,
1425 563 1473 613 εί
1512 564 1758 630 δυνατὸν,
1794 545 1881 621 ἵνα
1930 570 2005 641 μὴ

340 692 351 697 ρ
432 640 683 710 ἀνάγκην
716 640 812 713 ἔχῃ
843 643 1093 715 ἀνασπᾷν
1144 648 1431 720 ἀλλοτρίας
1467 654 1738 722 ἀκάνθαςο
1773 662 1821 713 εἰ
1856 662 1912 715 δέ
1942 640 2005 731 γε

430 734 594 803 χρεία
616 736 825 804 τροφῆς
853 735 885 807 ἦ
922 738 1243 806 ἐνδύματος,
1280 744 1353 814 μὴ
1380 746 1439 797 τὸ
1472 752 1749 816 περιττὸν,
1786 754 1922 807 ἀλλά
1947 757 2008 810 τὸ

429 827 568 897 πρὸς
608 830 800 897 χρείαν
854 831 1019 897 μόνον
1078 835 1323 900 ποιείτω,
1365 840 1459 890 καὶ
1500 841 1595 903 τὰς
1629 843 1793 912 εὐχὰς
1818 847 2002 901 ἀποδιο

427 919 588 983 δότω,
645 920 738 973 καὶ
786 920 888 983 τάς
936 921 1131 987 θυσίας
1159 927 1453 982 ἐκτελείτω
1499 932 1640 1001 ὑπὲρ
1673 936 1767 987 τοῦ
1803 955 2004 1008 προσεο

426 1010 721 1078 νέγκαντος
735 1014 811 1082 τῷ
834 1014 974 1085 Θεῷ,
1005 1035 1069 1084 με
1080 1036 1182 1089 μνη
1196 1024 1353 1087 μένος
1372 1025 1468 1078 καὶ
1491 1027 1597 1078 τῶν
1620 1031 1889 1099 πενήτων,
1910 1034 2005 1088 καὶ

426 1104 509 1156 ὅτι
552 1106 652 1158 οὐκ
704 1107 867 1170 αὐτὸς
899 1110 1085 1178 μόνον,
1113 1112 1250 1168 ἀλλά
1309 1121 1405 1168 καὶ
1444 1118 1623 1190 ἕτεροι
1676 1123 1779 1191 τῆς
1816 1126 2004 1195 χρείας

425 1194 679 1287 ἀνάγκην
708 1196 948 1266 ἔχουσιν.
978 1201 1039 1253 El
1065 1201 1122 1254 δὲ
1154 1203 1250 1257 καὶ
1281 1206 1502 1276 ἰδιώτης
1539 1212 1567 1263 ό
1607 1212 1674 1265 τὰ
1699 1215 1805 1267 τῶν
1840 1234 2005 1287 μετα-

426 1285 695 1341 νοούντων
740 1288 1052 1359 δεχόμενος,
1099 1292 1486 1363 ἀσφαλιζὲσθω
1522 1300 1683 1355 πλέον
1710 1319 1724 1335 ο
1777 1285 1860 1357 ὅτι
1914 1309 2002 1362 διὰ

424 1376 524 1443 τῆς
581 1378 883 1447 ἱερωσύνης
934 1380 1002 1434 τὰ
1055 1385 1154 1453 τῆς
1204 1387 1485 1455 σωτηρίας
1525 1393 1636 1454 τοῖς
1692 1394 2003 1466 ἀνθρώποις

425 1468 769 1537 ἐνεργεῖται,
803 1473 897 1525 καὶ
928 1472 1015 1527 διὰ
1054 1475 1158 1545 τῆς
1213 1478 1363 1549 ἱερᾶς
1392 1481 1449 1535 δὲ
1492 1482 1684 1548 θυσίας
1718 1488 1810 1540 καὶ
1844 1486 2002 1558 εὐχε-

424 1558 581 1613 λαίου
622 1563 718 1615 καὶ
746 1564 856 1616 τῶν
887 1565 1090 1620 λοιπῶν
1115 1570 1353 1626 τελετῶν
1388 1575 1421 1642 ή
1456 1575 1650 1643 ἄφεσίς
1679 1596 1738 1631 τε
1771 1579 1864 1635 καὶ
1898 1581 2002 1634 κά-

426 1650 625 1722 θαρσις
655 1654 881 1720 δίδοται,
914 1659 1007 1712 καὶ
1056 1661 1090 1731 ἡ
1123 1662 1411 1729 μετάδοσις
1448 1666 1543 1719 τοῦ
1573 1669 1872 1740 ἀγιασμοῦ,
1907 1674 2003 1727 καὶ

426 1746 633 1814 μᾶλλον
654 1748 754 1815 τῆς
784 1750 970 1819 χρείας
995 1749 1181 1821 ἔχουσι
1213 1758 1500 1822 κοινωνίας
1529 1762 1562 1830 ή
1594 1763 1734 1829 μετά
1757 1765 1998 1835 Χριστοῦ

421 1836 638 1901 ἓνωσις.
674 1838 767 1892 Διὸ
806 1842 856 1895 εί
883 1840 1047 1903 πάθει
1084 1860 1170 1907 τις
1196 1846 1405 1916 οἰκείῳ,
1436 1848 1469 1918 ἢ
1504 1850 1578 1915 ὡς
1606 1851 2001 1926 διαφθονούμε-

423 1946 512 1989 νος
550 1930 771 2001 ίερεῐ,ἢ
808 1931 885 1994 ὡς
935 1937 1407 2003 παρακερδαίνειν
1452 1940 1616 2005 αὐτὸς
1653 1944 2003 2016 βουλόμενος,

422 2020 624 2073 κωλύει
678 2021 778 2090 μὲν
834 2023 1039 2093 ἱερεῦσι
1086 2025 1370 2098 διδόναι,ἢ
1411 2030 1508 2101 τὴν
1545 2036 1777 2107 φρικτὴν
1814 2038 2007 2095 θυσίαν

418 2110 453 2181 ἢ
490 2112 557 2165 τὰ
587 2112 682 2166 τοῦ
703 2113 983 2184 εύχελαίου
1007 2118 1260 2185 γενέσθαι
1291 2121 1431 2190 ὑπέρ
1466 2142 1634 2193 τινος,
1672 2130 2007 2199 προφασίζε-

418 2220 511 2255 ται
544 2204 600 2256 δὲ
643 2206 742 2273 τὴν
804 2207 1197 2279 ἐλεημοσύνην,
1233 2214 1330 2266 καὶ
1375 2214 1536 2269 τοῦτο
1586 2223 1840 2287 κρεῖσσον
1866 2218 2006 2279 εἶναι

420 2296 642 2352 πάντων
663 2298 815 2365 φησὶ,
838 2302 931 2353 καὶ
950 2302 1244 2373 ἀποστερεῖ
1264 2323 1386 2361 τινα
1406 2308 1518 2363 τῶν
1542 2312 1749 2365 πιστῶν
1774 2315 1872 2385 τῆς
1898 2317 2005 2369 ἀπὸ

418 2388 513 2443 τοῦ
541 2390 697 2457 ἀγίου
722 2392 905 2446 ελαίου
931 2394 1025 2448 καὶ
1065 2397 1174 2450 τῶν
1199 2399 1377 2470 εὐχῶν
1408 2402 1752 2473 καθάρσεως,
1788 2410 1881 2460 καὶ
1907 2409 2001 2461 τοῦ

418 2479 563 2535 θιίου
591 2482 699 2535 ἀπὸ
715 2485 812 2553 τῆς
834 2488 1167 2560 κοινωνίαςῆ
1190 2493 1501 2561 ἱερουργίας
1522 2499 1817 2569 ἀγιασμοῦ,
1839 2501 2003 2563 αὐτὸς

416 2575 510 2627 τὶν
527 2577 654 2646 περὶ
670 2577 863 2631 τούτου
881 2580 1039 2649 λόγον
1056 2584 1255 2652 μᾶλλον
1274 2587 1887 2663 ἀπαιτηθήσεται.[1λῆν
1906 2595 2003 2647 καὶ⁴

416 2666 649 2721 ἕκαστον
678 2671 786 2724 τῶν
806 2672 1225 2743 ἁμαρτημάτων
1241 2680 1301 2731 τὸ
1321 2683 1521 2735 οἰκεῖον
1544 2683 1654 2749 ἕξει
1677 2686 1771 2737 καὶ
1805 2686 2001 2741 ἀνάλο-

415 2779 512 2831 γον
540 2765 843 2835 ἐπιτίμιον,
901 2770 998 2822 καὶ
1031 2771 1089 2823 ού
1125 2773 1305 2826 πάντα
1354 2774 1423 2827 δι’
1450 2776 1571 2839 ἑνὸς
1621 2777 1836 2831 ἔσονται
1870 2796 2001 2847 συγ-

417 2856 745 2926 χωρούμενα
768 2873 780 2886 ·
815 2859 930 2912 ἀλλ’
956 2862 1004 2913 εί
1030 2862 1129 2929 μὲν
1162 2864 1319 2932 φόνος
1343 2866 1429 2935 εἴη
1453 2867 1515 2919 τὸ
1545 2867 1821 2939 ἔγκλημα,
1859 2873 1998 2941 μετά

416 2948 509 2999 τὸν
541 2949 744 3001 κανόνα
774 2950 870 3019 τῆς
908 2952 1242 3021 Ἑκκλησίας
1284 2958 1378 3010 καὶ
1416 2960 1769 3028 αἰχμαλώτου
1798 2963 1995 3034 λύτρον

418 3037 561 3107 ὑπὲρ
595 3038 691 3091 τοῦ
753 3042 1142 3112 ἡμαρτηκότος
1197 3046 1291 3097 καὶ
1318 3047 1415 3100 τοῦ
1452 3049 1774 3117 τεθνηκότος
1802 3053 1851 3103 εἰ
1899 3070 1999 3105 πει

2110 587 2249 642 opus
2274 584 2457 640 erant,
2488 588 2541 629 et
2576 577 2662 629 his
2707 579 2799 643 qui
2835 591 3046 631 mecum
3095 586 3221 628 sunt
3251 576 3702 629 ministraveruut

2112 680 2305 720 manus
2335 668 2451 720 istae
2485 667 2551 721 ¹⁵.
2596 686 2612 719 ι
2647 667 2824 732 Quare
2861 666 3170 720 moderator
3210 667 3518 719 animarum
3566 666 3700 719 nihil

2108 770 2280 826 prope
2310 757 2377 811 ab
2408 758 2604 812 oblatis
2661 760 2949 812 desumere
3001 759 3181 823 debet,
3232 758 3277 811 Si
3330 758 3440 811 fieri
3476 766 3698 826 potest,

2108 846 2212 900 nisi
2249 848 2392 903 forte
2432 864 2654 903 necesse
2692 849 2894 903 habeat
2922 849 3116 903 alienis
3159 847 3569 902 difficultatibus
3600 847 3698 901 ob-

2108 940 2316 1004 venire,
2361 950 2455 994 aut
2503 956 2642 1009 npus
2676 942 2877 995 habeat
2908 943 2959 993 in
2986 942 3191 995 victum
3227 950 3280 994 et
3315 942 3367 994 in
3400 941 3696 994 vestimen-

2108 1037 2245 1093 tum,
2280 1047 2385 1084 non
2422 1032 2708 1100 Splendidc
2741 1032 2957 1100 quidem
2995 1032 3328 1101 impendere,
3354 1030 3448 1086 sed
3486 1039 3691 1084 tantum

2107 1129 2271 1190 prout
2304 1138 2527 1177 necesse
2556 1124 2737 1184 habet,
2765 1133 2821 1177 et
2854 1124 3051 1178 fundat
3086 1139 3299 1191 preces,
3335 1132 3386 1176 et
3423 1122 3689 1177 sacriﬁcia

2106 1212 2216 1268 Deo
2248 1215 2537 1283 adimpleat
2572 1231 2668 1283 pro
2697 1215 2976 1280 oll‘erente,
3008 1231 3306 1285 pauperum
3332 1215 3688 1277 recordatus;

2106 1322 2215 1362 non
2248 1307 2386 1360 enim
2426 1308 2543 1376 ipse
2570 1311 2744 1371 solus,
2780 1310 2872 1361 sed
2921 1310 3100 1363 adhuc
3155 1309 3332 1361 caeteri
3372 1307 3462 1376 jus
3492 1307 3694 1360 habent

2106 1398 2161 1453 in
2193 1398 2329 1453 tales
2358 1398 2591 1455 fructus.
2661 1400 2726 1453 Et
2756 1401 2799 1453 si
2837 1400 3085 1468 privatus
3113 1400 3317 1469 aliquis
3352 1415 3380 1452 a
3420 1398 3693 1467 paeniten-

2106 1487 2251 1544 tibus
2282 1489 2532 1558 recipiat,
2571 1499 2761 1545 caveat
2796 1491 2992 1558 magis,
3024 1491 3151 1559 quia
3190 1506 3287 1559 per
3323 1490 3690 1545 sacerdotium

2104 1581 2254 1635 salus
2286 1580 2603 1636 hominibus
2642 1582 2917 1650 provenit,
2954 1593 3006 1636 et
3042 1582 3170 1651 quia
3206 1597 3301 1649 per
3334 1582 3576 1635 divinum
3603 1595 3695 1634 sa-

2102 1668 2396 1733 criﬁcium,
2427 1686 2524 1739 per
2557 1687 2774 1727 sacrum
2803 1671 2981 1725 oleum
3015 1682 3067 1727 et
3092 1687 3186 1741 per
3216 1680 3443 1726 cmteras
3472 1680 3691 1725 sanctas

2102 1762 2462 1816 cteremonias
2492 1764 2648 1817 venia
2685 1763 3013 1818 conceditur
3044 1771 3099 1817 et
3134 1763 3449 1818 innocentia
3484 1769 3695 1817 restan-

2109 1862 2283 1916 ratur,
2306 1860 2360 1907 et
2384 1854 2730 1923 participatio
2754 1854 3210 1909 sanctificationis
3230 1853 3348 1919 Dei,
3376 1863 3430 1908 et
3452 1852 3695 1906 maxime

2107 1944 2240 1997 unio
2268 1959 2388 1997 cum
2418 1943 2637 1999 Christo
2667 1960 2767 2014 per
2794 1944 3001 2001 t‘rnctns
3028 1945 3462 2000 communionis.
3504 1942 3688 2009 Quare

2108 2032 2155 2088 si
2201 2034 2465 2090 acciderit
2500 2036 2660 2090 alicui
2709 2044 2767 2089 ut
2800 2038 2881 2089 vel
2909 2037 3110 2091 invidia
3144 2052 3269 2107 erga
3309 2036 3649 2091 sacerdotem
3676 2073 3694 2101 ,

2108 2123 2191 2177 vel
2217 2138 2311 2192 spe
2342 2125 2544 2194 proprii
2574 2125 2844 2180 commodi
2874 2135 2931 2179 et
2964 2125 3099 2179 lucri
3129 2163 3144 2188 ,
3200 2125 3495 2193 prohibeat
3542 2122 3697 2175 obla-

2109 2216 2292 2271 tiones
2346 2215 2461 2271 ﬁeri
2503 2217 2915 2282 sacerdotibus,
2979 2216 3063 2271 vel
3121 2215 3305 2271 offerri
3359 2213 3692 2269 sacriﬁcium

2110 2309 2477 2373 tremendum,
2507 2310 2590 2365 vel
2636 2310 2832 2364 confici
2868 2310 3050 2365 oleum
3085 2324 3301 2364 sacrum
3350 2323 3447 2375 pro
3484 2308 3695 2377 aliquo,

2109 2401 2510 2469 eleemosyuam
2537 2415 2666 2454 vero
2702 2400 3001 2468 przetendat
3029 2441 3043 2465 ,
3087 2400 3243 2468 quasi
3296 2400 3367 2453 sit
3416 2400 3530 2453 lucc
3577 2414 3697 2451 om-

2109 2493 2258 2546 nium
2294 2493 2564 2547 bonorum
2600 2492 2921 2557 maximum,
2964 2502 3017 2548 et
3058 2493 3130 2546 ita
3163 2492 3400 2560 aliquem
3454 2492 3690 2545 lldelium

2106 2592 2291 2639 arceat
2316 2599 2344 2635 a
2379 2584 2750 2653 comparanda
2789 2584 3103 2639 innocentia
3134 2600 3257 2654 qua:
3287 2600 3351 2637 ex
3388 2598 3546 2637 sacro
3569 2584 3691 2638 oleo

2103 2676 2401 2740 obtinetur,
2424 2676 2506 2730 vel
2532 2691 2562 2729 a
2594 2675 2773 2729 divina
2804 2675 3181 2730 benedictione
3203 2690 3325 2744 quze
3342 2689 3409 2729 ex
3439 2690 3689 2730 commu-

2105 2769 2269 2821 nione
2308 2777 2402 2823 aut
2442 2768 2713 2825 sacriﬁcio
2755 2768 3079 2837 percipitur,
3115 2767 3203 2821 ille
3244 2767 3479 2820 maxime
3514 2769 3675 2835 hujus

2104 2860 2348 2914 criminis
2406 2870 2673 2914 rattonem
2732 2858 2960 2913 reddere
3008 2857 3253 2912 debebit.
3302 2858 3512 2911 Interea
3560 2874 3689 2912 vero

2104 2960 2362 3005 caveatur
2398 2952 2622 3021 insuper
2668 2952 2901 3021 singulis
2932 2950 3177 3021 peccatis
3218 2966 3369 3005 suam
3405 2953 3684 3019 propriam

2103 3043 2289 3098 deberi
2325 3044 2577 3105 multam,
2602 3057 2719 3095 nec
2750 3044 2933 3096 omnia
2973 3041 3164 3095 eodem
3210 3041 3373 3094 modo
3412 3039 3682 3108 cXpianda

417 3131 666 3199 ριουσίαν
698 3132 726 3184 ὁ
759 3133 1027 3197 φονεύσεις
1060 3135 1197 3204 ἔχει.
1252 3141 1489 3203 γινέσθω
1534 3142 1684 3212 ψυχὴ
1738 3145 1860 3199 ἀντὶ
1898 3148 1995 3214 τῆς

2103 3148 2226 3189 esse
2279 3144 2333 3187 et
2392 3133 2737 3188 remittenda.
2790 3133 2847 3186 Si
2899 3148 3029 3201 ergo
3078 3140 3271 3201 agatur
3297 3132 3364 3185 de
3403 3130 3685 3185 homicidii

413 3222 633 3291 ψυχῆς’
672 3226 719 3276 εί
745 3226 799 3278 δέ
835 3244 897 3293 γε
934 3228 1176 3295 ἐμϐρύου
1211 3232 1475 3301 ἀποϐολὴ,
1513 3235 1579 3287 δι’
1610 3237 1877 3308 ἀναδοχῆς
1905 3241 2001 3294 καὶ

414 3316 732 3385 ἀνατροφῆς
764 3318 981 3387 πτωχοῦ
1020 3324 1219 3389 νηπίου
1272 3324 1553 3395 ήίατρεία
1613 3328 1777 3382 ἔστω.
1834 3332 1893 3383 Εἰ
1943 3332 2000 3385 δὲ

415 3407 644 3475 πορνεία
670 3406 701 3477 ἢ
733 3409 950 3493 μοιχεία
968 3410 1001 3478 ἦ
1032 3427 1116 3473 τις
1139 3412 1477 3483 ἀκαθαρσία,
1504 3416 1573 3467 δι’
1602 3417 1817 3487 ἀποχῆς
1845 3420 1998 3490 πρῶ-

412 3514 507 3551 τον
544 3500 643 3567 μὲν
672 3499 766 3552 τοῦ
818 3498 1160 3570 πταίσματος
1210 3504 1304 3556 καὶ
1337 3508 1439 3573 τῆς
1475 3507 1772 3578 ἁμαρτίας,
1801 3510 1997 3565 ἔπειτα

411 3590 470 3643 δδ
495 3590 586 3643 διὰ
608 3592 705 3659 τῆς
726 3591 871 3645 κατά
888 3592 1118 3661 δύναμιν
1140 3597 1509 3661 κακοπαθείας
1526 3600 1626 3667 τῆς
1652 3603 1855 3672 σαρκός
1877 3620 1889 3631 '
1916 3606 1997 3659 ὅτι

412 3684 510 3736 καὶ
526 3687 741 3753 τρυφῆς
780 3685 877 3739 καὶ
912 3687 1114 3755 σαρκὸς
1131 3689 1323 3757 ήδονῆς
1345 3691 1404 3742 τὸ
1436 3692 1656 3760 ἀμάρτη
1667 3711 1761 3759 μα.
1791 3696 1901 3749 Κοιλ⁸
1920 3697 1997 3760 ὡς

409 3775 479 3843 τῇ
512 3774 624 3844 Εὕα
645 3774 811 3827 λύπαι
840 3775 960 3828 ἀντὶ
985 3779 1085 3846 τῆς
1112 3778 1331 3846 ἡδονῆς,
1360 3781 1452 3832 καὶ
1479 3780 1742 3851 τῷἈδάμ
1776 3785 1996 3854 ἱδρῶτες

410 3866 506 3918 καὶ
538 3864 797 3932 ἄκανθαι,
828 3866 1028 3935 ὁμοίως
1068 3870 1327 3931 στένωσις
1363 3873 1566 3939 σαρκὸς
1616 3876 1694 3936 είς
1728 3874 1995 3928 ταπείνω-

414 3973 501 4010 σιν
538 3957 710 4025 αὖτῆς
739 3974 797 4010 τε
832 3959 928 4011 καὶ
964 3959 1209 4028 ἰατρείαν
1247 3961 1402 4015 ἔσται
1444 3963 1523 4028 τῷ
1554 3964 1642 4017 διὰ
1683 3965 1996 4035 φιληδονίας

412 4050 655 4102 πεσόντι.
693 4050 754 4101 Ei
781 4050 827 4102 δ’
853 4050 915 4102 οὐ
942 4049 1266 4121 προαίρεσις
1299 4053 1419 4106 οὐδὲ
1456 4056 1577 4123 ίσχὺ
1591 4073 1637 4119 ς,
1664 4056 1734 4109 δι’
1766 4056 1996 4125 ἐλεημο-

413 4139 582 4210 σύνης
619 4140 963 4210 ίατρευθήτω
1012 4142 1043 4213 ἢ
1078 4144 1410 4213 ἐγκρατείας
1449 4145 1481 4214 ἢ
1515 4144 1840 4215 λυτρώσεως
1874 4149 1995 4218 αίχ-

416 4232 693 4302 μαλώτου,
730 4232 1056 4301 είεύπορία
1082 4233 1157 4303 τῷ
1202 4236 1549 4304 ἡμαρτηκότι
1600 4237 1748 4291 ἐστίν
1775 4253 1791 4268 ⁸
1832 4240 1882 4292 εί
1934 4239 1992 4293 δὲ

411 4324 629 4406 ἀδικίας
677 4323 1093 4394 ἔργακσυνέὅη,
1137 4326 1226 4379 διὰ
1259 4326 1357 4395 τῆς
1430 4329 1744 4392 ἀποδόσεως
1771 4330 1865 4383 τοῦ
1896 4330 2005 4400 λη-Δ

412 4415 645 4483 φθέντος
679 4414 834 4468 ἔσται
852 4417 952 4484 τῆς
976 4417 1255 4485 ἁμαρτίας
1284 4419 1595 4489 ἀπαλλαγή.
1616 4420 1989 4491 Ἐλεημοσύνη

411 4508 471 4561 δὲ
504 4508 644 4562 κατὰ
698 4508 789 4561 τὸν
823 4510 1093 4579 Ζακχαῖον
1127 4510 1401 4579 κάθαρσις
1436 4511 1577 4564 ἔστω
1609 4510 1703 4564 τοῦ
1745 4515 1845 4583 τῆς
1875 4515 1989 4568 ἀδι-

411 4600 545 4662 κίας
593 4601 689 4655 καὶ
717 4602 972 4671 ἁρπαγῆς
1001 4603 1378 4672 ἐγκλήματος.
1414 4605 1476 4657 Et
1516 4604 1572 4657 δὲ
1600 4604 1924 4676 βλασφημία
1956 4608 1990 4679 ἢ

416 4694 646 4765 ἄρνησίς
684 4712 791 4747 τινι
848 4696 1063 4763 γέγονε,
1097 4696 1184 4748 διὰ
1230 4698 1542 4767 προσευχῆς
1593 4698 1872 4768 συνεχοῦς,
1906 4698 1993 4751 ἵνα

411 4786 511 4852 τὴν
545 4785 895 4855 βλασφημίαν
926 4786 1104 4861 ἐξέλῃ,
1144 4789 1236 4842 καὶ
1268 4789 1539 4857 δακρύων,
1578 4789 1646 4841 ἵν’
1693 4788 1993 4860 ὲκπλυνθῇ,

414 4877 511 4930 καὶ
541 4877 915 4948 ὲλεημοσύνης
946 4878 1015 4931 ἶν’
1063 4879 1250 4941 ἐλέους
1305 4878 1542 4950 ἐπιτύχῃ
1598 4878 1875 4950 ἀθετήσας
1901 4880 2011 4939 τὸν⁴

416 4969 669 5040 ποιητὴν,
690 4971 783 5022 καὶ
807 4970 1140 5041 ἔγκρατείας
1163 4971 1252 5024 διά
1274 4972 1374 5034 τάς
1400 4971 1753 5041 κρεωφαγίας
1780 4971 1994 5036 καὶτὰς

415 5061 765 5130 ἀκαθάρτους
788 5062 953 5123 ἄλλας
976 5063 1203 5133 τροφάς.
1244 5063 1531 5133 Ἐπιορκία
1555 5061 1612 5114 δὲ
1642 5064 1691 5114 εί
1723 5062 1991 5132 συμὸαίη,

413 5151 449 5221 ἢ
480 5152 700 5221 διαϐολή
740 5170 887 5216 τινος
922 5138 1060 5224 πρὸς
1090 5155 1299 5226 ἕτερον,
1347 5156 1379 5226 ἢ
1417 5155 1678 5226 προδοσία
1721 5154 1857 5226 πρὸς
1895 5156 1993 5226 ἄρ·-

416 5260 584 5313 χοντα
610 5245 939 5309 πταίσαντος
977 5246 1009 5316 ἢ
1041 5248 1115 5317 μὴ
1152 5248 1503 5311 πταίσαντος,
1530 5248 1620 5302 διὰ
1654 5247 1761 5299 τῶν
1787 5246 1990 5315 ὁμοίων

413 5335 518 5403 τῆς
563 5335 917 5407 βλασφημίας
963 5338 1393 5409 διορθωθήσεται
1438 5341 1467 5392 ὁ
1502 5338 1708 5404 πεσὼν,
1758 5339 1855 5395 καὶ
1896 5335 1990 5389 τοῦ

415 5428 729 5495 ἀπαλλάξαι
758 5430 849 5483 τὸν
877 5430 1161 5503 ἄνθρωπον
1203 5434 1299 5486 τοῦ
1342 5431 1539 5488 κακοῦ.
1576 5432 1854 5501 Ἐνέχεται
1880 5431 1989 5500 γάρ

414 5519 575 5571 τοῦτο
599 5521 819 5589 πρῶτον
843 5523 1095 5590 ποιῆσαι,
1128 5524 1178 5576 εἰ
1207 5524 1459 5586 δύναται,
1491 5523 1568 5585 ὡς
1619 5524 1716 5578 καὶ
1749 5523 1849 5593 τὴν
1877 5522 1992 5575 ἀδι-

420 5613 544 5664 κίαν
607 5614 827 5683 πρῶτον
853 5614 1146 5671 ἀποδοῦναι
1179 5619 1210 5671 ὁ
1239 5618 1509 5691 ἀδικήσας
1556 5616 1589 5687 ἢ
1621 5615 1848 5685 κλέψας.
1879 5613 1988 5668 εἴτε

472 5804 536 5875 ,³⁸
565 5807 687 5859 Act.
716 5820 805 5870 xx,
837 5805 927 5860 55.

2017 4479 2069 4539 D

2104 3236 2280 3294 reatu,
2335 3226 2636 3283 secundum
2685 3227 2945 3282 Ecclesia:
2992 3242 3249 3291 canones,
3307 3228 3352 3281 si
3408 3227 3684 3280 occidenti

2104 3318 2266 3372 fuerit
2298 3318 2527 3372 fortuna:
2548 3319 2725 3385 copia,
2752 3333 2848 3387 pro
2868 3334 2926 3371 sc
2958 3327 3010 3370 ct
3043 3332 3141 3386 pro
3173 3318 3352 3372 oeciso
3369 3318 3685 3386 expiaturus

2102 3410 2277 3464 solvet
2310 3412 2546 3479 pretium
2572 3412 2735 3464 unius
2763 3410 2984 3478 captivi,
3032 3420 3086 3464 et
3112 3411 3192 3462 sic
3242 3411 3344 3463 erit
3374 3411 3554 3463 anima
3588 3426 3685 3478 pro

2100 3501 2307 3555 anima.
2342 3500 2397 3554 Si
2432 3500 2596 3554 fuerit
2624 3501 2942 3564 abortivus,
2985 3500 3371 3554 remissionem
3411 3516 3688 3557 mereatur

2100 3590 2294 3645 alendo
2330 3599 2385 3643 et
2416 3590 2701 3644 educando
2774 3604 3070 3658 pauperem
3124 3590 3360 3658 aliquem
3396 3592 3683 3648 infantem.

2107 3682 2163 3737 Si
2196 3683 2263 3736 de
2298 3683 2664 3737 fornicatione
2710 3690 2926 3752 agatur,
2982 3683 3066 3736 vel
3121 3684 3414 3750 adulterio,
3464 3686 3544 3737 Vt'l
3578 3686 3682 3739 alia

2100 3774 2296 3844 quavis
2326 3774 2662 3841 impuritate,
2687 3775 2941 3830 remissio
2967 3776 3054 3830 [let
3089 3777 3264 3843 primo
3301 3792 3392 3844 per
3421 3778 3685 3831 cessatio-

2099 3880 2223 3918 nem
2260 3866 2431 3932 eulpa:
2479 3877 2531 3919 et
2584 3868 2793 3935 peccati
2824 3886 2836 3921 :
2864 3867 3058 3921 deinde
3093 3882 3314 3921 carnem
3371 3884 3471 3935 pro
3520 3885 3683 3937 posse

2098 3958 2440 4027 castigando,
2477 3960 2605 4027 quia
2636 3968 2919 4028 peceatum
2958 3959 3061 4013 fuit
3092 3960 3145 4013 in
3188 3960 3416 4015 mollitie
3449 3970 3501 4015 et
3530 3962 3683 4015 volu-

2099 4056 2246 4118 ptate
2281 4048 2487 4104 carnis.
2546 4047 2613 4102 Et
2657 4050 2801 4104 sicut
2834 4050 2954 4104 Evae
2985 4051 3200 4104 dolores
3244 4066 3341 4119 pro
3374 4052 3673 4119 voluptate.

2095 4146 2150 4191 et
2172 4137 2384 4192 Adamo
2410 4139 2637 4193 sudores
2667 4150 2720 4193 et
2748 4140 2979 4194 tribulos
3014 4152 3067 4195 et
3090 4143 3278 4209 Spinas
3317 4145 3559 4200 minatus
3587 4156 3672 4201 est

2099 4232 2263 4296 Dens,
2289 4231 2360 4285 ita
2392 4232 2667 4301 repressio
2720 4233 2903 4287 carnis
2934 4233 3078 4287 sitin
3103 4234 3219 4303 ejus
3242 4235 3677 4290 humiliationem

2094 4332 2146 4375 et
2174 4322 2514 4377 sanationem
2554 4323 2629 4377 illi
2660 4324 2753 4391 qui
2785 4325 3231 4393 concupiscentia
3259 4327 3445 4379 carnis
3480 4342 3644 4395 pecca

2094 4416 2192 4467 vit.
2230 4413 2288 4468 Si
2323 4429 2451 4467 vero
2492 4428 2593 4467 nec
2638 4415 2760 4467 vita:
2798 4430 2992 4485 genus,
3020 4430 3121 4471 nec
3152 4416 3443 4470 inﬁrmitas
3472 4419 3674 4481 obstet,

2094 4504 2474 4576 paenitentiam
2507 4505 2669 4559 faciet
2700 4522 2794 4575 per
2838 4506 3261 4577 eleemosynam,
3290 4510 3674 4564 abstinentiam

2092 4606 2184 4651 aut
2210 4586 2636 4667 redemptionem
2656 4599 2875 4665 captivi.
2899 4596 2956 4653 Si
2976 4616 3104 4654 vero
3121 4600 3530 4669 opesinjustitia
3557 4617 3654 4669 par
3674 4640 3677 4643 -

2094 4698 2161 4744 ta:
2190 4691 2300 4745 sint
2335 4690 2525 4757 alicui,
2557 4692 2915 4747 restitutione
2951 4692 3114 4746 ablati
3136 4695 3339 4761 peccati
3381 4695 3532 4747 venia
3570 4695 3674 4747 im-

2093 4783 2429 4853 petrabitur,
2461 4792 2519 4838 ut
2552 4784 2763 4840 Zachmi
2797 4800 3082 4839 monemur
3110 4786 3377 4850 exemplo,
3412 4786 3503 4855 qni
3528 4786 3669 4839 elee-

2099 4890 2323 4947 mosyna
2364 4875 2598 4930 redemit
2651 4876 2930 4945 injustitiae
2957 4884 3012 4928 et
3045 4875 3282 4929 avaritia:
3332 4884 3563 4930 reatum.
3616 4877 3674 4931 Si

2100 4978 2280 5022 autem
2310 4978 2601 5038 peccatum
2635 4966 2985 5035 blasphemia:
3010 4966 3091 5019 vel
3117 4966 3206 5020 Dei
3239 4968 3546 5035 negationis
3575 4970 3675 5023 ali-

2091 5059 2179 5115 cui
2210 5059 2495 5123 acciderit,
2526 5057 2761 5113 assiduis
2790 5067 2943 5112 vacet
2971 5058 3336 5125 orationibus,
3360 5068 3417 5112 ut
3454 5060 3674 5115 miseri-

2089 5150 2331 5206 cordiam
2368 5164 2465 5219 pro
2494 5148 2833 5217 blasphemia
2878 5149 3140 5214 obtineat,
3170 5147 3465 5217 etjugibus
3498 5149 3675 5221 lact-y-

2089 5242 2193 5295 mis
2235 5256 2355 5295 eam
2398 5240 2605 5307 abluat,
2637 5242 3076 5312 eteleemosyua,
3114 5248 3172 5295 ut
3220 5241 3476 5295 misereat
3505 5243 3676 5297 Deum

2098 5331 2288 5385 miseri
2346 5332 2532 5399 hujus,
2570 5332 2663 5401 qui
2715 5344 2876 5387 antea
2933 5330 3247 5388 Creatorem
3285 5341 3590 5402 spreverat,
3621 5341 3676 5386 et

2099 5424 2330 5492 denique
2354 5424 2681 5478 abstinentia
2706 5426 2771 5477 ab
2795 5440 2889 5479 esu
2915 5424 3163 5478 caruiqu
3203 5425 3285 5479 vel
3309 5425 3375 5478 ab
3392 5423 3511 5477 aliis
3542 5438 3679 5492 quo-

2100 5518 2375 5589 quomodo
2401 5519 2650 5587 impuris.
2670 5516 2728 5571 Si
2758 5518 2965 5573 crimen
2988 5518 3211 5588 perjuril
3250 5516 3562 5580 incurrerit,
3595 5513 3677 5568 vel

2099 5613 2382 5671 calumniae
2402 5611 2636 5683 alicujus
2652 5622 2842 5669 contra
2870 5611 3204 5682 proximum,
3232 5608 3310 5663 vel
3350 5605 3679 5678 proditionis
