4118 6442
473 351 574 421 931

1209 303 1211 305 ι
1271 351 1653 412 SYMEONIS
1697 349 2454 456 THESSALONICENSiS
2496 346 2867 415 ARCHIEP.~

3634 350 3741 415 932

475 471 575 525 viri
633 468 916 538 principis,
951 467 1222 524 similibus
1266 467 1628 538 castigabitur
1693 470 1948 524 remediis
1999 485 2060 523 ac

2165 475 2218 529 τί
2251 491 2398 538 τινος
2423 474 2695 544 εὑρηκὼς,
2731 479 2826 526 καὶ
2858 470 3060 546 μᾶλλον
3093 471 3139 522 εἱ
3173 470 3267 521 καὶ
3294 469 3481 538 ἐντολὴ
3507 471 3699 539 γέγονε
3721 482 3735 496 ⁸

473 559 602 618 reus
633 561 1007 631 blasphemiae,
1033 560 1195 616 modo
1220 570 1431 616 avertat
1454 577 1513 616 se
1547 563 1708 617 homo
1743 578 1772 616 a
1808 575 2050 632 peccato.

470 655 626 722 Quod
667 653 906 724 primum
957 669 1058 724 pro
1110 669 1271 724 posse
1306 653 1551 710 studebit
1601 667 1784 724 agere,
1817 657 1963 711 sicut
2003 664 2058 711 et

472 749 712 820 primum
739 757 960 815 oportet
999 759 1059 804 ut
1082 749 1325 804 ablatum
1351 749 1542 824 reddat
1590 750 1792 818 injuste
1815 750 2056 805 retinens

471 839 552 893 vel
584 838 723 892 latro
756 839 837 892 vel
875 839 966 893 ille
1011 837 1105 907 qui
1157 839 1362 910 aliquid
1396 839 1606 894 invenit
1636 838 1890 901 alterius,
1944 851 2060 890 rna-

470 931 614 986 xime
666 932 711 985 si
756 931 947 1002 jussus
996 931 1198 997 fuerit;
1237 941 1290 986 et
1332 933 1481 987 nulla
1537 931 1627 986 ﬁet
1662 930 1920 985 remissio
1951 929 2058 983 nisi

471 1019 734 1076 reddatur
757 1022 1064 1092 possessori
1092 1021 1294 1091 injuste
1319 1022 1574 1092 spoliato,
1602 1021 1689 1076 vel
1717 1020 1794 1075 illi
1815 1021 1907 1088 qui
1939 1034 2061 1089 per-

476 1110 634 1173 didit,
692 1111 775 1166 vel
825 1126 1016 1165 eorum
1067 1111 1195 1166 ﬁliis
1225 1154 1240 1178 ,
1276 1111 1360 1166 vel
1417 1119 1676 1181 erogetur
1729 1110 2060 1180 pauperibus

479 1201 732 1256 lratribus
760 1202 988 1258 arbitrio
1021 1201 1193 1257 Patris
1217 1202 1557 1272 spiritualis;
1601 1201 1842 1271 denique
1880 1201 1934 1255 in
1953 1215 2060 1257 cte-

468 1294 603 1350 teris
641 1294 900 1350 omnibus
955 1295 1226 1366 agendum
1275 1303 1363 1351 est
1409 1304 1470 1350 ut
1502 1310 1744 1350 canones
1794 1294 2059 1351 Ecclesiae

472 1387 860 1457 pra-scribunt.
888 1385 1020 1444 ideo
1045 1395 1261 1456 oportet
1303 1396 1362 1443 ut
1389 1387 1699 1442 animarum
1735 1388 2059 1457 praepositus

466 1494 561 1534 eos
586 1480 755 1549 probe
787 1490 1001 1545 noscat,
1037 1491 1092 1536 et
1120 1496 1216 1536 eos
1243 1480 1308 1536 ad
1334 1482 1544 1550 apicem
1579 1491 1934 1550 exsequatur,
1957 1495 2058 1538 nec

471 1570 724 1627 absolvat
751 1573 1138 1643 inepportune,
1175 1573 1368 1629 laxiori
1401 1573 1613 1629 scilicet
1648 1575 2053 1640 misericordia,

471 1679 593 1732 quae
618 1664 814 1732 perdit,
843 1663 974 1719 dum
1001 1677 1110 1718 non
1135 1677 1292 1719 cavet
1348 1673 1406 1720 ut
1469 1665 1874 1735 impensissitna
1922 1677 2056 1720 cura

475 1755 846 1810 innocentiam
884 1755 1150 1826 inquirat,
1181 1772 1250 1812 ne
1273 1757 1328 1812 in
1352 1757 1789 1828 desperationem
1821 1757 2051 1813 incidat.

470 1843 667 1899 Omnia
703 1845 758 1900 in
801 1818 1041 1916 perfecta
1079 1818 1347 1901 mensura
1401 1818 1532 1901 sunt
1583 1847 1830 1903 facienda
1871 1863 1887 1901 ι
1931 1855 2054 1916 per-
2086 1818 2128 1874 Β

475 1935 617 1991 tecta
653 1946 832 1992 autem
878 1953 1138 1994 mensura
1171 1947 1510 2006 sanctorum,
1541 1956 1640 2010 per
1681 1955 1820 2008 quos
1861 1940 1913 1993 in
1951 1953 2054 1995 nos

473 2037 534 2084 ut
587 2029 789 2084 donum
838 2030 1159 2094 descendit;
1190 2040 1245 2086 et
1276 2031 1330 2084 in
1376 2031 1537 2087 nobis
1575 2033 1718 2098 erit,
1757 2031 2058 2086 dummodo

470 2135 662 2175 eorum
707 2123 959 2192 exempla
1006 2124 1163 2192 sequi
1210 2124 1470 2178 nitamur.
1514 2124 1630 2178 Erit
1674 2140 1804 2195 ergo
1846 2125 2054 2196 judicio

470 2222 786 2268 sanctorum
813 2213 1164 2284 indulgentiae
1183 2216 1322 2270 ratio
1345 2229 1468 2285 erga
1493 2230 1590 2270 eos
1611 2217 1701 2284 qui
1725 2216 2051 2272 industriam

469 2307 763 2379 diligenter
815 2308 1052 2363 aﬁ‘erent
1083 2351 1096 2372 ,
1131 2319 1186 2365 et
1220 2308 1431 2373 fervide
1462 2310 1795 2379 ptenitentes
1836 2311 1995 2381 longe
2023 2323 2054 2364 ιι

470 2400 620 2455 maio
652 2401 961 2466 discedent,
994 2400 1236 2471 judicem
1278 2405 1359 2459 sic
1382 2403 1740 2474 propitiatum
1766 2403 2054 2466 habentes,

467 2491 616 2548 intro
649 2493 923 2563 accipient
962 2495 1270 2549 mercedem
1307 2497 1372 2550 ad
1395 2509 1710 2550 mensuram
1743 2493 1976 2550 fervoris
2003 2501 2056 2548 et

470 2586 806 2654 prnuitentiat
832 2587 902 2641 de
929 2586 1078 2642 bono
1115 2588 1408 2656 promisso.
1443 2585 1567 2642 Uno
1593 2587 1764 2643 verbo
1791 2589 1844 2641 in
1875 2587 2057 2641 omn?-

469 2677 573 2732 bus
596 2677 894 2732 viventium
924 2679 1164 2749 peccatis
1186 2680 1528 2750 praecipuum
1545 2694 1685 2749 opus
1702 2687 1757 2734 et
1780 2679 2054 2736 eﬁicacius

468 2778 552 2825 est
580 2771 922 2841 captivorum
981 2773 1325 2843 redemptio,
1376 2775 1443 2828 ad
1505 2782 1690 2844 typum
1758 2774 2055 2828 erectionis

467 2865 666 2920 animae
715 2865 784 2920 ab
819 2866 1100 2936 impietate
1137 2875 1193 2920 et
1223 2881 1253 2920 a
1290 2865 1557 2921 servitute
1601 2864 1852 2934 peccati,
1904 2867 2055 2936 quod

469 2965 556 3013 est
608 2973 638 3012 a
693 2965 870 3014 morte
920 2957 1246 3027 redemptio,
1307 2957 1549 3026 primum
1611 2958 1755 3013 inter
1815 2958 2054 3013 maxima

467 3063 658 3119 opera,
697 3056 753 3103 et
781 3049 962 3119 operit
987 3048 1395 3103 multitudinem
1431 3039 1805 3118 peccatorum,
1833 3058 1892 3103 ut
1919 3049 2055 3104 scri-

2162 569 2259 624 καὶ
2287 567 2443 621 οὐδὲν
2477 567 2632 619 ἔσται
2675 568 2737 618 τὸ
2763 565 2912 623 λύον,
2941 564 2988 614 εἰ
3026 563 3100 631 μὴ
3140 562 3171 629 ἢ
3223 561 3304 631 τῷ
3333 561 3664 629 ἀδικηθέντι,
3704 562 3737 632 ἢ

2161 659 2241 730 τῷ
2273 659 2599 714 ἁπολέσαντι
2633 654 2839 726 ἀποδῷ,
2868 655 2902 726 ἦ
2958 655 3069 716 τοϊς
3108 653 3323 717 τέκνοις
3349 652 3538 718 αὑτοῦ,
3567 654 3600 725 ἦ
3627 655 3738 715 τοῖς

2164 754 2394 825 πένησιν
2422 745 2693 820 ἁδελφοῖξ
2724 748 2997 818 διακρίσει
3051 747 3432 818 πνευματικοῦ
3482 746 3696 817 Πατρός
3717 763 3736 780 ο

2165 844 2261 898 καὶ
2291 846 2348 898 ἐν
2381 845 2497 907 τοῖς
2529 842 2738 903 λοιποῖς
2768 841 2905 894 πᾶσι
2940 841 3139 904 ποιεῖν,
3187 840 3265 903 ὡς
3291 840 3344 892 οί
3373 840 3594 900 κανόνες
3622 839 3738 892 δια-

2165 935 2506 990 κελεύονται.
2537 935 2630 987 Διὸ
2652 933 2760 1003 χρὴ
2787 933 2880 986 τὸν
2905 931 3298 1000 οίκονομοῦντα
3315 930 3493 1000 ψυχὰς
3515 928 3738 992 τούτους

2163 1027 2394 1092 εἰδέναι,
2425 1027 2521 1082 καὶ⁵
2543 1027 2685 1079 κατὰ
2705 1025 2801 1078 τὸν
2823 1027 2948 1093 ὅρον
2991 1026 3188 1086 ποιεῖν,
3225 1024 3324 1078 καὶ
3361 1024 3494 1092 μήτε
3518 1021 3736 1090 derivat

2161 1121 2432 1190 ἀκαίρως,
2493 1116 2801 1186 συμπαθῶς
2869 1115 3055 1185 δῆθεν,
3110 1117 3224 1169 ὅτι·
3261 1113 3544 1176 ἀπόλλυσι,
3610 1111 3735 1182 μήθ’

2162 1212 2516 1282 ὐπερὸαίνειν
2565 1199 2731 1280 362
2783 1207 2858 1271 ὡς
2906 1206 3068 1274 δῆθεν
3125 1203 3587 1274 ἑξακριῦούμενον
3641 1203 3736 1255 καὶ

2160 1304 2408 1374 καθαρὸν
2443 1301 2598 1363 ὄντα,
2636 1301 2722 1352 ἵνα
2760 1297 2834 1368 μὴ
2892 1295 3241 1368 παραπέμψῃ
3275 1297 3346 1364 τῇ
3392 1290 3730 1359 ἀπογνώσειο

2158 1401 2216 1452 ὲν
2246 1398 2456 1468 ἀρίστῳ
2490 1395 2546 1447 δὲ
2603 1393 2790 1460 μέτρῳ
2825 1391 3005 1442 πάντα
3056 1393 3235 1441 ποιεῖν
3259 1395 3278 1418 ‘
3321 1387 3544 1452 ἄριστον
3583 1383 3640 1438 δὲ
3672 1383 3732 1437 τὸ

2157 1491 2269 1544 τῶν
2296 1491 2468 1558 ἁγίων
2493 1504 2506 1517 ·
2538 1488 2621 1540 ὃτι
2665 1487 2760 1538 καὶ
2793 1483 2861 1537 δι’
2897 1482 3079 1536 αὐτῶν
3135 1481 3216 1542 είς
3254 1469 3403 1549 ἡμᾶς
3447 1481 3480 1549 ἡ
3529 1475 3730 1544 δωρεᾶ·

2159 1584 2257 1637 καὶ
2298 1581 2453 1634 ἔσται
2480 1580 2539 1632 ὲν
2569 1580 2725 1646 ἡμῖν,
2757 1578 2807 1628 εί
2855 1575 2923 1628 τὰ
2959 1573 3192 1626 ἐκείνων
3215 1573 3408 1644 τηρεῖν
3442 1569 3734 1633 σπουδάζο-

2161 1692 2283 1747 μεν.
2337 1675 2536 1728 Ἔσται
2596 1671 2654 1724 δὲ
2711 1667 2833 1721 κατ’
2882 1665 3078 1727 αὐτοὺς
3132 1663 3226 1717 καὶ
3276 1660 3735 1730 συγκατασάσεως

2157 1767 2362 1840 τρόπος
2408 1766 2523 1827 τοῖς
2577 1758 2888 1832 προθυμίαν
2951 1754 3391 1825 ὲνδεικνυμένοις
3431 1755 3523 1807 καὶ
3569 1768 3732 1823 μετα-

2162 1860 2346 1914 νοοῦσι
2377 1855 2603 1926 θερμῶς
2644 1853 2740 1907 καὶ
2769 1850 2862 1903 τοῦ
2897 1847 3072 1902 κακοῦ
3120 1845 3535 1915 ἀφισταμένοις,
3565 1843 3614 1898 οἶ
3642 1843 3736 1896 καὶ

2163 1954 2264 2008 τὸν
2310 1951 2513 2022 κριτὴν
2543 1946 2838 2007 ἱλεοῦνται,
2872 1942 2968 1996 καὶ
3029 1938 3354 2010 μεταδοῦναι
3389 1937 3600 2000 τούτοις
3639 1935 3733 1988 καὶ

2165 2047 2315 2100 ἔνδον
2344 2041 2438 2096 τοῦ
2468 2039 2780 2110 ὡρισμένου
2810 2033 2908 2088 τοῦ
2939 2032 3148 2101 ἀγαθοῦ
3190 2030 3282 2084 διὰ
3311 2029 3372 2082 τδ
3405 2027 3605 2098 θερμὸν
3636 2025 3732 2077 καὶ

2163 2139 2264 2211 τὴν
2291 2135 2610 2208 μετάνοιαν,
2643 2128 2872 2199 ἀγαθόν.
2915 2114 3132 2187 Ἀπλῶς
3153 2123 3210 2177 δὲ
3237 2124 3298 2176 ὲν
3318 2121 3434 2185 τοῖς
3463 2121 3570 2173 τῶν
3597 2117 3730 2180 ζών-

2164 2245 2274 2286 των
2295 2226 2665 2298 ἁμαρτήμασι
2691 2223 2858 2276 πᾶσιν
2888 2220 2923 2289 ὴ
2960 2218 3066 2270 τῶν
3095 2213 3462 2286 αἰχμαλώτων
3489 2211 3726 2281 ἀνάρρυ-

2163 2343 2252 2384 at;
2309 2318 2689 2393 προτιμοτέρα
2749 2313 2859 2367 τῶν
2915 2307 3094 2366 ἄλλων
3155 2308 3371 2378 ἔργων’
3407 2298 3492 2359 δτι
3519 2302 3732 2374 πρῶτον

2166 2415 2370 2477 παντὸς
2400 2413 2565 2483 ἔργου
2599 2411 2660 2463 τὸ
2708 2407 2913 2479 ψυχὴν.
2942 2395 3232 2472 ἐξαγαγεῖν
3273 2393 3382 2456 ἀπδ
3403 2399 3652 2460 ἀσεϐείας
3672 2414 3732 2451 τι

2165 2504 2258 2558 καὶ
2309 2503 2597 2563 δουλείαςο
2633 2500 2664 2552 ὃ
2698 2500 2846 2550 ἐστιν
2877 2497 2942 2548 ὲκ
2983 2494 3224 2547 θανάτου
3268 2492 3560 2559 ἑξαγαγεζν
3584 2504 3600 2522 ο
3639 2489 3734 2540 καὶ

2161 2596 2325 2650 τοῦτο
2356 2594 2628 2648 καλύπτει
2685 2589 2891 2658 πλῆθος
2943 2586 3257 2659 ἁμαρτιῶν,
3293 2582 3370 2647 ὡς
3406 2583 3731 2650 γέγραπται.

2169 2691 2406 2742 Ἔπειτα
2459 2685 2802 2755 ἐλεημοσύνη
2861 2684 2913 2734 ει
2979 2681 3052 2750 μὴ
3110 2678 3296 2739 ἱκανὸς
3355 2675 3467 2746 βίος
3527 2673 3614 2744 εῑη
3657 2671 3736 2741 τῷ

2164 2782 2553 2853 ἁμαρτήσαντι
2580 2795 2594 2808 ο
2643 2778 2704 2830 ὲν
2740 2773 2912 2846 ταύτῃ
2954 2773 3012 2827 δὲ
3041 2769 3280 2844 ὀρφανοῦ
3332 2769 3557 2838 πρόνοια
3601 2768 3734 2821 ἀπο-

2169 2874 2438 2945 ρουμένου
2471 2888 2530 2924 τε
2567 2870 2662 2923 καὶ
2691 2867 2935 2938 πτωχοῦ,
2989 2862 3468 2936 προ-τιμηθήσεται
3496 2859 3721 2930 μᾶλλον·

2165 2963 2286 3020 εἶτα
2343 2963 2722 3018 ἀσθενούντων
2765 2960 2862 3014 καὶ
2906 2959 3016 3011 τῶν
3065 2959 3121 3009 ὲν
3172 2954 3445 3024 φυλακαῖς
3500 2949 3732 3006 καὶτῶν

2163 3057 2375 3111 λοιπῶν
2410 3054 2728 3124 ἐπιμέλεια.
2756 3051 2838 3104 Τὰ
2878 3049 2991 3102 τῶν
3019 3045 3382 3116 λειτουργιῶν
3406 3044 3462 3096 δὲ
3501 3041 3732 3111 γινέσθω

475 3151 628 3212 ptum
661 3151 746 3198 est
773 3143 815 3199 ί.
855 3140 1064 3197 Deinde
1088 3145 1132 3196 si
1180 3142 1364 3196 minus
1394 3143 1632 3213 copiosae
1664 3148 1911 3212 pcccantt
1941 3141 2057 3196 iue-

2173 3148 2315 3218 μετὰ
2373 3145 2438 3198 τὸ
2473 3146 2670 3214 στῆναι
2711 3143 2802 3196 τὸν
2843 3140 3150 3194 πταίσαντα
3182 3138 3280 3205 τῆς
3308 3134 3603 3206 ἁμαρτίας,
3639 3130 3734 3184 καὶ

474 3237 584 3292 rint
615 3251 770 3306 opes,
810 3235 1162 3304 eleemosyna
1189 3274 1203 3300 ,
1255 3233 1310 3287 in
1363 3236 1521 3304 cujus
1555 3235 1816 3304 operibus
1863 3235 2059 3304 praci-

477 3341 648 3397 puum
671 3327 851 3380 locum
885 3324 1100 3380 obtinet
1127 3323 1361 3394 orpltani
1388 3323 1642 3379 derelicti
1675 3332 1730 3379 et
1761 3322 2057 3400 indigentis

473 3420 580 3476 soli
604 3419 792 3475 citudo
829 3435 844 3473 :
877 3425 932 3474 et
965 3417 1162 3473 deinde
1190 3417 1529 3472 inﬁrmorum
1563 3417 1689 3472 etin
1710 3423 1934 3472 carcere
1965 3414 2060 3471 de-

475 3521 756 3568 tentorum
783 3525 913 3568 cura
943 3518 1000 3566 et
1033 3508 1362 3566 consolatio.
1396 3507 1692 3580 Postquam
1718 3518 1900 3566 autem
1930 3523 2060 3579 pec-

473 3611 630 3657 cator
667 3617 696 3655 a
729 3601 972 3672 peccatis
1003 3599 1169 3655 fuerit
1200 3608 1428 3656 evectus
1449 3641 1464 3666 ,
1495 3607 1551 3654 et
1578 3599 1741 3670 digne
1780 3599 2056 3669 poeniten-

473 3695 609 3751 tiam
641 3695 842 3765 egerit,
874 3707 1092 3749 sacrum
1115 3689 1379 3749 olferatur
1417 3689 1791 3758 sacriﬁcium;
1830 3693 1883 3746 in
1925 3705 2061 3747 cou-

467 3788 881 3844 demnationem
899 3787 1045 3841 enim
1069 3797 1219 3842 esset
1240 3785 1406 3862 ei'qui
1433 3781 1679 3856 peccavit
1703 3787 2056 3856 partici'patio

472 3898 642 3938 sacra:
670 3881 969 3936 oblationis
1001 3895 1018 3934 :
1055 3887 1109 3934 et
1133 3878 1277 3934 sicut
1303 3879 1399 3948 qui
1432 3879 1804 3934 communicat
1834 3878 2060 3948 indigne

468 3975 736 4044 judicium
769 3973 874 4029 sibi
911 3973 1207 4028 manducat
1232 3979 1286 4027 et
1314 3971 1471 4038 bibit,
1488 3971 1645 4042 juxta
1677 3971 1842 4027 verba
1879 3971 2052 4037 Pauli,

471 4068 550 4122 ita
581 4066 1046 4122 condemnabitur
1081 4065 1175 4136 qui
1206 4064 1361 4120 oii‘ert
1400 4065 1642 4136 indigne,
1673 4065 1812 4120 festa
1845 4065 1938 4119 Dei
1973 4064 2056 4119 vel

472 4173 790 4218 sanctorum
826 4161 947 4231 ejus
976 4161 1261 4215 celebrans
1281 4161 1414 4231 quin
1441 4159 1746 4215 deseruerit
1770 4168 2054 4229 peccatum

470 4267 526 4310 et
550 4254 861 4324 resipuerit.
889 4253 1120 4320 Sacrum
1142 4261 1325 4306 autem
1355 4252 1534 4307 oleum
1574 4251 1716 4305 inter
1735 4263 1942 4321 septem
1969 4264 2058 4304 sa-

465 4357 752 4402 cramenta
795 4345 1148 4402 utilissimum
1193 4351 1254 4399 ut
1295 4345 1359 4398 ad
1410 4341 1928 4406 sanctiﬁcationem,
1961 4355 2057 4408 pro

2166 3237 2451 3307 μετανοεῖν
2479 3233 2726 3304 γνησίως
2750 3248 2765 3262 ·
2800 3231 2881 3294 είς
2913 3229 3232 3299 κατάκριμα
3257 3226 3364 3296 γὰρ
3394 3224 3544 3278 ἔσται
3566 3237 3736 3294 προσ·

2161 3329 2446 3399 φερομένη
2485 3327 2647 3397 μερὶς
2698 3323 2842 3394 ὑπὲρ
2894 3320 3250 3393 ἐνεργοῦντος
3283 3318 3384 3388 τὴν
3422 3315 3730 3386 ἁμαρτίανο

2165 3422 2263 3476 καὶ
2312 3420 2504 3489 ὥσπερ
2542 3420 2571 3471 ὁ
2599 3415 2874 3469 κοινωνῶν
2927 3413 3160 3477 ἀναξίως
3202 3411 3282 3473 είς
3330 3412 3506 3479 κρῖμα
3557 3404 3734 3475 ἑαυτῷ

2166 3514 2337 3567 ἐσθίει
2374 3513 2471 3566 καὶ
2501 3511 2670 3571 πίνει,
2705 3508 2873 3578 φησὶν
2911 3508 2940 3558 ὁ
2973 3503 3204 3567 Παῦλος,
3237 3500 3380 3554 οὕτω
3414 3499 3736 3569 κατάκριμα

2163 3606 2281 3672 ἔξει
2313 3605 2408 3657 καὶ
2448 3603 2477 3655 ὁ
2511 3601 2842 3672 προσφέρων
2876 3593 3136 3662 ἀναξίως,
3188 3594 3248 3646 ὲν
3275 3591 3355 3662 τῷ
3393 3591 3468 3660 μὴ
3503 3591 3734 3658 ἀφίστα-

2164 3699 2290 3752 σθαι
2321 3696 2420 3765 τῆς
2453 3693 2753 3764 ἁμαρτίας,
2853 3690 2950 3742 καὶ
3002 3685 3200 3759 ἑορτὴν
3249 3687 3426 3739 ποιεῖν
3455 3683 3534 3754 τῷ
3556 3679 3730 3752 Θεῷἢ

2163 3793 2276 3852 τοῖς
2313 3786 2492 3854 ἁγίοις
2523 3783 2714 3837 αὑτοῦ.
2743 3782 2818 3834 Τὸ
2849 3781 2905 3834 δέ
2935 3797 3000 3849 γε
3048 3777 3332 3846 εύχέλαιον
3367 3773 3735 3841 ἀναγκαιόταο

2166 3898 2257 3935 τον
2294 3880 2370 3942 ὡς
2405 3877 2527 3948 ιερὰ
2582 3875 2776 3943 τελετὴ
2803 3873 2899 3926 καὶ
2927 3870 3034 3923 τῶν
3067 3867 3210 3923 ἑπτὰ
3251 3865 3568 3936 μυστηρίων
3595 3863 3737 3933 ὑπέρ

2161 3992 2222 4026 τε
2247 3969 2701 4045 ἀρρωστούντων,
2726 3967 2802 4030 ὡς
2831 3963 3236 4032 παρελάϐομεν,
3267 3961 3362 4014 καὶ
3384 3959 3524 4028 ὑπὲρ
3543 3955 3732 4010 πιστοῦ

2163 4065 2366 4128 παντὸς
2407 4060 2739 4134 βουλομένου
2795 4055 3116 4128 προσελθεῖν
3170 4055 3288 4116 τοῖς
3336 4051 3584 4123 φρικτοῖς
3637 4065 3737 4116 μυ·

2165 4159 2432 4229 στηρίοις,
2474 4155 2678 4223 μᾶλλον
2701 4150 2880 4203 δὲκαὶ
2919 4147 3062 4217 ὑπὲρ
3103 4145 3302 4207 παντὸς
3328 4139 3738 4214 περιπεπτωκό-
3811 4219 3814 4223 Χ

2163 4267 2253 4313 τος
2310 4247 2704 4317 ἁμαρτήμασι,
2765 4243 2860 4294 καὶ
2923 4239 3016 4292 τὸν
3071 4237 3272 4292 κανόνα
3319 4234 3419 4305 τῆς
3447 4230 3737 4302 μετανοίας

2163 4341 2539 4405 τετελεκότος,
2579 4340 2677 4390 καὶ
2717 4336 2856 4406 πρὸς
2887 4333 2950 4387 τὸ
3011 4330 3346 4398 κοινωνῆσαι
3396 4324 3734 4387 σπεύδοντος,

477 4439 735 4505 inﬁrmis,
769 4449 830 4494 ut
863 4437 1124 4494 traditum
1160 4445 1244 4491 est
1275 4436 1460 4502 nobis,
1491 4445 1546 4492 et
1593 4449 1694 4506 pro
1731 4425 2058 4490 omni'ﬁdeli

2166 4439 2374 4492 ἔνδοσιν
2398 4438 2550 4503 παρὰ
2580 4433 2675 4487 τοῦ
2706 4431 2919 4501 Πατρδς
2959 4427 3243 4498 εἰληφότος
3270 4439 3286 4456 ο
3335 4422 3529 4493 ἀφίησι
3564 4421 3674 4490 γὰρ
3702 4421 3736 4490 ἡ

469 4534 572 4602 qui
608 4530 822 4586 accedit
856 4531 923 4582 ad
947 4528 1277 4583 celebranda
1309 4527 1594 4584 tremenda
1627 4527 1910 4598 mysteria,
1939 4537 2050 4580 nia-

467 4628 619 4682 xime
649 4637 774 4678 cum
809 4620 1049 4692 peccatis
1079 4619 1419 4685 cumulatus,
1449 4633 1686 4674 canones
1715 4618 2054 4695 pernitentiaa

466 4715 815 4786 adimplevit,
847 4711 1227 4768 remissionem
1251 4725 1282 4766 a
1311 4709 1478 4766 Patre
1499 4712 1712 4781 accepit
1735 4719 1788 4764 et
1811 4711 1886 4765 ad
1902 4725 2058 4765 com—

468 4811 794 4864 munionem
829 4814 1088 4878 properat
1119 4821 1134 4858 :
1169 4813 1366 4877 purgat
1409 4803 1553 4860 enim
1603 4811 1828 4874 peccata
1860 4817 2057 4858 conse-

401 4877 415 4919 ί
461 4905 648 4956 cratio
671 4912 724 4957 et
750 4877 944 4956 unctio
975 4902 1151 4956 sancti
1179 4903 1308 4966 otei,
1337 4909 1400 4955 ut’
1422 4898 1617 4954 scribit
1644 4897 1814 4951 frater
1841 4889 2056 4951 Domini

470 4997 790 5064 apostolus,
822 5005 875 5048 et
901 4995 970 5049 ad
1002 4996 1103 5048 ltoc
1122 5002 1462 5049 concurrunt
1492 4992 1772 5046 orationes
1797 4987 2057 5044 sacerdo-

467 5100 612 5142 tum.
669 5086 900 5142 Mortuis
957 5102 1087 5142 vet‘o
1142 5087 1380 5139 maxime
1436 5077 1739 5153 [ﬁ'oﬁcuum
1791 5093 1884 5138 est
1932 5093 2058 5139 ante

465 5177 658 5231 omnia
682 5177 1016 5231 sacriﬁcium
1049 5177 1260 5244 altaris,
1277 5186 1472 5229 caetera
1497 5183 1680 5229 autem
1707 5173 2053 5238 secundaria,

465 5267 600 5336 quia
632 5276 760 5336 post
791 5277 1027 5322 mortem
1066 5268 1229 5320 homo
1263 5277 1442 5320 cessat
1471 5281 1501 5320 a
1537 5267 1796 5336 peccatis,
1817 5276 1871 5322 et
1895 5267 2056 5321 Citri-

474 5370 568 5412 sto
605 5357 979 5412 communicat
1010 5372 1109 5426 per
1141 5356 1495 5424 sacriﬁcium,
1527 5369 1692 5429 atque
1727 5359 1877 5414 otn‘ni
1920 5374 2056 5428 gau-

475 5451 578 5506 dio
626 5459 682 5504 et
721 5451 897 5520 gratia
930 5449 1143 5505 caelesti
1190 5449 1437 5520 repletur
1483 5462 1534 5505 et
1575 5453 1642 5505 ab
1671 5453 1822 5506 omni
1871 5451 2070 5506 dalore'

482 5542 773 5597 redimitur
800 5540 986 5594 divina
1021 5539 1410 5596 misericordia.
1437 5540 1576 5598 Ante
1591 5542 1777 5598 omnia
1801 5556 1932 5615 ergo
1961 5543 2068 5613 pro’

470 5648 541 5690 eo
570 5633 832 5690 od'erntur
864 5634 1168 5690 saciﬁcium
1197 5652 1212 5702 ;
1247 5635 1294 5690 si
1339 5637 1532 5693 deinde
1550 5638 1606 5694 ei
1642 5640 1716 5694 sit
1759 5638 1920 5706 cepta
1954 5637 2060 5690 fur-

553 5812 576 5844 ²
610 5810 770 5866 Prov.
808 5827 861 5879 ι,
899 5815 987 5868 12.

2167 4532 2262 4586 τοῦ
2318 4533 2488 4599 ἁγίου
2537 4527 2722 4582 ἐλαίου
2786 4524 2911 4594 ίερὰ
2967 4521 3162 4589 τελετή
3198 4535 3258 4572 τε
3309 4517 3406 4571 ναι
3453 4515 3633 4587 χρίσις
3669 4513 3738 4566 τὰ

2171 4627 2576 4697 ἁμαρτήματα,
2601 4622 2678 4683 ὡς
2710 4622 2740 4673 ὁ
2784 4614 3133 4686 Ἀδελφόθεος
3165 4615 3368 4685 γράφει
3389 4627 3404 4642 ·
3432 4608 3527 4663 καὶ
3567 4609 3621 4661 αί
3649 4606 3737 4659 εύ-

2165 4722 2267 4792 χαὶ·
2314 4719 2452 4791 πρὸς
2484 4717 2648 4770 τοῦτο
2686 4711 3004 4766 συντελοῦσι
3033 4707 3142 4762 τῶν
3186 4706 3398 4778 ἱερέων.
3424 4703 3548 4764 Tot;
3573 4700 3631 4754 δὲ
3659 4715 3742 4753 κε-

2165 4831 2335 4884 κοιμη
2347 4812 2528 4880 μένοις
2551 4804 2983 4873 λυσιτελεστάτη
3011 4800 3118 4872 πρὸ
3142 4798 3341 4861 παντὸς
3368 4798 3402 4866 ἡ
3425 4793 3702 4866 ἱερουργία
3718 4806 3736 4822 ο

2162 4907 2230 4960 τὰ
2258 4907 2319 4959 δὲ
2347 4903 2512 4957 λοιπὰ
2547 4901 2782 4970 δεύτερα
2801 4915 2816 4933 ο
2842 4899 2923 4950 ὅτι
2970 4895 3251 4962 πέπαυται
3285 4891 3432 4961 μὲνίὸ
3455 4887 3741 4956 ἄνθρωπος

2164 4999 2272 5051 ἀπο
2305 4997 2586 5066 ἁμαρτίας
2613 4990 2928 5052 ἀποθανὼν,
2965 4987 3217 5040 κοινωνεῖ
3236 4984 3295 5035 δὲ
3323 4981 3411 5036 διὰ
3431 4979 3530 5050 τῆς
3552 4972 3740 5038 θυσίας

2166 5065 2389 5159 Χριστῷ
2423 5065 2522 5139 καὶ
2558 5081 2903 5152 εὐφροσύνης
2950 5076 3103 5139 θείας
3140 5075 3238 5128 καὶ
3283 5074 3505 5144 χάριτος
3539 5065 3742 5135 ἐκπλη-

2169 5181 2383 5252 ροῦται,
2438 5178 2536 5231 καὶ
2586 5176 2768 5244 πάσης
2800 5169 3164 5240 ὲκλντροῦται
3192 5167 3387 5233 ὀδύνης
3421 5163 3553 5234 θείῳ
3580 5160 3738 5214 ἐλέει.

2167 5267 2282 5345 Πρὸ
2310 5273 2531 5326 πάντων
2559 5265 2653 5323 οὖν
2689 5268 2832 5336 ὑπὲρ
2871 5263 3040 5318 αὐτοῦ
3076 5263 3145 5316 τὰ
3179 5261 3277 5330 τῆς
3311 5255 3634 5329 ίερουργίας
3656 5269 3745 5306 τε·

2163 5365 2366 5419 λείσθω
2393 5379 2411 5407 ο
2455 5362 2649 5415 ἔπειτα
2699 5361 2749 5413 εί
2808 5358 2924 5428 βίος
2961 5356 3111 5408 ἐστὶν
3166 5351 3335 5422 αὐτῷ,
3370 5348 3605 5418 γινέσθω
3653 5347 3746 5399 καὶ

2163 5455 2440 5523 λύτρωσις
2465 5449 2850 5520 αίχμαλώτων,
2879 5447 2976 5500 καὶ
3006 5442 3370 5517 ἐλεημοσύναι
3396 5439 3742 5505 τοῖςιπένησι,

2168 5549 2262 5599 καὶ
2294 5545 2584 5612 οίκυδομαὶ
2645 5539 2808 5594 θείων
2828 5540 3038 5604 οἴκων,
3062 5537 3156 5590 καὶ
3185 5532 3350 5588 λοιπὰ
3388 5532 3552 5602 ἕτερα
3603 5528 3739 5599 πρὸς

2175 5635 2451 5708 σωτηρίαν
2477 5631 2640 5687 αὐτοῦ
2674 5631 3040 5684 συντείνοντα.
