4118 6442
446 369 551 428 93Ί

1173 336 1561 441 ΒεεΡοΝεΑ
1600 382 1700 443 ΑΒ
1733 382 2177 452 GABRIELEM
2209 392 2899 455 PENTAPOLITANUM

3588 390 3692 456 93L

446 492 610 546 tunae,
645 494 966 552 procuretur
1014 486 1315 559 redemptio
1356 495 1716 564 captivorum,
1790 508 1843 555 et
1878 492 2598 576 eleemosynrepauperibus
2634 516 2948 579 crogentur,
3014 512 3066 562 et
3137 504 3331 561 domus
3380 505 3477 562 Dei
3525 507 3693 563 aedifi-

444 582 636 628 centur
662 585 717 632 et
760 577 946 634 omnia
974 590 1164 635 cetera
1204 582 1339 638 ﬂant
1368 602 1487 655 quae
1511 588 1580 642 ad
1621 591 1852 648 salutem
1894 593 2014 663 ejus
2053 596 2306 653 conferre
2338 611 2595 669 possunt.

2042 697 2091 751 Δ

985 696 1323 754 ΕΡΩΤΗΣΙΣ
1348 704 1469 758 ΟΓν.

454 810 933 888 Ὀφείλορσιγρι
984 818 1381 888 πνευματικοὶ
1444 822 1704 888 Πατέρες
1738 825 2017 882 ἀπαιτεῖν

513 881 611 960 τὰ⁵
640 879 750 960 τῆς
799 878 1247 960 ρλεῃμοσύὖης,
1311 887 1467 943 ὥστε
1512 878 1703 945 αὐτοί·
1738 878 2016 960 διδδτὲάιξ

514 951 615 1038 ζιαὲ
672 953 725 1003 sl
762 951 1196 1038 Ϋνῑαμόάνοντες
1234 951 1775 1031 ίπαρακατέχουσι,
1840 964 1901 1018 τί
1944 951 2015 1020 ἐπὶ

512 1036 731 1075 τουτου
754 1037 774 1085 ;

524 1132 587 1188 '0
619 1136 993 1206 πνευματικὸς
1030 1136 1219 1192 [Iarba
1274 1140 1374 1194 ούκ
1405 1141 1565 1206 αύτδς
1588 1143 1797 1212 ὀφείλει
1828 1146 2013 1217 ζητεῖν

444 1227 513 1294 τὰ
542 1227 798 1295 διδόμενα
827 1230 906 1292 είς
930 1230 1305 1301 ἐλεημοσύνην
1332 1233 1652 1303 λαμϐάνειν,
1689 1235 1775 1290 ἵνα
1808 1238 1884 1305 μὴ
1915 1238 2011 1292 καὶ

444 1319 634 1389 μῶμοῦ
667 1318 846 1389 ἑαυτῷ
875 1322 970 1373 καὶ
1006 1322 1301 1377 σκάνδαλον
1330 1327 1445 1388 τοῖς
1499 1327 1752 1397 ἀδελφοῖς
1811 1331 2012 1398 προξε-

440 1413 603 1481 νήσῃ,
637 1411 753 1464 ἀλλ’
777 1411 832 1463 εί
852 1429 915 1481 γε
948 1412 1094 1466 θέλει
1128 1415 1230 1471 καὶ,
1251 1420 1612 1487 σωτηριωδῶς
1636 1422 1882 1490 ἐνεργεῖν
1913 1424 2010 1477 καὶ

438 1503 741 1579 ἐπωφελῶς
775 1506 890 1566 τοῖς
927 1508 1414 1577 προσερχομένοις,
1463 1513 1823 1582 προτρεπέτω
1847 1514 2009 1584 μόνον

439 1594 530 1648 καὶ
566 1592 903 1658 κανονιζέτω
952 1598 1127 1650 ποιεῖν
1154 1612 1170 1628 ⁸
1235 1599 1399 1663 αὐτὸς
1428 1599 1483 1654 δὲ
1522 1604 1690 1672 μηδὲν
1739 1605 2008 1674 λαμϐανέ-

436 1700 548 1758 τω·
585 1684 663 1749 ὡς
690 1683 843 1754 παρὰ
872 1685 1147 1746 πλείστων
1204 1690 1376 1758 άγίων
1404 1692 1561 1745 τοῦτο
1594 1696 2007 1761 σπουδαζόντων

435 1778 498 1830 τὸ
536 1779 612 1849 μὴ
657 1778 956 1848 λαμϐάνειν
1005 1779 1308 1851 ἐμάθομεν.
1340 1784 1512 1837 Τοῦτο
1554 1785 1610 1839 δὲ
1662 1789 1755 1841 καὶ
1798 1791 2008 1855 Παῦλος

434 1869 631 1933 ἐποίει,
674 1871 883 1940 μηδένα
938 1872 1208 1945 βαρύνων,
1261 1878 1399 1948 μηδὲ
1446 1878 1765 1948 λαμϐάνων,
1808 1884 1858 1935 εί
1910 1884 2006 1937 καὶ

433 1961 574 2029 ὑπὲρ
619 1961 728 2015 τῶν
758 1965 815 2017 ἐν
863 1964 1259 2042 Ἱεροσολύμοις
1302 1974 1550 2042 πενήτων
1584 1973 1828 2043 ἀδελφῶν
1862 1992 2005 2044 παρ-

2607 716 2937 785 QU/ESTIO
2960 715 3198 773 LXXIII.

2114 831 2256 887 Num
2286 834 2510 904 debeant
2539 834 2729 889 Patres
2766 834 3178 901 confessionarii
3213 834 3565 904 eleemosynas
3590 851 3690 904 ρος

2184 903 2408 976 ξενίαι-ε,
2438 914 2493 956 ut
2521 905 2622 971 ipsi
2646 922 2736 956 ea:
2755 904 3090 976 distribuant
3108 906 3133 958 Ρ
3158 914 3314 972 atque
3339 906 3385 960 si
3418 903 3687 976 accipiant

2187 972 2540 1043 habeantque,
2571 976 2697 1043 quid
2722 973 2830 1027 illis
2861 974 3163 1043 agendum!

2196 1147 2505 1218 Spiritualis
2563 1149 2724 1205 Pater
2768 1166 2910 1215 non
2976 1151 3139 1207 debet
3209 1152 3326 1222 ipse
3410 1154 3686 1225 postulare

2112 1239 2254 1295 dona
2312 1257 2433 1310 qua:
2474 1243 2527 1296 in
2577 1244 2976 1314 eleemosynam
3042 1246 3347 1313 praestanda
3413 1259 3562 1315 sunt,
3616 1265 3686 1303 ne

2110 1332 2485 1387 confusionem
2509 1343 2561 1389 et
2599 1335 2922 1402 vituperium
2953 1336 3223 1402 incurrat,
3259 1335 3385 1392 dum
3420 1339 3685 1397 fratribus

2111 1425 2422 1479 scandalum
2449 1424 2642 1493 affert;
2675 1427 2768 1480 sed
2797 1428 2840 1479 si
2871 1428 2971 1495 ipsi
3005 1444 3134 1484 cura
3157 1430 3226 1483 sit
3256 1446 3354 1499 pro
3384 1432 3558 1486 salute
3585 1448 3682 1487 sua

2110 1523 2166 1570 et
2198 1530 2295 1585 pro
2335 1517 2709 1571 accedentium
2742 1518 2973 1573 utilitate
3007 1535 3191 1587 agere,
3236 1522 3483 1576 hortetur
3505 1523 3681 1577 solum

2111 1615 2170 1661 ut
2201 1605 2427 1672 faciant,
2450 1616 2506 1662 et
2539 1610 2776 1679 regulam
2819 1609 3056 1664 faciendi
3089 1611 3303 1677 tradat;
3344 1612 3460 1679 ipse
3503 1628 3683 1668 autem

2111 1698 2341 1753 minime
2396 1699 2606 1768 aliquid
2661 1702 2904 1770 accipiat
2938 1720 2951 1755 :
2984 1702 3056 1756 ita
3104 1702 3369 1757 docemur
3414 1720 3443 1757 a
3500 1705 3682 1760 multis

2107 1788 2310 1842 sanctis
2340 1789 2534 1856 quibus
2568 1805 2777 1845 summa
2813 1791 2912 1845 fuit
2944 1808 3072 1847 cura
3120 1806 3177 1847 ut
3206 1809 3315 1849 non
3342 1796 3678 1864 acciperent.

2107 1875 2183 1930 Ita
2217 1877 2452 1933 faciebat
2479 1879 2703 1946 Paulus,
2732 1882 3005 1936 neminem
3040 1897 3315 1951 premens,
3341 1900 3396 1939 et
3422 1886 3554 1939 nihil
3582 1902 3681 1954 pro

2108 1984 2165 2025 se
2195 1972 2486 2039 accipiens,
2527 1972 2774 2041 quamvis
2799 1975 2958 2028 enixe
2996 1962 3269 2047 satageret
3307 1977 3680 2047 eleemosynas

434 2058 602 2111 εκίνει
636 2074 696 2110 τε
745 2059 838 2119 καὶ
891 2062 1241 2119 ἀπέστελλεν.
1290 2063 1759 2134 Ἀναγκαζόμενος
1812 2067 1867 2119 δέ
1922 2084 1996 2130 τις

2112 2061 2444 2129 pauperibus
2478 2062 2739 2116 fratribus
2771 2064 2862 2131 qui
2908 2074 3067 2117 erant
3101 2066 3155 2118 in
3195 2064 3491 2121 Jerusalem
3528 2068 3677 2122 colli-

376 2180 381 2181 ν
432 2151 619 2206 λαϐεῖν
650 2153 756 2206 ἀπὸ
787 2154 1025 2218 πίστεως
1067 2156 1162 2209 τοῦ
1191 2157 1448 2222 διδόντος,
1485 2158 1646 2212 πάλιν
1676 2161 1758 2223 είς
1795 2160 2003 2228 πληρο-

435 2243 633 2312 φορίαν
658 2242 870 2310 τούτου,
913 2244 1054 2312 μετά
1101 2247 1194 2298 καὶ
1232 2248 1491 2315 γνώσεως
1542 2249 1707 2305 αὐτοῦ
1740 2251 1836 2305 καὶ
1860 2251 2004 2322 εἰδή-

433 2350 570 2394 σεως
591 2334 661 2387 τὰ
696 2334 835 2403 ὑπὲρ
865 2335 1032 2389 αύτοῦ
1061 2340 1308 2404 ποιείτω,
1345 2340 1432 2392 ἵνα
1476 2341 1550 2411 μὴ
1591 2342 1855 2412 διχόνοιαν
1881 2345 2001 2417 ἔχῃ.

431 2422 494 2476 Εί
534 2421 630 2477 οὖν
680 2424 885 2495 ἱερεὺς,
923 2425 1249 2496 λαμϐάνετω
1313 2429 1407 2481 καὶ
1463 2430 1626 2492 αὐτὸς
1657 2431 1732 2494 ὡς
1780 2432 1997 2502 ἱερεύς⁶

429 2516 525 2569 καὶ
556 2517 777 2586 ἐτέρους
814 2515 872 2568 δὲ
904 2517 1347 2587 προσκαλείσθω,
1389 2520 1483 2571 καὶ
1520 2521 1594 2591 μὴ
1629 2522 1754 2585 τοὺς
1785 2524 1996 2590 φίλους,

428 2610 563 2663 ἀλλά
586 2611 712 2672 τοὺς
746 2610 937 2673 ἐνδεῶς
966 2610 1190 2680 ἔχοντας
1238 2612 1460 2679 μᾶλλον,
1487 2614 1583 2665 καὶ
1624 2614 1751 2677 τοὺς
1780 2616 2001 2669 εὐλαϐε-

431 2703 680 2773 στέρους.
712 2704 773 2756 Εἰ
803 2702 860 2756 δὲ
892 2702 1057 2773 τυχὸν
1089 2702 1328 2771 ἰδιώτης,
1376 2705 1545 2773 μηδὲν
1567 2705 1674 2760 ἀπὺ
1708 2707 1816 2760 τῶν
1840 2710 2000 2779 χάριν

427 2792 787 2863 λειτουργιῶν
853 2793 1151 2862 διδομένων
1221 2792 1586 2863 λαμϐανέτω·
1658 2797 1740 2850 ὅτι
1810 2797 2001 2867 ἱερέων

425 2883 623 2951 ταῦτα,
656 2884 749 2937 καὶ
798 2883 1006 2953 ἱερεῦσι
1054 2883 1378 2953 διανεμέτω.
1429 2886 1561 2937 Ἀπὸ
1594 2886 1651 2938 δὲ
1716 2887 1824 2939 τῶν
1868 2888 2001 2940 διδο-

428 2973 604 3042 μένων
664 2975 862 3044 μοῖραν
915 2972 1078 3043 χάριν
1142 2973 1327 3037 ἐλέους
1361 2974 1530 3043 ἐχέτω
1576 2974 1669 3027 καὶ
1715 2974 1876 3037 αύτδς
1911 2991 2002 3027 κο-

424 3064 572 3119 πιῶν
628 3065 698 3119 τὰ
755 3066 856 3136 τῆς
912 3064 1101 3136 χρείας
1149 3065 1465 3134 μεταδιδοὺς
1527 3066 1623 3119 καὶ
1681 3067 1793 3131 τοῖς
1829 3066 2001 3137 πένη-

424 3174 528 3212 σιν.

842 3268 1013 3342 333
1059 3267 1411 3323 Epnrnslz
1440 3269 1565 3325 om.

2104 2165 2250 2219 gere,
2291 2166 2426 2219 quas
2458 2150 2690 2207 fideliter
2722 2153 2990 2208 mittebat.
3025 2154 3078 2209 Si
3116 2155 3241 2224 quis
3275 2171 3404 2209 vero
3435 2159 3678 2226 compul-

2104 2254 2196 2294 sus
2216 2239 2375 2294 fuerit
2392 2240 2459 2295 ab
2475 2241 2736 2297 offerente
2760 2243 2901 2298 fideli
2921 2245 3192 2315 accipere,
3218 2246 3354 2301 nihil
3380 2248 3597 2302 haesitet
3621 2258 3678 2302 et

2105 2331 2341 2386 vicissim
2368 2348 2464 2403 pro
2498 2334 2589 2387 tali
2623 2350 2819 2389 munus
2849 2352 3006 2389 suum
3033 2337 3328 2407 adimpleat
3377 2353 3501 2392 cum
3526 2340 3676 2394 omni
3752 2382 3757 2386 »

2102 2423 2325 2478 scientia
2357 2435 2410 2479 et
2438 2426 2745 2489 sedulitate,
2774 2442 2841 2481 ne
2864 2428 3131 2482 dissensio
3156 2429 3383 2483 oriatur.
3446 2430 3502 2484 Si
3555 2430 3676 2484 fue-
3772 2456 3781 2469 κ

2104 2515 2173 2569 rit
2199 2516 2475 2582 sacerdos,
2510 2517 2742 2587 accipiat
2775 2528 2829 2573 et
2887 2518 3000 2588 ipse
3052 2528 3113 2574 ut
3157 2520 3436 2585 sacerdos,
3477 2520 3675 2576 deinde

2101 2606 2238 2660 alios
2270 2616 2551 2672 convocet,
2580 2623 2686 2663 non
2714 2610 2944 2674 amicos,
2984 2610 3081 2665 sed
3117 2622 3344 2681 egentes
3376 2620 3430 2666 et
3461 2613 3675 2679 sapien-

2106 2696 2289 2749 tiores.
2326 2695 2381 2751 Si
2416 2713 2543 2751 vero
2584 2698 2721 2753 forte
2744 2698 3187 2769 fueritprivatus,
3207 2700 3340 2754 nihil
3364 2700 3673 2755 oblatorum

2101 2793 2326 2855 propter
2372 2787 2626 2841 sacriticii
2663 2789 2917 2842 meritum
2958 2789 3195 2858 accipiat
3232 2791 3359 2853 sibi,
3390 2792 3515 2859 quia
3556 2791 3673 2845 hinc

2103 2876 2448 2930 sacerdotum
2507 2888 2637 2931 sunt
2682 2896 2695 2932 :
2749 2880 3038 2934 distribuat
3076 2896 3207 2950 ergo
3255 2882 3668 2947 sacerdotibus;

2103 2967 2199 3019 sed
2234 2968 2346 3034 ipse
2373 2967 2556 3023 labore
2586 2969 2806 3023 functus
2838 2980 3048 3038 partem
3088 2972 3281 3026 habeat
3321 2983 3540 3042 propter
3571 2974 3672 3029 mi-

2103 3058 2480 3124 sericordiam,
2514 3068 2568 3114 et
2597 3063 2930 3132 pauperibus
2953 3078 3171 3135 quoque
3205 3066 3518 3122 meminerit
3544 3082 3671 3122 eros

2105 3165 2255 3221 gare.

2588 3266 2921 3334 QUIESTIO
2951 3268 3183 3325 LXXIV.

437 3379 501 3436 '0
552 3379 749 3462 ιερερς
791 3383 1170 3462 λειτουρηίας
1197 3382 1547 3462 falcigero;-
1599 3385 1699 3437 καί
1744 3386 1830 3462 μῂ
1877 3389 1996 3462 ζει-

2102 3375 2362 3432 Sacerdos
2407 3378 2680 3462 “iurgium
2712 3381 3084 3462 celebrandam
3109 3385 3174 3462 in_
3202 3398 3259 3436 se
3288 3384 3582 3462 suscipiens
3601 3387 3670 3462 _si

491 3452 777 3522 τουργῶν.
813 3453 883 3522 ,τι
934 3452 1222 3519 προξενεῖ
1266 3453 1347 3518 τῷ
1400 3452 1628 3506 διδόντι
1643 3470 1666 3520 ;
1708 3452 1901 3510 καὶεί
1931 3458 2001 3510 ἐν

495 3521 686 3588 τούτῳ
722 3521 1016 3591 ἐνέχεται.

504 3704 565 3756 '0
609 3702 795 3756 λαϐὼν
848 3703 1007 3773 χάριν
1057 3703 1425 3773 λειτουργίας,
1481 3705 1576 3759 καὶ
1616 3705 1692 3777 μὴ
1742 3707 1994 3777 ποιήσας,

419 3794 666 3864 ἐνέχεται
692 3794 790 3848 καὶ
815 3794 904 3847 διὰ
932 3793 993 3847 τὸ
1032 3794 1107 3863 μὴ
1137 3794 1385 3864 ποιῆσαι,
1417 3795 1512 3848 καὶ
1549 3795 1640 3849 διὰ
1669 3796 1730 3849 τὸ
1763 3798 1997 3851 ἀποστε-

425 3885 591 3956 ρῆσαι
635 3884 731 3938 τοῦ
784 3883 1061 3955 ἀγιασμοῦ
1116 3884 1207 3938 τὸν
1256 3886 1718 3955 προσενεγκόντα.
1769 3887 1846 3941 Ού
1885 3888 1994 3959 γὰρ

416 3977 764 4045 λειτουργίας
788 3976 1059 4045 λαμϐάνει
1101 3976 1404 4045 ἀγιασμδν,
1440 3975 1556 4030 ἀλλ’
1591 3978 1722 4040 ἴσως
1753 3977 1991 4047 ἐλεημο-

418 4069 587 4137 σύνης
616 4066 834 4137 μισθόν·
848 4068 953 4145 ,καὶ
975 4067 1038 4120 ού
1058 4066 1333 4133 τοσοῦτον,
1358 4063 1471 4121 οἷον
1489 4070 1537 4121 εί
1554 4069 1754 4122 δέδωκε
1772 4068 1991 4140 πένητι.

415 4160 510 4212 Διὸ
539 4162 649 4221 πᾶς
682 4161 710 4212 ὁ
752 4159 937 4212 λαϐὼν
965 4158 1373 4229 λειτουργείτω,
1409 4158 1498 4213 ἵνα
1529 4158 1606 4230 μὴ
1647 4161 1742 4213 καὶ
1765 4159 1840 4223 ὡς
1875 4160 1991 4214 ἀδι-
2030 4152 2035 4155 ’

414 4249 551 4311 κῶν,
593 4250 691 4302 καὶ
728 4248 804 4311 ὡς
835 4248 1104 4313 κλέπτων,
1145 4251 1241 4302 καὶ
1277 4249 1369 4303 τὸν
1414 4248 1645 4319 ἀδελφὸν
1670 4250 1993 4321 ἀποστερῶν

412 4340 508 4395 τοῦ
531 4339 831 4411 άγιασμοῦ,
865 4340 1231 4411 κατακριθείη
1259 4341 1412 4410 παρὰ
1441 4338 1600 4394 Θεοῦ.

948 4431 1297 4485 ΕΡΩΤΗΣΙΣ
1331 4429 1459 4484 οιιγ.

644 4521 794 4576 Ποία
822 4522 1108 4588 κρείττων
1144 4521 1537 4589 ἐλεημοσύνη
1564 4521 1777 4589 ἑστίη

496 4607 555 4661 Ὀ
588 4610 910 4679 βουλόμενος
936 4610 1111 4663 ποιεῖν
1133 4608 1523 4680 ἐλεημοσύνην,
1551 4613 1598 4665 εί
1628 4612 1849 4667 δύναται
1879 4612 1987 4686 πρί,

2178 3464 2294 3526 eum
2317 3465 2442 3526 non
2476 3449 2719 3526 celebret,
2753 3452 2878 3526 quid
2919 3453 3087 3518 prosit
3127 3454 3174 3526 ei
3208 3453 3298 3526 qui
3337 3449 3445 3526 pro
3463 3455 3558 3508 illa
3587 3458 3672 3526 fa-

2175 3518 2363 3570 cienda
2401 3519 2595 3570 donum
2625 3518 2838 3584 obtulit,
2876 3532 2923 3572 et
2956 3536 3083 3573 num
3104 3523 3174 3573 ad
3202 3518 3353 3575 illam
3377 3518 3670 3582 obtundant

2166 3587 2234 3639 sit
2264 3587 2542 3655 obligatus.

2167 3696 2269 3763 Qui
2299 3699 2509 3767 accepit
2544 3698 2599 3752 in
2637 3698 2868 3769 gratiam
2912 3699 3197 3771 sacriﬁcii,
3228 3703 3273 3757 si
3303 3702 3407 3759 hoc
3429 3720 3539 3761 non
3570 3710 3671 3765 εᾶ-

2096 3788 2342 3859 impleat,
2379 3804 2505 3843 vere
2552 3805 2681 3844 reus
2734 3800 2819 3845 est
2848 3794 2992 3862 quod
3023 3808 3134 3847 non
3166 3796 3548 3864 satisfecerit,
3606 3810 3669 3857 et
3720 3846 3760 3856 ..

2095 3881 2241 3953 quod
2274 3880 2597 3935 offerentem
2630 3880 2809 3935 fructu
2839 3891 2894 3937 et
2930 3885 3366 3941 sanctiﬁcatione
3405 3888 3666 3947 sacrificii

2094 3971 2412 4043 privaverit.
2446 3970 2561 4025 Non
2608 3972 2756 4027 enim
2786 3974 3040 4030 sacrificii
3078 3976 3334 4033 meritum
3377 3981 3665 4051 suscipiet,

2093 4063 2186 4118 sed
2217 4071 2427 4116 tantum
2449 4062 2681 4132 pretium
2701 4065 3079 4135 eleemosynae,
3102 4068 3276 4122 minus
3296 4077 3476 4125 tamen
3500 4088 3668 4141 quam

2092 4153 2138 4208 si
2163 4153 2382 4223 pauperi
2405 4153 2674 4208 tribuerit.
2700 4155 2878 4218 Quare
2894 4156 3073 4209 omnis
3094 4157 3187 4226 qui
3207 4158 3286 4213 sic
3304 4160 3506 4227 accipit
3522 4163 3669 4218 cele-

2092 4242 2578 4310 bretsacriftcium,
2605 4259 2670 4297 ne
2694 4244 3084 4298 condemnetur
3106 4260 3137 4299 a
3168 4244 3276 4300 Deo
3304 4257 3362 4300 ut
3395 4247 3663 4319 injustas.

2094 4344 2153 4387 ut
2184 4333 2289 4399 fur,
2322 4332 2417 4402 qui
2446 4332 2670 4387 fratrem
2702 4332 2883 4388 fructu
2916 4349 3072 4388 sacro
3096 4335 3372 4404 spoliavit.

2579 4421 2904 4489 QUESTIO
2940 4406 3163 4480 'Lxxv.

2231 4515 2510 4580 Quodnam
2542 4516 2611 4569 sit
2644 4532 2803 4585 genus
2833 4517 3089 4583 Optimum
3133 4517 3496 4589 eleemosynw.

2160 4604 2262 4671 Qui
2288 4606 2690 4675 eleemosynam
2725 4604 2905 4659 facere
2938 4605 2991 4658 in
3023 4606 3207 4659 animo
3235 4607 3509 4674 habuerit,
3534 4619 3674 4664 ante

411 4700 631 4755 πάντων
666 4702 810 4772 ὑπὲρ
849 4701 1188 4771 ἐλευθερίας,
1227 4701 1303 4764 ὡς
1335 4702 1569 4773 ἔφημεν,
1608 4704 1834 4760 ποιείτω
1876 4706 1985 4762 τῶν

2097 4698 2291 4765 omnia,
2323 4709 2382 4752 ut
2414 4697 2672 4764 diximus,
2694 4695 2857 4751 faciat
2883 4697 2937 4751 in
2962 4696 3264 4752 libertatem
3296 4699 3667 4767 captivorum,

409 4793 798 4862 αἰχμαλώτων,
839 4794 934 4847 καὶ
982 4793 1217 4863 μάλιστα
1249 4793 1457 4865 νηπίων
1478 4795 1573 4848 καὶ
1613 4796 1819 4849 παίδων
1862 4814 1982 4851 κιν-

408 4883 740 4937 δυνευόντων
766 4884 906 4938 κατὰ
929 4884 1110 4955 ψυχήν
1128 4901 1144 4917 ο
1171 4880 1295 4938 εἶτα
1316 4884 1458 4957 ὑπὲρ
1479 4902 1538 4938 τε
1565 4886 1757 4956 ἱερέων
1783 4890 1983 4960 αἰχμάν-

407 4972 597 5026 λώτων
627 4973 722 5026 καὶ
756 4976 1013 5045 γηραιῶν
1048 4974 1144 5028 καὶ
1168 4974 1391 5031 λοιπῶν.
1419 4975 1681 5048 Δεύτερον
1707 4978 1763 5032 δὲ
1791 4979 1981 5034 διδότω

407 5062 665 5117 ἀσθενέσι
694 5063 1107 5135 λελωϐημένοιςν
1134 5082 1197 5119 τε
1229 5066 1327 5119 καὶ
1358 5065 1566 5130 λοιποῖς
1589 5070 1701 5130 τοῖς
1730 5070 1823 5123 καὶ
1844 5071 1979 5123 πολ-

408 5155 506 5223 λῆς
541 5154 794 5227 βοηθείας
828 5156 1125 5226 δεομένοις.
1159 5158 1271 5211 Σὺν
1305 5157 1491 5221 αὐτοῖς
1522 5157 1579 5211 δὲ
1621 5161 1718 5212 καὶ
1754 5163 1866 5224 τοῖς
1899 5161 1987 5218 διὰ

405 5240 541 5294 Θεὸν
581 5243 1022 5307 ὲναποκλείστοις
1052 5243 1163 5297 τῶν
1213 5245 1487 5315 μοναχῶν,
1523 5246 1598 5309 ὡς
1649 5248 1701 5300 οἱ
1744 5248 1986 5317 Πατέρες

406 5332 596 5401 φασὶν,
624 5333 747 5388 ἐπεὶ
767 5329 904 5388 Θεοῦ
929 5334 1107 5389 δοῦλοι
1145 5327 1312 5402 οὗτοι,
1341 5336 1437 5390 καὶ
1468 5335 1632 5407 ἔργον
1660 5339 1989 5410 ἐνεργοῦσιν

406 5425 679 5493 ἀγγέλων,
713 5428 810 5479 καὶ
839 5426 926 5480 διὰ
955 5426 1089 5480 θεόν
1132 5428 1269 5480 εἰσιν
1325 5429 1759 5497 ἐναπόκλειστοι,
1804 5433 1897 5486 καὶ
1929 5433 1985 5486 ετ

404 5531 471 5584 γε
500 5516 638 5579 ζῶσι
671 5516 823 5571 κατάι
839 5517 992 5581 Θεὸν,
1036 5518 1095 5573 ὲν
1131 5519 1316 5582 αὐτοῖς
1346 5522 1518 5575 πᾶσαι
1555 5522 1889 5593 πληροῦνται
1919 5525 1980 5579 ai

403 5606 619 5661 ὲντολαί
636 5622 649 5637 ·
678 5607 877 5662 ἔπειτα
903 5612 1013 5672 τοῖς
1035 5609 1095 5664 ὲν
1119 5608 1338 5681 φυλακῇ
1369 5611 1465 5664 καὶ
1489 5612 1707 5682 χήραις,
1738 5614 1832 5668 καὶ
1862 5614 1973 5668 λοι-

404 5699 527 5762 ποῖς
559 5698 761 5765 ἄλλοις,
794 5698 870 5771 μὴ
896 5699 1013 5763 ἔθος
1046 5700 1230 5772 ἔχουσι
1252 5701 1352 5773 τῆς
1379 5703 1556 5767 οίκίας
1580 5704 1816 5769 ἐξελθεῖν
1834 5720 1850 5738 ο
1877 5706 1973 5761 καὶ

404 5790 713 5846 τελευταῖον
757 5792 866 5855 τοῖς
904 5790 1111 5855 λοιποῖς
1153 5788 1324 5846 ἅπασι
1374 5792 1629 5863 πτωχοῖς.
1660 5794 1772 5849 Καὶ
1801 5795 1966 5864 ἡτῶν

2096 4790 2331 4844 maxime
2360 4788 2646 4842 infantium
2670 4800 2726 4842 et
2750 4802 3042 4857 puerorum
3065 4790 3155 4855 qui
3182 4787 3236 4840 in
3260 4789 3499 4852 periculo
3527 4797 3671 4844 suntr

2092 4895 2190 4951 pro
2212 4882 2391 4935 anima
2416 4898 2430 4947 ;
2466 4880 2663 4935 deinde
2682 4894 2779 4949 pro
2796 4878 3168 4934 sacerdotibus
3184 4878 3431 4946 captivis,
3454 4894 3550 4948 pro
3572 4895 3658 4935 se-

2086 4973 2250 5028 nibus
2283 4981 2338 5027 et
2363 4972 2574 5025 caeteris
2608 4970 2882 5025 omnibus.
2908 4968 3102 5024 Postea
3126 4968 3389 5037 injuriose
3412 4971 3665 5027 tractatis

2085 5065 2376 5134 egentibus
2398 5070 2589 5132 eroget
2615 5070 2673 5114 et
2693 5060 2901 5114 caeteris
2932 5059 3131 5128 quibus
3153 5059 3361 5114 auxilio
3387 5071 3663 5130 praestan-

2085 5156 2207 5212 tiori
2231 5170 2369 5225 opus
2393 5161 2500 5208 est.
2538 5153 2685 5207 Inter
2714 5166 2853 5221 quos
2877 5151 3276 5205 annumerandi
3303 5163 3434 5207 sunt
3454 5162 3510 5208 et
3531 5169 3652 5212 meo

2083 5246 2244 5303 nachi
2280 5254 2503 5316 propter
2536 5245 2704 5299 Deum
2738 5241 2962 5310 reclusi,
3002 5251 3062 5298 ut
3090 5243 3390 5313 loquuntur
3426 5245 3665 5314 Patres;

2084 5344 2212 5403 sunt
2240 5335 2387 5389 enim
2420 5333 2517 5388 Dei
2548 5333 2711 5399 servi,
2737 5332 3053 5404 angelorum
3079 5333 3340 5402 operibus
3373 5338 3660 5406 occupati,

2084 5427 2443 5482 reclusionem
2493 5434 2714 5496 propter
2745 5423 2914 5480 Deum
2950 5426 3259 5496 eligentes;
3291 5442 3526 5497 cumque
3559 5442 3655 5483 se»-

2081 5520 2320 5574 cundum
2355 5517 2523 5573 Deum
2561 5518 2772 5584 vivant,
2810 5519 2866 5572 in
2907 5518 3040 5588 ipsis
3069 5519 3253 5574 omnia
3283 5519 3663 5589 adimplentur

2080 5611 2375 5677 mandata;
2397 5611 2595 5666 deinde
2624 5625 2846 5665 carcere
2867 5610 3103 5667 detentis
3128 5620 3182 5667 et
3199 5611 3375 5666 viduis
3406 5611 3661 5667 tribuen—

2080 5701 2208 5757 dum
2238 5710 2291 5756 et
2317 5703 2547 5766 caeteris,
2583 5701 2677 5772 qui
2713 5716 2744 5755 a
2767 5686 2947 5756 domo.
2970 5699 3253 5756 discedere
3296 5716 3405 5757 non
3436 5701 3658 5769 solent;
3688 5689 3699 5699 ’

2079 5803 2353 5865 postremo
2381 5794 2598 5851 mlseris
2660 5794 3125 5863 quibuscumque.»
3168 5792 3370 5851 Curam
3429 5808 3656 5865 quoque
