4118 6494
331 388 433 452 9η

1046 390 1438 450 RESPONSA
1479 391 1575 450 AD
1606 389 2049 450 GABitIEI.EM
2087 393 2803 459 PENTAPOLITANUM.

3470 398 3569 459 933

332 500 749 568 ἀσυγχώρητον.
785 501 932 571 Πλὴν
964 503 1074 566 τοῖς
1112 503 1185 574 μὴ
1218 504 1578 572 προσελθοῦσι
1611 507 1676 574 τῇ
1721 504 1898 556 πίστει

2030 524 2146 570 κει-ο,
2178 521 2230 563 et
2261 512 2340 564 sic
2368 524 2626 582 negarent
2649 515 2746 579 ipsi
2777 521 3092 582 potestatem
3129 509 3218 565 Dei
3255 511 3526 580 propriam
3553 532 3564 572 :

332 591 724 661 ἀσυγχώρητον
755 594 907 646 ἔσται
941 597 1157 661 μόνοις·
1213 599 1320 659 πᾶς
1364 597 1420 648 δὲ
1471 598 1767 657 πιστεύσας
1803 594 1899 646 καὶ

331 683 652 751 βαπτισθεὶς
684 684 1006 754 σωθήσεται.
1035 688 1147 739 Kal
1176 689 1304 756 περὶ
1331 687 1522 740 τούτου
1557 687 1745 740 πολλοί
1767 704 1900 753 φασι

333 775 440 827 τῶν
469 775 665 842 ἁγίων,
713 778 810 828 καὶ
863 777 1073 838 Παῦλος
1119 783 1147 832 6
1187 780 1379 849 πρώην
1435 779 1757 848 βλάσφημος
1808 779 1902 830 καὶ

332 855 703 939 χριστοκήρυξ
737 869 962 940 ὕστερον
993 875 1280 942 μαρτυρεῖ.

876 1115 1204 1169 ΕΡΩΤῐ-ΙΣΙΣ
1253 1119 1374 1171 οΘ’.

341 1226 406 1282 Τί
445 1226 534 1292 τὸ,
563 1245 583 1278 ‹
632 1227 918 1292 Ἐπτάκις
963 1229 1074 1293 τῆς
1111 1228 1332 1297 ἡμέρας
1371 1231 1564 1298 ᾔνεσά
1596 1247 1702 1284 σε·
1741 1251 1758 1282 ι
1805 1233 1903 1285 καὶ

664 1302 827 1363 τίνες
859 1301 918 1351 αἱ
944 1299 1093 1352 ἑπτὰ
1125 1301 1393 1364 αὶνέσεις
1425 1304 1549 1354 εἰσ(
1567 1318 1586 1363 ,-

415 1411 506 1474 Τὸ,
544 1430 563 1463 ι
613 1410 874 1472 Ἑπτάκις
911 1411 1009 1478 τῆς
1041 1411 1257 1481 ἡμέρας
1289 1413 1456 1483 ᾔνεσά
1500 1430 1580 1474 σε,
1623 1431 1640 1463 ι
1691 1414 1750 1466 τὸ
1780 1413 1906 1465 πο).-

337 1503 498 1563 λᾶκις
535 1502 686 1570 δηλοῖ
725 1502 1035 1564 διαπαντὸς,
1073 1503 1150 1564 ώς
1203 1505 1297 1554 καὶ
1343 1505 1400 1556 ἐν
1448 1504 1628 1564 ἄλλοις
1674 1506 1701 1556 6
1744 1505 1906 1568 αὐτὸς

339 1593 632 1663 ψαλμῳδὸς
666 1597 952 1663 προφήτης
983 1594 1168 1662 φησὶν,
1201 1611 1221 1646 ‹
1260 1595 1552 1662 Εὑλογήσω
1589 1595 1679 1648 τὸν
1705 1597 1907 1666 Κύριον

343 1690 399 1739 ὲν
431 1687 594 1738 παντὶ
631 1687 830 1756 καιρῷ.
873 1706 891 1738 ι
939 1689 1048 1741 Kal
1089 1688 1271 1750 πάλιν,
1316 1707 1335 1739 ι
1367 1688 1730 1758 Διαπαντὺςὴ
1763 1691 1910 1742 αἴνε-

341 1795 425 1837 σι;
466 1777 635 1832 αὑτοῦ
684 1779 740 1829 ἐν
779 1778 852 1845 τῷ
901 1779 1129 1848 στόματί
1178 1796 1302 1848 μου.
1360 1799 1379 1830 ι
1435 1781 1542 1834 Kal
1596 1783 1624 1834 6
1679 1783 1821 1844 θεῖος
1851 1782 1907 1835 δὲ

2009 605 2110 656 hoc
2137 604 2270 656 dixit
2295 605 2704 667 irremissibile;
2740 605 2845 658 illis
2871 615 3045 658 tamen
3076 604 3452 657 tantummodo
3478 602 3568 668 qui

2009 693 2130 746 ﬁdei
2163 695 2418 747 meritum
2450 696 2731 758 abnuent;
2765 711 2888 748 nam
2918 695 3096 749 omnis
3142 695 3230 762 qui
3269 693 3573 746 crediderit

2007 794 2058 839 et
2092 786 2404 855 baptizatus
2435 787 2603 841 fuerit
2643 787 2961 840 salvabitur.
3005 786 3080 839 De
3130 787 3232 838 hoc
3277 773 3570 852 loquuntur

2005 877 2224 946 plurimi
2251 888 2588 943 sanctorum,
2610 887 2663 931 et
2694 878 2807 946 ipse
2839 876 3037 932 Paulus
3067 877 3296 946 primum
3325 874 3574 946 blasphe-

2009 977 2203 1033 mator,
2243 967 2442 1022 deinde
2474 968 2672 1022 Lhristi
2710 969 3058 1039 praedicator,
3094 975 3342 1022 testatur.

2489 1121 2820 1190 QUIESTIO
2849 1121 3058 1176 LXXIX
3071 1163 3084 1176 .

2011 1237 2140 1303 Quis
2166 1253 2348 1290 sensus
2366 1239 2661 1295 verborum.
2683 1255 2700 1286 ι
2727 1235 2922 1296 Septies
2946 1251 3034 1299 per
3051 1235 3184 1286 diem
3211 1243 3256 1285 te
3282 1231 3492 1286 laudavi
3515 1249 3574 1298 μ

2137 1317 2185 1360 et
2232 1323 2473 1376 quamam
2515 1316 2636 1359 sunt
2681 1316 2873 1374 septem
2921 1303 3028 1358 1'in
3053 1303 3423 1358 laudationes?

2078 1419 2210 1474 Illud
2241 1420 2311 1480 ῑῗι
2336 1420 2546 1486 Septies
2576 1419 2628 1471 in
2661 1419 2748 1471 die
2777 1418 2988 1472 laudem
3012 1418 3123 1470 dixi
3158 1417 3251 1469 tibi
3286 1417 3323 1481 ¹,
3361 1434 3378 1466 ι
3408 1415 3583 1486 signi-

2012 1509 2135 1563 ficat
2167 1508 2373 1578 plurics
2404 1517 2494 1560 aut
2528 1515 2847 1575 semper,ut
2877 1507 3005 1559 alibi
3043 1506 3278 1572 loquitur
3306 1506 3420 1572 ipse
3452 1519 3581 1573 pro—

2012 1603 2265 1672 plteticus
2308 1601 2516 1656 Psaltes
2555 1617 2567 1655 :
2603 1618 2620 1650 ‹
2663 1599 2985 1654 Benedicam
3023 1598 3313 1651 Dominum
3350 1597 3403 1649 in
3434 1596 3581 1647 οηιηί

2012 1703 2258 1762 tempore
2290 1697 2339 1758 ’;
2377 1711 2395 1744 ι
2431 1701 2483 1745 et
2515 1692 2712 1745 iterum
2747 1705 2763 1749 :
2803 1709 2821 1741 ι
2849 1689 3077 1757 Semper
3107 1687 3226 1740 laus
3253 1686 3372 1754 ejus
3401 1685 3454 1736 in
3493 1698 3585 1736 ore

2012 1800 2134 1839 meo
2167 1785 2207 1838 ³.
2244 1803 2261 1835 ι
2299 1785 2362 1838 Et
2402 1792 2626 1838 sanctus
2671 1782 2869 1835 Paulus
2902 1798 2914 1833 :
2947 1799 2964 1830 ‹
3017 1779 3146 1833 Sine
3175 1776 3586 1832 intermissione

344 1869 577 1932 Παῦλος,
609 1887 627 1918 ι
675 1868 1064 1930 Ἀδιαλεέπτως
1105 1870 1492 1939 προσεύχεσθε,
1527 1873 1584 1922 ὲν
1621 1872 1784 1924 παντὶ
1816 1873 1906 1924 εὑ-

2030 1888 2184 1943 )rate,
2238 1877 2292 1929 in
2323 1876 2579 1930 omnibus
2640 1874 2843 1944 gratias
2890 1873 3032 1941 agite
3066 1869 3111 1925 ⁸.
3145 1889 3163 1922 ι
3221 1866 3588 1922 Excellentius

345 1963 678 2030 χαριστεῖτεε
717 1979 734 2010 ι
784 1961 1110 2029 Ἑξαιρᾶτως
1159 1963 1217 2015 δὲ
1268 1965 1296 2015 6
1347 1963 1506 2032 μόνος
1536 1965 1729 2034 Σωτὴρ
1767 1965 1910 2018 οὕτω

346 2051 592 2103 διδάσκει
619 2064 635 2078 ·
681 2069 699 2102 ι
738 2051 1066 2119 Γρηγορεῖτε
1099 2049 1191 2106 οὖν
1217 2056 1276 2106 ὲν
1320 2059 1482 2108 παντὶ
1511 2056 1689 2124 καιρῷ
1719 2056 1914 2125 δεόμεο

345 2160 449 2196 νοι.
487 2162 506 2195 ι
546 2144 732 2208 Διατις
770 2145 884 2196 Ἵνα
914 2139 1064 2214 ὦμεν
1093 2145 1151 2196 ἓν
1183 2147 1320 2214 μετὰ
1345 2146 1438 2198 τοῦ
1475 2147 1631 2211 Θεοῦ,
1661 2150 1799 2216 ὅπερ
1825 2149 1916 2217 ἐρ-

349 2250 444 2297 γον
491 2235 639 2286 ἐστὶν
679 2235 1060 2288 ἀδιάλειπτον·
1115 2238 1146 2305 ἡ
1203 2237 1477 2307 προσευχὴ
1533 2239 1643 2309 γάρ
1678 2240 1789 2293 ἑνοῖ
1838 2239 1915 2310 τῷ

348 2326 506 2396 Θεῷ·
541 2327 567 2378 ὃ
600 2328 816 2380 πάντων
848 2327 1024 2395 ἔργων
1062 2328 1180 2381 ἐστὶ
1214 2330 1490 2398 μέγιστον.
1527 2332 1636 2384 Καὶ
1660 2332 1710 2384 τι
1731 2334 1914 2402 κρεῖτ-

350 2437 440 2471 τον
465 2418 558 2471 τοῦ
589 2419 800 2486 ὁμιλεῖν
831 2419 907 2486 τῷ
942 2419 1081 2488 Θεῷ,
1118 2423 1210 2473 καὶ
1239 2416 1379 2474 εἶναι
1413 2422 1552 2490 μετά
1576 2424 1712 2477 Θεοῦ
1737 2442 1752 2490 ;
1781 2427 1917 2495 ὅπερ

352 2510 513 2577 ἔργον
570 2509 818 2577 ἀγγέλων
873 2511 1023 2563 ἐστὶν
1054 2511 1418 2566 ἀδιάλειπτον.
1471 2513 1561 2566 Ἐν
1603 2516 1778 2584 τούτῳ
1821 2512 1917 2568 οὖν

352 2601 448 2654 καὶ
493 2601 569 2663 ὡς
614 2602 836 2668 ἄγγελοι
875 2604 1062 2672 ἐσμεν,
1117 2604 1213 2657 καὶ
1247 2604 1576 2676 ’λειτουργοὶ
1627 2606 1786 2671 Θεοῦ,
1823 2609 1918 2660 καὶ

356 2694 641 2756 ποιοῦντες
671 2694 731 2746 τὸ
781 2695 992 2763 θέλημα
1027 2695 1215 2758 αὐτοῦ,
1260 2699 1352 2750 καὶ
1382 2697 1614 2766 καθαροὶ¹
1642 2700 1740 2767 τὴν
1783 2717 1920 2769 καρ-

356 2788 496 2850 δίαν,
537 2789 628 2841 καὶ
659 2788 790 2840 Θεὸν
820 2789 1074 2858 ὁρῶντες,
1115 2791 1209 2841 καὶ
1235 2789 1470 2858 ὑμνῳδοὶ
1504 2790 1658 2853 Θεῖοι,
1692 2791 1786 2842 καὶ
1820 2791 1920 2860 τὴν

356 2875 577 2944 ὀφειλὴν
608 2877 951 2940 ἀποδιδόντες
987 2875 1155 2944 αὐτῷ.
1198 2877 1291 2930 Ἐκ
1313 2877 1505 2930 τούτου
1533 2877 1588 2931 δὲ
1612 2878 1707 2931 καὶ
1729 2878 1923 2932 καθαι-

364 2970 602 3038 ρόμενοι,
639 2970 732 3021 καὶ
759 2969 914 3031 λύσιν
951 2969 1324 3039 λαμϐάνοντες
1357 2972 1466 3023 τῶν
1495 2971 1802 3039 ἁμαρτιῶν,
1829 2973 1924 3024 καὶ

358 3063 716 3131 λυτρούμενοι
747 3063 811 3114 ἐκ
850 3061 944 3114 τοῦ
973 3061 1211 3132 πονηροῦ
1254 3062 1349 3115 xal
1376 3065 1441 3114 ἐκ
1487 3063 1685 3124 παντὸς
1735 3081 1926 3132 πειρα-

2013 1969 2130 2037 ipse
2180 1967 2428 2021 Salvator
2477 1968 2581 2021 hoc
2627 1966 2789 2019 docet
2832 1981 2845 2019 :
2890 1983 2908 2014 ι
2950 1962 3177 2031 Vigilate
3209 1961 3392 2029 itaque
3436 1960 3587 2012 omni

2013 2065 2259 2125 tempore
2301 2065 2523 2109 orantes
2547 2055 2595 2107 ⁵.
2629 2071 2647 2103 ι
2692 2051 3042 2118 Quarenam?
3079 2050 3152 2105 Ut
3204 2049 3378 2102 simus
3418 2063 3588 2099 unum

2013 2141 2134 2204 cum
2188 2149 2298 2202 Deo
2331 2187 2345 2210 .
2375 2161 2542 2216 opere
2571 2145 2779 2200 scilicet
2804 2152 3068 2214 perpetuo
3119 2141 3427 2212 fungentes.
3461 2141 3593 2192 Ora-

2019 2245 2166 2296 tione
2191 2240 2577 2309 conjungimur
2605 2237 2751 2300 Deo;
2804 2238 2909 2290 hoc
2955 2243 3036 2288 est
3077 2248 3307 2303 operum
3339 2230 3588 2286 omnium

2017 2333 2336 2386 maximum.
2383 2330 2520 2395 Quid
2554 2327 2700 2382 enim
2725 2327 2952 2397 dignius
2983 2341 3148 2396 quam
3184 2324 3278 2378 Dei
3314 2323 3594 2391 colloquio

2020 2425 2119 2488 uti,
2152 2434 2207 2478 et
2244 2426 2351 2476 Deo
2371 2420 2606 2474 adesse?
2637 2419 2748 2474 lloc
2774 2434 2910 2489 opus
2940 2418 3257 2488 angelorum
3287 2415 3592 2470 assiduum.

2020 2516 2152 2568 Dum
2186 2512 2350 2584 igitur
2383 2512 2474 2566 tali
2501 2510 2654 2580 operi
2699 2524 2958 2564 vacamus
2998 2508 3147 2564 sicut
3173 2506 3345 2575 angeli
3382 2518 3592 2564 sumus,

2017 2617 2071 2661 et
2101 2606 2194 2660 Dei
2231 2606 2484 2668 ministri,
2509 2613 2562 2659 et
2590 2604 2920 2657 voluntatem
2947 2601 3067 2670 ejus
3096 2601 3462 2672 perﬂeientes,
3495 2599 3596 2652 im-

2021 2697 2270 2751 maculati
2299 2697 2482 2759 corde,
2522 2696 2613 2748 Dei
2661 2703 3024 2763 spectatores,
3061 2691 3231 2746 divini
3278 2691 3591 2745 modulato-

2024 2803 2131 2850 res,
2165 2787 2267 2856 ipsi
2297 2786 2405 2840 Deo
2439 2785 2785 2840 familiariter
2815 2785 3197 2840 inservientes.
3239 2781 3340 2836 Per
3384 2781 3591 2834 oratio—

2024 2893 2148 2933 nem
2177 2878 2320 2931 enim
2355 2877 2698 2939 mundamur,
2747 2885 2800 2929 et
2839 2883 3183 2944 peccatorum
3217 2872 3593 2927 remissionem

2025 2968 2357 3038 accipimus;
2390 2986 2416 3021 a
2448 2967 2592 3022 malo
2644 2977 2700 3021 et
2732 2968 2854 3037 ejus
2901 2965 3293 3020 tentationibus
3337 2963 3595 3017 omnibus

2028 3061 2346 3123 liberamur,
2377 3058 2525 3129 digni
2573 3060 2780 3113 lumine
2829 3067 2883 3113 et
2928 3071 3099 3127 regno
3158 3056 3253 3110 Dei
3306 3057 3596 3111 habemur.

365 3153 528 3220 σμοῦ,
565 3156 654 3204 καὶ
688 3155 752 3205 ἐκ
783 3154 1000 3207 πάντων
1027 3155 1136 3206 τῶν
1168 3154 1554 3222 ἐπερχομένων
1596 3153 1807 3215 δεινῶν,
1835 3155 1924 3206 καὶ

2032 3151 2147 3206 Ιιηο
2173 3166 2307 3206 vero
2335 3152 2458 3220 quis
2485 3165 2807 3206 enumerare
2837 3149 2920 3204 vel
2954 3150 3145 3204 saltem
3178 3149 3361 3204 dicere
3397 3151 3600 3218 poterit

361 3241 506 3305 ἄξιοι
549 3240 827 3308 γινόμενοι
861 3243 959 3310 τῆς
1006 3240 1170 3294 αὑτοῦ
1223 3243 1640 3311 παραστάσεως,
1691 3244 1786 3296 καὶ
1830 3241 1924 3295 τοῦ

362 3331 648 3400 φωτισμοῦ
684 3333 848 3384 αὑτοῦ
893 3332 988 3385 καὶ
1032 3332 1129 3400 τῆς
1161 3333 1436 3401 βασιλείας
1486 3336 1924 3402 καταξιοὺμενοι.

363 3420 476 3472 Kal
528 3421 610 3472 ἔτι
666 3420 749 3482 τις
794 3421 1114 3491 ἀριθμήσει,
1164 3421 1196 3491 ἢ
1238 3422 1321 3484 τίς
1373 3424 1659 3492 δυνήσεται
1693 3424 1929 3489 ἐξειπεῖν

362 3509 531 3574 ὰξῖως
582 3513 650 3564 τὰ
702 3512 791 3564 διὰ
843 3514 940 3579 τῆς
991 3515 1298 3584 προσευχῆς
1345 3516 1476 3584 ἡμῖν
1511 3517 1925 3584 χορηγούμενα;

364 3602 432 3655 δι’
461 3597 527 3673 ἦς
569 3605 676 3656 πᾶν
703 3604 730 3655 ὃ
762 3604 1019 3673 αἰτοῦμεν
1053 3605 1402 3674 λαμὸάνομεν
1451 3609 1601 3675 παρὰ
1649 3607 1740 3658 τοῦ
1768 3606 1926 3668 Θεοῦ.

363 3692 441 3754 ὡς
472 3693 634 3754 αὐτὸς
666 3695 1052 3764 ἐπηγγείλατο.
1089 3696 1200 3748 Kal
1249 3698 1454 3766 σημεῖα
1497 3697 1551 3749 δὲ
1584 3699 1676 3748 καὶ
1723 3698 1930 3762 τέρατα

365 3784 557 3853 γέγονε
588 3785 655 3838 δι’
695 3787 865 3855 αὐτῆς
904 3789 998 3840 καὶ
1029 3787 1259 3855 γίνεται,
1291 3790 1384 3842 καὶ
1420 3789 1661 3857 σωτηρία
1694 3789 1928 3852 πολλοῖς,

367 3879 464 3932 καὶ
497 3879 746 3943 ἰαμάτων
777 3880 1103 3949 δωρήματα,
1139 3881 1232 3933 καὶ
1258 3882 1367 3932 πᾶν
1402 3881 1428 3932 ὃ
1455 3899 1506 3933 τι
1537 3881 1644 3934 τῶν
1675 3880 1926 3948 ἀγαθῶν

377 3972 472 4023 καὶ
499 3971 653 4024 οὐδὲν
683 3970 885 4035 ἀγαθὸν
934 3971 1103 4039 χωρὶς
1152 3969 1388 4040 τάύτηςο
1425 3972 1516 4023 καὶ
1561 3972 1667 4041 πρὸ
1713 3974 1932 4024 πάντων

365 4061 527 4114 τοῦτο
559 4061 718 4131 ἔργον
758 4062 857 4130 τῆς
895 4062 1244 4129 Ἐκκλησιας,
1277 4063 1350 4125 ὡς
1379 4065 1473 4117 καὶ
1496 4063 1572 4131 τῷ
1601 4065 1810 4135 Σωτῆρι
1839 4064 1932 4116 καὶ

365 4153 476 4214 τοῖς
506 4150 825 4214 ἀποστόλοις
847 4153 938 4205 καὶ
963 4155 1073 4214 τοῖς
1107 4154 1385 4224 Πατράσιν
1412 4155 1746 4217 ἁνελλειπὲς.
1787 4156 1930 4208 Πάν-

367 4261 491 4298 τοτε
527 4245 625 4314 μὲν
664 4240 945 4299 οὖντοῦτο
991 4247 1050 4300 τὸ
1095 4245 1256 4316 ἔργον
1305 4249 1438 4316 ἡμῖν
1480 4247 1558 4310 ὡς
1598 4247 1806 4312 δούλοις
1844 4251 1936 4301 καὶ

372 4339 664 4408 κτίσμασιν
697 4339 996 4406 ἀναγκαῖον
1041 4340 1134 4391 καὶ
1177 4340 1664 4408 κεχρεωστημένον
1696 4341 1936 4408 προσφέ-

377 4450 491 4502 ρειν
527 4432 601 4501 τῷ
633 4431 774 4500 θεῷ,
829 4430 922 4483 καὶ
967 4431 1111 4484 οὕτω
1161 4431 1608 4485 λυσιτελέστατον
1633 4449 1644 4462 ·
1699 4435 1848 4502 ὅμως
1879 4434 1936 4487 δὲ

2033 3252 2236 3310 quanta
2299 3243 2458 3296 nobis
2513 3258 2606 3311 per
2661 3243 2967 3296 orationem
3021 3241 3348 3308 proveniant
3402 3242 3603 3294 bona?

2033 3333 2401 3402 Quaecumque
2430 3333 2575 3386 enim
2607 3350 2635 3386 a
2663 3333 2774 3386 Deo
2805 3333 3147 3402 postulamus
3192 3333 3488 3401 accipimus
3511 3347 3606 3399 per

2033 3437 2182 3487 eum,
2213 3433 2269 3477 ut
2294 3425 2408 3492 ipse
2445 3423 2713 3491 promisit.
2738 3423 2838 3477 Per
2870 3423 3168 3478 orationem
3199 3421 3452 3476 miracula
3483 3438 3612 3490 pro-

2034 3515 2288 3584 digiaque
2339 3514 2528 3569 cﬂ’ecta
2555 3523 2685 3567 sunt
2719 3522 2776 3567 et
2809 3515 3045 3582 quotidie
3067 3517 3222 3576 tinnt,
3255 3513 3472 3564 ctmnlti
3502 3514 3609 3565 sal«

2035 3608 2262 3669 vanturj;
2316 3604 2452 3658 [lunt
2483 3604 2822 3657 curationum
2871 3603 3010 3657 dona
3039 3617 3054 3668 ;
3084 3613 3137 3655 et
3165 3603 3208 3653 si
3239 3601 3366 3669 quid
3403 3602 3607 3654 bonum

2036 3713 2199 3750 omne
2231 3696 2298 3749 ab
2329 3696 2466 3764 ipsa,
2502 3702 2558 3750 et
2585 3697 2704 3750 sine
2740 3694 2827 3747 illa
2864 3693 3072 3748 nullum
3099 3694 3326 3748 bonum.
3359 3692 3608 3759 Denique

2039 3791 2153 3843 haec
2181 3798 2264 3842 est
2293 3798 2419 3842 ante
2449 3788 2632 3842 omnia
2667 3803 2805 3856 opus
2852 3787 3110 3841 Ecclesia:
3137 3802 3165 3838 a
3208 3800 3316 3854 quo
3355 3799 3456 3837 nec
3493 3784 3612 3836 Sal-

2042 3896 2212 3949 vatnr,
2243 3899 2340 3938 nec
2371 3882 2623 3951 apostoli,
2651 3896 2752 3935 nec
2777 3879 2961 3933 Patres
2983 3893 3219 3946 unquam
3243 3886 3606 3930 recesserunt.

2038 3963 2204 4032 Nobis
2277 3976 2438 4045 igitur
2487 3973 2741 4028 continua
2805 3971 3128 4025 necessitate
3179 3969 3449 4022 incumbit
3510 3967 3612 4019 hoc

2038 4085 2199 4140 opus,
2267 4077 2322 4121 et
2378 4082 2500 4119 cum
2560 4065 2732 4119 simus
2783 4065 2924 4118 servi
2989 4061 3078 4114 Dei
3144 4069 3197 4114 et
3249 4071 3513 4116 creatura:
3555 4069 3614 4113 ut

2042 4176 2242 4214 mutuis
2275 4158 2516 4213 debitum
2553 4156 2710 4210 nobis
2751 4154 3042 4208 mandatur
3085 4167 3292 4207 summe
3323 4153 3448 4204 item
3487 4167 3614 4219 pro-

2045 4253 2241 4305 ticuum
2270 4267 2284 4315 ;
2342 4257 2563 4318 propter
2593 4255 2772 4301 autem
2825 4245 3192 4300 inﬁrmitatem
3233 4243 3419 4308 simul,
3443 4259 3617 4311 quan-

2045 4355 2158 4397 tum
2189 4357 2292 4413 ego
2335 4341 2550 4409 judico,
2584 4339 2664 4394 eis
2696 4337 2789 4407 qui
2833 4337 3171 4408 negligenter
3203 4346 3369 4407 agunt
3415 4345 3618 4389 statuta

2043 4435 2382 4489 oratiombus
2466 4430 2811 4485 deducuntur
2875 4439 3138 4496 tempora,
3197 4443 3314 4495 quia
3394 4437 3448 4479 et
3499 4442 3618 4479 ser-

371 4525 461 4578 διὰ
489 4525 586 4594 τὴν
620 4526 907 4578 ἀσθένειαν
962 4523 1056 4578 καὶ
1105 4528 1217 4587 τοῖς
1259 4525 1538 4592 ὀλιγώρως
1590 4525 1773 4592 ἔχουσι
1820 4543 1922 4579 κατ

2046 4529 2206 4582 vabat
2282 4523 2450 4577 David
2527 4531 2585 4576 et
2651 4535 2797 4574 nunc
2846 4533 3062 4588 quoque
3126 4530 3306 4572 servat
3355 4517 3619 4572 Ecclesia.

373 4617 473 4682 εμὲ
523 4617 618 4670 καὶ
659 4618 842 4686 καιροί
894 4618 1002 4668 εἰσι
1049 4617 1394 4684 τεταγμένοι,
1439 4617 1532 4678 οὓς
1579 4619 1675 4669 καὶ
1709 4618 1736 4668 6
1777 4617 1940 4668 Δα6¹ιδ

373 4709 558 4780 ἐτήρει
587 4710 680 4762 καὶ
714 4710 747 4776 ή
795 4708 1092 4777 Ἐκκλησία
1116 4709 1297 4777 τηρεῖ.
1331 4709 1422 4762 Διὸ
1461 4708 1583 4767 καὶ.
1625 4725 1643 4758 ι
1690 4707 1940 4760 Μεσονύ-

374 4814 525 4851 κτιον
555 4796 943 4868 ἐξηγειρόμην,
983 4817 1000 4848 ι
1035 4797 1190 4866 φησί.
1227 4799 1336 4850 Kal
1359 4799 1520 4867 ἡμεῖς
1553 4798 1622 4849 τὰ
1650 4797 1746 4849 τοῦ
1781 4814 1939 4865 μεσο-

374 4889 630 4940 νυκτικοῦ
667 4891 763 4941 σὺν
786 4891 978 4957 ἐκείνῳ
996 4888 1294 4957 ψάλλομεν,
1333 4891 1426 4941 καὶ
1456 4887 1536 4951 τὸ,
1575 4906 1592 4939 ι
1639 4889 1698 4940 '0
1731 4887 1883 4952 Θεὸς,
1913 4889 1941 4941 ὁ

372 4979 505 5041 Θεός
544 4997 670 5049 μου,
721 4980 857 5048 πρὸς
908 4980 967 5032 σὲ
1017 4977 1277 5049 ὀρθρίζω,
1320 4997 1338 5031 ι
1398 4979 1492 5032 καὶ
1545 4979 1708 5048 ἡμεῖς
1751 4979 1820 5031 τὰ
1848 4978 1940 5031 τοῦ

373 5070 595 5141 ὄρθρου,
631 5071 726 5124 καὶ
752 5073 831 5132 τὸ,
865 5090 884 5123 ι
928 5071 1078 5141 Πρωῒ
1111 5072 1430 5124 εἰσάκουσον
1456 5072 1554 5139 τῆς
1592 5071 1773 5139 φωνῆς
1800 5073 1942 5140 ζμου,

376 5163 560 5216 καὶτὸ
591 5163 738 5230 πρωῒ
785 5163 1208 5232 παραστήσομαι
1262 5181 1366 5224 σοι,
1408 5163 1502 5215 καὶ
1552 5163 1746 5231 metu
1796 5179 1884 5231 με,
1923 5181 1941 5213 ι

379 5256 475 5308 καὶ
503 5256 664 5324 ἡμεῖς
697 5255 795 5308 σὺν
823 5254 998 5322 τούτῳ
1034 5255 1100 5307 τὰ
1139 5255 1232 5321 τῆς
1265 5252 1484 5323 πρώτης
1513 5253 1663 5322 ὧρας
1690 5253 1944 5322 λέγομεν.

383 5366 402 5398 ι
444 5348 554 5400 Kal
583 5347 825 5416 ἑσπέρας
861 5346 956 5399 καὶ
998 5344 1145 5412 πρωῒ
1178 5346 1268 5398 καὶ
1312 5345 1662 5415 μεσημϐρίας
1696 5346 1942 5415 διηγήσο-

381 5456 480 5508 μαι
531 5440 626 5492 καὶ
678 5438 1002 5506 ἀπαγγελῶ,
1038 5437 1131 5491 καὶ
1181 5438 1566 5490 εἰσακούσεται
1610 5438 1709 5500 τῆς
1759 5438 1945 5505 φωνῆς

382 5550 511 5603 μου,
551 5550 570 5584 ι
608 5533 705 5585 καὶ
735 5533 898 5600 ἡμεῖς
947 5535 1013 5582 τὰ
1061 5531 1169 5583 τῶν
1199 5530 1360 5600 ὡρῶν
1401 5535 1493 5582 καὶ
1527 5529 1618 5582 τοῦ
1654 5532 1943 5601 ἐσπερινοῦ

2046 4619 2172 4673 Ideo
2222 4616 2438 4670 dicebat
2493 4611 2659 4666 David
2700 4629 2764 4669 :c
2796 4611 2966 4666 Media
3019 4619 3177 4663 nocte
3221 4611 3507 4677 surgebam
3535 4609 3612 4670 ⁸,»

2045 4719 2100 4765 et
2128 4723 2230 4762 nos
2261 4706 2438 4761 media
2467 4713 2627 4759 nocte
2674 4719 2798 4757 cum
2831 4703 2949 4772 ipso
2981 4701 3296 4770 psallimus;
3356 4708 3406 4753 et
3440 4700 3565 4753 alibi
3602 4716 3616 4752 :

2054 4821 2072 4853 ι
2116 4801 2278 4866 Deus,
2312 4799 2459 4854 Deus
2506 4813 2679 4861 meus,
2721 4797 2786 4849 ad
2839 4807 2890 4849 te
2934 4796 2998 4849 de
3045 4795 3165 4847 luce
3207 4793 3366 4860 vigilo
3407 4792 3454 4843 ".
3496 4809 3512 4840 ι
3551 4790 3615 4844 Et

2046 4907 2147 4947 nos
2183 4891 2410 4946 diluculi
2456 4889 2720 4942 habemus
2752 4886 2958 4940 laudes.
2997 4884 3083 4935 Ait
3131 4883 3324 4935 iterum
3355 4897 3370 4931 :
3401 4898 3419 4928 ι
3459 4878 3616 4932 Mane

2044 4984 2304 5040 exaudies
2338 4996 2525 5038 vocem
2567 4992 2735 5032 meam
2768 4976 2810 5040 ⁸,
2857 4994 2874 5026 ι
2906 4986 2993 5028 et:
3032 4992 3048 5024 ι
3095 4973 3250 5025 Mane
3274 4971 3460 5024 astabo
3493 4969 3612 5033 tibi,

2046 5085 2101 5130 et
2130 5075 2339 5130 videbis
2394 5088 2480 5126 me
2505 5073 2548 5125 9.
2600 5089 2617 5121 ι
2657 5067 2721 5121 Ει
2757 5081 2854 5120 nos
2881 5080 3003 5118 cum
3031 5079 3094 5117 eo
3127 5064 3272 5117 horae
3307 5062 3496 5131 prima:
3534 5061 3615 5114 di-

2048 5167 2223 5222 cimus
2251 5164 2551 5220 orationes.
2587 5160 2650 5212 Et
2671 5159 2746 5211 ait
2775 5198 2789 5222 ,
2835 5175 2852 5205 ‹
2889 5155 3122 5224 Vespere
3144 5163 3198 5207 et
3227 5167 3384 5206 mane
3417 5162 3470 5206 et
3499 5167 3616 5204 me-

2051 5257 2186 5311 ridie
2222 5253 2459 5308 narrabo
2511 5259 2565 5304 et
2608 5247 2988 5310 annuntiabo;
3038 5255 3093 5297 et
3141 5242 3397 5296 exaudiet
3425 5256 3617 5296 vocem

2053 5365 2225 5404 meam
2261 5347 2327 5401 ¹⁰.
2374 5364 2392 5396 ι
2425 5344 2491 5398 Ει
2532 5357 2634 5398 nos
2676 5348 2962 5396 cantamus
3015 5337 3124 5390 Deo
3176 5335 3336 5389 horas
3363 5345 3414 5388 et
3447 5334 3620 5388 canti-

2051 5456 2174 5494 cum
2214 5435 2608 5506 vcspertiuum.
2670 5433 2760 5486 Ait
2806 5444 2965 5498 porro
3004 5445 3018 5484 :
3053 5447 3071 5478 ι
3115 5426 3329 5480 Lavabo
3373 5440 3469 5493 per
3511 5423 3621 5476 sin-

2052 5533 2202 5601 gulas
2237 5536 2427 5582 noctes
2455 5527 2655 5580 lectum
2685 5538 2888 5585 meum,
2923 5530 2978 5574 et
3007 5520 3257 5589 lacrymis
3308 5517 3442 5569 meis
3483 5523 3624 5567 stra-

3230 5654 3248 5684 Ι

456 5731 707 5785 “"Psal.
739 5731 1071 5796 cxviu,164.
1146 5736 1166 5764 ³
1191 5733 1334 5788 Psal.
1369 5749 1556 5797 xum,
1588 5734 1642 5787 2.
1719 5736 1739 5767 ³
1783 5734 1917 5788 Ibid.
1996 5733 2018 5764 ⁸
2050 5732 2282 5787 lThess.
2324 5746 2374 5792 ν,
2414 5729 2499 5796 l7,
2533 5713 2630 5783 18.,
2692 5728 2713 5759 ⁸
2746 5726 2875 5780 Luc.
2915 5740 3026 5786 xxv,
3089 5723 3156 5776 56
3223 5722 3242 5752 °
3278 5719 3410 5773 Psal.
3439 5731 3617 5781 cmu,

383 5801 472 5858 62.
550 5805 568 5836 ⁷
601 5802 742 5857 l’sal.
772 5817 919 5866 Lxu,
952 5804 1001 5856 Ι.
1075 5803 1096 5834 ⁸
1135 5800 1274 5856 Psal.
1311 5821 1362 5863 v.
1399 5807 1449 5858 4.

700 5903 963 5963 ΡΑτῐιυῐ..
1020 5895 1135 5957 Gn.
1179 5893 1348 5956 CLV.

1528 5809 1546 5837 "
1593 5805 1726 5860 Ibid.
1763 5805 1816 5860 5.
1897 5807 1936 5837 ¹⁰
1973 5803 2114 5859 Psnl.
2143 5820 2251 5865 Liv,
2298 5801 2379 5855 18.

3177 5881 3254 5940 30
