4118 6464
526 390 633 456 939

1328 362 1737 453 SYMEONIS
1772 391 2549 454 THESSALONICENSIS
2592 388 2959 449 ARCHIEP.

3678 385 3791 451 940

525 520 641 566 tum
677 526 851 565 meum
878 511 1066 582 rigaho
1100 513 1233 568 ηδ’,
1270 531 1287 564 ι
1311 511 1419 566 Nos
1454 529 1676 583 quoque
1717 513 1949 569 Domino
1986 521 2108 582 post

2215 511 2387 583 ὕμνου
2416 512 2493 581 τῷ
2522 511 2641 580 Θεῷ
2678 509 3073 587 μελῳδοῦμενρ
3101 506 3227 569 καὶ,
3293 506 3486 560 Δούσω
3515 506 3634 559 καθ’
3661 507 3789 560 ἐκά-

464 608 467 609 ⁷
526 617 738 657 cmnam
781 602 1017 658 vicissim
1043 613 1351 660 cantamus.
1384 605 1475 660 Ille
1502 617 1687 660 autem
1731 620 1948 673 semper
1977 620 2103 659 can-

530 694 677 747 tabat
722 703 779 750 et
830 695 1019 748 orabat
1049 696 1200 766 juxta
1248 694 1377 750 illud
1417 712 1431 752 :
1466 714 1483 746 ι
1523 694 1788 751 Exaltabo
1838 705 1910 760 te,
1963 695 2107 750 Deus

525 799 701 849 meus,
737 802 849 851 rex,
877 795 930 840 et
956 787 1270 865 benedicam
1298 803 1499 842 nomen
1520 795 1671 841 tuum
1702 788 1755 840 in
1787 786 2101 841 Sicculum.»

526 874 592 929 Et
631 893 647 932 :
684 896 701 927 ι
730 874 835 933 Per
858 877 1103 947 singulos
1127 877 1244 932 dies
1275 879 1596 934 benedicam
1626 879 1721 934 tibi
1748 896 1764 945 ;
1791 889 1843 935 et
1871 878 2107 931 laudabo

525 979 728 1019 nomen
771 975 915 1019 tuum
954 966 1007 1019 in
1034 967 1292 1023 sset-tilum
1329 976 1385 1022 et
1414 969 1469 1021 in
1500 968 1754 1023 sacculum
1789 967 1975 1021 saeculi
2005 965 2101 1018 ¹³.›

525 1057 634 1111 Et:
675 1074 693 1108 ι
730 1057 972 1111 Adhaesit
1005 1059 1185 1112 anima
1215 1073 1334 1114 mea
1383 1067 1504 1129 post
1552 1068 1606 1113 te
1640 1059 1700 1111 ³⁵.
1744 1078 1761 1109 ι
1799 1057 1974 1112 Etiam
2011 1071 2108 1112 nos

527 1148 731 1202 adnuat
746 1158 800 1204 et
828 1148 1020 1203 invitat
1036 1150 1255 1204 dicens:
1282 1169 1299 1201 ι
1320 1149 1561 1206 Laudate
1582 1150 1891 1216 Dominum,
1915 1165 2107 1206 omnes

530 1249 739 1307 gentrs,
774 1240 991 1296 laudate
1015 1257 1162 1305 eum,
1192 1257 1384 1296 omnes
1420 1242 1607 1312 populi
1638 1243 1736 1294 ⁸⁸.»
1762 1241 1873 1295 Nos
1896 1255 2110 1309 quoque

530 1332 693 1397 igitur
717 1332 770 1385 in
810 1332 961 1386 horis
988 1333 1211 1388 statutis
1243 1334 1410 1388 Deum
1438 1334 1747 1397 laudemus,
1779 1333 2111 1388 etalacriter

531 1438 834 1494 surgamus.
851 1434 901 1478 et
919 1434 1028 1479 tota
1051 1425 1637 1495 Spiritusintclligcntia
1655 1442 1778 1480 eum
1805 1435 2111 1491 cantemus,

532 1516 659 1583 quia
696 1516 811 1585 ipse
837 1527 921 1571 est
944 1517 1210 1572 Dominus
1237 1519 1378 1571 Deus
1418 1528 1626 1583 noster,
1660 1529 1715 1573 et
1742 1519 1855 1587 ipse
1881 1518 2113 1573 salvabit

532 1621 656 1659 nos.
682 1605 867 1660 Primo
886 1607 1105 1676 quidem
1148 1608 1504 1675 septuplicem
1532 1609 1746 1664 laudem
1779 1610 1830 1662 in
1869 1607 2109 1665 Ecclesia

532 1693 797 1748 habemus
833 1713 848 1759 ;
885 1697 1073 1750 media:
1122 1697 1299 1751 noctis
1326 1698 1596 1752 canticum
1621 1708 1674 1753 et
1708 1699 1957 1765 diluculi,
1988 1716 2109 1754 cum

530 1787 707 1855 prima
738 1786 891 1853 hora,
916 1787 1049 1841 hora
1080 1789 1260 1852 tertia,
1295 1796 1468 1853 Sexta,
1491 1805 1654 1852 nona,
1682 1800 1737 1844 et
1764 1792 2113 1860 vespertinus

2211 619 2346 672 στην
2377 602 2548 655 νύκτα
2584 603 2682 671 τὴν
2732 602 2925 670 κλίνην
2979 618 3107 671 μου,
3159 600 3218 650 ὲν
3265 597 3496 668 δάκρυσί
3548 614 3649 665 μου
3686 597 3790 667 τὴν

2212 694 2508 763 στρωμνήν
2545 711 2645 762 μου
2677 692 2873 761 βρέξω.
2913 710 2933 744 ι
2989 693 3084 744 καὶ
3129 693 3296 759 ἡμεῖς
3324 690 3391 744 τὰ
3435 690 3545 743 τῶν
3572 689 3789 743 ἀποδεί-

2210 800 2360 838 πνων
2376 786 2453 852 τῷ
2478 785 2667 854 Κυρίῳ
2689 784 3054 856 προσᾴδομεν.
3079 784 3188 836 Kal
3211 784 3441 837 πάντοτε
3467 782 3567 857 μὲν
3584 785 3789 846 ἐκεῖνος

2210 875 2371 944 ὑμνεῖ
2392 877 2483 928 καὶ
2504 874 2725 944 εὔχεται
2747 877 2886 929 κατὰ
2916 875 2996 939 τὸ,
3023 894 3041 927 ι
3063 874 3298 944 Ὑψώσω
3317 891 3396 939 σε,
3416 877 3443 927 6
3463 875 3593 937 Θεός
3613 891 3738 943 μου,
3760 878 3788 927 6

2213 966 2470 1037 βασιλεύς
2520 984 2645 1036 μου,
2680 971 2776 1019 καὶ
2808 966 3096 1034 εὐλογήσω
3140 966 3201 1018 τὸ
3244 964 3418 1031 δνομά
3461 981 3555 1017 σου
3589 966 3665 1027 εἰς
3697 962 3788 1015 τὸν

2211 1056 2405 1113 αἰῶνα*
2422 1076 2440 1109 ι
2462 1056 2582 1121 καὶ,
2608 1075 2626 1108 ι
2649 1057 2785 1109 Καθ’
2803 1056 3046 1126 ἑκάστην
3067 1056 3280 1125 ἡμέραν
3298 1053 3577 1124 εὐλογήσω
3594 1071 3674 1117 σε,
3693 1057 3789 1107 καὶ

2211 1151 2416 1204 αἰνέσω
2431 1151 2489 1202 τὸ
2510 1148 2685 1218 ὄνομά
2706 1166 2804 1201 σου
2837 1150 2918 1211 είς
2948 1148 3043 1201 τὸν
3059 1147 3232 1201 αἰῶνα
3265 1147 3357 1200 καὶ
3387 1148 3465 1209 εἰς
3499 1147 3593 1199 τὸν
3617 1146 3789 1198 αἰῶνα

2212 1241 2308 1294 τοῦ
2344 1241 2576 1302 αἱῶνοςυ
2618 1258 2637 1292 ι
2674 1240 2793 1304 καὶ,
2836 1259 2855 1292 ι
2912 1240 3211 1309 Ἐκολλήθη
3248 1240 3280 1308 ἡ
3316 1237 3460 1309 ψυχή
3490 1255 3590 1307 μου
3616 1236 3788 1288 ὀπίσω

2215 1348 2332 1387 σου.
2370 1351 2388 1384 ι
2415 1334 2524 1385 Kal
2549 1332 2696 1402 ἡμᾶς
2718 1331 3110 1402 προσκαλεῖται
3138 1330 3332 1397 λέγων,
3403 1347 3423 1380 ι
3455 1328 3661 1380 Αἰνεῖτε
3694 1327 3787 1379 τὸν

2213 1424 2373 1494 365
2393 1424 2616 1493 Ktiptov.
2638 1426 2817 1478 πάντα
2839 1424 2906 1476 τὰ
2939 1414 3088 1491 ἔθνη,
3104 1421 3430 1474 ἑπαινέσατε
3452 1420 3632 1484 αὐτὴν,
3652 1417 3786 1469 πάν-

2213 1533 2302 1578 τες
2334 1517 2382 1567 οί
2426 1515 2565 1569 λαοί.
2603 1532 2621 1566 ι
2666 1516 2865 1583 Ἡμεῖς
2910 1514 2965 1567 δὲ
3001 1514 3101 1568 κᾶν
3131 1516 3190 1567 ὲν
3231 1515 3352 1574 ταῖς
3400 1509 3782 1578 ἀποτεταγμέν-

2214 1625 2334 1670 νηιις
2365 1607 2537 1677 ὥραις
2568 1606 2758 1662 τοῦτον
2802 1607 3131 1675 αἱνέσωμεν,
3176 1606 3271 1660 καὶ
3314 1604 3609 1676 προθύμως
3645 1604 3783 1656 στῶ-

2219 1716 2341 1768 μεν,
2379 1699 2473 1753 καὶ
2504 1698 2604 1772 ὅλῃ
2633 1698 2844 1771 διανοίᾳ
2870 1698 3034 1753 αὐτὸν
3069 1699 3485 1769 ἀνυμνήσωμεν·
3516 1697 3595 1764 ὅτι
3626 1696 3784 1758 αὐτὸς

2216 1790 2421 1857 Κύριος
2451 1789 2479 1840 6
2496 1789 2628 1852 Θεὸς
2650 1789 2827 1858 ἡμῶν,
2852 1788 2947 1841 καὶ
2983 1788 3146 1849 αὐτὸς
3174 1786 3337 1841 σώσει
3358 1788 3544 1857 ἡμᾶς.,
3562 1784 3706 1847 Τέως
3723 1785 3779 1838 δὲ

531 1884 655 1945 post
713 1892 922 1932 cmnam
962 1887 1176 1935 cantus.
1217 1878 1473 1951 Hymnus
1505 1889 1684 1936 autem
1717 1883 1907 1937 mediae
1936 1882 2111 1937 noctis

2214 1879 2354 1932 ἐπτά
2376 1878 2610 1943 αίνέσεις
2634 1880 2784 1950 παρὰ
2804 1882 2869 1950 τῇ
2894 1879 3197 1950 Ἐκκλησία
3216 1880 3345 1940 εἰσὶ,
3371 1876 3777 1947 μεσονυκτικδν,

528 1976 755 2038 prepter
812 1967 1110 2026 Sa-vatoris
1162 1973 1626 2027 resurrectionem
1680 1981 1738 2027 et
1799 1974 2104 2028 secundum

529 2061 846 2126 adventum,
878 2075 1001 2115 cum
1037 2061 1221 2115 veniet
1252 2070 1311 2115 ut.
1341 2076 1571 2129 sponsus
1604 2063 1775 2134 gloria
1806 2064 2110 2118 circumda-

530 2160 640 2203 tus.
670 2150 809 2205 Dicit
836 2151 981 2205 enim
1017 2152 1133 2220 ipse
1173 2166 1187 2204 :
1226 2171 1243 2205 ι
1288 2151 1461 2208 Media
1487 2162 1649 2208 nocte
1684 2153 1889 2208 clamor
1931 2153 2109 2209 lactus

530 2251 647 2295 est:
685 2240 823 2296 Ecce
850 2258 1087 2311 sponsus
1116 2243 1281 2311 venit,
1314 2245 1460 2310 exite
1488 2245 1700 2300 obviam
1725 2244 1773 2298 ei
1808 2244 1900 2299 η.»
1942 2244 2108 2315 Hym-

528 2349 633 2387 nus
684 2334 908 2388 diluculi
963 2336 1014 2388 in
1054 2337 1352 2405 gratiarum
1396 2337 1666 2390 actionem
1716 2336 1862 2406 quod
1912 2335 2108 2404 fugans

529 2423 785 2479 tenebras
819 2424 974 2479 nobis
1003 2424 1129 2479 fecit
1160 2425 1336 2481 lucem
1382 2426 1722 2481 illucesccre.
1758 2426 1880 2481 Ideo
1923 2425 2106 2479 Statim

530 2529 653 2588 post
688 2517 840 2571 illum
880 2517 1058 2586 agitur
1086 2516 1204 2572 laus
1229 2518 1380 2573 horae
1407 2518 1617 2586 primae,
1652 2528 1708 2572 ut
1743 2517 1795 2571 in
1837 2517 2108 2587 principio

529 2610 636 2665 diei
670 2610 736 2663 ad
772 2609 962 2678 Deum,
996 2618 1258 2666 canentes
1316 2611 1543 2683 gloriam
1592 2612 1713 2679 ejus
1762 2614 2106 2666 accedamus.

526 2699 590 2756 In
629 2700 790 2754 tertia
832 2700 965 2755 hora
996 2701 1065 2755 de
1107 2701 1347 2773 Spiritus
1393 2703 1570 2758 sancti
1607 2701 1875 2757 ell‘usionc
1907 2701 2109 2772 gratias

529 2804 812 2850 cantantes
864 2796 1092 2862 agimus.
1150 2794 1312 2851 Sexta
1348 2796 1480 2850 hora
1514 2796 1925 2851 cruciﬁxioncm
1994 2797 2110 2851 Sal-

529 2886 736 2941 vatoris
771 2885 1121 2942 recordamur
1146 2887 1239 2957 qui
1281 2887 1336 2941 in
1362 2886 1467 2941 hac
1502 2887 1649 2941 cruci
1689 2884 1883 2941 allixus
1909 2895 2015 2952 est,
2051 2896 2109 2942 ut

528 2977 660 3031 Adae
696 2977 911 3047 culpam
952 2987 1268 3045 evacuaret,
1303 2992 1422 3046 quae
1446 2980 1653 3047 pariter
1683 2977 1814 3030 hora
1851 2987 2001 3032 sexta
2034 2977 2110 3033 lo-

531 3085 653 3125 cum
689 3070 977 3125 habuerat.
1009 3068 1151 3125 [lora
1188 3086 1330 3125 nona
1370 3070 1590 3125 Domini
1640 3070 1813 3124 nostri
1870 3080 2105 3125 mortem

529 3161 680 3218 canit
706 3160 1071 3216 viviﬁcantem
1106 3162 1164 3215 in
1205 3176 1390 3227 cruce,
1432 3176 1533 3230 per
1572 3177 1734 3231 quam
1774 3162 1903 3216 Adin
1947 3159 2110 3215 solvit

2211 1968 2406 2040 ὄρθρος
2431 1971 2525 2023 σὺν
2554 1973 2619 2041 τῇ
2651 1969 2841 2042 πρώτη
2876 1970 3015 2041 ὥρᾳ,
3036 1970 3196 2041 τρίτη
3221 1962 3536 2039 ὥραςέκτη,
3566 1966 3777 2035 ὲννάτη.

2212 2061 2525 2132 ἑσπερινδς,
2584 2065 2680 2117 καὶ
2725 2064 3048 2118 ἀπόδειπνα.
3095 2061 3209 2116 Kal
3256 2058 3639 2131 μεσονυκτικδς
3682 2056 3781 2127 μὲν

2213 2152 2380 2223 ὕμνος
2410 2153 2499 2206 διά
2523 2154 2621 2224 τὴν
2652 2154 2744 2208 τοῦ
2780 2155 3033 2225 Σωτῆρος
3058 2153 3358 2208 ἀνάστασιν
3386 2153 3483 2206 καὶ
3538 2151 3634 2220 τὴν
3661 2151 3779 2203 δευ-

2212 2244 2375 2315 τέραν
2408 2244 2577 2300 αὐτοῦ
2607 2246 2940 2315 παρουσίαν,
2978 2247 3066 2300 ὅτε
3091 2245 3166 2308 ὡς
3197 2243 3428 2313 νυμφίος
3461 2244 3596 2314 μετά
3624 2242 3779 2311 δόξης

2215 2338 2516 2394 ἐλεύσεται.
2550 2340 2661 2394 Kal
2683 2339 2793 2408 γάρ
2828 2355 2995 2408 φησιν
3025 2336 3207 2400 αὐτὸς,
3242 2355 3260 2387 ι
3292 2336 3476 2404 Μέσης
3506 2334 3563 2387 δὲ
3590 2334 3778 2395 νυκτὸς

2214 2429 2429 2500 κραυγὴ
2458 2429 2701 2499 γέγονεν’
2731 2430 2863 2483 Ἰδοὺ
2893 2430 2921 2483 6
2953 2430 3185 2498 νυμφίος
3215 2426 3453 2497 ἔρχεται,
3498 2424 3777 2494 ἐξέρχεσθε

2212 2520 2291 2582 εἰς
2323 2520 2631 2590 ἀπάντησιν
2671 2520 2859 2574 αὐτοῦ’
2903 2539 2923 2573 ι
2974 2523 3002 2574 6
3034 2519 3125 2573 τοῦ
3171 2519 3367 2590 ὄρθρου
3418 2517 3474 2571 δὲ
3524 2517 3590 2570 δι’
3621 2516 3779 2585 εὐχα-

2213 2614 2424 2684 ριστίαν
2456 2610 2549 2666 τοῦ
2582 2612 2733 2667 λύειν
2766 2615 2840 2698 εδ
2891 2612 3104 2677 σκότος,
3153 2615 3249 2665 καὶ
3295 2610 3533 2679 ἐγγίζειν
3558 2610 3684 2678 ἡμῖν
3724 2609 3780 2659 τὸ

2213 2705 2352 2773 φῶς.
2384 2704 2477 2757 Διὸ
2511 2706 2799 2768 συναπτῶς
2833 2706 3008 2777 τούτῳ
3050 2705 3204 2774 καὶὴ
3249 2705 3347 2773 τῆς
3380 2701 3598 2773 πρώτης
3633 2700 3778 2769 ὥρας

2210 2797 2435 2865 λέγεται
2468 2796 2698 2861 αίνεσις,
2729 2798 2808 2860 είς
2843 2797 3097 2866 ἀπαρχὴν
3128 2798 3226 2866 τῆς
3258 2794 3497 2865 ἡμέρας,
3527 2792 3660 2862 μετά
3696 2792 3779 2844 δο-

2213 2888 2462 2957 ξολογίας
2492 2888 2884 2959 προσαγομένη
2917 2886 3057 2957 Θεῷ.
3090 2888 3178 2939 Ἐν
3210 2887 3265 2940 δέ
3296 2903 3360 2955 γε
3390 2888 3455 2956 τῇ
3486 2886 3641 2955 τρίτῃ
3662 2881 3780 2953 ὥρᾳ

2211 2981 2302 3033 διὰ
2336 2980 2436 3050 τὴν
2466 2982 2766 3050 ἐπιδημίαν
2795 2979 2891 3033 τοῦ
2919 2980 3066 3032 Θείου
3093 2967 3411 3046 Πνειῗματος
3442 2973 3780 3047 εὐχαριστοῦ-

2214 3088 2315 3142 μεν
2351 3074 2445 3125 καὶ
2479 3072 2782 3142 μέλπομεν*
2820 3072 2878 3125 ὲν
2917 3074 2981 3142 τῇ
3017 3070 3152 3141 ἕκτῃ
3188 3069 3244 3123 δὲ
3290 3069 3375 3123 διὰ
3416 3068 3513 3138 τὴν
3554 3065 3647 3119 τοῦ
3671 3066 3782 3118 Σω-

2212 3166 2381 3235 τῆρος
2428 3166 2763 3238 σταύρωσιν,
2796 3169 2853 3219 ἒν
2881 3166 3054 3236 ταύτῃ
3099 3169 3166 3237 τῇ
3208 3165 3327 3236 ὥρᾳ
3362 3160 3776 3233 σταυρωθέντος,

532 3250 1069 3306 condemnationem.
1112 3246 1333 3306 Cantus
1363 3254 1712 3321 vespertinus
1748 3252 1813 3304 ad
1846 3250 1948 3305 hoc
1984 3264 2109 3319 pro—
2138 3284 2139 3293 ι

2215 3259 2275 3312 ὲν
2310 3250 2343 3331 ᾖ
2379 3259 2476 3311 καὶ
2523 3259 2623 3328 την
2674 3257 2991 3328 παράϐασιν
3038 3257 3293 3321 ὲξιάσατο
3337 3256 3431 3309 τοῦ
3476 3254 3667 3323 Ἀδάμ,
3725 3254 3779 3305 ὲν

532 3343 702 3397 mitur
738 3352 794 3397 ut
826 3343 1025 3413 gratias
1054 3344 1164 3397 Deo
1208 3358 1454 3413 agamus,
1502 3343 1645 3410 quod
1693 3342 1746 3396 in
1803 3343 1907 3396 diei
1947 3340 2108 3395 linem

512 3429 885 3505 ‘pervcnimus
931 3445 986 3491 et
1017 3436 1082 3491 ad
1121 3436 1497 3491 honorandum
1532 3435 1832 3523 Salvatpris
1862 3435 2109 3505 sepultu-

532 3545 671 3593 ram,
705 3546 825 3599 qua:
850 3529 1181 3599 vespertinis
1206 3529 1359 3584 horis
1391 3527 1687 3598 adimpleta
1720 3539 1825 3583 est.
1861 3526 1926 3581 Et
1960 3525 2113 3581 deni-

530 3638 637 3692 que
675 3631 792 3692 post
825 3636 1036 3676 cumam
1068 3624 1264 3675 iterum
1286 3620 1575 3679 laudamus
1607 3620 1800 3686 Deum,
1835 3618 1960 3688 quia
1987 3626 2110 3688 post

531 3715 770 3777 laborem
802 3713 960 3769 nobis
989 3714 1209 3768 advenit
1241 3713 1490 3783 requies;
1519 3722 1572 3765 et
1596 3711 1694 3781 ipsi
1727 3725 2111 3766 cnnsecramus

533 3807 751 3862 initium
790 3807 1353 3877 uoctis,postulantcs
1391 3814 1445 3859 ut
1486 3814 1594 3859 tota
1626 3804 1840 3857 labatur
1872 3803 1926 3857 in
1955 3815 2106 3872 pace,

532 3910 588 3955 ct
619 3908 677 3953 ut
711 3897 765 3953 in
798 3912 931 3968 pace
960 3899 1294 3952 dormientes
1318 3900 1515 3951 iterum
1544 3911 1831 3967 surgamus
1858 3905 1908 3950 ct
1932 3896 2109 3949 lucem

532 3989 721 4045 videre
764 3989 1057 4058 possimus,
1110 3997 1275 4056 atque
1315 3985 1499 4040 omnia
1553 3984 1810 4039 subtilius
1858 3995 1913 4039 et
1964 3984 2105 4039 divi-

533 4084 660 4157 nius
704 4096 733 4133 a
774 4080 935 4135 nobis
982 4079 1153 4150 probe
1206 4076 1637 4145 intelligentibus
1685 4088 2106 4146 cognoscantur.

532 4172 850 4228 Meminisse
914 4172 1058 4226 enim
1118 4170 1385 4225 debemus
1433 4184 1685 4224 somnum
1740 4182 1861 4223 esse
1914 4168 2109 4224 mortis

529 4263 845 4335 imaginem,
882 4262 1011 4316 dum
1055 4260 1327 4331 evigilatio
1371 4261 1533 4316 nobis
1563 4259 1766 4315 indicat
1788 4258 1936 4313 illam
1971 4266 2097 4328 post
2149 4272 2167 4292 °

526 4366 759 4411 mortem
816 4355 1054 4410 futuram
1103 4354 1583 4431 resurrectionem.
1639 4354 1773 4407 ltem
1818 4351 1997 4406 noctis
2055 4352 2148 4405 et‘

529 4447 637 4501 diei
690 4447 966 4502 successio
997 4447 1158 4502 nobis
1187 4445 1522 4516 sperandum
1572 4443 1757 4498 innuit
1801 4450 1925 4512 post
1966 4441 2107 4496 hanc

528 4535 742 4589 umbris
771 4535 1002 4591 oﬂusam
1055 4536 1489 4605 impacatamque
1535 4542 1589 4588 et
1621 4534 1774 4588 curis
1804 4531 2101 4587 exercitam

2219 3350 2356 3421 αὐτῇ
2397 3352 2465 3420 τῇ
2507 3349 2641 3419 ἕκτῃ
2675 3350 2988 3417 γεγονυῖαν.
3032 3346 3096 3400 Ἦ
3130 3347 3327 3415 ὲννάτη
3363 3344 3418 3397 δὲ
3456 3344 3545 3397 διὰ
3573 3342 3663 3396 τδν
3686 3344 3780 3394 ἐπὶ

2211 3439 2306 3492 τοῦ
2342 3439 2578 3508 σταυροῦ
2613 3439 2878 3503 ζωοποιὸν
2926 3440 3093 3496 αὐτοῦ
3123 3438 3216 3492 τοῦ
3247 3440 3455 3509 Κυρίου
3487 3436 3638 3506 ἡμῶν
3683 3433 3779 3488 θά-

2215 3548 2409 3597 νατον,
2443 3529 2513 3584 δι’
2542 3524 2604 3585 οὗ
2641 3531 2799 3584 ἔλυσε
2843 3532 2941 3600 τὴν
2988 3532 3312 3602 κατάκρισιν
3349 3528 3443 3584 τοῦ
3488 3528 3677 3597 Ἀδάμ.
3720 3526 3780 3579 Ὁ

2214 3624 2503 3696 ὲσπερινδς
2530 3625 2608 3691 δὲ,
2644 3626 2969 3698 εὐχαριστία
3003 3626 3088 3679 ὃτι
3121 3625 3254 3695 πρὸς
3298 3625 3358 3677 τὸ
3404 3623 3552 3684 τέλος
3582 3637 3779 3689 κατην-

2209 3718 2461 3788 τήσαμεν
2491 3717 2591 3789 τῆς
2618 3718 2854 3788 ἡμέρας
2890 3717 2972 3771 ἐτι
3001 3718 3058 3771 δὲ
3084 3716 3180 3781 καὶ
3218 3715 3308 3769 διὰ
3340 3716 3439 3784 τὴν
3465 3712 3557 3767 τοῦ
3596 3712 3777 3780 Σωτῆ-

2215 3826 2306 3881 ρος
2359 3810 2517 3879 ἡμῶν
2551 3812 2755 3879 ταφήν*
2786 3811 2844 3862 ὲν
2878 3810 3088 3879 ἑσπέρᾳ
3120 3809 3228 3879 γὰρ
3263 3806 3547 3862 τέθαπται.
3574 3804 3680 3857 Kal
3710 3802 3778 3855 τὰ

2215 3900 2545 3965 ἀπόδειπνα,
2576 3901 2660 3954 ὅτι
2691 3901 2773 3964 είς
2800 3901 3109 3955 ἀνάπαυσιν
3158 3900 3575 3969 κατηντήσαμεν
3597 3896 3662 3947 ὲκ
3686 3892 3777 3947 τοῦ

2211 3992 2408 4059 κόπου,
2438 3993 2535 4046 καὶ
2578 3992 2679 4061 τὴν
2724 3993 2986 4063 ἀπαρχὴν
3021 3991 3171 4060 αὐτῷ
3208 3991 3307 4059 τῆς
3335 3988 3527 4051 νυκτὸς
3573 3985 3781 4055 προσά-

2211 4100 2405 4153 γομεν,
2455 4084 2767 4152 αἰτούμενοι
2803 4085 2987 4138 πᾶσαν
3031 4082 3177 4153 ἔχειν
3221 4081 3524 4153 εἰρηνικὴν,
3569 4078 3662 4132 καὶ
3694 4077 3779 4130 ῖνα

2210 4177 2270 4231 ἐν
2300 4176 2496 4248 εἰρήνῃ
2524 4175 2875 4239 ύπνώσαντες
2910 4176 3260 4244 ἀναστῶμεν,
3294 4174 3489 4234 ἰδόντες
3534 4172 3693 4224 πάλιν
3720 4168 3781 4222 τὺ

2212 4267 2349 4337 φῶς.
2378 4267 2454 4322 ““Δ
2474 4269 2655 4321 πάντα
2686 4267 2781 4321 καὶ
2805 4268 3147 4338 λεπτοτέρως
3172 4266 3266 4318 καὶ
3292 4265 3576 4334 θειοτέρως
3603 4261 3783 4314 νοοῦν-

2210 4372 2303 4409 ται
2349 4357 2463 4420 τοῖς
2494 4357 2759 4410 συνιοῦσι.
2809 4356 2919 4409 Kal
2968 4358 3031 4411 ὲκ
3080 4356 3178 4426 μὲν
3225 4352 3319 4407 τοῦ
3361 4353 3657 4406 ύπνώττειν
3688 4350 3782 4403 καὶ

2209 4447 2584 4518 ἐξεγείρεσθαι
2633 4448 2724 4501 τὸν
2763 4448 2997 4501 θάνατον
3030 4446 3177 4500 ἐστιν
3218 4447 3416 4499 ἐννοεῖν
3450 4445 3543 4497 καὶ
3575 4443 3673 4513 τὴν
3718 4443 3781 4494 ὲκ

2213 4540 2306 4595 τοῦ
2342 4539 2577 4595 θανάτου
2615 4540 2925 4610 μέλλουσαν
2968 4538 3186 4608 ἐκείνην
3229 4537 3540 4594 ἀνάστασιν·
3574 4535 3635 4586 ἐκ
3683 4533 3781 4601 τῆς

529 4625 697 4680 vitam
730 4627 848 4681 lore
889 4635 947 4680 ut
992 4626 1273 4680 illucescat
1324 4626 1543 4679 tandem
1595 4623 1687 4677 illa
1738 4624 1859 4679 sine
1908 4637 2107 4678 occasu

2213 4633 2414 4695 νυκτὸς
2442 4632 2500 4686 δὲ
2531 4632 2747 4703 ἡμέραν
2790 4630 2890 4700 τὴν
2918 4630 2982 4683 ὲκ
3011 4628 3105 4683 τοῦ
3160 4626 3431 4682 σκοτεινοῦ
3473 4625 3661 4679 τούτου
3688 4624 3785 4676 ml

532 4718 649 4773 dies
672 4726 727 4773 et
752 4718 1039 4787 tranquilla
1065 4718 1183 4773 sine
1215 4719 1321 4771 [inc
1355 4717 1482 4771 vita.
1509 4714 1720 4771 Caztcra
1750 4720 1930 4768 autem
1955 4711 2109 4767 simi-

529 4809 656 4863 liter
686 4815 901 4877 oportet
948 4808 1209 4877 intelligat
1237 4808 1328 4876 qui
1381 4805 1552 4862 Deum
1613 4803 1808 4872 diligit,
1863 4812 1925 4857 ut
1979 4801 2107 4855 alibi

526 4913 628 4955 nos
656 4914 754 4969 pro
784 4899 991 4954 viribus
1026 4897 1382 4968 exposuimus
1434 4894 1589 4962 juxta
1626 4895 1820 4963 placita
1858 4892 2104 4948 Patrum.

528 4995 827 5063 Septuplex
880 4991 1044 5063 igitur
1096 4989 1211 5045 Deo
1262 4989 1384 5045 laus
1414 4997 1501 5044 est
1548 4987 1773 5042 dicenda
1820 5003 1833 5051 ;
1875 4986 1966 5041 sed
1998 5001 2109 5056 prze

529 5084 635 5140 illis
661 5086 920 5139 omnibus
945 5099 1099 5140 suam
1124 5082 1368 5148 unicam,
1398 5080 1673 5151 propriam
1701 5087 1756 5133 et
1783 5078 2106 5134 altissimam

530 5177 741 5231 ordinis
774 5176 1035 5230 rationem
1070 5174 1237 5228 habet
1274 5173 1458 5227 divina
1492 5171 1633 5226 actio
1669 5180 1871 5225 sanctae
1900 5178 2105 5240 mysta-

531 5268 737 5338 gogim;
776 5268 889 5320 iure
938 5267 1082 5321 enim
1117 5263 1395 5333 proprium
1427 5270 1510 5316 est
1551 5276 1685 5331 opus
1713 5270 1767 5315 et
1802 5260 2013 5316 Domini
2048 5270 2104 5317 et

532 5360 877 5417 sacerdotum
906 5360 1044 5430 ejus,
1076 5373 1177 5412 nec
1205 5369 1444 5426 unquam
1467 5355 1749 5425 adimpleri
1779 5365 1954 5426 potest
1981 5356 2109 5411 abs-

2215 4724 2566 4795 ταραχώδους
2597 4723 2715 4794 βίου
2752 4723 2886 4791 πρὸς
2914 4725 3014 4793 την
3060 4721 3361 4789 άνέσπερον
3393 4719 3605 4787 ἐκείνην
3641 4716 3783 4785 ἠμέ-

2221 4834 2323 4888 ραν
2355 4816 2451 4869 καὶ
2479 4813 2625 4884 ζωὴν
2657 4814 2991 4884 μεταδίωσιν
3017 4828 3030 4842 ·
3084 4814 3180 4899 κα).
3215 4810 3283 4864 τά
3310 4810 3471 4863 λοιπά
3500 4807 3555 4860 δὲ
3586 4809 3784 4876 ὁμοίως

2216 4906 2324 4979 χρὴ
2349 4908 2493 4961 νοεῖν
2523 4906 2616 4959 τὸν
2647 4904 2896 4975 θεοφιλῆ,
2926 4904 3001 4967 ὡς
3033 4905 3126 4957 καὶ
3154 4898 3214 4954 ἓν
3247 4901 3428 4962 ἄλλοις
3462 4901 3620 4969 ἡμεῖς
3658 4898 3785 4965 περὶ

2214 4996 2407 5049 τούτου
2437 4994 2579 5047 κατὰ
2611 4993 2846 5055 δύναμιν
2876 4991 3153 5061 ἡμετέραν
3180 4989 3507 5058 εἰρήκαμεν,
3539 4983 3644 5037 ἀπὸ
3676 4982 3783 5033 τῶν

2214 5086 2483 5157 Πατέρων
2518 5084 2799 5145 λαϐόντες.
2855 5083 2964 5136 Kal
3001 5080 3159 5153 ἡμὲν
3196 5078 3422 5140 ἑπτάκις
3474 5075 3677 5134 αίνεσις
3725 5071 3785 5123 ὲν

2211 5181 2445 5242 τούτοιςο
2500 5179 2533 5248 ἡ
2573 5177 2694 5231 θεία
2744 5173 2803 5228 δὲ
2852 5173 3007 5239 τάξις
3053 5174 3152 5242 τῆς
3195 5171 3343 5240 ἱερᾶς
3399 5163 3783 5238 μυσταγωγίας

2215 5270 2323 5324 ίδία
2348 5268 2503 5338 παρὰ
2534 5268 2715 5326 πάσας
2755 5264 2961 5327 ταύτας
3000 5264 3168 5326 ἐστὶν,
3200 5261 3275 5323 ὡς
3300 5259 3460 5331 ἔργον
3485 5255 3618 5310 οῦσα
3652 5253 3782 5305 ἴδιον

2208 5360 2302 5412 τοῦ
2334 5357 2543 5427 Κυρίου
2579 5357 2675 5410 καὶ
2707 5355 2807 5425 τῆς
2836 5353 3138 5424 ἱερωσύνης
3175 5349 3359 5413 αὐτοῦ,
3395 5349 3488 5401 καὶ
3520 5345 3595 5416 μὴ
3621 5343 3785 5398 δυνα-

533 5468 639 5521 que
663 5453 949 5507 sacerdote
1001 5450 1084 5504 vel
1141 5448 1323 5503 altari.
1395 5445 1523 5501 Haec
1583 5462 1712 5517 ergo
1769 5461 1889 5517 quae
1943 5461 2110 5515 super

2212 5452 2301 5504 τὸν
2344 5448 2617 5502 τελεῖσθαι
2653 5445 2861 5514 ταύτην
2901 5444 3073 5514 χωρὶς
3127 5441 3312 5511 ἱερέως
3346 5438 3501 5501 ὅλως,
3540 5436 3786 5505 ἤθυσια-

533 5552 771 5596 mentem
805 5550 936 5594 sunt
970 5541 1157 5604 donat,
1198 5547 1251 5593 et
1278 5554 1398 5593 eum
1433 5539 1523 5608 qui
1572 5540 1730 5610 digne
1761 5539 2105 5609 participavit

532 5633 720 5689 divina
755 5633 1009 5703 mysteria
1039 5631 1485 5702 concorporalem
1515 5631 1677 5688 eliicit
1708 5631 1945 5696 Christo,
1966 5641 2019 5684 et
2049 5641 2106 5685 ut

610 5808 729 5844 “-“
764 5810 908 5865 Psal.
942 5827 1014 5880 vt,
1054 5814 1107 5869 7.

1222 5816 1262 5849 ¹⁸
1286 5815 1428 5875 Psal.
1454 5833 1635 5891 cxmv,
1662 5819 1714 5887 l,
1738 5818 1793 5874 2.
1874 5820 1916 5853 "
1946 5817 2089 5875 Psal.
2121 5783 2249 5885 an,
2276 5819 2330 5875 9.
2411 5818 2451 5850 "
2477 5816 2620 5873 Psal.
2646 5831 2789 5884 cxvt,
2831 5816 2883 5871 l.

2213 5539 2463 5609 στηρίου.
2492 5537 2641 5605 Αὕτη
2684 5534 2867 5588 τοίνυν
2912 5537 2979 5587 τά
3030 5532 3169 5601 ὑπὲρ
3214 5528 3338 5583 νοῦν
3368 5527 3637 5596 δωρεῖται·
3688 5522 3786 5574 καὶ

2212 5632 2303 5684 τὸν
2337 5630 2436 5700 μὲν
2481 5626 2846 5681 κοινωνοῦντα
2877 5626 2985 5679 τῶν
3013 5622 3331 5695 μυστηρίων
3363 5619 3525 5685 ἀξίως
3572 5616 3787 5671 σύσσω-

2963 5815 3004 5846 ¹⁶
3036 5810 3225 5869 Matth.
3246 5823 3371 5876 xxv,
3398 5806 3454 5867 6.
