4118 6442
395 302 494 368 941

1097 317 1488 380 RESPONSA
1533 322 1635 382 AD
1674 324 2124 386 GABRIELEM
2160 328 2882 396 PENTAPOLITANUM.

3559 337 3661 397 942

399 444 502 496 μον
534 431 773 484 ποιεῖται
819 433 1063 502 Χριστῷ,
1107 437 1204 488 καὶ
1238 437 1297 491 ἓν
1328 439 1488 506 μέλος
1524 441 1815 513 καθίστησι
1857 461 1958 512 μετ

2081 447 2383 501 membrum
2413 464 2582 503 unum
2614 449 2690 504 illi
2738 458 2977 516 coaptat,
3024 457 3078 502 et
3124 449 3384 517 templum
3427 451 3657 507 Domino

389 520 586 587 αὐτοῦ,
616 523 711 575 καὶ
741 524 869 577 ναὸν
901 527 1103 594 Κυρίου
1137 532 1560 596 κατασκευάζει.
1590 535 1730 598 Τοὺς
1758 535 1832 606 μὴ
1861 554 1973 590 κοι-

395 612 699 675 νωνοῦντας
727 615 784 668 δὲ
820 617 886 670 δι’
916 618 1230 688 εὐλάϐειαν,
1260 625 1442 677 πίστει
1472 627 1530 679 δὲ
1561 628 1656 680 καὶ
1689 629 1972 700 προθυμίᾳ

395 707 870 774 παρισταμένους,
927 712 1038 764 τῶν
1091 714 1512 785 ἁμαρτημάτων
1565 721 1843 788 καθαίρει,
1877 723 1971 774 άλ-

392 795 529 848 λοιοῖ
556 799 693 864 πρὸς
723 801 788 852 τά
815 803 1124 870 κρείττονα,
1163 808 1303 872 μετὰ
1327 810 1437 861 τῶν
1467 810 1721 877 ἀγγέλων
1747 817 1841 864 καὶ
1863 815 1972 866 τῶν

389 886 569 953 ἁγίων
607 891 739 952 ἑνοῖ,
786 893 1064 962 άγιασμοῦ
1095 896 1240 950 θείου
1274 900 1491 968 πληροῖ,
1519 902 1614 952 καὶ
1643 901 1822 970 ψυχὴν
1856 921 1972 970 φω-

391 975 553 1041 τίζει,
588 981 685 1032 καὶ
716 981 895 1050 λόγον,
927 986 1021 1038 καὶ
1048 988 1194 1050 νοῦν,
1241 991 1335 1042 καὶ
1362 991 1430 1043 τὰ
1463 991 1558 1044 τοῦ
1593 993 1845 1058 σώματος
1883 997 1969 1048 αἱ-

393 1067 689 1140 σθητήρια.
741 1076 839 1127 Διὰ
870 1077 980 1146 γὰρ
1033 1080 1134 1148 τῆς
1175 1081 1488 1151 ἱερουργίας
1533 1085 1630 1138 τοῦ
1685 1089 1968 1157 Κυριακοῦ

392 1162 646 1230 σώματός
675 1183 737 1218 τε
777 1171 871 1220 καὶ
918 1172 1175 1240 αἵματος,
1213 1176 1534 1244 Πνεύματος
1579 1179 1737 1246 ἁγίου
1774 1183 1966 1251 ἐπιδη-

395 1253 644 1321 μοῦντος,
674 1261 768 1313 καὶ
789 1263 1124 1334 τηλικαύτης
1159 1267 1624 1334 ἀλλοιώσεωςςκαὶ
1659 1275 1966 1342 μεταϐολῆς

388 1347 704 1416 γινομένης,
733 1351 826 1404 τοῦ
867 1355 1046 1408 κοινοῦ
1082 1359 1249 1426 ἄρτου
1280 1362 1374 1412 καὶ
1403 1365 1668 1432 ποτηρίου
1697 1367 1778 1428 είς
1807 1357 1967 1434 ἅῶμα

390 1435 607 1505 ἀληθῶς
643 1441 737 1492 καὶ
772 1439 912 1511 αἷμα
947 1448 1424 1518 μεταϐαλλομένου
1460 1455 1812 1523 Δεσποτικδν,
1833 1459 1966 1512 αὐτὸ

391 1525 604 1620 άληθῶς
657 1533 753 1584 καὶ
802 1534 902 1587 οὐκ
951 1537 1098 1603 ἄλλο,
1146 1541 1364 1612 εὐδοκίας⁴
1398 1545 1630 1612 Πατρδς,
1662 1548 1966 1620 αὐτουργίᾳ

382 1617 546 1682 ’Τίοῦ,
578 1621 670 1673 καὶ
705 1627 965 1693 συνεργία
1001 1629 1095 1680 τοῦ
1140 1633 1473 1700 Πνεύματος.
1509 1637 1574 1689 Τί
1609 1637 1708 1690 οὐκ
1735 1639 1802 1691 ἂν
1828 1617 1966 1706 άγαξ

391 1706 481 1758 θον
539 1713 876 1781 χορηγηθείη
924 1719 1037 1779 τοῖς
1086 1723 1224 1788 μετὰ
1279 1724 1516 1788 πίστεως
1551 1729 1644 1780 καὶ
1677 1729 1964 1793 εὐλαϐείας

389 1802 667 1871 προσοχῆς
693 1821 751 1857 τε
785 1809 876 1859 καὶ
906 1813 1218 1881 προσευχῆς
1256 1816 1433 1868 ἐκεῖσε
1485 1821 1924 1888 παρισταμένοις
1949 1839 1963 1888 ;

389 1890 462 1940 Οὐ
491 1890 598 1960 γάρ
633 1893 712 1946 ἔτι
746 1899 825 1958 εἰς
877 1901 982 1967 γῆν
1035 1903 1173 1954 εἰσιν
1224 1897 1393 1971 οὗτοι,
1449 1909 1566 1960 ἀλλ’
1610 1912 1689 1973 εἰς
1735 1912 1966 1980 οὐρανὸν

389 1982 626 2050 ἀληθῶς.
687 1986 844 2040 Οὕτω
902 1992 1012 2060 γὰρ
1065 1993 1331 2064 ἠθέλησεν
1374 2000 1402 2050 ὁ
1452 2000 1656 2066 ἀγαθὸς
1710 2003 1969 2058 ἁπάντων

381 2076 668 2146 Δεσπότης
722 2082 819 2132 καὶ
864 2083 959 2134 τοῦ
995 2085 1226 2152 οὐρανοῦ
1265 2087 1540 2155 βασιλεὺς,
1589 2093 1680 2143 ἐπὶ
1732 2095 1830 2159 τῆς
1866 2096 1967 2162 γῖες

386 2168 688 2235 καταϐῆναι
717 2172 785 2225 δι’
817 2176 983 2243 ημᾶς,
1006 2179 1098 2230 καὶ
1122 2178 1234 2232 ἄνω
1259 2184 1405 2251 ἡμᾶς
1442 2184 1678 2251 ὑψῶσαι,
1713 2187 1807 2240 καὶ
1833 2190 1968 2240 πάνυ

384 2278 506 2313 τοτε
542 2257 682 2317 εῖναι
734 2267 854 2335 μεθ’
885 2269 1064 2337 ἡμῶν.
1123 2273 1232 2324 Καὶ
1262 2275 1332 2326 τὰ
1365 2276 1491 2339 ξένα
1519 2278 1690 2331 ταῦτα
1733 2279 1820 2334 διὰ
1869 2283 1968 2344 τῆς

381 2352 691 2423 -ίερωσύνης
725 2358 941 2425 ἐνεργεῖ
973 2366 1256 2436 πανταχοῦ
1293 2369 1507 2438 παρὼν,
1552 2374 1647 2424 καὶ
1693 2375 1780 2426 διὰ
1823 2378 1968 2428 πάν-

387 2464 500 2500 των
527 2450 694 2503 αὐτοῦ
746 2453 857 2506 τῶν
886 2455 1076 2524 ίερέων
1109 2458 1413 2526 φιλάγαθος
1459 2461 1555 2526 ὢν,
1589 2464 1665 2526 ὡς
1714 2467 1808 2520 καλ¹
1838 2470 1966 2530 τοὺς

385 2541 654 2608 ἀγγέλους
679 2545 845 2599 αὐτοῦ
873 2551 967 2608 καὶ
1001 2550 1100 2612 τὰς
1143 2551 1253 2605 τῶν
1290 2554 1466 2620 ἁγίων
1504 2556 1682 2626 ψυχάς
1712 2559 1967 2629 λαμπρύ-

385 2647 464 2683 νει
500 2649 556 2684 τε
593 2634 686 2686 xal
724 2635 868 2704 ὐψοί,
913 2641 1007 2691 καὶ
1043 2640 1254 2704 πάντας
1289 2644 1418 2707 τοὺς
1473 2645 1640 2700 αὐτοῦ
1672 2653 1964 2715 ταπεινοὺς

379 2720 599 2783 δούλους
631 2726 783 2793 ἡμᾶς
813 2729 895 2791 είς
922 2731 982 2781 τὸ
1016 2735 1266 2795 κρεῖττον
1302 2735 1509 2789 ἀλλοιοῖ
1534 2740 1626 2791 καὶ
1659 2742 1882 2808 συμπαο
1906 2744 1962 2806 ῖς

385 2809 750 2882 κατοικτείρει
787 2820 881 2873 καὶ
919 2822 1170 2888 φωτίζων
1228 2827 1581 2893 καθαγιάζει.
1633 2834 1958 2903 Προσερχὼδ

387 2907 527 2973 μεθα
557 2905 652 2961 οὖν
702 2912 840 2979 μετὰ
866 2914 1032 2968 πόθου
1062 2918 1159 2970 καὶ
1190 2920 1477 2984 εὐλαϐείας
1510 2924 1773 2992 διηνεκῶς

383 3001 432 3050 εί
456 2999 682 3054 δυνατὸν
715 3005 858 3073 ὑπὲρ
889 3009 1072 3061 πᾶσαν
1119 3011 1287 3079 ἄλλην
1331 3021 1642 3086 προσευχὴν
1674 3020 1797 3072 καθ’
1829 3023 1961 3075 ἑκά-

2080 549 2406 606 consecrat;
2440 557 2535 596 eos
2561 542 2723 595 etiam
2756 541 2848 610 qui
2885 557 2992 594 non
3027 542 3437 596 communicant
3468 552 3521 596 et
3569 545 3658 610 qui

2077 644 2202 699 erga
2232 631 2382 686 illam
2421 634 2476 686 in
2503 633 2705 702 pietate
2737 635 2966 703 zelcque
2993 634 3212 688 radicati
3244 645 3467 688 manent
3499 652 3660 688 mun-

2075 721 2167 774 dat
2205 737 2233 774 a
2267 724 2537 790 peccatis,
2595 734 2767 778 mutat
2822 726 2875 778 iu
2911 727 3131 790 melius,
3193 725 3399 794 angelis
3441 736 3494 779 et
3530 743 3658 780 san-

2075 813 2182 866 ctis
2212 816 2518 882 conjungit,
2565 827 2753 869 sancta
2792 816 2889 870 Dei
2933 819 3110 886 gratia
3140 819 3346 887 replet;
3379 819 3612 872 animam
3639 857 3654 878 .

2077 913 2314 958 mentem
2369 915 2423 960 et
2463 907 2728 962 rationem
2772 909 3039 962 illuminat
3087 911 3249 963 etiam
3304 911 3356 962 in
3409 913 3657 979 corporis

2073 997 2326 1050 Sensibus
2362 999 2520 1064 quasi
2571 1014 2893 1067 repercussa
2928 1000 3255 1054 vibratione.
3315 1002 3521 1055 Etenim
3564 1019 3657 1069 pcr

2069 1088 2398 1144 oblationem
2460 1093 2704 1159 corporis
2755 1101 2806 1145 et
2861 1093 3149 1157 sanguinis
3215 1091 3456 1152 Douiini.
3525 1094 3653 1160 Spi-

2074 1179 2179 1233 ritu
2229 1187 2418 1234 saneto
2467 1182 2702 1250 desuper
2748 1183 3135 1247 obumbrante,
3191 1192 3339 1238 tanta
3372 1185 3656 1252 perlicitur

2073 1272 2302 1324 mutatio
2331 1283 2385 1326 et
2429 1275 2995 1339 transsubstautiatio,
3029 1286 3084 1328 ut
3121 1277 3278 1345 panis
3313 1286 3468 1330 antea
3509 1292 3658 1331 com-

2069 1364 2254 1417 munis
2291 1373 2344 1418 et
2400 1377 2563 1434 pot-us
2595 1369 2837 1438 vulgaris
2880 1370 2939 1422 in
2991 1385 3186 1437 corpus
3227 1379 3282 1422 et
3332 1371 3651 1437 sanguinem

2073 1465 2353 1525 transeat;
2381 1469 2435 1511 et
2481 1476 2610 1515 vere
2643 1472 2892 1529 superest
2922 1475 3124 1530 corpus
3157 1464 3335 1530 ipsum
3366 1479 3490 1516 cum
3524 1478 3652 1516 vero

2068 1549 2333 1618 sanguine
2348 1551 2574 1616 Clu-isti,
2610 1569 2717 1606 non
2746 1555 2892 1607 aliud
2917 1593 2931 1617 ,
2963 1555 3244 1608 voluntate
3273 1555 3465 1616 Patris,
3485 1570 3654 1624 opere

2067 1638 2191 1693 Filii
2220 1651 2278 1694 et
2313 1646 2700 1711 cooperatione
2743 1646 2980 1714 Spiritus
3007 1647 3208 1700 sancti.
3243 1646 3399 1712 Quod
3447 1647 3649 1700 bonum

2067 1747 2177 1786 nou
2222 1736 2508 1802 proveniet
2539 1737 2627 1791 bis
2662 1739 2753 1804 qui
2788 1739 2890 1792 [ide
2915 1737 3094 1800 ﬁrma,
3122 1745 3175 1790 et
3217 1737 3416 1804 pietate
3447 1735 3652 1790 fervida

2073 1825 2265 1878 attenti
2313 1836 2368 1879 et
2410 1838 2633 1882 erantcs
2685 1828 2996 1890 huiusmodi
3040 1828 3310 1882 sacriﬁcio
3341 1829 3646 1882 assistent?

2073 1915 2183 1970 Nec
2211 1917 2320 1983 jam
2357 1919 2412 1970 in
2446 1929 2588 1972 terra
2625 1920 2756 1972 tales
2787 1929 2970 1984 erunt,
3014 1921 3109 1974 sed
3163 1936 3291 1974 vere
3343 1920 3397 1974 in
3450 1922 3650 1975 ccelum

2081 2009 2394 2062 transibunt
2426 2025 2442 2075 ;
2476 2011 2546 2062 ita
2580 2012 2726 2064 enim
2782 2012 2954 2065 voluit
2994 2013 3234 2080 optimus
3275 2015 3517 2067 Omnium
3549 2013 3654 2067 Do—

2072 2100 2258 2153 minus
2292 2110 2347 2154 et
2386 2102 2654 2156 cwlorum
2697 2121 2811 2167 rex,
2849 2104 2942 2168 qui
2981 2112 3204 2172 propter
3232 2119 3329 2159 nos
3362 2107 3418 2158 in
3452 2117 3652 2160 terram

2073 2192 2358 2246 descendit
2390 2202 2446 2247 ut
2487 2211 2584 2248 nos
2615 2197 2857 2250 elevaret
2897 2197 2951 2250 in
2998 2200 3168 2252 cmlos
3207 2207 3264 2251 et
3308 2213 3524 2266 semper
3558 2215 3655 2253 no-

2073 2283 2287 2339 biseum
2324 2298 2589 2341 maneret.
2629 2288 2695 2342 Et
2748 2288 3018 2343 mirabilia
3049 2291 3164 2345 hanc
3195 2299 3249 2346 et
3294 2291 3448 2346 terris
3474 2291 3653 2346 aliena

2071 2390 2172 2443 per
2225 2377 2596 2430 sacerdotium
2650 2389 2909 2442 operatur
2965 2383 3168 2449 ubique
3219 2382 3430 2445 vivens,
3466 2391 3520 2437 et
3556 2399 3654 2452 per

2069 2480 2262 2519 omnes
2295 2481 2424 2520 suos
2451 2470 2765 2522 sacerdotes
2796 2482 2908 2522 suae
2941 2470 3209 2524 bonitatis
3253 2480 3305 2523 et
3337 2471 3650 2524 dilectionis

2068 2558 2369 2624 sperarios.
2419 2560 2487 2614 Et
2543 2561 2688 2614 sicut
2739 2578 2934 2616 omnes
2959 2565 3179 2634 angelos
3199 2572 3259 2617 ct
3294 2565 3500 2617 animas
3523 2579 3651 2616 san-

2067 2659 2281 2703 ctorum
2317 2651 2566 2705 claritate
2602 2665 2651 2706 et
2691 2653 2901 2723 fulgore
2926 2657 3086 2709 ves-tit
3119 2667 3174 2710 et
3195 2656 3373 2709 elevat
3407 2655 3457 2707 in
3493 2657 3650 2709 sedes

2067 2740 2170 2794 cmi
2194 2752 2342 2808 stes,
2389 2745 2462 2797 ita
2507 2759 2611 2798 nos
2644 2761 2834 2800 omnes
2860 2762 3047 2802 Servos
3079 2763 3207 2802 suos
3240 2747 3543 2800 humillimo
3597 2750 3649 2801 iu

2066 2835 2335 2903 optimum
2368 2847 2564 2900 mutat,
2610 2849 2663 2890 et
2717 2851 3063 2906 peramanter
3098 2841 3332 2908 suscipit
3363 2839 3650 2907 fovetque,

2067 2941 2126 2980 ut
2157 2928 2364 2982 lumine
2413 2945 2518 2983 suo
2550 2931 2915 2985 circumfusos
2950 2935 3121 2986 societ
3144 2935 3446 2987 sanetitati.
3483 2936 3652 2988 Acco--

2066 3019 2260 3074 datuus
2299 3021 2460 3090 igitur
2488 3023 2705 3077 assidue
2736 3026 3061 3078 anhelantes
3093 3025 3372 3080 desiderio
3419 3038 3475 3081 et
3524 3026 3646 3095 pie-

386 3108 517 3161 στην
543 3095 609 3162 τῇ
650 3095 773 3165 ἱερᾷ
799 3100 1185 3172 μυσταγωγίᾳ·
1220 3104 1302 3158 ὅτι
1336 3106 1490 3160 οὐδὲν
1519 3109 1575 3175 ἐξ
1610 3110 1773 3164 ἄλλου
1797 3095 1959 3168 παντίι

2068 3121 2176 3164 tate
2211 3111 2508 3177 ferventes,
2543 3125 2805 3182 quantum
2831 3133 3140 3185 possumus,
3174 3121 3238 3172 ad
3266 3129 3517 3173 sanctum
3557 3134 3650 3173 sa-

383 3185 564 3254 πιστῷ
594 3188 670 3248 ὡς
700 3191 765 3241 ἐκ
792 3191 984 3242 τούτου
1015 3194 1075 3244 τὸ
1109 3195 1321 3262 ὄφελος.
1356 3200 1467 3252 Καὶ
1501 3203 1635 3269 μηδὲ
1672 3205 1853 3273 ἱερεύς
1875 3225 1961 3271 τις

379 3277 572 3330 τούτου
619 3283 1020 3349 κατα-μελείτω,
1076 3284 1164 3339 ίνα
1215 3289 1287 3356 μὴ
1326 3291 1420 3342 καὶ
1466 3292 1614 3360 αὐτῷ
1661 3297 1753 3348 καὶ
1798 3301 1960 3352 παντὶ

379 3371 558 3438 πιστῷ
595 3374 862 3444 μεγίστην
890 3375 1123 3447 προξενῇ
1165 3379 1265 3448 τὴν
1313 3380 1541 3449 ζημίαν.
1590 3386 1704 3437 Καὶ
1734 3390 1838 3458 γὰρ
1872 3390 1960 3442 ἵνα

382 3461 587 3532 βλάϐην
637 3465 734 3517 καὶ
785 3465 988 3535 ζημίαν
1025 3469 1161 3523 ’καθ’
1209 3471 1516 3545 ὑπερϐολὴν
1565 3475 1805 3547 ἔχωμεν,
1863 3481 1959 3534 καὶ

381 3558 612 3609 πάντοτε
643 3557 744 3626 μὲν
772 3560 852 3620 είς
881 3560 982 3622 τάς
1013 3564 1323 3639 προσευχὰς
1347 3567 1373 3618 ὁ
1408 3569 1645 3637 πονηρὸς
1676 3571 1959 3641 ῥᾳθύμους

377 3664 438 3700 τε
465 3649 564 3700 καὶ
594 3650 935 3717 άκηδιῶντας
970 3653 1096 3715 τοὺς
1131 3655 1378 3720 εὐσεϐεῖς
1424 3659 1572 3728 ἡμᾶς
1619 3665 1712 3714 καὶ
1741 3664 1958 3733 όρθοδό-

377 3739 506 3805 ξους
538 3743 831 3810 ἐργάζεται
885 3744 1205 3798 τούναντίον
1259 3747 1316 3800 δὲ
1350 3750 1479 3814 τοὺς
1521 3751 1714 3816 ἀθέους
1747 3756 1838 3807 καλ⁵
1872 3758 1959 3810 ai-

382 3833 696 3900 ρετίζοντας
724 3835 803 3897 είς
831 3837 932 3898 τάς
966 3839 1170 3907 μιαρὲς
1203 3841 1386 3893 αὐτῶν
1419 3847 1732 3915 προσευχὰς
1757 3848 1954 3912 αὐτοὺς

369 3924 661 3995 διεγείρει,
687 3927 761 3988 ὡς
783 3927 850 3980 ἂν
871 3930 1074 3982 ἐκεῖνοι
1105 3931 1205 3999 μὲν
1229 3933 1316 3986 διὰ
1346 3936 1455 3987 τῶν
1485 3938 1700 4005 ἐναγῶν
1723 3957 1957 4009 προσευ-

377 4017 490 4087 χῶν
521 4019 724 4082 αὐτῶν,
765 4020 842 4083 ὡς
873 4022 965 4073 ἐπὶ
1005 4023 1166 4076 πλέον
1209 4025 1664 4096 βλασφημοῦντες
1695 4049 1957 4104 κατακρι-

375 4111 533 4194 θῶσιο
566 4112 896 4182 θεομαχοῦσι
928 4115 1035 4184 γὰρ
1065 4119 1160 4169 καὶ
1211 4119 1310 4170 οὐκ
1365 4117 1618 4190 εὔχονται
1649 4139 1664 4155 ³
1698 4124 1859 4194 ἡμεῖς
1897 4126 1954 4178 δὲ

378 4191 455 4271 μὴ
489 4203 771 4272 εὐχόμενοι
827 4205 904 4274 τῷ
964 4207 1204 4280 ἀληθινῷ
1247 4210 1367 4280 Θεῷ
1416 4215 1600 4284 ἡμῶν,
1652 4191 1752 4286 τῆς
1787 4217 1954 4272 αὐτοῦ

373 4293 599 4366 χάριτος
652 4298 1025 4366 στερηθῶμεν.
1085 4301 1180 4354 Δ-ιδ
1240 4304 1336 4357 καὶ
1393 4306 1624 4360 πάντοτε
1671 4308 1772 4379 μὲν
1805 4311 1954 4380 ἡμᾶς

375 4385 601 4437 σπεύδει
654 4386 888 4440 κωλύειν
925 4394 1024 4456 τῆς
1058 4395 1389 4462 προσευχῆς,
1433 4396 1669 4462 μάλιστα
1715 4400 1772 4452 δὲ
1814 4405 1953 4458 κατὰ

371 4479 473 4547 τὴν
530 4478 680 4532 θείαν
731 4482 1075 4550 ἱερουργίαν.
1122 4486 1233 4536 Kal
1285 4487 1585 4542 ἐπιτίθεται
1625 4489 1947 4565 βαρύτερον,

375 4572 469 4624 καὶ
522 4571 624 4638 τὴν
675 4573 828 4626 θείαν
879 4573 1022 4628 θέλει
1067 4575 1301 4630 κωλύειν
1352 4579 1714 4652 λειτουργίαν.
1756 4587 1869 4640 Καὶ
1917 4584 1948 4659 ἢ

375 4663 623 4734 ῥαθυμίᾳ
662 4665 694 4735 ἢ
746 4666 989 4734 εὐλόγοις
1024 4667 1189 4737 δῆθεν
1224 4671 1429 4736 αἰτίαις
1467 4673 1703 4742 ἀπάγειν
1749 4678 1953 4749 ταύτης

373 4756 665 4827 ἐπιχειρεῖν
702 4761 795 4810 καὶ
830 4762 1160 4827 φαντασίαις
1181 4765 1238 4816 δὲ
1267 4769 1614 4833 νυκτεριναίς
1639 4769 1764 4832 τοὺς
1796 4773 1952 4842 ίερω-

370 4849 574 4918 -μένους
622 4866 680 4900 τε
717 4851 968 4911 καὶτοὺς
1005 4852 1366 4920 βουλομένους
1422 4856 1672 4927 μετέχειν
1706 4861 1815 4914 τῶν
1846 4879 1946 4931 μυ-

373 4941 635 5011 στηρίων,
670 4942 984 5009 ἐμποδίζειν
1014 4943 1075 4995 οὐ
1115 4949 1484 5012 παραιτεῖται,
1516 4949 1589 5010 ὡς
1621 4950 1708 5003 διὰ
1739 4952 1951 5006 πολλῶν

370 5033 635 5101 ἔγνωμεν,
672 5032 981 5102 βασκαίνων
1010 5035 1103 5087 τοῦ
1138 5037 1414 5108 άγιασμοῦ
1457 5042 1550 5092 καὶ
1581 5041 1683 5111 τῆς
1719 5044 1949 5114 δωρεᾶς,

370 5125 485 5185 τοῖς
527 5140 586 5176 τε
626 5125 945 5193 ίερωμένοις
981 5126 1284 5195 ὀρθοδὶξοις
1316 5132 1446 5197 ἡμῖν
1495 5134 1552 5183 ὲν
1599 5133 1822 5205 Χριστῷ
1858 5139 1954 5190 καὶ

369 5217 482 5276 τοῖς
521 5215 750 5279 λαῖκοῖς,
785 5219 850 5269 ὲκ
879 5217 1069 5271 τούτου
1104 5220 1304 5288 μᾶλλον
1342 5225 1368 5274 ό
1400 5222 1634 5286 δείλαιος
1658 5227 1954 5298 ἐλεγχόμε-

372 5323 463 5369 νος
500 5310 593 5360 κα¹ι
629 5310 1161 5378 καταισχυνόμενος,
1194 5311 1270 5377 ὡς
1316 5313 1590 5383 βάσκανος
1616 5314 1699 5370 τῶν
1728 5320 1822 5372 καὶ
1855 5337 1954 5372 πο-

371 5399 557 5468 νηρός.
591 5400 699 5453 Καὶ
737 5401 886 5455 ἄκων
919 5402 975 5455 δὲ
1017 5409 1287 5475 μαρτυρεῖ
1323 5407 1384 5459 τὸ
1423 5408 1568 5460 θεῖον
1617 5411 1712 5463 τοῦ
1759 5412 1946 5481 ἔργου,

371 5491 467 5545 καὶ
499 5491 562 5544 τὺ
608 5491 709 5561 τῆς
757 5495 980 5563 χάριτος
1028 5495 1280 5564 μέγεθος.
1335 5498 1408 5552 Οὐ
1449 5500 1562 5570 γὰρ’
1601 5500 1666 5553 ἂν
1707 5502 1941 5566 ἐκώλυε,

372 5584 451 5654 μὴ
504 5585 770 5657 μεγίστην
804 5587 1040 5658 νομίζων
1087 5589 1189 5660 τὴν
1235 5589 1479 5661 δωρεᾶιν,¹
1507 5596 1601 5647 καὶ
1650 5595 1940 5663 ὠφέλειαν.

386 5676 548 5730 Ἀλλά
582 5680 946 5748 προσεκτέονο
978 5683 1072 5735 καὶ
1117 5683 1307 5736 τοῦτον
1342 5685 1444 5753 μὲν
1494 5688 1779 5757 συντρίψει
1815 5689 1950 5759 Χρι-

378 5769 523 5838 στὶς,
557 5770 1042 5844 τῇνὲξομολογήσει
1090 5774 1144 5827 δὲ
1180 5778 1271 5828 καὶ
1304 5774 1635 5832 ταπεινώσει
1683 5780 1740 5833 ἐν
1777 5796 1947 5848 μετα-

2064 3203 2334 3259 criﬁciuut
2396 3224 2504 3275 pra:
2555 3210 2813 3263 omnibus
2874 3222 2928 3264 et
2983 3211 3217 3287 singulis
3253 3211 3643 3275 orationibus;

2063 3297 2190 3364 quia
2223 3312 2286 3351 ex
2319 3299 2466 3352 nulla
2501 3300 2605 3354 alia
2643 3311 2788 3355 tanta
2826 3312 3006 3370 potest
3042 3303 3182 3356 ﬁdeli
3211 3303 3520 3371 cuicunque
3547 3302 3648 3355 ob-

2062 3391 2254 3443 venire
2284 3391 2514 3446 utilitas.
2555 3392 2620 3446 Et
2669 3394 2927 3450 sacerdos
2979 3410 3262 3463 nunquam
3309 3395 3439 3448 illud
3477 3394 3650 3465 negli-

2064 3493 2197 3544 gens
2223 3483 2627 3547 praetermittat,
2665 3498 2734 3535 ne
2763 3483 2881 3551 ipse
2903 3484 3005 3538 sibi
3035 3493 3088 3538 et
3113 3485 3373 3538 omnibus
3398 3485 3649 3538 ﬁdelibus

2060 3585 2338 3623 summum
2397 3571 2596 3625 inferat
2643 3573 2928 3626 damnum.
3007 3573 3231 3628 Mirifice
3265 3573 3408 3626 enim
3458 3575 3542 3626 hic
3594 3584 3650 3627 et

2059 3661 2436 3730 praeiudicium
2467 3671 2523 3716 et
2553 3662 2813 3716 damnum
2852 3664 3135 3718 incurrere
3168 3678 3486 3732 possumus;
3517 3678 3642 3716 nam

2060 3767 2276 3820 semper
2308 3753 2488 3806 malus
2518 3754 2638 3821 pios
2677 3764 2728 3807 et
2757 3754 3094 3808 ortbodoxos
3123 3754 3177 3808 in
3210 3755 3418 3809 orando
3446 3769 3643 3824 segnes

2053 3855 2112 3898 et
2140 3845 2427 3899 aCcdiosos
2467 3845 2606 3899 soicl
2646 3844 2848 3910 facere,
2882 3847 3070 3900 atheOs
3115 3856 3304 3900 centra
3335 3857 3387 3900 et
3422 3848 3646 3901 haereti-

2058 3951 2153 3990 cos
2190 3936 2254 3989 ad
2298 3938 2535 4005 impurus
2584 3948 2638 3991 et
2671 3937 2913 3991 nefarias
2943 3955 3077 4005 quas
3111 3939 3300 3993 dicunt
3329 3955 3517 4007 preces
3549 3941 3647 3993 im-

2058 4028 2262 4097 pellere
2290 4029 2506 4098 satagit,
2543 4039 2600 4083 ut
2636 4031 2749 4084 Suis
2779 4030 3127 4085 orationibus
3160 4032 3333 4101 magis
3372 4047 3435 4085 ac
3469 4035 3642 4100 magis

2059 4121 2508 4189 blasplicmantes
2543 4122 3028 4177 condemnentur:
3071 4121 3240 4177 Deum
3273 4125 3418 4177 enim
3467 4125 3645 4194 impu-

2057 4223 2225 4277 gnant
2259 4214 2457 4268 nedum
2491 4223 2682 4280 orent;
2721 4231 2822 4269 nos
2851 4229 2979 4270 vero
3040 4231 3109 4270 ne
3168 4216 3277 4271 Deo
3307 4225 3492 4271 nostro
3517 4233 3644 4285 prc-

2057 4323 2148 4364 ces
2180 4325 2286 4362 non
2327 4307 2620 4362 fundentes
2659 4308 2829 4378 gratia
2862 4307 2984 4374 ejus
3014 4307 3398 4362 destituatnur.
3433 4308 3642 4364 Idcirco

2061 4417 2276 4470 semper
2307 4400 2507 4454 nititur
2529 4415 2627 4454 nos
2649 4414 2837 4454 arcere
2864 4401 2933 4454 ab
2957 4399 3227 4462 oratione,
3287 4402 3380 4455 sed
3409 4403 3645 4456 maxime

2060 4511 2087 4548 a
2119 4503 2310 4547 sancto
2341 4502 2394 4546 ct
2422 4491 2613 4546 divino
2648 4493 3019 4556 sacriﬁcio,'et
3051 4493 3349 4548 instantius
3371 4497 3566 4561 premit
3590 4504 3650 4548 ut

2061 4587 2324 4656 impediat
2357 4586 2780 4641 celebrationem
2815 4587 3007 4648 Missae,
3043 4596 3097 4640 et
3148 4587 3262 4640 sive
3316 4587 3641 4656 negligentia

2054 4681 2217 4751 justis
2250 4681 2317 4735 de
2350 4681 2532 4734 causis
2560 4679 2626 4733 ab
2661 4679 2749 4732 illa
2781 4679 3062 4734 deterrere
3097 4689 3264 4734 tentat
3296 4697 3311 4746 ;
3368 4696 3470 4735 nec
3499 4681 3646 4735 dedi—

2061 4783 2264 4843 gnatur
2297 4771 2589 4826 nocturnis
2626 4771 2995 4834 illusionibus,
3029 4780 3083 4825 ct
3110 4786 3205 4823 eos
3234 4771 3326 4838 qui
3362 4787 3651 4825 consecra-

2061 4867 2168 4920 turi
2206 4875 2336 4920 sunt
2371 4875 2420 4919 et
2449 4880 2542 4917 cos
2572 4863 2662 4932 qui
2699 4864 2948 4928 mysteria
2976 4862 3301 4930 participare
3325 4863 3643 4928 intendunt,

2063 4967 2122 5011 ut
2163 4959 2214 5012 in
2247 4959 2493 5025 pluribus
2535 4959 2733 5009 factum
2783 4955 3060 5018 novimus,
3119 4955 3419 5023 prwpetlirc
3455 4972 3483 5008 a
3522 4971 3646 5024 pro-

2065 5051 2266 5119 posito,
2297 5048 2533 5102 irridens
2559 5046 3026 5100 consecrationem
3065 5043 3173 5099 Deo
3212 5054 3266 5099 et
3307 5044 3397 5099 Dci
3438 5045 3644 5100 donum

2059 5141 2217 5196 nobis
2247 5137 2702 5194 consecrantibus
2730 5137 2782 5189 in
2815 5136 3036 5190 Christo
3088 5147 3139 5190 et
3169 5137 3340 5202 laicis,
3371 5137 3497 5191 inde
3532 5155 3648 5191 ma-

2059 5235 2202 5287 xime
2239 5230 2605 5299 improbitatis
2662 5237 2713 5282 et
2753 5230 3036 5296 uequitiar
3069 5231 3352 5284 convictus
3385 5241 3439 5285 et
3489 5232 3651 5286 fasci-

2061 5319 2304 5375 natiouis
2338 5331 2389 5373 et
2425 5319 2672 5388 pessimae
2709 5321 2843 5373 artis
2898 5331 3027 5373 nota
3063 5319 3295 5375 inustus.
3331 5320 3537 5376 Inritus
3566 5332 3647 5374 ta-

2059 5429 2179 5467 men
2205 5415 2388 5480 operis
2423 5412 2568 5466 illius
2595 5411 2936 5466 divinitatem
2970 5423 3201 5467 testatur
3249 5424 3302 5468 et
3329 5416 3516 5484 gratia:
3547 5431 3639 5469 ex-

2051 5508 2394 5570 cellentium;
2422 5507 2552 5560 dum
2585 5505 2731 5561 enim
2763 5507 2830 5559 ab
2865 5507 2969 5559 illis
2995 5507 3295 5568 dissuadet,
3328 5506 3517 5560 sedulo
3547 5521 3643 5562 ca-

2051 5611 2142 5655 vet
2170 5615 2236 5652 ne
2265 5597 2577 5652 celsitudini
2619 5599 2702 5653 ct’
2735 5598 2882 5652 bono
2919 5600 3047 5652 doni
3105 5599 3264 5668 hujus
3309 5597 3644 5652 attendatur.

2056 5691 2163 5745 Sed
2188 5691 2482 5762 diligenter
2510 5690 3063 5746 animadvertendum
3095 5701 3180 5745 est
3210 5707 3225 5758 ;
3257 5692 3402 5745 hunc
3425 5693 3645 5761 quidem

2055 5783 2312 5840 Christus
2355 5787 2699 5841 comminuet
2728 5800 2746 5838 :
2785 5785 3146 5842 confessione
3180 5796 3360 5840 autem
3392 5795 3446 5841 et
3471 5785 3649 5863 humi:
