4118 6446
452 307 558 368 9i3

1259 299 1638 361 SYMEONIS
1665 298 1767 358 ΤΗ
1780 297 1954 358 ESSA
1967 296 2418 358 LONlCENSlS
2445 299 2800 362 ARCHIEP.

3609 303 3715 367 944

458 421 609 473 litate
659 416 711 468 in
758 413 1080 483 paenitentia
1125 413 1341 466 assidua
1377 412 1444 466 ad
1476 412 1757 465 Christum
1802 409 2028 464 acceda-

2143 413 2254 482 νοίᾳ
2297 412 2538 482 διηνεκεῖ
2570 416 2792 482 Χριστῷ
2829 417 3290 487 προσερχώμεθα.
3329 435 3348 470 ι
3378 416 3714 488 Προσέλθετε

453 524 589 562 mus.
633 527 649 558 ι
688 506 938 561 Αροιιιίτιο
969 505 1034 558 ad
1075 519 1220 564 cum,
1283 503 1436 568 dicit,
1500 513 1555 558 et
1599 500 1982 557 illumiuamini
2011 537 2025 562 ,

451 610 505 656 et
533 597 699 655 facies
732 608 925 652 vestrae
955 612 1062 651 non
1093 594 1499 650 confundentur
1537 597 1598 647 ¹⁷.
1637 613 1655 644 ι

938 750 1263 817 QUJESTIO
1295 749 1511 804 LXXX.

452 873 584 941 Quis
632 883 712 924 est
759 871 849 937 qui
897 877 1076 941 tantas
1101 876 1154 941 et
1188 875 1297 919 tam
1333 865 1530 941 multas
1566 867 1771 941 prima;
1807 865 2030 941 tradidit

520 935 881 1004 suscipiendas
907 938 1198 996 molestias.
1229 937 1660 995 exercitatimzes,
1697 935 1905 988 labores
1937 936 2033 986 do-

522 1015 789 1079 loresque,
818 1009 1121 1079 aﬂlictionea
1159 1008 1412 1079 carnisct
1459 1007 1780 1064 vexationes.
1815 1006 2032 1079 virgini-

525 1083 648 1136 tatis
679 1076 747 1133 'et
803 1076 1162 1133 sanctimonia:
1209 1076 1445 1128 studium
1475 1115 1487 1133 ,
1539 1091 1602 1126 ac
1666 1091 1822 1140 super
1856 1076 2032 1127 omnia

522 1165 788 1206 summam
827 1148 1143 1217 patientiam
1179 1162 1243 1198 ac
1274 1145 1716 1217 submissionem?
1748 1143 1922 1217 Quam
1968 1142 2030 1197 ob

523 1237 742 1276 causam
773 1214 884 1272 Iuro
909 1218 1110 1281 omnia,
1151 1223 1198 1270 et
1224 1231 1339 1283 qua:
1367 1229 1431 1267 ea:
1471 1215 1551 1268 his
1581 1215 1786 1268 utilitas
1813 1214 1836 1267 ‘l

521 1333 888 1402 Quantumvis
916 1330 1118 1386 mirum
1156 1329 1413 1384 videatur
1442 1330 1590 1398 quod
1635 1329 1835 1399 quaeris
1858 1373 1872 1394 ,
1907 1342 2028 1384 esse

454 1434 664 1489 scilicet
709 1428 1049 1485 sullerendos
1095 1434 1316 1482 sanctos
1351 1441 1576 1498 agones.
1632 1427 1817 1480 varios
1847 1425 2034 1481 carnis

454 1517 690 1580 labores.
751 1519 995 1574 dolorem
1024 1531 1296 1586 quemque
1328 1525 1383 1571 et
1435 1517 1870 1583 tribulationem,
1900 1531 2034 1588 pau-

455 1621 720 1680 pertatem
746 1620 800 1664 et
823 1609 1019 1665 animae
1053 1609 1467 1673 contritionem,
1496 1619 1556 1664 ut
1579 1619 1663 1664 est
1705 1611 2028 1678 humilitas;

453 1715 507 1759 et
542 1718 751 1773 quzeras
794 1703 861 1756 ad
907 1701 1037 1771 quid
1082 1704 1194 1756 haec
1230 1701 1437 1768 omnia,
1472 1711 1526 1756 et
1557 1702 1683 1771 quis
1716 1717 1780 1756 ea
1821 1703 2033 1758 consti-
2068 1732 2108 1786 Β

459 1797 644 1859 tuerit,
677 1805 732 1850 et
762 1795 998 1862 denique
1030 1809 1150 1862 quae
1183 1793 1253 1848 sit
1287 1809 1350 1848 ex
1385 1795 1471 1849 his
1531 1795 1780 1855 utilitas;
1845 1804 2031 1850 tamen

459 1890 750 1944 utilissima
779 1900 867 1946 est
900 1891 1150 1956 quaestio,
1182 1902 1244 1944 ut
1272 1889 1644 1957 intelligamus
1674 1904 1736 1942 ea
1769 1904 1879 1942 non
1914 1903 2036 1943 esse

459 1982 717 2047 hominis,
759 1981 853 2036 sed
881 1997 1049 2051 opera
1083 1981 1177 2036 Dei
1211 1983 1265 2036 in
1301 1996 1405 2037 suo
1437 1979 1577 2035 Filio
1607 1981 1699 2050 qui
1749 1997 1852 2051 pro
1880 1983 2038 2036 nobis

459 2075 777 2128 incarnatus
795 2081 879 2128 est
902 2073 959 2127 in
977 2083 1215 2128 nostram
1244 2072 1704 2138 reformationem,
1731 2081 1787 2127 ut
1810 2089 2040 2128 evacua-

461 2179 586 2218 mus
615 2164 758 2217 illam
789 2179 908 2231 quze
931 2175 1015 2218 est
1043 2178 1107 2219 ex
1137 2164 1354 2218 luxuria
1379 2165 1853 2233 cunsumptionem
1890 2174 1944 2218 et
1969 2181 2036 2219 ex

467 2254 891 2323 praesumptione
933 2255 1277 2309 commissam
1331 2255 1544 2323 culpam
1595 2269 1933 2324 reparemus.
1983 2263 2039 2309 et

461 2347 874 2417 pulchritudine
903 2347 1278 2403 excellentiori
1312 2350 1592 2417 gloriaque
1646 2348 1838 2414 majori
1874 2365 2037 2418 quam

461 2439 615 2508 prius
639 2438 898 2504 ditemur,
920 2439 1060 2494 sicut
1089 2439 1288 2495 factum
1315 2449 1396 2494 est
1416 2439 1791 2495 humiliatione
1821 2449 1874 2493 et
1904 2458 2038 2509 pau-

464 2541 675 2599 prrtate
695 2531 920 2596 Christi,
941 2533 1028 2600 qui
1058 2531 1321 2586 sustinuit
1347 2548 1520 2600 usque
1541 2534 1606 2586 ad
1636 2533 2036 2598 venditionem,

464 2623 530 2675 ad
587 2622 920 2690 irrisionem,
979 2623 1045 2678 ad
1097 2625 1448 2692 improperia,
1507 2625 1572 2678 ad
1630 2634 1926 2689 tormenta,
1971 2625 2037 2679 ad

466 2713 638 2768 millia
691 2724 887 2770 caetera
945 2715 1085 2769 mala
1146 2724 1201 2769 et
1239 2716 1303 2770 ad
1338 2723 1568 2768 mortem
1615 2731 1808 2783 usque,
1868 2727 1926 2770 ut
1985 2725 2041 2770 et

469 2824 572 2864 nos
659 2807 809 2862 omni
886 2808 1189 2862 intentione
1263 2809 1512 2862 nitamur
1579 2808 1731 2861 illum
1793 2808 2038 2871 imitari,

461 2912 518 2956 ct
567 2901 910 2954 :emulatores
944 2901 1062 2968 ejus
1095 2910 1337 2965 sanctos,
1415 2914 1682 2970 generose
1715 2899 2040 2968 perferendo

458 3005 570 3044 non
605 2991 778 3044 solum
813 2989 1194 3044 tribulationcs
1225 2989 1502 3045 voluntate
1545 2997 1733 3043 nostra
1758 2991 2034 3059 qumsitas,

460 3083 553 3138 sed
587 3092 641 3135 et
671 3082 789 3134 illas
821 3096 941 3146 quae
981 3090 1180 3150 prmtcr
1211 3082 1550 3135 voluntatem
1595 3085 1858 3152 ingruunt
1893 3083 2034 3137 tristi
2065 3061 2108 3120 (ἶ

459 3175 687 3241 impetu,
724 3187 893 3240 usque
924 3171 990 3224 ad
1019 3180 1247 3226 mortem
1278 3172 1470 3227 millies
1501 3173 1544 3225 si
1581 3173 1694 3227 lieri
1722 3181 1904 3241 posset
1941 3189 2036 3241 pro

459 3263 714 3323 Domino.
738 3278 954 3319 summo
989 3279 1111 3318 cum
1147 3272 1339 3317 nostro
1386 3263 1654 3332 profectu,
1699 3276 2032 3334 susceptam.

461 3353 749 3418 Quomodo
790 3353 936 3406 enim
971 3354 1037 3407 ad
1077 3352 1254 3421 ipsum
1304 3369 1586 3422 possemus
1626 3355 1889 3410 accedere
1918 3357 2037 3410 sine

461 3446 804 3509 verberibus,
830 3446 1042 3499 etiamsi
1091 3445 1332 3500 {oremus
1379 3447 1730 3502 innocentes?
1776 3449 1871 3502 sed
1908 3464 2034 3518 pec-

461 3548 581 3592 cata
617 3546 798 3592 nostra
830 3553 1048 3593 omnem
1076 3539 1346 3594 excedunt
1383 3555 1671 3594 nun‘ierum
1711 3541 1758 3594 el
1790 3543 2036 3596 modum.

462 3624 600 3677 Vide
640 3639 768 3696 ergo
809 3634 866 3677 ut
911 3625 1212 3680 Salvatoris
1244 3627 1464 3698 vestigia
1501 3639 1806 3696 prementes
1834 3631 2037 3686 doloris

460 3726 514 3770 et
543 3731 917 3785 prcssurarum
953 3717 1093 3771 viam
1114 3717 1361 3772 viventes
1395 3718 1651 3790 ingressi,
1676 3729 1805 3775 sunt
1831 3721 2035 3790 etjusti

462 3808 550 3875 qui
589 3807 707 3874 ejus
741 3816 928 3876 typum
947 3808 1072 3861 olim
1101 3809 1384 3878 gerebant,
1411 3820 1464 3863 et
1485 3812 1780 3880 prophetae,
1815 3821 1870 3865 et
1899 3828 2036 3881 apo-

463 3899 607 3960 stoli,
647 3908 698 3952 ct
737 3911 1008 3968 pastores.
1042 3910 1097 3954 et
1129 3911 1410 3971 martyres,
1443 3910 1498 3955 et
1527 3905 1794 3973 magistri,
1827 3912 1882 3958 et
1915 3920 2036 3958 ere-

463 3993 718 4045 mitarum
774 3991 1155 4060 virginumque
1203 4000 1256 4046 et
1311 3993 1559 4047 omnium
1627 3995 1868 4049 fidelium
1941 3996 2034 4051 Dei

464 4090 772 4136 amatorum
829 4089 1020 4135 turmae
1076 4098 1089 4145 ;
1149 4081 1354 4150 absque
1391 4083 1671 4139 laboribus
1723 4086 1904 4140 nullus
1956 4093 2039 4141 est

464 4175 706 4229 salvatus
746 4191 759 4238 ;
789 4173 843 4226 in
876 4174 1075 4242 quibus
1115 4174 1374 4229 omnibus
1407 4176 1767 4232 excellentior
1797 4179 1905 4234 dux
1956 4186 2036 4232 at-

463 4284 565 4335 que
600 4267 858 4336 magister
892 4266 1147 4321 Christus
1179 4265 1325 4321 Deus
1359 4276 1566 4334 uoster,
1605 4278 1664 4323 ut
1705 4268 2034 4324 notavimus.

2135 503 2242 570 γὰρ
2304 504 2486 573 (φησὶ)
2542 505 2678 571 πρὸς
2739 507 2903 558 αὐτὸν
2966 509 3062 558 καὶ
3121 507 3452 578 φωτίσθητε,
3504 508 3596 560 καὶ
3649 508 3715 560 τὰ

2138 594 2411 662 πρόσωπα
2454 597 2608 666 ὑμῶν
2640 598 2698 650 οὐ
2737 601 2810 667 μὴ
2846 601 3241 670 καταισχυνθῇ.
3293 619 3312 651 ι

2702 759 3040 813 ΕΡΩΤΗΣΙΣ
3079 761 3162 815 η’.

2139 873 2236 938 Τίς
2282 875 2316 927 ό
2352 874 2686 934 τοσούτους
2730 877 3163 948 παραδεδωκὼς
3206 881 3471 948 πόνους,
3521 880 3716 946 ἀσκή-

2204 960 2358 1016 σεις,
2408 946 2836 1010 κακοπαθείας,
2877 949 3118 1015 θλίψεις
3171 946 3422 1016 σαρκὸς-ὴ
3454 946 3551 1006 καί
3593 968 3717 1006 πιε-

2205 1014 2424 1074 σιιοίνς,
2475 1017 2825 1080 παρθενίαν,
2880 1014 3150 1084 ἁγνείαν,
3214 1014 3310 1073 καί
3371 1021 3464 1073 ἐπὶ
3526 1023 3717 1073 πᾶσιν

2207 1085 2397 1156 ἄκραν
2429 1085 2742 1156 ὑπομονὴν
2766 1085 2861 1137 καὶ
2886 1089 3286 1156 (dash-(amr;
3312 1091 3474 1144 Διατί
3496 1092 3677 1145 ταῦτα
3696 1109 3716 1156 ;

2207 1155 2308 1207 καί
2339 1154 2431 1218 τίς
2460 1155 2498 1220 ἠ
2527 1155 2595 1207 ἐκ
2629 1157 2856 1209 τούτων
2881 1155 3174 1225 ὠφέλειας

2208 1333 2270 1387 Εί
2306 1336 2398 1388 καὶ
2435 1335 2753 1404 θαυμαστδν
2800 1337 2949 1391 δοκεῖ
2995 1337 3024 1390 ὅ
3070 1339 3367 1409 ἠρώτησας
3423 1343 3552 1410 περῖ
3602 1343 3711 1394 τῶν

2139 1428 2560 1497 ἀπαιτουμένων
2593 1428 2756 1482 θείων
2784 1431 3034 1496 ἀγώνων,
3065 1431 3339 1501 διαφόρων
3372 1435 3548 1486 πόνων
3580 1451 3712 1504 σαρ-

2139 1521 2255 1585 κὸς,
2291 1521 2666 1584 κακοπαθείας
2698 1521 2918 1592 ἀπάσης
2950 1523 3043 1576 καὶ
3069 1523 3324 1592 θλίψεως,
3355 1523 3434 1576 ἔτι
3469 1523 3525 1577 δὲ
3571 1541 3716 1576 πτω-

2139 1612 2290 1681 χείας
2321 1613 2414 1666 καὶ
2441 1611 2685 1681 ψυχικῆς
2713 1612 3030 1682 συντριδῆς,
3059 1613 3182 1684 ἥτις
3214 1614 3362 1668 ἐστὶν
3387 1616 3419 1685 ἠ
3447 1617 3716 1668 ταπείνω-

2140 1719 2248 1766 σις,
2279 1703 2361 1756 δτι
2401 1702 2545 1756 διατί
2574 1703 2767 1766 ταῦτα,
2802 1704 2899 1756 καὶ
2922 1703 3006 1766 τίς
3031 1705 3058 1756 ὁ
3090 1703 3262 1757 ταῦτα
3296 1703 3713 1770 παραδεδωκὼς,

2140 1793 2236 1847 καὶ
2264 1794 2348 1856 τίς
2374 1795 2406 1863 ἡ
2443 1796 2506 1847 ἐκ
2531 1794 2739 1848 τούτων
2772 1794 3036 1863 ώφέλεια,
3063 1794 3177 1847 ἀλλ’
3203 1794 3485 1865 ὲπωφελὴς
3517 1797 3550 1863 ὴ
3577 1794 3717 1863 ἐρώ-

2139 1898 2317 1950 τησις·
2359 1885 2442 1936 ἵνα
2496 1886 2849 1955 ἐννοήσαντες
2899 1886 2973 1949 ὡς
3033 1887 3135 1938 οὐκ
3180 1884 3472 1955 ἀνθρώπου
3515 1884 3710 1946 ταῦτα,

2140 1974 2278 2027 ἀλλά
2333 1975 2468 2028 Θεοῦ
2506 1976 2644 2043 ἔργα
2685 1976 2790 2029 εἰσὶ
2817 1976 2914 2029 τοῦ
2953 1976 3340 2045 σαρκωθέντος
3373 1975 3512 2044 ὑπὲρ
3557 1974 3714 2044 ἡμῶν

2140 2065 2271 2118 Υἱοῦ
2307 2064 2402 2118 τοῦ
2457 2065 2595 2118 Θεοῦ
2653 2067 2734 2128 είς
2771 2067 3052 2136 ἡμετέραν
3098 2065 3428 2129 ἀνάπλασιν,
3478 2065 3563 2118 ἵνα
3614 2064 3713 2132 τῆς

2141 2160 2249 2212 ἀπὸ
2296 2159 2397 2228 τῆς
2431 2159 2645 2229 τρυφῆς
2679 2159 2972 2228 συπριὸἦς
3018 2159 3445 2227 ἀπαλλαγῶμεν,
3481 2156 3573 2210 καὶ
3617 2156 3711 2210 τοῦ

2140 2252 2247 2305 ἀπὸ
2299 2252 2397 2317 τῆς
2449 2252 2680 2319 οἰήσεως
2717 2249 3009 2320 πτώματος
3069 2248 3567 2316 ὲπανακληθῶμεν,
3617 2251 3712 2300 καὶ

2143 2345 2391 2412 κρεῖττον
2417 2343 2511 2395 τοῦ
2547 2341 2766 2410 πρώτου
2799 2341 3014 2405 κάλλος,
3057 2343 3150 2394 καὶ
3183 2331 3408 2412 μείζονα
3428 2339 3526 2408 τὴν
3554 2338 3712 2402 δόξαν

2142 2435 2564 2503 πλουτήσωμεν,
2595 2432 2780 2494 καθὼς
2821 2433 2914 2485 καὶ
2945 2433 3033 2486 διὰ
3061 2434 3160 2500 τῆς
3191 2433 3575 2493 ταπεινώσεως
3619 2431 3713 2486 καὶ

2143 2526 2418 2597 πτωχείας
2451 2527 2646 2594 γέγονε
2680 2526 2943 2595 Χριστοῦ,
2984 2527 3080 2579 καὶ
3118 2527 3216 2596 τῆς
3249 2527 3410 2596 μέχρι
3457 2524 3710 2594 πράσεως

2141 2620 2236 2674 καλ⁵
2260 2619 2585 2690 ὲμπαιγμοῦ
2613 2619 2708 2673 καὶ
2737 2619 3064 2687 ὀνειδισμῶν
3096 2620 3191 2671 καὶ
3221 2617 3456 2686 δεσμῶν,
3485 2618 3577 2668 καὶ
3606 2635 3710 2686 μυ-

2143 2711 2275 2782 ρίων
2329 2707 2508 2765 ἄλλων
2559 2711 2745 2764 παθῶν
2802 2711 2899 2764 καὶ
2958 2709 3126 2763 αὐτοῦ
3171 2709 3400 2762 θανάτου
3455 2707 3706 2774 θλίψεως,

2143 2803 2546 2872 σπουδάσωμεν
2565 2803 2662 2874 ὅλῃ
2693 2803 2952 2871 προθέσει
2981 2803 3121 2856 κατᾶ
3157 2803 3388 2872 μίμησιν
3413 2801 3576 2854 αὐτοῦ
3615 2799 3710 2853 καὶ

2140 2896 2249 2948 τῶν
2297 2895 2664 2959 ζηλωσάντων
2713 2895 2876 2949 αὐτὸν
2929 2894 3121 2960 ἀγίων,
3173 2896 3234 2946 οὑ
3284 2893 3444 2963 μόνον
3469 2893 3710 2945 ἑκούσιον

2145 2991 2324 3042 πᾶσαν
2354 2987 2557 3057 θλίψιν,
2588 2988 2725 3041 ἀλλά
2755 2989 2850 3041 καὶ
2875 2988 2972 3050 τὰς
2993 2987 3282 3048 ἀκουσίους
3307 2986 3572 3056 ἐπιφορὰς
3593 3001 3713 3050 γεν-

2142 3079 2304 3144 ναίως
2336 3081 2523 3150 φέρειν
2552 3082 2679 3151 ἄχρι
2713 3084 2806 3135 καὶ
2840 3079 3006 3134 αὐτοῦ
3055 3079 3147 3132 τοῦ
3201 3080 3454 3143 θανάτου,
3485 3080 3576 3131 καὶ
3609 3095 3712 3145 μυ-

2144 3173 2332 3242 ριάκις
2362 3174 2410 3226 εί
2444 3173 2669 3226 δυνατὸν
2701 3169 2768 3244 ἦν
2789 3191 2802 3204 ο
2839 3173 2922 3226 ὅτι
2955 3173 3048 3227 καὶ
3079 3173 3112 3241 ἡ
3141 3171 3277 3241 πρὸς
3313 3172 3402 3222 τὸν
3444 3171 3712 3235 Δεσπότην

2140 3265 2330 3333 ὀφειλὴ
2369 3266 2509 3332 ὑπὲρ
2554 3265 2734 3334 λόγον.
2786 3265 2898 3318 Καὶ
2948 3266 3001 3317 τί
3061 3263 3404 3332 προσάξομεν
3444 3263 3614 3330 τούτῳ
3663 3262 3709 3313 εί

2144 3357 2237 3412 καὶ
2271 3357 2597 3426 ἀνέγκλητοι
2643 3356 2785 3426 ἦμεν
2822 3361 2946 3410 ἀντὶ
2997 3359 3089 3410 καὶ
3129 3357 3293 3426 μόνου
3333 3356 3709 3424 ραπίσματο;;

2141 3452 2235 3508 καὶ
2281 3453 2362 3505 ὅτι
2403 3450 2470 3505 τὰ
2508 3451 2829 3524 πταίσματα
2874 3450 3031 3519 ἡμῶν
3086 3450 3228 3518 ὑπὲρ
3260 3447 3510 3519 ἀριθμόν.
3556 3441 3712 3508 Οἶδας

2141 3539 2254 3608 οὖν,
2293 3542 2366 3604 ώς
2395 3541 2795 3611 ἐκμιμούμενοι
2834 3540 2927 3592 τὸν
2971 3539 3198 3608 Σωτῆρα
3225 3537 3321 3591 καὶ
3367 3533 3708 3605 προτυποὼ-

2139 3652 2234 3697 τες
2267 3635 2335 3687 τὰ
2366 3633 2532 3686 αὑτοῦ
2581 3632 2781 3685 δίκαιοι
2835 3633 2929 3684 καὶ
2985 3629 3261 3698 προφῆται
3303 3629 3398 3682 καὶ
3425 3627 3712 3682 ἀπόστολοι

2143 3727 2236 3781 καὶ
2268 3726 2525 3794 ποιμένες
2552 3725 2649 3778 καὶ
2683 3725 2960 3792 μάρτυρες
2991 3725 3086 3776 καὶ
3115 3718 3452 3785 διδάσκαλοι,
3484 3723 3576 3772 καὶ
3605 3719 3712 3772 τῶν

2141 3819 2400 3887 ἀσκητῶν
2430 3819 2464 3887 ἡ
2499 3817 2730 3885 πληθὺς,
2767 3816 2862 3868 καί⁵
2909 3814 3017 3867 τῶν
3047 3813 3328 3882 παρθένων
3359 3812 3452 3864 καὶ
3499 3810 3713 3863 πάντων
3790 3883 3796 3890 ,

2143 3910 2432 3978 θεοφιλῶν,
2466 3908 2566 3978 τὴν
2594 3909 2690 3975 τῆς
2725 3907 3101 3968 κακοπαθείας
3130 3905 3226 3958 καὶ
3253 3903 3484 3972 θλίψεως
3509 3903 3625 3955 ὁδὸν
3657 3903 3715 3954 ἐν

2143 4001 2221 4073 τῷ
2253 4001 2352 4072 βίῳ
2387 3999 2561 4069 τούτῳ
2611 3999 2706 4050 καὶ
2756 3999 2853 4066 τῆς
2907 3995 3414 4064 ταπεινοφροσύνης
3460 3993 3711 4064 διῆλθον*

2143 4094 2238 4149 καὶ
2289 4092 2460 4162 χωρὶς
2497 4090 2700 4143 τούτων
2737 4089 2913 4151 οὐδεὶς
2968 4091 3257 4141 σέσωσται.
3309 4086 3614 4156 Ἐξαίρετος
3657 4085 3714 4137 δὲ

2140 4184 2368 4250 τούτων,
2405 4181 2659 4251 καθάπερ
2689 4183 3018 4250 εἰρήκαμεν,
3046 4177 3329 4248 ὑφηγητὴς
3351 4180 3444 4230 καὶ
3467 4177 3716 4229 διδάσκα-

2143 4275 2235 4336 λος
2291 4273 2386 4324 καὶ
2445 4272 2684 4340 ἐργάτης
2745 4271 2872 4340 ἄχρι
2926 4270 3160 4323 θανάτου
3216 4267 3449 4338 Χριστὸς
3501 4269 3528 4320 ὁ
3587 4267 3716 4328 Θεὸς

463 4361 600 4426 Quis
653 4371 833 4414 autem
883 4361 954 4414 sit
1001 4360 1208 4417 doloris
1249 4368 1303 4416 et
1332 4377 1602 4433 pressurae
1623 4361 1804 4417 carnis
1830 4362 2039 4418 fructus

2145 4366 2324 4438 ἡμῶν.
2361 4367 2426 4420 Τί
2452 4366 2510 4419 δὲ
2541 4367 2600 4452 τῇ
2621 4365 2813 4434 δφελος
2838 4364 2936 4434 τῆς
2966 4361 3340 4425 κακοπαθείας
3370 4361 3464 4416 καὶ
3489 4360 3717 4429 θλίψεως

465 4462 519 4505 et
547 4451 874 4505 humilitatis
909 4463 963 4506 et
999 4453 1358 4521 paupertatis,
1381 4462 1435 4508 et
1461 4453 1784 4509 obedientiae
1809 4469 1906 4525 pro
1930 4454 2040 4509 Deo

465 4561 635 4614 usque
665 4546 731 4598 ad
764 4553 1015 4609 mortem,
1049 4545 1167 4612 ipse
1200 4545 1401 4613 saepius
1434 4545 1595 4600 nobis
1626 4545 2040 4610 demonstravit,

463 4653 621 4690 suum
655 4634 1070 4703 incorruptibilc
1099 4650 1298 4704 corpus
1329 4638 1648 4701 ostendens,
1683 4637 1827 4707 quod
1853 4637 1904 4692 in
1931 4653 2038 4693 coe-

465 4727 575 4780 lum
615 4739 696 4781 est
724 4727 1018 4789 clevatum,
1066 4726 1220 4796 Cujus
1263 4741 1366 4796 ope
1402 4741 1460 4781 se
1509 4727 1667 4782 nobis
1711 4729 2044 4783 manducan-

465 4821 590 4875 dum
639 4821 926 4890 pnebens,
981 4835 1178 4890 corpus
1237 4820 1564 4874 humilitatis
1613 4829 1815 4874 nostra:
1865 4821 2044 4874 refor-

470 4923 579 4967 u-at
612 4912 674 4976 ‘3,
713 4929 810 4967 uos
845 4913 1229 4982 corruptibiles
1281 4911 1727 4981 incorruptibiles
1777 4911 2037 4974 efﬁciens,

467 5016 520 5058 ct
554 5005 840 5058 constituit
871 5005 1114 5060 lueredes
1147 5005 1328 5074 gloriae
1357 5019 1470 5058 suae
1498 5013 1712 5058 anetum
1733 5042 1746 5066 ,
1786 5023 1802 5054 ι
1842 5017 1887 5057 et
1921 5021 2046 5074 pro-

471 5096 687 5156 ccdcnt,
726 5105 784 5148 ut
815 5095 930 5164 ipse
957 5096 1113 5160 dixit,
1149 5097 1240 5164 qui
1271 5095 1408 5149 bona
1442 5094 1693 5148 fecerunt
1724 5095 1775 5148 in
1808 5111 2048 5151 resurre-

468 5188 703 5240 ιἰἰοιιθιιι
745 5189 889 5249 vitro,
940 5190 1031 5246 qui
1084 5203 1210 5241 vero
1258 5187 1399 5240 mala
1447 5198 1678 5257 egerunt
1710 5189 1759 5241 in
1801 5204 2049 5243 resurre-

472 5279 709 5331 ctiuncm
739 5278 929 5346 judicii
965 5280 1026 5345 ‘9,
1069 5297 1085 5328 ι
1138 5279 1186 5332 id
1215 5287 1291 5333 cst
1331 5277 1822 5334 condemnatiouis.
1861 5281 2050 5336 Omnis

468 5386 600 5442 ergo
649 5370 802 5424 dolor
838 5378 1028 5422 contra
1077 5369 1574 5438 praevaricationem
1605 5368 1734 5425 Adae
1769 5381 1823 5425 et
1860 5388 2052 5442 super-

471 5463 613 5517 biam
657 5470 881 5532 pugnat,
932 5467 984 5514 et
1019 5472 1366 5530 peccatorum
1424 5470 1736 5516 nostrorum
1765 5463 1912 5532 justa
1958 5480 2048 5518 re-

474 5553 720 5608 tributio.
759 5553 970 5604 Dictum
1027 5562 1107 5606 cst
1135 5551 1279 5604 enim
1311 5552 1437 5606 Adae
1471 5572 1485 5604 :
1529 5570 1547 5604 ι
1587 5553 1869 5610 Maledicta
1905 5565 2048 5610 terra

556 5734 598 5765 ¹⁷
630 5733 990 5800 Psal.xum,
1026 5735 1077 5788 5.
1161 5731 1412 5804 HIPhilip.
1449 5743 1532 5800 ιιι,
1568 5730 1659 5786 ‘21.

2145 4457 2246 4526 τῆς
2301 4455 2502 4526 σαρκὸς
2554 4457 2647 4509 καὶ
2696 4455 2797 4524 τῆς
2853 4454 3238 4516 ταπεινώσεως
3293 4453 3385 4506 καὶ
3445 4453 3717 4522 πτωχείας

2149 4551 2244 4604 καὶ
2281 4551 2530 4620 ὑπακοῆς
2572 4549 2706 4620 πρὸς
2764 4551 2855 4602 τὸν
2908 4549 3041 4601 Θεὸν
3077 4548 3236 4617 μέχρι
3271 4545 3522 4609 θανάτου,
3555 4545 3714 4615 367

2149 4643 2310 4706 αὐτὸς
2367 4642 2535 4708 ἔδειξε
2572 4641 2768 4707 πάλιν,
2818 4639 3093 4709 ἄφθαρτον
3121 4637 3410 4704 ἀποδείξας
3443 4638 3502 4690 τὸ
3541 4637 3718 4688 πανά-

2152 4750 2270 4800 γιον
2293 4732 2460 4787 αὐτοῦ
2495 4733 2674 4802 σῶμα,
2705 4731 2804 4785 καὶ
2835 4733 2913 4794 εἰς
2943 4730 3066 4794 τοὺς
3098 4730 3362 4801 οὐρανοὺς
3393 4727 3713 4797 ἀνυψώσας,

2153 4823 2210 4888 ἐξ
2237 4825 2407 4896 οὗπερ
2442 4823 2604 4878 αὐτὸν
2644 4822 3083 4892 ἀπεκδεχόμεθα,
3129 4823 3224 4874 καὶ
3253 4820 3410 4890 ήμῶν
3443 4835 3717 4889 μετασχη-

2156 4918 2384 4988 ματίσαι
2413 4917 2474 4970 τὸ
2519 4915 2679 4983 σῶμα
2712 4917 2809 4981 τῆς
2852 4915 3258 4980 ταπεινώσεως,
3289 4914 3384 4967 καὶ
3411 4911 3518 4965 ἀπὸ
3548 4910 3718 4980 φθαρο

2150 5010 2258 5062 τῶν
2299 5009 2572 5074 ἀναδεῖξαι
2619 5009 2766 5077 ἡμᾶς
2807 5006 3143 5077 ἀφθάρτους,
3189 5004 3283 5058 καὶ
3348 5002 3717 5072 κληρονόμους

2153 5097 2496 5166 καταστῆσαι
2526 5099 2623 5166 τῆς
2652 5096 2874 5148 αἰωνίου
2905 5094 3060 5164 δόξης
3089 5091 3275 5159 αὐτοῦ,
3294 5094 3384 5146 ὅτε
3418 5111 3437 5144 ι
3471 5093 3563 5144 καὶ
3581 5093 3628 5142 οἱ
3649 5090 3718 5142 τά

2161 5187 2342 5255 ἀγαθά
2383 5188 2735 5256 ποιήσαντες,
2784 5184 2859 5247 ώς
2899 5185 3058 5246 αὑτός
3117 5200 3301 5252 φησιν,
3347 5182 3717 5249 ἐξελεύσονται

2157 5280 2239 5340 είς
2269 5278 2572 5331 ἀνάστασιν
2602 5275 2773 5343 ζωῆς,
2811 5273 2859 5324 οἱ
2892 5273 2947 5325 δὲ
2982 5273 3048 5325 τὰ
3081 5271 3262 5339 φαῦλα
3292 5271 3718 5341 πράξαντες,είς

2147 5370 2445 5422 ἀνάστασιν
2480 5367 2739 5434 κρίσεως,
2770 5365 2884 5435 ἦτοι
2917 5364 3316 5434 κατακρίσεως.
3349 5383 3368 5416 ι
3407 5363 3561 5416 Πᾶσα
3619 5358 3716 5415 οὖν

2149 5461 2492 5515 κακοπάθεια
2539 5460 2640 5529 τῆς
2708 5459 3074 5529 παραϐάσεως
3143 5459 3237 5512 καὶ
3290 5457 3506 5527 τρυφῆς
3545 5455 3718 5524 Ἀδάμ

2148 5556 2304 5607 ἐστιν
2329 5554 2663 5619 ἐναντίωσις,
2688 5555 2780 5607 καὶ
2805 5554 2913 5608 τῶν
2948 5550 3364 5624 ἁμαρτημάτων
3414 5547 3570 5620 ἡμῶν
3596 5548 3720 5602 ἀντ-

1759 5733 1800 5765 ¹⁹
1835 5730 1991 5786 Joan.
2029 5747 2079 5795 v,
2110 5729 2201 5784 29.
