4118 6442
347 419 451 481 945

1045 423 1436 486 RESPONSA
1476 427 1576 490 AD
1623 427 2072 489 GABRIELEM
2117 429 2826 498 PENTAPOLITANUM.

3499 444 3602 505 946

346 535 626 602 απὸδομα·
672 549 690 584 ι
728 533 802 595 ὡς
880 531 974 586 καὶ
1047 536 1126 603 τῷ
1175 535 1367 605 Ἀδὰμ,
1409 555 1428 588 ι
1487 538 1900 609 Ἐπικατάρατοη

2029 540 2080 592 in
2113 544 2372 610 operibus
2401 550 2506 601 luis
2539 548 2603 610 ³⁸,
2644 567 2661 598 ι
2708 557 2761 601 ct
2792 546 2993 617 reliqua
3025 549 3226 608 dulmis
3258 567 3596 626 argumenta.

347 628 381 695 ὴ
407 626 478 694 γῆ
513 626 570 676 ἑν
587 626 697 686 τοῖς
733 624 913 692 ἔργοις
947 641 1060 689 σου,
1084 645 1102 677 ι
1146 627 1240 678 καὶ
1271 629 1340 681 τὰ
1377 628 1540 681 λοιπὰ
1569 631 1668 698 τῆς
1702 630 1914 696 ὀδύνης.

348 716 440 768 Διὸ
468 719 563 767 καὶ
602 717 652 768 oi
691 716 789 785 μὲν
819 719 1223 788 ἡμαρτηκότες,
1273 721 1340 772 δι’
1373 722 1564 790 ὀδύνης
1598 725 1692 776 καὶ¹
1739 724 1919 777 πόνων

345 808 412 861 τὰ
443 808 542 874 τῆς
573 807 768 877 ἡδονῆς
803 807 1010 872 λύουσι,
1042 813 1135 863 και
1195 812 1295 881 τῆς
1335 814 1527 883 ὀδύνης
1573 816 1790 886 ἐκείνης
1820 819 1919 868 οὐκ

347 900 831 967 αίσθανθήσονται,
867 901 1013 953 καθά
1049 901 1113 971 δὴ
1151 905 1241 957 καὶ
1299 907 1432 958 πολὺ
1485 907 1685 975 πλῆθος
1736 909 1918 976 εἰργά-

349 1009 482 1044 σατο
525 991 634 1044 τῶν
677 992 861 1057 ὁσίων,
926 993 1022 1046 καὶ
1063 995 1113 1044 οί
1148 997 1204 1048 ὲν
1263 998 1329 1064 τῇ
1371 997 1600 1066 κλίμακι
1661 1001 1918 1068 μακάριοι

343 1084 541 1135 ἐκεῖνοι
576 1083 893 1136 κατάδικοι·
925 1087 975 1136 oi
1013 1086 1086 1154 μὴ
1125 1085 1624 1157 πλημμελήσαντες
1661 1089 1738 1153 δὲ,
1776 1091 1914 1158 ὅπερ

344 1174 532 1242 σχεδὸν
560 1174 762 1239 οὐδενὶ,
794 1176 890 1226 καὶ
935 1175 1024 1228 διὰ
1056 1176 1154 1245 τὴν
1186 1177 1279 1230 τοῦ
1331 1181 1601 1232 Δεσπότου
1631 1180 1800 1252 τιμὴν
1823 1199 1917 1250 τη-

341 1263 578 1317 λικαῦτα
609 1264 674 1316 δι’
704 1266 855 1332 ἡμᾶς
910 1267 1264 1332 πεπονθότος,
1319 1270 1415 1321 καὶ
1456 1271 1522 1322 δι’
1576 1272 1718 1337 ειπερ
1769 1270 1919 1339 ὀφεί-

341 1352 518 1416 λουσι,
547 1354 640 1405 καὶ
671 1355 760 1408 διά
781 1354 842 1406 τὸ
894 1355 968 1425 μὴ
998 1360 1209 1420 πεσεῖν,
1253 1360 1500 1429 ἀνάγκην
1532 1361 1748 1430 ἔχουσιν
1767 1364 1917 1430 ἐνερ-

342 1448 479 1512 γεῖν.
518 1446 578 1496 Εἰ
613 1447 723 1515 γὰρ
760 1447 787 1498 ὁ
826 1447 1036 1510 Παῦλος
1102 1449 1468 1519 ἑδουλαγώγει
1517 1455 1576 1506 τὸ
1608 1455 1790 1523 σῶμα,
1828 1456 1914 1507 ἵνα

344 1534 419 1604 μὴ
445 1535 699 1604 ἀδόκιμος
724 1537 964 1606 γένηται,
985 1541 1065 1602 τίς
1095 1542 1230 1604 ὅλως
1255 1543 1523 1614 θαρῤήσει
1550 1546 1626 1615 τῷ
1651 1549 1865 1619 σώματι
1895 1567 1911 1616 ;

348 1645 368 1678 ι
421 1627 585 1681 Ἀλλά
639 1629 734 1681 καὶ
793 1629 984 1700 βιαστή
1026 1635 1176 1686 ἐστιν
1221 1638 1251 1704 ἡ
1289 1637 1539 1704 βασιλεία
1599 1642 1706 1692 τῶν
1744 1643 1915 1713 οὐρα.-

341 1719 469 1781 νῶν,
514 1739 533 1774 ι
566 1723 598 1789 ή
663 1720 916 1788 Ἀλήθεια
963 1723 1090 1791 ἔφη,
1125 1745 1142 1776 ι
1175 1729 1270 1780 καὶ
1323 1731 1540 1790 βιασταὶ
1569 1733 1910 1803 ἁρπάζουσιν

339 1812 530 1880 αὑτήν.
575 1831 594 1863 ι
637 1814 746 1866 Καὶ
775 1813 950 1866 ταῦτα
984 1817 1083 1883 μὲν
1109 1819 1238 1888 περὶ
1270 1821 1366 1891 τῆς
1398 1823 1455 1874 ὲν
1486 1825 1708 1895 Χριστῷ
1739 1845 1910 1881 κακοο

340 1903 594 1966 παθείας.
661 1904 728 1956 Ἠ
765 1904 1095 1970 ταπείνωσις
1150 1909 1206 1962 δὲ
1255 1911 1354 1981 τὴν
1406 1913 1501 1966 τοῦ
1556 1917 1906 1988 ὑπερηφάνου

337 1994 519 2062 οἴησιν
575 1993 753 2058 ἄθεον,
796 1998 893 2048 καὶ
943 1999 1005 2051 τδ
1034 2000 1137 2069 τῆς
1201 2003 1439 2068 ίσοθεϊας
1489 2008 1734 2063 ἀντίθεον
1777 2013 1912 2081 φρό-

337 2102 484 2153 νημα
508 2087 600 2138 τοῦ
631 2091 1062 2156 πρωτοπλάστου
1085 2093 1362 2165 καθαίρει,
1380 2099 1473 2150 καὶ
1500 2099 1592 2152 τὸν
1621 2101 1909 2174 ἄνθρωπον

336 2178 550 2246 ἀνυψοῖ.
580 2183 670 2234 Διὸ
701 2183 792 2234 καὶ
822 2185 930 2243 πᾶς
966 2187 1066 2253 μὲν
1095 2190 1522 2259 ταπεινούμενος
1552 2195 1758 2266 ἀληθής
1777 2214 1789 2226 ·
1827 2199 1906 2252 ὅτι

337 2273 429 2323 καὶ
491 2272 698 2339 κτίσμα
762 2274 859 2326 καὶ
887 2276 1040 2328 οὐδὲν
1069 2277 1162 2345 ἀφ’
1205 2280 1401 2334 ἑαυτοῦ
1457 2285 1741 2356 κέκτηται,
1802 2291 1907 2342 κᾶν

333 2366 476 2433 ἔχειν
503 2366 656 2435 δοκῇ.
695 2368 760 2421 Τί
793 2369 899 2440 γὰρ
947 2372 1094 2440 ἔχεις
1122 2373 1150 2426 δ
1192 2378 1292 2428 οὐκ
1324 2378 1512 2442 ἔλαδες
1544 2399 1559 2448 ;
1603 2385 1757 2450 φησίν
1792 2389 1906 2448 ua;

331 2456 387 2510 δὲ
421 2459 656 2523 ἀλαζὼν,
691 2461 766 2524 ὡς
797 2466 822 2516 ὁ
861 2464 1122 2530 διάϐολος,
1155 2468 1416 2541 ψεύστης,
1470 2475 1606 2540 μήτε
1634 2477 1803 2530 θέλων
1824 2481 1906 2530 εί-

328 2549 495 2611 δὲναι,
527 2553 664 2619 μήτε
701 2553 858 2615 εἰδὼς
882 2558 974 2608 τὸν
1028 2558 1203 2611 αἴτιον
1251 2565 1344 2614 καὶ
1407 2564 1765 2636 δημιουργὸν,
1798 2572 1901 2622 κᾶν

331 2644 421 2691 καὶ
457 2643 656 2695 εἰδέναι
688 2645 853 2715 δοκῇ·
893 2649 982 2699 καὶ
1021 2652 1127 2711 πᾶς
1160 2652 1258 2719 μὲν
1292 2659 1629 2712 κακοπαθῶν
1658 2661 1745 2713 διὰ
1772 2664 1903 2731 Χρι⁹

332 2733 474 2788 στὸν,
503 2735 767 2804 ἀθλητὴς,
815 2740 910 2791 καὶ
941 2739 1039 2808 τὴν
1075 2744 1284 2811 τρυφὴν
1321 2745 1388 2797 δι’
1412 2747 1478 2817 ἢν
1532 2752 1902 2822 πεπτώκαμεν

331 2824 612 2876 καταλύων
643 2829 737 2879 καὶ
769 2830 1040 2899 ἀναιρῶν,
1103 2837 1196 2885 καὶ
1234 2837 1306 2904 μὴ
1357 2837 1592 2905 θερίζων
1645 2844 1752 2896 ἀπὸ
1800 2850 1899 2911 τῆς

330 2917 530 2984 σαρκὸς
567 2919 793 2986 φθοράν.
839 2919 896 2973 Ὀ
933 2923 993 2975 δὲ
1029 2927 1324 2978 σπαταλῶν
1347 2932 1632 2998 κομίζεται
1656 2928 1897 3006 ὄλεθρον,

328 3010 422 3059 καὶ
450 3009 561 3072 ζῶν
591 3011 957 3082 ἀποθνήσκει,
1012 3019 1108 3068 καὶ
1152 3023 1378 3092 συνιστᾷ
1430 3024 1525 3094 τὴν
1562 3028 1895 3096 παράϐασιν,

327 3100 421 3152 καὶ
443 3102 645 3166 σαρκός
679 3105 794 3155 ἐστι
829 3105 1034 3169 δοῦλος,
1065 3111 1159 3162 καὶ
1179 3115 1354 3184 τρυγᾷ
1382 3116 1613 3170 θάνατον
1641 3122 1775 3188 ὁμοῦ
1805 3124 1899 3176 καὶ

2024 633 2230 688 Idcirco
2265 647 2375 690 tum
2413 638 2507 706 qui
2572 650 2935 707 peccaverunt
2981 658 3075 712 per
3101 644 3302 699 doloris
3327 663 3517 716 pwnas
3547 659 3602 705 ct

2023 724 2238 779 labores
2264 728 2559 797 voluptatis
2589 746 2754 799 opera
2784 731 2943 786 luunt
2974 751 2985 786 :
3023 734 3140 802 ejus
3171 745 3350 790 tamen
3374 740 3597 796 aculeos

2022 817 2226 870 doloris
2259 833 2368 872 non
2398 823 2638 874 sentient
2673 824 2982 892 aliquando,
3023 840 3082 879 ut
3104 827 3156 879 in
3186 829 3433 896 pluribus
3466 847 3596 886 san-
3617 806 3630 817 ’

2022 908 2125 961 etis
2155 909 2354 963 factum
2387 921 2464 966 est
2494 929 2507 978 ;
2543 923 2596 966 et
2629 914 2805 970 beatis
2851 917 2958 972 illis
2982 921 3070 978 qui
3102 920 3155 972 in
3181 921 3408 976 climace
3465 939 3596 978 con-

2021 1000 2258 1054 demnati
2334 1005 2665 1072 manebant;
2725 1019 2838 1060 tum
2892 1013 2982 1077 qui
3051 1025 3156 1064 non
3213 1014 3594 1081 deliquerunt,

2021 1102 2074 1142 at
2109 1091 2208 1146 hoc
2234 1093 2347 1146 fere
2381 1094 2512 1148 nulli
2571 1097 2821 1167 contigit,
2853 1108 2906 1153 et
2944 1111 3166 1171 propter
3203 1104 3464 1158 honorem
3493 1106 3597 1159 Do-

2023 1185 2151 1238 mini
2186 1186 2275 1254 qui
2311 1195 2457 1241 tanta
2495 1204 2595 1257 pro
2625 1190 2784 1245 nobis
2818 1193 3060 1259 pertulit,
3093 1204 3146 1246 et
3189 1207 3410 1265 propter
3435 1198 3592 1252 debi-

2023 1284 2133 1328 tum
2153 1276 2412 1343 ofﬁcium,
2437 1287 2490 1332 et
2508 1289 2731 1349 propter
2759 1286 3219 1350 perseverantiam
3245 1287 3300 1340 in
3331 1303 3438 1342 non
3471 1303 3598 1356 pec-

2023 1366 2219 1432 cando,
2270 1384 2502 1425 necesse
2545 1372 2750 1426 habent
2788 1391 3046 1430 exercere
3095 1378 3360 1433 dolorem.
3399 1378 3592 1433 Nonne
3644 1441 3650 1448 ε

2018 1458 2163 1512 enim
2199 1457 2398 1514 Paulus
2429 1477 2628 1530 corpus
2652 1479 2808 1518 suum
2846 1467 2896 1519 in
2925 1468 3241 1522 servitutem
3291 1471 3589 1542 redigebat,

2023 1563 2091 1604 ne
2171 1552 2438 1618 reprobus
2491 1555 2916 1634 efﬁceretur“?
2996 1559 3129 1625 Quis
3182 1577 3313 1629 ergo
3373 1565 3589 1632 corpori

2018 1639 2366 1710 indulgebit?
2427 1643 2522 1696 sed
2563 1655 2616 1698 et
2681 1644 2896 1699 Veritas
2927 1646 3067 1701 diX‘it
3102 1666 3113 1699 :
3188 1667 3204 1698 ι
3244 1648 3363 1702 Vim
3393 1650 3593 1716 patitur

2018 1747 2243 1802 regnum
2293 1735 2580 1801 etelorum,
2615 1746 2668 1790 et
2729 1737 2948 1792 violenti
3015 1739 3233 1808 rapiunt
3297 1739 3427 1792 illud
3459 1741 3521 1791 “.
3565 1757 3583 1789 ι

2019 1824 2083 1877 Ει
2129 1827 2244 1880 haec
2309 1826 2375 1879 de
2427 1826 2749 1895 perferendo
2809 1828 2991 1883 dolore
3050 1837 3101 1882 in
3153 1829 3394 1884 Christo.
3464 1829 3585 1882 Hu-

2011 1916 2212 1970 militas
2267 1931 2393 1970 vero
2449 1928 2603 1972 sanat
2651 1928 2704 1972 ct
2757 1933 2949 1988 purgat
2989 1922 3259 1990 superbia:
3323 1935 3582 1989 praesum—

2012 2009 2249 2076 ptionem
2315 2009 2407 2062 Dei
2461 2010 2858 2076 immemorem,
2915 2014 3024 2066 imo
3079 2023 3266 2067 contra
3300 2014 3464 2064 Deum
3520 2028 3579 2065 se

2010 2100 2379 2164 extollentem,
2413 2109 2470 2154 ιιι
2511 2103 2564 2155 in
2617 2113 3026 2172 protoparcnte,
3079 2105 3169 2173 qtti
3209 2120 3266 2158 se
3316 2105 3576 2171 aequalem

2009 2192 2120 2247 Deo
2160 2194 2484 2258 aestimabat,
2530 2204 2584 2248 et
2629 2195 2699 2249 ita
2735 2195 3010 2250 hominem
3043 2212 3166 2249 vere
3196 2196 3358 2249 cxtoll
3383 2205 3418 2250 t.
3458 2196 3584 2250 Ideo

2009 2286 2186 2339 omnis
2218 2285 2306 2354 qui
2359 2302 2416 2341 se
2450 2287 2698 2339 liuntiliat
2724 2328 2738 2351 ,
2786 2289 2837 2340 in
2872 2288 3103 2341 veritate
3139 2298 3257 2352 est;
3298 2302 3420 2339 nam
3455 2302 3580 2339 cum

2009 2379 2077 2433 sit
2104 2387 2375 2440 creatura,
2402 2379 2535 2431 nihil
2568 2379 2668 2433 sibi
2704 2380 2820 2448 ipse
2850 2379 3078 2433 contulit
3109 2378 3175 2431 de
3204 2379 3286 2431 his
3315 2394 3434 2446 quae
3463 2393 3582 2430 cre-

2006 2470 2112 2522 (Ιὶιιι
2137 2471 2204 2522 rit
2226 2471 2444 2522 habere.
2470 2489 2486 2519 ι
2515 2471 2654 2535 Quid
2679 2472 2820 2523 enim
2854 2472 3018 2524 habes
3052 2472 3194 2538 quod
3227 2485 3337 2522 non
3363 2473 3582 2539 accepi-

2005 2566 2115 2616 sti?
2154 2583 2172 2613 ι
2211 2563 2286 2616 ait
2318 2562 2512 2616 Paulus
2539 2565 2601 2615 ".
2629 2563 2817 2616 Omnis
2847 2579 2976 2631 ergo
3004 2567 3092 2630 qui
3127 2563 3374 2632 scjactat
3408 2576 3456 2615 et
3488 2578 3584 2614 cx-

2005 2657 2162 2717 ῑυΙίὶι,
2199 2668 2254 2706 ιιι
2277 2656 2523 2708 diabolus
2558 2656 2784 2707 ntt‘nziax
2823 2665 2903 2707 est
2933 2663 3240 2718 veterator;
3274 2670 3450 2722 neque
3483 2670 3582 2708 vo-

2003 2748 2120 2800 lens
2165 2762 2483 2815 agnoscere,
2518 2762 2693 2813 neque
2743 2747 2928 2800 sciens
2964 2762 3183 2800 cansam
3238 2756 3290 2799 et
3327 2747 3576 2816 epilicetn

2002 2842 2106 2893 etsi
2159 2842 2350 2916 credat
2396 2853 2708 2908 agnoscere.
2760 2839 2954 2892 Omnis
2981 2839 3072 2907 qui
3123 2839 3328 2907 patitur
3359 2850 3583 2908 propter

2000 2933 2300 2994 Christum,
2331 2934 2558 2994 athleta,
2588 2932 2903 3000 superbiam
2939 2947 3031 2999 per
3057 2948 3217 3001 quam
3255 2933 3582 3001 deliquimus

2002 3027 2220 3079 θυινθυε
2249 3034 2302 3076 et
2336 3025 2646 3089 destrucns,
2678 3039 2788 3078 non
2819 3023 2886 3077 de
2909 3039 3073 3078 carne
3096 3025 3250 3078 metit
3274 3026 3582 3093 corruptio-

2001 3117 2292 3181 nem,dum
2326 3116 2415 3169 ille
2453 3116 2544 3184 qui
2573 3115 2832 3169 deliciose
2863 3115 3018 3180 vivit,
3042 3117 3256 3170 ruinam
3289 3118 3578 3180 accelerat,
3615 3163 3624 3172 .

328 3191 552 3288 φθοράν.
620 3195 682 3247 Εἰ
729 3192 823 3249 οὖν
859 3199 954 3250 καὶ
993 3202 1020 3252 ὁ
1075 3202 1282 3270 Κύριος
1327 3212 1664 3266 κακοπαθῶν
1719 3212 1784 3285 ἧν
1827 3217 1900 3288 μὴ

2006 3218 2061 3262 et
2087 3210 2275 3262 vivens
2310 3217 2556 3261 mortuus
2589 3217 2706 3272 est,
2757 3217 2813 3261 et.
2842 3207 3057 3277 culpam
3140 3218 3344 3278 auget,"
3375 3219 3430 3264 et
3468 3225 3586 3264 ser-

322 3282 576 3348 ὁφείλων,
615 3287 708 3337 καὶ
737 3287 949 3352 Παῦλος
980 3291 1299 3356 ύποπιάζων
1350 3298 1413 3348 τὸ
1440 3298 1600 3367 σῶμα
1643 3282 1749 3357 καὶ-
1778 3282 1897 3357 Eoo-

322 3375 591 3442 λαγωγῶν
644 3378 738 3429 καὶ
796 3379 907 3432 τῶν
952 3382 1267 3437 ἀποστόλων
1331 3387 1388 3440 δὲ
1434 3391 1528 3443 καὶ
1576 3394 1772 3461 ἱερέων
1804 3399 1897 3450 καὶ

323 3467 543 3520 πάντων
574 3467 846 3524 ἐκλεκτῶν
867 3471 917 3523 οί
960 3474 1131 3542 χοροὶ,
1163 3477 1189 3526 ὁ
1220 3477 1412 3548 Σωτὴρ
1447 3480 1503 3533 δὲ
1535 3485 1627 3536 κα).
1657 3501 1898 3552 σωματι-

325 3559 438 3622 κῶς
467 3559 746 3630 ύπήνεγκε
782 3563 1012 3616 Θάνατον
1067 3568 1162 3619 καὶ
1199 3570 1400 3638 μυρίας
1432 3573 1599 3636 ἄλλας
1650 3592 1897 3629 κακοπα-

324 3654 474 3716 θείας
529 3653 622 3705 καὶ
657 3653 887 3723 θλίψεις,
919 3658 1012 3709 καὶ
1054 3659 1105 3709 οἱ
1146 3661 1399 3730 ἀπαρχῆς
1449 3662 1536 3716 τοῦ
1578 3665 1741 3735 νόμου
1801 3671 1894 3720 καὶ

321 3745 418 3813 τῆς
458 3745 682 3815 χάριτος
713 3747 1007 3816 ὑπηρέται,
1045 3751 1142 3803 καὶ
1197 3755 1494 3823 μαρτύρων
1551 3759 1729 3830 πλήθη
1762 3762 1894 3834 ἄχρι

322 3838 576 3905 βασάνων
606 3841 698 3892 καὶ
730 3838 968 3892 θανάτου
1020 3844 1459 3913 ἀνδρισαμὲνων,
1522 3854 1805 3918 μοναστῶν
1837 3874 1893 3908 τε

318 3931 412 3984 καί⁷
452 3933 708 4000 ἀσκητῶν
747 3937 840 3986 καὶ
877 3933 1162 4003 παρθένων
1189 3938 1328 4006 ὑπὲρ
1354 3940 1588 4010 ἀριθμὸν
1617 3946 1889 4014 σύλλογοι,

315 4021 401 4083 τίς
433 4023 560 4090 περὶ
585 4022 778 4075 τούτου
832 4024 1187 4095 διαπορήσειε
1219 4029 1422 4095 π).ἐον;
1455 4034 1561 4085 Καὶ
1590 4036 1653 4087 σὺ
1687 4041 1888 4100 τοίνυν,

314 4111 510 4178 ὀδελφὲ
539 4113 915 4174 ποθεινότατε,
947 4117 1209 4184 καθαρῶς
1243 4120 1400 4183 εἰδὼς
1447 4125 1515 4174 τὰ
1537 4125 1764 4180 τοιαῦτα
1798 4130 1893 4183 καὶ

312 4200 433 4252 κατ’
462 4202 702 4264 ἐκείνους
746 4204 952 4258 ὁδεύων
1011 4208 1137 4272 τοὺς
1171 4209 1266 4262 τοῦ
1299 4211 1563 4280 Χριστοῦ,
1600 4219 1693 4268 καὶ
1727 4221 1890 4276 αὐτὸν

309 4290 366 4342 δὲ
395 4291 487 4344 τὸν
513 4293 794 4362 Δεσπότην
838 4295 997 4365 ήμῶν
1023 4296 1222 4368 ζηλῶν,
1254 4302 1347 4354 καὶ
1371 4301 1448 4366 ὡς
1477 4303 1596 4358 ἐνὸν
1623 4309 1891 4380 ἐκμιμού-

313 4400 496 4451 μενος,
537 4384 698 4451 εὗχου
751 4389 848 4440 καὶ
881 4391 1030 4459 ἡμᾶς
1087 4399 1512 4466 καταφρονητάς
1547 4400 1779 4473 ὀφθῆναι
1830 4407 1888 4459 ἐν

308 4475 456 4546 αὐτῷ
485 4477 562 4546 τῷ
599 4479 791 4548 Κυρίῳ
817 4479 913 4551 τῆς
939 4483 1311 4554 φθειρομένης
1363 4491 1588 4558 σαρκὸς,
1627 4495 1722 4546 καὶ
1753 4497 1883 4564 ἐρα-

308 4567 439 4628 στὰς
459 4569 717 4635 γενέσθαι
747 4570 858 4624 τῶν
899 4571 1191 4642 οὐρανίων,
1229 4579 1306 4640 ὡς
1357 4579 1423 4632 ἂν
1457 4583 1884 4657 καταξιωθῶμεν

305 4659 445 4712 ἐλέει
476 4659 669 4713 τούτου
706 4662 1073 4727 ἀναλύσαντες
1107 4666 1171 4719 ἐκ
1205 4668 1298 4721 τοῦ
1337 4669 1612 4740 σώματος,
1654 4675 1750 4729 σὺν
1781 4678 1881 4731 αύ-

303 4749 380 4820 τῷ
424 4746 565 4805 εἶναι
625 4753 942 4822 διαπαντὸς,
977 4755 1054 4826 τῷ
1113 4758 1260 4830 μόνῳ
1289 4763 1503 4833 ἐραστῷ
1528 4765 1752 4839 Χριστῷ
1806 4771 1883 4843 τῷ

301 4844 421 4914 Θεῷ
450 4845 628 4914 ἡμῶν.

2005 3313 2103 3352 vus
2134 3297 2313 3351 carnis
2340 3298 2688 3358 constitutus.
2721 3297 2788 3350 de
2811 3311 2975 3352 carne
3015 3297 3170 3352 metit
3197 3299 3358 3352 simul
3391 3313 3584 3353 curru.

2002 3392 2240 3460 ptiooem
2271 3401 2327 3444 et
2358 3400 2611 3446 mortem.
2639 3391 2780 3444 Cum
2816 3390 2982 3460 igitur
3014 3400 3068 3445 ct
3098 3391 3360 3446 Dominus
3392 3408 3584 3461 passus

2000 3486 2089 3546 sit,
2120 3485 2211 3552 qui
2250 3492 2430 3535 tamen
2467 3499 2568 3536 nec
2601 3483 2916 3535 merebatur
2946 3499 3050 3537 nec
3079 3499 3217 3552 opus
3247 3485 3502 3550 habebat;
3535 3487 3582 3541 si

2000 3575 2200 3628 Paulus
2229 3584 2520 3628 conterens
2549 3589 2750 3642 corpus
2793 3575 2923 3629 illud
2971 3575 3022 3628 in
3062 3578 3379 3630 servitutem
3419 3579 3581 3633 rede-

1999 3665 2111 3732 git;
2165 3664 2209 3717 si
2270 3663 2639 3731 apostolorum
2683 3701 2696 3720 ,
2749 3673 2798 3715 et
2851 3665 3215 3728 sacerdotum,
3249 3672 3303 3719 et
3333 3667 3577 3720 omnium

1999 3753 2295 3806 electorum
2343 3752 2517 3816 chori,
2553 3752 2784 3805 Domino
2817 3752 2905 3815 qui
2946 3767 3176 3805 mor:em
3223 3756 3590 3821 corporaliter-

1999 3846 2238 3898 subierat
2267 3856 2323 3897 et
2357 3844 2503 3896 tnille
2549 3843 2687 3898 alias
2742 3843 3072 3897 toleraverat
3101 3861 3396 3910 aerumnas,
3429 3847 3576 3902 vices

1995 3938 2215 3990 easdem
2260 3935 2631 4000 reddiderint;
2680 3935 2722 3986 si
2778 3935 2910 4004 legis
2941 3939 3081 3988 servi
3116 3951 3143 3988 a
3183 3938 3456 4006 principio
3521 3946 3586 3992 ct-

1995 4027 2182 4098 gratite
2211 4025 2325 4091 lilii,
2354 4035 2409 4080 et
2441 4035 2738 4096 martyrum
2772 4025 2988 4094 agmina
3027 4027 3256 4082 viriliter
3290 4032 3575 4084 Sustinue-

1995 4127 2122 4172 runt
2157 4117 2221 4172 ad
2277 4123 2546 4172 tormenta
2599 4129 2651 4172 et
2699 4133 2871 4186 usque
2911 4119 2978 4171 ad
3008 4131 3270 4185 mortem;
3307 4121 3348 4173 si
3382 4137 3576 4175 mona-

1996 4207 2220 4261 chorum
2255 4216 2309 4260 et
2336 4209 2690 4260 eretnitarum
2727 4219 2781 4260 ct
2816 4207 3086 4276 virginum
3111 4211 3484 4264 multitudines
3516 4218 3569 4264 ιιι

1993 4298 2137 4353 idem
2167 4297 2418 4351 abierunt
2445 4299 2810 4366 propositum,
2839 4300 2962 4367 quis
3015 4315 3179 4369 super
3208 4301 3293 4354 his
3323 4300 3574 4356 dubitare

1986 4391 2098 4460 jam
2130 4391 2340 4461 queat?
2374 4390 2454 4444 Tu
2493 4405 2643 4460 ergo,
2673 4391 2838 4444 frater
2879 4391 3367 4459 desideratiSsime,
3403 4397 3574 4464 probe

1991 4486 2187 4538 doctus
2224 4485 2338 4537 hzec
2382 4482 2564 4537 omnia
2599 4519 2615 4545 ,
2665 4481 2891 4537 incedas
2944 4496 2998 4539 et
3047 4486 3162 4553 ipse
3192 4493 3314 4556 post
3349 4487 3575 4558 vestigia

1988 4577 2215 4642 Christi,
2250 4585 2307 4629 et
2339 4575 2488 4629 illum
2520 4575 2669 4629 omni
2716 4575 2988 4632 desiderio
3019 4580 3387 4648 prosequaris,
3418 4581 3575 4649 etip-

1991 4687 2109 4728 sum
2145 4668 2320 4723 solum
2370 4666 2629 4721 memoria
2659 4666 2937 4735 cordeque
2993 4668 3236 4728 habeas;
3287 4683 3575 4736 precamur

1990 4771 2174 4821 autem
2208 4771 2265 4816 et
2305 4775 2406 4815 nos
2448 4768 2509 4812 ut
2558 4759 2834 4827 possimus
2868 4774 3084 4829 semper
3119 4761 3289 4814 videri
3321 4771 3572 4814 contem-

1991 4867 2189 4915 nentes
2219 4857 2273 4910 in
2306 4853 2529 4908 Christo
2564 4852 2792 4905 Domino
2817 4868 3038 4907 carnem
3077 4855 3212 4907 hanc
3241 4870 3322 4906 cot
3342 4853 3565 4922 ruptibi-

303 4939 430 5003 lem,
461 4948 516 4993 et
545 4941 850 4994 cmlestittm
877 4945 1130 5002 ardentes
1158 4957 1430 5004 amatores
1461 4950 1598 5016 fieri,
1640 4963 1700 5008 ut
1728 4956 1874 5029 digni
1903 4957 2209 5012 habeantur
2250 4964 2317 5003 ex
2364 4947 2467 5000 hac
2491 4945 2673 4999 carnis
2745 4946 2959 4997 sarcina
3031 4946 3150 5012 ejus
3199 4946 3569 5001 n'tisericordia

299 5031 487 5096 eximi,
530 5041 589 5086 ut
613 5049 734 5087 cum
771 5035 888 5104 ipso
922 5038 974 5090 in
1006 5048 1270 5094 aeternum
1305 5041 1497 5111 simus,
1534 5046 1691 5103 unice
1732 5049 1952 5104 amabili
1993 5055 2047 5104 et
2081 5043 2318 5100 amando
2346 5039 2474 5093 JcSU
2501 5036 2720 5090 Christo
2754 5035 2864 5089 ἶ)εο
2896 5046 3102 5091 ηοδιτο·

835 5152 1168 5210 ΕΡΩΘΗΣΙΣ
1194 5159 1321 5212 ﬂA'.

2211 5129 2238 5160 ⁸
2469 5150 2796 5216 QUZESTIO
2826 5151 3064 5208 LXXXI.

296 5265 368 5319 El
397 5265 604 5350 σιέμϐῇ
624 5265 904 5350 ⁸χυθῆγαε
959 5269 1405 5350 ἑντῇωείσόδφ
1462 5275 1538 5329 τὰ
1598 5278 1786 5350 Ἅγια,
1834 5282 1875 5350 ἢ

2005 5275 2036 5329 ii
2068 5272 2273 5328 accidat
2327 5277 2383 5320 ιιι
2438 5268 2574 5347 inter
2613 5269 2936 5336 o/ferendum
2991 5269 3334 5338 eﬂ'undantur
3382 5287 3562 5350 και-ζα,

441 5334 753 5405 βρωθῆναι
785 5338 904 5390 ὑπό
931 5334 1285 5408 τινοςῒώου,
1328 5334 1386 5397 τί
1407 5334 1731 5416 ποιητέοὖς

370 5491 670 5559 Συμὸαίνει
703 5494 769 5546 τὰ
791 5495 1018 5550 τοιαῦτα
1051 5498 1147 5552 καὶ
1177 5501 1424 5570 ἐκχεῖται
1470 5505 1538 5557 τὰ
1569 5504 1759 5574 Ἅγια,
1782 5509 1876 5562 καὶ

300 5581 537 5650 μάλιστα
585 5585 821 5657 ἐπηρείᾳ
882 5588 976 5642 τοῦ
1035 5592 1311 5663 πονηροῦ·
1366 5595 1626 5660 πολλάκις
1677 5599 1733 5651 δὲ
1777 5599 1872 5652 καὶ

295 5671 609 5743 ἀσθενείᾳῆ
666 5675 893 5748 ἀμελείᾳ
925 5681 1020 5733 καὶ
1053 5681 1356 5752 ὰπροσεξίᾳ
1388 5683 1498 5740 τῶν
1549 5687 1766 5757 ίερέων.
1813 5689 1871 5742 '0

385 5845 430 5876 ²⁰
458 5844 597 5901 Gen.
630 5863 710 5914 nt,
751 5849 834 5904 l7.
945 5854 984 5884 ²¹
1023 5853 1042 5906 l
1079 5854 1201 5910 Cor.
1238 5872 1310 5923 ιι,
1352 5857 1442 5911 27.

1555 5861 1600 5892 "
1631 5860 1826 5920 Matth.
1864 5879 1938 5932 XI,
1973 5865 2058 5920 12.

2047 5348 2127 5398 vel
2162 5342 2225 5394 ab
2268 5337 2488 5395 animati
2525 5345 2754 5405 quodam
2793 5337 3177 5395 conmutantur
3209 5356 3226 5393 :
3259 5341 3442 5410 ecquid
3477 5342 3564 5410 fa-

2048 5416 2291 5467 ciendum
2315 5413 2338 5463 ?

2047 5507 2258 5562 Accidit
2284 5507 2575 5576 aliquando
2599 5514 2655 5560 ιιι
2679 5515 2864 5560 sancta
2901 5506 3153 5575 mysteria
3183 5505 3558 5571 effundantur,

1981 5599 2214 5654 maxime
2230 5598 2717 5653 dmmonismalitia
2746 5612 2922 5665 κείω-ει
2952 5607 3130 5652 tamen
3177 5605 3231 5650 et
3270 5597 3468 5650 accidit
3491 5610 3560 5650 ex

1983 5691 2298 5745 inﬁrmitate
2329 5695 2410 5745 vcl
2456 5690 2692 5759 incuria,
2725 5691 2808 5746 vel
2831 5689 3162 5761 negligentia
3188 5688 3554 5743 sacerdotum.

2140 5868 2183 5898 ³³
2215 5866 2234 5921 l
2266 5868 2390 5924 Cor.
2426 5882 2496 5933 tv,
2527 5865 2581 5922 7.
