4118 6456
477 399 582 464 947

1304 395 1684 458 SYMEONIS
1713 389 2462 455 THESSALONICENSIS
2496 393 2846 458 ARCHIEP.

3626 392 3729 462 948

483 513 750 568 Sacerdos
777 510 863 566 cui
905 508 1162 567 acciderit
1189 520 1377 564 sancta
1419 508 1696 572 effudisse,
1739 505 2062 560 conﬁteatur

2172 512 2342 562 τοίνυν
2385 512 2562 579 ἱερεὺς
2611 511 2669 560 ἐν
2694 504 2738 576 ᾧ
2775 508 2936 562 τοῦτο
2979 507 3174 578 συνέϐη
3233 506 3292 560 τδ
3343 509 3636 578 ἐκχυθῆναι
3663 518 3732 567 τὰ

483 608 584 660 hoc
603 606 898 674 prmsertim
921 604 1186 674 pontiﬁci,
1210 618 1239 658 a
1258 617 1366 672 quo
1387 601 1700 672 prmscripta
1723 600 2058 655 observanda

481 699 710 766 accipiet
748 716 762 752 :
803 697 1040 751 maxime
1079 698 1126 750 si
1156 696 1208 751 id
1252 711 1318 749 ex
1371 695 1702 765 negligentia
1733 691 1818 747 vel
1850 691 2060 746 incuria

481 789 762 852 acciderit,
793 799 846 841 et
897 804 925 842 a
962 797 1150 842 sancto
1181 787 1486 840 ministerio
1518 795 1774 840 arceatur
1820 785 1887 840 ad
1921 793 2060 839 tem—

479 895 603 947 pus.
633 878 787 944 Quod
811 879 854 931 si
889 879 941 932 in
971 879 1074 932 hoc
1097 878 1217 932 loco
1245 891 1467 931 necesse
1495 877 1564 930 sit
1596 877 1679 928 vel
1712 876 1840 929 utile
1863 889 2061 929 munus

480 972 600 1039 ejus
633 971 686 1023 in
719 971 1111 1023 abstinentiam
1145 1008 1160 1033 ,
1189 969 1435 1022 oratione
1485 977 1540 1021 et
1591 967 2060 1037 genuflexionibus

484 1063 562 1116 illi
597 1062 916 1130 injungatur
941 1061 1081 1116 ratio
1109 1059 1431 1129 pmnilendi,
1471 1074 1538 1112 ne
1572 1073 1810 1127 unquam
1835 1058 2062 1112 omnino

486 1154 726 1207 salutare
773 1153 1173 1205 intermittatur
1207 1166 1346 1220 opus
1383 1149 1658 1204 sacriﬁcii.
1707 1149 1786 1210 Si,
1837 1149 1966 1203 dum
2005 1148 2059 1201 in

484 1245 744 1313 templum
807 1244 1112 1312 ingreditur
1160 1242 1226 1295 ad
1271 1241 1597 1296 sacriﬁcium
1631 1239 2061 1308 adimplendum,

483 1334 796 1390 effundatur
849 1335 992 1403 quod
1049 1335 1104 1387 in
1155 1333 1324 1388 calice
1357 1333 1698 1396 continetur,
1735 1341 1790 1387 et
1840 1333 2060 1400 quidem

483 1437 680 1493 totum,
713 1429 907 1484 statim
945 1437 1001 1482 ut
1025 1429 1128 1482 hoe
1160 1427 1214 1480 in
1250 1427 1460 1484 sanctis
1509 1427 1782 1497 mysteriis
1841 1425 2058 1488 accidit,

481 1521 681 1575 iterum
743 1520 811 1573 de
857 1534 1000 1572 novo
1059 1519 1149 1572 ﬁat
1195 1519 1424 1583 oblatio,
1494 1529 1550 1572 et
1605 1531 1797 1585 preces
1853 1531 2062 1586 praepa-

484 1611 714 1665 rationis
763 1612 1055 1665 dicantur:
1097 1620 1151 1664 et
1213 1611 1293 1665 sic
1348 1610 1540 1665 ordine
1591 1618 1715 1678 post
1763 1608 2061 1662 solemnem

486 1704 793 1772 ingressum
841 1715 1066 1756 munera
1100 1701 1352 1755 sacriﬁcii
1387 1699 1766 1768 perﬁciantur.
1798 1697 2064 1752 Similiter

483 1796 528 1848 si
555 1795 816 1848 acciderit
839 1804 892 1846 ut
925 1808 1118 1862 panem
1175 1793 1418 1846 oblatum
1453 1801 1508 1844 et
1542 1800 1919 1846 consecratum
1947 1805 2064 1842 mn-

483 1903 573 1940 res
609 1888 689 1941 vel
713 1887 815 1939 alia
837 1901 903 1942 ex
953 1884 1281 1940 animalibus
1336 1884 1626 1943 eroserint.
1686 1881 1815 1951 quin
1871 1881 2065 1934 viderit

482 1980 764 2043 sacerdos,
823 1995 924 2034 nec
957 1981 1251 2033 resciverit
1283 1985 1412 2031 ante
1448 1977 1777 2045 ingressum,
1831 1973 2058 2027 alterum

482 2086 680 2140 panem
735 2070 1059 2138 providebit,
1109 2082 1272 2136 quem
1317 2068 1420 2122 rite
1455 2067 1727 2130 dividens,
1754 2074 1808 2120 et
1838 2064 2064 2119 benedi-

485 2177 618 2215 cens
647 2161 981 2230 propheticis
1009 2161 1285 2225 νοτυς,οῃ
1317 2160 1573 2213 dicensct
1593 2158 1797 2211 faciens
1824 2171 1946 2226 quae
1973 2171 2064 2210 se-

487 2253 729 2307 cundum
763 2267 990 2313 morem,
1013 2253 1218 2307 addens
1238 2265 1428 2321 preces
1453 2250 1766 2312 oblationis,
1789 2259 1842 2302 et
1865 2249 2061 2302 deinde

484 2355 610 2413 post
629 2346 927 2398 solemnem
953 2345 1258 2408 ingressum
1281 2342 1418 2396 ritus
1449 2341 1698 2396 sacriﬁcii
1719 2339 2059 2410 adimplebit.

485 2434 683 2489 Sancta
743 2445 922 2489 autem
986 2435 1242 2503 mysteria
1279 2435 1482 2488 debent
1513 2449 1541 2486 a
1599 2435 1881 2486 sacerdote
1908 2432 2064 2485 colli-

483 2527 534 2596 gi
570 2525 624 2578 in
655 2533 845 2579 sancto
900 2526 1083 2593 aliquo
1112 2540 1236 2578 vase
1275 2536 1331 2579 et
1359 2526 1414 2578 in
1467 2526 1589 2579 lico
1620 2524 1968 2577 convenienti
2009 2532 2065 2576 et

483 2632 679 2672 securo
715 2618 994 2682 collocari,
1024 2634 1092 2671 ne
1123 2618 1352 2687 pedibus
1397 2618 1813 2676 conculcenlur,
1847 2614 1927 2667 vel
1961 2613 2059 2665 ali-

482 2711 630 2779 quod
657 2713 1012 2782 incongruum
1039 2708 1934 2780 exiieriantur.Opportmiissimus
1957 2709 2060 2758 erit

482 2803 637 2858 locus
703 2804 790 2856 ille
848 2807 902 2857 in
942 2819 1051 2873 quo
1104 2814 1224 2871 post
1292 2803 1574 2857 collectam
1631 2799 1889 2854 sacerdos
1941 2813 2056 2851 ma-

482 2908 586 2945 nus
620 2892 778 2954 lavat,
811 2907 967 2961 quem
1003 2903 1220 2960 Oportet
1253 2893 1452 2945 habere
1493 2891 1650 2944 facile
1681 2889 2045 2943 claudendum

487 2995 544 3038 et
574 2985 991 3039 convenientem
1029 3003 1042 3037 :
1081 2996 1134 3037 et
1166 2984 1327 3038 simul
1365 2983 1663 3037 curandum
1704 2991 1784 3034 est
1812 2995 1880 3032 ne
1929 2979 2056 3048 quid

484 3077 684 3130 horum
714 3077 869 3129 cadat
899 3074 1139 3128 exterius
1178 3089 1208 3128 e
1251 3075 1370 3127 loco
1403 3075 1524 3137 hoe,
1557 3087 1733 3140 neque
1789 3086 1852 3123 ex
1914 3085 2054 3135 aqua

2097 1836 2138 1893 fl

2165 601 2352 666 Ἅγια,
2404 600 2834 668 ἐξομολογεὶσθω
2868 599 3298 668 προηγουμένως
3349 602 3425 669 τῷ
3461 605 3727 674 ἀρχιερεῖ.

2162 693 2272 744 Kal
2299 693 2502 754 ἱκανῶς
2552 691 2943 756 κανονιζέσθω·
2985 692 3082 743 καὶ
3139 692 3338 758 μᾶλλον
3374 693 3423 745 εἰ
3483 695 3728 764 ῥᾳθυμία

2159 783 2354 834 τούτου
2387 780 2420 852 ἢ
2451 781 2753 850 ἀπροσεξίᾳ
2789 779 2991 848 συνέϐη
3018 795 3031 809 ⁶
3086 780 3180 833 καὶ
3211 780 3308 850 τῆς
3347 781 3496 844 θείας
3529 785 3734 853 ὑπηρε-

2165 874 2286 934 σίας
2327 873 2600 942 εἰργέσθω
2634 874 2725 924 ἐπὶ
2758 873 2971 940 καιρόν.
3006 873 3068 926 Εἰ
3104 871 3151 923 δ’
3180 873 3396 942 ἀνάγκη
3425 875 3520 927 καὶ
3574 877 3734 944 χρεία

2168 965 2362 1034 ἱερέως
2391 968 2449 1018 ἐν
2487 965 2564 1033 τῷ
2601 966 2774 1034 τόπῳ,
2810 965 2879 1019 δι’
2924 966 3250 1035 ἐγκρατείας
3283 967 3377 1019 καὶ
3430 971 3736 1037 προσευχῆς

2166 1056 2198 1124 ἢ
2238 1055 2602 1122 γονυκλισιῶν
2648 1057 2788 1108 ἔστω
2815 1057 2881 1110 τὰ
2915 1059 3011 1109 τοῦ
3053 1057 3278 1119 κανόνος
3335 1058 3503 1127 αὐτῷ,
3542 1060 3625 1112 ἵνα
3655 1062 3733 1129 μὴ

2165 1151 2224 1200 τὸ
2284 1151 2552 1218 σωτήριον
2600 1149 2768 1220 368
2813 1149 2948 1213 ὅλως
3010 1150 3365 1219 ἐμποδισθεϋι
3426 1150 3604 1220 ἔργον.
3645 1153 3736 1204 Ἐν

2165 1242 2243 1309 τῷ
2267 1242 2444 1310 καιρῷ
2465 1243 2520 1294 δὲ
2553 1243 2770 1310 ἐκείνῳ,
2790 1243 2913 1295 καθ’
2929 1241 2988 1294 δν
3015 1241 3212 1307 συνέϐη
3233 1242 3542 1308 τὸχεγονδς
3561 1243 3638 1304 εἰς
3664 1240 3732 1293 τά

2169 1337 2350 1401 Ἅγια,
2381 1335 2430 1387 ει
2473 1336 2568 1404 μὲν
2594 1337 2650 1388 ἐν
2670 1335 2748 1404 τῷ
2767 1336 2877 1403 ναῷ
2902 1335 3001 1402 τῆς
3029 1335 3234 1387 εἰσόδου
3260 1334 3587 1402 τελουμένης
3621 1332 3737 1398 ἐξε-

2165 1428 2304 1497 χύθη
2353 1427 2413 1480 τὸ
2448 1430 2503 1480 ἐν
2557 1425 2633 1495 τῷ
2681 1428 2928 1496 ποτηρίῳ
2973 1427 3068 1480 καὶ
3125 1427 3291 1489 ἅπαν,
3325 1425 3518 1479 ἐνωσιν
3572 1425 3734 1478 πάλιν

2167 1519 2410 1582 ποιείτω,
2431 1520 2522 1572 καὶ
2535 1518 2634 1588 τὴν
2659 1519 2825 1588 εὐχὴν
2842 1518 3140 1586 ἐπιλεγέτω
3160 1516 3258 1587 τῆς
3281 1517 3610 1588 προθέσεως·
3637 1519 3734 1571 καλΙ

2167 1611 2309 1664 οὕτω
2327 1611 2568 1678 καθεξῆς
2591 1612 2698 1665 ἀπὸ
2721 1612 2822 1681 τῆς
2851 1611 3095 1682 μεγάλης
3118 1611 3323 1664 εἰσόδου
3344 1611 3412 1663 τὰ
3437 1612 3541 1664 τῶν
3559 1611 3734 1680 εὐχῶν

2165 1705 2478 1756 ἐκτελείτω.
2522 1703 2755 1771 Ὁμοίως
2781 1703 2837 1756 δὲ
2866 1705 2960 1756 καὶ
2989 1705 3038 1756 εἰ
3072 1704 3273 1772 συνέϐη
3313 1703 3406 1756 τὸν
3435 1719 3729 1773 προσενεχ-

2169 1795 2331 1847 θέντα
2358 1795 2499 1847 θεῖον
2525 1796 2687 1864 ἄρτον
2728 1795 2832 1847 ὑπὸ
2870 1794 3048 1865 μυῶν,
3081 1795 3114 1866 ἢ
3174 1795 3363 1864 ἐτέρου
3415 1794 3555 1860 ζώου
3593 1793 3736 1864 βρω-

2171 1886 2349 1954 θῆναι,
2386 1888 2480 1940 καὶ
2519 1886 2592 1956 μὴ
2651 1887 2804 1940 ἰδοιὸ
2841 1887 3040 1955 ἱερεὺς,
3086 1885 3225 1954 μετὰ
3263 1869 3338 1940 Δδὲ
3385 1889 3484 1955 τὴν
3529 1887 3736 1940 εἴσοδον

2171 1979 2303 2049 γνῷ,
2338 1981 2700 2050 προσκομίσει
2729 1979 2913 2048 ἓτερον
2939 1980 3102 2049 ἄρτον
3129 1979 3419 2048 ἀνατεμὼν
3463 1980 3730 2050 συνήθως,

2171 2073 2267 2126 καὶ
2299 2073 2569 2139 ἐπιλέγων
2599 2073 2664 2125 τὰ
2693 2071 3013 2143 προφητικά
3047 2073 3284 2143 ῥήμαται
3313 2073 3407 2126 καὶ
3431 2071 3528 2125 ὅσα
3550 2071 3733 2131 λέγειν

2173 2165 2269 2218 καὶ
2291 2165 2468 2217 ποιεῖν
2507 2164 2670 2227 ἔθοςο
2724 2167 2821 2218 καὶ
2867 2165 2964 2234 τὴν
3011 2164 3178 2234 εὐχὴν
3214 2164 3315 2233 τῆς
3366 2164 3733 2234 προσκομιδῖκ

2171 2258 2468 2322 ἐπιλέγειν,
2499 2253 2620 2312 εἶτα
2673 2259 2902 2326 ἐπάγειν
2936 2257 3044 2312 ἀπὸ
3098 2257 3196 2326 τῆς
3231 2257 3468 2326 μεγάλης
3525 2257 3731 2309 εἰσόδου

2173 2350 2243 2404 τὰ
2273 2350 2381 2403 τῶν
2409 2351 2604 2421 εὐχῶν,
2634 2351 2692 2403 αἶ
2753 2352 2850 2404 καὶ
2884 2351 3193 2404 τελεστικαί
3240 2353 3346 2403 εἱσι
3406 2352 3621 2417 μᾶλλον.
3668 2351 3733 2403 Al

2172 2441 2442 2510 πρότερον
2467 2441 2574 2509 γὰρ
2596 2439 2906 2511 ἐρρέθησαν
2932 2438 3164 2508 ἱλασμοῦ
3189 2439 3284 2492 καὶ
3301 2439 3535 2509 δεήσεως
3555 2437 3731 2500 οὖσαι,

2170 2532 2433 2602 καὶπρὸς
2482 2531 2583 2601 τὴν
2636 2533 2947 2601 ἱερουργίαν
2983 2532 3366 2600 οἰκονομοῦσαι
3423 2532 3514 2584 τὸν
3561 2533 3728 2600 ἱερέα.

2173 2626 2255 2678 Τὰ
2276 2625 2575 2695 ἐκχυθέντα
2613 2625 2670 2677 δὲ
2705 2625 2872 2692 Ἀγια
2909 2625 3087 2694 χρεὼν
3142 2625 3474 2694 συναχθῆναι
3503 2624 3609 2676 ὑπὸ
3640 2623 3731 2675 τοῦ

2173 2715 2361 2786 ἱερέως
2402 2718 2458 2770 ἐν
2495 2715 2680 2769 σκεύει
2717 2716 2860 2787 ἁγίῳ
2887 2717 3014 2777 τινἰ,
3047 2717 3143 2769 καὶ
3167 2717 3224 2768 ἐν
3271 2715 3402 2784 ἱερῷ
3454 2715 3602 2784 τόπῳ
3639 2716 3730 2766 καὶ

2172 2807 2410 2878 ἀσφαλεῖ
2459 2807 2815 2876 ἀποτεθῆναι,
2867 2806 3005 2860 ὥστε
3066 2807 3142 2876 μὴ
3200 2802 3726 2875 καταπατηθῆναι,ῆ

2173 2883 2400 2952 anon
2431 2899 2537 2951 τῶν
2573 2899 2648 2970 μὴ
2674 2899 2906 2953 δεόντων
2959 2897 3176 2952 παθεῖν.
3222 2895 3528 2968 Ἐξαίρετος
3553 2898 3609 2950 δὲ
3643 2898 3729 2950 τόο

2177 3009 2276 3055 πος
2314 2991 2467 3046 ἔσται
2499 2992 2628 3046 ἔνθα
2687 2994 2824 3062 μετά
2855 2993 2915 3045 τὸ
2965 2993 3291 3062 κοινωνῆσαι
3328 2995 3356 3044 ό
3399 2993 3578 3060 ἱερεὺς
3603 2992 3730 3046 ἀπο·

2174 3083 2420 3136 νὶπτεται
2447 3100 2460 3114 ο
2487 3083 2544 3136 ὃν
2577 3085 2673 3137 καὶ
2720 3085 2926 3153 ὀφείλει
2977 3083 3382 3152 ἠσφαλισμένον
3431 3083 3572 3152 ἔχειν
3605 3083 3736 3136 πάν·

485 3167 900 3236 ριιτὶιὶεῖιϋοηίε,
920 3181 1042 3220 cum
1074 3166 1146 3218 sit
1189 3174 1458 3226 sanctum,
1487 3172 1674 3232 utpote
1705 3162 1846 3231 quod
1878 3160 2065 3212 laverit

2174 3173 2457 3252 roeevxal
2491 3174 2774 3245 ἁρμόδιον,
2824 3177 2918 3229 καὶ
2947 3175 3223 3246 προσοχὴν
3251 3175 3416 3245 ἔχειν,
3466 3176 3540 3246 μὴ
3577 3177 3736 3229 ἐκπί-

486 3260 630 3313 labia
679 3259 1067 3313 communione
1120 3256 1456 3311 sanctiﬁcata
1511 3264 1566 3307 et
1627 3268 1816 3306 manus
1887 3266 2068 3306 sacer-

487 3354 658 3410 dotis.
719 3344 884 3416 (ὶυὰδί
932 3359 1120 3404 saneta
1179 3348 1388 3418 piscina
1443 3358 1528 3401 est
1593 3346 1746 3404 hicce
1807 3344 1981 3406 locus,
2015 3352 2068 3398 et

487 3460 628 3516 aqua
694 3441 1092 3513 puriﬁcationis
1155 3441 1510 3496 sacerdotalis
1581 3437 1946 3498 sanctiﬁcata,
1998 3453 2062 3488 ex

487 3555 594 3608 qua
641 3538 889 3592 novimus
927 3543 981 3589 et
1011 3537 1323 3588 sanationes
1385 3533 1588 3594 ﬁeri,si
1625 3530 1751 3584 inde
1792 3540 2068 3599 unguntur

487 3643 584 3688 aut
614 3633 806 3686 bibunt
841 3628 1063 3682 inﬁrmi.
1099 3627 1283 3694 Neque
1337 3636 1517 3677 autem
1552 3632 1757 3676 temere
1796 3622 1907 3674 haec
1942 3631 2068 3671 sunt

489 3723 770 3778 tractanda
800 3737 813 3774 :
850 3717 1385 3789 pru‘cipiendumque
1418 3724 1503 3768 est
1537 3722 1596 3765 ut
1627 3713 1712 3764 ille
1750 3713 1838 3780 qui
1873 3709 1957 3763 his
1991 3714 2066 3760 uti

489 3825 664 3884 Optat.
697 3815 965 3866 innocens
1010 3812 1081 3862 sit
1131 3817 1186 3862 et
1229 3808 1476 3877 jejunus.
1515 3803 1780 3860 Similiter
1837 3803 1928 3855 ille
1975 3801 2068 3866 qui

490 3909 580 3965 his
609 3905 734 3974 ungi
772 3902 1005 3971 cupierit
1029 3907 1246 3969 oportet
1275 3908 1334 3952 ut
1363 3898 1560 3951 iterum
1593 3895 1805 3947 lavetur
1851 3893 1905 3945 in
1947 3892 2068 3944 loco

487 4008 742 4070 separato
772 4008 825 4050 et
857 3995 1227 4050 convenienti.
1281 3991 1380 4044 Hic
1430 3991 1596 4060 igitur
1651 3999 1774 4058 post
1823 4002 2068 4042 commu-

490 4095 712 4148 nionem
746 4090 1018 4143 lavabitur
1046 4085 1328 4144 sacerdos,
1365 4084 1447 4136 vel
1488 4081 1541 4134 in
1577 4081 1697 4134 loco
1743 4079 1942 4148 aptiori
1978 4092 2068 4131 se-

488 4186 822 4254 curiorique,
865 4182 909 4237 si
967 4178 1129 4246 adsit,
1179 4187 1367 4234 sancta
1434 4175 1684 4246 mysteria
1732 4189 1852 4243 quae
1901 4173 2067 4227 effusa

491 4289 616 4332 sunt
653 4275 914 4343 colligens
941 4271 1026 4340 pie
1053 4272 1358 4338 devoteque
1395 4283 1520 4322 cum
1568 4268 1744 4336 aquali
1778 4266 1864 4318 hic
1897 4265 2068 4334 depo-

493 4378 607 4422 net.
638 4367 1014 4426 Pavimentum
1046 4363 1114 4416 sit
1145 4377 1176 4415 e
1210 4373 1502 4420 marmore,
1530 4366 1588 4412 ut
1612 4358 1728 4412 haec
1757 4365 1880 4426 apte
1906 4368 2067 4407 sauc-

2175 3284 2332 3319 πτειν
2357 3267 2554 3334 ἔξωθέν
2585 3286 2638 3320 τι
2688 3269 2784 3322 τοῦ
2821 3269 2987 3321 τόπου
3052 3269 3283 3333 ἐκείνου,
3345 3269 3483 3338 μήτε
3537 3267 3599 3320 ἐκ
3640 3265 3735 3322 τοῦ

2172 3357 2444 3427 νίμματος
2465 3375 2480 3390 ο
2510 3357 2700 3429 ἐπειδὴ
2746 3357 2903 3425 ἅγιόν
2937 3360 3075 3423 ἐστι,
3100 3358 3166 3409 τὰ
3193 3356 3347 3427 χείλη
3377 3373 3436 3410 τε
3463 3356 3533 3410 τά
3559 3357 3622 3409 ἐκ
3636 3356 3734 3424 τῆς

2173 3449 2456 3508 κοινωνίας
2483 3447 2795 3516 ὴγιασμένα
2819 3449 2914 3499 καὶ
2951 3449 3048 3509 τὰς
3096 3449 3285 3515 χεῖρας
3309 3445 3604 3498 ἐκπλύ-ιονο
3643 3462 3736 3494 και

2172 3537 2246 3598 ὡς
2270 3538 2328 3589 τὸ
2352 3538 2496 3606 ἱερὸν
2527 3538 2789 3607 ποτήριον
2822 3539 3026 3600 ἐκεῖνος
3058 3540 3085 3590 ὁ
3135 3537 3296 3598 τόπος
3354 3537 3470 3588 ἐστὶ
3528 3533 3622 3587 καὶ
3672 3533 3736 3586 τὸ

2171 3627 2352 3696 νίμμα
2386 3628 2744 3698 ἡγιασμένον,
2774 3627 2840 3680 δι’
2864 3626 2925 3679 οὗ
2958 3629 3051 3682 καὶ
3102 3627 3328 3696 ἰάματα,
3363 3627 3438 3688 ὡς
3469 3625 3732 3694 ἔγνωμεν,

2170 3719 2402 3785 γίνεται,
2432 3719 2739 3788 χριομένων
2773 3720 2836 3772 ὲκ
2869 3719 3058 3772 τούτου
3089 3719 3252 3772 τινῶν
3282 3717 3729 3790 ἀρρωστούντων,

2172 3812 2204 3880 ἢ
2229 3813 2563 3864 ἐκπινόντων
2587 3827 2600 3841 ⁶
2646 3811 2742 3865 καὶ
2773 3811 2881 3864 οὐδ’
2911 3811 3097 3874 ἅπλῶς
3127 3811 3284 3864 τοῦτο
3317 3812 3578 3880 παρέχειν
3605 3811 3733 3879 χρὴ,

2172 3903 2289 3956 ἀλλ’
2319 3903 2461 3956 ὥστε
2491 3901 2894 3972 παραγγέλλειν
2923 3903 3239 3971 προσέχειν,
3265 3901 3470 3954 καὶτὸν
3495 3901 3591 3969 μὲν
3617 3899 3736 3970 βου-

2171 3999 2396 4066 λόμενον
2426 3996 2640 4048 ἐκπιεῖν
2674 3990 2817 4048 εἷναι
2871 3995 3112 4061 καθαρόν
3141 4012 3199 4046 τε
3248 3996 3342 4047 καὶ
3394 3996 3600 4064 νῆστιν.
3651 3993 3736 4046 Ὀ-

2175 4089 2342 4158 μοὶως
2379 4089 2435 4142 δὲ
2465 4089 2560 4140 καὶ
2606 4087 2700 4140 τὸν
2751 4087 3078 4156 βουλόμενον
3123 4086 3467 4155 ἀλείψασθαι,
3528 4085 3586 4147 δς
3641 4083 3735 4136 καὶ

2170 4181 2376 4248 ὀφείλει
2402 4180 2683 4234 νίπτεσθαι
2717 4179 2943 4247 ὕστερον
2975 4181 3030 4231 ἐν
3061 4177 3312 4242 ἰδιάζοντι
3358 4179 3530 4246 τόπῳ.
3562 4175 3736 4228 Ἐκεῖ·

2175 4290 2233 4325 σε
2281 4274 2460 4327 τοίνυν
2494 4273 2620 4325 ἔνθα
2671 4273 2700 4324 ό
2749 4271 2929 4340 ἱερεὺς
2966 4271 3104 4338 μετὰ
3151 4270 3246 4339 τὴν
3282 4270 3568 4324 κοινωνίαν
3600 4270 3735 4322 ἀπο-

2175 4365 2451 4426 νίπτεται,
2479 4364 2510 4432 ἦ
2541 4366 2600 4417 ἐν
2631 4363 3022 4433 ἀσφαλεστέρῳ
3039 4363 3187 4430 τόπῳ
3213 4363 3258 4414 εἱ
3289 4362 3428 4422 ἔστι,
3479 4361 3549 4413 τὰ
3579 4362 3737 4428 ἐκχυ-

496 4471 658 4527 aeque
683 4462 735 4511 in
761 4459 880 4511 loco
904 4458 1264 4524 deponantur.
1300 4452 1530 4519 Sintque
1587 4451 1819 4503 maxima
1871 4457 1928 4500 et
1957 4446 2060 4499 fixa

2175 4458 2335 4526 θέντα
2356 4458 2526 4524 Ἀγια
2560 4454 2817 4519 συλλέξας
2849 4454 3094 4516 εὐλαϐῶς
3128 4453 3268 4522 μετά
3287 4453 3386 4520 τῆς
3414 4454 3589 4504 ἐκεῖσε
3609 4452 3735 4518 ὕλης

501 4566 767 4608 marmora
801 4565 921 4617 quae
959 4545 1228 4614 profunde
1261 4545 1537 4597 fodiantur
1565 4542 1616 4594 in
1651 4551 1840 4609 aptum
1876 4553 2067 4606 recep-

511 4644 734 4699 aculum
768 4655 866 4710 pro
899 4638 1105 4693 sanctis
1163 4634 1538 4689 oblationibus
1592 4634 1680 4686 hic
1728 4631 2070 4702 deponeudis

508 4735 808 4804 ,eparatiin,
842 4743 901 4785 ut
945 4729 1203 4784 diximus.
1238 4726 1315 4780 Ita
1367 4726 1756 4778 confodianlur
1806 4732 1864 4776 ut
1901 4721 2070 4775 lavari

518 4831 667 4882 iussit
694 4837 746 4880 et
769 4821 1196 4892 receptaculum.
1242 4819 1298 4873 Si
1331 4833 1457 4871 vero
1480 4825 1810 4870 consecratae
1840 4814 2072 4867 oblatio-

519 4936 595 4974 ies
623 4934 729 4973 non
760 4917 871 4972 sint
891 4931 956 4969 ex
995 4924 1108 4968 toto
1135 4913 1344 4976 cﬂ‘usar,
1369 4911 1461 4964 sed
1492 4922 1614 4976 pars
1642 4921 1828 4960 earum
1858 4921 2073 4958 reman-

495 5013 650 5072 serit,
682 5020 810 5063 tunc
842 5008 1072 5060 addatur
1103 5019 1227 5075 pars
1246 5003 1414 5056 altera
1443 4999 1739 5054 secundum
1768 4997 1910 5066 quod
1933 4994 2072 5066 opus

498 5115 605 5163 cst,
639 5114 694 5155 et
731 5101 1050 5169 perﬁciatur
1076 5087 1430 5150 sacriﬁcium.
1464 5091 1519 5145 Si
1562 5108 1690 5145 vero
1715 5090 1983 5152 acciderit
2018 5100 2074 5144 ut

499 5201 614 5250 haec
663 5194 840 5248 oblata
870 5192 1108 5258 desuper
1133 5187 1485 5242 effundantur
1514 5185 1566 5238 in
1603 5195 1781 5239 vestes
1815 5184 2073 5238 sacerdoo

503 5288 659 5347 tales,
719 5293 774 5337 et
823 5283 1042 5352 quidem
1096 5289 1224 5333 ante
1267 5277 1620 5339 sacriﬁcium,
1659 5278 1702 5332 si
1748 5277 2074 5345 pretiosiora

499 5388 709 5433 tantum
743 5387 797 5430 et
842 5375 1155 5444 pulchriora
1218 5371 1534 5424 indumenta
1584 5370 1882 5440 attigerint,
1946 5381 2074 5422 tunc

500 5471 615 5526 hagc
650 5469 968 5522 vestimenta
1003 5467 1252 5519 laventur
1311 5477 1447 5530 aqua
1502 5465 1554 5516 in
1593 5479 1717 5517 vase
1755 5471 1961 5524 sani-t0.
2003 5463 2075 5522 ila

501 5577 562 5620 ut
610 5564 743 5622 nihil
792 5565 844 5615 in
908 5560 1014 5614 illis
1067 5566 1363 5622 remaneat,
1412 5566 1460 5609 et
1491 5573 1627 5625 aqua
1665 5555 2072 5610 immittaturiu

499 5659 682 5712 locum
719 5669 962 5712 sacrum,
995 5662 1052 5704 ut
1105 5651 1306 5704 dictum
1369 5659 1469 5703 est.
1504 5649 1656 5716 Quod
1710 5648 1752 5700 si
1815 5646 2077 5700 acciderit

501 5763 623 5820 pust
663 5749 986 5803 sacriﬁcium
1019 5745 1222 5798 effundi
1258 5743 1310 5797 in
1345 5759 1631 5796 commune
1667 5742 2074 5802 indumentum,

501 5857 567 5896 ex
597 5858 661 5895 eo
687 5840 1042 5896 resecandum
1081 5848 1161 5895 est
1189 5849 1450 5907 quantum
1509 5847 1592 5891 est
1648 5848 1870 5889 necesse
1913 5843 1969 5885 ut
2009 5847 2072 5885 ex

2177 4550 2272 4602 καὶ
2309 4549 2404 4602 τοῦ
2427 4548 2553 4618 χοὸς
2583 4547 2871 4616 ἀποθήσει.
2907 4547 2969 4600 Εἰ
3005 4546 3060 4598 δέ
3110 4547 3376 4615 μάρςιαρα
3421 4561 3734 4612 κατεστρω-

2179 4642 2314 4707 μένα
2363 4641 2522 4703 εἰσὶν,
2579 4639 2666 4692 ἵνα
2725 4640 2896 4692 ταῦτα
2948 4637 3158 4692 ἐκεῖθεν
3213 4635 3428 4702 ἐξελὼν,
3471 4639 3529 4688 ἐν
3588 4639 3737 4706 τόπῳ

2176 4731 2309 4802 ἱερῷ
2337 4734 2433 4786 καὶ
2463 4731 2718 4797 ἰδιάζοντι
2751 4730 3028 4800 ἁποθήσῃ.
3064 4730 3122 4782 El
3149 4730 3204 4782 δὲ
3231 4731 3463 4800 μέγιστα
3491 4730 3586 4782 καὶ
3615 4729 3736 4782 ἀκί-

2174 4841 2331 4894 νητα,
2376 4824 2465 4876 ἴνα
2486 4823 2806 4890 λατομήσας
2861 4825 2940 4884 εἱς
2975 4822 3139 4891 βάθος
3187 4821 3382 4884 ἱκανῶς
3436 4819 3528 4873 τὸν
3577 4821 3737 4874 τόπον

2175 4915 2303 4967 ἔνθα
2334 4915 2400 4986 δὴ
2434 4914 2726 4983 ἐξηπλὼοη
2755 4915 2822 4967 τά
2857 4915 3046 4980 Ἅγια,
3081 4914 3150 4965 τὰ
3184 4912 3531 4981 ἐξενεχθέντα
3562 4912 3738 4964 ἐκεῖσε

2177 5008 2340 5077 θήσῃ,
2376 5008 2432 5058 ἐν
2462 5006 2634 5074 τόπῳ,
2665 5007 2740 5067 ὼς
2777 5005 3009 5074 ἔφημεν.
3049 5004 3207 5058 Ἀλλά
3251 5006 3347 5057 καὶ
3375 5003 3503 5056 ἔνθα
3528 5003 3741 5054 λελατό-

2180 5115 2376 5168 μηκεν,
2414 5097 2500 5149 ἵνα
2537 5095 2779 5166 ὲκπλὺνῃ
2811 5097 2902 5147 τον
2958 5096 3123 5148 τόπον
3167 5096 3242 5158 ὡς
3283 5095 3528 5148 δυνατόν.
3570 5093 3633 5145 Εἰ
3682 5092 3738 5144 δὲ

2177 5191 2245 5242 τὰ
2269 5189 2440 5256 ’Ἅγια
2469 5188 2528 5240 ού
2555 5187 2735 5240 πάντα
2759 5187 3074 5256 ἐκκέχυται,
3100 5186 3238 5238 ἀλλά
3272 5185 3435 5254 μέρος
3465 5183 3740 5237 ἐναπελεὶ-

2179 5278 2310 5345 φθη,
2351 5277 2438 5329 ἵνα
2475 5277 2570 5328 καὶ
2593 5277 2782 5346 ἓτερον
2807 5273 3086 5328 ἐπιϐαλὼν
3122 5275 3248 5326 ὅσον
3285 5276 3363 5335 εἰς
3407 5274 3618 5342 χρείαν,
3653 5273 3740 5324 ἐκ-

2177 5369 2376 5440 τελέσῃ
2407 5369 2476 5420 τὰ
2507 5367 2606 5437 τῆς
2641 5368 2976 5436 ἱερουργίας.
3011 5364 3122 5418 Καὶ
3154 5365 3252 5416 ἐὰν
3273 5364 3340 5416 τὰ
3372 5363 3539 5431 Ἀγια
3561 5363 3742 5416 ἐπάνω

2175 5461 2287 5514 τῶν
2309 5461 2532 5530 ἀμφίων
2581 5459 2673 5512 τοῦ
2715 5461 2905 5530 ἱερέως
2936 5457 3190 5527 ἐξεχύθη,
3235 5458 3284 5508 εἰ
3345 5455 3444 5525 μὲν
3494 5453 3596 5523 πρὸ
3642 5453 3743 5522 τῆς

2178 5550 2532 5614 τελειώσεως,
2558 5552 2607 5604 εἰ
2631 5552 2788 5620 τὶμια
2815 5551 2974 5619 μόνον
3015 5548 3123 5601 εἰσὶ
3174 5549 3272 5599 καὶ
3308 5544 3596 5612 πολυτελῆ,
3651 5544 3741 5597 ἵνα

2182 5642 2327 5703 ἰδίως
2357 5643 2416 5692 ἐν
2465 5639 2648 5694 σκεύει
2703 5639 2982 5702 ἐκπλύνας
3041 5635 3172 5709 ἱερῷ
3234 5638 3463 5700 ἱκανῶς,
3491 5635 3629 5689 ὥστε
3664 5635 3741 5704 μὴ

2181 5733 2577 5801 ὑπολειφθῆναι
2643 5733 2698 5784 ἐν
2751 5734 2864 5794 τοῖς
2911 5730 3178 5798 ἐνδύμασξ
3244 5747 3318 5794 τι,
3352 5730 3410 5782 τὸ
3437 5728 3613 5798 νίμμα
3644 5728 3744 5793 ἐμ-

2183 5827 2322 5898 ϐάλῃ
2349 5829 2407 5879 έν
2446 5827 2595 5894 τόπῳ
2641 5824 2772 5896 ἱερῷ
2811 5825 2904 5878 καὶ
2944 5825 3198 5893 ἀσφαλεῖ,
3262 5823 3442 5887 καθὼς
3506 5822 3742 5892 εἴρηται.
