4118 6442
329 309 433 374 949

1035 310 1426 372 RESPONSA
1470 308 1569 370 AD
1623 308 2071 371 GABRIELEM
2112 306 2825 372 PENTAPOLITANUM.

3504 313 3626 377 950‘

338 423 400 473 Εί
425 420 480 474 δὲ
501 421 639 489 μετά
678 420 778 489 τὴν
811 418 1090 473 τελείωσιν
1122 420 1442 487 ἐκκέχυται,
1477 419 1567 470 ἵνα
1623 417 1764 470 κατά
1798 419 1907 470 πᾶ-

2044 431 2125 471 ιοο
2174 433 2353 485 panno
2412 417 2503 471 ﬁat
2546 419 2726 472 velum
2766 432 3006 485 sacrum,
3046 418 3190 488 quod
3256 420 3460 489 pariter
3520 433 3609 477 est

340 527 441 562 σαν
464 510 715 579 ἀνάγκην
747 510 1082 577 ἔκκότττηται
1117 514 1178 563 τὸ
1226 510 1394 578 μέρος
1427 511 1602 561 ἐκεῖνο
1624 507 1719 563 τοῦ
1768 507 1916 579 ίεροῦ

341 601 666 671 ἐνδύματος,
700 603 796 654 καὶ
852 603 995 655 θεῖον
1035 603 1302 671 κάλυμμα
1345 602 1586 667 γίνηται,
1647 601 1920 653 ὲκπλυθὲν

340 693 434 746 καὶ
471 692 603 744 αὐτὸ
632 693 690 744 ὲν
729 692 883 761 τόπῳ
914 692 1219 759 ίδιαιτάτῳ,
1262 690 1392 743 ἔνθα
1434 695 1528 743 καὶ
1569 693 1713 761 ίερδν
1748 694 1919 762 ποτή-

344 803 458 853 ριον
485 785 826 855 ὲκπλυθῆναι
868 784 1120 847 δυνατὸν,
1157 784 1250 834 καὶ
1290 785 1531 851 σπόγγον
1568 783 1740 851 ῥύπου
1786 785 1922 853 πλη-

342 876 538 927 σθέντα
580 876 673 926 καὶ
705 874 1003 942 σήψεως,ἢ
1056 874 1199 943 ίερὸν
1242 876 1530 943 κάλυμμα.
1591 876 1701 927 Καὶ
1748 875 1923 927 ταῦτα

343 967 452 1037 γὰρ
490 965 827 1019 ἀποπλύνειν
864 965 1004 1017 κατά
1072 967 1292 1033 καιρδν,
1340 967 1504 1033 μόνον
1544 964 1794 1029 εὐλαϐῶς
1828 967 1923 1018 καὶ

346 1057 403 1107 ὲν
458 1056 695 1121 ἀσφαλεῖ
745 1057 894 1119 τόπῳ
958 1056 1294 1122 καὶμᾶλλον
1353 1056 1540 1118 καλῶς
1598 1054 1776 1122 ἔχοντι
1832 1054 1924 1107 καὶ

344 1150 602 1215 ἀσφαλῶς
640 1151 715 1217 τῷ
733 1149 1016 1217 λεγομένῳ
1046 1150 1341 1217 νιπτηρίῳ,
1366 1150 1429 1201 οὑ
1464 1148 1751 1217 βλαϐερὸν,
1788 1148 1923 1201 ἀλλά

347 1241 550 1307 μᾶλλον
577 1240 845 1306 θεοφιλὲς,
884 1240 965 1296 είς
998 1241 1165 1308 τιμὴν
1201 1240 1297 1291 καὶ
1356 1240 1647 1309 ὡραϊσμὸν
1681 1240 1791 1290 τῶν
1828 1240 1921 1291 τοῦ

343 1329 478 1379 Θεοῦ
507 1328 565 1380 ὃν
602 1329 764 1397 ἱερῶν
803 1329 1039 1381 σκευῶν.
1068 1329 1420 1397 Εὑρίσκομεν
1454 1330 1562 1398 γάρ
1618 1330 1709 1382 καὶ
1763 1330 1821 1381 ἐν
1855 1332 1920 1399 τῇ

342 1420 546 1488 παλαιᾷ
574 1419 837 1486 διατάξει,
866 1419 940 1483 ὡς
959 1421 1177 1490 κάλπην
1205 1418 1323 1491 εἶχέ
1348 1439 1469 1474 τινα
1501 1420 1786 1492 ὴΜεγάλη
1832 1421 1921 1472 ὲκ-

342 1512 565 1580 κλησία,
598 1506 711 1564 οἷον
743 1512 947 1583 μικράν
965 1514 1223 1583 λεκάνην,
1262 1516 1319 1567 ὲν
1422 1515 1487 1568 τὰ
1514 1513 1635 1583 ἱερὰ
1664 1512 1922 1567 ἀπέπλυο

342 1621 433 1656 νον
476 1605 715 1673 ποτήρια
746 1604 832 1656 διὰ
866 1605 1092 1675 χλιαροῦ
1129 1605 1353 1669 ὓδατος.

877 1737 1214 1789 ΕΡΩΤΗΣΙΣ
1246 1738 1366 1790 III".

346 1873 543 1940 ’Ὅπως
559 1870 674 1940 χρὴ
698 1872 1013 1925 κοινωνεῖν
1029 1874 1175 1937 τοὺς
1199 1873 1284 1942 μὴ
1304 1874 1685 1941 δυναμένους
1702 1879 1791 1942 είς
1813 1875 1923 1930 τὸν

622 1944 774 1997 ναὸν
793 1945 1237 2011 παραγενέσθαι
1258 1946 1633 2013 ἁρῤώστους.

421 2060 584 2113 Ὅθεν
615 2060 950 2129 προσεκτέον
987 2059 1066 2129 τῷ
1101 2060 1241 2128 ἱερεῖ
1296 2062 1377 2123 εἰς
1414 2062 1593 2114 πάντα
1646 2065 1714 2116 τὰ
1768 2064 1927 2131 Ἅγια

351 2152 443 2205 καὶ
470 2150 567 2220 τὴν
608 2150 763 2219 ίεράν
795 2151 1300 2220 παρακαταθήκην,
1339 2152 1429 2204 τὸν
1460 2156 1927 2223 προηγιασμένον,

352 2246 446 2295 καὶ
480 2244 761 2311 ἡνωμένον
802 2242 878 2311 τῷ
914 2244 1043 2312 θείῳ
1069 2243 1263 2311 αἵματι
1310 2246 1578 2306 ζωοποιὸν
1622 2250 1715 2299 καὶ
1758 2247 1932 2299 πανά-

352 2354 470 2403 γιον
500 2338 687 2407 ἄρτον,
727 2336 869 2391 ὥστε
927 2339 985 2389 ὲν
1038 2338 1217 2406 πυξίῳ
1271 2338 1503 2407 καθαρῷ
1556 2341 1650 2392 καὶ
1700 2342 1934 2408 ἀσφαλεῖ

353 2428 517 2499 ἔχειν,
567 2431 659 2481 καὶ
704 2430 841 2497 μετά
915 2428 1162 2498 καθαροῦ
1202 2430 1615 2499 ὴσφαλισμένον
1675 2434 1934 2503 ὑφάσμα-

350 2535 441 2581 τος
510 2520 603 2571 καὶ
670 2521 875 2587 τιμίου.
941 2521 1083 2574 Αὒτδ
1137 2521 1245 2587 γάρ
1323 2523 1438 2572 ἐστι
1508 2522 1568 2573 τὸ
1644 2522 1925 2577 θειότατον

362 2611 518 2675 σῶμα
596 2616 692 2663 καὶ
745 2607 884 2679 αἷμα
964 2613 1024 2663 τὸ
1091 2613 1444 2668 Δεσποτικὸν.
1524 2614 1635 2666 Καὶ
1693 2632 1934 2686 προσκυ-

354 2704 464 2755 νεῖν
702 2707 796 2756 καὶ
830 2704 1028 2772 θυμιᾷν
1083 2707 1176 2757 καὶ
1230 2707 1397 2775 τιμᾷν
1454 2709 1557 2775 χρὴ
1592 2707 1689 2779 ὅλῃ
1741 2710 1935 2777 προθέ-

359 2812 464 2858 σει,
490 2798 584 2845 καὶ
628 2796 884 2861 ὑπεράνω
911 2795 1048 2863 πρὸς
1079 2796 1344 2859 ἀνατολὰς
1382 2799 1479 2865 τῆς
1511 2799 1663 2862 θείας
1716 2803 1936 2869 τραπέ-

360 2886 457 2957 ζης
504 2888 823 2955 ᾑωρημένον
878 2886 1045 2955 ἔχειν,
1095 2887 1188 2937 καὶ
1244 2890 1557 2942 ἐπιϐλέπειν
1610 2891 1695 2943 ἴνα
1756 2893 1830 2960 μή
1885 2908 1936 2945 τι

367 2980 607 3049 συμϐαίη
643 2980 877 3049 ἀμελείᾳ
908 2981 1016 3032 τῶν
1052 2981 1127 3051 μὴ
1158 2981 1407 3036 δεόντων.
1442 2985 1549 3036 Καὶ
1592 2986 1647 3035 ὲν
1676 2984 1754 3055 τῷ
1816 2986 1939 3055 μέλ-

365 3073 474 3125 λειν
500 3074 557 3125 δέ
582 3090 703 3124 τινα
729 3076 1032 3139 κοινωνεῖν,
1069 3074 1144 3144 μὴ
1174 3076 1251 3135 είς
1277 3076 1368 3127 τὸν
1404 3077 1604 3129 κόλπον
1636 3079 1936 3147 λαμϐάνειν

2023 505 2313 559 lavandum
2370 506 2420 558 in
2473 506 2593 559 loco
2650 508 3012 562 mundissimo

3074 528 3087 563 :
3147 512 3503 566 mundabitur
3555 519 3612 565 et

2026 612 2178 651 sacra
2208 599 2438 665 piscina,
2496 598 2719 667 spongia
2753 601 2833 652 vel
2872 601 3054 668 aliquo
3094 602 3262 656 linteo
3311 603 3611 657 siccahitur

2026 695 2083 739 ut
2134 689 2452 755 puriﬁcctur
2505 706 2531 740 a
2590 689 2863 747 sordibus.
2923 689 3049 743 Haec
3118 700 3297 745 autem
3358 692 3608 747 facienda

2026 786 2153 829 sunt
2184 791 2281 844 pro
2306 778 2737 844 opportunitate,
2775 779 2973 833 devote
3008 788 3186 834 tamen
3220 791 3271 835 et
3302 796 3426 835 cum
3463 798 3611 851 mag-

2027 882 2096 919 na
2155 868 2463 921 sedulitate.
2523 868 2802 936 Optimum
2857 874 3075 940 quidem
3122 880 3267 927 esset
3299 874 3343 927 si
3386 874 3450 927 ad
3506 874 3612 928 hoc

2031 956 2323 1009 haberetur
2352 958 2525 1023 pelvis
2584 959 2665 1012 rel
2720 959 3119 1015 nitidissimum
3174 964 3384 1017 labrum
3416 965 3467 1018 in
3504 981 3613 1034 quo

2029 1048 2329 1101 honoriﬁce
2360 1060 2411 1101 et
2452 1050 2803 1105 laudabiliter
2853 1053 3253 1108 mundarentur
3287 1072 3412 1109 vasa
3452 1073 3606 1110 sacra

2030 1138 2160 1191 Deo.
2198 1139 2251 1191 ln
2290 1140 2565 1193 veteribus
2595 1142 2831 1196 decretis
2873 1143 3183 1198 invenimus
3234 1146 3379 1214 quod
3414 1146 3631 1215 Magna

2028 1231 2257 1283 ecclesia
2304 1231 2555 1285 habuerit
2617 1235 2933 1301 amphoram
2971 1235 3053 1289 vel
3104 1245 3311 1290 tantum
3356 1228 3611 1292 labellum

2029 1321 2318 1376 minimum
2351 1320 2421 1378 ad
2449 1322 2679 1376 lavanda
2715 1325 2765 1376 in
2814 1340 2950 1394 aqua
2985 1326 3163 1397 tepida
3205 1342 3332 1383 vasa
3356 1343 3535 1384 sacra.

2513 1719 2833 1786 QU/ESTIO
2878 1722 3139 1778 LXXXII.

2031 1879 2308 1946 Quomodo
2361 1890 2600 1955 oporteat
2660 1886 3051 1937 communicare
3100 1885 3361 1951 inﬁrmos,
3418 1887 3510 1955 qui
3558 1887 3615 1942 in

2304 1952 2497 2018 templo
2530 1964 2807 2019 prrrscutes
2843 1956 3025 2007 adesse
3056 1965 3334 2023 nequeunt.

2100 2066 2357 2120 Attendat
2398 2068 2586 2119 sedulo
2614 2068 2867 2120 sacerdos
2903 2068 3003 2137 ipsi
3044 2083 3164 2121 esse
3215 2071 3605 2124 reservandum

2034 2171 2099 2209 ex
2124 2157 2383 2209 omnibus
2404 2158 2686 2210 saeiiliciis
2716 2173 2932 2212 sacrum
2975 2158 3281 2231 depositum
3306 2177 3322 2227 ;
3352 2176 3624 2227 praestine-

2037 2247 2300 2301 tiﬁcatum
2332 2248 2541 2301 scilicet
2579 2264 2773 2317 panem
2808 2248 3177 2303 viviﬁcantem
3208 2258 3261 2303 et
3294 2266 3622 2304 sacrosanc-

2039 2348 2172 2401 tum,
2210 2339 2425 2391 unitmn
2475 2356 2601 2392 vere
2630 2350 2830 2393 sancto
2872 2340 3083 2394 Domini
3123 2343 3396 2410 sanguini,
3452 2359 3617 2411 quem

2039 2430 2235 2483 habeat
2268 2430 2321 2482 in
2356 2431 2555 2499 pyxide
2589 2431 2788 2483 munda
2824 2440 2877 2484 et
2916 2439 3033 2484 tuto
3071 2432 3301 2494 reclusa,
3354 2433 3625 2485 involuta-

2037 2536 2142 2589 que
2174 2521 2296 2574 velo
2348 2522 2707 2575 mundissimo
2738 2530 2791 2575 et
2823 2524 3067 2591 pretioso
3100 2540 3114 2577 :
3156 2524 3241 2577 hic
3287 2524 3446 2593 panis
3481 2525 3629 2576 enim

2038 2623 2120 2666 est
2153 2613 2558 2665 sanctissimum
2594 2630 2788 2682 corpus
2819 2625 2872 2669 et
2908 2616 3129 2684 sanguis
3170 2616 3405 2669 Domini.
3440 2615 3625 2669 Genu-

2040 2705 2239 2767 ﬁectat,
2292 2706 2570 2761 thuriﬁcet
2601 2717 2653 2760 et
2681 2708 2871 2760 adoret
2906 2709 3055 2761 omni
3089 2710 3414 2770 intentione,
3448 2716 3627 2762 teneat

2041 2800 2311 2852 clevalutn
2360 2810 2485 2852 ante
2531 2810 2775 2853 Sanctam
2842 2816 3111 2863 mensam,
3146 2814 3199 2855 et
3223 2803 3630 2871 circumspiciat

2042 2890 2329 2961 diligenter
2358 2908 2426 2945 ne
2454 2893 2581 2961 quid
2630 2892 2838 2945 incuria
2887 2909 2983 2947 sua
3032 2893 3121 2947 ﬁat
3170 2895 3623 2963 incongruentem

2044 2982 2179 3037 Cum
2215 2984 2376 3052 igitur
2412 2985 2604 3053 aliquis
2645 2984 2812 3038 fuerit
2866 3000 3019 3038 sacra
3056 2986 3446 3039 communione
3502 2987 3629 3038 reli-

2048 3076 2295 3139 ciendus,
2327 3079 2581 3132 sacerdos
2616 3094 2724 3131 non
2755 3088 2936 3133 sumat
2976 3088 3165 3131 sancta
3191 3089 3537 3132 sacramenta
3566 3080 3618 3130 in

366 3168 454 3217 καὶ
488 3165 835 3233 πορεύεσθαι,
898 3166 972 3227 ὣς
1037 3184 1181 3228 τινες
1221 3167 1315 3219 νῦν
1364 3172 1852 3239 καταφρονητικῶς
1906 3172 1936 3242 ἢ

2053 3171 2173 3225 sinu
2224 3181 2281 3224 ut
2345 3174 2503 3224 adeat
2549 3172 2848 3235 inﬁrmum,
2886 3176 3191 3241 utquidam
3240 3176 3630 3239 irreverenter,

368 3256 579 3324 ἆμελῶς
618 3256 650 3325 ἢ
684 3256 1084 3324 ἀσυλλογίστως
1132 3257 1403 3320 ποιοῦσιν,
1460 3260 1576 3311 ἀλλ’
1626 3260 1941 3329 ἑτοιμάζειν

362 3366 419 3401 εν
443 3350 518 3418 τῷ
554 3350 684 3418 ἱερῷ
713 3351 959 3419 ποτηρίῳ
989 3352 1088 3418 τὴν
1114 3350 1268 3402 θείαν
1308 3351 1503 3419 μερίδα
1542 3354 1599 3404 ὲν
1650 3355 1713 3420 τῇ
1761 3353 1941 3405 λαϐίδι

365 3445 502 3493 κατά
526 3444 624 3510 τὴν
650 3442 933 3511 πρόθεσιν,
971 3440 1048 3503 ὼς
1074 3441 1193 3503 ἔθος
1217 3437 1285 3509 ἦν
1324 3440 1584 3512 ἐξαρχῆς,
1634 3445 1729 3496 καὶ
1779 3446 1943 3514 ἡμεῖς

360 3534 665 3601 φθάσαντες
717 3534 951 3601 εἴδομεν,
1018 3534 1112 3586 καὶ
1170 3536 1587 3603 προηγουμένης
1638 3535 1939 3603 λαμπάδος,

363 3626 452 3676 τὸν
521 3625 671 3693 ἱερέα
728 3624 1082 3692 ἐνδεδυμένον
1144 3626 1575 3697 ἐπιτραχήλιον,
1633 3629 1942 3695 κρατοῦντα

365 3716 714 3784 πορεύεσθαι,
748 3718 837 3768 καὶ
866 3716 1009 3767 οὕτω
1055 3720 1192 3785 μετά
1256 3718 1315 3769 τὸ
1349 3720 1674 3786 κοινωνῆσαι
1722 3722 1813 3770 τὸν
1846 3721 1944 3789 dip-

373 3808 676 3861 θωστοῦντα
702 3809 1105 3878 ἐπανέρχεσθαι
1142 3810 1326 3867 πάλιν.
1363 3811 1472 3862 Καὶ
1494 3810 1652 3863 τοῦτο
1684 3815 1856 3863 ποιεῖν
1882 3812 1942 3864 οὐ

370 3906 487 3965 τοὺς
516 3904 816 3971 κοσμικοὺς
852 3906 1015 3971 ἱερξῖς
1059 3905 1241 3973 μόνον,
1293 3905 1430 3956 ἀλλά
1470 3908 1562 3957 καὶ
1602 3907 1727 3965 τοὺς
1774 3923 1941 3973 μονα-

382 3994 489 4061 ίοὺς
514 3997 569 4044 ὲν
598 3995 709 4055 ταῖς
746 3993 1152 4063 μοναστηρίοις,
1186 3993 1270 4045 ἵνα
1326 3996 1418 4045 καὶ
1450 3994 1628 4061 τίμιον
1660 3989 1719 4065 ᾗ,
1740 3996 1832 4046 καὶ
1864 3996 1944 4056 είς

372 4086 461 4154 τὴν
484 4084 576 4136 τοῦ
605 4086 842 4151 Χριστοῦ
872 4085 1052 4148 δόξαν,
1085 4087 1177 4137 καὶ
1207 4085 1362 4153 ἡμῶν
1396 4087 1475 4144 είς
1527 4088 1593 4139 τὰ
1622 4086 1740 4137 θεῖα
1785 4086 1945 4139 εὐλά-

361 4178 535 4239 ϐειαν,
567 4178 662 4229 καὶ
687 4179 761 4247 μή
790 4195 840 4229 τι
868 4178 974 4229 τῶν
996 4176 1352 4229 ἀπενκταίων
1388 4177 1655 4249 συμϐαίη,
1707 4180 1779 4240 ὡς
1806 4179 1944 4230 είδο-

365 4287 483 4338 μεν.
528 4270 934 4338 Ἀνεπιτηδείου
966 4270 1073 4337 γὰρ
1108 4271 1259 4330 ὖντος
1294 4269 1386 4320 τοῦ
1420 4272 1611 4338 τόπον,
1656 4272 1712 4321 ἐν
1743 4271 1820 4340 τῷ
1866 4271 1947 4338 ἐξ·

360 4364 515 4428 ἀγειν
547 4360 832 4430 βούλεσθαι
881 4362 977 4413 τοῦ
1015 4360 1217 4425 πυξίου
1252 4364 1351 4432 τὴν
1377 4364 1527 4415 θείαν
1562 4363 1777 4433 μερίδα,
1806 4380 1948 4431 συμ-

358 4455 558 4523 ϐέϐηκε
582 4454 843 4515 πολλάκις
867 4459 925 4507 τὸ
951 4455 1153 4523 φρίκης
1190 4457 1284 4507 καὶ⁵
1327 4455 1628 4522 καταδίκης
1672 4456 1844 4522 ἀξιον,
1871 4456 1946 4518 ὡς

358 4549 659 4619 ἐμάθομεν,
689 4547 913 4619 ῥιφῆναι
950 4548 1017 4598 τά
1044 4546 1237 4613 "Arta.
1279 4548 1439 4599 Ἀλλὰ
1487 4548 1579 4598 καὶ
1608 4548 1669 4599 τὸ
1695 4550 1949 4618 κατέχειν

356 4643 530 4694 ταῦτα
558 4642 615 4692 ὲν
653 4640 872 4701 κόλποις
912 4640 1004 4691 καὶ
1034 4637 1241 4690 ὁδεύειν
1285 4639 1317 4707 ἢ
1353 4636 1623 4706 καθῆσθαι
1660 4640 1759 4689 οὐκ
1787 4639 1949 4691 εὐλα-

358 4732 606 4795 ϐἐς.Καὶ
629 4732 714 4795 τίς
764 4732 923 4801 χρεία
950 4729 1109 4782 τοῦτο
1166 4731 1364 4794 ποιεῖν,
1425 4729 1748 4799 δυναμένοις
1804 4729 1951 4802 εὑρί-

362 4843 512 4877 σκειν
539 4829 598 4877 ὲν
633 4826 766 4876 πᾶσι
818 4824 967 4884 ναοῖς
995 4822 1103 4873 τῶν
1155 4822 1317 4875 θείων
1367 4823 1787 4891 φυλαττομένων
1850 4840 1950 4891 μυ-

361 4916 598 4985 στηρίων
623 4932 637 4981 ;
672 4914 871 4979 Διόπερ
895 4915 941 4965 εί
960 4912 1025 4967 δι’
1046 4913 1491 4983 αἰσχροκέρδειαν
1518 4916 1659 4966 ποιεῖ
1682 4930 1765 4976 τις
1782 4929 1949 4966 πνευ-

362 5008 591 5076 ματικὸς
616 5007 650 5077 ἢ
684 5008 861 5075 ἱερεὺς
883 5006 944 5058 τὸ
972 5006 1238 5070 τοιοῦτον,
1279 5004 1612 5074 ἁμαρτάνει,
1641 5008 1689 5058 εί
1739 5006 1814 5074 μή
1847 5023 1948 5058 που

362 5105 501 5156 κατά
537 5101 742 5169 πολλὴν
794 5100 877 5152 ὅτι
932 5100 1025 5151 καὶ
1074 5098 1338 5168 μεγίστην
1393 5098 1663 5167 ἀνάγκην,
1715 5099 1948 5167 ἐρημίας

360 5195 547 5261 οὔσης,
579 5193 675 5245 καὶ
709 5192 782 5261 μὴ
804 5191 1034 5244 δυνατοῦ
1067 5192 1216 5252 ὄντος
1241 5190 1335 5242 τοῦ
1370 5190 1468 5259 τὴν
1492 5189 1645 5255 τάξιν
1670 5189 1947 5256 γενέσθαι,

362 5287 393 5355 ἦ
435 5286 532 5336 ὲάν
594 5284 755 5353 μέσον
806 5284 1033 5335 ἐθνικῶν
1083 5281 1201 5333 ὲστί
1251 5298 1374 5343 τις,
1428 5281 1523 5332 καὶ
1563 5282 1947 5351 παρρησιάσα-

365 5381 489 5431 σθαι
515 5378 575 5429 οὐ
608 5378 853 5441 δύναται,
892 5377 1102 5445 μήποτέ
1134 5391 1216 5437 τις
1251 5375 1344 5426 καὶ
1374 5376 1567 5444 ἀτιμία
1600 5378 1819 5443 γένηται
1838 5376 1950 5437 τοῖς

372 5474 577 5540 ’Λγίοις
603 5488 617 5502 ⁸
648 5474 815 5541 χωρίς
848 5471 903 5523 δὲ
950 5469 1130 5533 τοῦτο,
1160 5470 1453 5533 ἀναγκαῖον
1484 5468 1543 5520 τὸ
1587 5468 1725 5537 μετά
1782 5470 1950 5537 τιμῆς

366 5566 713 5634 προπέμπειν
764 5563 829 5614 τὰ
877 5563 1062 5628 Ἅγια.
1135 5560 1241 5610 Καὶ
1302 5560 1402 5628 ὅρα
1462 5558 1558 5627 τὴν
1617 5558 1948 5626 Ἐκκλησίαν

376 5660 521 5710 εοῦτο
548 5657 636 5709 ἀεὶ
660 5655 921 5707 ποιοῦσαν
954 5659 1009 5706 έν
1041 5656 1159 5714 ταῖς
1189 5651 1288 5719 τῆς
1322 5652 1668 5721 λειτουργίας
1700 5652 1947 5715 είσόδοις,

441 5749 458 5800 l
486 5750 558 5818 μὴ
590 5746 807 5799 τελείων
830 5744 997 5796 ὅντων
1020 5744 1127 5795 τῶν
1155 5742 1313 5795 θείων
1340 5740 1547 5811 δώρων.

1880 5816 1911 5826 κ

2048 3262 2167 3316 sine
2202 3279 2330 3315 cura
2372 3264 2651 3335 dignitatis
2677 3274 2729 3317 et
2762 3264 3001 3320 absurde
3033 3266 3300 3330 lecertmt,
3335 3265 3429 3317 sed
3465 3264 3635 3332 parti-

2047 3352 2223 3405 culam
2270 3369 2478 3414 sacrant
2514 3356 2600 3423 pie
2657 3363 2887 3423 reponat
2937 3356 2991 3408 in
3047 3365 3236 3409 sancto
3268 3354 3453 3407 calice
3505 3368 3629 3405 eum

2047 3439 2270 3508 forcipe,
2302 3444 2443 3497 sicut
2496 3446 2662 3498 IllOl'lS
2704 3453 2788 3497 est
2837 3460 2865 3498 a
2906 3445 3203 3513 principio,
3237 3454 3291 3499 et
3326 3461 3425 3500 nos
3483 3444 3635 3513 prius

2048 3531 2307 3586 vidimus.
2366 3532 2633 3587 Sacerdos
2671 3534 2892 3588 indutus
2928 3536 3066 3589 stola
3107 3534 3454 3603 prmcedente
3488 3534 3626 3587 lam-

2046 3623 2186 3692 pade
2223 3632 2399 3691 potest
2440 3623 2725 3683 inci-dere.
2797 3626 2984 3696 sicque
3038 3626 3103 3679 ad
3138 3627 3415 3679 inﬁrmum
3476 3641 3633 3680 sacra

2047 3715 2431 3769 communione
2483 3717 2862 3771 rohorandum
2921 3718 3203 3772 accedere.
3263 3719 3329 3771 Et
3362 3720 3432 3772 ita
3472 3734 3633 3788 agere

2046 3810 2249 3863 debent
2276 3824 2381 3861 non
2418 3810 2592 3863 solum
2629 3811 2915 3864 saeculares
2948 3811 3287 3877 sacerdotes,
3321 3812 3413 3866 sed
3464 3812 3629 3865 etiam

2050 3903 2301 3958 monachi
2336 3902 2391 3956 in
2430 3902 2802 3964 monasteriis.
2841 3904 3064 3972 quibus,
3104 3904 3157 3957 in
3180 3904 3444 3958 honorem
3468 3902 3634 3958 Chri-

2049 3993 2117 4047 sti
2148 4002 2201 4046 et
2227 4002 2452 4061 pr0pter
2503 4006 2622 4044 eam
2675 4008 2781 4061 qua
2834 4002 3023 4046 sancta
3075 4000 3311 4047 tractare
3370 3994 3635 4047 debemus

2050 4087 2329 4155 pietatem,
2368 4083 2618 4137 habenda
2660 4093 2742 4139 est
2794 4084 2860 4137 ad
2914 4085 3018 4139 hoc
3063 4085 3299 4154 pretiosa
3348 4085 3633 4153 supellex;

2049 4187 2103 4231 et
2124 4177 2322 4245 quibus
2356 4175 2473 4245 pari
2514 4193 2643 4229 cura
2695 4177 2913 4231 vitanda
2949 4185 3073 4231 sunt
3116 4178 3481 4231 abominanda
3533 4178 3634 4230 ista

2051 4284 2171 4337 qum
2218 4268 2467 4322 accidere
2504 4270 2740 4322 vidimus
2777 4287 2790 4322 :
2835 4270 3161 4338 particulam
3192 4283 3400 4321 sacram
3449 4255 3636 4322 asser-

2050 4362 2163 4415 vari
2198 4361 2394 4415 inloco
2428 4360 2721 4423 indecenti,
2756 4370 2810 4414 et
2845 4376 2968 4415 cum
2994 4377 3111 4414 eam
3135 4376 3200 4413 ex
3237 4356 3433 4430 pyx‘ide
3465 4359 3637 4413 desu-

2055 4468 2202 4507 mere
2235 4454 2445 4516 volunt,
2476 4469 2619 4520 saepe
2662 4453 2781 4507 ﬁeri
2831 4463 2889 4506 ut
2919 4463 3106 4507 sancta
3143 4462 3333 4513 ruant,
3391 4460 3447 4505 ut
3483 4450 3638 4504 audi-

2055 4546 2256 4608 vimus,
2299 4545 2443 4615 quod
2475 4562 2607 4599 sane
2641 4547 2867 4599 horrore
2906 4546 3122 4611 plenum
3187 4554 3243 4599 et
3266 4545 3386 4598 diro
3426 4543 3639 4613 judicio

2054 4639 2301 4707 dignum.
2334 4637 2441 4692 Sed
2468 4648 2521 4692 et
2546 4638 2662 4691 haec
2688 4638 2885 4692 Sancta
2916 4638 3120 4692 habere
3142 4639 3193 4691 in
3221 4637 3343 4691 sinu
3376 4637 3639 4690 inceden-

2050 4731 2125 4785 'do
2177 4731 2263 4785 vel
2316 4731 2512 4786 stando
2562 4731 2789 4785 omnino
2824 4732 3104 4800 impium:
3159 4740 3213 4784 et
3239 4746 3360 4798 quae
3392 4729 3637 4797 alioquin

2056 4822 2266 4876 utilitas
2300 4837 2365 4876 ex
2406 4822 2511 4876 hoc
2563 4837 2686 4876 esse
2742 4830 2942 4889 potest,
3004 4836 3126 4874 cum
3186 4820 3398 4888 pOst-int
3453 4834 3639 4873 sacra-

2059 4923 2306 4969 mentttm
2347 4915 2590 4968 invenire
2645 4915 2699 4965 in
2749 4913 2945 4980 quovis
3006 4910 3207 4980 templo
3238 4908 3638 4966 asservatum?

2056 5008 2420 5073 Quamobrem
2468 5014 2656 5075 peccat
2715 5005 3011 5074 spiritualis
3048 5004 3210 5059 Pater
3246 5004 3326 5059 vel
3378 5004 3637 5059 sacerdos

2055 5102 2147 5170 qui
2195 5101 2298 5154 hoc
2363 5098 2536 5161 facit;
2618 5097 2725 5151 nisi
2804 5096 2945 5151 forte
3010 5097 3248 5151 maxima
3319 5096 3637 5164 impellatur

2054 5192 2402 5251 necessitate,
2446 5190 2499 5243 in
2554 5203 2740 5243 eremo
2775 5188 3004 5252 scilicet,
3051 5198 3105 5242 et
3159 5204 3264 5242 non
3298 5190 3472 5258 possit
3505 5204 3638 5241 nor-

2057 5300 2200 5337 mam
2265 5282 2418 5351 sequi
2480 5280 2873 5349 prazscriptam,
2908 5291 3004 5334 aut
3043 5281 3088 5333 si
3147 5280 3353 5335 habitet
3404 5281 3456 5334 in
3522 5296 3639 5335 me-

2053 5376 2144 5429 dio
2189 5375 2557 5437 ethnicorum,
2614 5386 2717 5426 nec
2745 5372 2917 5440 possit
2973 5372 3316 5427 conﬁdenter
3358 5383 3410 5427 et
3465 5372 3638 5427 libere

2054 5480 2235 5537 agere,
2271 5472 2556 5532 metusque
2574 5473 2660 5518 est
2690 5479 2756 5517 ne
2774 5463 3030 5531 quiddam
3063 5464 3417 5518 irreverentia
3455 5478 3638 5517 sacra-

2056 5558 2257 5611 mentis
2310 5555 2597 5620 inferatur,
2683 5555 2982 5621 prudenter
3014 5556 3231 5608 emittat
3264 5555 3578 5622 praescripta
3620 5571 3635 5608 :

2054 5654 2150 5705 sed
2178 5659 2331 5703 extra
2371 5648 2519 5703 hunc
2544 5664 2755 5711 casum,
2792 5648 3060 5715 frequenti
3095 5649 3355 5701 comitatu
3412 5655 3466 5699 et
3503 5661 3629 5700 cum

2063 5746 2270 5797 honore
2302 5741 2471 5795 multo
2503 5739 2819 5795 deducenda
2857 5747 2984 5793 sunt
3013 5748 3203 5794 sancta
3244 5738 3309 5791 ad
3363 5734 3632 5795 inﬁrmos.
