4118 6450
457 330 555 394 951

1233 325 1378 385 SYM
1390 321 1618 383 EONIS
1659 315 2110 380 THESSALON
2122 319 2417 380 [CENSIS
2471 318 2616 377 ΑΗΕ
2633 317 2685 377 Η
2699 318 2836 378 IEP.

3605 312 3711 374 9'2

457 443 866 500 Animadvertet
921 440 1081 494 etiam
1137 439 1281 507 quod
1336 454 1552 503 semper
1621 438 1701 491 sic
1755 437 1928 506 egerit
1970 447 2024 490 et
2057 436 2326 503 agendum
2359 445 2564 490 statuat
2610 434 2872 500 Ecclesia,
2925 446 3048 486 cum
3101 431 3169 486 ad
3204 430 3524 486 sacriﬁcium
3581 444 3706 496 pru-

460 537 694 601 ceditur,
737 544 791 588 et
823 549 944 586 eum
973 531 1112 586 dona
1150 531 1242 584 Dei
1275 539 1466 584 contra
1502 542 1755 583 normam
1799 527 2180 596 perﬁciuntur.

913 643 1240 711 QUASSTIO
1274 642 1558 696 LXXXIII.

459 765 516 821 Si
555 782 646 834 per
691 765 1000 817 oblivionem
1033 761 1321 834 sacerdotis
1359 757 2039 834 contingaticitionemsa-

531 827 906 888 c'ramentalem
944 848 1046 884 non
1097 833 1232 898 ﬁeri,
1281 839 1329 881 et
1377 843 1600 880 vacuum
1645 828 1734 882 ille
1779 827 2034 894 poculum

473 937 477 946 -
523 907 802 972 ,obtexerit,
834 903 958 972 quid
992 901 1333 969 faciendum?

533 997 591 1050 Si
643 995 844 1048 oblitus
901 993 1066 1046 fuerit
1100 992 1356 1046 sacerdos
1395 992 1499 1046 sub
1554 1000 1787 1059 utraque
1850 990 2036 1058 specie

405 1069 409 1078 ’
461 1105 632 1143 unum
687 1085 963 1140 conficere
1019 1085 1372 1148 saeriuctum,
1425 1092 1481 1137 et
1535 1098 1763 1136 vacuum
1816 1083 2041 1136 calicem

462 1178 826 1246 cooperncrit,
855 1185 907 1229 et
943 1175 1070 1228 huic
1097 1173 1358 1227 oblivioni
1392 1171 1685 1226 attenderit
1712 1172 1764 1225 in
1793 1171 2041 1235 introitu,

463 1269 646 1322 statim
679 1268 731 1320 in
765 1281 918 1320 sacra
959 1281 1148 1320 mensa
1199 1267 1358 1318 debet
1389 1264 1658 1317 unitatem
1689 1263 1930 1318 victimae
1974 1279 2039 1316 ex

462 1361 672 1413 duabus
693 1358 978 1428 speciebus
1001 1372 1300 1427 procurare
1327 1365 1380 1410 et
1405 1371 1596 1425 preces
1621 1353 2041 1425 praaparationis

462 1451 728 1520 proferre,
761 1461 815 1504 et
842 1455 922 1504 sic
973 1449 1302 1504 sacrificium
1334 1447 1654 1516 adimplehit
1681 1461 2042 1500 consumma-

465 1538 673 1604 bitquc.
713 1536 767 1590 Si
805 1551 934 1589 vero
965 1551 1076 1589 non
1127 1537 1594 1600 animadverterit,
1625 1545 1679 1590 et
1711 1536 2042 1590 sacriﬁcium

469 1627 725 1695 ignorans
766 1626 1077 1694 perfecerit,
1108 1636 1159 1680 et
1191 1627 1464 1682 defectum
1497 1629 1819 1698 cognoverit
1843 1629 2046 1682 solum-

470 1719 631 1772 modo
670 1733 795 1772 cum
829 1733 1050 1772 sumere
1079 1719 1282 1788 cogitat
1307 1730 1652 1774 consecratas
1679 1720 1912 1788 species,
1946 1720 2044 1773 de-

469 1811 558 1864 bet
603 1811 830 1865 alteram
866 1811 917 1864 in
956 1812 1218 1864 unitatem
1275 1812 1508 1866 victimae
1555 1827 1881 1866 consecrare
1923 1827 2048 1881 spe.

469 1905 628 1970 ciem,
693 1920 884 1974 preces
952 1905 1366 1973 przeparationis
1424 1905 1670 1974 proferre
1735 1916 1790 1959 et
1849 1919 2044 1959 omnes

2064 625 2120 684 A

2117 735 2120 738 I
2145 757 2284 811 Ἐὰν
2313 755 2472 824 λήθῃ
2511 754 2618 808 τοῦ
2646 754 2845 821 Ιερέως
2872 752 3137 824 συμϐαίη
3181 750 3277 824 μὴΔ
3303 749 3522 824 ἔνωσινς
3551 751 3710 816 τεν-ἑο

2678 637 3010 695 ΕΡΩΤΗΣΙΣ
3065 636 3187 689 ΠΡ.

2215 819 2389 947 agat,
2413 819 2778 892 animum
2812 819 2994 877 κενὸν
3027 822 3095 874 τὸ
3127 821 3435 889 ποτήριον,
3467 819 3521 870 τί
3549 834 3714 885 ποιη-

2218 915 2247 947 τ
2285 914 2357 947 ον
2387 912 2405 947 :

2218 912 2357 949 τεον
2385 912 2405 960 ;

2228 993 2356 1045 Ἐάν
2386 994 2452 1061 τῇ
2483 991 2622 1061 λήθῃ
2651 987 2747 1042 τοῦ
2783 988 2971 1059 ἱερέως
3004 986 3243 1056 συμόαίη
3279 985 3353 1055 μὴ
3406 984 3597 1037 ἕνωσιν
3624 1001 3716 1051 γε-

2146 1084 2356 1148 νέσθαι,
2378 1086 2484 1137 -καὶ
2513 1082 2731 1154 καλύψῃ
2754 1081 2910 1134 κενὸν
2936 1080 2996 1133 τὸ
3027 1077 3314 1148 ποτήριον,
3343 1079 3391 1129 εἰ
3424 1075 3522 1145 μὲν
3550 1075 3608 1126 ὲν
3647 1079 3713 1144 τῇ

2147 1177 2340 1245 εἰσόδῳ
2365 1175 2500 1244 γνῷ,
2527 1174 2690 1237 εὐθὺς
2727 1176 2784 1226 ὲν
2825 1174 2892 1241 τῇ
2943 1170 3064 1240 θείᾳ
3093 1169 3341 1242 τραπέζῃ
3389 1168 3488 1237 τὴν
3526 1168 3718 1220 ἕνωσιν

2146 1269 2353 1339 ὀφείλει
2380 1267 2631 1336 ποιῆσαι,
2661 1266 2755 1319 καὶ
2777 1266 2876 1333 τὴν
2923 1265 3091 1334 εὐχὴν
3141 1264 3316 1316 εἰπεῖν
3375 1261 3472 1330 τῆς
3524 1260 3720 1330 προθέι

2147 1377 2307 1426 σεως,
2337 1360 2430 1412 καὶ
2459 1357 2601 1412 οῦτω
2623 1359 2691 1409 τὰ
2721 1355 2818 1424 τῆς
2849 1353 3194 1424 λειτουργίας
3222 1351 3462 1405 τελέσαι.
3497 1350 3560 1404 Εἰ
3590 1349 3633 1402 δ’
3658 1350 3718 1402 οῦ

2148 1440 2442 1523 προσέσχε,
2473 1453 2568 1504 καὶ
2601 1452 2670 1501 τὰ
2714 1450 2814 1516 τῆς
2854 1445 3200 1512 λειτουργίας
3250 1443 3618 1506 ἐκτετέλεκεν,
3663 1443 3722 1493 ἐν

2147 1545 2204 1597 δὲ
2227 1543 2304 1612 τῷ
2341 1542 2559 1613 μέλλειν
2593 1539 2920 1611 μεταλαῦεῖν
2946 1537 3106 1590 τοῦτο
3166 1537 3326 1605 ἔγνω,
3387 1534 3591 1601 ὀφείλει
3623 1531 3720 1602 τὴν

2148 1639 2344 1691 ἕνωσιν
2382 1637 2628 1704 ποιῆσαι,
2672 1633 2768 1684 καὶ
2801 1631 2900 1700 τὴν
2953 1631 3118 1700 εὐχὴν
3154 1631 3331 1681 εἰπεῖν
3375 1628 3474 1690 τῆς
3527 1625 3719 1697 πφθέο

2153 1747 2312 1792 σεως,
2368 1729 2459 1782 κα)⁵
2503 1727 2562 1791 ἐξ
2609 1727 2783 1796 ἀρχῆς
2836 1723 2998 1777 πάλιν
3039 1724 3137 1786 τὰς
3187 1721 3296 1775 ἀπὸ
3342 1722 3438 1789 τῆς
3483 1721 3720 1789 μεγάλης

2149 1821 2360 1875 εἰσόδου
2412 1820 2580 1888 εὐχὰς
2638 1820 2837 1883 εἰπεῖν,
2899 1815 2996 1869 καὶ
3055 1816 3113 1868 ἐν
3171 1817 3234 1884 τῇ
3297 1812 3585 1881 ἐπικλήσει
3629 1811 3720 1864 τοῦ

2156 1913 2493 1981 ΙΙνεύματος,
2521 1911 2683 1980 μόνον
2709 1909 2768 1962 τὸ
2815 1909 3076 1977 ποτήριον
3117 1904 3439 1975 σφραγίσαι,
3504 1905 3596 1958 καὶ
3652 1905 3720 1956 τὰ

468 1998 598 2049 alias
627 2013 688 2050 ex
717 1996 912 2049 ordine
950 1997 1131 2050 dicere
1165 2013 1352 2065 preces
1397 1997 1465 2050 ab
1498 1998 1726 2049 introitu
1785 1997 2043 2060 solemni,

2159 2006 2278 2073 ἑξῆς
2311 2004 2553 2067 τελέσαι,
2590 2003 2685 2055 καὶ
2716 2003 2837 2054 τότε
2871 2001 3184 2070 μετασχεῖν.
3242 1996 3427 2060 Οῦτως
3455 1995 3563 2065 ἐγὼ
3593 2000 3720 2066 περὶ

469 2098 522 2141 et
548 2097 678 2140 tunc
744 2087 1095 2140 solummodo
1127 2089 1409 2155 cooperire
1433 2088 1584 2156 quasi
1616 2087 1796 2157 sigillo
1821 2089 2048 2142 calicem

471 2197 568 2249 per
615 2179 1019 2231 invocationem
1055 2178 1228 2231 sancti
1287 2179 1552 2246 Spiritus,
1602 2190 1657 2234 et
1682 2181 1754 2234 ita
1810 2197 2049 2236 sumere.

470 2276 548 2327 Ita
610 2273 712 2325 hoc
781 2272 979 2339 Opinor
1041 2285 1141 2339 ego
1203 2271 1478 2324 sacerdoti
1514 2272 1781 2340 agendum
1824 2290 1965 2336 esse,
2006 2275 2051 2328 si

472 2364 631 2417 modo
666 2365 944 2432 sapienter
973 2363 1178 2416 dictum
1221 2362 1492 2416 senserint
1521 2365 1612 2417 alii
1655 2365 1858 2419 Christi
1912 2382 2049 2436 pan—

472 2458 665 2523 tiﬁces,
705 2466 762 2511 et
812 2456 1112 2526 praesertim
1148 2471 1338 2525 magna
1389 2457 1647 2526 synodus.
1700 2457 1937 2515 Evidens
1974 2462 2054 2512 in-

471 2559 618 2603 terea
659 2549 870 2602 videtur
913 2563 1020 2600 non
1059 2560 1216 2616 posse
1251 2548 1567 2602 consecrari
1609 2549 1936 2614 completum
1967 2565 2052 2602 sa-

482 2640 749 2694 criﬁcium
799 2642 864 2693 ad
923 2641 1068 2708 quod
1139 2656 1244 2693 non
1309 2639 1578 2694 accedunt
1633 2655 1843 2715 preces,
1911 2642 2054 2709 quod

477 2749 586 2787 non
644 2735 887 2802 signatur
937 2733 1116 2801 sigillo
1148 2743 1200 2787 et
1229 2733 1577 2787 invocatione
1604 2735 1777 2786 sancti
1814 2732 2053 2800 Spiritus

479 2834 537 2878 ut
563 2825 616 2878 in
649 2828 966 2894 sanguinem
999 2825 1238 2879 divinum
1269 2824 1469 2879 Christi
1499 2833 1915 2891 transmutetur,
1957 2839 2055 2878 nec

2153 2094 2346 2148 τούτου
2377 2094 2664 2164 λογίζομαι
2693 2094 2901 2147 δίκαιον
2933 2086 3072 2145 εἶναι
3116 2091 3342 2160 ποιῆσαι
3397 2089 3486 2142 τὸν
3550 2089 3717 2156 ἱερέα.

2158 2188 2272 2254 είγε
2305 2187 2398 2239 καὶ
2427 2186 2610 2247 ἄλλοις
2644 2186 2787 2248 δόξει
2819 2185 2978 2238 τοῦτο
3000 2183 3108 2236 τῶν
3141 2181 3442 2253 ἀρχιερέων
3487 2179 3721 2249 Χριστοῦ

2160 2280 2438 2350 ἁρμόδιον,
2490 2279 2586 2330 καὶ
2621 2278 2854 2348 μάλιστα
2905 2279 2973 2346 τῇ
3030 2275 3241 2345 μεγάλῃ
3297 2274 3523 2343 συνόδῳ.
3574 2274 3726 2338 Ἐπεὶ

2160 2370 2258 2420 οῦκ
2287 2367 2351 2422 ἂν
2379 2367 2464 2440 εἴη
2501 2369 2886 2437 τετελεσμένον
2907 2370 2965 2420 το
2996 2367 3071 2436 μὴ
3092 2365 3382 2434 δεξάμενον
3412 2367 3506 2427 τὰς
3540 2364 3726 2433 εὐχὰς.

2165 2460 2299 2529 μηδὲ
2327 2460 2416 2514 διὰ
2438 2461 2534 2530 τῆς
2565 2461 2862 2530 σφραγίδος
2894 2461 2987 2512 καὶ
3032 2460 3374 2528 ἐπικλήσεως
3426 2457 3520 2511 τοῦ
3562 2457 3725 2509 Πηλεύ-

2156 2556 2236 2616 εἱς
2261 2553 2322 2606 τὸ
2379 2554 2521 2606 θεῖον
2576 2547 2720 2622 αἷμα
2773 2551 3133 2622 μεταδληθέν,
3172 2552 3247 2619 μὴ
3285 2549 3503 2618 εὑρεθὲν
3552 2550 3728 2601 ἐκεῖσε

2154 2646 2298 2700 τότε.
2327 2646 2400 2698 Τὸ
2427 2645 2535 2714 γὰρ
2566 2645 3012 2715 ίερουργηθῆναι,
3032 2643 3121 2695 διὰ
3155 2642 3252 2695 τοῦ
3284 2641 3607 2712 προκεῖσθαι
3637 2641 3730 2693 καὶ

2153 2737 2253 2797 τὰς
2283 2737 2446 2806 εὐχὰς
2474 2735 2623 2806 παρὰ
2647 2736 2742 2788 τοῦ
2785 2736 2976 2805 ἱερέως
3013 2734 3109 2789 καὶ
3134 2734 3232 2804 τὴν
3281 2732 3554 2802 σφραγῖδα
3579 2731 3728 2798 δέξα-

2159 2827 2283 2881 σθαι
2314 2827 2545 2895 γίνεται.

475 2919 597 2972 ideo
627 2929 953 2987 praesentem
986 2917 1038 2970 in
1077 2917 1234 2971 altari
1301 2927 1589 2971 monstrat.
1635 2915 1764 2969 Tria
1805 2919 1950 2972 enim
1985 2928 2115 2973 sunt
2142 2920 2208 2974 ad
2271 2921 2599 2974 sacriﬁcium
2653 2921 3035 2990 complendum
3103 2918 3412 2974 necessaria
3449 2935 3464 2972 :
3521 2932 3724 2988 praepa-

478 3012 617 3064 ratio
665 3019 722 3064 et
754 3010 954 3066 oblatio
983 3011 1402 3076 elementorum,
1451 3011 1517 3064 ad
1549 3026 1672 3079 qua:
1730 3013 1996 3066 accedunt
2030 3027 2219 3081 preces
2244 3013 2546 3069 sacerdotis
2597 3023 2652 3068 et
2709 3013 3051 3068 consecratio
3111 3011 3455 3082 sigillumque
3497 3009 3735 3080 Spiritus

477 3103 678 3158 sancﬁ.

547 3199 657 3253 Has
688 3199 1096 3267 promptissime
1139 3207 1195 3253 et
1246 3201 1529 3267 synoptice
1573 3199 1877 3254 secundum
1931 3212 2052 3252 eam

475 3308 597 3360 niue
631 3293 685 3345 in
716 3291 876 3346 nobis
901 3301 984 3346 est
1020 3290 1332 3345 facultatem
1367 3294 1764 3360 quaestionibus
1800 3293 2051 3363 proposi-

2233 3198 2450 3262 Ταύτας
2482 3197 2787 3269 προχείρως
2818 3200 2913 3250 καὶ
2934 3199 2990 3250 ἐν
3025 3198 3247 3268 συνόψει
3275 3199 3416 3253 κατὰ
3441 3198 3540 3268 τὴν
3582 3197 3735 3253 ἐνοῦο

2163 3307 2261 3344 σαν
2290 3292 2421 3359 ἡμῖν
2445 3288 2675 3359 δύναμιν
2702 3289 2839 3360 πρὸς
2868 3291 2966 3352 τὰς
2989 3290 3288 3360 ἐρωτήσεις
3342 3290 3440 3353 τὰς
3497 3292 3733 3360 ἀποκρί-

477 3385 546 3436 tis
567 3383 853 3437 retulimus
879 3382 1285 3452 responsiones,
1314 3384 1552 3452 impares
1580 3386 1807 3440 omnino
1839 3385 2054 3438 minus-

2165 3399 2276 3444 σεις
2299 3382 2696 3450 ἐποιησάμεθα,
2729 3381 2826 3450 οὐχ
2860 3382 3051 3445 ἱκανὰς
3083 3381 3395 3451 νομίζοντες
3420 3379 3577 3448 εἶναι,
3597 3383 3736 3439 ἀλλὰ

476 3497 584 3551 que
612 3482 837 3534 idoneas
866 3481 1127 3543 scientes,
1146 3481 1238 3536 sed
1267 3481 1334 3536 ad
1361 3497 1676 3536 mensuram
1727 3482 2058 3552 attingentes

477 3573 846 3639 intelligentiae
888 3582 1091 3627 nostra:
1142 3573 1195 3626 in
1243 3571 1463 3628 Christo
1521 3582 1599 3637 et,
1639 3582 1701 3627 ut
1753 3573 2058 3638 aiebamus,

477 3663 730 3716 meritum
774 3661 965 3717 saltem
996 3661 1321 3717 obedientiae
1373 3671 1424 3716 et
1456 3658 1738 3717 eharitatis
1769 3662 2060 3718 habentes.

476 3753 870 3808 Perfectiorem
925 3768 1058 3808 sane
1101 3753 1299 3806 horum
1375 3762 1430 3807 et
1484 3753 1743 3806 similium
1809 3753 2059 3808 notitiam

475 3845 666 3909 habes.
687 3857 748 3900 ut
773 3860 960 3899 verum
987 3847 1190 3908 dicam,
1215 3844 1356 3914 apud
1378 3846 1723 3914 temetipsum
1747 3846 1832 3900 vel
1855 3861 1920 3900 ex
1956 3846 2063 3900 fra—

480 3936 658 3990 tribus
689 3945 870 3990 mente
918 3936 1099 3990 al'tiori
1131 3945 1188 3991 et
1221 3939 1412 4006 majori
1445 3940 1742 3993 sanctitate
1795 3941 2060 4008 praeditis,

478 4034 571 4102 qui
595 4041 650 4085 et
677 4032 901 4083 Patrum
939 4028 1232 4082 medullam
1264 4028 1521 4083 subtilius
1569 4030 1801 4084 scrutati
1834 4041 1984 4088 sunt.
2017 4035 2062 4086 A

479 4135 810 4191 quocunque
827 4134 954 4189 ergo
983 4134 1168 4197 eorum
1193 4117 1499 4173 sciscitatus
1527 4116 1850 4184 ἴασι-ξομιοη
1868 4122 2063 4176 desunt

481 4215 627 4268 enim
681 4214 773 4283 qui
823 4213 990 4266 Deum
1041 4210 1290 4282 diligunt,
1348 4211 1627 4280 puriorem
1680 4227 1777 4281 per
1825 4215 2061 4283 teipsum

491 4306 725 4375 accipies
748 4308 935 4358 horum
969 4311 1023 4357 et
1055 4303 1392 4357 subtiliorem
1424 4301 1868 4372 intelligentiam.
1895 4303 2064 4358 Nobis

486 4411 670 4452 autem
717 4395 928 4449 dederit
956 4392 1101 4448 Deus
1124 4393 1322 4448 vestris
1365 4391 1566 4446 sanctis
1599 4393 1853 4461 precibus
1882 4409 1912 4447 a
1941 4409 2064 4462 pas-

485 4490 733 4544 sionibus
761 4488 993 4556 expiari,
1049 4486 1332 4554 pul’sisque
1383 4486 1619 4541 terrenis
1675 4484 1877 4555 quibus
1908 4501 2062 4541 mens

486 4577 790 4630 omtnditur
843 4575 1103 4637 tenebris,
1145 4574 1311 4627 etiam
1362 4574 1639 4642 paululum
1675 4575 1970 4629 illuminari
2007 4585 2067 4630 ut

487 4669 788 4738 cogitemus
837 4677 894 4718 ut
953 4681 1051 4736 par
1105 4674 1192 4720 est
1246 4665 1313 4719 de
1360 4674 1544 4720 nostra
1601 4668 1798 4731 salute,
1855 4680 1911 4722 et
1945 4681 2145 4759 tan-D

485 4761 609 4814 dem
665 4758 898 4812 feliciter
929 4757 1203 4812 salvemur
1259 4756 1636 4810 misericordia
1691 4757 1889 4812 Christi
1955 4757 2070 4812 Sal-

489 4851 692 4904 vatoris
749 4853 919 4902 nostri
993 4855 1050 4903 et
1081 4849 1190 4902 veri
1255 4846 1502 4900 luminis.
1538 4846 1886 4902 Inveniamus
1939 4864 2068 4916 ergo

491 4955 767 5012 postremo
793 4952 1036 4995 nostram
1090 4939 1322 4994 salutem
1381 4938 1638 5007 precibus
1671 4938 1915 4990 omnium
1956 4937 2067 4993 I'ra-

491 5046 654 5097 trum,
703 5031 947 5084 omniuut
986 5036 1302 5084 sanctorum
1351 5034 1406 5079 et
1456 5036 1817 5081 sacrosanctae
1853 5044 2065 5096 semper

491 5121 728 5190 Virginis
757 5106 1175 5181 intercessione,
1209 5117 1563 5170 miseratione
1587 5127 1643 5171 et
1671 5134 1851 5173 amore
1875 5119 2064 5174 Domi-

493 5215 544 5266 nl
576 5211 750 5264 nostri
781 5209 907 5263 .Iesu
931 5209 1158 5272 Christi,
1187 5207 1451 5276 unigeniti
1486 5206 1606 5262 Filii
1639 5208 1760 5274 Dei,
1792 5226 1913 5264 cum
1952 5228 2064 5281 quo

492 5303 604 5356 Deo
630 5301 776 5355 Patri
804 5311 858 5354 et
887 5301 1049 5354 simul
1072 5299 1276 5368 Spiritu
1311 5309 1503 5354 sancto
1534 5302 1607 5355 sit
1628 5303 1797 5371 gloi‘ia
1830 5321 1976 5359 nunc
2008 5315 2062 5359 et

492 5409 725 5462 semper,
753 5403 802 5447 et
829 5395 881 5445 in
914 5391 1108 5445 saecula
1145 5391 1491 5446 saeculorum.
1529 5394 1722 5449 Amen.

2164 3471 2394 3526 καθόσον
2433 3474 2596 3542 ἡμεῖς
2631 3474 2688 3525 ἐν
2719 3472 2942 3543 Χριστῷ
2974 3473 3339 3543 ἐξισχύσαμεν
3365 3476 3592 3542 γνῶναι,
3642 3479 3734 3528 καὶ

2162 3561 2261 3630 τῆς
2289 3562 2534 3630 ὑπακοῆς
2561 3562 2720 3632 χάριν
2749 3579 2808 3615 τε
2841 3563 2938 3616 καὶ
2975 3563 3221 3630 ἀγάπης,
3257 3565 3334 3627 ὡς
3381 3563 3610 3634 ἔφαμεν.
3668 3565 3734 3618 Ἦ

2163 3653 2475 3724 τελειοτέρα
2508 3653 2565 3706 δέ
2595 3654 2798 3722 γνῶσις
2823 3654 2934 3706 τῶν
2958 3655 3215 3709 τοιούτων
3248 3658 3339 3710 καὶ
3376 3659 3484 3711 τῶν
3510 3659 3730 3724 ὁμοίων,

2163 3743 2380 3813 άληθῶς
2408 3762 2552 3814 φημι
2586 3745 2740 3816 παρὰ
2769 3747 2876 3812 σοὶ,
2911 3747 3006 3799 καὶ
3042 3749 3174 3817 παρ’
3201 3747 3449 3817 ἀδελφοῖς
3479 3749 3734 3817 ὑψηλοτέ-

2167 3856 2281 3908 ροις
2323 3841 2412 3892 τὸν
2436 3843 2559 3894 νοῦν
2591 3844 2686 3894 καὶ
2709 3845 3138 3914 καθαρωτέροις,
3185 3844 3282 3897 καὶ
3331 3847 3453 3908 τοῖς.
3478 3845 3586 3899 τῶν
3621 3849 3731 3900 Πα-

2163 3935 2338 3998 τέρων
2364 3933 2688 4002 λεπτότερον
2718 3936 3104 3990 ἐπιϐάλλουσιν
3131 3951 3144 3965 ·
3168 3932 3249 3995 οἷς
3281 3939 3372 3990 καὶ
3395 3939 3738 4008 ἐντυγχάνων·

2167 4026 2248 4094 (οὐ
2279 4024 2387 4094 γάρ
2427 4025 2834 4080 ὲπιλελοίπασιν
2869 4030 2919 4081 οἱ
2961 4029 3105 4097 φίλοι
3127 4029 3287 4100 Θεοῦ)
3342 4031 3730 4101 καθαρωτέραν

2165 4116 2419 4186 εὑρήσεις
2446 4118 2554 4170 ἀπὸ
2583 4119 2780 4171 σαυτοῦ
2806 4137 2864 4172 τε
2893 4122 2990 4176 καὶ
3020 4123 3242 4177 ἐκείνων
3283 4126 3378 4178 καὶ
3405 4125 3731 4196 λεπτοτέραν

2167 4205 2268 4277 τὴν
2293 4206 2526 4260 ἔννοιαν.
2559 4208 2680 4278 Δῲη
2714 4208 2770 4261 δὲ
2800 4213 2894 4264 καὶ
2930 4213 3061 4282 ήμῖν
3087 4213 3220 4277 Θεὸς
3247 4214 3540 4286 ὑμετέραις
3565 4216 3736 4279 θείαις

2166 4299 2353 4367 εὐχαῖς
2377 4299 2486 4352 τῶν
2508 4316 2567 4352 τε
2603 4300 2792 4354 παθῶν
2820 4303 3184 4374 καθαρθῆναι,
3215 4307 3309 4358 καὶ
3354 4307 3451 4374 τῆς
3480 4305 3737 4374 θολούσης

2170 4392 2260 4442 τὸν
2285 4393 2410 4445 νοῦν
2444 4393 2743 4463 προσγείου
2770 4395 2973 4466 ταύτης
3023 4398 3362 4468 συγχύσεως,
3398 4401 3492 4452 καὶ
3548 4401 3739 4470 μικρὸν

2170 4484 2534 4555 φωτισθῆναι,
2573 4488 2668 4539 καί
2709 4504 2763 4540 τι
2794 4488 3081 4557 φροντίσαι
3113 4492 3242 4559 περὶ
3290 4491 3390 4559 τῆς
3441 4492 3600 4560 ἡμῶν
3634 4509 3738 4545 σω-

2169 4576 2407 4645 τηρίας,
2471 4578 2672 4646 μᾶλλον
2727 4578 2784 4633 δέ
2841 4581 3110 4650 σωθῆναι,
3164 4583 3305 4636 ὲλέει
3352 4584 3446 4638 τοῦ
3495 4587 3740 4657 Σωτῆρος

2173 4667 2330 4736 ήμῶν
2360 4667 2525 4738 370
2545 4670 2808 4740 Χριστοῦ,
2838 4670 2933 4725 τοῦ
2959 4673 3215 4743 ἀληθινοῦ
3261 4678 3458 4743 φωτός.
3498 4679 3610 4731 Καὶ
3654 4678 3742 4746 γέ-

2173 4775 2313 4810 νοιτο
2362 4762 2552 4814 τούτου
2599 4763 2750 4833 ἡμᾶς
2805 4764 3084 4834 ἐπιτυχεῖν
3131 4766 3226 4819 τοῦ
3281 4768 3518 4836 σωθῆναι
3561 4770 3743 4840 εὐχαῖς

2169 4853 2386 4907 πάντων
2408 4855 2517 4910 τῶν
2544 4852 2816 4927 ἀδελφῶν,
2847 4861 2942 4913 καὶ
2982 4861 3202 4916 πάντων
3243 4864 3354 4916 τῶν
3412 4865 3604 4932 ἁγίων,
3651 4869 3744 4919 καὶ

2166 4945 2266 5012 τῆς
2297 4947 2664 5018 ἁειπαρθένου
2695 4951 2791 5004 καὶ
2823 4952 3098 5021 παναγίας
3117 4953 3380 5008 Θεοτόκου
3409 4959 3744 5024 πρεσϐείαις,

2163 5039 2473 5108 οἱκτιρμοῐς
2505 5041 2598 5093 καὶ
2622 5042 3008 5115 φιλανθρωπίᾳ
3035 5047 3204 5101 αὑτοῦ
3227 5047 3324 5102 τοῦ
3356 5049 3566 5118 Κυρίου
3588 5050 3747 5120 ἡμῶν

2170 5129 2350 5197 Ἰησοῦ
2380 5132 2620 5201 Χριστοῦ
2651 5133 2744 5186 τοῦ
2777 5135 3104 5203 μονογενοῦς
3135 5137 3266 5192 Υίοῦ
3299 5140 3393 5192 τοῦ
3421 5139 3578 5204 Θεοῦ,
3628 5143 3748 5211 μεθ’

2172 5214 2232 5274 οὗ
2263 5221 2340 5292 τῷ
2369 5225 2543 5294 Πατρὶ
2581 5226 2615 5295 ή
2648 5225 2773 5290 δόξα
2815 5227 2930 5296 ἃμα
2977 5229 3054 5298 τῷ
3113 5231 3255 5300 ἁγίῳ
3310 5233 3606 5301 Πνεύματι,
3655 5233 3751 5289 νῦν

2173 5314 2266 5368 καὶ
2286 5315 2394 5383 ἀεὶ,
2423 5317 2520 5369 καὶ
2543 5319 2622 5381 εὶς
2653 5320 2778 5382 τοὺς
2810 5321 3012 5384 αἰῶνας
3043 5323 3152 5375 τῶν
3179 5323 3413 5378 αἰώνων.
3447 5327 3641 5396 ’Δμήν.
