4118 6446
383 386 489 450 9‘33

465 547 807 562 ...Ψ-ι..-

1698 378 1796 437 DE
1830 377 2335 439 SACERDOTIO.

534 526 3428 558 ΞΜ

3501 552 3651 565 ..η-,ρ-

1679 675 1909 762 ΤΟΥ
1984 675 2365 762 ΑΥΤΟΥ

1058 857 1589 1026 ΠΕΡΙ
1664 852 2965 1027 ΙΕΡΩΣΥΝΗΣ

930 1142 1221 1229 ΠΡΟΣ
1297 1140 1562 1230 ΤΙΝΑ
1634 1144 1865 1231 ΤΩΝ
1941 1140 2465 1229 ΕΥΛΑΒΩΝ
2538 1140 3105 1256 ΜΟΝΑΧΩΝ

1496 1306 1694 1361 ιΕΡΑΣ
1740 1304 2112 1359 AIAKONIAE
2156 1294 2583 1376 ιιΞιΩΜΕΝοΝ,

607 1420 691 1471 ΕΤ
698 1419 715 1473 1
749 1417 867 1473 ΚΑΙ
895 1417 1035 1474 ΤΟΥ
1063 1418 1453 1475 ΔΡΧΙΕΡΕΩΣ
1478 1423 1587 1476 ΕΙΣ
1614 1422 1754 1475 ΤοΝ
1791 1422 1928 1475 ΤΟΥ
1974 1422 2478 1477 ΠΡΕΣΒΥΤΕΡΟΥ
2526 1426 2937 1482 ΤΕΔΟΥΝΤΟΣ
2961 1428 3139 1482 ΤΟΤΕ
3170 1429 3474 1490 ΒΑΘΜΟΝ.

1764 1772 2304 1864 EJUSDEM

1244 1996 1501 2151 DE
1581 1995 2805 2156 SACERDOTIO

862 2260 1012 2349 AD
1107 2258 1583 2351 PIORUM
1667 2259 2524 2355 MONACHOBUM
2618 2267 3209 2372 QUEMDAM

1294 2449 1305 2460 ‘
1351 2439 1571 2497 SACRO
1650 2438 1929 2496 DIACONI
1966 2438 2286 2527 .MUNERE
2348 2441 2684 2501 ORNATUM

747 2585 883 2642 NEC
940 2581 1077 2642 NON
1140 2584 1228 2641 AB
1284 2585 1614 2642 EPISCOPO
1652 2584 1907 2640 DEINDE
1966 2582 2294 2639 EVECTUM
2337 2586 2433 2640 AD
2496 2584 2788 2644 GRADUM
2840 2587 3302 2649 'PRESBYTERI.

474 2886 561 2939 Ἐν
582 2885 801 2956 Χριστῷ
834 2900 929 2956 μοι
980 2887 1053 2954 ἀγ
1067 2868 1244 2956 απητὶ
1272 2888 1367 2941 καὶ
1388 2888 1725 2958 γνησιώτατε
1760 2891 1976 2959 ἀδελφέ.

2156 2893 2212 2947 1η
2243 2891 2463 2947 Christo
2484 2890 2681 2946 dilecte
2720 2887 2852 2943 mihi
2908 2897 2963 2943 et
3010 2887 3269 2942 ﬁdissime
3300 2888 3489 2952 frater,
3536 2890 3660 2944 om-

392 2979 490 3047 τὴν
547 2978 773 3047 ὀφειλὴν
811 2980 909 3046 τῆς
959 2978 1181 3048 ἀγάπης
1232 2981 1369 3032 πᾶσι
1418 2983 1559 3035 κατά
1608 2983 1705 3052 τὴν
1754 2986 1975 3049 ἐντολὴν

391 3070 725 3138 ὀφείλοντες,
787 3069 967 3138 πολλῷ
1022 3070 1225 3139 μᾶλλον
1258 3072 1464 3144 ταύτην
1506 3074 1798 3144 ὀφείλομεν
1864 3080 1976 3137 τοῖς

392 3164 638 3231 γνησίοις
675 3166 767 3216 καὶ
798 3165 909 3224 τοῖς
942 3162 1211 3229 φιλοῦσιν.
1272 3163 1335 3216 Ei
1392 3167 1501 3235 γὰρ
1546 3168 1639 3219 καὶ
1685 3166 1901 3239 ἀμερὴς
1946 3173 1975 3239 ἡ

398 3255 536 3307 κατὰ
566 3254 699 3305 Θεὸν
721 3255 911 3321 ἀγάπη
946 3255 1039 3307 καὶ
1077 3254 1246 3323 ἁπλῆ,
1291 3256 1387 3308 καὶ
1424 3256 1730 3320 ἀποικιλος,
1764 3260 1860 3311 καὶ
1880 3262 1979 3312 πᾶο

397 3363 481 3397 σιν
515 3347 643 3407 ἴσως
670 3346 996 3414 ὀφειλομένη
1022 3348 1164 3398 κατά
1191 3347 1283 3398 τὸν
1318 3347 1523 3401 τέλειον
1554 3348 1735 3415 λόγον,
1783 3351 1899 3403 ἀλλ’
1943 3356 1974 3419 ἡ

394 3437 721 3506 αὐτοαγάπη
752 3439 846 3490 καὶ
873 3439 1285 3508 αὐτοτελειότης
1318 3439 1552 3509 Ἰησοῦς,
1579 3440 1774 3495 ἑαυτὸν
1799 3443 1975 3506 διδοὺς

396 3530 585 3593 πᾶσιν,
619 3529 766 3597 ὅμως
799 3528 939 3581 κατὰ
984 3528 1083 3598 τὴν
1111 3530 1338 3599 γνώμην
1373 3532 1607 3584 ἑκάστου
1644 3532 1977 3603 φανεροῦται

393 3621 505 3682 τοῖς
537 3620 904 3689 βουλομένοις,
938 3618 1013 3683 ὡς
1060 3623 1151 3673 καὶ
1177 3624 1236 3673 τὸ
1267 3623 1382 3690 φῶς
1424 3624 1682 3691 αὐγάζων
1714 3625 1844 3690 ἴσως
1872 3628 1977 3679 πᾶ-

396 3730 480 3764 σιν
510 3716 537 3765 ὁ
560 3712 731 3783 ἥλιος,
764 3715 908 3766 κατὰ
937 3713 996 3765 τὸ
1038 3713 1216 3766 θέλειν
1241 3716 1373 3784 ὁρᾷν
1410 3716 1505 3769 καὶ
1533 3716 1593 3768 τὸ
1622 3716 1849 3771 δυνατὸν
1876 3719 1977 3789 τῆς

392 3806 657 3872 ὁράσεως,
686 3806 985 3875 καθορᾶται
1010 3808 1252 3875 ἑκάστῳ.
1286 3808 1450 3861 Ὅθεν
1475 3810 1567 3862 καί
1596 3828 1759 3881 φησιν
1814 3813 1977 3875 αὐτὸς

395 3898 687 3967 ὸΣὶωτήρ⁸
747 3917 765 3950 ι
820 3899 963 3966 Ἐγὼ
1010 3900 1135 3961 τοὺς
1187 3899 1286 3969 ἐμὲ
1338 3901 1630 3969 φιλοῦντας
1687 3904 1908 3970 ἀγαπῶ·
1955 3925 1973 3956 ι

393 3990 491 4059 οὐχ
527 3992 611 4042 ὅτι
646 3991 799 4053 τινας
856 3991 956 4060 μὲν
1005 3992 1172 4059 φιλεῖ,
1220 3991 1371 4055 τινὰς
1426 3993 1484 4045 δὲ
1541 3995 1603 4047 οὐ
1644 3996 1810 4065 φιλεῖ,
1860 3999 1976 4051 ἀλλ’

394 4082 585 4144 ἁπλῶς
620 4084 827 4151 πάντας
868 4083 945 4146 ὡς
971 4086 1299 4155 αὑτοαγάπη
1329 4084 1427 4150 ὢν,
1458 4088 1687 4154 ἀγαπῶν
1736 4091 1862 4153 τοὺς
1903 4093 1978 4161 μὴ

396 4172 758 4242 βουλομένους
786 4173 949 4226 αὑτὸν
970 4176 1191 4243 ἀγαπᾷν
1206 4176 1301 4227 καὶ
1319 4178 1769 4247 μακρυνομένους
1789 4180 1974 4245 αὑτοῦ,

2080 2984 2222 3037 cium
2257 2981 2540 3036 charitatis
2608 2989 2806 3034 nostrae
2852 2980 3001 3049 juxta
3032 2980 3346 3033 mandatum
3405 2979 3663 3032 omnibus

2079 3075 2363 3139 debentes,
2396 3072 2567 3126 multo
2592 3072 2765 3139 magis
2796 3071 2941 3123 illam
3002 3070 3248 3140 ingenuis
3296 3077 3351 3122 et
3384 3070 3660 3139 diligenti-

2080 3167 2181 3221 bus
2209 3166 2492 3220 debemus.
2536 3162 2645 3216 Etsi
2687 3161 2832 3215 enim
2877 3176 2997 3230 qua:
3045 3161 3342 3215 secundum
3380 3158 3547 3214 Deum
3580 3171 3665 3215 est

2081 3259 2319 3313 charitas
2382 3256 2636 3320 indivisa,
2667 3252 2897 3323 simplex
2923 3261 2975 3306 et
3007 3252 3291 3306 uniformis
3312 3255 3403 3317 sit,
3431 3262 3485 3306 et
3519 3252 3667 3307 illam

2080 3350 2338 3404 omnibus
2372 3348 2673 3401 debeamus
2722 3345 3024 3401 secundum
3072 3346 3204 3415 legis
3247 3344 3665 3411 perfectionem,

2081 3442 2146 3496 ad
2173 3442 2345 3495 instar
2371 3439 2586 3493 Domini
2606 3437 2760 3502 Jesu,
2795 3437 2885 3504 qui
2918 3445 3003 3490 est
3043 3437 3157 3507 ipsa
3190 3436 3433 3491 Charitas
3469 3446 3525 3490 et
3549 3438 3667 3505 ipsa

2082 3531 2345 3602 perfectio
2372 3541 2428 3585 et
2456 3544 2577 3584 sese
2605 3545 2703 3598 pro
2728 3528 2983 3583 omnibus
3018 3528 3192 3593 dedit,
3213 3527 3308 3581 sed
3350 3538 3528 3581 tamen
3558 3528 3668 3581 illis

2081 3625 2173 3694 qui
2199 3637 2322 3677 eum
2359 3622 2675 3676 desiderant
2718 3620 3027 3674 declaratur
3056 3619 3356 3673 secundum
3406 3621 3667 3674 intentio.

2081 3730 2207 3767 nem
2243 3712 2532 3780 cujusque.
2563 3710 2638 3764 Ita
2669 3720 2725 3763 et
2752 3710 2936 3763 lumen
2964 3708 3014 3761 in
3052 3708 3168 3763 sole
3194 3708 3385 3763 lucens
3409 3710 3665 3762 similiter

2081 3805 2356 3870 omnibus,
2393 3803 2459 3856 ah
2518 3815 2843 3870 uno1uoque
2877 3800 3118 3854 cernitur
3144 3801 3297 3869 juxta
3325 3800 3661 3854 voluntatem

2082 3895 2306 3950 videndi
2339 3902 2394 3948 et
2423 3893 2652 3948 visionis
2710 3893 3034 3962 potentiam.
3089 3893 3244 3948 Unde
3284 3900 3341 3947 et
3388 3892 3519 3946 dicit
3546 3893 3662 3962 ipse

2083 3987 2332 4043 Salvator
2390 4003 2405 4041 :
2474 4005 2491 4039 ι
2526 3987 2639 4056 Ego
2680 3985 2967 4057 diligentes
3016 4002 3103 4041 tne
3155 3985 3320 4055 diligo
3349 3985 3367 4015 ¹
3399 4002 3414 4038 :
3451 4004 3471 4036 ι
3546 4001 3663 4039 non

2083 4081 2228 4149 quod
2284 4081 2498 4149 aliquos
2554 4081 2774 4149 quidem
2829 4078 3019 4147 diligat
3080 4092 3133 4131 et
3215 4080 3477 4149 quosdam
3534 4078 3662 4131 odio
3724 4127 3732 4135 ,

2086 4174 2321 4239 habeat;
2377 4174 2473 4228 sed
2539 4188 2664 4226 cum
2715 4172 2787 4226 sit
2836 4171 3075 4225 charitas
3127 4169 3267 4239 ipsa,
3301 4184 3490 4225 omnes
3541 4169 3661 4223 dili-

393 4239 451 4317 οὺ
480 4239 817 4334 τυραννικῶς
843 4239 1162 4333 ἀναγκάζει.
1196 4239 1449 4339 Καὶ-γὰρ
1479 4239 1588 4323 οῦκ.
1630 4239 1844 4341 ἀναινρεί
1877 4239 1975 4341 τὴν

2084 4268 2181 4338 git,
2237 4274 2293 4320 et
2343 4281 2439 4321 eos
2486 4265 2581 4335 qui
2650 4280 2776 4319 eum
2856 4264 3051 4317 nolunt
3116 4278 3302 4316 amare
3355 4272 3409 4315 et
3462 4262 3553 4331 qui
3603 4277 3667 4316 se

393 4357 737 4423 προαιρεσιν,
770 4354 959 4425 ὥσπερ
994 4359 1087 4410 καὶ
1118 4361 1228 4421 τοῖς
1264 4359 1512 4429 φιλοῦσιν
1545 4362 1709 4415 αὐτὸν
1737 4363 1830 4415 καὶ
1882 4366 1973 4431 ὲγ-

394 4447 565 4513 γίζειν
604 4448 958 4501 ὲπιποθοῦσιν
988 4450 1179 4502 ἑαυτὸν
1211 4452 1332 4504 ὅλον
1356 4453 1606 4523 παρέχει,
1632 4455 1725 4506 καὶ
1756 4455 1822 4505 τὰ
1876 4454 1974 4521 τῆς

392 4541 614 4607 ἀγάπης
643 4540 1053 4611 αὐτοαγαθότης
1081 4539 1159 4595 ὢν
1187 4543 1550 4599 ἐπιδείκνυσι.
1593 4546 1705 4599 Καὶ
1741 4547 1770 4597 ὁ
1817 4546 1976 4601 Ἀπό-

394 4633 578 4695 στολος
602 4632 655 4684 δὲ
674 4633 785 4693 τοῖς
807 4634 1029 4695 οἰκείοις
1053 4633 1162 4703 πρὸ
1182 4635 1401 4689 πάντων
1419 4636 1516 4703 τὴν
1531 4638 1792 4706 πρόνοιαν
1812 4656 1977 4709 χορη-

394 4726 508 4790 γεῖν
535 4723 724 4790 ὲπιτρέ
738 4739 842 4788 πει,
860 4723 985 4785 τοὺς
1007 4724 1239 4786 οἰκείους
1262 4724 1438 4792 λέγων
1456 4729 1519 4796 τῇ
1538 4727 1859 4784 πίστει.Καὶ
1881 4731 1977 4782 αῦ-

392 4816 482 4877 τὺς
504 4815 680 4867 τοίνυν
698 4815 747 4866 εὶ
766 4816 858 4866 καὶ
879 4813 989 4867 τῶν
1007 4814 1307 4885 ἐλαχίστων
1337 4816 1747 4885 ἐλαχιστότατος
1772 4823 1975 4890 τυγχά-

392 4924 500 4960 νων
524 4907 664 4975 cipit,
696 4906 883 4969 πιστὸς
904 4904 948 4957 δ’
975 4906 1121 4974 ὅμως
1152 4905 1390 4975 Χριστοῦ
1426 4909 1483 4962 ἐν
1501 4908 1651 4978 αὐτῷ
1682 4914 1749 4981 τῇ
1782 4913 1972 4964 τούτου

396 5015 457 5051 τε
485 4998 771 5068 ἀντιλήψει
806 4998 986 5067 ἱερεὺς
1026 5000 1121 5050 καὶ
1143 4997 1327 5060 δοῦλος
1366 4999 1558 5065 αὑτοῦ,
1592 5003 1735 5054 κατὰ
1764 5005 1825 5055 τὺ
1855 5004 1972 5056 ένὸν

394 5090 542 5160 ἐμοὶ,
571 5090 818 5157 ἀνάγκην
848 5088 957 5159 ἔχω
988 5088 1097 5142 τῶν
1148 5089 1378 5143 ἐντολῶν
1416 5090 1582 5143 αὐτοῦ
1636 5095 1973 5165 μεμνῆσθαι,

397 5182 493 5233 καὶ
522 5180 620 5249 τῆς
661 5178 755 5231 τοῦ
788 5179 1087 5246 κεφαλαίου
1140 5180 1329 5233 πασῶν
1370 5181 1572 5250 μᾶλλον
1628 5184 1849 5255 ἀγάπης
1899 5186 1973 5250 ὡς

398 5273 648 5343 ὲφικτδν,
681 5273 769 5324 ἵνα
800 5272 940 5325 κατά
963 5274 1053 5325 τὸν
1083 5273 1444 5343 ἠγαπημένον
1496 5277 1645 5346 αὐτῷ
1702 5278 1973 5350 μαθητὴν,

394 5366 486 5414 καὶ
552 5362 786 5432 Χριστὸς
836 5362 998 5424 αὐτὸς
1046 5363 1132 5415 διὰ
1159 5363 1362 5433 ταύτης
1391 5368 1595 5437 μικράν
1625 5386 1745 5421 τινα
1790 5369 1977 5440 χώραν

394 5457 451 5507 ὲν
490 5455 614 5519 ἐμοὶ
661 5456 757 5510 καὶ
786 5453 952 5524 μονὴν
985 5454 1125 5523 ἔχων
1163 5456 1385 5527 εὑρεθῇ.
1429 5476 1448 5509 ι
1501 5458 1560 5511 Ὀ
1607 5462 1786 5529 μένων
1841 5464 1973 5531 γὰρ,

395 5549 580 5614 φησὶν,
603 5547 659 5597 ὲν
691 5549 755 5614 τῇ
790 5546 998 5617 ἀγάπῃ,
1032 5548 1088 5599 ἐν
1118 5546 1195 5618 τῷ
1250 5550 1371 5622 Θεῷ
1425 5552 1599 5621 μένει,
1655 5556 1743 5607 καὶ
1771 5559 1797 5608 ὁ
1841 5556 1971 5619 Θεὸς

396 5639 454 5689 ὲν
484 5638 653 5707 αὐτῷ.
700 5656 719 5689 ι
753 5638 952 5691 Λοιπὸν
1000 5641 1090 5693 καὶ
1126 5642 1287 5707 αὐτὸς
1343 5645 1550 5717 ταύτην
1583 5650 1769 5719 τηρεῖν
1818 5648 1969 5717 ὀφεί-

482 5817 498 5847 ¹
520 5818 679 5877 Prov.
715 5837 835 5890 vni,
882 5822 971 5877 l7.

2078 4368 2334 4412 avertunt
2369 4359 2436 4411 ab
2457 4371 2522 4410 eo
2568 4371 2679 4410 non
2728 4354 3009 4425 tyrannice
3065 4355 3241 4424 cogit;
3300 4354 3502 4407 etenim
3551 4367 3659 4405 neu

2078 4451 2256 4504 aufert
2285 4449 2594 4513 arbitrium,
2627 4448 2719 4502 sed
2746 4456 2908 4517 prout
2937 4447 3168 4517 diligunt
3193 4445 3343 4499 illum
3366 4453 3420 4498 et
3439 4444 3504 4498 ad
3535 4459 3663 4499 eum

2076 4543 2336 4597 accedere
2368 4541 2612 4605 student,
2651 4555 2710 4595 se
2741 4548 2912 4594 totum
2957 4540 3120 4594 tradit
3152 4548 3207 4593 et
3238 4539 3424 4605 donat,
3458 4546 3657 4593 etcum

2077 4635 2149 4689 sit
2190 4635 2559 4704 bonitasipsa,
2583 4632 2787 4686 amoris
2825 4633 3134 4687 testimonia
3170 4632 3392 4702 praebet.
3429 4631 3491 4685 [it
3514 4631 3659 4698 Apo-

2078 4727 2250 4781 stolus
2281 4725 2596 4781 domesticis
2620 4734 2747 4779 ante
2762 4740 2954 4779 omnes
2974 4724 3194 4779 mandat
3224 4738 3346 4778 esse
3370 4722 3661 4790 providen-

2077 4818 2229 4885 dum,
2286 4818 2615 4873 domesticos
2672 4832 2870 4871 vocans
2925 4815 3170 4884 ejusdem
3223 4814 3345 4867 ﬁdei
3402 4813 3654 4868 famulos.

2079 4910 2191 4980 Ego
2223 4909 2417 4980 igitur,
2442 4908 2692 4978 quamvis
2733 4908 2869 4960 forte
2896 4906 3153 4960 minimus
3187 4905 3291 4958 sim
3327 4905 3467 4958 inter
3498 4905 3662 4957 mini-

2080 5020 2223 5065 mos,
2257 5004 2432 5059 ﬁdelis
2476 5012 2656 5056 tamen
2707 5015 2825 5054 sum
2860 4997 3083 5062 Christi,
3120 4999 3177 5050 in
3224 4998 3340 5066 ipsa
3388 4996 3506 5064 ejus
3536 5014 3656 5051 sus-

2080 5101 2331 5167 ceptione
2363 5109 2417 5151 et
2472 5095 2675 5149 auxilio
2714 5093 2969 5149 sacerdos
3013 5095 3132 5163 ejus
3166 5102 3221 5148 et
3246 5109 3458 5158 servus,
3487 5109 3660 5162 quan-

2080 5200 2193 5244 tum
2226 5190 2282 5243 in
2321 5203 2406 5242 me
2433 5199 2537 5254 est,
2576 5201 2805 5240 necesse
2836 5185 3009 5239 habeo
3064 5186 3382 5241 meminisse
3433 5186 3656 5239 manda-

2082 5293 2259 5336 torum
2289 5282 2427 5351 ejus,
2458 5279 2691 5332 maxime
2741 5277 3047 5341 charitatis,
3081 5290 3201 5346 qua:
3229 5276 3470 5330 omnium
3497 5286 3661 5343 caput

2084 5384 2186 5438 est,
2212 5389 2311 5443 pro
2335 5372 2544 5427 viribus
2572 5370 2726 5433 meis,
2756 5379 2817 5424 ut
2839 5370 3135 5424 secundum
3182 5367 3506 5437 discipulum
3553 5367 3661 5437 ipsi

2081 5464 2616 5531 dilectumﬁhristus
2636 5463 2689 5515 in
2711 5477 2797 5517 me
2814 5462 2928 5531 ipse
2943 5460 3090 5516 solus
3104 5476 3325 5531 parvam
3346 5458 3659 5513 inveniatur

2081 5560 2292 5614 habens
2325 5556 2618 5625 quamdam
2654 5556 3032 5618 mansionem;
3059 5550 3659 5609 dicit-enimJoannes.:

2087 5671 2102 5703 ι
2148 5650 2248 5717 Qui
2285 5659 2468 5704 manet
2510 5651 2564 5706 in
2596 5648 2858 5703 charitate
2889 5646 2943 5700 in
2974 5646 3084 5701 Deo
3113 5650 3391 5709 manet,et
3434 5642 3575 5695 Deus
3603 5639 3663 5693 in
