4118 6442
462 301 572 366 955

1320 302 1701 367 SYMEONIS
1734 293 2494 362 THESSALONICENSIS
2539 297 2900 366 ABCHlEP.

3644 305 3753 364 9:35

464 414 597 468 co‘.
640 429 659 464 ι
721 404 1037 476 Caeterum,
1106 424 1233 468 cum
1298 412 1417 480 ipsc
1471 412 1620 467 illam
1673 411 1899 466 debeam
1935 422 2057 464 ser-

2165 404 2295 472 λων,
2329 409 2425 460 καὶ
2466 407 2744 463 δεικνύναι
2781 411 2915 463 πᾶσι
2958 412 3097 467 κατὰ
3140 412 3230 466 τδν
3280 413 3429 483 ὅρον,
3461 414 3557 469 καὶ
3603 420 3755 486 μαλι-

458 518 595 579 ‘vare
643 511 720 571 et,
769 503 1095 581 secundum
1135 515 1466 575 praeceptum
1493 542 1509 567 ,
1566 504 1822 558 omnibus
1868 512 2056 555 osten-

467 597 621 663 dere,
681 596 775 650 sed
817 595 989 667 magis
1044 595 1125 650 eis
1165 596 1259 665 qui
1303 611 1392 651 me
1431 591 1689 666 diligunt,
1740 603 1792 655 te
1841 594 2054 648 habens

464 689 608 744 inter
648 690 1137 756 conjunctissimos
1182 699 1239 747 ct
1303 690 1440 745 mihi
1499 690 1888 754 amicissimos,
1955 686 2052 741 tibi

463 793 519 835 et
566 781 938 835 sincerissime
995 798 1143 837 nunc
1197 784 1521 839 charitatetn
1579 781 1875 837 ostendere
1927 793 2053 849 ges-

464 873 563 926 tio.
589 873 709 926 Non
733 874 1134 930 exhortationis
1156 874 1391 929 formam
1431 874 1521 928 hic
1552 888 1771 939 sequar,
1805 871 1900 926 sed
1940 879 2053 924 tra-

462 966 585 1019 dam
619 966 773 1034 quasi
811 969 1128 1022 memoriale
1151 967 1379 1022 verbum
1413 976 1467 1022 et
1507 966 1754 1020 notitiam
1796 962 2056 1018 brevissi-

464 1073 609 1111 mam
661 1060 783 1128 ejus
830 1076 990 1129 quem
1044 1069 1401 1130 suscepturus
1440 1074 1499 1114 es
1553 1058 1898 1119 diaconatus,
1959 1070 2056 1125 per

463 1149 607 1218 quod
643 1150 742 1205 tibi
799 1153 1051 1207 assistam
1075 1194 1092 1218 ,
1123 1154 1278 1221 quasi
1307 1162 1436 1205 ante
1470 1160 1519 1205 te
1556 1151 1658 1204 hoc
1687 1148 2053 1203 ministerium

467 1244 782 1311 ingressus,
811 1255 867 1302 et
924 1245 1184 1300 sacerdos
1233 1243 1438 1301 Christi
1489 1245 1666 1299 factus
1692 1253 1746 1298 et
1800 1240 2061 1296 minister

464 1337 848 1408 mysteriorum
898 1338 1039 1410 ejus,
1107 1337 1200 1409 qui
1256 1353 1343 1392 me
1400 1336 1612 1391 inﬁnita
1663 1351 1763 1392 sua
1813 1335 2057 1393 bonitate

467 1431 725 1483 maximis
758 1440 812 1482 ct
839 1429 1040 1484 divinis
1068 1429 1325 1507 dignatus
1354 1438 1443 1483 est
1467 1427 1652 1483 bonis.

536 1520 674 1575 Ecce
702 1521 890 1591 igitur,
922 1521 1270 1587 charissime,
1319 1520 1521 1591 dignus
1591 1520 1813 1577 habitus
1859 1535 1920 1575 es
1960 1520 2055 1591 qui

462 1613 718 1667 minister
754 1614 915 1667 lieres
952 1611 1152 1667 Christi
1205 1612 1549 1668 etdiaconus
1591 1612 1714 1682 ejus
1754 1621 1811 1669 et
1845 1614 2050 1680 socius,

461 1714 519 1759 et
572 1706 843 1774 interpres
879 1704 1267 1775 mysteriorum
1328 1713 1384 1758 et
1424 1705 1544 1774 ejus
1572 1703 1916 1774 prepinquus
1970 1700 2053 1755 la-

2165 516 2265 552 στα
2311 502 2427 565 τοῖς
2476 502 2695 569 φιλοῦσί
2742 520 2803 556 σε
2865 504 2973 558 τῶν
3019 507 3295 575 φιλτάτων
3321 507 3482 579 ἔχων,
3546 510 3629 564 σοὶ
3660 516 3753 565 καὶ

2162 595 2403 661 γνησίως
2433 597 2492 648 ἐν
2529 595 2607 664 τῷ
2638 596 2870 666 παρόντι
2903 599 3110 667 ταύτην
3149 600 3466 672 ὲνδείκνυμι
3495 618 3511 634 ·
3555 603 3616 656 οὑ
3646 621 3754 657 πα-

2163 683 2468 751 ραινέσεως
2502 682 2675 737 τύπον
2727 685 3025 756 διενεργῶν
3066 691 3122 741 ὲν
3155 690 3317 759 τῷδε,
3365 690 3482 744 ἀλλ’
3510 693 3759 763 ὑπομνή-

2165 789 2305 837 σεως
2333 773 2492 845 λόγον
2527 777 2623 829 καὶ
2650 778 2855 844 γνῶσίν
2878 796 3003 833 τινα
3040 779 3378 850 λεπτοτέραν
3424 777 3493 854 ἧς
3521 783 3753 853 ἠξίωσαι

2163 865 2444 932 διακονίας
2493 868 2585 922 διὰ
2628 870 2785 924 τοῦδέ
2817 887 2900 924 σοι
2929 872 3330 943 παρεχόμενος,
3358 874 3435 937 ὼς
3466 878 3559 928 καὶ
3592 875 3756 938 αὐτὸς

2167 960 2275 1029 πρὸ
2309 960 2405 1013 σοῦ
2439 961 2653 1030 ταύτην
2684 962 3031 1016 ὕπεισελθὼν
3058 963 3161 1034 τὴν
3201 964 3359 1035 ίερὰν
3392 964 3753 1037 λειτουργίαν,

2163 1055 2257 1106 καὶ
2299 1055 2483 1127 ἱερεὺς
2506 1056 2745 1126 Χριστοῦ
2782 1058 3071 1128 τυγχάνων
3095 1058 3186 1113 καὶ
3216 1058 3497 1130 ὑπηρέτης
3529 1062 3636 1112 τῶν
3662 1061 3761 1113 αὑ-

2161 1148 2257 1200 τοῦ
2302 1151 2642 1220 μυστηρίων,
2678 1152 2825 1222 ἄκρᾳ
2877 1151 3072 1205 τούτου
3109 1153 3439 1223 χρηστότητι
3488 1152 3596 1206 τῶν
3619 1152 3759 1224 ὑπὲρ

2164 1241 2265 1311 ἐμὲ
2302 1241 2583 1312 μεγίστων
2610 1261 2667 1297 τε
2700 1245 2794 1298 καὶ
2820 1244 2982 1299 Θείων
3011 1245 3341 1316 ἠξιωμένος.

2235 1511 2367 1567 Ἰδοὺ
2388 1514 2571 1569 τοίνυν
2588 1514 2850 1584 ὴξιὼοης,
2872 1516 3147 1589 άπαγητὲ,
3169 1518 3482 1592 λειτουργὸς
3500 1522 3753 1591 γενέσθαι

2162 1603 2427 1675 Χριστοῦ,
2464 1606 2558 1660 καὶ
2588 1606 2836 1673 διάκονος
2861 1610 3027 1664 αὑτοῦ
3074 1610 3170 1666 καὶ
3222 1616 3583 1687 παραστάτης
3610 1613 3751 1673 εἶναι

2164 1700 2260 1753 καὶ
2282 1698 2488 1771 θεωρὸς
2509 1700 2620 1754 τῶν
2654 1704 2994 1772 μυστηρίων,
3028 1706 3121 1760 καὶ
3148 1707 3406 1775 ἐγγίζων,
3443 1712 3537 1765 καὶ
3560 1730 3749 1767 κοινω-

464 1796 827 1865 miliarisque,
864 1805 919 1850 et
948 1797 1386 1857 communicans,
1428 1805 1485 1851 et
1519 1809 1698 1865 praeco
1733 1794 2056 1865 Evangelia-

2160 1791 2270 1858 νὸς,
2291 1793 2388 1846 καὶ
2413 1792 2525 1847 τῶν
2540 1794 2897 1863 Εὑαγγελίων
2912 1795 3109 1866 κῆρυξ,
3130 1772 3342 1854 καὶ-οὑκ
3389 1772 3469 1854 ἔτι
3496 1820 3748 1875 παραπε-

462 1902 584 1940 rum
613 1904 628 1941 :
664 1900 842 1955 neque
872 1885 985 1961 jam
1011 1885 1147 1939 velis
1171 1887 1610 1955 quibuscumque
1659 1876 1929 1949 irretitus,
1954 1883 2052 1937 sed

462 1989 650 2049 aperte
674 1980 882 2043 videns,
903 1994 1084 2049 neque
1110 1978 1382 2034 mediante
1415 1976 1727 2043 Seraphim,
1764 1975 2055 2031 sacerdote

464 2072 698 2133 scilicet,
752 2072 823 2125 ab
861 2071 1230 2124 instrumento
1283 2068 1723 2130 communicaris,
1775 2066 1874 2121 sed
1938 2066 2056 2136 ipse

462 2166 720 2217 inventus
775 2159 1086 2230 Seraphim,
1151 2159 1461 2214 sacerdotio
1511 2158 1675 2213 modo
1725 2158 2052 2214 honoratus.

463 2255 545 2310 Tu
579 2271 781 2310 vocans
813 2256 878 2307 ad
913 2269 1127 2322 preces,
1171 2268 1279 2309 non
1317 2251 1435 2322 ipse
1483 2261 1729 2317 vocatus,
1765 2250 1900 2304 alios
1950 2251 2057 2303 im-

462 2349 672 2417 pellens
711 2360 770 2401 ut
795 2348 861 2401 ad
901 2348 1070 2401 Deum
1108 2346 1411 2411 "accedant,
1441 2346 1557 2413 ipse
1611 2358 1723 2397 non
1781 2357 2055 2397 cessansa

460 2442 665 2495 divinis
699 2439 1053 2494 commerciis
1084 2457 1097 2493 :
1135 2449 1193 2494 et
1227 2438 1478 2492 ﬁdelibus
1504 2436 1834 2506 praedicans,
1864 2449 1960 2489 cos
1990 2433 2057 2489 ad

477 2537 839 2588 attcntimcm
870 2541 926 2586 ct
977 2532 1348 2587 obedientiam
1399 2531 1718 2595 exhortans,
1762 2540 1815 2584 et
1847 2530 2059 2599 positus

466 2643 636 2699 prepe
663 2627 966 2691 Christum,
1005 2635 1151 2679 totus
1179 2626 1411 2680 aliorum
1468 2623 1557 2677 via
1590 2631 1644 2677 ct
1670 2622 1952 2692 exemplar
2005 2630 2061 2677 et

460 2720 763 2773 conductor
785 2717 959 2772 factus
987 2719 1052 2770 ad
1075 2716 1282 2770 lumen.
1322 2715 1390 2769 Et
1418 2713 1555 2785 quid
1574 2712 1720 2767 aliud
1754 2712 1865 2767 eris
1898 2727 2057 2781 quam

458 2810 781 2873 Cherubim,
820 2818 968 2863 totus
1025 2808 1169 2861 inter
1207 2806 1461 2877 mysteria
1517 2820 1643 2859 eum
1693 2804 2060 2874 transpiciens

462 2903 558 2973 qui
603 2903 747 2955 videt
780 2898 1006 2954 omnia?
1037 2902 1145 2954 Aut
1200 2896 1489 2968 Scraphim
1527 2896 1723 2966 igneus
1752 2894 1941 2949 fruens
1974 2894 2059 2948 νίς

461 2995 610 3055 venti
638 2995 748 3047 Deo
776 2994 864 3060 qui
898 2992 1039 3061 ignis
1067 2990 1195 3044 est?
1246 2997 1342 3042 aut
1372 2990 1630 3054 thronus,
1682 2987 1892 3042 habens
1925 2987 1977 3040 in
2008 2993 2061 3039 te

2156 1883 2402 1951 τάσμασί
2424 1901 2533 1937 τισι
2562 1883 2934 1955 κωλυόμενος,
2957 1887 3074 1941 ἀλλ’
3090 1890 3555 1961 ἀπερικαλύπτως
3580 1896 3745 1966 ὁρῶν,

2156 1972 2280 2027 οὐδὲ
2322 1973 2411 2028 διὰ
2463 1973 2769 2047 Σεραφεὶμ,
2814 1977 3005 2046 ἱερέως
3037 1979 3262 2051 δηλαδὴ,
3286 1984 3354 2053 τῇ
3378 1981 3553 2036 λαϐίδι
3585 1987 3746 2054 μετέ-

2157 2082 2294 2137 χων,
2335 2066 2453 2120 ἀλλ’
2507 2068 2671 2132 αὑτὸς
2700 2071 2991 2141 τυγχάνων
3019 2074 3046 2125 ὁ
3093 2074 3398 2145 Σεραφεὶμ,
3438 2077 3746 2149 ἱερωσύνης

2157 2160 2320 2230 371
2355 2159 2683 2233 ἠξιωμένος.
2727 2165 2835 2218 Καὶ
2890 2164 3078 2219 καλῶν
3122 2168 3261 2239 πρὸς
3311 2170 3645 2242 προσευχὰς,
3673 2175 3735 2227 οὐ

2159 2252 2522 2320 καλούμενος,
2548 2255 2642 2310 καὶ
2672 2257 2918 2326 ἐγγίζειν
2949 2259 3148 2323 ἄλλους
3177 2261 3390 2330 ἐνάγων
3417 2265 3554 2335 πρὸς
3583 2266 3740 2331 Θεὸν,

2159 2342 2324 2407 αὑτὸς
2362 2345 2391 2397 ό
2429 2345 2679 2419 κατέχων
2734 2348 2906 2401 τελῶν
2959 2349 3030 2403 τὰ
3065 2350 3207 2413 θεία,
3257 2354 3352 2407 καὶ
3403 2359 3742 2427 προσφωνῶν

2157 2435 2270 2497 τοῖς
2296 2439 2535 2503 πιστοῖς,
2572 2440 2667 2492 καὶ
2699 2443 2993 2511 προσέχειν
3032 2445 3389 2512 παρεγγυῶν,
3432 2449 3525 2501 καὶ
3559 2466 3741 2521 παρα-

2157 2527 2331 2593 τιθεὶς
2379 2529 2460 2600 τῷ
2490 2531 2736 2604 Χριστῷ,
2769 2535 2863 2589 καὶ
2905 2535 3025 2599 ὅλος
3054 2536 3259 2604 ἑτέρων
3286 2537 3363 2593 ὢν
3397 2541 3514 2602 ὁδός
3556 2560 3615 2597 τε
3648 2545 3742 2599 καὶ

2160 2621 2299 2701 πρὸς
2344 2624 2406 2676 τδ
2449 2625 2567 2693 φῶς
2618 2625 2832 2696 ὀδηγός.
2866 2626 2976 2682 Kal
3021 2630 3072 2682 τί
3108 2630 3299 2703 ἕτερον
3346 2633 3738 2705 ῆΧερουϐεὶμ,

2159 2715 2303 2784 ὁρῶν
2363 2717 2487 2781 ὅλος
2554 2717 2644 2772 διὰ
2696 2719 2806 2773 τῶν
2870 2725 3191 2792 μυστηρίων
3245 2726 3340 2779 τὸν
3401 2727 3614 2798 ὁρῶντα
3670 2731 3738 2784 τά

2161 2812 2360 2879 πάντα,
2391 2815 2485 2868 καὶ
2520 2816 2802 2887 Σεραφεὶμ
2831 2819 3134 2890 πυρφόρος,
3158 2820 3248 2874 τὸν
3278 2821 3457 2886 ζῶντα
3495 2826 3739 2897 κατᾶχων

2161 2906 2431 2976 ἄνθρακα,
2473 2910 2567 2962 καὶ
2598 2909 2806 2978 Θρόνος,
2840 2910 2915 2976 ὡς
2946 2913 3364 2984 ἀναπαυόμενον
3399 2917 3535 2990 ἔχων
3562 2922 3618 2975 ὲν
3658 2924 3742 2977 σοὶ

2162 3001 2252 3055 τὸν
2293 3000 2574 3070 πανταχοῦ
2624 3005 2691 3074 τῇ
2727 3004 2917 3073 τελετῇ
2952 3007 3047 3059 καὶ
3079 3010 3144 3078 τῇ
3176 3011 3437 3083 κοινωνίᾳ
3464 3028 3480 3045 ·
3509 3015 3741 3089 καιᾶγ-

457 3094 735 3150 sedentem
761 3102 888 3143 eum
927 3084 1017 3155 qui
1045 3094 1127 3137 est
1154 3081 1378 3150 ubique,
1416 3079 1686 3135 sacriﬁcio
1726 3092 1782 3135 et
1815 3094 2061 3134 commu-

2165 3092 2321 3161 γελος
2343 3093 2420 3155 ὡς
2450 3092 2734 3167 ὑπηρέτης
2766 3098 2928 3151 αὑτοῦ
2958 3101 3050 3154 καὶ
3078 3079 3421 3173 λειτουργόςζ
3447 3108 3541 3161 καὶ
3567 3079 3740 3163 ταῦτα

457 3189 661 3244 nione‘!
692 3182 977 3238 autetiam
1019 3177 1241 3249 angelus
1275 3176 1522 3246 quidam,
1555 3185 1743 3245 utpote
1784 3174 1905 3244 ejus
1946 3174 2055 3227 mi-

462 3282 639 3335 nister
660 3287 713 3330 ct
737 3271 980 3343 lt'gnlus?
1005 3271 1072 3324 Et
1098 3273 1210 3324 haec
1226 3268 1409 3322 omnia
1427 3267 1521 3321 tibi
1547 3282 1657 3320 non
1686 3266 1740 3321 in
1763 3265 1931 3338 ﬁgura
1960 3274 2054 3321 aut

459 3371 701 3440 imagine
735 3366 1093 3436 contingent;
1152 3362 1278 3432 quia
1342 3377 1454 3417 non
1516 3361 1704 3433 ﬁgurae
1750 3363 1965 3417 cuidam
2000 3371 2055 3418 et

464 3479 593 3537 typo
610 3481 668 3517 es
702 3460 1128 3522 ministraturus,
1159 3456 1253 3510 sed
1285 3454 1385 3523 ipsi
1413 3469 1541 3509 vero
1561 3454 1789 3508 Domino
1818 3470 1976 3525 quem
1998 3455 2051 3509 in

459 3558 617 3612 CtBliS
643 3556 998 3609 circumstant
1020 3548 1393 3627 custodientes
1425 3548 1675 3620 Spiritus.
1709 3549 1863 3613 Quod
1902 3548 2049 3603 enim

456 3652 533 3707 illi
567 3645 1045 3709 faciuutiucmlis,
1069 3652 1124 3696 tu
1158 3641 1250 3696 hic
1273 3640 1327 3694 in
1352 3640 1938 3710 terrisadimpleturus
1969 3655 2049 3695 es.

460 3744 671 3798 l-Lteuiin
728 3740 808 3793 sic
892 3737 1062 3789 voluit
1133 3734 1379 3788 omnium
1444 3733 1685 3788 caelestis
1748 3731 2051 3787 architecta

458 3834 607 3907 quod
639 3845 837 3909 nempe
878 3828 930 3883 in
967 3826 1120 3883 caelis
1155 3834 1211 3880 et
1241 3822 1299 3878 in
1334 3834 1484 3878 terra
1527 3825 1894 3879 ministerium
1921 3840 2050 3895 age-

461 3940 614 3982 retur
637 3939 873 3980 sacrum.
928 3919 997 3973 Et
1054 3920 1170 3989 ipse
1202 3917 1276 3973 ita
1333 3916 1466 3974 fecit
1521 3925 1581 3971 ut
1632 3917 1916 3973 videretur
1948 3935 1963 3972 :
1995 3924 2051 3973 et

460 4021 627 4076 homo
662 4018 814 4072 visus
838 4026 921 4069 est
953 4030 1050 4084 per
1097 4012 1340 4080 seipsum
1385 4024 1537 4065 suam
1573 4009 1859 4065 nobiscum
1892 4011 2050 4065 unio-

459 4127 603 4169 nem.
620 4109 942 4177 adimplens.
966 4107 1104 4179 Cum
1131 4104 1279 4158 enim
1319 4102 1470 4159 solus
1502 4111 1648 4157 asset
1690 4101 1916 4172 Spiritus
1947 4117 2051 4173 pu-

457 4220 573 4268 rus,
600 4212 794 4273 sponte
820 4202 1048 4254 formam
1071 4197 1247 4252 induit
1271 4195 1628 4263 materialem,
1667 4203 1722 4250 et
1747 4196 2046 4251 secundum

462 4297 605 4351 hanc
637 4294 865 4349 formam
898 4290 1214 4347 scnsihilem
1244 4287 1563 4344 hominibus
1622 4288 1818 4343 similis
1871 4287 2049 4345 factus

457 4398 582 4456 est;
608 4400 802 4442 natura
837 4402 934 4441 sua
965 4386 1244 4440 increatus
1270 4390 1325 4438 et
1362 4391 1627 4448 aeternus,
1647 4396 1758 4437 non
1791 4396 2047 4453 assump-

2162 3187 2263 3239 οὑκ
2290 3187 2460 3240 είκόνι
2496 3189 2628 3252 τινὶ,
2651 3190 2773 3244 οὐδὲ
2826 3193 2935 3262 γὰρ
2966 3193 3120 3264 τύπῳ
3151 3198 3421 3252 διακονῶν
3452 3202 3735 3273 ὑπάρχεις,

2162 3276 2278 3330 ἀλλ’
2324 3275 2472 3347 αὑτῷ
2506 3278 2583 3349 τῷ
2620 3279 2724 3333 ὑπὸ
2752 3281 2865 3367 τῶν
2903 3283 3087 3337 ἀΰ).ων
3130 3284 3241 3339 ἄνω
3283 3288 3738 3367 δορυφορουμένῳ

2163 3369 2434 3441 Δεσπότῃ.
2466 3371 2577 3424 Καὶ
2603 3371 2742 3444 ὅπερ
2795 3366 2943 3430 οὗτοί
2985 3393 3047 3444 γε
3095 3380 3228 3445 ἀνω,
3255 3383 3419 3448 αὑτὸς
3443 3385 3593 3441 κάτω
3624 3386 3738 3443 δια·

2161 3460 2375 3552 τελεῖςέ
2409 3461 2553 3516 οὔτω
2588 3464 2696 3535 γὰρ
2735 3466 3006 3539 ἠθέλησεν
3044 3471 3072 3522 ό
3116 3471 3335 3527 πάντων
3363 3476 3613 3548 τεχνίτης
3642 3480 3740 3552 τὴν

2160 3551 2330 3622 αὑτὴν
2365 3551 2710 3625 λειτουργίαν
2742 3558 2857 3612 άνω
2901 3577 2961 3613 τε
2994 3561 3091 3614 καὶ
3123 3563 3275 3618 κάτω
3301 3567 3572 3623 τελεῖσθαι
3599 3584 3614 3600 ·
3646 3551 3742 3626 καὶ

2159 3644 2326 3707 αὑτὸς
2386 3645 2564 3711 οὕτως
2634 3644 2795 3718 ὤφθη
2882 3654 3227 3724 πεποιηκὼς,
3288 3659 3384 3711 καὶ
3459 3661 3742 3732 ἄνθρωπος

2158 3736 2367 3805 ὀφθεὶς,
2398 3738 2464 3792 δι’
2500 3739 2695 3794 ἑαυτοῦ
2729 3742 2830 3813 τὴν
2865 3744 2986 3814 μεθ’
3020 3747 3179 3817 ἡμῶν
3226 3749 3419 3804 ἕνωσιν
3444 3752 3739 3818 ἐξετέλεσε.

2158 3832 2335 3895 Μόνος
2392 3833 2553 3898 ἄῦλος
2615 3835 2723 3905 γὰρ
2779 3834 2875 3903 ὢν,
2906 3837 3039 3908 ὓλην
3088 3840 3381 3896 ἐνεδύσατο
3427 3845 3616 3913 Θέλων,
3645 3850 3742 3904 καὶ

2157 3925 2270 3987 τοῖς
2302 3927 2423 3978 κατ’
2460 3925 2717 3996 αίσοησιν
2743 3928 2927 3999 ήνώθη
2970 3931 3204 3999 βροτοῖς.
3245 3934 3356 3988 Kal
3384 3936 3641 4002 ἄκτιστος
3669 3943 3735 4012 τῇ

2159 4018 2321 4086 φύσει
2356 4018 2525 4073 τελῶν
2553 4021 2644 4073 καὶ
2675 4021 2934 4093 ἄναρχος,
2962 4023 3023 4076 οὑ
3057 4025 3155 4095 τῆς
3184 4029 3409 4097 κτιστῆς
3437 4030 3600 4085 ὰΰλου
3629 4033 3737 4087 τῶν

2157 4111 2295 4165 νόων
2331 4110 2625 4183 μετείληφε
2663 4113 2902 4181 φύσεως,
2929 4116 3202 4185 ἑνωθῆναι
3249 4121 3312 4188 τῇ
3341 4111 3516 4174 κτίσει
3544 4121 3735 4194 βουλη-

2157 4201 2292 4265 θείς.
2327 4203 2539 4266 Κτίσας
2587 4202 2633 4256 δ’
2686 4204 2889 4270 αὐτοὺς
2935 4207 3000 4258 ἐκ
3062 4205 3137 4277 μὴ
3167 4206 3358 4275 ὄντων,
3404 4212 3546 4266 κατὰ
3575 4213 3736 4284 χάριν

2156 4293 2356 4358 ἀύλους
2386 4295 2481 4349 καὶ
2504 4294 2810 4357 ἀθανάτους
2845 4296 3071 4360 τούτους
3095 4300 3391 4372 εἰργάσατο
3414 4316 3428 4332 ·
3462 4303 3557 4357 καὶ
3580 4304 3737 4376 δόξης

2161 4387 2409 4457 μετέχειν
2456 4387 2649 4453 αὑτοῦ,
2680 4388 2892 4462 δωρεὰν
2936 4390 3148 4455 τούτοις
3197 4393 3475 4463 ἀναλόγως
3518 4396 3735 4468 ἑκάστῳ

459 4483 534 4535 sit
562 4481 855 4550 spirituum
884 4485 1130 4531 naturam
1157 4484 1395 4530 creatam
1424 4474 1862 4540 immaterialem,
1889 4490 2044 4530 crea-

2159 4478 2388 4534 Βίδωσιν.
2438 4478 2624 4549 Ἠμῶν
2670 4480 2725 4533 δὲ
2780 4480 2879 4551 τὴν
2907 4482 3142 4553 κτιστὴν
3194 4485 3529 4555 προσείληφε
3574 4486 3735 4556 φύσιν

458 4585 596 4631 torte
627 4588 686 4628 se
714 4569 1015 4625 uniendutn
1059 4567 1307 4639 cogitans
1344 4583 1359 4620 :
1389 4567 1511 4622 illos
1565 4580 1748 4622 autem
1776 4584 1841 4625 ex
1869 4567 2045 4624 nihilo

459 4661 772 4739 producens
800 4660 971 4734 gratia
1009 4659 1236 4715 miriﬁca
1264 4659 1580 4728 spirituales
1626 4669 1683 4714 et
1707 4661 2046 4717 immortales

458 4758 590 4815 fecit
616 4772 740 4825 eos,
776 4755 974 4826 cuique
1005 4753 1168 4808 simul
1217 4767 1315 4823 pro
1373 4753 1544 4825 gradu
1593 4765 1803 4825 partem
1862 4755 2049 4823 gloriae

459 4866 573 4907 suae
601 4849 935 4919 impertitus.
970 4845 1037 4902 Et
1070 4845 1230 4901 nobis
1263 4845 1457 4900 tribuit
1508 4853 1568 4899 ut
1592 4853 1838 4900 nostram
1886 4856 2049 4899 natu-

458 4958 577 4997 ram
612 4950 851 4995 creatam
900 4938 1260 5009 assumpserit
1312 4937 1652 5011 hypostatice
1697 4937 1803 4993 sibi
1848 4939 2050 4994 unien-

466 5032 621 5086 dam.
660 5032 926 5086 llumanac
960 5031 1145 5100 itaque
1171 5038 1383 5084 naturae
1415 5044 1644 5083 consors
1660 5028 1884 5084 eﬁ'cctus
1908 5030 2052 5085 indic

457 5122 613 5177 vulsa
648 5120 1009 5177 etinconfusa
1045 5120 1269 5186 unione,
1309 5121 1482 5190 ipsam
1511 5119 1869 5191 gloriosorum
1903 5122 2044 5178 divi-

460 5213 657 5268 nitatis
682 5212 1071 5267 attributorum
1094 5213 1148 5267 in
1177 5212 1648 5282 participationem
1674 5215 1893 5269 vocavit
1910 5231 1953 5270 ει
1971 5214 2045 5282 ,Ιιι

457 5307 579 5375 ipso
598 5304 772 5369 enim,
800 5304 976 5373 inquit
998 5305 1218 5369 Paulus,
1242 5305 1451 5360 habitat
1486 5304 1769 5375 plenitudo
1794 5307 2045 5363 divinita-

451 5400 526 5453 tis
549 5396 910 5468 corporaliter
934 5397 1008 5451 ³.»
1039 5398 1201 5453 Visus
1230 5406 1313 5454 est
1338 5398 1520 5470 igitur,
1547 5410 1601 5455 et
1630 5402 1824 5456 iterum
1851 5400 2045 5455 viden-

454 5490 588 5543 dum
618 5487 782 5543 modo
813 5502 976 5559 quem
1009 5503 1195 5545 amore
1226 5490 1389 5559 elegit
1428 5507 1485 5547 se
1524 5493 1728 5563 praebet
1762 5512 1775 5548 :
1809 5503 1865 5548 et
1896 5494 2043 5563 seip-

448 5589 574 5629 sum
609 5580 769 5638 nobis
819 5582 990 5648 dedit,
1019 5590 1073 5638 et
1101 5582 1399 5640 etiamnum
1434 5601 1533 5655 pro
1591 5586 1751 5641 nobis
1780 5600 1839 5641 se
1877 5585 2045 5640 tradit

522 5765 549 5795 ’³
588 5762 793 5821 lJoan.
851 5769 1053 5837 iv,16.
1126 5771 1384 5857 fColoss.
1438 5785 1502 5837 ll,
1558 5769 1620 5825 9.

2155 4571 2249 4655 καὶ
2305 4572 2690 4655 ὑποπατικῶς
2747 4575 2881 4644 ἡμῖν
2949 4575 3195 4646 ἥνωται·
3257 4577 3350 4631 καὶ
3401 4581 3465 4648 τῇ
3516 4578 3734 4652 βροτείᾳ

2157 4652 2319 4730 φύσει
2374 4652 2485 4718 τῶν
2543 4666 2647 4736 τῆς
2683 4666 2940 4738 Θεότητος
2998 4667 3356 4738 μεταδίδωσιν
3399 4670 3734 4743 αὐχημάτων

2156 4755 2508 4824 ἐνδεδυμένος
2540 4757 2863 4829 ἀχωρίστως
2890 4759 2985 4812 καὶ
3016 4760 3343 4832 άσυγχύτως
3368 4761 3558 4832 αὑτήν.
3586 4781 3607 4814 ι
3638 4762 3730 4817 Ἐν

2158 4846 2307 4917 αὑτῷ
2359 4848 2488 4920 γὰρ,
2531 4848 2688 4918 φησὶ,
2724 4851 2972 4903 κατοικεῖ
3031 4852 3138 4902 πᾶν
3196 4850 3260 4904 τὸ
3307 4850 3581 4924 πλήρωμα
3631 4852 3731 4923 τῆς

2157 4939 2412 5012 θεότητος
2461 4943 2807 5012 σωματικῶς.
2850 4960 2868 4992 ι
2915 4941 3115 5014 Ὠρὰθη
3166 4936 3284 5012 οὖν,
3319 4943 3414 4997 καὶ
3467 4943 3627 4999 πάλιν
3654 4944 3730 5008 ὡς

2157 5033 2418 5099 εὑδόκησε
2451 5033 2770 5103 καθορᾶται.
2803 5033 2912 5088 Kal
2946 5033 3142 5086 ἑαυτὸν
3185 5033 3418 5088 δέδωκεν
3452 5036 3604 5106 ἡμῖν,
3635 5036 3730 5089 καὶ

2156 5127 2297 5200 ὑπὲρ
2323 5128 2485 5198 ἡμῶν
2521 5128 2616 5181 καὶ
2644 5128 2811 5181 τανῦν
2838 5127 3007 5195 αὖθις,
3026 5127 3236 5181 δίδωσι.
3269 5128 3382 5183 Kal
3410 5128 3518 5182 τῶν
3561 5129 3738 5183 τοιού-

2154 5236 2265 5273 των
2297 5218 2498 5290 ἔργων,
2526 5219 2571 5273 ὣ
2617 5219 2819 5289 πολλῆς
2867 5219 3229 5289 ἀγαθότητος.
3267 5220 3431 5291 ἡμεῖς
3493 5219 3734 5289 λειτουρ·

2154 5311 2243 5381 γοί
2288 5327 2349 5364 τε
2395 5313 2489 5365 καὶ
2516 5313 2788 5383 ὑπηρέται
2821 5312 2916 5366 καὶ
2949 5312 3176 5383 μύσται.
3200 5311 3267 5365 Τί
3293 5310 3483 5365 τούτου
3512 5312 3698 5381 μεῖζον
3716 5351 3734 5379 ,

2154 5404 2299 5457 κατὰ
2327 5404 2388 5458 τὸ
2419 5405 2664 5474 ἐνεργεῖν
2706 5405 2773 5458 τὰ
2812 5404 3117 5475 μυστήρια,
3149 5401 3295 5474 ὑπὲρ
3328 5402 3593 5472 ἀγγέλους
3633 5401 3737 5471 τὴν

2156 5496 2314 5563 ἀξίαν
2373 5496 2699 5569 εἰλήφαμεν.
2733 5497 2797 5549 Ὠ
2825 5500 2927 5567 τῆς
2977 5495 3349 5568 χρηστότητος
3394 5494 3487 5549 τοῦ
3533 5496 3741 5548 Δεσπό-

2157 5589 2284 5644 τουί
2322 5588 2381 5653 ὃς
2416 5591 2598 5662 πάντα
2632 5591 2905 5661 περιέχει,
2941 5589 3035 5644 καὶ
3069 5588 3464 5659 ἀπερίληπτος,
3491 5589 3550 5640 ὲν
3582 5586 3733 5657 τόπῳ
