4118 6456
394 358 504 426 957

1701 375 1795 437 DE
1838 378 1921 436 SA
1935 379 2332 449 CERDOTIO.
2504 429 2533 453 ο

3547 395 3655 457 938⁵

388 472 457 577 δι’
488 472 686 577 Λὴιμᾶςο
811 475 1022 543 ἀναφὴς
1081 479 1448 548 κατεχόμενος
1477 498 1490 513 ο
1536 487 1564 538 ὁ
1626 487 1860 556 ἀόρατος
1910 493 1968 543 ἐν

2093 504 2264 549 terum
2317 506 2481 567 atque
2532 497 2731 554 iterum
2772 510 2874 558 :et
2928 503 3091 574 hujus
3137 509 3393 577 operis,o
3437 510 3652 564 bonitas

390 562 641 632 αἰσθήσει
670 580 684 595 ’
721 565 748 615 ὁ
779 566 859 618 νοῒ
891 568 1278 638 ἀκατάληπτος
1324 576 1438 636 τοῖς
1487 575 1700 646 Θνητοῖς
1737 581 1960 650 μετεχό-

393 673 552 724 μενος
608 657 675 710 δι’
728 659 886 726 ήμῶν
936 677 993 712 τε
1039 663 1147 715 τῶν
1188 665 1284 731 τῆς
1335 668 1597 736 ταπεινῆς
1633 671 1728 722 καὶ
1781 689 1965 740 παρα·

388 750 744 810 πεπτωκυίαις
779 750 1015 817 φύσεως,
1051 753 1136 805 διὰ
1169 755 1264 823 τῆς
1304 757 1595 828 δεδομένης
1641 762 1773 830 ἡμῖν
1805 765 1963 832 ἱερω-

389 841 572 906 σύνης.
603 839 647 894 ῶ
693 841 784 892 τοῦ
823 842 1138 910 θαύματοςί
1174 848 1285 899 τοῖς
1315 851 1640 918 μυστηρίοις
1674 853 1958 918 γινόμενος

386 935 482 986 καὶ
526 935 877 1000 φαινῧμενος,
911 936 1005 987 καὶ
1053 935 1352 1006 διδόμενος,
1388 942 1482 992 καὶ
1515 944 1838 1014 φερόμενος,
1867 950 1962 997 καὶ

385 1025 812 1093 χορηγούμενος,
841 1028 934 1080 καὶ
969 1029 1331 1098 οίκιζόμενος,
1369 1036 1457 1086 καὶ
1489 1036 1834 1104 ἐνδυόμενος,
1871 1039 1964 1090 καὶ

384 1115 757 1184 ὀργιζόμενος,
798 1119 888 1170 καὶ
921 1120 1443 1192 καταλλαττόμενος,
1478 1128 1571 1178 καὶ
1624 1126 1963 1198 ίλεούμενολ

387 1205 482 1258 καὶ
541 1207 1111 1278 μεταλαμϐανόμενος.
1149 1211 1214 1265 Τί
1270 1217 1590 1286 καινότερον
1631 1219 1740 1272 τῶν
1785 1223 1965 1273 τοιού-

387 1317 536 1368 των;
570 1302 621 1352 τί
658 1301 842 1370 μεῖζον
867 1305 1074 1370 ἀγαθὸν
1113 1307 1253 1376 πρὸς
1283 1310 1648 1378 ἀνθρώπουςς
1691 1312 1778 1376 τίς
1809 1313 1969 1365 δύνα-

390 1409 479 1460 μις
515 1393 828 1462 ὑπερτέρα;
861 1396 942 1457 τίς
980 1395 1198 1459 ἐξουσία
1256 1401 1477 1470 μείζους
1525 1403 1829 1458 πλουτοῦσα
1863 1407 1966 1478 χὰ-

392 1501 577 1552 ριτας;
618 1485 750 1538 Ἰδοὺ
805 1488 833 1540 ὁ
882 1488 1009 1556 χοῦς
1063 1491 1221 1558 ἡμεῖς
1270 1494 1366 1546 καὶ
1394 1494 1568 1564 πηλός
1610 1514 1669 1548 τε
1700 1498 1793 1550 καὶ
1823 1500 1968 1550 σκώ-

388 1574 519 1646 ME;
553 1573 790 1639 ἐξουσίαι
821 1579 914 1631 καὶ
943 1579 1199 1650 δυνάμεις
1226 1583 1485 1652 ὁρώμεθα
1509 1602 1522 1615 '
1557 1587 1757 1655 μᾶλλον
1783 1588 1838 1640 δὲ
1873 1591 1968 1642 καὶ

391 1669 564 1721 πλείω
589 1670 792 1723 τούτων
827 1672 1116 1740 δυκόιμενοι
1147 1678 1214 1746 τῇ
1242 1678 1336 1745 τῆς
1363 1679 1668 1748 ἱερωσύνης
1713 1673 1964 1750 δυνάμει.

389 1761 503 1814 Καὶ
549 1763 783 1815 πλάσται
820 1766 929 1833 γὰρ
973 1766 1072 1840 τῆς
1121 1767 1429 1836 κρείττονος
1462 1771 1717 1836 πλάσεως
1757 1772 1836 1844 τῷ
1871 1775 1965 1842 βα-

2074 587 2396 643 ineﬂ‘abilis!
2440 605 2538 644 nos
2587 607 2774 649 sumus
2827 596 3090 664 ministri,
3145 609 3332 670 mysta)
3382 611 3437 654 et
3468 616 3650 655 sacer-

2071 676 2247 731 dotes.
2274 679 2412 743 Quid
2448 683 2548 734 hoc
2587 685 2800 753 majus?
2841 689 2940 741 hac
2968 704 3220 756 suprema
3253 707 3407 745 sacra
3443 705 3652 760 myste-

2070 768 2147 820 ria
2169 771 2475 824 celebrandi
2503 783 2788 841 potestate,
2815 781 3034 848 angelos
3067 782 3212 848 ipsos
3235 783 3498 849 dignitate
3527 786 3650 837 vin-

2070 859 2271 913 cimus.
2347 860 2454 915 Sed
2534 878 2566 915 0
2625 863 2863 934 Magistri
2929 869 3255 924 clcmential
3311 873 3412 936 Qtti
3469 873 3652 926 omnia

2069 951 2312 1004 continet
2365 969 2466 1006 nec
2529 957 2806 1010 contineri
2873 968 3070 1024 potest,
3112 962 3167 1013 in
3242 979 3411 1029 parvo
3443 974 3659 1017 contra-

2073 1042 2221 1095 hitur
2255 1043 2374 1097 loco
2401 1059 2498 1111 pro
2520 1047 2681 1100 nobis
2713 1063 2726 1101 :
2762 1049 2852 1116 qui
2884 1051 3089 1118 palpari
3142 1068 3249 1104 non
3278 1064 3476 1121 potest.
3514 1056 3656 1122 digic

2073 1135 2139 1186 tis
2210 1143 2473 1190 tractatur
2495 1149 2548 1192 et
2583 1141 2887 1204 retinetur;
2930 1143 3242 1204 invisibilis,
3276 1147 3526 1199 sensibus
3559 1147 3657 1200 ob-

2065 1222 2256 1290 jicitur
2282 1242 2295 1289 ;
2335 1227 2422 1294 qui
2450 1238 2631 1282 mente
2663 1231 3055 1298 comprehendi
3085 1248 3190 1287 n'ou
3219 1243 3419 1299 potest,
3449 1244 3652 1286 morta-

2070 1315 2214 1370 libus
2247 1321 2616 1374 communicat
2647 1324 2700 1376 in
2739 1333 2930 1377 natura
2958 1335 3138 1378 nostra
3177 1326 3359 1380 intima
3400 1334 3457 1379 ct
3509 1325 3650 1378 falli-

2072 1407 2189 1465 bili.
2223 1419 2277 1462 et
2308 1425 2405 1478 per
2432 1413 2799 1468 sacerdotium
2844 1431 2947 1484 quo
2985 1417 3190 1486 dignati
3225 1431 3435 1478 sumus,
3465 1431 3497 1468 o
3529 1431 3652 1481 pro-

2073 1499 2318 1568 digium!
2357 1506 2633 1572 mystcriis
2673 1517 2988 1572 generatur,
3031 1508 3432 1572 manifestatur,
3464 1507 3646 1570 datur,

2075 1593 2421 1659 producitur,
2457 1595 2838 1660 introducitur.
2876 1599 2929 1650 in
2959 1599 3078 1653 loco
3120 1600 3439 1660 collocatur,
3474 1597 3654 1650 indui-

2075 1689 2183 1745 tur,
2217 1685 2282 1739 ad
2315 1686 2652 1741 iracundiam
2708 1701 3036 1759 provocatus
3068 1699 3122 1744 et
3153 1689 3564 1748 reconciliatus.
3602 1697 3658 1742 et

2076 1776 2450 1835 misericordia
2477 1788 2675 1845 motus,
2699 1789 2754 1834 et
2774 1784 3160 1835 communione
3183 1791 3474 1849 susceptus
3517 1780 3659 1845 Quid

389 1853 655 1921 πτίσματι
709 1857 801 1908 καὶ
857 1859 970 1919 τοῖς
1019 1857 1224 1921 λοιποῖς
1279 1863 1636 1932 μυστηρίοις’
1685 1865 1780 1917 καὶ
1827 1865 1963 1918 Θεοῦ

2086 1869 2269 1923 ltorum
2300 1871 2469 1940 magis
2501 1873 2828 1940 stupendum
2855 1873 2878 1926 ?
2911 1872 3062 1937 Quod
3098 1873 3273 1942 majus
3306 1873 3358 1925 in
3387 1871 3660 1926 hishomi-

388 1945 524 2014 υἱῶν
566 1946 824 2014 πατέρες,
860 1951 954 2002 καὶ
998 1950 1145 2004 θέσει
1202 1952 1342 2004 θεῶν
1379 1956 1622 2022 ἐνεργοὶ,
1656 1955 1753 2006 καὶ
1783 1957 1963 2026 ἀμαρ-

390 2034 507 2096 τίας
540 2037 844 2104 ἀναιρέται,
881 2040 976 2092 καὶ
1010 2042 1376 2112 ἐλευθερωτῇ
1411 2045 1626 2113 ψυχῶν,
1661 2047 1756 2100 καὶ
1805 2046 1966 2100 λύται

387 2126 602 2196 δεσμῶν
631 2129 889 2196 αἰωνίων,
921 2133 1014 2185 καὶ
1045 2136 1382 2204 παραδείσου
1412 2138 1738 2206 κλειδοῦχοι,
1775 2140 1872 2191 καὶ
1901 2140 1967 2191 τὰ

387 2219 524 2272 Θεοῦ
581 2222 904 2290 δυνάμενοι·
943 2227 1039 2278 καὶ
1094 2228 1261 2282 αὐτοῦ
1321 2229 1650 2299 δεικνύμεθα
1709 2235 1968 2303 συνεργοὶ

391 2312 526 2375 πρὸς
560 2315 835 2382 σωτηρίαν
859 2315 1186 2385 ἀνθρώποις.

2066 1974 2163 2013 nes
2208 1962 2461 2015 collatum
2500 1962 2869 2016 beneficium?
2902 1963 3031 2030 Quae
3060 1973 3300 2032 potestas
3331 1961 3658 2017 sublimior?

2068 2050 2197 2115 Quae.
2224 2055 2522 2108 auctoritas
2555 2057 2788 2120 majores
2822 2055 3112 2109 conferens
3135 2054 3370 2124 gratias?
3395 2053 3530 2107 Ecce
3556 2068 3656 2108 nos

2069 2144 2273 2212 pulvis,
2314 2145 2512 2205 lutum.
2552 2162 2768 2200 vermes
2810 2148 3134 2201 auctoritate
3179 2158 3234 2203 ct
3271 2149 3472 2199 virtute
3515 2144 3660 2213 pleni

2069 2251 2417 2304 apparemus,
2448 2238 2681 2292 maxime
2715 2249 2768 2293 et
2801 2255 2966 2309 super
2999 2241 3182 2294 omnia
3211 2254 3335 2295 cum
3367 2235 3658 2292 sacerdotii

2081 2328 2440 2382 excellentem
2471 2346 2792 2386 exercemus
2842 2341 3183 2400 potestatem.
3222 2330 3435 2385 Etenim
3466 2342 3660 2382 sumus

390 2420 665 2465 creatores
689 2412 1023 2468 sublimioris
1058 2414 1352 2470 crcationis
1384 2417 1713 2482 baptismate
1767 2428 1822 2474 et
1857 2421 1980 2474 aliis
2021 2426 2403 2489 sacramentis,
2431 2438 2480 2480 et
2521 2428 2614 2482 Dei
2643 2428 2901 2482 Filiorum
2963 2429 3172 2495 Patres,
3215 2438 3270 2484 et
3349 2426 3664 2478 divinorum

393 2503 629 2558 instituti
664 2503 1004 2574 operatores,
1047 2518 1102 2560 et
1131 2511 1334 2575 peccati
1396 2509 1792 2574 destructorcs,
1860 2521 1914 2566 et
1973 2513 2296 2570 liberatores
2346 2520 2674 2583 animarum,
2738 2520 3013 2574 solventes
3062 2517 3279 2572 vincula
3329 2523 3531 2568 teterna
3601 2521 3659 2566 et

392 2595 702 2664 paradisum
731 2607 1065 2664 reserantes,
1107 2599 1186 2654 sic
1231 2598 1324 2655 Dei
1363 2599 1647 2670 potestatis
1695 2614 2008 2670 sequestres
2074 2615 2128 2661 et
2173 2609 2450 2675 custodes,
2515 2611 2631 2682 ejus
2665 2611 2876 2666 scilicet
2932 2618 3322 2680 cooperatores
3378 2606 3447 2660 ad
3513 2605 3664 2659 salu-

397 2695 503 2743 tem
532 2689 834 2745 hominum.

467 2883 686 2937 Μᾶλλον
721 2883 777 2937 δέ
809 2882 862 2936 τί
892 2883 1032 2954 πρὸς
1059 2883 1227 2936 ταῦτα
1257 2886 1454 2954 ἡμεῖς;
1483 2886 1668 2938 Πόσων
1702 2885 1978 2953 ότειλέται

398 2976 516 3048 Θεῷ
570 2978 734 3030 ἕνεκα
792 2977 1128 3044 τηλικούτων
1187 2977 1412 3049 δώρων;
1475 2978 1680 3033 Ὀποῖοι
1729 2979 1786 3032 δὲ
1836 2973 1979 3032 εἶναι

398 3074 922 3144 κεχρεωστήκαμεν,
958 3073 1096 3124 οὐδὲ,
1139 3074 1186 3125 εἰ
1238 3073 1378 3125 κατὰ
1410 3075 1508 3144 τὴν
1560 3073 1796 3144 Θεωρίαν
1837 3069 1979 3142 ἦμεν

398 3167 512 3221 τῶν
550 3165 950 3236 πολυομμάτων
1010 3166 1236 3218 ἐκείνων
1297 3167 1471 3219 ἱκανοὶ
1531 3167 1667 3236 πρὸς
1717 3166 1976 3232 τοιαῦτα;

401 3259 497 3322 Τίς
527 3259 635 3328 γὰρ
669 3258 829 3326 φύσις
857 3258 1049 3328 κτιστὴ
1084 3259 1191 3310 τῶν
1237 3259 1328 3311 τοῦ
1363 3259 1500 3311 Θεοῦ
1540 3259 1666 3324 ἀξία
1699 3261 1975 3329 χαρίτωνς

2153 2889 2294 2954 Quid
2342 2892 2576 2960 amplius
2623 2891 2688 2944 ad
2747 2890 2865 2944 htec
2918 2904 3018 2944 nos
3069 2887 3358 2942 dicemus?
3416 2883 3561 2950 Quot
3605 2891 3658 2934 et

2081 2993 2284 3050 quanta
2319 2980 2425 3035 Deo
2451 2983 2748 3037 debemus!
2784 2991 3046 3051 quantum
3067 2981 3222 3034 abest
3252 2987 3310 3032 ut
3333 2977 3466 3030 satis
3503 2975 3674 3044 digne

2082 3077 2148 3130 de
2168 3076 2577 3146 eojudicemus,
2601 3075 2817 3129 etiamsi
2855 3074 3182 3128 oculatiores
3221 3069 3500 3124 essemus!
3533 3066 3666 3130 Qum

2082 3168 2226 3222 enim
2263 3176 2443 3221 creata
2488 3176 2685 3220 natura
2733 3165 3011 3221 beneficiis
3078 3164 3170 3216 Dei
3219 3159 3527 3214 invenietur
3577 3156 3662 3209 di-

2087 3276 2189 3329 gna
2212 3260 2234 3312 ?
2257 3258 2426 3312 Primi
2455 3259 2758 3312 caelestium
2804 3256 3091 3326 spirituum
3150 3253 3374 3306 ordines
3398 3255 3660 3308 tremunt,

401 3352 466 3407 Αἱ
504 3351 718 3420 πρῶται
749 3350 858 3403 τῶν
891 3351 1002 3405 ἄνω
1032 3349 1215 3413 τάξεις
1248 3351 1534 3421 τρέμουσι,
1572 3351 1981 3414 συστέλλονται,

2088 3366 2147 3403 se
2185 3358 2559 3417 prosternunt,
2591 3349 2786 3402 timore
2819 3346 3186 3415 corripiuntur
3213 3358 3276 3396 ea
3305 3357 3426 3410 qua:
3456 3339 3672 3407 agimus

404 3445 741 3514 φρίττουσιν,
775 3443 913 3495 αὐτὶ
942 3443 1011 3494 τὰ
1045 3442 1111 3495 δι’
1143 3442 1301 3511 ἡμῶν
1335 3441 1704 3510 ἐνεργούμενα
1730 3441 1982 3508 καθορῶ-

409 3555 517 3593 σαι.
547 3537 660 3596 Καὶ
697 3537 802 3604 γὰρ
840 3535 1040 3604 μᾶλλον
1097 3531 1464 3601 θαυμάζουσι,
1501 3533 1561 3586 τδ
1594 3533 1985 3586 πολυποίκιλον

407 3628 506 3695 τῆς
531 3626 625 3678 τοῦ
653 3626 788 3679 Θεοῦ
837 3626 1030 3694 σοφίας
1075 3627 1161 3680 διὰ
1187 3628 1284 3693 τῆς
1331 3626 1666 3696 Ἐκκλησίας
1698 3645 1986 3697 καταμαν-

410 3719 692 3778 θάνουσαι,
726 3717 800 3778 ὼς
827 3717 854 3769 ό
888 3717 1098 3780 Παῦλὸς
1143 3735 1296 3786 φησι.
1327 3720 1439 3771 Καὶ
1469 3713 1632 3772 αὗται
1677 3718 1778 3786 μὲν
1809 3718 1987 3784 ἐπιγι-

409 3810 716 3869 νώσκουσαι
753 3809 811 3861 τὸ
846 3810 1062 3862 κτιστὸν
1105 3809 1337 3874 ἑαυτῶν,
1377 3811 1472 3863 καὶ
1526 3813 1588 3862 τὸ
1632 3811 1984 3880 ὑπέρμετρον

409 3903 508 3974 τῆς
557 3902 651 3956 τοῦ
702 3901 836 3955 Θεοῦ
891 3901 1252 3970 ἀγαθὸτητος,
1290 3901 1530 3954 δειλιὼσί
1559 3919 1617 3954 τε
1648 3903 1740 3954 καὶ
1783 3900 2001 3971 ἐκπλή-’

411 4014 556 4059 κτως
613 3995 812 4064 βοῶσι,
881 3995 974 4046 καὶ
1037 3994 1148 4057 τοῖς
1211 3994 1517 4062 γινομένοις
1583 3994 1986 4063 Θαυμάζουσιν.

418 4084 608 4154 ἸΙμεῖς
652 4085 707 4137 δὲ
741 4084 950 4138 τούτων
998 4085 1106 4137 τῶν
1161 4084 1455 4137 θειοτάτων
1487 4103 1546 4137 τε
1579 4088 1673 4139 καὶ
1716 4089 1990 4155 μεγίστων

412 4178 674 4246 ὑπουργοὶ
701 4177 995 4247 τυγχάνειν
1023 4176 1120 4229 καὶ
1143 4177 1412 4247 ὑπηρέται
1444 4177 1765 4248 ἠξιωμένοι,
1790 4177 1989 4242 όποίως

411 4267 774 4336 δεακείμεθας
833 4265 932 4338 τὴν
994 4267 1235 4338 φοϐερὰν
1301 4269 1556 4334 ἐξουσίαν
1627 4268 1836 4340 ταύτην
1897 4269 1994 4325 καὶ

415 4359 784 4429 φρικτοτάτην
863 4359 1222 4427 ἐγχείρησιν,
1282 4359 1428 4412 ἔστιν
1514 4361 1602 4412 ὅτε
1677 4362 1756 4423 εἰς
1820 4361 1994 4430 ἀρχὴν

418 4448 638 4519 (οἴμοιῐ)
699 4449 909 4511 παθῶν,
1188 4453 1283 4502 καὶ
1343 4451 1480 4520 ὓλην
1546 4452 1845 4519 ἁμαρτίας,
1895 4451 1993 4519 τὴν

417 4543 689 4611 ἁμαρτίας
727 4543 822 4594 καὶ
857 4541 1045 4594 παθῶν
1091 4543 1369 4611 ἀναιρετιν
1423 4544 1878 4615 ἀπεργαζόμεθα.
1914 4547 1994 4606 εἰς

417 4633 665 4698 ἐξουσίαν
698 4633 930 4702 ἀρχικήν
975 4650 1034 4683 τε
1069 4634 1160 4685 καὶ
1194 4634 1466 4704 κοσμικὴν
1500 4633 1705 4704 ταύτην
1739 4635 1995 4699 ἐλκοντές

2089 3448 2379 3493 cernentes
2409 3455 2422 3492 :
2453 3438 2656 3492 etenim
2691 3436 2927 3490 maxime
2969 3436 3238 3488 mirantur
3273 3429 3531 3499 quoniam
3571 3441 3670 3496 per

2087 3531 2374 3584 ecclesiam
2455 3528 2782 3597 praedicatur
2849 3523 3198 3578 multiformis
3292 3522 3381 3576 Dei
3451 3518 3666 3586 sapien-

2093 3623 2209 3685 tia,
2266 3632 2323 3674 ut
2410 3621 2653 3688 loquitur
2741 3617 3021 3683 Paulus‘;
3086 3616 3298 3684 ipsique
3367 3625 3670 3682 agnoscen-

2092 3727 2172 3768 tcs
2203 3730 2230 3767 a
2264 3729 2372 3782 quo
2399 3714 2566 3767 creati
2604 3721 2730 3766 sunt
2769 3721 2825 3765 et
2855 3711 3174 3763 immensam
3215 3707 3304 3759 Dei
3344 3706 3394 3757 in
3427 3719 3483 3756 se
3520 3699 3674 3754 boui-

2092 3813 2258 3859 tatem
2291 3805 2486 3859 timent
2527 3814 2582 3858 et
2635 3811 2915 3872 stupentes
2960 3801 3302 3871 proclamant
3337 3799 3403 3851 de
3434 3796 3518 3848 bis
3553 3809 3678 3862 quae

2094 3897 2228 3952 fiunt
2274 3896 2567 3951 miraculis.
2618 3894 2729 3950 Nos
2792 3909 2922 3950 vero
2971 3893 3440 3948 sanctissitnarum
3501 3883 3679 3939 maxi-

2095 4002 2419 4058 marumque
2470 4003 2652 4042 rerum
2705 3987 3016 4041 ministerio
3057 3993 3110 4038 et
3141 3979 3551 4051 dispensatione
3590 3975 3678 4030 di-

2094 4080 2242 4151 gnati
2265 4095 2504 4148 quonam
2529 4079 2712 4133 animo
2741 4076 2968 4131 sumus?
2993 4072 3354 4128 Tremendam
3386 4071 3523 4122 hanc
3546 4079 3677 4119 auc-

2098 4174 2370 4227 toritatem
2430 4181 2484 4225 et
2567 4168 2960 4225 formidandam
3053 4163 3462 4229 fabricationem
3512 4172 3675 4225 sarpe,

2099 4267 2241 4321 heu!
2275 4266 2328 4319 in
2360 4263 2516 4319 nobis
2539 4261 2770 4331 imperio
2804 4259 3118 4329 passionum
3174 4264 3227 4308 et
3256 4250 3436 4308 carnis
3467 4247 3676 4317 peccati

2099 4357 2441 4426 subjicimus,
2477 4355 2602 4408 dum
2629 4352 2834 4422 peccati
2870 4363 2923 4404 et
2947 4347 3259 4418 passionum
3291 4344 3468 4412 fugam
3500 4347 3556 4394 et
3584 4339 3681 4390 de-

2101 4447 2441 4501 relictionem
2475 4459 2642 4512 super
2665 4442 2755 4496 illo
2776 4439 3137 4509 complemus,
3166 4445 3220 4490 et
3245 4436 3299 4488 in
3329 4434 3470 4486 hanc
3500 4439 3680 4497 potes-

2105 4549 2271 4594 tatem
2302 4537 2552 4592 omnium
2579 4535 2835 4605 primam,
2864 4531 3018 4601 quasi
3073 4528 3349 4582 mundana
3377 4523 3516 4577 foret
3575 4531 3683 4575 tra-

2106 4635 2306 4687 hantur
2357 4629 2576 4698 quidam
2627 4627 2791 4680 etiam
2849 4625 2992 4679 male
3045 4623 3312 4682 viventes,
3373 4625 3426 4670 et
3458 4617 3510 4669 in
3559 4628 3676 4668 eam

416 4742 560 4788 τινες
604 4725 700 4778 καὶ⁵
733 4723 984 4794 πονηρῶς
1039 4723 1375 4794 βιαζόμενοι,
1424 4729 1518 4780 καὶ
1560 4726 1846 4795 μανιωδῶς
1877 4730 1981 4779 ἐπιι

2100 4725 2266 4777 stulte
2313 4720 2628 4790 furioseque
2668 4716 2972 4772 insilientes
2995 4715 3068 4768 ita
3102 4727 3222 4780 qua:
3255 4716 3381 4763 sunt
3411 4713 3680 4795 praecepta

418 4819 696 4885 πηδῶντες
753 4817 915 4885 αὐτῇ,
945 4817 1040 4870 καὶ
1103 4815 1174 4872 τὰ
1234 4814 1360 4867 καθ’
1409 4808 1485 4868 ὧν
1520 4818 1761 4887 κατέστη
1793 4818 2001 4886 διενερ-

417 4908 664 4976 γοῦντες,
699 4907 788 4960 ἵνα
846 4907 1052 4974 ταύτης
1107 4907 1240 4977 φεῦὶ
1294 4907 1860 4978 ὲπιδράξωνται,ετγε
1908 4909 2003 4961 καὶ

419 4999 622 5066 ταύτης
673 4996 817 5051 οὕτω
859 4998 1168 5068 μετέχουσι,
1218 5001 1315 5052 καὶ
1364 4999 1424 5053 οὗ
1465 5000 1838 5069 μακρύνονται
1871 5001 2006 5070 μᾶλ-

421 5087 534 5144 λον.
566 5090 673 5142 Τοῦ
711 5090 953 5143 τοιούτου
995 5089 1164 5158 ὕψους
1195 5093 1274 5154 εἰς
1320 5093 1531 5146 ἔννοιαν
1579 5093 1628 5143 οἱ
1682 5091 1805 5146 κατ’
1835 5091 2004 5160 ἀγγέ-

420 5181 544 5244 λους
577 5182 773 5233 ἐκεῖνοι
811 5181 921 5235 τῶν
953 5182 1122 5250 ἁγίων
1153 5183 1452 5252 γινόμενοι,
1479 5181 1622 5237 κατὰ
1649 5182 1717 5235 τὰ
1751 5181 2005 5236 θειότατα

422 5274 761 5343 φρίττοντες,
816 5272 890 5334 ὡς
953 5274 1193 5344 εἴρηται,
1253 5275 1527 5345 Σεραφὶμ,
1588 5274 1650 5326 τὺ
1705 5273 1850 5344 μέγα
1904 5274 2006 5341 τῆς

426 5364 730 5436 ἱερωσύνης
763 5365 990 5432 ἔφευγόν
1018 5381 1078 5418 τε
1124 5367 1218 5420 καὶ
1253 5367 1644 5420 ὑπεστέλλοντο
1669 5383 1684 5398 ο
1747 5366 2007 5435 ἀξιούμε-

425 5475 505 5509 νοι
549 5457 608 5509 δέ
661 5457 887 5527 ταύτης,
942 5457 1089 5520 ὅπως
1118 5459 1210 5512 τὸν
1241 5458 1452 5513 ἑαυτῶν
1494 5458 1834 5530 ᾠκονόμουν.
1866 5457 2007 5531 βίον,

427 5547 584 5617 δῆλον
615 5551 671 5613 ἐξ
699 5543 773 5602 ὧν
805 5551 1154 5616 εἰργάσαντο.

435 5855 438 5862 -
506 5815 528 5848 ⁵
564 5817 761 5883 Ephes.
792 5833 872 5884 ut,
914 5815 1000 5871 t0.

2107 4814 2318 4869 faciunt
2350 4823 2410 4867 ut
2441 4813 2588 4866 illam
2617 4810 2910 4878 arripiant,
2939 4807 3053 4874 qui,
3088 4804 3191 4855 heu
3218 4803 3230 4855 ι
3280 4799 3346 4852 ab
3379 4798 3467 4850 illa
3503 4793 3680 4848 arceri

2107 4905 2454 4970 meruissent,
2513 4903 2713 4957 nedum
2748 4900 2831 4953 bis
2851 4897 3108 4951 omnibus
3149 4891 3527 4947 emendemus.
3598 4883 3679 4937 llli

2106 5013 2235 5054 vero
2271 4997 2363 5065 qui
2394 5003 2710 5048 sanctorum
2738 5003 2889 5043 more
2917 4985 3163 5040 viventes
3209 4982 3273 5035 ad
3318 4980 3492 5033 instar
3517 4991 3683 5045 ange-

2106 5092 2286 5145 lorum
2361 5083 2780 5153 intelligentiam
2853 5087 2908 5133 et
2991 5075 3451 5130 existimationem
3516 5069 3681 5136 hujus

2105 5178 2285 5249 adepti
2311 5184 2441 5232 sunt
2465 5171 2829 5237 celsitudinis,
2859 5176 3175 5232 trementes,
3215 5175 3270 5219 ut
3321 5163 3562 5217 diximus
3607 5161 3676 5214 de

2105 5269 2464 5329 sanctissimis
2495 5267 2802 5334 Serapbim,
2825 5277 3071 5332 magnam
3092 5259 3380 5316 sacerdotii
3411 5256 3685 5326 effugiunt

2105 5364 2422 5434 dignitatem
2454 5367 2507 5413 et
2539 5357 2607 5412 ab
2627 5373 2690 5411 ea
2726 5370 2784 5410 se
2820 5353 3131 5409 subducunt
3166 5369 3180 5404 :
3247 5350 3462 5420 dignos‘
3501 5355 3686 5402 autem

2105 5458 2225 5523 ejus
2261 5468 2321 5508 se
2350 5449 2647 5506 ostendunt
2685 5445 2994 5502 manifestis
3055 5445 3314 5516 operibus
3367 5443 3566 5512 quibus
3599 5439 3688 5496 vi-

2109 5557 2218 5603 tam
2251 5545 2508 5602 ordinant
2546 5551 2600 5599 et
2640 5546 2857 5613 regunt.
