4118 6524
427 372 533 437 959

1295 371 1677 434 SYMEONIS
1707 369 2466 435 THESSALONICENSIS
2501 371 2850 435 ARCIIIEP.

3615 369 3720 432 9CD

501 487 610 541 Nos
627 501 776 555 ergo,
799 484 1144 550 charissime,
1177 484 1338 555 hujus
1360 483 1538 539 meriti
1570 483 1864 552 participes
1896 498 2020 537 esse

2201 487 2421 541 Τούτων
2455 487 2553 557 τῆς
2583 487 2739 552 ἀξίας
2774 485 2866 540 καὶ
2914 488 3075 558 ἡμεῖς
3134 488 3404 551 κοινωνοὶ,
3437 488 3717 560 ἀγαπητέ,

431 579 738 648 cupientes,
803 586 1070 647 quantum
1125 580 1470 648 poterimus,
1531 575 1811 631 enitemur
1862 576 2027 630 vitam

433 686 622 740 regere
670 681 722 726 et
771 673 1077 726 reformare
1111 673 1178 727 ad
1222 687 1415 726 eorum
1459 671 1772 742 exemplum
1810 680 1865 725 et
1900 686 2031 724 nor-

404 765 599 818 'mam.
635 763 749 820 Hoc
782 781 924 833 opus
978 779 1084 819 non
1131 765 1309 818 solum
1368 778 1478 818 non
1517 772 1601 818 est
1653 771 1901 817 nostrqu
1939 761 2031 830 qui

433 870 625 909 sumus
662 856 855 908 tantuli
899 856 1045 910 inter
1097 856 1380 919 minimos,
1435 868 1542 908 nec
1573 864 1921 920 consequens
1966 863 2032 902 ex

430 960 624 1004 nostro
657 949 876 1013 merito,
908 949 1002 1002 sed
1022 949 1186 1003 etiam
1218 963 1400 1017 neque
1431 956 1512 1000 est
1538 961 1677 1016 opus
1705 960 1897 1001 eorum
1927 942 2021 1014 qui

429 1051 740 1113 suntquam
777 1042 1017 1097 maxime
1036 1042 1158 1112 puri
1195 1051 1250 1096 et
1278 1041 1370 1110 qui
1390 1041 1693 1095 secundum
1713 1038 1936 1107 angelos
1960 1035 2034 1088 vi-

429 1143 589 1195 vunt,
621 1132 716 1187 St‘d
745 1147 920 1200 neque
943 1147 1082 1201 Opus
1101 1141 1186 1185 est
1214 1131 1454 1200 ipsorum
1476 1129 1818 1198 angelorum.
1851 1126 2038 1182 Solius

428 1226 627 1278 divina!
659 1235 741 1277 est
781 1240 916 1291 opus
957 1232 1173 1277 natura:
1233 1223 1587 1293 producentis
1621 1221 1887 1276 ex'nihilo
1918 1235 2038 1288 quae

430 1328 559 1371 sunt
589 1327 643 1372 et
675 1333 781 1371 non
812 1315 1224 1386 fueruntprius,
1257 1333 1378 1386 qua:
1408 1317 1594 1372 omnia
1631 1324 1944 1375 conservat,
1984 1328 2040 1376 et

433 1425 553 1479 quae
589 1417 772 1478 potest
833 1425 931 1478 pro
965 1409 1266 1464 voluntatis
1301 1418 1439 1464 nutu
1500 1424 1562 1464 ea
1609 1417 1843 1463 mutare.
1879 1405 2036 1472 Quod

431 1503 555 1558 iude
597 1513 764 1572 patet.
835 1500 950 1557 Soli
1001 1502 1142 1557 inter
1188 1517 1277 1556 res
1323 1511 1537 1557 creatas
1583 1499 2040 1556 reformationem

431 1605 821 1666 exspectamus
845 1610 952 1664 qua
978 1595 1312 1664 indigemus,
1333 1593 1539 1648 misere
1565 1592 1799 1648 triturati
1823 1601 1876 1646 et
1904 1592 2033 1661 pul-

432 1686 764 1744 chritudinis
788 1686 1034 1756 pristina:
1051 1685 1320 1753 iacturam
1353 1684 1498 1754 passi
1521 1699 1627 1738 non
1653 1681 1928 1738 audiendo
1948 1696 2044 1734 vo-

433 1797 551 1838 cem
571 1781 661 1835 Dei
683 1779 899 1845 aaterni,
920 1777 1268 1844 immortalis,
1291 1777 1626 1832 immaculati
1647 1784 1702 1830 el
1723 1774 2038 1830 immutabi-

431 1877 521 1944 lis;
542 1878 688 1932 bono
701 1884 878 1929 autem
895 1890 956 1930 ex
977 1871 1148 1927 nihilo
1172 1882 1356 1927 creato
1373 1869 1700 1937 servientes;
1725 1865 2032 1922 voluntarie

430 1973 673 2042 corrupti
743 1989 808 2027 ex
865 1988 952 2039 eo,
989 1972 1174 2028 divina
1233 1965 1646 2023 immortalitate
1692 1963 1934 2032 spoliati,
1977 1969 2034 2016 et

432 2068 779 2136 separatione
807 2075 862 2122 et
902 2065 1227 2120 alienatione
1246 2062 1314 2116 ab
1342 2059 1743 2116 immortalibus
1773 2054 2032 2110 mortales

433 2161 582 2224 facti,
619 2161 673 2212 in
706 2168 913 2214 tantam
961 2158 1150 2228 gratia:
1203 2155 1590 2210 necessitatem
1650 2151 1947 2206 incidimus
1977 2156 2033 2205 et

434 2252 724 2324 penuriam
775 2252 989 2306 auxilii.
1045 2251 1154 2304 Etsi
1197 2249 1344 2304 enim
1387 2255 1633 2316 apostata
1672 2245 1773 2300 sibi
1816 2243 1919 2314 ipsi
1948 2243 2032 2298 vi-

435 2360 571 2400 vens
621 2355 673 2400 et
711 2353 867 2401 stans
914 2342 1188 2406 videatur,
1247 2350 1428 2395 tamen
1476 2339 1722 2409 privatur
1755 2353 1884 2392 vera
1934 2335 2028 2391 Dei

431 2440 563 2505 vita,
603 2439 842 2509 pessima
898 2435 1201 2490 mutatione
1250 2443 1445 2504 sponte
1490 2449 1589 2487 sua
1645 2441 1924 2498 mutatus;
1976 2439 2030 2484 et

433 2536 532 2592 hac
558 2533 674 2602 ipsa
728 2530 1087 2600 persuasione
1131 2525 1482 2582 adversarius
1526 2524 1880 2580 constituitur
1926 2522 2029 2578 Do-

431 2626 563 2679 mini
598 2624 692 2694 qui
727 2622 856 2678 fecit
885 2623 1034 2676 illum
1071 2630 1125 2675 et
1156 2631 1445 2688 propterea
1476 2619 1576 2673 sibi
1627 2617 1730 2686 ipsi
1770 2627 1824 2670 et
1868 2617 2028 2670 nobis

429 2734 566 2789 quos
601 2716 805 2786 perfide
835 2715 1086 2771 alliciens
1124 2715 1188 2767 ad
1215 2712 1574 2766 imitationem
1610 2709 1695 2782 sui
1731 2709 2025 2778 persuasit,

429 2827 589 2867 causa
619 2809 944 2880 perditionis
975 2807 1097 2862 fuit.
1130 2805 1236 2862 Sed
1265 2807 1354 2859 ille
1385 2805 1586 2872 mansit
1620 2812 1887 2871 apostata,
1927 2818 2029 2857 nec

429 2905 690 2960 malitiam
725 2902 1003 2967 deseruit;
1030 2915 1131 2954 nos
1163 2915 1291 2952 vero
1312 2907 1504 2967 etpost
1532 2902 1814 2965 peccatum
1848 2894 2026 2948 locum

428 2996 726 3051 habuimus
778 2993 844 3048 ad
882 2993 1048 3047 vitam
1092 2989 1418 3052 remeandi,
1467 2989 1716 3043 bonitate
1758 2987 1879 3054 ejus
1931 2985 2025 3055 qui

429 3089 554 3144 fecit
611 3103 730 3143 nos.
763 3086 857 3141 llle
908 3085 1056 3139 enim
1115 3098 1222 3137 non
1282 3081 1590 3136 illusionem
1641 3093 2027 3148 quamcunque

2139 581 2260 651 θείᾳ
2301 581 2486 650 χάριτι
2537 581 2845 648 γεγονότες,
2876 578 2953 643 ὡς
2999 579 3229 648 δύναμις
3278 579 3604 650 ἐξακριϐοῦν
3630 581 3724 636 τδν

2139 673 2253 741 βίον
2313 674 2408 726 καὶ
2451 671 2754 726 διευθύνειν
2805 671 2928 727 κατ’
2992 671 3238 735 ἐκείνους
3300 673 3718 745 σπουδάσωμεν.

2137 767 2308 820 Τοῦτο
2349 769 2408 821 τδ
2448 768 2609 838 ἔργον
2638 769 2738 837 οὔχ
2765 768 2914 830 ὃπως
2956 768 3066 821 τῶν
3105 767 3405 837 ἐλαχίστων
3435 769 3594 838 ἡμῶν
3620 769 3721 824 οὒκ

2138 860 2308 912 ἔστιν·
2346 859 2507 928 ἐργον
2571 860 2733 926 ἀξίας
2778 860 2880 929 τῆς
2935 862 3210 930 ἡμετέρας
3264 860 3578 926 ἀκόλουθον,
3604 861 3722 915 ἀλλ’

2138 953 2261 1005 οὐδὲ
2313 956 2415 1020 τῆς
2465 953 2576 1007 τῶν
2629 951 2816 1024 ἄκρως
2856 953 3290 1022 κεκαθαρμένων
3342 953 3588 1018 ἐκείνων,
3627 955 3722 1010 καὶ

2138 1045 2249 1098 τῶν
2293 1046 2414 1100 κατ’
2457 1045 2728 1115 ἀγγέλους
2779 1045 2875 1099 καὶ
2920 1045 3171 1113 ἀγγέλων
3217 1045 3419 1103 αὐτῶν.
3454 1047 3637 1115 Μόνης
3664 1046 3720 1100 δέ

2139 1141 2240 1208 τῆς
2297 1139 2446 1202 Θείας
2513 1137 2672 1192 τοῦτο
2727 1141 2990 1209 τυγχάνει
3048 1139 3263 1208 φύσεως
3316 1139 3499 1209 ἔργον,
3529 1139 3720 1208 τῆςτά

2139 1233 2270 1286 ὄντα
2323 1229 2762 1302 παραγαγούσης
2800 1229 2875 1299 μὴ
2929 1229 3061 1283 ὅντα
3109 1230 3396 1299 πρότερον.
3437 1231 3532 1283 καὶ
3565 1227 3720 1292 αὖθις

2143 1324 2589 1396 συγκρατούσης,
2627 1321 2720 1377 καὶ
2777 1322 3030 1377 ἀλλοιοῦν
3087 1321 3394 1394 δυναμένης
3425 1324 3498 1387 ὡς
3533 1323 3720 1393 βούλε-

2141 1434 2253 1470 ται.
2289 1415 2402 1470 Καὶ
2460 1414 2622 1484 δῆλον
2677 1413 2952 1468 ἐντεῦθεν.
2989 1412 3146 1466 Ἐπεὶ
3191 1413 3300 1484 γὰρ
3359 1415 3520 1485 ἡμεῖς
3571 1414 3721 1482 μόνοι

2142 1509 2251 1562 τῶν
2289 1505 2592 1575 γεγονότων
2619 1505 2879 1559 ἁπάντων
2917 1505 3020 1570 τῆς
3055 1505 3504 1575 ἀναμορφὼσεως
3558 1505 3721 1576 ἐχρῄ-

2145 1597 2334 1668 ζομεν,
2368 1597 2750 1667 συντριϐέντες
2799 1596 3004 1660 ἀθλίως
3042 1597 3136 1650 καὶ
3189 1596 3249 1649 τὸ
3286 1594 3477 1667 πρῴην
3529 1597 3721 1650 ἀπολέ-

2147 1708 2341 1754 σαντες
2386 1689 2583 1753 κάλλος
2609 1690 2704 1744 τοῦ
2735 1690 2820 1742 ἀεὶ
2855 1688 2956 1758 μὲν
2987 1687 3139 1752 ὄντος
3175 1688 3272 1741 καὶ⁵
3326 1687 3597 1742 ἀθανάτου
3629 1689 3724 1741 καὶ

2148 1785 2432 1855 ἀφθάρτου
2483 1785 2578 1838 καὶ
2629 1782 2997 1840 ἀναλλοιὼτου
3061 1782 3197 1837 Θεοῦ
3253 1781 3720 1851 παρακούσαντες,

2142 1879 2558 1941 ὑπακούσαντες
2588 1877 2644 1930 δὲ
2675 1875 2771 1930 τοῦ
2797 1879 2859 1929 ἐκ
2901 1877 2977 1946 μὴ
3012 1875 3166 1940 ὄντος
3188 1875 3472 1944 γεγονότος
3497 1873 3720 1942 ἀγαθοῦ,

2141 1976 2235 2029 καὶ
2270 1973 2726 2043 παραφθαρέντος
2786 1969 3073 2036 ἑκουσίως,
3127 1971 3222 2023 καὶ
3269 1969 3368 2039 τὴν
3422 1967 3722 2021 ἀθανασίαν

2139 2067 2550 2130 ἀπολωλεκότος
2617 2065 2716 2135 τὴν
2769 2063 2946 2126 θείαν,
2979 2061 3176 2130 θνητοῦ
3232 2078 3292 2114 τε
3350 2057 3723 2122 καταστάντος

2139 2164 2205 2230 τῇ
2261 2160 2543 2214 διαστάσει
2591 2157 2688 2211 τοῦ
2747 2157 3042 2220 ἀθανάτου,
3079 2156 3160 2219 είς
3209 2154 3310 2223 τὴν
3365 2147 3554 2224 χρείαν
3619 2150 3720 2219 τῆς

2141 2254 2365 2325 χάριτος
2390 2251 2595 2322 ταύτης
2626 2251 2889 2322 ἤλθομεν.
2925 2251 2988 2304 Ei
3016 2250 3124 2318 γὰρ
3156 2248 3249 2300 καὶ
3282 2247 3393 2311 ζῶν
3414 2245 3510 2299 καὶ
3546 2245 3719 2312 μένων

2138 2351 2166 2402 ὁ
2205 2349 2520 2416 ἀποστάτης
2548 2347 2720 2410 δοκεῖ,
2750 2345 2886 2399 ἀλλά
2917 2345 3015 2413 τῆς
3053 2343 3288 2408 ἀληθοῦς
3318 2341 3463 2411 ζωῆς
3489 2342 3591 2410 τῆς
3617 2339 3715 2395 τοῦ

2139 2441 2274 2494 Θεοῦ
2308 2441 2702 2510 ἀπεστέρηται,
2737 2438 3052 2500 ἀλλοιωθεὶς
3082 2435 3387 2498 αὖτοθελῶς
3414 2434 3511 2505 τὴν
3553 2451 3717 2496 πονη-

2143 2535 2243 2605 ράν
2278 2532 2590 2600 ἀλλοίωσιν,
2624 2533 2721 2586 καὶ
2755 2530 3002 2592 ἐναντίος
3034 2530 3177 2583 κατᾶ
3231 2530 3291 2582 τὸ
3335 2527 3522 2582 δοκοῦν
3571 2528 3719 2598 αύτῷ

2139 2627 2392 2696 ὑπάρξας
2457 2624 2536 2695 τῷ
2592 2623 2920 2692 πεποιηκότι
2987 2622 3152 2676 αύτδν
3204 2621 3470 2691 Δεσπότῃ.
3511 2621 3602 2673 καὶ
3633 2619 3722 2673 διὰ

2138 2721 2297 2776 τοῦτο
2352 2720 2629 2782 ἀπωλείας
2680 2718 2780 2784 τῆς
2841 2717 2964 2784 ῐσης
3018 2715 3191 2784 αὐτῷ,
3234 2714 3328 2768 καὶ
3387 2714 3519 2782 ἡμῖν
3575 2711 3720 2782 αύτῷ

2138 2813 2532 2881 πεπεισμένοις
2585 2809 2879 2877 παραίτιος
2913 2807 3158 2873 γέγονεν.
3207 2805 3350 2858 Ἀλλ’
3380 2805 3582 2866 ἐκεῖνος
3621 2804 3718 2872 μὲν

2137 2907 2452 2975 ἀποστάτης
2491 2905 2666 2973 μένει,
2700 2902 2794 2955 καὶ
2824 2904 2856 2972 ή
2895 2899 3062 2954 κακία
3115 2897 3264 2968 αύτῷ
3298 2896 3666 2967 ἀναπόϐλητος
3695 2909 3711 2924 ⁸

2137 3001 2299 3070 ἡμεῖς
2355 2999 2412 3052 δέ
2471 2997 2563 3050 καὶ¹
2625 2995 2764 3065 μετά
2822 2993 2882 3047 τὸ
2946 2993 3154 3051 πεσεῖν,
3183 2988 3479 3059 ἐγερθῆναι
3531 2986 3714 3056 χώραν

2137 3091 2439 3162 εἰλήφαμεν
2472 3088 2774 3159 ἀγαθότητι
2803 3086 2899 3141 τοῦ
2936 3083 3303 3152 πεποιηκότος
3347 3097 3364 3112 ⁸
3402 3082 3482 3135 ὅτι
3510 3082 3715 3144 ἐκεῖνος

426 3197 623 3252 passus
649 3159 741 3235 cst
773 3188 827 3233 ut
866 3179 1127 3256 caderet;
1184 3191 1284 3230 nec
1317 3184 1433 3231 erat
1486 3175 1730 3242 pondere
1765 3173 1944 3226 carnis
1973 3181 2029 3226 et

2140 3159 2372 3254 μὲν-οὑκ
2417 3181 2603 3251 ἀπάτῃ
2655 3180 2972 3238 πέπτωκεν,
3004 3175 3126 3228 οῦδὲ
3160 3174 3270 3244 γὰρ
3302 3171 3506 3242 σαρκὸς
3554 3171 3718 3240 πάχει

425 3275 673 3328 materne
723 3271 996 3326 illecebris
1034 3269 1355 3332 innodatus,
1418 3266 1512 3321 sed
1544 3265 1870 3331 voluntarie,
1929 3264 2032 3318 etsi

427 3366 552 3432 ejus
588 3381 770 3417 veram
802 3372 857 3418 et
883 3362 1117 3416 lucidam
1152 3359 1381 3413 haberet
1413 3358 1808 3427 cognitionem,
1833 3355 2034 3410 decidit

427 3475 456 3512 a
492 3432 656 3511 borio.
697 3454 838 3510 Hinc
890 3470 1020 3524 ergo
1056 3461 1110 3507 et
1161 3453 1502 3523 pu‘nitentite
1558 3452 1741 3506 locum
1792 3465 1902 3504 non
1934 3449 2032 3503 ha-

427 3550 584 3616 bens,
609 3549 832 3616 uerlidia
860 3546 1096 3601 maxime
1111 3547 1308 3608 malus,
1332 3545 1388 3598 in
1411 3545 1614 3599 malitia
1639 3541 2028 3613 perseveravit,

430 3654 485 3699 et
540 3644 804 3698 malitiam
867 3657 1023 3697 suam
1093 3642 1268 3696 auxit.
1328 3638 1437 3694 Nos
1494 3647 1679 3692 autem
1737 3652 1769 3690 e
1844 3636 2025 3691 sensi-

426 3737 528 3791 bus
581 3735 755 3804 erepti
807 3743 861 3788 et
912 3742 1104 3787 contra
1163 3731 1432 3800 pessimas
1505 3729 1628 3799 ejus
1678 3727 2030 3784 seductiones

427 3826 668 3894 muniti,
747 3825 974 3895 gratiam
1033 3825 1348 3893 accepimus
1400 3822 1740 3891 pmnitentize
1775 3861 1789 3885 ,
1851 3828 1911 3872 ut
1985 3818 2031 3872 si

439 3918 666 3988 quando
721 3916 776 3971 in
827 3916 1186 3971 tentationem
1240 3915 1370 3968 mali
1411 3915 1575 3984 hujus
1625 3913 1800 3968 hostis
1857 3910 2030 3967 nostri

431 4009 814 4076 inciderimus,
846 4023 1070 4064 sensum
1104 4017 1160 4062 et
1185 4007 1607 4077 intelligentiam
1639 4004 1824 4075 adepti
1867 4020 2028 4059 vero-

427 4120 549 4158 rum
597 4112 652 4157 et
697 4103 1009 4158 divinorum
1031 4102 1328 4165 bonorum,
1376 4115 1407 4155 e
1445 4100 1648 4170 quibus
1699 4097 2026 4162 excidimus,

429 4195 841 4265 msipiscamus,
872 4194 1071 4248 iterum
1123 4207 1470 4256 revocemur,
1502 4200 1555 4246 et
1585 4205 1681 4260 pro
1727 4189 1886 4260 culpa
1918 4191 2026 4243 mi-

427 4287 743 4344 sericordiae
774 4287 1002 4358 gratiam
1040 4287 1363 4352 habeamus,
1393 4294 1450 4341 et
1484 4287 1666 4341 denuo
1699 4285 1752 4340 in
1800 4283 2026 4353 partici-

430 4381 708 4459 pationem
788 4380 1054 4436 bonitatis
1114 4381 1315 4436 divina:
1369 4379 1830 4446 redintegremur.
1889 4375 2028 4432 Cum

429 4474 596 4545 igitur
628 4475 696 4529 ad
728 4474 843 4530 haec
885 4473 1113 4529 tendant
1171 4482 1226 4528 et
1258 4473 1540 4542 prophelte
1569 4482 1624 4528 et
1665 4475 1748 4526 lex
1777 4481 1833 4526 et
1861 4487 2028 4526 caere-

2141 3277 2240 3328 καὶ
2279 3273 2383 3344 ῦλῃ
2419 3273 2850 3344 συμπέπλεκτο·
2883 3269 3148 3329 ἑκουσίως
3175 3267 3252 3331 δὲ,
3291 3264 3462 3336 οῦπερ
3504 3263 3719 3333 ἀληθῶς

2139 3368 2239 3436 τὴν
2275 3367 2481 3437 γνῶσιν
2523 3363 2691 3436 εἶχεν,
2749 3365 3103 3434 ἀπεπήδησεν
3161 3358 3392 3428 ἀγαθοῦ.
3435 3355 3715 3410 Ἐντεῦθεν

2151 3459 2247 3515 οὖν
2296 3461 2391 3515 καὶ
2457 3459 2748 3531 μετανοίας
2809 3457 2995 3528 χώραν
3034 3457 3130 3509 οὐκ
3184 3454 3344 3524 ἔχων,
3375 3448 3717 3505 ἐθελοκακῶν

2145 3556 2346 3624 μᾶλλον
2409 3554 2584 3623 μένει,
2621 3552 2715 3606 καὶ
2764 3554 2830 3621 τῇ
2865 3549 3103 3622 πονηρίᾳ
3134 3547 3482 3602 πλατύνεται.
3528 3543 3717 3612 Ἡμεῖς

2139 3645 2217 3709 δὲ,
2256 3645 2509 3716 αἰσθήσει
2541 3643 2845 3704 κλαπέντες
2878 3643 2975 3694 καὶ
3023 3641 3204 3712 πλάνῃ
3244 3637 3435 3691 τούτου
3484 3636 3716 3705 πονηρᾷ,

2140 3739 2300 3808 χάριν
2344 3739 2648 3807 εἰλήφαμεν
2677 3735 2993 3805 μετανοίας,
3027 3733 3103 3796 ὡς
3133 3733 3180 3785 εί
3218 3729 3313 3785 τοῦ
3347 3728 3521 3784 κακοῦ
3556 3745 3718 3796 γεγο-

2138 3832 2291 3892 νότες
2321 3831 2378 3883 ἐν
2405 3830 2594 3901 πείρᾳ,
2625 3827 2818 3881 τούτου
2845 3825 3363 3894 καταφρονήσομεν,
3403 3824 3487 3885 είς
3523 3820 3718 3890 αίσθη-

2141 3923 2225 3976 σίν
2276 3940 2336 3976 τε
2395 3922 2505 3976 τῶν
2555 3918 2774 3990 ἀληθῶν
2818 3918 2912 3970 καὶ
2963 3915 3124 3970 θείων
3159 3910 3234 3968 ὧν
3275 3911 3716 3980 ἐκπεπτώκαμεν

2138 4015 2426 4084 γεγονότες
2483 4009 2991 4083 μεταμεληθῶμεν,
3060 4006 3220 4070 αὖθις
3282 4005 3716 4074 ἀνακληθώμεν,

2138 4109 2234 4162 καὶ
2286 4107 2387 4176 τῆς
2447 4106 2668 4175 ἀπάτης
2727 4104 2946 4172 ἐκείνης
3004 4101 3168 4172 χάριν
3224 4098 3557 4170 ἐλεηθῶμεν,
3620 4096 3720 4164 τῆς

2138 4199 2288 4261 θείας
2348 4199 2405 4250 δέ
2466 4196 2630 4250 πάλιν
2691 4193 3092 4266 μεταλάϐωμεν
3147 4192 3511 4261 ἀγαθὸτητος.
3563 4188 3716 4243 Ἐπεὶ

2136 4289 2231 4347 οὖν
2267 4292 2356 4346 διά
2386 4289 2561 4345 ταῦτα
2597 4290 2694 4344 καὶ
2721 4287 3025 4359 προφῆται,
3056 4286 3154 4340 καὶ
3185 4285 3371 4355 νόμος,
3403 4285 3499 4338 καὶ
3526 4282 3716 4352 τελετὴ

2137 4385 2291 4440 πᾶσα
2346 4382 2562 4448 τούτου,
2615 4383 2713 4437 καὶ
2757 4382 3074 4435 τελευταῖον
3105 4378 3243 4434 Θεοῦ
3276 4376 3715 4448 ἐνανθρώπηςις,

2136 4477 2226 4532 ἵνα
2257 4478 2350 4531 καλ⁹
2394 4476 2736 4546 διδαχθῶμεν
2779 4475 2880 4545 τὴν
2915 4473 3147 4536 πτῶσιν,
3191 4473 3282 4527 καὶ
3333 4471 3535 4543 ταύτης
3579 4471 3718 4524 ἀπο-

432 4568 628 4623 monia:
657 4567 1036 4636 sacriﬁciaque
1065 4569 1248 4622 omnia
1284 4567 1402 4636 lege
1437 4566 1754 4636 praescripta
1785 4577 1838 4621 et
1870 4566 2027 4622 deni-

2138 4569 2359 4632 στάντες
2397 4568 2488 4621 καὶ
2518 4567 2611 4622 τοῦ
2653 4566 2976 4637 φθείραντος
3005 4567 3151 4634 ἡμᾶς
3183 4564 3278 4619 καὶ
3318 4564 3715 4634 πλανήσαντος,

429 4674 538 4728 que
556 4658 649 4713 Dei
678 4659 984 4713 incarnatio
1015 4661 1154 4712 inter
1184 4658 1461 4721 homines,
1495 4665 1557 4711 ut
1584 4657 1784 4710 malum
1817 4655 2024 4726 peccati

431 4751 750 4816 doceamur,
779 4757 1057 4820 quatenus
1087 4750 1154 4804 ab
1189 4749 1282 4803 illo
1316 4749 1637 4803 recedentes
1668 4757 1725 4800 et
1760 4748 1906 4802 hunc
1931 4745 2022 4815 qui

428 4861 528 4900 nos
550 4845 853 4915 corrumpit
876 4853 930 4899 et
951 4844 1185 4910 seducit,
1209 4842 1497 4913 fugientes,
1526 4841 1867 4894 inveniamur
1885 4839 2028 4894 sicut

427 4938 578 5008 prius
625 4936 854 5001 fuimus,
905 4945 1002 4991 aut
1035 4937 1217 5005 potius
1273 4935 1546 4998 meliores,
1585 4943 1780 4987 natura
1813 4931 2027 4986 scilicet

426 5037 619 5083 nostra
655 5027 903 5083 Creatori
934 5026 1105 5092 unita,
1139 5033 1200 5078 ut
1248 5023 1455 5079 dictum
1487 5033 1613 5090 est;
1658 5023 1892 5092 denique
1926 5038 2025 5091 per

426 5119 870 5176 Encarnat'onem
901 5119 1139 5175 revocati
1169 5132 1362 5172 sumus
1383 5117 1451 5172 ad
1489 5116 1778 5171 Dominum
1813 5131 2026 5171 summe

426 5213 743 5283 diligentem
770 5222 826 5267 et
858 5212 1082 5265 bonum.
1119 5209 1226 5265 Sed
1252 5225 1376 5264 cum
1427 5210 1763 5280 impossibile
1785 5219 1932 5266 esset
1969 5222 2025 5267 ut

428 5304 748 5370 incarnatus
777 5310 1043 5371 perpetuo
1089 5310 1339 5356 maneret
1389 5301 1476 5355 hic
1526 5300 1672 5356 inter
1698 5317 1817 5369 nos,
1878 5303 2023 5372 quod

429 5395 680 5450 humana:
711 5404 924 5447 natura:
948 5393 1188 5449 alienum
1213 5396 1315 5449 hoc
1343 5405 1509 5462 esset,
1528 5398 1808 5466 proprium
1838 5406 2021 5452 autem

427 5497 485 5544 et
540 5487 848 5556 legitimum
890 5486 1016 5541 vita:
1056 5502 1217 5556 quam
1277 5497 1404 5558 post
1444 5487 1772 5543 sacrificium
1805 5503 2021 5544 resum-

429 5577 560 5645 psit,
592 5591 705 5630 non
741 5581 954 5644 poterat
991 5574 1215 5646 insuper
1245 5591 1465 5632 carnem
1494 5587 1672 5632 morte
1699 5576 2022 5632 immortali-

427 5677 541 5726 tate
588 5671 700 5739 jam
753 5669 1011 5724 donatam
1079 5671 1398 5726 mortalibus
1463 5673 1737 5744 subjicere
1793 5672 1968 5727 oculis
2004 5709 2019 5734 ,

429 5762 668 5816 maxime
713 5762 1009 5832 impiorum
1049 5772 1103 5818 et
1127 5748 1504 5834 “peccatorum
1561 5767 1863 5831 hominum,
1916 5781 2019 5820 nec

426 5856 660 5912 istorum
708 5855 923 5925 operari
973 5855 1414 5918 reformationem
1449 5879 1460 5918 :
1495 5861 1625 5933 quia
1671 5860 1837 5917 etiam
1884 5860 2019 5918 illud

2138 4657 2425 4726 γενώμεθα
2449 4657 2524 4719 ὡς
2555 4657 2616 4709 τὸ
2642 4656 2836 4726 πρώην
2864 4673 2878 4688 ’
2912 4655 3113 4722 μᾶλλον
3144 4655 3199 4708 δέ
3230 4671 3294 4722 γε
3329 4655 3420 4706 καὶ
3447 4654 3714 4723 κρεῖττον,

2135 4750 2210 4814 ὡς
2245 4749 2347 4818 τῆς
2398 4750 2696 4819 ἡμετέρας,
2748 4748 2825 4810 ὡς
2881 4747 3124 4817 εἴρηται,
3158 4745 3374 4814 φύσεως
3405 4745 3485 4814 τῷ
3519 4746 3713 4814 ποιητῇ

2138 4841 2456 4911 ἐνωθείσης,
2506 4841 2667 4894 τοῦτο
2728 4840 2828 4909 ἤδη
2896 4839 2993 4893 καὶ
3051 4839 3267 4908 γέγονε,
3323 4837 3418 4890 καὶ
3473 4835 3564 4889 διὰ
3617 4837 3717 4906 τῆς

2135 4935 2610 5005 ἐνανθρωπήσεως
2641 4933 3023 5004 ἀνεκλήθημεν
3063 4931 3156 4985 τοῦ
3195 4930 3714 5002 φιλανθρωποτάτου

2135 5029 2433 5083 Δεσπότου.
2471 5029 2617 5098 Πλὴν
2642 5025 3062 5096 ἐπειδήπερτὸν
3095 5026 3455 5095 σαρκωθέντα
3481 5021 3714 5078 ἐνταῦθα

2137 5121 2373 5173 πάντοτε
2431 5120 2616 5189 μένειν
2669 5119 2730 5171 οὐ
2788 5118 3019 5171 δυνατὸν
3059 5113 3300 5188 ἦν,οὒδὲ
3344 5116 3452 5186 γὰρ
3504 5114 3718 5184 φύσεως

2134 5212 2486 5282 ἀνθρωπίνης
2535 5211 2716 5272 τοῦτο,
2759 5211 2886 5280 ὅρον
2941 5207 3090 5279 ζωῆς
3137 5207 3410 5276 λαϐούσης
3471 5207 3606 5276 μετὰ
3656 5207 3718 5260 τὸ

2135 5305 2433 5376 ἐπιτίμιον,
2468 5308 2560 5357 καὶ
2613 5305 2713 5371 τὴν
2775 5303 2955 5374 σάρκα
3003 5302 3058 5355 δὲ
3093 5301 3170 5370 τῷ
3205 5300 3421 5370 θανάτῳ
3464 5297 3716 5352 ἀθανατί-

2136 5415 2326 5465 σαντα,
2356 5399 2458 5450 οὐκ
2496 5393 2564 5468 ἦν
2597 5396 2826 5450 δυνατὸν
2880 5393 3036 5457 αὖθις
3082 5393 3321 5463 ὁρᾶσθαι
3357 5391 3590 5460 θνητοῖς,
3620 5389 3715 5442 καὶ

2124 5486 2355 5542 ἀσεϐέσι
2409 5489 2612 5558 μᾶλλον
2669 5487 2701 5558 ἦ
2759 5485 3178 5557 πλημμελοῦσιν
3237 5481 3568 5554 ἀνθρώποις,
3618 5479 3714 5534 καὶ

2131 5583 2340 5635 τούτων
2373 5583 2620 5652 ἐνεργεῖν
2649 5580 2749 5650 τὴν
2779 5579 3087 5633 ἀνάπλασιν
3110 5594 3128 5624 ε
3169 5577 3252 5630 ὅτι
3279 5577 3372 5628 καὶ
3403 5574 3531 5645 παρ’
3558 5573 3714 5638 ἀξίαν

2130 5673 2227 5727 τοῦ
2287 5673 2433 5726 θείου
2508 5675 2605 5727 καὶ
2664 5671 2949 5741 ἀφθάρτου
3006 5671 3103 5722 καὶ
3168 5669 3410 5738 ἀλήπτου
3467 5670 3715 5737 σώματος

2131 5769 2344 5823 ἐκείνου
2380 5768 2540 5822 τοῦτο
2576 5764 2666 5840 ἦν,
2703 5769 2801 5822 καὶ
2850 5767 2932 5820 ὅτι
2985 5765 3107 5820 οὐδὲ
3161 5765 3315 5835 παρὰ
3357 5763 3575 5818 πάντων
3621 5763 3715 5814 ἀν-

2132 5859 2369 5934 θρώπων
2409 5859 2742 5932 αύτεξουσίῳ
2791 5856 3116 5931 χρωμένων²
3147 5853 3521 5911 ὑπακούεσθαι
3562 5847 3710 5922 εἶχεν
