4118 6446
341 291 435 356 £6]

1659 307 1754 368 DE
1794 309 2286 376 SACERDOTIU.

3506 324 3612 390 962

343 412 411 466 ἂν
443 412 536 464 καὶ
567 411 637 463 τά
686 412 826 481 ὑπὲρ
860 413 1038 466 αὐτῶν
1097 415 1360 486 ἐνεργεῖν,
1408 416 1596 486 ἔμελλε
1631 419 1687 472 δὲ
1721 422 1926 488 μᾶλλον

2052 436 2152 482 :rat
2185 427 2314 483 huic
2353 438 2561 495 sancto,
2606 445 2772 499 porro
2806 441 2860 486 et
2897 430 3233 502 impalpabili
3274 436 3490 504 corpori
3527 437 3610 490 iu-

343 501 439 556 καὶ
465 501 630 557 πάλιν
679 504 1016 560 ἀθετεῖσθαι.
1053 506 1163 560 Καὶ
1194 510 1242 561 εἰ
1285 509 1512 562 δυνατὸν
1544 512 1800 579 πάσχειν.
1829 513 1922 563 καὶ

345 594 603 664 θνήσκειν
644 596 958 666 ἀπειράκις,
991 599 1065 661 ώς
1095 601 1190 653 καλ¹
1220 601 1463 673 ὴθετήθη
1495 603 1590 655 καὶ
1623 603 1921 668 ἀθετεῖται,

346 686 442 738 καὶ
482 685 650 738 ἔπαθε
704 694 798 740 καὶ
854 689 1054 758 πάσχει
1105 690 1271 742 πάλιν
1323 692 1412 744 διὰ
1445 692 1552 744 τῶν
1588 693 1752 745 αύτοῦ
1786 694 1924 746 πάν-

347 793 470 829 τοτε
528 780 846 846 πασχόντων
900 781 1037 848 ὑπὲρ
1107 781 1311 835 αὑτοῦ·
1362 784 1450 836 διά
1514 783 1685 837 ταῦτα
1742 783 1925 836 τοίνυν

349 867 512 928 acra;
541 869 640 937 μὲν
668 870 970 940 ἀνελήφθη.
1014 873 1128 924 Καὶ
1156 872 1314 926 τοῦτο
1343 874 1514 927 ποιῶν
1546 875 1684 944 ὑπὲρ
1714 875 1872 944 ἡμῶν
1898 875 1925 927 ό

351 959 672 1028 ἀχωρίστως
726 960 900 1028 μένων
951 965 1007 1015 ἐν
1044 964 1264 1028 κόλποις
1323 969 1436 1027 τοῖς
1495 967 1927 1032 Πατρικοῖς,καί

353 1049 630 1119 πανταχοῦ
662 1050 854 1120 παρὼν
887 1053 1140 1114 πάντοτε,
1171 1055 1230 1106 τὸ
1269 1056 1428 1125 σῶμα
1458 1056 1804 1125 συνανυψῶν,
1833 1055 1929 1108 καὶ

353 1142 432 1211 τῷ
480 1145 654 1211 Πατρ)⁸
689 1145 982 1214 προσάγων
1013 1147 1087 1208 ώς
1125 1146 1319 1216 δῶρον,
1346 1149 1440 1200 καὶ
1469 1147 1725 1218 σύνεδρον
1759 1148 1932 1200 ποιῶν

354 1232 488 1296 ἄνω,
514 1233 770 1302 ὑπεράνω
809 1235 990 1302 πάσης
1035 1236 1214 1305 ἀρχῆς
1257 1239 1352 1289 καὶ
1381 1237 1633 1302 ἔξουσίας
1689 1239 1786 1292 καὶ
1839 1239 1932 1290 δυ-

355 1326 596 1392 νάμεως,
623 1329 697 1389 ὡς
725 1329 828 1394 ἔφη
857 1330 1093 1394 Παῦλος,
1119 1331 1626 1400 καταστησάμενος,
1654 1332 1815 1402 373
1839 1333 1934 1385 καὶ

357 1418 589 1486 δμόθεον
625 1421 939 1485 ἀποδείξας,
977 1422 1335 1491 δοξαζόμενον
1387 1425 1485 1477 καὶ
1521 1424 1937 1492 προσκυνούμε-

357 1526 449 1563 νον
478 1511 631 1580 πσρά
687 1513 868 1583 πάσης
922 1513 1020 1577 τῆς
1083 1515 1348 1581 κτίσεως,
1403 1514 1431 1568 ὃ
1464 1516 1561 1569 καὶ
1609 1515 1750 1586 ὑπὲρ
1780 1517 1936 1585 ἡμῶν

357 1603 442 1655 ἀεὶ
475 1606 674 1667 κεῖται,
730 1603 878 1672 θῦμα
927 1607 1024 1660 καὶ
1070 1610 1440 1676 προσφέρεται
1487 1605 1564 1675 τῷ
1606 1607 1804 1677 Πατρὶ,
1840 1608 1936 1661 καὶ

359 1696 714 1765 παράκλητός
763 1701 878 1751 ἐστι
906 1739 921 1762 ,
970 1699 1064 1752 καὶ
1103 1700 1358 1769 ίλασμὸς,
1394 1700 1491 1752 καὶ
1522 1700 1800 1770 λυτήριον,
1841 1700 1935 1753 καὶ

364 1789 590 1857 μετοχὴ.
625 1789 719 1840 καὶ
755 1789 958 1858 δῶρον,
1009 1792 1102 1843 καὶ
1137 1789 1426 1860 βραϐεῖον,
1479 1791 1574 1845 καὶ
1606 1792 1757 1844 πᾶσα
1794 1791 1935 1845 ἀπό-

359 1878 571 1943 λαυσις.
627 1879 783 1933 Ἐπεὶ
843 1881 936 1935 οὖν
975 1882 1150 1935 ταῦτα
1194 1884 1365 1948 οὕτως
1422 1883 1740 1950 ἐξετελέσθη
1775 1924 1789 1948 ,
1841 1883 1937 1937 καὶ

362 1989 397 2023 α
561 1975 660 2042 μὲν
691 1975 723 2026 ἅ
756 1992 801 2028 ω
846 1982 902 2028 ²κ
934 1976 1122 2040 δεξιῶν
1155 1975 1251 2029 τοῦ
1284 1977 1518 2046 Πατρδς,
1546 1978 1594 2030 οί
1639 1977 1939 2046 σωζόμενοι

361 2063 416 2117 δὲ
448 2064 543 2118 τοῦ
569 2065 835 2128 σώζοντος
864 2069 922 2120 ὲν
953 2067 1114 2139 χρείᾳ
1161 2070 1318 2133 εἰσιν,
1360 2071 1388 2121 ὁ
1429 2067 1620 2138 Σωτὴρ
1652 2067 1751 2138 τὴν
1776 2068 1940 2136 χάριν

360 2157 456 2208 τοῦ
512 2160 818 2228 σωτηρίου,
853 2158 897 2212 ὣ
947 2162 1044 2221 τῖς
1096 2160 1305 2227 πολλῆς
1340 2160 1788 2230 εὐσπλαγχνίαςί
1830 2161 1942 2222 τοῖς

363 2249 500 2322 [σοις
531 2251 626 2320 τὴν
660 2251 823 2320 φύσιν
855 2252 978 2322 ἤτοι
1011 2253 1399 2322 όμοιοπαθέσιν
1457 2254 1796 2326 ἀνθρώποις,
1831 2257 1944 2316 τοῖς

366 2343 700 2413 σωζομένοις
803 2345 1158 2415 παρέσχετο·
1221 2347 1344 2399 ἐπεὶ
1395 2347 1490 2399 καὶ
1547 2347 1708 2409 αὐτὸς
1771 2346 1944 2399 σῶσαι

365 2432 537 2488 θέλων
593 2435 917 2505 ἀνθρώπους
944 2480 957 2502 ,
995 2439 1119 2491 κατ’
1174 2437 1498 2505 ἀνθρώπους
1549 2439 1768 2503 ἐγένετο
1797 2454 1812 2470 ·
1845 2438 1944 2490 οὐκ

365 2526 617 2595 ἀγγέλοις
649 2529 810 2581 τοῦτο
832 2528 1158 2599 παρασχὼν,
1191 2531 1266 2592 ὡς
1306 2530 1540 2600 εἴρηται,
1574 2530 1654 2582 δτι
1687 2529 1798 2582 οὐδ’
1839 2531 1944 2598 ἀγ⁹

367 2620 546 2688 γέλοις
575 2620 782 2691 ἡνώθη,
818 2624 865 2674 εί
899 2623 976 2690 μὴ
1011 2623 1219 2692 νοητὼς
1269 2622 1453 2691 μόνον·
1482 2621 1604 2674 οὐδὲ
1634 2621 1743 2690 γὰρ
1776 2623 1938 2691 χρεία

366 2715 578 2777 τούτοις
614 2713 1032 2776 ἀνακαινίσεως.
1064 2715 1327 2783 Σωτῆρας
1361 2712 1454 2766 οὖν
1489 2712 1604 2767 ἀντ’
1636 2712 1824 2776 αὐτοῦ,
1852 2715 1946 2766 καὶ

367 2807 558 2877 ψυχῶν
619 2809 889 2871 πλάστας,
950 2808 1045 2860 καὶ
1104 2808 1240 2877 πρός
1278 2807 1514 2877 οὐρανὸν
1566 2807 1817 2874 ὁδηγοὺς,
1854 2806 1945 2859 καὶ

372 2902 508 2969 φῶς,
562 2917 653 2952 κα.
708 2901 872 2969 ζωὴν,
911 2901 1008 2953 καὶ
1061 2902 1353 2970 Πατέρας,
1389 2899 1486 2952 καὶ
1531 2899 1799 2968 ποιμένας
1854 2901 1947 2952 καὶ

371 2995 620 3062 φύλακας
647 3035 660 3057 ,
695 2996 823 3052 τοὺς
858 2995 1023 3059 ἱερεῖς
1066 2992 1482 3061 κατεστήσατο,
1521 2991 1619 3059 τὴν
1655 2989 1821 3042 αὐτοῦ
1864 2991 1949 3042 δύ-

2024 521 2392 585 conveniens;
2427 523 2551 590 quia
2583 523 2821 590 denique
2852 537 3033 578 coram
3069 525 3326 580 onmihus
3375 526 3613 582 homini-

2026 613 2124 665 bus
2162 610 2333 664 libero
2367 613 2596 666 arbitrio
2634 614 2921 668 utentibus
2955 607 3059 668 nou
3095 615 3274 683 potuit
3305 631 3466 685 agere
3494 633 3615 686 qua:

2027 718 2123 771 pro
2178 703 2285 757 illis
2343 703 2532 768 subiit,
2569 705 2728 775 elegit
2769 707 2957 774 potius
2988 706 3183 760 iterum
3223 708 3513 775 exinaniri,
3562 719 3617 762 et

2026 806 2291 863 quantum
2334 807 2518 866 posset
2548 800 2654 868 pati
2687 808 2740 853 et
2761 800 2894 852 mori
2928 800 3142 866 millies,
3170 811 3224 854 et
3256 801 3395 854 ultra
3423 841 3436 862 ,
3473 801 3616 854 sicut

2028 887 2342 939 exinanitus
2394 897 2474 941 est
2538 897 2591 942 et
2643 889 2975 955 exinanitur,
3011 906 3196 957 passus
3227 901 3388 945 estet
3415 893 3615 958 patitur

2030 993 2128 1046 per
2160 993 2290 1031 suos
2346 980 2612 1035 continuo
2645 983 2886 1050 quotidie
2940 999 3037 1052 pro
3072 983 3163 1036 illo
3217 983 3482 1051 patientes
3513 1000 3527 1036 :
3562 992 3617 1035 et

2033 1079 2323 1137 propterea
2357 1073 2475 1138 ipse
2503 1073 2750 1127 ascendit
2775 1074 2828 1127 iu
2857 1075 3078 1129 ctelntn.
3109 1073 3174 1127 Et
3199 1073 3302 1127 hoc
3331 1090 3426 1141 pro
3457 1073 3619 1126 nobis

2033 1159 2160 1213 fecit
2181 1159 2270 1229 qui
2294 1161 2360 1214 ab
2384 1171 2588 1215 :eterno
2608 1178 2789 1217 manet
2815 1169 2866 1217 in
2882 1165 3002 1219 sinu
3023 1163 3219 1227 Patris;
3241 1175 3400 1231 alque
3419 1165 3619 1234 ubique

2033 1261 2245 1314 semper
2273 1263 2512 1316 praesens
2538 1259 2654 1304 est:
2695 1265 2896 1320 corpus
2937 1268 3094 1307 Suum
3130 1255 3399 1308 extollens
3427 1270 3615 1307 coram

2035 1336 2194 1391 Patre
2229 1339 2517 1395 collocavit
2566 1343 2719 1411 quasi
2767 1345 2970 1398 douum
3007 1345 3260 1399 humanm
3303 1355 3530 1408 naturae,
3564 1354 3621 1399 et

2036 1433 2225 1508 sedere
2259 1433 2386 1487 fecit
2419 1435 2471 1486 in
2501 1435 2640 1490 cmlo
2668 1453 2681 1488 :
2723 1455 2741 1486 ι
2772 1436 2949 1505 Super
2979 1452 3194 1491 omnem
3227 1438 3615 1506 principatum,

2036 1533 2434 1594 etpotestatem
2463 1537 2518 1581 et
2544 1528 2825 1595 virtutem,
2843 1548 2860 1581 )
2901 1539 2959 1582 ιιι
2983 1529 3054 1582 ait
3081 1529 3282 1584 Paulus
3306 1534 3346 1582 ⁵.
3372 1529 3623 1596 illudque

2038 1618 2500 1686 corpusdeiﬁcum
2527 1621 2756 1688 pnebuit
2774 1620 3010 1691 gloriﬁca
3023 1631 3132 1675 tum
3152 1631 3205 1676 et
3227 1621 3512 1675 adoratum
3533 1635 3624 1673 sn-

2041 1720 2136 1773 per
2161 1721 2378 1761 omnem
2403 1708 2759 1771 creationem,
2803 1717 2858 1764 et
2917 1710 3154 1779 denique
3182 1711 3481 1764 constituta
3523 1723 3624 1778 pro

2043 1797 2199 1852 nobis
2233 1797 2288 1851 in
2319 1808 2580 1853 aeternum
2599 1801 2818 1855 victima
2849 1799 3078 1855 oll‘ertur
3097 1801 3205 1855 Deo
3232 1801 3374 1854 Patri
3401 1801 3626 1867 :sieque

2045 1887 2163 1955 ipse
2213 1898 2294 1944 est
2329 1890 2638 1945 consolator
2665 1903 2873 1954 noster,
2909 1893 3227 1962 propitiatio
3294 1900 3502 1958 nostra,
3538 1907 3626 1945 re-

2047 1981 2292 2052 demptio
2322 1992 2531 2049 nostra,
2563 2000 2688 2053 pars
2716 1993 2924 2051 nostra,
2952 1985 3154 2039 donum
3197 1994 3464 2048 nostrum,
3501 1984 3626 2037 bra-

2049 2073 2192 2128 rium
2219 2083 2491 2140 nostrum,
2514 2077 2802 2145 omnisque
2829 2076 3036 2130 fructus
3065 2085 3250 2129 noster
3271 2085 3324 2128 et
3347 2075 3625 2144 gaudium.

2054 2166 2343 2236 Postquam
2372 2183 2502 2238 ergo
2538 2169 2651 2223 haec
2681 2169 2755 2222 ita
2789 2169 3124 2238 adimplevit,
3163 2180 3216 2221 et
3247 2168 3364 2230 ipse
3394 2169 3541 2220 sedet
3573 2167 3627 2219 in

2051 2260 2191 2313 caelo
2237 2259 2303 2314 ad
2341 2260 2620 2314 dexteram
2675 2260 2870 2324 Patris,
2906 2261 3094 2314 salvati
3130 2269 3312 2314 autem
3347 2257 3630 2312 Salvatore

2053 2350 2107 2404 in
2135 2351 2367 2421 Iigentet
2394 2352 2706 2415 Salvator,o
2743 2353 2958 2420 pietatis
2991 2352 3197 2406 infinita
3225 2352 3469 2422 dignatio
3496 2352 3509 2406 l
3543 2367 3631 2405 sa-

2054 2442 2182 2496 lutis
2215 2442 2467 2512 gratiam,
2500 2442 2812 2496 hominibus
2839 2442 2940 2495 sibi
2977 2455 3168 2496 natura
3196 2452 3249 2496 et
3283 2443 3532 2510 pas’sione
3558 2443 3634 2497 si-

2054 2534 2269 2586 milibus
2319 2534 2506 2586 tribuit
2549 2550 2564 2586 :
2605 2535 2816 2589 salvere
2863 2535 3047 2590 volens
3081 2536 3355 2601 homines,
3393 2537 3631 2590 homini-

2054 2624 2154 2677 bus
2203 2624 2396 2678 similis
2431 2623 2604 2680 factus
2648 2636 2750 2680 est.
2791 2626 2911 2680 Non
2933 2626 3158 2696 angelis,
3203 2628 3488 2681 utdictum
3520 2638 3627 2690 est,

2056 2715 2159 2768 tale
2191 2715 2424 2768 contulit
2450 2715 2772 2770 beneﬁcium
2804 2726 2862 2770 ut
2898 2717 3214 2787 angelorum
3247 2726 3494 2771 naturam
3527 2719 3630 2772 sibi

2056 2810 2235 2861 uuiret
2261 2823 2326 2860 ne
2355 2807 2573 2876 quidem
2611 2808 3088 2872 intellectualiter;
3128 2809 3228 2877 ipsi
3258 2824 3366 2862 non
3401 2809 3634 2877 egebant

2059 2900 2428 2952 renovatione.
2469 2899 2570 2951 Pro
2601 2915 2659 2953 se
2699 2915 2828 2969 ergo
2857 2901 3175 2954 sacerdotes
3203 2901 3490 2954 constituit
3520 2901 3631 2954 sal-

2062 3001 2292 3054 vatores,
2314 2992 2616 3044 animarum
2658 2991 3009 3055 formatores,
3035 2992 3290 3046 ductores
3319 2992 3371 3046 in
3409 2993 3632 3055 C(Bllllll,

371 3102 536 3155 ναμιν
582 3083 978 3152 κεκτημένους·
1031 3082 1129 3150 οὐχ
1180 3082 1320 3152 ὑπὲρ
1395 3080 1607 3133 ἑαυτῶν
1657 3079 1947 3148 γεγονότας

2060 3082 2266 3144 lumen,
2298 3081 2484 3145 vitam,
2535 3089 2738 3149 patres,
2795 3090 3044 3148 pastores
3089 3090 3142 3136 et
3174 3082 3457 3144 eustoles;
3512 3079 3634 3149 ejus

372 3180 491 3233 οὐδὲ
526 3180 594 3232 δι’
635 3178 834 3237 αὐτοὺς
885 3176 1079 3245 μόνον,
1131 3175 1245 3228 ἀλλ’
1285 3175 1427 3245 ὑπὲρ
1477 3175 1655 3228 ἄλλων
1695 3172 1853 3226 τοῦτό
1887 3190 1948 3241 γε

371 3273 773 3332 καταστάντας.

446 3365 808 3437 Φροντιστέον
858 3363 1042 3416 τοίνυν
1097 3361 1270 3430 ὁπόση
1328 3362 1582 3427 δύναμις,
1612 3360 1686 3422 ὡς
1717 3359 1854 3429 πρὸς
1893 3359 1954 3410 τὸ

374 3455 467 3510 τοῦ
508 3455 813 3525 μυστηρίου
853 3452 986 3518 ὕψος
1039 3451 1266 3511 ἑαυτοὺς
1318 3449 1540 3510 ἱκανοὺς
1588 3448 1852 3518 παρέχειν
1880 3447 1956 3510 ὼς

377 3550 654 3618 ἐγχωρεῖ·
689 3546 764 3610 ὼς
820 3545 1030 3615 ὀφείλει
1070 3543 1208 3596 Θεοῦ
1263 3541 1498 3610 δύναμιν
1549 3544 1644 3595 καὶ
1704 3541 1956 3607 ἐξουσίαν

379 3641 474 3694 καὶ
513 3645 671 3707 χάριν
726 3642 819 3692 ἐπὶ
863 3641 966 3705 γῆς
1006 3654 1160 3700 τινας
1206 3635 1618 3706 κεκτημένους·
1654 3633 1749 3685 καὶ
1785 3631 1957 3695 οὕτως

375 3735 474 3804 οὐχ
504 3734 735 3796 ἑαυτοὺς
796 3731 957 3801 μόνον
1004 3730 1235 3798 ὠφελεῖν
1279 3727 1630 3796 δυναμένους,
1667 3725 1802 3779 ἀλλὰ
1849 3726 1958 3778 τῶν

381 3827 594 3880 πολλῶν
646 3824 808 3895 χάριν
847 3824 1050 3893 μᾶλλον
1087 3821 1285 3883 αὐτοὺς
1317 3819 1612 3889 παρέχειν·
1658 3818 1754 3868 καὶ
1801 3817 1960 3868 τοῦτο

381 3920 550 3989 μέχρι
585 3919 840 3971 θανάτου·
882 3915 1028 3968 οὓτω
1063 3915 1157 3967 καὶ
1186 3914 1298 3984 γὰρ
1325 3913 1384 3964 τὸ
1420 3911 1762 3979 ἀρχέπυπον.
1803 3926 1821 3960 ι
1849 3907 1960 3978 Τὴν

376 4014 558 4083 ψυχήν
594 4029 696 4080 μου
727 4011 856 4079 γὰρ,
886 4010 1041 4078 φησι,
1070 4007 1264 4076 τίθημι
1292 4004 1433 4074 ὑπὲρ
1456 4005 1568 4058 τῶν
1601 4002 1912 4074 προϐάτων.
1937 4021 1954 4053 ι

379 4109 490 4159 Καὶ
552 4107 759 4171 Πέτρος
805 4103 884 4166 δὲ,
929 4121 945 4152 ι
986 4100 1258 4166 Χριστός,
1315 4099 1501 4167 φησιν,
1559 4095 1766 4149 ἔπαθεν
1815 4094 1958 4163 ὑπὲρ

376 4197 556 4267 ἡμῶν.
595 4215 613 4248 ι
650 4195 753 4248 Καὶ¹
787 4194 996 4255 Παῦλος
1019 4193 1146 4259 περὶ
1169 4179 1264 4243 ’τοῦ
1311 4191 1522 4259 Πατρός
1558 4189 1738 4256 λέγει·
1793 4207 1811 4239 ι
1860 4188 1960 4248 Ὃς

380 4291 478 4344 τοῦ
517 4291 650 4343 ἰδίου
695 4287 832 4343 Υἱοῦ
887 4287 991 4347 οὐκ
1060 4288 1364 4353 ἐφείσατο,
1431 4285 1546 4339 ἀλλ’
1611 4285 1753 4354 ὑπὲρ
1804 4283 1963 4353 ἡμῶν

379 4384 601 4439 πάντων
634 4383 956 4452 παρέδωκεν
985 4383 1200 4435 ἑαυτόν.
1254 4400 1272 4432 ι
1303 4379 1414 4435 Καὶ
1449 4377 1626 4432 ταῦτα
1678 4378 1776 4446 μὲν
1806 4376 1964 4430 κοινὰ

2005 3160 2022 3178 ’
2061 3171 2313 3226 virtutem
2352 3172 2530 3238 adepti
2577 3182 2706 3225 sunt
2731 3181 2786 3225 et.
2835 3172 2898 3224 ad
2942 3173 3047 3225 hoc
3077 3171 3357 3225 constituti
3397 3187 3501 3223 non
3537 3185 3638 3238 pro

2057 3265 2253 3332 seipsis
2280 3265 2451 3318 solum
2487 3265 2782 3334 et'prOpter
2811 3265 3041 3334 seipsos,
3060 3265 3153 3326 sed
3185 3281 3280 3333 pro
3306 3265 3425 3316 aliis
3446 3263 3636 3317 etiam.

2128 3355 2598 3409 Considerandum
2633 3368 2716 3408 est
2757 3356 2919 3426 igitur
2957 3365 3158 3423 quanta
3202 3356 3273 3408 sit
3332 3357 3446 3408 hace
3484 3365 3641 3423 pole-

2058 3457 2188 3511 stas,
2237 3457 2294 3500 ttt
2327 3448 2592 3516 nosipsos
2645 3449 2871 3502 idoneos
2921 3449 3163 3517 prmbere
3189 3450 3252 3501 ad
3309 3447 3640 3502 altissimum

2058 3537 2187 3590 illud
2209 3539 2525 3608 mysterium
2570 3555 2668 3608 pro
2697 3539 2904 3592 viribus
2926 3549 3256 3608 satagamus.
3300 3540 3391 3592 Sic
3426 3548 3642 3608 oportet

2059 3630 2320 3697 quosdam
2365 3647 2531 3699 suiler
2569 3640 2767 3684 terram
2809 3632 3039 3702 adipisci
3083 3632 3173 3684 Dei
3209 3631 3465 3684 virtutem
3497 3672 3510 3690 .
3541 3648 3641 3684 au-

2059 3721 2367 3775 ctoritatem
2423 3731 2476 3776 et
2529 3723 2781 3792 gratiam,
2841 3732 2898 3776 ut
2959 3738 3069 3776 non
3136 3722 3310 3776 solum
3372 3723 3425 3774 in
3507 3735 3639 3791 pro-

2062 3814 2235 3883 priam
2295 3814 2583 3868 utilitatem
2615 3824 2933 3877 exerceant,
2985 3815 3082 3869 sed
3117 3826 3168 3868 et
3230 3814 3283 3867 in
3334 3815 3638 3884 profectum

2067 3907 2368 3960 multorum
2429 3907 2503 3960 illi
2537 3907 2770 3962 habeant
2829 3918 2882 3962 et
2955 3908 3199 3964 tribuant
3261 3909 3422 3961 etiam
3468 3923 3642 3976 usque

2063 3997 2129 4051 ad
2195 4009 2425 4051 mortem
2483 3998 2678 4067 parati.
2741 3998 2831 4052 Sic
2887 3999 3036 4052 enim
3091 3997 3216 4052 fecit
3275 4008 3329 4052 et
3357 3999 3492 4052 dixit
3553 4013 3639 4050 ar-

2064 4088 2358 4158 chetypum
2396 4098 2643 4141 nostrmu
2683 4108 2696 4143 :
2759 4107 2778 4140 ι
2811 4089 3065 4143 Animam
3118 4105 3294 4142 meam
3351 4105 3496 4158 pono
3544 4102 3642 4157 pro

2065 4180 2257 4233 ovibus
2294 4181 2424 4234 meis
2454 4180 2493 4234 ⁸.
2529 4198 2546 4230 ι
2587 4179 2783 4235 Petrus
2815 4191 2999 4236 autem
3035 4199 3049 4236 :
3095 4199 3112 4231 ι
3143 4182 3414 4242 Christus,
3445 4182 3640 4249 inquit,

2068 4289 2168 4343 pro
2208 4273 2370 4327 uobis
2411 4290 2604 4343 passus
2633 4287 2739 4329 est.
2794 4295 2812 4327 ι
2852 4275 3154 4346 Etl’aulus
3182 4278 3246 4329 de
3279 4275 3435 4328 Patre
3461 4275 3594 4328 dicit
3627 4291 3642 4327 :

2076 4385 2093 4416 ι
2127 4365 2351 4434 Pr0prio
2377 4365 2516 4420 Filio
2544 4382 2642 4421 suo
2663 4382 2768 4420 uon
2796 4367 3058 4436 pepercit,
3090 4369 3184 4420 sed
3217 4379 3316 4434 pro
3343 4365 3502 4420 nobis
3533 4380 3649 4417 mu-

379 4479 550 4530 πᾶσιν
607 4474 836 4545 ἱερεῦσι·
876 4475 933 4526 τί
963 4473 1020 4526 δὲ
1075 4475 1173 4526 καὶ
1221 4475 1332 4534 τοῖς
1364 4472 1425 4523 τὸ
1479 4469 1620 4523 θεῖον
1653 4470 1841 4538 σχῆμα
1868 4468 1947 4522 καῖ

2071 4459 2230 4527 pibus
2264 4457 2484 4511 tradidit
2513 4458 2663 4511 illum
2691 4459 2746 4525 ";
2784 4477 2802 4510 ι
2841 4469 2890 4512 ct
2921 4458 3034 4512 haec
3065 4458 3249 4512 omnia
3282 4456 3648 4512 communiter

384 4568 759 4638 σταυροφόρον
816 4564 1194 4634 ὲνδεδυμένοις
1243 4563 1304 4616 οὺ
1349 4563 1448 4631 τῆς
1498 4561 1771 4630 πτωχείας
1805 4559 1962 4613 τοῦτο

384 4661 610 4730 σημεῖον
644 4657 744 4712 τοῦ
797 4655 973 4726 Ἰησοῦ
1006 4675 1020 4720 ;
1053 4654 1160 4708 Τοῦ
1209 4653 1444 4722 σταυροῦ
1501 4651 1774 4719 σύμϐολόν
1815 4652 1958 4721 ἐστι,

379 4753 477 4806 τοῦ
503 4753 733 4807 θανάτου
774 4749 963 4814 είκὼν,
992 4748 1129 4801 ὅλων
1158 4746 1269 4800 τῶν
1318 4746 1432 4799 ἄνω
1489 4743 1797 4813 μελέτημα,
1850 4745 1960 4798 τῶν

382 4845 536 4899 κάτω
570 4843 791 4896 πάντων
822 4838 1104 4900 ἀπόθεσις.
1128 4838 1219 4890 Διὸ
1259 4836 1354 4888 καὶ
1379 4837 1426 4888 οἱ
1457 4837 1515 4888 ἐν
1541 4834 1740 4902 γνώσει
1766 4834 1959 4887 τούτου

386 4937 588 5008 μύσται
620 4933 775 4998 ποτὲ,
803 4932 864 4985 τὸ
897 4931 1029 4999 ὕψος
1059 4929 1158 4999 τῆς
1193 4930 1345 4997 ἱερᾶς
1375 4927 1535 4997 δόξης
1573 4926 1826 4994 ἔφευγον·
1865 4927 1964 4998 οὐχ

380 5029 464 5083 δτι
500 5026 732 5097 φευκτὸν
758 5027 790 5096 ἡ
817 5023 1114 5094 ἱερωσύνη,
1152 5021 1271 5076 ἀλλ’
1299 5023 1381 5076 δτι
1427 5021 1621 5088 ἱκανῆς
1651 5020 1824 5073 δεῖται
1865 5020 1963 5071 καὶ

384 5116 637 5190 μεγάλης
688 5117 783 5187 τῆς
841 5115 1145 5185 μελλούσης
1195 5115 1505 5184 οἰκονομεῖν
1547 5114 1616 5164 τὰ
1676 5112 1798 5180 ἱερά
1827 5111 1962 5179 ἔργα

377 5210 576 5280 ψυχῆς·
611 5209 708 5260 xui.
737 5207 985 5277 καθαρᾶς
1035 5206 1136 5276 μὲν
1185 5207 1260 5268 ώς
1305 5205 1556 5259 δυνατόν·
1595 5203 1882 5274 προθύμου
1907 5203 1964 5256 δὲ

381 5305 525 5372 ὑπὲρ
554 5301 824 5368 ὠφελείας
877 5298 987 5352 τῶν
1034 5297 1307 5366 ἀδελφῶν·
1360 5298 1443 5350 ὅτι
1495 5298 1589 5350 καὶ
1628 5295 1767 5348 Θεοῦ
1802 5283 1965 5368 ἔργον

383 5395 481 5448 καὶ
511 5392 798 5461 ἀγαπητὸν
833 5389 1015 5461 αὐτῷ,
1051 5390 1148 5443 καὶ
1177 5389 1244 5442 δι’
1275 5388 1499 5458 ἀγάπην
1545 5387 1852 5455 δεδομένον,
1889 5388 1964 5452 ώς

383 5485 478 5538 καὶ
506 5486 596 5536 τὸν
631 5484 837 5554 Πέτρον
871 5481 1107 5551 Χριστός
1135 5481 1358 5546 ἐδίδαξε.
1403 5479 1754 5552 Παρῃτοῦντο
1782 5478 1966 5532 τοίνυν

383 5577 459 5641 ὼς
495 5575 635 5645 ὑπὲρ
663 5575 860 5638 αὐτοὺς
908 5573 1254 5644 λογιζόμενοι
1303 5573 1404 5643 τὴν
1443 5571 1692 5642 μεγάλην
1735 5569 1966 5643 ἱερωσύ-

464 5759 484 5790 ⁵
512 5757 710 5828 Ephes.
737 5772 775 5824 ι,
802 5757 892 5814 21.

969 5755 989 5787 ⁶
1019 5755 1174 5814 Joau.
1213 5771 1268 5825 x,
1307 5755 1393 5810 l5.
1473 5755 1490 5784 "
1529 5755 1684 5811 Rom.
1712 5768 1828 5822 vui,
1870 5755 1960 5811 52.

2067 4551 2211 4604 dicta
2246 4559 2375 4602 sunt
2396 4550 2459 4603 de
2480 4547 2614 4603 Jesu
2642 4559 2696 4604 et
2725 4549 2792 4603 de
2812 4551 3067 4604 omnibus
3089 4551 3485 4604 sacerdotibus.
3507 4549 3652 4614 Quid

2066 4643 2170 4697 silei
2206 4643 2317 4696 vult
2349 4643 2495 4712 quod
2517 4643 2818 4697 induantur
2846 4653 3036 4698 sancto
3060 4643 3246 4698 habitu
3276 4652 3332 4698 et
3358 4643 3495 4697 stola
3524 4657 3650 4695 cru-

2067 4735 2221 4788 cibu‘s
2266 4735 2505 4790 ornata?
2559 4753 2742 4792 nonne
2789 4737 2894 4792 hoc
2927 4746 3013 4791 est
3047 4738 3260 4801 signum
3303 4737 3650 4804 paupertatis

2067 4825 2238 4882 Jesu?
2270 4825 2468 4883 Crueis
2508 4829 2803 4884 Dominicae
2832 4829 3137 4896 symbolum
3171 4835 3275 4892 est,
3322 4828 3508 4883 mortis
3533 4827 3649 4891 ejus

2071 4921 2268 4990 imago,
2309 4922 2612 4977 cmlcstium
2653 4920 2892 4974 omnium
2926 4920 3265 4984 exercitatio,
3300 4928 3644 4974 terrenorum

2071 5015 2371 5068 evacuatio.
2440 5012 2645 5068 Idcirco
2717 5012 2938 5081 quidam
3010 5011 3324 5080 spirituales
3395 5012 3649 5066 homines

2067 5108 2177 5176 jam
2234 5105 2542 5160 ministerio
2600 5120 2759 5160 sacro
2812 5105 3007 5158 initiati
3061 5104 3349 5173 aliquando
3393 5104 3645 5158 ultimum

2071 5198 2268 5253 divina:
2287 5197 2467 5267 gloriw
2490 5197 2705 5252 culmen
2733 5196 3061 5266 ell‘ugeruut,
3085 5213 3193 5250 non
3228 5197 3370 5268 quod
3400 5200 3652 5251 sacerdo-

2076 5290 2209 5343 tium
2260 5290 2331 5342 sit
2375 5288 2610 5357 quodam
2665 5288 2827 5343 modo
2869 5288 3262 5356 eﬂugiendum,
3295 5291 3388 5344 sed
3427 5292 3651 5344 timetur

2073 5382 2197 5450 quia
2231 5381 2297 5434 ad
2339 5379 2468 5434 illud
2501 5379 2734 5435 olIicium
2772 5391 2827 5435 et
2858 5383 3101 5451 regimen
3131 5391 3442 5436 sanctarum
3469 5397 3650 5434 rerum

2077 5471 2374 5542 requiritur
2401 5485 2556 5526 meus
2582 5471 2807 5526 omnino
2837 5483 2963 5541 apta
2997 5480 3050 5528 et
3091 5472 3356 5528 altissima
3392 5474 3654 5526 maxima-

2074 5580 2180 5636 que
2209 5563 2460 5634 sapiens;
2482 5573 2534 5620 et
2559 5579 2725 5634 quam
2757 5565 3085 5637 purissima;
3111 5567 3335 5634 zeloque
3365 5565 3415 5616 iu
3443 5565 3652 5618 bonum
