4118 6454
464 284 577 349 963
1323 286 1703 348 SYMEONIS
1740 282 2494 349 THESSALONICENSIS
2533 286 2890 386 ARQHIEP.
3638 289 3744 353 964

461 407 699 463 fratrum
732 408 1153 480 ﬂagrantissima
1179 425 1195 475 ;
1230 415 1285 461 et
1314 408 1443 477 quia
1476 406 1583 462 hoc
1614 414 1698 462 est
1730 421 1872 477 opus
1897 407 1993 461 Dei
2019 449 2037 473 ,

2154 422 2250 478 νην
2280 408 2331 460 οί
2362 406 2797 479 ταπεινόφρονες
2827 409 3031 464 ἐκεῖνοι
3056 408 3321 483 Πατέρες.
3355 406 3472 463 Νῦν
3501 406 3557 464 δὲ
3591 411 3743 481 παρά

463 500 620 570 cujus
666 500 742 554 illi
790 515 918 555 cura
962 510 1047 554 est
1077 514 1268 553 amore
1300 506 1357 554 et
1398 499 1749 553 aemulatione
1784 499 1967 569 plena,
1997 508 2049 553 et

2161 500 2269 554 τῶν
2293 499 2355 553 τὸ
2394 503 2496 573 σχῇ
2508 518 2585 570 μα
2619 501 2850 556 ἐκείνων
2890 501 3264 570 ἐνδεδομένων
3294 501 3454 558 τοῦτο
3485 499 3743 559 διώκεται

464 592 637 646 amori
665 592 922 647 mercede
963 594 1250 654 donatum,
1285 590 1429 645 sicut
1454 590 1707 646 Christus
1734 590 1924 646 docuit
1947 588 2049 645 Pe-

2160 591 2386 661 μᾶλλον,
2422 593 2517 646 καὶ
2543 594 2756 657 τούτοις
2786 593 3030 649 δίδοσθαι
3069 594 3163 648 διὰ
3191 594 3251 648 τδ
3288 596 3432 665 μέγα
3459 593 3559 663 τῆς
3584 593 3743 660 ἀξίας

462 691 609 737 trum
637 682 679 736 ⁸.
720 682 966 738 Summis
996 686 1164 754 igitur
1186 684 1449 755 precibus
1477 700 1538 739 se
1569 685 1924 751 excusabant,
1958 700 2052 738 ex-

463 777 646 845 emplo
675 775 899 831 Patrum
942 775 1163 831 illorum
1204 777 1297 847 qui
1325 793 1434 847 prie
1457 776 1770 831 humilitate
1797 791 1960 845 supra
1991 790 2050 830 se

461 883 583 923 esse
605 868 973 924 sacerdotium
999 870 1422 939 proﬁtebantur.
1450 869 1620 940 Atqui
1644 869 1712 925 ab
1738 870 2050 926 hominibus

462 962 567 1018 illis
600 963 903 1032 praesertim
938 973 1061 1031 post
1120 972 1436 1034 susceptum
1471 964 1718 1018 habitum
1759 965 2049 1017 recusaba-

460 1064 551 1109 tur
582 1057 949 1112 sacerdotium
980 1102 994 1124 ,
1026 1074 1167 1127 quos
1203 1069 1427 1128 propter
1464 1057 1649 1112 meriti
1681 1057 2045 1112 eminentiam

462 1158 518 1203 et
553 1165 704 1217 pulte
737 1151 857 1205 vita:
889 1152 1266 1205 excellentiam
1297 1194 1312 1217 ,
1344 1151 1502 1204 multi
1536 1150 1734 1220 dignos
1761 1150 2048 1219 judicare-

462 1246 589 1293 rant
627 1255 639 1291 :
681 1240 811 1293 illud
847 1242 995 1294 enim
1027 1242 1253 1297 timetur
1284 1242 1353 1296 ab
1387 1241 1570 1295 anima
1604 1240 1729 1295 forti
1762 1251 1816 1296 et
1846 1242 2049 1296 imma-

459 1334 636 1389 culata
664 1350 863 1404 :porro
888 1334 1112 1400 candor,
1140 1334 1451 1389 innocentia
1483 1344 1541 1389 et
1575 1334 1750 1401 pietas
1772 1334 1900 1389 huic
1934 1348 2048 1387 nta-

2156 686 2363 757 ὐψηλὸν
2390 704 2448 740 τε
2479 690 2586 741 καὶ·
2614 690 2856 761 καθαρὸν
2885 690 3037 754 ἀξιον
3065 690 3317 755 κρίνεται
3348 686 3463 751 τοῖς
3506 688 3742 754 πολλοῖς,

2155 783 2237 836 ὅτι
2294 782 2387 835 καὶ
2418 781 2519 847 τῆς
2548 782 2786 853 δυνατῆς
2810 785 2908 837 καὶ
2941 783 3372 854 κεκαθαρμένης
3388 783 3544 837 τοῦτο
3570 776 3742 835 δεῖται

2153 877 2358 945 ψυχῆς.
2390 876 2729 948 Καθαρότης
2769 878 2827 931 δὲ
2850 877 2972 931 ’καὶ
2999 877 3262 932 εὐλάϐεια
3290 876 3574 946 συντρέχει
3608 868 3743 943 μᾶλ-

2153 968 2248 1022 λον
2275 969 2353 1038 τῷ
2388 968 2489 1038 σχὴ
2503 985 2660 1038 ματι.
2714 969 2829 1022 Καὶ
2878 970 2913 1040 ἠ
2955 968 3190 1038 τοιαύτη
3227 966 3339 1023 τῶν
3370 967 3582 1022 πολλῶν
3612 964 3743 1030 δόξα

2153 1063 2439 1131 καλλίστη,
2499 1064 2599 1116 καὶ
2649 1062 2762 1117 τῶν
2822 1064 3062 1117 καθόλου
3120 1064 3323 1131 μᾶλλον
3372 1063 3474 1130 τῆς
3513 1062 3745 1134 Ἐκκλη-

2155 1159 2312 1220 σίας·
2394 1155 2488 1210 καὶ
2544 1155 2690 1208 κατά
2749 1154 3009 1208 τοσοῦτον
3092 1153 3463 1223 βεδαιωθεῑσά
3553 1155 3740 1220 ἐστιν,

2150 1251 2225 1310 ὡς
2289 1250 2384 1303 καὶ
2457 1248 2560 1318 τὴν
2642 1248 2984 1317 προστασίαν
3067 1249 3168 1309 τῆς
3232 1247 3567 1315 Ἐκκλησίας
3634 1264 3737 1298 παν

2150 1360 2249 1406 σης
2327 1341 2516 1409 σχεδὸν
2596 1342 2711 1403 τοῖς
2800 1342 3058 1408 μοναχοῖς
3123 1339 3568 1410 ὲγχειρίζεσθαι.
3630 1336 3741 1391 Καὶ

459 1426 606 1479 xime
641 1426 977 1479 conveniunt
1024 1426 1376 1495 professioni.
1411 1426 1470 1479 Et
1504 1426 1601 1481 hic
1634 1425 1929 1479 multorum
1964 1435 2049 1479 est

2154 1430 2420 1498 ἐξετάζω)
2480 1432 2581 1502 ἤδη
2644 1432 2944 1494 σπανιάκις
3002 1429 3192 1500 εὕροις
3266 1432 3391 1483 τινά
3447 1444 3577 1482 ποτε
3625 1428 3738 1480 τῶν

460 1516 635 1569 honor
664 1515 1168 1584 splendidissimus,
1200 1518 1437 1571 maxime
1461 1533 1651 1571 eorum
1681 1518 1769 1583 qui
1809 1525 1938 1571 sunt
1979 1532 2044 1571 ex

2154 1530 2207 1580 ὲν
2254 1529 2332 1594 τῷ
2386 1525 2577 1592 κόσμῳ
2618 1523 2906 1592 ίεραρχίας
2935 1518 3279 1591 ἠξιωμένον*
3334 1510 3447 1581 τοῖς
3482 1521 3737 1588 μοναχοῖς

461 1606 744 1671 Ecclesia;
791 1609 881 1676 qui
932 1616 1220 1677 tantopere
1267 1618 1347 1663 est
1399 1609 1607 1663 virtute
1642 1617 1695 1662 et
1748 1609 2047 1663 stabilitate

2154 1618 2206 1671 δὲ
2239 1617 2399 1670 τοῦτο
2429 1615 2619 1685 ῶσπερ
2653 1615 3135 1684 ἀποκεκλήρωται.
3184 1613 3293 1667 Καὶ
3326 1611 3457 1674 ῐδοις
3489 1611 3554 1664 ἀν
3585 1626 3741 1673 τινας

458 1696 698 1752 donatus
732 1706 792 1751 ut
819 1698 931 1752 fere
963 1700 1128 1753 totius
1154 1699 1412 1755 Ecclesia:
1446 1700 1672 1765 familia,
1702 1715 1734 1754 τι
1760 1701 2046 1755 monachis

2154 1714 2217 1763 ὲκ
2253 1709 2346 1763 τοῦ
2392 1706 2663 1777 κοσμικοῦ
2699 1706 2817 1777 βίου
2852 1707 2991 1777 πρὸς
3026 1707 3316 1777 ἰεραρχίαν
3344 1705 3735 1773 ἀναγομένους.

356 1794 365 1803 ’
458 1790 615 1861 dirigi
650 1791 954 1847 videretur.
982 1790 1037 1846 Si
1066 1793 1211 1846 enim
1241 1804 1501 1849 accurate
1530 1796 1798 1865 inquiras,
1831 1795 1923 1849 vix
1957 1794 2043 1848 in-

2154 1804 2262 1856 Kai
2290 1799 2449 1854 τοῦτο
2476 1801 2540 1869 δὴ
2589 1802 2740 1869 παρά
2764 1799 2864 1867 τῆς
2908 1798 3239 1868 Ἐκκλησίας
3271 1797 3736 1865 ἀπαιτουμένους,

461 1884 649 1939 venias
693 1884 933 1953 aliquam
980 1900 1009 1938 a
1042 1887 1250 1941 smculo
1282 1884 1354 1941 ad
1409 1888 1776 1943 hierarciiiam
1831 1904 2045 1943 sacram

2154 1897 2213 1949 τὸ
2245 1896 2355 1948 τῶν
2408 1892 2660 1963 μοναχῶν
2722 1885 2996 1963 πρότερον
3048 1890 3259 1960 ἔνδυμα
3318 1888 3737 1946 ἐπενδύσασθαι.

457 1983 710 2029 evectum
739 1974 911 2031 fuisse
942 1991 961 2030 τ
995 1977 1100 2031 hoc
1136 1977 1295 2042 quasi
1348 1990 1496 2034 sorte
1529 1980 1817 2035 monachis
1866 1992 2048 2034 reser-

2165 1990 2326 2043 ’Λλλά
2354 1988 2527 2042 ταῦτα
2574 1988 2672 2058 μὲν
2712 1987 2897 2058 κρίσις
2931 1988 3085 2056 κοινὴ
3114 1982 3226 2040 τῶν
3257 1985 3466 2040 πιστῶν
3510 1985 3601 2038 καὶ
3626 1983 3743 2038 τῶν

460 2076 618 2120 vatur
651 2084 664 2121 :
696 2076 747 2122 et
788 2068 935 2124 nosti
971 2069 1115 2137 quod
1153 2070 1197 2124 si
1237 2071 1332 2140 qui
1363 2072 1429 2126 ad
1474 2087 1659 2127 sacros
1710 2072 1935 2128 ordines
1967 2073 2050 2128 di-

458 2159 716 2226 riguntur
744 2174 810 2214 cx
845 2160 1122 2216 mundana
1162 2162 1294 2226 vita,
1340 2165 1445 2217 hoc
1469 2164 1537 2218 ab
1560 2164 1809 2219 Ecclesia
1852 2180 2050 2220 conce-

460 2250 611 2305 ditur
661 2259 721 2304 ut
770 2253 1170 2308 monachorum
1223 2256 1408 2309 habitu
1446 2257 1684 2325 primum
1720 2258 2044 2313 induantur.

462 2347 570 2402 Sed
606 2347 733 2401 dum
788 2348 905 2402 h:ec
950 2348 1192 2404 fidelium
1249 2351 1581 2405 existimatio
1625 2360 1682 2406 et
1736 2353 2045 2421 praesertim

461 2450 778 2495 sanctorum
838 2443 931 2510 qui
983 2443 1038 2497 in
1094 2441 1337 2498 Ecclesia
1386 2454 1654 2514 praesunt,
1708 2460 1885 2500 sacra:
1925 2447 2050 2500 huic

460 2531 793 2599 professioni
829 2534 1131 2589 secundum
1167 2536 1448 2590 caelestem
1483 2550 1732 2591 normam
1785 2545 1838 2591 et
1886 2537 2049 2592 insti-

463 2625 729 2680 tutionem
780 2639 1056 2698 suscepta
1104 2630 1364 2683 honorem
1398 2629 1654 2684 conferre
1687 2632 1871 2702 gestit,
1905 2632 2047 2686 mala

463 2718 761 2773 multorum
792 2719 1084 2789 dispositio
1113 2721 1231 2790 ipsa
1263 2722 1450 2776 omnia
1478 2724 1810 2790 corrumpit,
1845 2723 2052 2793 profes-

462 2814 633 2867 sionis
673 2814 1033 2869 caeremonias
1069 2812 1288 2868 inutiles
1338 2814 1537 2880 reddit,
1575 2815 1717 2870 heui
1748 2825 1802 2870 et
1834 2816 2000 2872 solvit
2033 2834 2046 2871 :

454 2910 513 2956 et
539 2903 762 2971 quidam
797 2903 1021 2959 ordines
1047 2905 1371 2961 bierarchiae
1393 2915 1725 2976 usurpantes
1747 2947 1761 2972 ,
1825 2905 2052 2961 minime

460 3004 708 3052 tractant
745 3003 807 3050 ut
838 3006 1139 3066 oporteret.
1168 2996 1276 3052 Sed
1324 2996 1377 3051 id
1413 3012 1585 3051 unum
1623 3007 1878 3068 satagunt
1909 2998 2051 3052 obti-

2151 2083 2249 2151 τῆς
2293 2081 2625 2149 Ἐκκλησῐας
2656 2080 2820 2135 θείων
2867 2080 3194 2151 προστατῶν
3232 2078 3454 2150 μᾶλλον,
3484 2077 3561 2148 τῷ
3609 2079 3738 2148 σχή-

2156 2194 2289 2246 ματι
2320 2175 2398 2243 τῷ
2426 2174 2560 2245 θείῳ
2587 2174 2734 2228 κατά
2761 2175 2863 2244 τὴν
2891 2173 3102 2229 ἀνωθεν
3132 2173 3327 2228 τούτου
3350 2171 3505 2236 τάξιν
3535 2171 3628 2223 καί⁵
3673 2168 3738 2222 τδ

2152 2265 2502 2336 ἐπάγγελμα,
2536 2266 2929 2336 ἀπονεμόντων
2970 2264 3074 2335 τὴν
3094 2265 3290 2334 τιμήνσ
3326 2264 3360 2333 ἡ
3388 2263 3496 2316 τῶν
3528 2259 3738 2315 πολλῶν

2152 2363 2208 2416 δὲ
2241 2364 2344 2417 οὒκ
2371 2361 2553 2432 ἀγαθὴ
2588 2361 2786 2430 γνώμη
2819 2362 2887 2414 τὰ
2922 2362 3105 2414 πάντα
3139 2358 3503 2430 παρέφθειρε.
3535 2355 3644 2408 Καὶ
3667 2352 3738 2407 τὰ

2152 2454 2245 2509 τοῦ
2271 2454 2552 2525 σχήματος
2576 2452 2862 2525 ἡχρειώθη
2886 2453 3012 2524 (φεῦ
3048 2455 3088 2523 ἰ)
3112 2455 3207 2506 καὶ
3228 2450 3735 2523 παρατέθραυσται.

2152 2549 2265 2602 Καὶ
2298 2547 2398 2618 τῆς
2429 2550 2721 2618 ίεραρχίας
2767 2544 3165 2615 ἐπειλημμένοι
3213 2546 3383 2610 τινὲς,
3410 2545 3508 2615 οὐχ
3553 2542 3739 2613 ῶσπερ

2152 2639 2322 2711 ἔχρῆν
2351 2640 2559 2710 ταύτην
2606 2639 3022 2709 οἰκονομοῦσιν,
3076 2637 3191 2693 ἀλλ’
3233 2638 3374 2691 ῶστε
3425 2635 3524 2705 μὲν
3581 2634 3739 2704 μόνον

2152 2733 2250 2800 τῆς
2286 2731 2571 2802 θειοτάτης
2603 2731 2761 2796 ἀξίας
2813 2732 3093 2802 ἐπιτυχεῖν
3149 2728 3473 2783 σπεύδουσιν
3522 2727 3620 2796 ὅση
3650 2725 3738 2779 δύο

2153 2838 2342 2890 ναμις,
2358 2820 2454 2874 καὶ
2476 2822 2653 2874 πάντα
2689 2820 3021 2890 πράττουσιν
3050 2820 3142 2872 ἐπὶ
3166 2818 3361 2889 τούτῳ·
3381 2816 3530 2870 οὐδὲν
3547 2816 3601 2869 δὲ
3630 2815 3739 2868 τῶν

2154 2913 2452 2979 κατ’ἀξίαν
2714 2914 2885 2982 αὐτῆς
2916 2912 3311 2984 διενεργοῦσιν,
3349 2911 3496 2966 ἔστιν
3543 2910 3630 2963 ὅτε
3680 2907 3738 2961 δέ

2158 3008 2415 3077 μάλιστα,
2446 3008 2542 3062 καὶ
2580 3008 2650 3061 τὰ
2686 3007 2811 3061 κατ’
2841 2992 3033 3077 αὐτῆς,
3064 3006 3188 3061 καθ’
3219 3007 3427 3061 ἑαυτῶν
3454 3005 3509 3058 δὲ
3539 3002 3739 3073 μᾶλλον

455 3103 589 3143 nere
608 3096 665 3143 ut
692 3089 1063 3143 sacratissima
1087 3089 1191 3144 hac
1213 3089 1545 3143 auctoritate
1577 3090 1880 3156 potiantur,
1904 3101 1953 3143 et
1982 3090 2049 3142 ad

2157 3098 2394 3152 ποιοῦσι.
2434 3098 2564 3151 Δέον
2606 3100 2713 3169 γὰρ
2758 3099 2832 3169 μὴ
2890 3098 2981 3152 διὰ
3028 3097 3187 3151 τοῦτο
3242 3095 3303 3149 τὸ
3339 3095 3526 3166 σχῆμα
3560 3092 3736 3146 ἐνδύεο

461 3178 567 3234 hoc
607 3180 745 3233 nihil
795 3195 904 3234 non
947 3179 1183 3235 faciunt.
1224 3180 1374 3234 Nihil
1427 3180 1626 3235 horum
1661 3195 1780 3250 qua:
1823 3181 1890 3235 ad
1928 3181 2050 3249 ejus

456 3266 780 3339 dignitatem
841 3268 1135 3323 conferunt
1202 3279 1483 3333 exercent,
1563 3268 1677 3324 imo
1750 3269 2050 3339 aliquando

459 3361 643 3431 potius
673 3378 792 3432 qua:
813 3372 938 3417 sunt
966 3372 1158 3417 contra
1194 3362 1340 3416 illam
1373 3362 1600 3430 faciunt,
1625 3362 1717 3418 sed
1742 3363 1831 3417 illa
1858 3371 2048 3419 contra

457 3467 553 3508 eos
588 3452 825 3506 maxime
864 3463 1118 3524 vergunt.
1162 3454 1379 3510 Etenim
1425 3464 1716 3524 propterea
1748 3470 1907 3511 sacro
1948 3456 2049 3511 ha-

458 3547 576 3602 bitu
615 3562 721 3602 non
770 3546 1031 3601 induendi
1096 3557 1245 3615 sunt,
1276 3549 1375 3603 sed
1416 3564 1586 3620 scopo
1614 3552 1736 3621 ejus
1766 3550 2055 3606 attenden-

456 3641 586 3697 dum
619 3650 704 3694 cst
729 3679 745 3706 ,
779 3650 836 3695 et
871 3656 993 3695 cum
1029 3641 1340 3697 sacerdotio
1382 3643 1551 3713 aliqui
1581 3644 1845 3713 dignandi
1877 3653 2008 3701 sunt
2033 3685 2047 3708 ,

459 3733 699 3802 eligendi
731 3743 860 3789 sunt
889 3735 1030 3790 inter
1055 3750 1150 3791 eos
1178 3736 1270 3806 qui
1307 3737 1479 3805 magis
1512 3738 1586 3806 pii
1616 3737 2050 3792 conversatione

456 3828 850 3893 ostenduntur,
881 3838 934 3884 et
960 3831 1049 3898 qui
1083 3844 1321 3887 mastmc
1348 3830 1656 3887 humilitate
1683 3831 1907 3887 radicati
1944 3831 2051 3886 hu-

459 3921 649 3975 milem
686 3922 977 3978 Dominum
1020 3923 1329 3981 imitantur.
1372 3923 1649 3980 Continuo
1695 3926 1918 3996 quidem
1953 3924 2051 3979 de-

458 4013 807 4082 prehendere
840 4014 1109 4070 habemus
1143 4030 1239 4071 eos
1266 4015 1360 4085 qui
1389 4016 1636 4087 regulam
1666 4026 1721 4070 et
1750 4016 2049 4086 imaginem

460 4102 679 4161 Domini
710 4122 818 4161 non
851 4110 1195 4178 susceperint
1225 4109 1278 4163 in
1328 4124 1482 4165 sacra
1519 4109 1896 4177 ordinatione,
1934 4110 2051 4178 ple-

460 4213 696 4267 rumque
745 4198 998 4253 invenire
1034 4201 1369 4271 arrogantia:
1417 4210 1471 4256 et
1504 4212 1661 4256 vanae
1713 4202 2051 4259 ostensionis

460 4306 711 4354 causam,
745 4306 859 4346 non
894 4307 992 4362 per
1021 4293 1281 4363 seipsam,
1309 4294 1404 4349 sed
1436 4308 1534 4363 per
1569 4293 1904 4350 voluntatem
1949 4311 2051 4352 no-

458 4392 655 4446 stram,
687 4397 833 4451 qum,
859 4382 957 4438 Dei
1009 4382 1208 4453 spiritu
1239 4383 1401 4456 dirigi
1446 4399 1689 4440 renuens
1714 4426 1730 4451 ,
1763 4385 1926 4442 unice
1979 4386 2048 4442 ad

2159 3187 2326 3255 σθαι,
2390 3189 2467 3259 τῷ
2520 3190 2708 3260 σκοπῷ
2741 3191 2799 3244 δὲ
2849 3189 3049 3243 τούτου
3101 3189 3397 3258 προσέχειν
3428 3228 3442 3251 ,
3498 3186 3592 3239 καὶ
3637 3183 3739 3251 τῆς

2157 3284 2459 3353 ἱερωσύνης
2492 3283 2548 3337 δὲ
2577 3283 2932 3348 ἀξιωθέντας,
2967 3283 3106 3351 πρὶς
3152 3281 3314 3334 τοῦτο
3346 3276 3732 3345 ἀπολεγὼτας,

2154 3376 2584 3446 εὐλαόεστέρους
2612 3375 2948 3440 δείκνυσθαι,
2969 3374 3064 3429 καὶ
3092 3371 3171 3442 τῷ
3201 3370 3588 3427 ταπεινωθέντι
3615 3385 3739 3423 συν-

2152 3466 2544 3523 ταπεινοῦσθαι
2590 3467 2860 3539 Δεσπότῃ,
2894 3466 2955 3520 οὗ
2983 3464 3083 3535 τὴν
3113 3464 3267 3530 τάξιν
3296 3465 3388 3516 καὶ
3412 3462 3512 3533 τὴν
3560 3461 3740 3515 εἰκόνα

2157 3558 2476 3630 εἰλήφασιν,
2506 3557 2658 3612 ἔστιν
2697 3558 2854 3628 ὁρᾷν,
2883 3557 3175 3625 ὲπάρσεως
3211 3553 3416 3623 μᾶλλον
3459 3553 3557 3621 τὴν
3586 3551 3737 3605 θείαν

2152 3649 2309 3710 τάξιν
2365 3650 2572 3719 ταύτην
2611 3649 2707 3701 καὶ
2735 3653 2908 3718 τύφου
2939 3647 3153 3709 πολλοῖς
3185 3647 3482 3716 γινομένην
3521 3646 3695 3700 αἰτίαν
3720 3677 3737 3705 ,

2153 3740 2216 3793 ού
2250 3740 2383 3810 παρ’
2415 3740 2609 3810 αὐτὴν,
2645 3739 2799 3807 παρά
2842 3739 2900 3792 δὲ
2936 3738 3037 3808 τὴν
3078 3737 3357 3806 ἡμετέραν
3388 3735 3450 3789 οὐ
3485 3734 3622 3805 πρὸς
3645 3734 3736 3786 τὸν

2155 3833 2301 3887 θεῖον
2350 3830 2478 3886 νοῦν
2527 3832 2838 3902 τεταμένην
2908 3829 3256 3899 προαίρεσιν,
3323 3827 3459 3895 προς
3517 3825 3737 3896 amet

2154 3925 2476 3995 κεχηνυῖαν,
2508 3925 2605 3978 καὶ
2634 3924 2770 3994 ὃλην
2803 3921 3233 3993 ὲκκρεμαμὲνην
3262 3919 3330 3972 τὰ
3375 3918 3526 3971 κάτω
3551 3918 3644 3970 καὶ
3679 3918 3736 3970 ὲν

2155 4018 2430 4089 αἰσθήσει.
2476 4015 2797 4085 Ὀφείλομεν
2841 4014 2897 4067 δὲ
2954 4014 3029 4083 μὴ
3079 4012 3222 4065 οὕτω
3256 4015 3501 4064 σκοπεῖν.
3538 4012 3595 4063 Εἰ
3629 4010 3735 4077 γὰρ

2153 4111 2250 4164 καὶ
2307 4109 2430 4164 κατ’
2485 4107 2729 4177 ἐμαυτοῦ
2758 4106 3190 4177 ταῦταίγράφω,
3214 4108 3328 4170 τοῖς
3371 4105 3555 4167 αὐτοῖς
3590 4105 3737 4170 λογι-

2157 4204 2316 4272 σμοῖς
2356 4202 2459 4272 τῆς
2499 4202 2734 4271 οἰήσεως
2773 4200 3039 4262 πολλάκις
3086 4200 3365 4271 ἐχόμενος,
3397 4198 3513 4252 ἀλλ’
3541 4198 3603 4249 οὐ
3639 4212 3737 4249 πα-

2157 4296 2497 4366 ραιτήσομαι
2516 4308 2533 4323 ⁸
2564 4295 2663 4349 καὶ
2703 4294 2829 4348 ὅσον
2860 4293 3030 4348 ἐννοῶ
3055 4294 3202 4347 θεῖον
3232 4288 3494 4346 εἶναικαὶ
3528 4286 3735 4359 ὀφειλόο

2161 4402 2324 4458 μενον
2378 4385 2562 4453 λέγειν
2589 4428 2604 4452 ,
2654 4386 2752 4440 καὶ
2813 4386 2951 4454 μετά
2989 4385 3102 4439 τῶν
3153 4383 3329 4438 ἄλλων
3374 4383 3472 4437 καὶ
3505 4381 3737 4452 δμαυτδν

460 4474 607 4529 bona
642 4474 904 4530 inferiora
936 4490 1182 4547 prmeeps
1218 4478 1333 4530 ruit
1360 4487 1414 4533 et
1438 4479 1605 4533 etiam
1642 4494 1702 4535 se
1728 4478 1838 4536 illis
1868 4479 2049 4550 impli-

2156 4479 2488 4551 ἐξελέγχειν.
2537 4479 2832 4533 Ἀδύνατον
2856 4479 2965 4549 γὰρ
3001 4478 3078 4551 μὴ
3114 4478 3306 4549 ὄνησίν
3340 4494 3466 4533 τινα
3494 4474 3735 4545 γίνεσθαι

457 4576 553 4621 cat
577 4575 635 4622 et
663 4569 858 4623 miscet
884 4568 1160 4624 sensibus.
1189 4567 1305 4625 Non
1345 4579 1529 4626 autem
1554 4571 1824 4627 debemus
1851 4572 2052 4642 decipi.

463 4659 591 4715 Haec
653 4670 844 4715 contra
931 4676 1019 4715 me
1094 4663 1297 4729 scribo,
1383 4678 1529 4735 saepe
1615 4664 2052 4736 cogitationibus

456 4753 907 4824 praesumptionis
938 4754 1157 4821 illusus,
1185 4755 1282 4811 sed
1313 4769 1427 4812 non
1457 4758 1872 4813 excusationem
1903 4772 2054 4826 quae-

458 4861 603 4913 ram,
639 4848 757 4903 scio
780 4847 928 4904 enim
960 4863 1121 4918 quam
1161 4847 1235 4903 sit
1280 4857 1473 4903 sancta
1512 4847 1627 4903 haec
1660 4848 1922 4919 loquendi
1959 4864 2052 4903 ne-

454 4940 713 5007 cessitas,
739 4950 796 4996 et
824 4956 911 4997 me
938 4957 1065 4997 cum
1096 4940 1218 4996 aliis
1243 4940 1541 4997 confitendi
1569 4941 1915 4997 mendacem.
1946 4941 2054 4997 lm-

2155 4574 2220 4643 τῇ
2256 4571 2452 4643 μνήμῃ
2492 4571 2588 4625 καὶ
2631 4571 2814 4642 ἐννοίᾳ
2838 4571 2948 4624 τῶν
2982 4571 3204 4640 ἀγαθῶν
3237 4571 3295 4623 ἐν
3325 4571 3481 4640 ἡμῖν,
3516 4567 3611 4621 καὶ
3637 4565 3739 4620 ὑπὸ

2158 4663 2235 4735 μὴ
2264 4664 2499 4717 δεόντων
2531 4661 2815 4731 λογισμῶν
2846 4661 3262 4733 κλεπτομένοις.
3293 4662 3367 4715 Τὸ
3388 4661 3497 4732 γὰρ
3529 4659 3739 4722 ἑννοίας

2152 4755 2408 4826 δέχεσθαι
2442 4758 2538 4807 καὶ
2590 4753 2904 4826 προσὸολὲς
2953 4754 3241 4822 λογισμῶν
3297 4754 3448 4824 ἡμᾶς
3500 4751 3611 4804 τῶν
3640 4751 3740 4804 οὐκ

2153 4850 2239 4919 ἐφ’
2272 4851 2430 4922 ἡμῖν’
2464 4849 2558 4903 καὶ
2586 4847 2648 4901 τὸ
2677 4847 2998 4902 ἀπατᾶσθαι
3033 4846 3452 4913 ὶπισυμδαίνειν
3496 4844 3736 4912 πέφυκεν

2156 4943 2290 5011 ἡμῖν
2324 4938 2620 4995 ἀλλοιώσει
2661 4937 3129 5009 κεκρατημένοις.
3171 4938 3334 4992 Ἀλλὰ
3360 4936 3421 4990 τὺ
3450 4937 3651 4989 ἐννοεῖν
3680 4932 3739 4986 τδ

458 5031 727 5101 possibile
756 5039 840 5086 est
885 5031 1093 5085 nullum
1136 5032 1191 5085 in
1227 5030 1386 5087 nobis
1420 5030 1726 5103 profectum
1772 5046 2049 5103 emergere

2162 5036 2431 5102 συνοῖσον,
2488 5034 2582 5087 καὶ
2612 5031 2771 5094 αὖθις
2804 5030 3182 5098 ὲπανάγεσθαι
3217 5029 3354 5101 πρὸς
3383 5026 3447 5082 τὸ
3473 5030 3739 5096 κρεῖττον,

462 5139 533 5191 ex
565 5124 830 5179 memoria
862 5133 915 5179 et
942 5123 1261 5195 cegnitione
1292 5125 1564 5180 bonorum
1606 5125 1773 5179 etiam
1807 5140 1931 5179 cum
1962 5125 2049 5179 ad-

2163 5127 2274 5181 τῶν
2306 5127 2392 5197 ἐφ’
2425 5127 2582 5198 ἡμῖν.
2632 5124 2807 5178 Τοῦτο
2836 5121 2934 5176 οὖν
2973 5122 3351 5194 παρορῶντες,
3384 5120 3477 5175 ὑπ’
3510 5118 3742 5186 εὐθύνην

462 5230 756 5271 versamur
787 5231 885 5285 per
912 5231 1032 5285 qua:
1055 5231 1168 5270 non
1190 5225 1410 5284 oportet
1436 5216 1814 5285 opinamenta.
1838 5216 2049 5272 Etenim

2164 5220 2229 5273 ἂν
2266 5220 2483 5290 εἴημεν.
2518 5216 2740 5279 ’Ἄλλως
2799 5232 2859 5268 τε
2910 5215 3009 5269 καὶ
3033 5215 3095 5267 τὸ
3131 5215 3403 5285 μεριμνᾷν
3439 5213 3570 5284 περλ
3617 5210 3742 5265 καλ-

464 5322 566 5378 per
593 5320 697 5361 nos
729 5322 836 5360 non
867 5315 974 5362 stat
1004 5308 1613 5377 opinionum-notiones
1644 5318 1699 5364 et
1725 5310 2049 5366 convenien‘

2164 5311 2366 5365 λίστων
2400 5311 2510 5374 ἀεὶ,
2547 5308 2764 5378 πέφυκὲ
2797 5324 2851 5361 τι
2884 5306 3158 5378 θειότερον
3191 5306 3528 5360 ἀποτίκτειν.

467 5401 573 5457 tias
611 5402 888 5469 detegere,
931 5399 1060 5470 quia
1101 5400 1278 5456 errori
1308 5402 1577 5459 obnoxios
1602 5419 1726 5461 esse
1759 5406 1919 5462 nobis
1950 5417 2149 5462 natura
2180 5407 2385 5463 accidit
2413 5417 2470 5462 et
2498 5402 2892 5461 inconstantiae.
2955 5409 3010 5456 et
3082 5400 3372 5456 mutationi
3444 5401 3677 5456 subesse
3713 5415 3729 5453 :

461 5494 563 5550 sed
597 5492 807 5564 optime
840 5508 1134 5562 possumus
1164 5510 1495 5566 cognoscere
1536 5501 1680 5572 quod
1722 5503 1962 5574 patimur
1995 5512 2049 5556 et
2082 5504 2228 5573 quod
2264 5504 2426 5559 nobis
2454 5501 2677 5573 expcdit
2700 5510 2755 5556 et
2787 5500 2986 5554 iterum
3015 5496 3082 5552 ad
3113 5496 3307 5553 melius
3339 5496 3423 5568 agi
3485 5502 3539 5550 ct
3605 5508 3741 5548 con-

466 5587 603 5641 vcrti
636 5605 649 5642 :
679 5588 782 5643 hoc
829 5599 982 5644 certo
1024 5591 1262 5647 scientes
1295 5594 1442 5662 quod
1491 5611 1714 5666 poenam
1749 5599 1964 5655 luemus
2006 5600 2050 5653 si
2091 5598 2218 5654 mali
2252 5600 2451 5655 simus.
2487 5598 2723 5655 Aliunde
2751 5594 3013 5655 memoria
3040 5592 3282 5651 retinere
3339 5592 3483 5651 bona
3534 5586 3749 5663 pretio-

461 5679 680 5736 sissima
704 5693 761 5738 et
787 5692 991 5739 :eterna
1028 5685 1231 5756 aliquid
1267 5689 1319 5744 in
1358 5691 1512 5749 nobis
1552 5695 1752 5767 ingerit
1778 5703 1845 5768 et.
1873 5698 2111 5752 seminat
2137 5696 2587 5754 divinissimum.‘

540 5775 564 5808 ⁸
590 5775 750 5834 Joan.
781 5795 873 5847 xx,
909 5779 974 5837 ιδ
1008 5796 1125 5853 scq.
