4118 6460
385 359 491 428 965

1681 353 1778 413 DE
1830 351 2326 414 SACEBDOTIO.

3543 353 3647 418 956

453 477 655 534 Λοιπὸν
706 475 994 545 ὀφείλομεν
1048 471 1320 539 ἐξετάζειν
1363 471 1504 533 τίνος
1545 471 1711 539 ἐσμὲν
1753 471 1959 539 ὑπηρέ-

2136 470 2211 522 De
2247 477 2443 521 caetero
2464 466 2886 536 diligentissime
2911 466 3189 534 inquirere
3206 466 3470 521 debemus
3498 471 3656 536 cujus

383 581 496 635 ται,
531 571 626 624 καὶ
672 569 816 630 τίνος
860 569 1024 636 ἔργου
1059 567 1294 620 διάκονοι
1321 579 1334 592 ’
1370 565 1464 617 καὶ
1506 563 1603 628 τὴν
1640 561 1828 614 εἰκόνα
1873 565 1965 628 φέ-

389 678 553 732 ρομεν
589 661 751 721 τίνος.
783 657 921 710 Θεοῦ
973 657 1156 710 τοίνυν
1207 657 1372 724 ἐσμὲν
1405 654 1674 722 ὑπηρέται
1703 652 1796 705 τοῦ
1843 651 1964 703 κτί-

388 771 581 816 σαντος
612 753 692 804 »τά
725 751 924 816 πάντα,
956 751 1051 803 καὶ
1086 745 1226 800 εἶναι
1261 745 1320 798 εὖ
1357 742 1496 798 εἶναι
1536 745 1862 815 ποιήσαντός
1906 760 1965 796 τε

391 847 486 898 καὶ
542 847 628 897 ἀεὶ
659 844 987 912 βουλομένου
1018 857 1028 872 ’
1059 843 1153 893 καὶ
1187 841 1678 908 μεταϐεϐλημένων
1704 838 1967 899 ἑκουσίως

389 938 471 997 εἰς
515 937 578 988 τὸ
625 937 810 998 κακῶς
851 929 992 986 εἷναί
1046 950 1230 992 τινων,
1279 932 1373 984 καὶ
1409 930 1607 998 μᾶλλον
1640 929 1966 998 ἀνθρώπων,

391 1022 546 1088 αὖθις
586 1027 665 1087 εἰς
701 1029 761 1077 τὸ
789 1024 846 1078 εὖ
879 1019 1018 1075 εἶναι
1063 1022 1518 1086 ἀποκαταστῆσαι
1549 1019 1874 1088 θελήσαντὸς
1909 1037 1967 1072 τε

391 1117 488 1168 καὶ
539 1115 924 1184 εὐδοκήσαντος
949 1154 965 1178 ,
1005 1114 1099 1164 καὶ
1148 1112 1499 1181 ἐνεργοῦντος
1540 1112 1696 1163 τοῦτο
1741 1111 1831 1163 διὰ
1859 1110 1968 1162 τῶν

395 1207 607 1277 ἱερέων.
641 1206 847 1274 Ἔργον
888 1205 944 1258 δὲ
996 1205 1234 1257 διάκονοι
1277 1204 1597 1272 ὑπάρχομεν
1646 1201 1738 1254 τοῦ
1804 1203 1966 1270 μεγί-

397 1315 547 1351 στου.
586 1291 655 1367 ᾯ
701 1299 808 1366 γὰρ
843 1296 1028 1366 ὴνώθη
1085 1298 1154 1347 τά
1215 1297 1304 1347 ἐπὶ
1341 1297 1442 1362 γῆς
1489 1297 1600 1356 τοῖς
1650 1293 1762 1345 ἄνω
1815 1292 1970 1361 καὶὴ

394 1389 563 1459 ἔχθρα
614 1388 803 1456 ἐλύθη,
866 1390 961 1439 καὶ
1007 1387 1137 1450 Θεὸς
1201 1385 1408 1455 βροτοῖς
1466 1385 1812 1452 κατηλλάγη,
1877 1387 1970 1436 καὶ

395 1481 572 1550 πλάνη
598 1481 873 1533 πέπαυται
907 1479 1076 1539 πᾶσα,
1110 1478 1206 1529 καὶ
1231 1477 1508 1544 δαιμόνων
1543 1478 1745 1544 κράτος
1775 1476 1966 1539 ὤλετο,

397 1573 490 1626 καὶ
539 1573 813 1640 ἄνθρωποι
846 1571 963 1639 μετ’
983 1570 1253 1636 ἀγγέλων,
1283 1571 1378 1621 καὶ
1412 1568 1517 1620 υἱοὶ
1559 1568 1695 1620 Θεοῦ
1729 1571 1824 1620 καὶ
1859 1569 1971 1620 θεοὶ

396 1665 703 1732 γεγόναμεν
747 1662 888 1714 κατὰ
919 1663 1103 1730 χάριν,
1139 1661 1332 1712 τούτου
1367 1661 1600 1729 ἐνεργοὶ,
1636 1660 1966 1729 λειτουργοὶ,

397 1753 706 1819 οίκονόμοι,
745 1737 946 1819 μύσται
993 1751 1336 1819 τυγχάνομεν
1367 1751 1720 1821 ἀπορρήτως.
1774 1751 1970 1802 Είκόνα

2069 563 2241 614 simus
2274 559 2533 623 ministri,
2567 568 2619 610 et
2644 562 2802 630 cujus
2830 559 3014 628 operis
3049 560 3381 623 administri,
3417 570 3474 614 et
3499 563 3658 629 cujus

2068 652 2360 722 imaginem
2406 661 2702 720 typumque
2737 665 3017 721 geramus.
3070 652 3166 704 Dei
3201 666 3438 719 namque
3462 668 3657 706 sumus

2068 745 2304 800 ministri
2341 745 2433 812 qui
2469 747 2678 798 creavit
2711 745 2919 808 omnia,
2941 745 3031 812 qui
3060 745 3242 798 omnia
3274 744 3402 798 fecit
3435 746 3572 799 bona
3603 755 3661 800 et

2069 837 2144 890 ita
2181 837 2271 889 illa
2302 851 2423 889 esse
2448 835 2500 888 iu
2527 845 2792 890 internum
2812 835 3146 889 voluntatem
3171 837 3366 890 habet:
3395 838 3484 906 qui
3506 853 3664 892 crea-

2071 937 2223 982 turas
2253 930 2538 996 quasdam,
2574 929 2876 996 praesertim
2915 928 3181 989 homines.
3209 944 3329 981 cum
3364 930 3419 982 in
3455 931 3658 983 malum

2073 1019 2380 1072 voluntarie
2420 1019 2744 1083 inciderint,
2786 1021 2980 1072 iterum
3031 1021 3092 1072 ad
3132 1020 3332 1073 bonum
3381 1037 3502 1074 e>se
3546 1022 3662 1073 vult

2072 1110 2287 1163 restitui
2328 1131 2338 1163 :
2375 1119 2429 1164 et
2470 1111 2574 1163 hoc
2610 1122 2868 1171 procurat
2916 1125 3013 1179 per
3055 1111 3389 1175 sacerdotes.
3440 1113 3658 1165 Maximi

2071 1219 2201 1256 vere
2236 1205 2419 1272 Operis
2449 1203 2759 1257 administri
2790 1219 3006 1266 smnus,
3047 1221 3154 1271 quo
3181 1205 3462 1257 terrestria
3497 1205 3661 1259 (tele-

2073 1295 2250 1349 stiltus
2286 1281 2603 1361 miscentur,
2631 1306 2684 1349 et
2717 1296 2902 1349 odium
2940 1295 3192 1358 solvitur,
3224 1305 3275 1348 et
3310 1295 3454 1351 Deus
3476 1296 3660 1349 homi-

2073 1387 2239 1440 nibus
2281 1387 2688 1451 reconciliatur,
2723 1397 2779 1441 et
2823 1390 3002 1442 omnis
3052 1404 3209 1442 error
3279 1389 3664 1458 confiingitur,

2076 1487 2131 1530 et
2183 1486 2427 1545 potestas
2486 1478 2792 1531 darniouum
2844 1480 3172 1542 eradicatur,
3212 1479 3570 1546 disperditur,
3608 1489 3663 1532 et

2080 1568 2330 1621 homines
2359 1583 2482 1621 eum
2511 1568 2719 1639 angelis
2747 1570 3159 1632 eonsociantur,
3195 1577 3249 1621 et
3269 1569 3359 1620 iilii
3381 1567 3507 1622 lacti
3536 1579 3664 1622 sunt

2082 1660 2174 1714 Dei
2215 1671 2267 1712 et
2296 1660 2382 1713 dei
2437 1659 2536 1729 ipsi
2575 1677 2672 1729 per
2719 1661 2984 1730 gratiam;
3026 1661 3207 1729 Opi'ris
3255 1661 3372 1727 ejus
3419 1662 3665 1729 opilices,

2076 1753 2332 1818 ministri,
2360 1753 2655 1818 mentienti,
2694 1755 2834 1806 sacri
2867 1755 3136 1808 antistites
3183 1753 3492 1809 invenimur
3528 1753 3670 1808 inef-

392 1843 454 1895 δὲ
483 1845 746 1911 φέρομεν,
777 1841 852 1902 ὼς
884 1841 1035 1892 θείαν
1081 1856 1142 1890 τε
1193 1841 1286 1891 καὶ
1325 1841 1590 1908 μεγίστην
1615 1880 1630 1904 ,
1689 1841 1831 1892 κατὰ
1876 1842 1972 1910 τὴν

2089 1844 2332 1900 iabiliter.
2383 1844 2606 1899 Sacrum
2641 1856 2694 1900 et
2736 1848 3033 1899 maximum
3071 1847 3427 1915 divinumque
3471 1854 3661 1916 typum

401 1931 556 1997 ἀξίαν
613 1932 846 1992 ἕκαστος
897 1929 1199 1996 άναλὸγως.
1255 1930 1584 1992 Ἐπίσκοπος
1636 1931 1745 2000 γὰρ
1808 1932 1974 1983 εἰκὼν

414 2023 616 2094 Ἰησοῦ·
661 2025 754 2078 καὶ
789 2025 904 2094 μετ’
945 2024 1108 2077 αὐτὸν
1148 2023 1521 2093 πρεσϐύτερος
1567 2025 1712 2076 κατὰ
1740 2024 1798 2076 τὸ
1828 2025 1977 2078 θύειν

399 2116 468 2169 τὰ
502 2114 740 2184 μυστικά
763 2131 779 2148 ⁸
810 2116 925 2177 τοῖς
955 2115 998 2167 δ’
1047 2114 1229 2177 ἄλλοις
1283 2115 1625 2183 χαρίσμασιν
1677 2115 1977 2176 ἐπίσκοπος

407 2209 505 2277 μὲν
533 2207 698 2260 εἰκὼν
730 2206 824 2259 τοῦ
877 2206 987 2259 τῶν
1034 2207 1228 2273 φώτων
1281 2206 1520 2276 Πατρὸς,
1566 2205 1697 2275 παρ’
1736 2197 1780 2272 ᾧ
1832 2208 1980 2259 πᾶσα

403 2281 549 2363 δόσις
576 2299 777 2370 ἀγαθὴ,
801 2299 896 2351 καὶ
916 2300 1024 2352 πᾶν
1041 2297 1273 2368 δώρημα
1285 2299 1513 2364 τέλειον,
1533 2299 1627 2354 καὶ
1651 2299 1978 2364 φωτιστικὸς

405 2394 492 2447 διά
526 2394 717 2447 ταῦτα.
755 2391 1135 2460 Πρεσϐύτερος
1163 2392 1243 2458 δὲ,
1278 2393 1387 2445 τῶν
1411 2393 1734 2463 ὑπερτέρων
1771 2393 1980 2458 τάξεων

405 2485 573 2538 τύπον
603 2485 763 2555 ἔχων,
796 2485 888 2538 καὶ
913 2484 1164 2553 δεύτερον
1205 2485 1338 2552 φῶς,
1374 2485 1470 2536 καὶ
1509 2485 1861 2554 μεταδοτικὸς
1886 2485 1980 2537 καὶ

407 2576 625 2646 ἐνεργὸς
657 2577 994 2647 μυστηρίων,
1026 2578 1120 2628 καὶ
1149 2577 1236 2630 διὰ
1284 2576 1441 2629 τοῦτο
1493 2578 1822 2636 τελεστικὸς.
1849 2577 1980 2630 Διά-

408 2685 562 2730 κονος
590 2669 646 2721 δὲ
676 2667 832 2737 τρίτη
865 2667 1038 2734 τάξις,
1060 2668 1309 2736 ἀγγέλων
1340 2668 1508 2720 τύπον
1545 2669 1684 2738 ἔχων
1719 2669 1977 2737 Λειτουρ-

407 2756 603 2822 γικῶν,
661 2757 1140 2823 ἀποστελλομένων
1196 2757 1285 2809 ἀεὶ
1349 2756 1439 2810 διὰ
1496 2757 1623 2821 τοὺς
1685 2757 1981 2826 μέλλοντας

409 2848 769 2916 κληρονομεῖν
823 2848 1138 2916 σωτηρίαν’
1178 2849 1273 2900 καὶ
1308 2850 1393 2901 διὰ
1445 2849 1606 2901 τοῦτο
1653 2850 1748 2901 καὶ
1781 2850 1980 2919 κῆρυξ,

411 2942 504 2994 καὶ
535 2941 865 3006 ὲτοιμάζων,
916 2944 1008 2993 καὶ
1040 2941 1416 3011 λειτουργικὸς
1467 2935 1642 3006 οὗτος.
1688 2944 1892 3006 Πάντες
1925 2943 1982 2996 δὲ

410 3032 528 3092 ἑνὸς
585 3031 719 3083 Θεοῦ
782 3032 1166 3098 παραστάται,
1219 3033 1334 3095 ἐνὸς
1375 3032 1616 3102 θύματος
1647 3033 1854 3087 θεαταί·
1889 3034 1983 3088 τοῦ

2078 1935 2315 2002 gerimus
2375 1937 2756 2009 unusquisque
2803 1937 3105 1990 secundum
3145 1937 3486 2004 dignitatem.
3544 1935 3669 2006 Epi-

2079 2041 2276 2092 ειιουυε
2320 2027 2468 2079 enim
2508 2027 2684 2097 imago
2715 2039 2802 2082 est
2833 2028 2956 2092 Dei,
2993 2039 3042 2081 et
3082 2042 3203 2096 post
3242 2029 3419 2096 ipsum
3446 2031 3668 2099 presby-

2082 2126 2182 2181 ter,
2211 2117 2338 2186 quia
2372 2119 2638 2172 sacriﬂcia
2669 2120 2855 2173 otIert.
2900 2121 3035 2173 Aliis
3058 2136 3186 2173 vero
3209 2121 3660 2187 cltaristnatibus,

2081 2209 2372 2277 episcopus
2405 2210 2583 2280 imago
2608 2219 2691 2265 est
2720 2209 2901 2265 Patris
2939 2210 3205 2265 luminum
3249 2230 3267 2263 ι
3306 2230 3334 2265 a
3371 2228 3479 2281 quo
3506 2229 3672 2267 omne

2081 2301 2263 2355 datum
2297 2301 2563 2372 Optimum
2614 2316 2669 2358 et
2715 2319 2879 2359 omne
2914 2305 3118 2358 donum
3151 2306 3454 2372 perfectum
3486 2303 3527 2369 ⁸,
3562 2325 3579 2357 ι
3617 2315 3673 2360 et

2082 2402 2310 2461 propter
2337 2395 2443 2448 ltoc
2475 2395 2715 2448 ﬂdelium
2750 2405 2831 2449 est
2868 2397 3226 2452 illuminator.
3257 2397 3542 2469 Presbyter
3574 2413 3674 2451 au-

2083 2489 2188 2534 tem
2222 2480 2476 2535 ordinum
2505 2483 2881 2536 sublimiorum
2927 2494 3111 2554 typum
3149 2487 3333 2553 habet,
3394 2499 3448 2542 et
3486 2488 3673 2544 lumen

2083 2569 2339 2635 alterum,
2373 2580 2427 2623 et
2492 2570 2812 2624 distributor
2861 2575 3129 2627 donorum
3178 2586 3234 2629 et
3290 2579 3671 2648 mysteriorum

2084 2673 2366 2732 operator,
2406 2674 2462 2718 et
2508 2677 2730 2734 propter
2766 2668 2868 2721 ltoc
2899 2670 3144 2737 perfecte
3170 2655 3411 2725 initiatus
3451 2673 3669 2726 dicitur.

2085 2755 2362 2809 Diaconus
2411 2766 2594 2810 atttem
2628 2765 2712 2810 est
2760 2757 2812 2810 in
2868 2763 3032 2812 tertio
3072 2761 3282 2826 ordine,
3336 2762 3672 2830 Angelorum

2085 2850 2177 2916 qui
2221 2847 2332 2903 Deo
2362 2849 2675 2904 ministrant
2728 2858 2912 2920 typum
2963 2866 3180 2920 gerens,
3229 2868 3366 2922 quos
3405 2864 3674 2922 perpetuo

2087 2942 2257 2995 mittit
2288 2942 2355 2996 ad
2385 2959 2482 2997 eos
2515 2944 2608 3012 qui
2655 2943 2842 2997 \‘olunl
2893 2945 3217 3000 Increditare
3271 2947 3505 3002 salutem
3541 2966 3556 3014 ;
3619 2957 3678 3002 et

2088 3045 2311 3104 propter
2345 3035 2448 3089 hoc
2477 3050 2678 3103 praeco,
2709 3045 2892 3091 custos
2936 3045 2991 3090 et
3040 3038 3291 3093 minister
3326 3050 3428 3094 est.
3468 3040 3674 3097 Omnes

412 3122 574 3177 αὺτοῦ
611 3123 666 3175 δὲ
703 3123 794 3175 καὶ
815 3124 1098 3186 κοινωνοὶ,
1127 3127 1224 3175 καὶ
1258 3123 1559 3192 σύσσωμοι,
1595 3125 1691 3179 καὶ
1721 3126 1983 3191 σύνδοξοι,

2090 3138 2214 3178 sunt
2259 3125 2364 3180 Deo
2400 3125 2718 3181 assistentes
2750 3168 2763 3191 ,
2821 3128 2981 3183 unius
3032 3129 3268 3184 victimae
3309 3141 3673 3200 spectatores,

411 3217 509 3266 καὶ
544 3215 726 3276 ἄλλοις
757 3215 1102 3284 μεταδοτικοὶ
1133 3215 1316 3283 χάριτι
1353 3215 1497 3284 θείᾳ,
1543 3218 1589 3270 εί
1631 3217 1725 3270 καὶ
1754 3219 1987 3287 πρώτως

411 3305 570 3358 τοῦτο
613 3307 825 3371 γίνεται
868 3303 964 3357 καὶ
1017 3305 1310 3374 δευτέρως,
1345 3307 1488 3358 κατὰ
1552 3307 1651 3374 τὴν
1681 3309 1836 3375 τάξιν
1889 3311 1989 3380 τὴν

414 3399 631 3470 ἑκάστῳ
661 3400 867 3452 ἄνωθεν
897 3399 1208 3472 διδομένην.

491 3579 723 3645 Ἴδωμεν
749 3578 932 3631 τοίνυν
962 3578 1054 3631 τὸν
1105 3577 1330 3647 Ἰησοῦν.
1360 3579 1491 3644 Θεὸς
1531 3579 1762 3651 ἀληθὴς,
1799 3584 1863 3636 ἐκ
1892 3585 1987 3637 τοῦ

409 3669 567 3732 ὄντος
598 3668 695 3732 ὣν,
729 3667 968 3736 ἀνάρχου
999 3666 1110 3720 Νοῦ
1135 3667 1327 3734 Λόγος·
1362 3671 1572 3739 Πατρὸς
1598 3671 1824 3739 ὑψίστου
1861 3674 1990 3738 Υἱὸς

418 3760 732 3831 μονογενὴς,
760 3759 870 3821 ,τοῦ
923 3758 983 3822 ἐξ
1028 3752 1090 3812 οῦ
1148 3761 1215 3812 τά
1263 3759 1460 3824 πάντα,
1492 3763 1685 3830 Σοφία,
1722 3767 1987 3834 Δύναμις,

417 3854 510 3905 καὶ
542 3852 740 3918 Λόγος,
769 3848 836 3902 δι’
861 3848 922 3902 οῦ
956 3849 1024 3902 τὰ
1071 3850 1269 3903 πάντα.
1325 3852 1729 3923 Παντοκράτωρ
1763 3855 1988 3926 Κύριος,

417 3941 600 4005 ἆῦλος,
631 3940 865 4008 ἀόρατος
894 3977 909 4002 ,
946 3939 1246 4009 ἄφραστος,
1293 3941 1671 4012 ἀπερίληπτος
1697 3987 1714 4013 ,
1777 3947 1991 4000 ἀκατά-

416 4033 646 4098 ληπτος,
693 4032 1134 4101 ἀπερίγραπτος,
1165 4035 1399 4106 ἀναφὴς,
1423 4034 1714 4099 ἀθάνατος.
1745 4039 1910 4102 Τέλος
1941 4041 1991 4093 τί

418 4123 691 4194 δι’ήμᾶς;
732 4125 1077 4194 Ἀνθρωπος,
1101 4128 1320 4196 ὁρατὸς,
1374 4131 1772 4200 περιγραπτὸς,
1814 4132 1992 4201 παθη-

417 4214 531 4277 τὸς,
551 4215 765 4285 θνητὸς,
797 4219 1034 4286 πτωχὸς,
1058 4219 1271 4282 ἄπολις,
1304 4221 1516 4290 ἄτιμος,
1553 4224 1806 4291 πραθεὶς,
1829 4226 1996 4278 κατά-

415 4320 624 4373 κριτος,
653 4305 954 4376 ὑϐρισθεὶς,
971 4309 1321 4377 ὲμπαιχθεὶς,
1337 4311 1706 4380 βασανισθεὶς,
1751 4330 1884 4369 σταυ
1895 4333 1996 4385 ρω-

419 4393 550 4456 θείς.
573 4392 761 4448 Ταῦτα
788 4394 856 4448 δι’
891 4398 1058 4466 ημᾶς.
1087 4398 1151 4450 Τί
1187 4398 1567 4468 θειότερον;τί
1610 4404 1810 4474 δεῖγμα
1857 4407 1998 4474 ἀγα-

2097 3218 2254 3285 cujus
2284 3226 2410 3272 sunt
2437 3221 2936 3282 eommunieautes,
2975 3223 3415 3289 concorporales,
3452 3233 3507 3278 et
3537 3241 3674 3279 eon-

2099 3309 2410 3380 gloriticati,
2457 3321 2510 3362 et
2543 3310 2667 3364 aliis
2701 3311 3086 3368 distributores
3123 3315 3297 3384 gratia
3328 3315 3445 3380 Dei,
3481 3334 3682 3385 quaut-

2098 3403 2178 3454 vis
2211 3402 2315 3454 hoc
2347 3402 2522 3470 primo
2547 3415 2601 3455 et
2629 3405 2878 3459 secundo
2906 3407 3076 3476 gradu
3097 3408 3208 3474 ﬁat,
3239 3408 3394 3481 juxta
3426 3413 3668 3482 regulam

2098 3492 2390 3561 unicuique
2426 3493 2605 3548 datam
2638 3498 2883 3552 coalitus.

2167 3580 2594 3638 Consideretnus
2627 3601 2758 3656 ergo
2792 3587 3000 3642 Jesum.
3058 3595 3197 3646 Deus
3223 3603 3306 3648 est
3353 3611 3532 3662 verus,
3567 3597 3684 3668 ipse

2099 3681 2180 3726 est
2210 3686 2272 3725 ex
2307 3689 2372 3728 eo
2407 3674 2501 3742 qui
2535 3685 2643 3740 est,
2694 3677 3065 3751 lntelligentize
3102 3685 3356 3740 iuereatat
3397 3686 3634 3742 Verbum
3665 3731 3680 3755 ,

2097 3767 2272 3821 Patris
2302 3767 2548 3822 altissimi
2584 3767 2775 3834 Filius,
2814 3773 2934 3842 ejus
2961 3792 2990 3829 a
3040 3793 3151 3844 quo
3182 3789 3310 3833 sunt
3341 3781 3546 3848 omnia,
3584 3781 3684 3835 Sa-

2099 3859 2330 3928 pientia,
2366 3860 2554 3917 Virtus
2595 3875 2650 3919 et
2680 3867 2959 3934 Verbum;
3003 3885 3100 3939 per
3128 3887 3289 3940 quem
3324 3875 3528 3936 omnia,
3562 3893 3682 3929 om-

2100 3951 2355 4018 nipotens
2393 3953 2675 4024 Dominus,
2711 3959 3111 4026 immaterialis,
3144 3965 3458 4032 invisibilis,
3491 3967 3685 4020 ineffa-

2101 4047 2247 4112 bilis,
2287 4048 2875 4118 incomprehensibilis,
2908 4053 3236 4125 immensus,
3272 4058 3682 4116 ineiri-uutscri-

2102 4151 2244 4210 plus,
2277 4142 2667 4212 impalpabilis,
2704 4145 3059 4209 immortalis;
3110 4151 3241 4219 quid
3283 4151 3520 4222 denique
3582 4171 3685 4224 pro

2102 4234 2264 4288 nobis
2299 4232 2477 4289 factus
2514 4239 2640 4289 est?
2693 4235 2886 4304 Homo,
2925 4239 3172 4304 visibilis,
3205 4243 3678 4314 circumscriptus,

2104 4325 2424 4394 passibilis,-
2459 4327 2724 4394 mortalis,
2775 4345 3004 4398 pauper,
3054 4335 3399 4402 peregrinus,
3437 4349 3686 4391 eontem-

2104 4415 2332 4485 ptibilis,
2361 4417 2640 4483 venditus,
2669 4421 3093 4486 condemnatus,
3121 4425 3430 4494 injuriatus,
3470 4429 3684 4498 illusus,

419 4485 644 4554 θότητος
700 4485 828 4539 ἄλλο
873 4488 1130 4556 μέγιστον
1174 4505 1190 4554 ;
1255 4491 1520 4544 Ἀϐύσσου
1592 4494 1984 4568 εὐσπλαγχνίας

2107 4508 2428 4579 ﬂagellatus,
2453 4512 2771 4568 crucifixus.
2800 4514 2925 4569 lla'c
2952 4533 3048 4586 pro
3069 4520 3227 4573 nobis
3260 4525 3504 4590 pertulit.
3542 4485 3686 4590 Quid

417 4574 471 4625 τί
503 4577 927 4646 γνωριμώτερον
955 4593 972 4644 ;
1003 4581 1390 4646 ταπεινώσεως
1420 4582 1559 4636 Θεοῦ
1588 4586 1638 4636 τί
1691 4591 2004 4659 φανερώτε-

423 4681 551 4734 ρον,
597 4667 654 4718 '0
704 4667 931 4737 κτίστης
985 4669 1192 4739 κτίσμα
1226 4711 1242 4738 ,
1295 4674 1324 4726 6
1375 4674 1606 4745 ποιητὴς
1636 4678 1873 4749 ποίημα,
1910 4683 2007 4735 καὶ

420 4759 646 4826 πάσχων
695 4759 837 4829 ὑπὲρ
888 4761 1205 4831 κτισμάτων
1240 4763 1344 4818 ὑπὸ
1400 4765 1506 4820 τῶν
1559 4771 1880 4840 κτισμάτων
1910 4775 2008 4827 αὐ-

419 4849 532 4916 τοῦ,
573 4851 675 4902 ὑπὸ
698 4851 804 4904 τῶν
830 4851 1034 4906 δούλων
1077 4855 1216 4926 ὑπὲρ
1259 4858 1437 4912 αὐτῶν
1467 4860 1495 4912 ὁ
1522 4864 1824 4932 Δεσπότης,
1865 4865 2006 4935 ὑπὲρ

419 4941 665 4995 ἀπίστων
692 4944 957 5011 ἐχθίστων
1005 4950 1401 5018 γεγενημέμων
1453 4952 1626 5022 αὐτῷ,
1672 4955 1854 5011 ἑκοντὶ
1905 4975 2008 5028 μα·-

422 5033 789 5101 κρυνθέντων,
831 5037 907 5106 τῷ
953 5039 1314 5109 ὲχθρῷαὐτοῦ
1357 5043 1762 5102 δουλευσάντων
1789 5089 1806 5116 ,
1843 5051 2007 5104 αὐτὸν

420 5123 582 5196 375
619 5127 966 5197 ὴγνοηκότων
982 5133 1075 5186 τὸν
1109 5134 1353 5205 κτίστην,
1381 5140 1456 5209 μὴ
1495 5141 1894 5210 μεταγνόντων,
1930 5145 2005 5215 μὴ

422 5215 802 5287 ζητησάντων,
841 5221 920 5291 μὴ
956 5225 1446 5296 προσδραμόντων,
1485 5233 1899 5303 άποπηδώντων
1946 5237 2003 5288 δὲ

425 5306 646 5374 μᾶλλον,
682 5308 1010 5374 διωκόντων,
1052 5314 1524 5388 βλασφημούντων
1557 5325 1654 5377 καὶ
1706 5326 2001 5381 θανατοῦν-

421 5411 551 5489 των,
588 5399 782 5454 ἑαυτὸν
833 5405 860 5456 6
898 5406 1107 5473 ἀγαθὸς
1162 5409 1416 5480 δέδωκεν,
1479 5413 1674 5481 ἔπαθε,
1707 5419 1994 5489 τέθνηκεν,

423 5488 652 5585 ἀνέστη,
690 5495 783 5548 καὶ
823 5498 968 5568 ἡμᾶς
1003 5503 1350 5575 συνήγειρεν,
1386 5509 1691 5582 ἀνελήφθη,
1719 5515 1814 5566 καὶ
1849 5517 1997 5585 ἡμᾶς

426 5583 776 5650 συνανύψωσε
798 5603 812 5618 ο
847 5590 938 5643 καὶ
969 5593 1122 5657 τέλος
1152 5596 1366 5667 τίθητιν
1388 5599 1580 5656 ἑαυτὸν
1612 5604 1698 5657 ἀεὶ
1730 5603 1797 5660 δι’
1823 5583 1996 5677 ἡμᾶς,

495 5759 516 5792 ⁸
545 5749 658 5817 Jac.
685 5773 724 5830 t,
754 5762 842 5820 17.

2106 4601 2526 4674 divinius?,quid
2549 4608 2728 4675 aptius
2749 4609 2976 4678 majoris
3002 4611 3263 4668 bonitatis
3296 4617 3692 4672 testimonium?

2108 4693 2250 4758 Quid
2280 4697 2454 4767 magis
2485 4698 2747 4754 conferre
2782 4711 2964 4770 potest
2997 4705 3063 4756 ad
3111 4706 3468 4761 revelandum
3520 4713 3686 4780 abys-

2107 4799 2226 4838 sum
2262 4787 2687 4846 misericordiae?
2727 4796 2794 4845 ad
2825 4793 3282 4849 mattilestandam
3329 4798 3690 4855 humilitatem

2123 4875 2508 4936 Dei?(1reator
2557 4881 2730 4938 factus
2759 4895 3030 4946 creatura,
3069 4888 3250 4955 epifex
3301 4887 3478 4943 factus
3525 4908 3690 4960 opus,

2111 4980 2167 5024 et
2198 4988 2296 5041 pro
2327 4974 2595 5028 creaturis
2644 4989 2673 5027 a
2725 4975 2839 5027 suis
2872 4989 3061 5042 passus
3098 4978 3329 5045 plurima
3364 4983 3636 5038 creaturis
3675 5001 3688 5036 :

2107 5080 2204 5132 pro
2239 5066 2412 5118 servis
2443 5065 2510 5118 ab
2540 5067 2670 5133 ipsis
2738 5068 2912 5120 servis
2965 5066 3234 5124 Dominus
3286 5073 3567 5142 abjcctus;
3597 5091 3693 5141 pro

2106 5155 2420 5208 inﬁdelibus
2453 5156 2555 5224 ipsi
2604 5157 2762 5210 factis
2795 5157 3208 5226 iniettsissitnis,
3247 5179 3273 5213 a
3304 5163 3464 5231 longe
3501 5176 3694 5234 Sponte

2104 5245 2512 5309 recedentibus,
2555 5246 2780 5302 inimico
2814 5251 2937 5320 ejus
2976 5251 3406 5324 adversarioque
3445 5260 3694 5312 servien-

2102 5339 2268 5402 tibus;
2297 5339 2468 5407 ipsum
2497 5341 2812 5396 nolentibus
2833 5359 3132 5414 agnoscere
3165 5347 3478 5403 Creatorem
3506 5368 3689 5420 suum,

2105 5428 2594 5496 impwuitentibus,
2628 5433 2778 5486 illuni
2810 5450 3057 5503 quaerere
3105 5439 3432 5500 nolentibus.
3467 5456 3569 5495 nec
3618 5441 3693 5496 illi

2086 5517 2552 5589 'accurrentibus,
2588 5525 2680 5577 sed
2717 5525 2898 5592 potius
2941 5527 3308 5598 fugientibus;
3351 5531 3693 5601 ejicientibus

2106 5627 2254 5678 eum,
2284 5614 2791 5682 lilaspltetnanlibus
2809 5626 2862 5671 et
2884 5619 3284 5676 trucidantibus
3305 5623 3542 5692 seipsuut
3571 5623 3691 5693 ipse
