4118 6456
424 269 535 332 967

1258 275 1650 336 SYMEONIS
1696 277 1797 335 ΤΠ
1813 277 1998 336 ESSA
2015 277 2478 338 LONItJENSlS
2525 277 2882 340 ARCIIIEP.

3598 283 3703 349 {’68

429 387 615 442 Bonus
645 387 894 450 tradidit,
925 401 1120 456 passus
1148 399 1253 455 est,
1297 400 1546 444 mortuus
1574 400 1683 453 est,
1713 390 2014 444 resurrexit

2128 393 2222 444 καὶ
2257 393 2550 462 συγκιρνᾷ,
2583 391 2675 444 καὶ
2712 393 3072 461 συμμῖγνυσι,
3105 393 3202 446 καὶ
3241 393 3378 464 μέλη
3409 398 3550 449 ποιεῖ
3575 399 3704 452 ἐαυ-

422 489 480 535 et
510 496 613 536 nos
641 497 826 535 secum
861 482 1122 537 excitavit
1144 498 1174 536 e
1200 497 1417 546 somno;
1456 483 1705 537 ascendit
1734 484 1786 536 in
1815 483 2014 537 cmlum

426 583 483 628 et
518 588 619 628 nos
653 589 839 628 secum
883 575 1142 638 elevavit,
1173 585 1228 629 et
1254 575 1495 644 denique
1535 591 1594 630 se
1624 576 1802 644 ipsum
1833 577 2017 644 posuit

427 675 648 736 propter
681 682 784 722 nos
837 667 891 720 in
939 671 1239 722 aeternum!
1274 666 1385 722 Nos
1416 667 1522 722 sibi
1566 669 1757 723 miscet
1791 677 1848 722 et
1881 682 2014 721 con-

423 770 714 828 corporat:
752 769 804 814 et
842 763 1148 816 membrum
1182 761 1266 815 sui
1317 761 1489 831 ipsius
1536 763 1668 816 facit
1711 771 2016 816 etmanere

423 867 639 922 semper
675 854 727 906 in
754 855 913 910 nobis
967 866 1213 926 exaptat,
1251 865 1305 909 et
1337 856 1441 910 hoc
1473 855 1628 925 jubet
1659 864 1713 909 et
1748 855 1895 910 omni
1923 870 2016 907 co-

421 948 642 1001 namine
674 949 872 1018 satagit
921 958 981 1003 ut
1012 948 1126 1004 iiat.
1183 949 1322 1015 Quid
1374 964 1471 1019 pro
1523 951 1610 1004 his
1660 947 2014 1002 referamus?

421 1040 565 1104 Quot
609 1048 665 1093 et
709 1050 944 1106 quantas
992 1049 1198 1094 mortes
1228 1056 1328 1108 pro
1364 1041 1489 1110 ipso
1522 1040 1860 1094 deberemus
1892 1037 2012 1094 suf-

419 1135 566 1187 ferre
599 1133 646 1186 si
696 1133 1029 1204 contigerit?
1076 1136 1171 1187 sed
1209 1146 1438 1202 semper
1472 1133 1540 1186 de
1583 1133 1699 1187 istis
1735 1133 2012 1187 debitores

421 1224 649 1290 erimus,
692 1239 792 1279 nec
824 1241 1062 1295 unquam
1094 1225 1280 1281 debita
1313 1226 1620 1295 rependere
1647 1226 1913 1281 valentes.
1938 1225 2012 1281 De

418 1318 616 1370 'rmtero
643 1318 863 1383 quando
898 1319 964 1371 ad
1009 1335 1132 1372 eum
1176 1319 1518 1384 accedimus,
1550 1335 1721 1388 opera
1755 1329 1811 1374 et
1843 1319 2010 1373 verba

417 1410 745 1465 humilitatis
797 1412 1073 1480 loquimur
1115 1421 1170 1467 et
1215 1427 1588 1479 exercemus;
1645 1411 2009 1466 humiliemur

415 1517 543 1571 ergo
573 1502 627 1555 in
669 1513 967 1573 conspectu
1005 1503 1122 1572 ejus
1151 1502 1242 1573 qui
1279 1518 1377 1558 nos
1409 1504 1661 1558 humiliat
1697 1513 1754 1558 et
1784 1505 1875 1574 qui
1909 1521 2010 1574 pro

417 1595 578 1648 nobis
620 1595 940 1650 humiliatus
979 1604 1084 1650 est.
1139 1595 1646 1651 Contremiscamtts
1703 1598 2009 1666 cogitantes

416 1698 540 1737 eum
587 1685 672 1738 cui
705 1695 950 1740 astamus
995 1703 1009 1740 :
1059 1686 1274 1741 medius
1334 1688 1494 1743 nobis
1539 1691 1719 1744 adstat
1749 1689 2007 1744 Christus

2125 483 2241 554 τοῦ,
2295 485 2388 535 καὶ
2432 484 2617 552 μένειν
2654 485 2977 554 ἁχωρίστως
3010 483 3067 535 ἐν
3115 485 3250 553 ἡμῖν
3304 484 3573 554 βούλεται,
3611 490 3707 538 καὶ

2124 551 2337 644 ἐξοίεται
2368 574 2584 642 τούτου,
2626 578 2724 630 καὶ
2752 574 2972 628 σπεύδει
3007 575 3145 644 πρὸς
3173 575 3351 630 τοῦτο.
3388 575 3456 630 Τί
3486 578 3705 646 προσοί-

2127 682 2292 733 σομεν
2324 664 2447 718 ἀντὶ
2501 665 2749 732 τούτων;
2785 667 2968 720 πόσων
3019 667 3289 730 θανάτων,
3316 667 3366 719 εί
3414 668 3703 736 ἐνεχώρεςς

2125 761 2218 810 καὶ
2285 759 2618 829 ἀμετρήτων
2675 759 2954 828 ὀφειλέται
2991 758 3168 830 τούτῳ
3198 760 3570 829 τυγχάνομενς
3607 761 3704 812 καὶ

2121 850 2293 904 ταῦτα
2328 851 2608 921 χρεῶσται
2637 850 2932 911 διαπαντὸς
2964 851 3138 913 ὄντες,
3171 851 3269 903 καὶ
3319 851 3441 903 ούδέ
3472 851 3540 904 τά
3566 852 3704 922 χρέα

2121 943 2380 995 ἀποτῖσαι
2412 943 2724 1012 δυνάμενοι.
2759 941 2961 995 Λοιπδν
2996 942 3160 994 ὁπότε
3187 940 3294 995 κᾶν
3317 939 3705 1012 παριστάμεθα
3761 995 3766 1000 ,

2119 1037 2314 1106 τούτῳ,
2379 1037 2476 1088 καὶ
2521 1035 2588 1088 τὰ
2642 1036 2742 1103 τῆς
2799 1033 3182 1098 ταπεινώσεως
3244 1035 3381 1104 ἔργα
3429 1036 3523 1087 καὶ
3578 1037 3702 1097 τοὺς

2118 1130 2311 1197 λόγους
2344 1129 2580 1198 λέγομέν
2633 1145 2692 1180 τε
2742 1128 2836 1180 καὶ
2877 1129 3219 1198 πράττομεν,
3277 1128 3702 1198 ταπεινωθῶμεν

2117 1219 2356 1287 ὁρῶντες
2423 1219 2515 1271 τὸν
2579 1218 2986 1271 ταπεινωθέντα
3063 1220 3161 1272 καὶ
3236 1220 3695 1289 ταπεινούμενον·

2117 1311 2404 1380 φρίξωμεν
2437 1309 2751 1372 ἐννοοῦντες
2781 1309 2968 1373 αὐτὴν,
2997 1303 3470 1380 ᾧπαριστάμεθα.
3516 1312 3702 1375 Μέσος

2117 1401 2277 1472 ἡμῶν
2335 1401 2624 1472 πρόκειται
2665 1402 2760 1454 καὶ
2808 1402 3057 1472 ἀοράτως
3089 1403 3325 1473 Χριστὸς
3356 1405 3449 1456 καὶ
3485 1404 3697 1474 ὁρατῶς

2113 1497 2190 1565 τῷ
2221 1496 2350 1566 θείῳ
2387 1497 2538 1567 ἄρτῳ
2569 1495 2664 1549 τοῦ
2701 1494 2980 1566 σώματος,
3007 1498 3102 1550 καὶ
3130 1498 3209 1568 τῷ
3242 1498 3423 1568 σεπτῷ
3451 1497 3698 1569 ποτηρίῳ

2113 1589 2207 1643 τοῦ
2241 1591 2500 1660 αἵματος,
2538 1589 2607 1642 τὰ
2657 1590 2806 1660 πάθη
2837 1590 3054 1653 δεικνὺς
3085 1588 3304 1658 ἑαυτοῦ,
3332 1591 3430 1659 τὴν
3462 1588 3694 1660 σφαγὴν,

2111 1685 2239 1747 τοὺς
2266 1683 2455 1755 ἥλους,
2479 1684 2541 1738 τὸ
2570 1678 2732 1754 αἷμα,
2761 1683 2852 1736 τὸν
2882 1684 3113 1738 θάνατον
3143 1699 3158 1713 ·
3197 1682 3387 1753 τρόμῳ
3412 1683 3696 1752 παριστῶ-

417 1777 714 1832 invisibilis
749 1780 803 1831 in
838 1793 918 1844 se,
966 1779 1064 1834 sed
1103 1779 1335 1834 visibilis
1367 1796 1468 1850 per
1518 1792 1770 1836 sanctum
1804 1797 2000 1851 panem

2114 1796 2214 1848 μεν
2249 1754 2566 1847 ἐγγίζοντες
2618 1777 2791 1846 αὐτῷ,
2826 1777 2921 1830 καὶ
2952 1776 3177 1847 ἀμέσως
3215 1777 3408 1828 τοῦτον
3439 1776 3691 1844 ὁρῶντες,

415 1871 685 1939 corporis,
717 1885 817 1940 per
852 1871 1232 1925 venerandum
1266 1873 1493 1926 calicem
1527 1873 1813 1942 sanguinis
1835 1917 1850 1942 ,
1885 1875 2006 1944 qui-

415 1963 519 2016 bus
543 1971 600 2016 et
629 1963 915 2032 passiones
941 1964 1061 2034 ejus
1091 1973 1564 2033 repraesentantur
1600 1983 1613 2018 :
1649 1966 2005 2030 sacriﬁcium,

415 2054 582 2121 clavi,
623 2055 847 2125 sanguis
880 2066 938 2110 et
982 2071 1159 2111 mors.
1203 2055 1537 2113 Trementes
1573 2059 1906 2113 accedamus
1953 2070 2008 2113 et

420 2158 663 2201 astemus
701 2148 750 2201 ei
778 2163 794 2214 ;
833 2147 1114 2202 cernimus
1143 2148 1291 2202 enim
1325 2164 1453 2203 eum
1494 2149 1701 2219 absque
1735 2151 1893 2217 velo;
1928 2150 2012 2204 di-

417 2240 663 2294 vidimus
699 2247 754 2293 et
785 2239 1180 2295 manducamus
1207 2280 1223 2306 ,
1253 2251 1310 2295 et
1342 2241 1409 2296 de
1444 2242 1720 2313 sanguine
1768 2243 2010 2299 bibimus

419 2339 476 2385 et
521 2332 696 2400 gratia
748 2329 842 2384 Dei
897 2331 1060 2386 nobis
1105 2332 1372 2386 attributa
1421 2332 1548 2387 aliis
1599 2334 2005 2390 distribuimus.

417 2418 578 2476 Tunc
608 2421 877 2474 mirantur
920 2420 1232 2487 cherubim,
1265 2431 1490 2491 stupent
1539 2423 1816 2493 seraphim
1844 2464 1859 2490 ,
1901 2434 2010 2479 tre-

415 2521 574 2566 tnunt
621 2526 814 2566 omnes
862 2514 1230 2568 sanctissimae
1263 2513 1516 2580 virtutes,
1555 2515 1909 2570 considerant
1943 2535 2009 2572 ex

413 2603 546 2669 alto,
563 2619 688 2658 cum
709 2606 902 2658 timore
918 2605 1206 2671 assistunt,
1223 2616 1277 2660 et
1292 2619 1595 2677 agnoscunt
1615 2617 1866 2664 naturam
1882 2625 2010 2680 pro-

415 2697 588 2765 priam
628 2709 682 2751 et
705 2697 942 2752 debilem
977 2707 1261 2753 creaturae.
1284 2697 1350 2752 Et
1387 2706 1672 2768 stupentes
1703 2701 2010 2772 gloriticant

415 2790 736 2842 immensam
769 2789 860 2843 Dei
892 2790 1218 2843 bonitatem.
1247 2789 1546 2845 Nobiscum
1572 2800 1720 2846 stant
1747 2807 1762 2844 :
1796 2793 2007 2846 circum

414 2879 586 2934 altare
621 2879 831 2950 pressis
876 2879 1188 2949 agminibus
1218 2880 1457 2935 humiles
1501 2891 1557 2935 et
1605 2897 1731 2937 cum
1765 2892 2008 2938 tremore

415 2983 664 3036 manent,
691 2973 1084 3043 praestolamur
1140 2973 1392 3028 zelantes
1441 2975 1715 3044 inspicere
1755 2988 2007 3032 sanctum

414 3063 758 3134 mysterium,
816 3079 922 3116 non
977 3066 1126 3116 enim
1163 3063 1340 3118 otiose
1389 3081 1643 3135 vaneque
1674 3069 1950 3124 assistunt
1989 3086 2004 3122 :

414 3156 566 3210 illinc
594 3157 829 3225 propria:
858 3157 1130 3211 claritatis
1157 3157 1437 3225 accipiunt
1466 3160 1678 3214 radium
1719 3170 1775 3215 et
1811 3163 2002 3232 splen-

415 3251 606 3305 dorem
643 3267 655 3302 :
693 3249 933 3303 indidem
968 3251 1176 3319 pariter
1219 3251 1440 3306 luminis
1489 3268 1683 3307 eorum
1739 3255 1959 3309 ﬂamma
1983 3296 1999 3322 ,

415 3342 665 3411 ignisque
691 3357 884 3397 eorum
911 3343 1093 3408 ardor,
1115 3358 1306 3398 eorum
1333 3345 1462 3408 vita,
1489 3347 1782 3416 sapientia,
1808 3364 2004 3404 consc-

415 3437 612 3492 cratio.
647 3436 704 3490 Si
750 3452 882 3507 ergo
917 3436 990 3492 ita
1026 3439 1300 3493 assistunt
1338 3439 1426 3494 isti
1461 3441 1771 3496 nescientes
1801 3457 2002 3512 corpo~

415 3546 562 3584 ream
605 3532 955 3598 densitatem,
998 3532 1286 3604 ignarique
1310 3535 1492 3589 omnis
1531 3536 1829 3606 passionis,
1865 3553 2004 3607 quo-

413 3623 578 3676 modo
608 3624 869 3679 assistere
897 3625 1166 3680 debemus
1196 3642 1298 3681 nos
1329 3628 1422 3696 qui
1452 3643 1644 3682 sumus
1672 3637 1841 3697 terra,
1869 3631 1962 3701 pul
1982 3660 2000 3671 ο

412 3719 515 3782 vis,
549 3717 802 3771 vermes?
832 3715 1120 3784 Quomodo
1149 3721 1520 3791 nosmetipsos
1550 3723 1896 3780 servabimus
1932 3725 2003 3779 ad

415 3818 625 3862 tantum
655 3809 752 3864 Dei
779 3809 956 3880 opus?
990 3808 1313 3882 Satagentes
1339 3815 1614 3870 custodire
1636 3831 1737 3873 nos
1771 3817 1827 3870 in
1852 3818 2002 3872 onmi

414 3903 609 3957 timore
634 3913 690 3958 et
714 3902 766 3956 in
801 3903 952 3958 omni
986 3902 1263 3960 desiderio
1293 3905 1347 3959 in
1382 3908 1697 3964 accedeudo
1735 3921 1792 3965 et
1823 3911 1877 3964 in
1913 3913 2003 3967 tali

415 3999 634 4063 negotio
696 3996 1089 4052 ministrando.
1131 3997 1271 4053 Cum
1325 4008 1511 4055 autem
1583 4003 1719 4057 illud
1786 4013 2002 4060 tantum

414 4088 692 4159 negotium
731 4104 889 4142 amor
919 4091 1071 4144 solus
1105 4089 1421 4160 perfecerit,
1467 4111 1489 4146 ι
1527 4093 1826 4165 Diligemus
1873 4114 2002 4154 eum

412 4181 505 4251 qui
528 4183 676 4252 prior
692 4181 881 4238 dilexit
905 4198 1006 4240 nos
1029 4183 1183 4238 ⁹·¹⁰.›
1219 4185 1284 4240 Ει
1307 4187 1372 4242 ad
1405 4188 1774 4262 ministerium
1797 4195 2004 4250 amoris

411 4277 557 4329 omni
608 4277 804 4330 animae
837 4275 1042 4333 virtute
1072 4287 1128 4332 et
1161 4286 1434 4350 potestate
1465 4283 1812 4339 accedamus.
1863 4285 2001 4341 Cum

411 4366 614 4421 deinde
643 4369 980 4424 amor‘nobis
1019 4371 1330 4426 ostenderit
1365 4381 1577 4428 tantum
1615 4374 1786 4429 Deum
1823 4375 2003 4430 humi-

2110 1873 2401 1942 τέμνοντές
2430 1889 2492 1924 τε
2546 1871 2640 1923 καὶ
2671 1869 2972 1935 ἐσθίοντες,
3023 1870 3122 1923 καὶ
3177 1871 3422 1933 πίνοντες
3473 1872 3536 1924 ἐκ
3597 1869 3692 1922 τοῦ

2109 1967 2365 2035 αἵματος,
2400 1964 2496 2018 καὶ
2529 1963 2742 2034 ἑτέροις
2787 1963 3163 2032 μεταδιδόντες
3203 1963 3340 2016 κατά
3381 1960 3477 2032 τὴν
3523 1961 3693 2014 δοθεί-

2112 2073 2212 2109 σαν
2243 2056 2403 2126 χάριν
2434 2056 2587 2125 ἡμῖν.
2629 2055 2766 2108 Τότε
2801 2054 3077 2123 θαυμάζει
3127 2055 3195 2108 τά
3243 2053 3543 2124 Χερουϐὶμ,
3586 2053 3692 2116 ἐξί-

2112 2165 2308 2202 σταται
2331 2147 2399 2201 τά
2429 2149 2701 2217 Σεραφὶμ,
2735 2149 2886 2201 πᾶσα
2913 2147 3167 2216 θειοτάτη
3197 2147 3426 2217 δύναμις
3455 2147 3686 2216 πέφρικα

2112 2240 2427 2311 καθορῶσα,
2464 2239 2560 2292 καὶ
2613 2239 2722 2292 δέει
2773 2237 3134 2310 παρίσταται,
3194 2237 3288 2291 καὶ
3351 2236 3448 2308 τὴν
3511 2237 3688 2289 οἰκίαν

2111 2331 2472 2402 ἐπιγινώσκει
2505 2332 2669 2401 φύσιν
2703 2333 2779 2395 ὼς
2806 2331 3007 2402 κτιστὴ
3038 2332 3135 2384 καὶ
3183 2329 3439 2401 ἀσθενὴς,
3471 2329 3561 2383 καὶ
3601 2330 3688 2382 ἐκ·

2110 2428 2375 2499 π).ἡκτως
2401 2424 2623 2491 δοξάζει
2655 2426 2756 2496 τῆς
2779 2427 2872 2479 τοῦ
2907 2424 3044 2478 Θεοῦ
3073 2425 3132 2478 τὸ
3155 2425 3392 2495 ἄμετρον
3417 2423 3688 2493 ἀγαθότη-

2110 2535 2231 2572 τοε⁶
2269 2519 2393 2588 μεθ’
2425 2519 2583 2589 ἡμῶν
2617 2519 2864 2572 ἵστανται
2895 2517 3094 2582 ταῦτα,
3127 2517 3336 2587 κύκλῳξ
3358 2515 3453 2569 τοῦ
3505 2517 3688 2568 θυσια-

2113 2613 2343 2685 στηρίου
2414 2613 2819 2682 συστελλόμενα
2876 2611 3029 2681 φόϐῳ
3076 2609 3252 2681 μένει.
3302 2596 3710 2678 Ἐπιθυμοῦσιί

2111 2707 2382 2771 ἀτενίξειν
2405 2707 2482 2777 τῷ
2509 2705 2818 2777 μυστηρίῳ.
2843 2706 2917 2758 Οὐ
2946 2705 3054 2773 γὰρ
3079 2703 3376 2774 ἀπράκτως
3399 2702 3689 2770 παρίσταν-

2111 2819 2224 2855 ται.
2269 2800 2516 2856 Ἐκεῖθεν
2551 2801 2647 2852 τοῦ
2684 2800 2816 2854 ἰδίου
2851 2799 3026 2868 φάους
3059 2798 3308 2867 δέχονται
3349 2795 3446 2865 τὴν
3473 2796 3685 2848 ἀκτῖνα.

2111 2894 2351 2948 Αὺτόθεν
2381 2894 2492 2963 γάρ
2524 2893 2618 2947 τοῦ
2647 2893 2824 2962 φωτὸς
2849 2891 3030 2944 αὐτῶν
3061 2893 3094 2960 ἡ
3129 2891 3341 2962 πηγὴ,ἡ
3390 2886 3485 2940 τοῦ
3516 2887 3688 2954 πυρὸς

2113 2987 2293 3042 αὐτῶν
2318 2989 2519 3057 θέρμη,
2550 2989 2584 3058 ἡ
2613 2986 2750 3059 ζωὴ,
2785 2987 2816 3056 ἡ
2863 2985 3052 3054 σοφία,
3088 2985 3121 3054 ἡ
3157 2983 3378 3053 μύησις.
3417 2981 3478 3033 Ei
3511 2980 3688 3032 τοίνυν

2113 3079 2290 3142 οὕτως
2321 3073 2473 3132 οὗτοι
2506 3079 2898 3149 παρίστανται,
2938 3077 2989 3129 οί
3039 3074 3144 3140 ἔξω
3173 3075 3399 3136 πάθους,
3429 3073 3476 3125 οί
3504 3071 3689 3142 πόρρω

2110 3171 2320 3234 πάθους
2386 3171 2611 3234 παντὸς,
2653 3173 2680 3224 6
2726 3170 2857 3240 χοῦς
2909 3170 3095 3239 ἡμεῖς,
3139 3168 3168 3220 6
3227 3165 3418 3236 πηλὸς.
3459 3166 3488 3217 6
3549 3160 3690 3216 σκώ-

2107 3264 2226 3335 ληξ,
2266 3263 2383 3328 πῶς
2433 3263 2779 3332 παρεστάναι
2825 3261 3150 3330 ὀφείλομεν;
3200 3257 3315 3319 πῶς
3379 3251 3690 3322 ἑτοιμάζειν

2109 3357 2340 3420 ἑαυτοὺς
2380 3357 2518 3427 πρὸς
2561 3357 2724 3424 ἔργον
2773 3355 2910 3408 Θεοῦ
2959 3351 3320 3425 τη).ικοῠτον;
3357 3350 3505 3418 Ὀλῳ
3537 3345 3684 3416 φόϐῳ

2108 3451 2204 3503 καὶ
2248 3450 2355 3519 ὅλῳ
2392 3447 2544 3520 πόθῳ
2576 3446 2980 3518 προσέρχεσθαι
3008 3463 3069 3499 τε
3107 3444 3204 3499 καὶ
3237 3438 3686 3512 ἐξυπηρετεῖσθαι

2105 3542 2350 3613 τοσούτῳ
2379 3542 2671 3613 πράγματι
2697 3541 2927 3605 ἑαυτοὺς
2959 3539 3360 3609 ἑτοιμάσωμεν.
3393 3532 3546 3588 Ἐπεὶ
3578 3534 3685 3600 γάρ

2104 3641 2164 3692 τὸ
2215 3638 2458 3692 τοιοῦτον
2514 3641 2616 3691 οὐκ
2663 3637 2792 3692 ἄλλο
2833 3653 2910 3703 τι,
2963 3636 2997 3707 ἢ
3065 3633 3256 3703 ἀγάπη
3320 3629 3480 3699 μόνον
3535 3626 3685 3678 τετέ-

2106 3713 2289 3796 λεκεν,
2343 3731 2724 3801 ἀγαπήσωμεν
2774 3731 2940 3783 αὐτὸν
2991 3729 3082 3782 τὸν
3121 3728 3488 3797 ἀγαπήσαντα
3535 3725 3686 3796 πρῶ·

2105 3842 2198 3878 τον
2228 3826 2401 3895 ἡμᾶς,
2429 3824 2528 3878 καὶ
2560 3827 2626 3895 τῇ
2669 3823 2918 3895 διακονίᾳ
2963 3822 3064 3893 τῆς
3109 3822 3352 3892 ἀγάπης,
3402 3820 3508 3891 ὅλῳ
3567 3819 3687 3872 σθέ-

2107 3937 2187 3973 νει
2254 3916 2439 3987 ψυχῆς
2505 3915 2973 3986 προσερχώμεθα.
3020 3915 3282 3982 Ἐπείπερ
3339 3913 3526 3983 ἀγάπη
3588 3927 3687 3964 ταο

2105 4012 2442 4066 πεινωθέντα
2501 4011 2760 4065 τοσοῦτον
2821 4011 2913 4065 τὸν
2977 4009 3112 4064 Θεὸν
3159 4009 3350 4074 ἔδειξε,
3418 4007 3496 4078 τῷ
3538 4006 3684 4077 ἔργῳ

2105 4107 2208 4176 τῆς
2241 4104 2632 4169 ταπεινώσεως
2657 4104 2897 4166 οἰκείους
2930 4107 2989 4158 ἐν
3019 4103 3347 4158 ταπεινώσει
3376 4104 3464 4155 καὶ
3497 4104 3686 4173 ἀγάπῃ

2107 4200 2574 4270 ὑπηρετήσωμεν,
2605 4199 2730 4252 ἐπεὶ
2764 4197 2967 4262 ἔδειξεν
3007 4196 3434 4268 ἐνανθρωπήσας
3465 4199 3493 4249 6
3529 4197 3685 4263 Θεὸς,

2104 4293 2180 4356 ὼς
2208 4291 2469 4345 ἀδύνατον
2499 4287 2568 4364 ἦν
2599 4291 2727 4363 δίχα
2779 4290 2917 4345 Θεοῦ
2959 4291 3063 4359 τὴν
3109 4289 3334 4360 ’βροτῶν
3382 4287 3685 4358 ἀναστῆναι

2107 4382 2292 4454 φύσιν,
2315 4383 2518 4454 ἐαυτὴν
2549 4384 2819 4448 ἑκουσίως
2849 4383 3116 4436 ἐκδοῦσαν
3153 4382 3233 4452 τῷ
3275 4381 3554 4452 πτώματι,
3588 4381 3682 4432 καὶ

412 4460 620 4524 liatum,
653 4475 820 4529 opere
850 4462 1178 4517 humilitatis
1220 4463 1270 4518 ei
1301 4465 1738 4523 ministrabimus
1772 4486 1876 4527 nos
1913 4474 1994 4527 si-

2110 4478 2195 4531 διὰ
2226 4477 2387 4532 τοῦτο
2417 4478 2556 4532 Θεοῦ
2588 4477 2786 4549 ἐδεήθη
2824 4477 3074 4540 ἐνώσεως
3115 4475 3423 4547 ἄνθρωπος,
3457 4473 3686 4536 ἑαυτοὺς

413 4551 572 4604 miles
598 4589 614 4615 ,
645 4551 834 4605 amnes
880 4553 1190 4608 humilitate
1221 4564 1276 4610 et
1307 4556 1604 4616 dilectione
1637 4578 1652 4614 :
1683 4578 1804 4618 cum
1841 4565 2000 4620 deni-

411 4658 522 4712 que
554 4642 742 4698 vivens
771 4642 827 4696 in
873 4644 1133 4700 humanis
1171 4647 1310 4702 Deus
1357 4651 1516 4706 nobis
1547 4657 1855 4711 ostenderit
1890 4674 1998 4713 non

414 4748 577 4803 posse
618 4733 874 4790 homines
919 4735 1252 4792 naturaliter
1296 4741 1504 4810 absque
1534 4742 1649 4800 Deo
1681 4762 1996 4820 resurgere,

413 4825 508 4894 qui
541 4826 754 4896 seipsos
807 4828 1119 4885 voluntarie
1163 4831 1232 4886 ad
1284 4837 1500 4905 culpam
1555 4837 1901 4894 tradiderunt
1943 4852 2001 4898 et

413 4928 636 4988 propter
668 4921 775 4974 hoc
804 4921 937 4990 ipsis
963 4927 1276 4980 necessaria
1312 4927 1414 4982 l'uit
1438 4929 1569 4985 unio
1593 4945 1718 4986 cum
1747 4933 1879 5000 Deo,
1905 4951 2000 4991 co-

411 5011 646 5079 gitemus
688 5029 907 5084 semper
948 5026 1217 5084 quantum
1266 5018 1476 5076 debiles
1533 5023 1660 5078 facti
1698 5027 1892 5091 simus,
1948 5040 2005 5085 et

412 5113 681 5172 perpetuo
738 5107 1082 5178 indigeamus
1131 5111 1341 5165 auxilio
1387 5112 1522 5180 Dei,
1572 5127 1627 5171 et
1674 5121 1742 5174 ad
1791 5122 1999 5178 nullam

414 5198 622 5267 absque
675 5199 768 5254 illo
813 5217 1108 5272 assurgere
1155 5206 1435 5274 possimus
1480 5211 1806 5280 scientiam;
1864 5217 1998 5272 dicit

412 5290 555 5344 enim
595 5307 611 5345 :
655 5309 674 5342 ι
713 5292 844 5348 Sine
877 5310 963 5350 me
1001 5297 1138 5350 nibil
1165 5300 1396 5366 potestis
1426 5301 1606 5358 facere
1644 5305 1706 5358 “.
1749 5326 1767 5358 ι
1805 5307 1997 5377 Itaque

412 5389 466 5434 et
507 5396 604 5436 nos
630 5381 731 5452 ipsi
775 5385 1172 5454 consociemus,
1200 5396 1256 5443 et
1287 5390 1555 5447 indivulse
1590 5411 1912 5454 maneamus
1938 5401 1994 5456 in

412 5469 526 5525 illo.
558 5471 732 5528 Malus
754 5477 993 5530 amentia
1025 5487 1080 5532 et
1111 5481 1367 5551 superbia
1407 5484 1587 5539 factus
1613 5498 1696 5542 est
1722 5501 1990 5559 apostata:

411 5577 512 5619 nos
551 5568 863 5638 cognitione
895 5580 950 5625 et
994 5573 1341 5632 confessione
1396 5580 1632 5636 miseria:
1677 5597 1881 5642 nostra:
1915 5587 1997 5643 fa~

479 5744 574 5778 ⁹⁶¹⁰
609 5745 628 5800 l
660 5745 819 5804 Joan.
859 5766 931 5820 tv,
977 5753 1061 5812 19.
1147 5757 1186 5788 ¹¹
1216 5757 1375 5816 Joan.
1410 5778 1498 5832 xv,
1539 5765 1592 5819 5.

2109 4571 2202 4623 καὶ
2230 4571 2391 4641 ἡμεῖς
2427 4571 2505 4634 ὼς
2561 4569 2892 4640 πεφύκαμεν
2925 4569 3178 4633 ἀσθενεῖς
3203 4570 3293 4623 ἀεὶ
3331 4566 3682 4636 λογιζόμεθα,

2109 4663 2203 4715 καὶ
2235 4661 2522 4734 δεηθῶμεν
2563 4663 2654 4717 ἀεὶ
2680 4661 2818 4715 Θεοῦ
2863 4662 3139 4734 βοηθείας,
3173 4661 3267 4716 καὶ
3318 4660 3484 4731 μηδὲν
3515 4659 3687 4731 χωρὶς

2107 4753 2298 4807 τούτου
2338 4755 2570 4808 πάντοτε
2623 4753 2922 4825 ἐννοῶμεν,
2950 4755 3032 4807 ὅτι
3072 4757 3191 4817 καὶ,
3225 4771 3247 4806 ι
3291 4753 3475 4822 Χωρὶς
3528 4751 3684 4820 ἐμοῦ,

2105 4847 2166 4900 ού
2209 4847 2440 4902 δύνασθε
2473 4849 2650 4900 ποιεῖν
2694 4847 2869 4914 οὐδὲν,
2907 4865 2926 4898 ι
2961 4847 3101 4917 ἔφη’
3141 4845 3230 4900 ἴνα
3278 4846 3369 4899 καὶ
3395 4843 3686 4912 ἐνωθῶμεν

2107 4939 2281 5009 αὐτῷ,
2319 4941 2416 4994 καὶ
2480 4940 2810 5010 άχωρίστως
2864 4940 3140 5010 συνῶμεν.
3191 4938 3254 4992 Εἰ
3311 4937 3625 5005 ἀποστάτης
3657 4937 3687 4988 6

2107 5033 2346 5106 πονηρὸς
2371 5037 2436 5103 τῇ
2469 5034 2707 5105 ὲπάρσει
2745 5035 2840 5087 καὶ
2864 5035 3098 5104 ἀπονοίᾳ
3124 5033 3437 5101 γεγένηται,
3477 5035 3542 5101 τῇ
3565 5031 3688 5083 ἐπι-

2099 5127 2314 5195 γνώσει
2352 5128 2454 5195 τῆς
2485 5128 2763 5198 πτωχείας
2800 5127 2987 5199 ἡμῶν,
3021 5129 3182 5198 ἡμεῖς
3211 5126 3580 5196 οίκειωθῶμεν
3608 5125 3686 5194 τῷ

2099 5221 2336 5292 Κτίστῃ.
2377 5239 2395 5272 ι
2447 5221 2506 5276 '0
2541 5221 2816 5275 ταπεινῶν
2842 5223 2974 5290 γὰρ,
3006 5223 3196 5292 φησὶν,
3227 5223 3423 5275 ἐαυτὸν
3469 5221 3685 5291 ὑψωθὴ-

2105 5329 2282 5368 σεται.
2325 5333 2343 5366 ›
2383 5314 2444 5368 Εί
2471 5316 2612 5384 ὑπὲρ
2646 5316 2866 5370 πάντων
2909 5317 3144 5370 δέδωκεν
3183 5316 3380 5369 ἑαυτὸν
3416 5318 3444 5369 ὁ
3481 5315 3682 5369 Δεσπό-

2103 5424 2226 5477 της,
2276 5410 2371 5464 καὶ
2425 5413 2562 5465 πᾶσι
2609 5414 2722 5474 τοῖς
2788 5412 3058 5483 χρῄζουσι
3104 5411 3174 5465 τὰ
3212 5411 3393 5466 πάντα
3446 5412 3680 5480 ἐγένετο,

2106 5498 2334 5562 ἑαυτοὺς
2355 5503 2518 5571 ἡμεῖς
2537 5503 2687 5574 αὐτῷ
2709 5503 2912 5572 δῶμεν,
2945 5503 3034 5556 ἵνα
3063 5503 3159 5557 καὶ
3184 5502 3294 5556 τῶν
3328 5501 3494 5556 αὐτοῦ
3525 5499 3683 5562 αὖθις

2108 5589 2398 5662 γενώμεθα
2433 5594 2678 5666 μέτοχοι.
2736 5596 3163 5667 Διακονὴσωμεν
3217 5595 3382 5650 αὑτοῦ
3417 5593 3495 5664 τῷ
3536 5591 3684 5664 ἔργῳ
