4118 6436
387 317 488 380 θδῗ)

387 435 561 503 προθὺ
573 454 711 505 μως,

389 532 525 599 κτὴν
570 531 721 602 αὐτῷ
755 534 950 588 Θυσίαν
983 541 1413 612 προσφέρωμεν.
1464 549 1834 621 Ἐπιθυμητὸν
1867 558 1974 625 γάρ

386 619 538 689 αὐτῷ
567 621 747 678 τοῦτο,
791 644 809 675 ι
860 627 1180 700 Ἐπιθυμίᾳ,
1219 636 1406 702 φησιν,
1445 638 1767 711 ἐπεθύμησα
1813 646 1973 699 τοῦτο

384 711 448 760 τὸ
492 712 682 781 Πάσχα
707 718 907 781 φαγεῖν
936 716 1058 784 μεθ’
1086 719 1262 790 ὑμῶν.
1297 742 1316 775 ι
1352 727 1458 777 Καὶ
1510 730 1775 796 διηνεκῶς
1810 737 1972 791 τοῦτο

386 797 568 867 ζητεῖ.
604 820 621 852 ι
649 803 723 855 Οὐ
749 804 1020 875 Ποιήσατε
1049 812 1179 881 γάρ,
1202 814 1330 883 ἔφη,
1354 817 1490 871 ἀλλά
1519 839 1537 871 ι
1563 822 1733 875 Τοῦτο
1763 832 1969 882 ποιεῖτε

384 893 467 954 εἰς
497 893 599 961 τὴν
629 894 770 964 ἐμὴν
817 896 1152 971 ἀνάμνησιν,
1192 922 1210 955 ›
1256 908 1817 984 τουτέστιδιηνεκῶς.
1858 921 1969 972 Καὶ

379 991 433 1043 τί
469 988 597 1043 ἄλλο
626 993 813 1059 μεῖζον
844 992 1009 1063 ἔργον
1038 997 1104 1050 ἂν
1124 1000 1209 1071 εἴη
1241 1003 1336 1056 τοῦ
1370 1006 1537 1074 ἔργου
1569 1011 1762 1063 τούτου
1790 1031 1805 1078 ;
1833 1016 1969 1086 ὅπερ

384 1081 503 1134 ἐστὶ
528 1082 769 1152 Χριστοῦ
794 1087 826 1155 ἡ
854 1086 1185 1157 ἀνάμνησις,
1213 1093 1273 1146 τὸ
1302 1099 1577 1169 σφαγῆναι
1609 1103 1800 1159 τοῦτον
1824 1081 1967 1179 ὑπὲρ

384 1172 544 1243 ήμῶν
599 1174 693 1226 καὶ
731 1174 995 1245 διηνεκῶς
1052 1180 1300 1236 θύεσθαι.
1355 1187 1589 1263 «τοῦτο
1649 1193 1757 1263 γάρ
1795 1172 1965 1260 ἐστιν’,

379 1267 508 1335 ἔφη,
534 1268 595 1319 τὸ
631 1265 794 1337 σῶμά
844 1287 945 1338 μου
978 1271 1040 1324 τὸ
1076 1272 1219 1343 ὑπὲρ
1247 1277 1402 1345 ὑμῶν
1436 1281 1744 1353 κλώμενον,
1787 1305 1805 1337 ι
1842 1305 1966 1341 του-

374 1360 558 1412 τέστιν
589 1360 685 1412 άεί
712 1377 724 1389 ·
762 1382 781 1413 ι
825 1364 934 1416 Καὶ
963 1364 1124 1419 τοῦτό
1153 1369 1271 1422 ἐστι
1306 1372 1366 1424 τὸ
1405 1372 1545 1444 αἷμά
1576 1390 1707 1445 μου,
1739 1380 1798 1433 τὸ
1826 1383 1966 1452 ὑπὲρ

376 1452 531 1516 ὑμῶν
555 1454 942 1524 ὲκχυνόμενον,
981 1477 999 1510 ι
1029 1460 1127 1529 οὐχ
1177 1462 1328 1529 ἅπαξ
1368 1467 1621 1556 ἐκχυθὲδ
1650 1472 1790 1529 ἀλλὰ
1829 1477 1969 1529 πάν.

302 1556 306 1560 '
373 1563 494 1598 τοτε
529 1545 795 1615 δηλονότι.
847 1551 1016 1604 Οὐδὲν
1041 1555 1151 1625 ἄρα
1181 1557 1347 1631 376
1376 1545 1608 1635 ταύτης.
1634 1572 1735 1639 τῆς
1768 1570 1965 1638 Θυσίας

370 1636 822 1710 ὲττωφελέστερον
853 1644 986 1713 ἡμῖν
1019 1648 1114 1700 καὶ
1149 1649 1269 1721 Θεῷ
1299 1636 1795 1732 προσφιλέστερον.
1831 1636 1964 1722 Ὅτι

370 1730 466 1781 καὶ
501 1730 664 1800 ἔργον
692 1734 887 1800 αὐτοῦ,
926 1740 1156 1809 καὶτῆς
1205 1745 1630 1822 ἀνθρωπὸτητος
1671 1730 1960 1813 άνακαίνι-

368 1835 477 1884 σις,
523 1821 617 1874 καὶ

320 1908 323 1913 ’
368 1912 676 1979 σαρκωθεὶς
693 1916 887 1984 ἔδειξε,
912 1923 1009 1975 καὶ
1033 1924 1242 1992 μέλλων
1267 1908 1521 2000 πάσχειν,
1550 1936 1753 2004 ηὓξατο
1774 1908 1950 1999 τοῦτο.

370 2020 388 2054 ι
432 2004 547 2058 Ἵνα
579 1999 711 2061 ὦσιν
740 2009 821 2073 ἓν,
880 2012 1063 2077 καθὼς
1099 2019 1287 2086 ἡμεῖς,
1329 2040 1346 2071 ι
1379 2027 1542 2093 φησίν
1558 1999 1581 2082 .-
1778 2032 1835 2085 δὲ
1864 2032 1954 2090 ’διὰ

363 2095 558 2149 τούτου
592 2097 653 2152 ἓν
710 2102 981 2172 γινόμεθα
1019 2108 1139 2175 μετ’
1186 2109 1377 2174 αὐτοῦ,
1434 2115 1599 2179 αὐτὸς
1657 2128 1950 2193 μαρτυρεῖ.

370 2204 389 2236 ι
434 2186 492 2240 Ὀ
519 2190 749 2259 τρώγων
787 2212 912 2264 μου,
944 2198 1103 2266 φησὶ,
1132 2200 1233 2271 τὴν
1265 2206 1469 2273 σάρκα,
1501 2209 1596 2261 καὶ
1630 2186 1802 2267 τιίνῶν
1847 2186 1950 2284 μου

368 2284 429 2335 to
461 2277 719 2355 αἷμα,⁹ἐν
752 2292 877 2359 ἐμοὶ
910 2295 1085 2362 μένει,
1127 2298 1282 2365 κάγὼ
1313 2303 1371 2352 ἐν
1409 2303 1581 2373 αὐτῷ.
1619 2326 1637 2358 ι

367 2378 487 2446 ejus
511 2382 801 2439 nobiseum
829 2390 1274 2457 communicatio,

1676 343 1770 404 DE
1833 348 2068 407 SACER
2084 350 2320 412 DOTlO.

767 440 859 492 καὶ
916 444 965 496 εί
1005 441 1231 501 δυνατὸν
1270 451 1392 502 καθ’
1425 454 1663 524 ἑκάστην
1725 463 1821 527 τὴν
1855 480 1945 532 φρι

2082 466 2290 519 miliare
2345 467 2432 520 Dei
2495 467 2833 525 lncrahimnr
2885 476 3255 531 consortium.
3316 476 3531 535 Dictum
3582 498 3665 540 est

3565 369 3669 431 9ῖο

2076 558 2220 611 enim
2251 574 2263 608 :
2293 560 2423 625 «Qui
2452 574 2510 614 se
2534 562 2785 617 humiliat
2808 566 3137 623 cxaltabitur
3166 572 3258 625 ¹².›
3280 571 3388 627 Pro
3411 578 3671 634 omnibus

2077 652 2323 720 seipsum
2381 655 2602 709 tradidit
2658 656 2945 722 Dominus,
3002 670 3057 714 ct
3109 664 3362 720 omnibus
3409 671 3655 737 profice:

2078 741 2300 795 fuerunt
2340 760 2457 813 qua:
2497 746 2619 799 fecit
2662 760 2675 799 :
2724 750 2823 817 ipsi
2869 765 2970 804 nos
3012 752 3279 809 donemus
3332 770 3391 812 ut
3424 760 3665 815 vicissim

2077 836 2346 889 honorum
2407 839 2525 906 ejus
2591 840 2899 898 halnamus
2972 848 3472 916 participationem.
3550 854 3666 909 Πυο

2075 942 2240 997 apere
2273 930 2389 996 ejus
2425 930 2670 986 zelanter
2723 934 3014 1005 fungentur
3065 941 3443 998 ministrantes
3469 985 3484 1011 ,
3531 959 3587 1003 et
3618 953 3662 1005 si

2074 1018 2193 1072 ﬁcri
2232 1031 2434 1088 potest,
2467 1024 2711 1091 quotidie
2745 1024 3073 1083 sacriﬁcium
3102 1034 3439 1089 tremendum
3464 1036 3664 1095 offere-

2075 1124 2198 1163 mus
2238 1114 2322 1177 ei;
2374 1112 2504 1167 illud
2562 1115 2677 1195 ipse
2727 1119 3085 1175 vehementer
3126 1138 3381 1195 exoptat,
3423 1130 3611 1186 dicens
3650 1154 3662 1187 :

2081 1217 2099 1249 ι
2138 1199 2423 1255 Desiderio
2458 1184 2766 1265 desiileravi
2803 1208 2905 1264 hoc
2941 1203 3145 1280 pascha
3207 1219 3545 1276 manduc:.re
3575 1240 3667 1299 vo-

2073 1289 2283 1346 biscum
2324 1294 2387 1348 ‘3.
2427 1314 2445 1347 ι
2483 1297 2545 1349 Et
2576 1298 2705 1352 illud
2744 1312 3009 1371 perpetuo
3043 1307 3284 1373 postulat
3326 1326 3339 1360 :
3377 1328 3488 1367 non
3526 1294 3665 1372 dicit

2072 1386 2257 1444 enim:
2296 1385 2551 1455 Facietis,
2599 1396 2690 1445 sed
2726 1411 2744 1447 :
2782 1411 2799 1444 (
2836 1393 2948 1451 lloc
2978 1398 3141 1456 facite
3194 1403 3248 1457 in
3304 1421 3481 1462 meam
3512 1426 3662 1465 com-

2072 1478 2524 1534 memorationem
2551 1483 2616 1547 “,
2645 1504 2662 1535 ι
2698 1482 2801 1540 hoc
2831 1497 2935 1553 est,
2960 1503 3243 1561 perpetuo.
3269 1495 3556 1562 Quodnam
3577 1511 3661 1557 est

2071 1569 2219 1623 aliud
2248 1587 2388 1641 opus
2418 1574 2520 1628 isto
2550 1592 2717 1645 opere
2751 1578 2964 1649 majus?
2993 1586 3138 1652 quod
3162 1597 3247 1641 est
3274 1591 3477 1647 Christi
3498 1610 3661 1667 com-

2069 1668 2395 1722 memoratio
2419 1711 2431 1731 ,
2476 1670 2626 1723 illum
2681 1688 2885 1744 nempe
2940 1693 3040 1746 pro
3072 1681 3235 1737 nobis
3269 1689 3571 1743 sacriﬁcari
3606 1702 3660 1745 et

2068 1769 2336 1825 perpetuo
2389 1756 2618 1819 oﬂ'erri:
2659 1782 2677 1814 ι
2738 1763 2851 1820 lloc
2895 1776 2979 1822 est
3025 1771 3170 1826 enim
3220 1789 3423 1844 corpus
3470 1796 3657 1835 meum

662 1823 848 1878 τούτου
910 1835 1169 1885 κοινωνία
1255 1839 1583 1910 μεθ’ἠμῶν,
1641 1848 1823 1911 καθὼς
1866 1853 1945 1904 κατ

662 1916 773 1937 ,ειη
812 1917 836 1937 Ρ
987 1923 999 1937 ι
1086 1924 1151 1937 ..κ
1326 1931 1335 1937 -
1594 1936 1611 1937 η

2071 1823 2082 1824 7
2174 1823 2186 1825 _
3226 1823 3421 1844 ---νη
3470 1823 3651 1835 -..-.....

2065 1846 2208 1916 quod
2248 1866 2343 1919 pro
2378 1854 2528 1907 vobis
2552 1856 2787 1911 traditur
2815 1859 2894 1928 ‘5;
2932 1878 2951 1911 ιι
2994 1860 3098 1918 hoc
3127 1874 3232 1933 est,
3264 1883 3502 1937 semper.
3537 1871 3602 1925 Et
3636 1888 3651 1924 :

2069 1959 2086 1991 ι
2132 1938 2228 1993 llic
2259 1952 2341 1997 est
2393 1946 2615 2015 sanguis
2661 1964 2817 2005 meus
2850 1951 2941 2020 qui
2971 1969 3068 2022 pro
3099 1956 3254 2011 vobis
3277 1957 3528 2016 funditur
3552 1963 3645 2017 ¹⁶.»

2064 2031 2184 2087 Non
2216 2028 2384 2089 semel
2407 2030 2615 2093 ell‘usus
2637 2050 2744 2104 cst,
2781 2043 2873 2097 sed
2909 2043 3182 2115 hodieque
3208 2059 3265 2104 et.
3294 2064 3508 2122 semper
3529 2055 3654 2109 furi-

2062 2126 2234 2189 dltur,
2285 2129 2589 2184 evidenter.
2648 2132 2792 2188 Nihil
2831 2145 2915 2190 est
2952 2148 3135 2194 autem
3187 2150 3243 2195 et.
3290 2145 3450 2200 nobis
3480 2150 3653 2219 magis

2064 2222 2368 2288 proficuum
2416 2235 2472 2278 et
2508 2225 2617 2280 Deo
2664 2230 2833 2300 magis
2876 2230 3206 2302 gloriﬁcent,
3234 2237 3362 2306 quia
3408 2239 3514 2294 hoc
3564 2250 3654 2296 est

2074 2332 2212 2387 opus
2257 2320 2376 2388 ejus
2423 2322 2685 2377 dilectum
2739 2335 2792 2379 et
2842 2326 3204 2383 humanitatis
3239 2340 3545 2403 renovatio,
3598 2352 3655 2397 ιι

1333 2404 1391 2449 ut
1414 2400 1653 2454 ostendit
1696 2402 2030 2478 incarnatus,
2072 2416 2127 2465 et
2164 2429 2289 2468 mox
2329 2428 2595 2486 passmus
2629 2421 2870 2490 apertius
2912 2423 3093 2481 innuit
3122 2431 3312 2489 dicens
3346 2452 3358 2487 :
3391 2453 3410 2484 ι
3439 2434 3507 2490 Ut
3536 2436 3651 2494 sint.

366 2488 536 2527 unum
570 2476 715 2529 sicut
760 2494 861 2532 nos
891 2480 952 2533 ¹⁷.
996 2499 1015 2531 ι
1060 2481 1170 2539 Nos
1213 2497 1394 2543 autem
1435 2489 1538 2547 hoc
1604 2510 1772 2564 opere
1810 2516 1980 2577 unum
2032 2506 2145 2561 fieri
2181 2522 2307 2564 cum
2367 2514 2505 2583 ipso,
2544 2516 2659 2585 ipse
2691 2527 2927 2575 testatur
2963 2539 3087 2580 cum
3128 2526 3246 2583 ait:
3287 2548 3305 2579 ι
3345 2528 3448 2594 Qui
3491 2545 3648 2583 man-

366 2568 518 2594 Δηλιιι
556 2584 727 2594 ..‘..-__.
784 2588 804 2594 Α
850 2590 872 2594 μ
918 2590 993 2594 __
1039 2589 1078 2594 ,-
1129 2580 1232 2594 I'I!
1706 2593 1709 2594 ,

362 2568 523 2622 ducat
555 2584 729 2624 meam
778 2588 998 2628 carnem
1032 2589 1087 2632 et
1128 2580 1261 2633 bibit
1300 2600 1477 2639 meum
1526 2593 1849 2661 sanguinem
1884 2600 1935 2651 in
1980 2617 2066 2656 me
2098 2618 2283 2660 manet
2313 2620 2366 2663 et
2398 2626 2498 2679 ego
2529 2615 2582 2666 in
2614 2630 2679 2668 eo
2707 2616 2767 2671 ¹⁸.
2803 2637 2820 2669 ι

442 2664 615 2731 ’Υπὲρ
647 2668 830 2720 πᾶσαν
863 2670 1044 2726 τοίνυν
1101 2681 1417 2747 προσευχήν
1452 2686 1508 2733 τε
1564 2686 1658 2738 καὶ
1710 2690 1943 2753 αῖνεσιν,

361 2758 554 2810 τούτου
591 2759 959 2830 ἐπιμελητέον
987 2765 1084 2817 τοῦ
1132 2767 1320 2837 ἔργου·
1380 2774 1461 2825 ὅτι
1533 2780 1627 2828 κιι
1667 2778 1752 2832 διὰ
1786 2783 1945 2837 τοῦτο

360 2850 508 2901 πᾶσα
567 2854 868 2920 προσευχὴ.
931 2854 1038 2905 Καὶ
1088 2855 1147 2907 τὸ
1208 2858 1365 2910 πλέον
1419 2861 1529 2916 τῶν
1579 2865 1805 2935 ἡμερῶν
1842 2872 1941 2937 τῆς

359 2941 640 3009 ἡμετέρας
675 2941 820 3012 ζωῆς
850 2943 1010 2998 τοῦτο
1038 2947 1309 3017 ποιῶμεν.
1337 2951 1460 3003 Ὀτι
1496 2955 1590 3007 καὶ
1622 2957 1782 3011 τοῦτο
1812 2963 1944 3033 περὶ

355 3032 549 3085 τούτου
581 3036 896 3101 λογίζεσθαι
937 3040 1139 3109 χρεὼν,
1176 3043 1225 3094 εί
1257 3044 1462 3114 ἐνεργὰ
1498 3047 1567 3100 τὰ
1609 3049 1730 3104 θεῖα
1762 3054 1942 3109 πάντα

352 3126 497 3195 ἔργα
528 3145 584 3180 τε
622 3130 713 3181 καὶ
745 3129 896 3196 λόγοι
928 3133 976 3182 oi
1020 3134 1079 3185 ἐν
1105 3133 1183 3202 τῷ
1212 3136 1430 3207 κόσμῳ,
1469 3140 1563 3193 καὶ
1588 3144 1745 3197 οὐδὲν
1772 3146 1944 3217 ἀργὸν

357 3218 498 3287 μετὰ
555 3219 615 3271 τὸ
650 3221 906 3287 γενέσθαι
968 3224 1125 3281 ποτέ.
1161 3227 1274 3279 Καὶ
1314 3228 1479 3297 δῆλον
1527 3232 1587 3297 ἐξ
1620 3228 1695 3287 ὧν
1722 3237 1943 3308 ὁρῶμεν

350 3307 576 3360 πάντων
610 3313 932 3380 κτισμάτων
986 3315 1231 3385 ἐνεργῶν
1260 3317 1429 3373 ὄντων
1456 3323 1566 3387 ἀεὶ,
1619 3326 1852 3395 οὐρανοῦ
1880 3347 1939 3381 τε

348 3398 493 3467 λέγω
517 3403 839 3470 κινουμένου
868 3406 975 3471 ἀεὶ,
1006 3410 1103 3461 καὶ
1133 3412 1237 3478 γῆς
1262 3410 1673 3489 βλαστανούσης
1699 3421 1795 3473 καὶ
1825 3421 1937 3475 τῶν

2645 3398 2785 3420 Ἰ---

2051 3430 2258 3485 ratione
2296 3439 2569 3490 constanti
2605 3454 2798 3496 exerce

262 3526 263 3529 η
346 3492 407 3543 ὲν
440 3492 517 3561 τῷ
545 3496 697 3565 μέσῳ
727 3494 1153 3567 διενεργούντων
1185 3502 1418 3558 ἑκάστου
1455 3507 1517 3559 τὸ
1561 3507 1720 3562 ἴδιονο
1753 3512 1933 3582 πολλῷ

348 3581 553 3649 μᾶλλον
587 3582 808 3652 ἐνεργὸς
842 3586 1049 3653 ὀφείλει
1100 3591 1399 3660 τυγχάνειν
1431 3595 1459 3646 6
1493 3597 1633 3666 πρὸς
1681 3598 1744 3652 τὸ
1770 3581 1934 3671 ἔργον

347 3673 507 3727 τοῦτο
541 3675 600 3727 τὸ
645 3676 923 3731 θειότατον
974 3683 1073 3735 καὶ
1124 3683 1389 3752 μέγιστον
1455 3691 1760 3755 καταστάς.
1825 3696 1934 3749 Καὶ

347 3766 491 3819 εἰτὰ
525 3767 763 3837 αίσθητὰ
809 3771 988 3825 πάντα
1023 3774 1328 3845 ἀκαμάτως
1381 3779 1622 3848 ὲνεργεῖ,
1651 3784 1747 3835 καὶ
1776 3784 1806 3837 6
1842 3802 1931 3855 μισ

346 3859 480 3927 κρὸς
531 3861 737 3931 κόσμος
764 3855 921 3928 οὗτος
972 3869 1067 3921 καὶ
1122 3872 1305 3939 μέγας
1344 3873 1373 3925 6
1427 3873 1738 3944 ἄνθρωπος,
1772 3878 1932 3931 τοῦτο

344 3949 640 4021 δείκνυσιν,
680 3954 906 4025 ἐνεργὸς
936 3959 1027 4011 ἀεὶ
1056 3960 1252 4029 τελῶν,
1291 3964 1371 4034 τῷ
1407 3966 1658 4039 αἰσθητῷ
1686 3969 1787 4038 μὲν
1818 3974 1933 4036 τοῖς

345 4045 649 4117 αἰσθητοῖς,
680 4050 1040 4119 τρεφόμενος,
1083 4053 1289 4121 αὑξανό
1301 4074 1487 4127 μενος,
1518 4058 1929 4132 ἀλλοιούμενος,

344 4138 423 4210 τῷ
452 4141 631 4210 νοητῷ
659 4140 739 4206 δὲ,
768 4146 879 4206 τοῖς
910 4149 1145 4214 νοητοῖς,
1172 4149 1261 4201 ἀεὶ
1293 4150 1372 4221 τῷ
1397 4151 1473 4221 νῷ
1502 4155 1598 4207 καὶ
1620 4156 1699 4225 τῷ
1724 4157 1931 4230 λογικῷ

340 4233 444 4304 τῆς
467 4231 649 4304 ψυχῆς
679 4235 922 4304 ἐνεργῶν
950 4238 1047 4291 καὶ
1078 4242 1426 4311 κινούμενος,
1460 4246 1536 4310 ὠς
1580 4247 1837 4303 ἐντεῦθεν
1865 4251 1932 4304 ὲκ

342 4324 447 4397 τῆς
475 4326 572 4380 τοῦ
602 4314 955 4398 ἀνθρωπίνου
982 4332 1101 4396 νοὸς
1154 4337 1430 4405 κινήσεως
1476 4340 1572 4393 καὶ
1601 4342 1701 4404 τὰς
1732 4346 1926 4414 vespa;

344 4418 441 4470 καὶ
474 4417 624 4481 θείας
676 4419 939 4489 δυνάμεις
972 4423 1322 4494 ἀεικινήτους
1379 4424 1523 4483 εἶναι
1582 4430 1925 4499 λογίζεσθαι.

343 4508 468 4572 Πῶς
507 4509 615 4579 ἄρα
643 4510 705 4563 τὸ
764 4511 1025 4580 μέγιστον
1074 4514 1240 4585 ἔργον
1273 4520 1375 4589 τῆς
1429 4522 1676 4597 μεγάλης
1720 4529 1928 4598 ταύτης

338 4599 619 4666 διακονίας
636 4601 731 4655 τοῦ
746 4601 906 4665 Θεοῦ,
931 4602 995 4655 τὸ
1023 4606 1160 4674 ὑπὲρ
1185 4607 1367 4680 πάσης
1391 4615 1724 4683 κτίσεως,δι’
1749 4612 1810 4672 οὗ
1847 4622 1929 4686 ε-ίς

338 4700 403 4753 τὸ
414 4698 475 4753 εὖ
493 4695 634 4754 εἶναι
659 4700 729 4753 τὰ
749 4700 881 4755 ὄντα
905 4708 1350 4773 χειραγωγεὴαι,
1369 4704 1491 4779 Θεῷ
1511 4710 1798 4782 ὲνούμενα,
1834 4719 1930 4771 καὶ

340 4790 460 4844 θεῖα
483 4792 779 4861 γινόμενα,
811 4794 907 4846 καὶ
934 4792 1138 4863 μᾶλλον
1170 4798 1238 4851 τὰ
1273 4773 1491 4866 λογικά,
1524 4803 1620 4854 καὶ
1639 4773 1927 4875 άνθριυποι
1962 4773 2004 4829 D

338 4884 446 4954 πρὸ
505 4884 727 4937 πάντων
777 4886 1109 4957 τεθνηκότες
1149 4888 1247 4941 καὶ
1282 4891 1506 4959 ζῶντες,
1551 4896 1726 4965 ἀργὸν
1771 4898 1927 4953 ἐσται

338 4978 470 5031 ποτὲ
521 4978 611 5031 διὰ
644 4977 745 5047 τῆς
778 4979 1075 5049 ῥᾳθυμίας,
1107 4980 1140 5051 ἢ
1169 4982 1265 5034 καὶ
1319 4983 1586 5056 δοκούσης
1631 4988 1923 5056 εὐλαϐείας

2124 2700 2301 2768 Super
2330 2718 2551 2759 omnem
2581 2724 2712 2778 ergo
2747 2727 2963 2779 precem
2997 2723 3051 2770 et
3077 2713 3293 2772 laudem
3329 2720 3490 2789 hujus
3512 2738 3644 2792 ope»

2054 2796 2129 2847 ris
2167 2796 2305 2851 ratio
2339 2801 2582 2855 curanda
2632 2812 2732 2866 est,
2781 2806 2909 2875 quia
2947 2821 3177 2878 propter
3225 2814 3404 2883 ipsum
3456 2826 3511 2869 et
3547 2831 3647 2884 per

2051 2884 2228 2953 ipsum
2260 2891 2440 2943 omnis
2470 2894 2671 2947 oratio.
2699 2893 2764 2949 Et
2790 2899 3128 2969 prmeipuum
3155 2902 3364 2958 dierum
3391 2906 3639 2960 omnium

2048 2977 2173 3031 vita:
2200 2990 2400 3034 nostrae
2431 2987 2709 3052 negotium
2743 2988 2844 3042 hoc
2870 2988 3161 3060 faciamus;
3188 2996 3315 3063 quia
3355 3007 3409 3049 et
3434 2998 3539 3053 hoc
3568 3001 3638 3055 de

2051 3067 2145 3121 illo
2179 3070 2470 3127 dicendum
2506 3093 2519 3128 :
2559 3077 2613 3129 Si
2650 3095 2814 3148 opera
2842 3097 3239 3155 sermonesque
3268 3104 3389 3158 quae
3425 3092 3478 3144 in
3504 3093 3640 3147 Orbe

2053 3170 2293 3227 aguntur
2340 3179 2495 3217 suum
2529 3181 2556 3219 a
2601 3166 2710 3222 Deo
2740 3171 2848 3223 vim
2893 3172 3098 3227 habent
3130 3176 3386 3243 actionis,
3418 3189 3474 3234 et
3506 3181 3635 3235 nul-

2054 3250 2162 3303 lum
2195 3253 2429 3307 otiosum
2460 3267 2540 3310 est
2573 3269 2862 3330 postquam
2888 3277 3130 3321 creatum
3153 3278 3257 3324 est.
3284 3269 3419 3326 illud
3445 3284 3632 3330 autem

2047 3349 2132 3394 est
2152 3343 2380 3398 evidens
2413 3363 2477 3400 ex
2511 3349 2612 3403 hoe
2641 3353 2785 3420 quod
2821 3354 3069 3411 videmus
3098 3362 3281 3416 omnia
3302 3378 3485 3421 creata
3508 3382 3639 3436 ope-

2807 3444 2873 3508 ri,
2920 3447 3119 3503 caelum
3154 3449 3377 3521 inquam
3418 3470 3638 3527 semper

2039 3523 2263 3587 moveri,
2295 3534 2351 3577 et
2381 3534 2583 3581 terram
2612 3528 2900 3590 frondibus
2930 3538 3110 3595 virere
3136 3550 3358 3619 eaquae
3428 3546 3480 3601 in
3540 3523 3636 3606 illa

2036 3623 2166 3666 sunt
2191 3620 2621 3689 unumquodque
2655 3629 2800 3709 quod
2842 3627 2947 3698 ipsi
2982 3632 3263 3702 proprium
3305 3650 3389 3691 est
3421 3655 3585 3710 agere
3608 3662 3626 3698 :

2039 3704 2207 3760 nudto
2231 3710 2405 3779 magis
2423 3725 2747 3783 operantem
2779 3698 3197 3789 deprehendere
3219 3743 3435 3799 oportet
3456 3698 3627 3803 quem

2036 3794 2183 3853 Deus
2216 3801 2502 3859 conStituit
2534 3821 2701 3877 super
2730 3825 2869 3879 opus
2902 3815 3322 3876 sanctissimum
3356 3833 3413 3878 et
3455 3828 3633 3881 maxi-

2044 3904 2215 3947 mum.
2252 3894 2317 3949 Et
2362 3897 2407 3952 si
2452 3901 2737 3957 sensibilia
2787 3907 2971 3960 omnia
3035 3910 3157 3965 sine
3208 3913 3627 3977 intermissione

2034 3991 2221 4053 agunt,
2262 3984 2354 4041 hic
2380 4001 2583 4057 parvus
2611 4001 2666 4048 et
2687 3994 2852 4051 simul
2884 4014 3117 4072 magnus
3147 4007 3390 4063 mundus
3419 4014 3510 4080 qui
3539 4023 3627 4069 est

2036 4077 2222 4144 homo,
2265 4080 2399 4136 illud
2424 4083 2480 4137 in
2506 4100 2566 4140 se
2601 4086 2963 4159 demonstrat,
2997 4110 3164 4167 agqns
3204 4077 3453 4168 perfecte
3493 4107 3626 4164 abs-

2033 4184 2140 4239 que
2170 4174 2381 4241 requie,
2415 4177 2751 4235 sensibiliter
2789 4192 2977 4252 utpOIe
3006 4190 3359 4248 seusibilibus
3395 4197 3618 4266 similis,

2034 4267 2273 4320 nutritus
2302 4265 2600 4334 alimentis,
2636 4281 2692 4327 et
2736 4288 2991 4332 crescens
3017 4318 3032 4344 ,
3062 4291 3117 4335 et
3151 4290 3461 4344 successive
3498 4309 3619 4347 mu-
3681 4319 3684 4322 η

2035 4367 2178 4414 tatus
2206 4377 2220 4413 :
2249 4360 2699 4420 intellectualiler
2728 4376 2909 4425 autem
2942 4377 3247 4432 secundum
3279 4385 3422 4451 quod
3458 4385 3623 4442 habet

2032 4469 2156 4509 cum
2181 4456 2557 4529 intelligentiis
2581 4463 3025 4537 similitudinem,
3047 4476 3315 4531 continuo
3340 4479 3621 4538 intellectu

2016 4558 2087 4603 νει
2140 4551 2350 4606 ratione
2400 4552 2595 4610 animae
2637 4572 2750 4614 sua:
2795 4575 2964 4632 agens
3000 4574 3054 4618 et
3091 4582 3320 4625 movens
3352 4586 3368 4626 :
3405 4590 3469 4629 ex
3506 4592 3625 4630 mm

2035 4640 2183 4696 tione
2215 4643 2441 4712 spiritus
2475 4647 2704 4704 humani
2745 4653 3163 4725 intelligendum
3200 4675 3465 4732 perpetuo
3502 4685 3621 4722 tnu—

2035 4730 2148 4788 veri
2178 4736 2373 4806 agique
2390 4749 2445 4792 et
2481 4754 2644 4811 agere
2673 4742 3072 4802 itttellcctualcs
3103 4761 3158 4805 et
3185 4751 3404 4811 divinas
3428 4772 3621 4828 omnes

2033 4825 2286 4881 virtutes.
2344 4826 2633 4894 Quomodo
2682 4832 2853 4901 igitur
2904 4837 3201 4891 riiaximum
3256 4855 3396 4909 opus
3450 4825 3619 4915 hujus

2031 4917 2215 4988 magni
2252 4920 2546 4975 ministerii
2577 4920 2693 4984 Dei,
2728 4925 2871 4992 quod
2899 4934 2985 4980 est
3012 4943 3110 4996 pro
3136 4934 3283 4984 omni
3315 4934 3616 5001 creatione,

2029 5020 2128 5077 per
2188 5011 2335 5078 quod
2390 5012 2456 5066 ad
2504 5014 2708 5069 bonum
2762 5018 2917 5084 quasi
2983 5026 3432 5081 manuducuntur
3496 5045 3619 5100 quae

334 5071 449 5124 τῶν
471 5070 666 5141 ἱερέων
686 5085 707 5137 ;η
733 5071 847 5126 Οίικ
870 5072 986 5125 ἐστι
1008 5074 1108 5142 τῆς
1130 5075 1241 5128 τῶν
1261 5079 1583 5149 μυστηρίων
1605 5082 1923 5155 ἱερουργίας

337 5161 373 5230 ἡ
398 5161 569 5233 ἀργία
596 5161 884 5229 εὐλάϐεια,
913 5165 1015 5218 οὑκ
1054 5168 1194 5233 ἔστι,
1219 5168 1453 5241 κώλυμα
1494 5173 1551 5227 δὲ
1585 5174 1788 5245 μᾶλλον
1815 5180 1919 5248 τῆς

337 5260 611 5327 σωτηρίου
652 5257 844 5322 θυσίας
867 5260 960 5312 καὶ
992 5259 1097 5330 τῆς
1125 5262 1379 5316 ἐντεῦθεν
1407 5265 1698 5335 ὠφελείας.
1734 5270 1799 5323 Εἰ
1821 5266 1917 5324 οὖν

339 5350 416 5419 μὴ
441 5349 519 5418 τὸ,
540 5349 753 5404 κωλῦον
786 5353 921 5420 πρὸς
956 5353 1016 5406 τὸ
1043 5354 1351 5427 ἱερουργεῖν
1378 5359 1549 5423 ἐστιν,
1580 5363 1613 5430 ή
1643 5367 1917 5434 σωτήριος

2027 5108 2200 5163 sunt,
2257 5100 2368 5155 Deo
2428 5104 2722 5172 conjuncta
2753 5143 2767 5167 ,
2819 5119 2872 5161 et
2922 5108 3103 5164 divina
3157 5114 3338 5177 facta,
3384 5118 3620 5174 maxime

2023 5208 2147 5259 quae
2175 5194 2285 5261 jam
2314 5196 2522 5249 ratione
2545 5198 2844 5262 donantur,
2874 5214 2927 5255 et
2951 5221 3060 5271 prae
3085 5211 3345 5263 erunibus
3364 5210 3616 5268 homines

2024 5285 2223 5337 mortui
2255 5287 2449 5352 etvivi,
2474 5293 2769 5356 quomodo,
2801 5292 3045 5361 inquam,
3082 5312 3221 5366 opus
3246 5299 3351 5354 hoc
3379 5302 3645 5384 otiosum.

2025 5389 2271 5431 maneret
2305 5378 2484 5448 aliqua
2517 5383 2866 5453 negligentia,
2892 5403 3013 5454 (pta:
3039 5390 3217 5455 pietas
3242 5392 3293 5445 iu
3316 5396 3617 5449 sacerdoti-

336 5442 497 5495 θυσία
530 5443 795 5513 διηνεκῶς
824 5446 1177 5515 ὲνεργείσθω.
1201 5450 1472 5521 Ὄργανον
1506 5454 1650 5523 ἱερὸν
1676 5458 1703 5508 6
1735 5457 1915 5527 ἱερεὺς

2051 5484 2127 5519 uls
2154 5470 2524 5536 judicaretur?
2555 5472 2681 5547 Non
2701 5487 2780 5530 est
2806 5478 2950 5531 enim
2980 5482 3155 5547 pietas
3188 5484 3519 5553 negligentia
3556 5488 3611 5540 in

336 5535 665 5605 ἀπεδείχθησ
706 5537 781 5605 μὴ
817 5539 987 5607 ἀργὸν
1024 5540 1257 5609 μενέτω.
1291 5546 1465 5600 Athos:
1496 5549 1604 5614 γὰρ
1631 5551 1812 5619 λόγον,
1839 5554 1916 5616 ὡς

2054 5535 2354 5615 elebmndo
2376 5568 2628 5633 mysteria
2656 5540 2806 5633 {imo
2832 5578 2914 5623 est
2937 5571 3393 5641 impedimentum
3422 5578 3602 5644 potius

333 5624 641 5693 λογίζομαι,
674 5627 775 5699 τῆς
824 5631 1045 5701 ἀργίας·
1085 5634 1163 5695 ὡς
1194 5638 1286 5691 καὶ
1316 5640 1343 5691 6
1375 5638 1520 5703 θεῖός
1551 5659 1686 5711 φησι
1748 5645 1911 5698 Badio

2430 5624 2447 5633 -
2656 5624 2668 5633 ,
3018 5624 3030 5641 ,
3062 5624 3393 5629 -_-,---_--___-
3422 5624 3602 5644 rw-..

2051 5654 2274 5709 acritlcii
2312 5659 2589 5723 salutaris,
2622 5669 2678 5715 et
2716 5664 2836 5732 ejus
2868 5681 2989 5735 qua:
3022 5678 3101 5721 est
3137 5685 3203 5721 cx
3228 5686 3293 5722 eo
3333 5669 3608 5727 umnam,

436 5746 476 5774 “
508 5745 884 5829 Mattli._'x_mt,
914 5749 1000 5803 12.
1086 5751 1128 5782 ²³
1161 5749 1295 5807 Luc.
1327 5755 1578 5822 xxu,15.
1660 5756 1701 5788 ¹¹⁵
1733 5755 1863 5815 Luc.
1901 5777 2035 5829 xxn,
2081 5764 2168 5821 l9.

338 5813 381 5847 ³⁸
401 5813 557 5870 Joau.
589 5832 661 5877 vt,
704 5818 791 5873 57.

573 5912 845 5975 Ρλτιιοι.
879 5913 991 5974 Gn.
1030 5914 1206 5976 CLV.

2995 5934 3167 6004 ’31

2250 5768 2291 5801 ¹⁵
2320 5772 2452 5827 ibid.
2482 5774 2570 5827 19.
2656 5776 2860 5832 “ibid.
2896 5781 2987 5834 ‘20.
3071 5781 3293 5837 "Joau.
3340 5800 3474 5854 xvu,
3518 5787 3607 5843 υ.
