4118 6446
376 281 483 347 973

1711 310 1808 375 DE
1856 315 2090 372 SACEH
2104 314 2334 380 DOTIt)

3552 329 3658 399 97/.

376 399 456 468 τῷ
481 398 699 513 Ῥώμης
730 406 858 501 περὶ
889 408 1081 463 τούτου
1116 416 1551 492 προθυμουμένῳ
1586 426 1648 475 τὸ
1682 429 1825 478 θεῖον
1857 427 1945 495 ἔρ-

2067 445 2260 485 mmma
2291 449 2416 488 cura
2450 437 2805 493 celebrationi
2852 441 3017 495 divini
3054 444 3235 511 operis
3310 443 3645 513 invigilahat.

379 507 495 585 γον,
524 494 615 545 καὶ
646 496 703 547 ἐν
730 490 850 560 ταῖς
893 504 1167 570 νηστείαις
1211 509 1269 559 ἐν
1319 512 1381 579 τῇ
1428 490 1533 581 τῆς
1558 513 1781 585 Ῥώμης
1835 490 1958 570 Ἕκα

380 582 611 653 πλησία,⁸
642 587 721 650 ὡς
774 590 1012 658 λέγεται,
1046 598 1257 651 τελείαν
1303 603 1618 672 ἱερουργίαν
1663 582 1961 678 νομοθετή-

381 694 556 740 σαντι,
594 683 687 733 καὶ
723 686 849 754 περί
871 704 1016 750 τινος
1054 692 1357 749 ἐπισκόπου
1399 699 1555 751 τοῦτο
1590 703 1869 765 ποιοῦντος
1903 703 1962 754 τὸ

380 770 505 822 καθ’
531 773 746 843 ἡμέραν
791 779 1098 851 ἱερουργεῖν
1129 787 1466 851 ἐκδιδάξαντι
1488 806 1504 821 ο
1536 793 1596 846 δν
1635 793 1699 863 δὴ
1734 795 1959 848 ἐπίσκο-

381 879 483 957 πον
512 866 561 918 οἱ
601 874 887 938 κορυφαῖοι
919 877 1060 929 κατά
1095 880 1193 949 τὴν
1227 883 1407 936 αὐτῶν
1443 888 1665 957 μνήμην
1696 890 1962 957 προσελά-

380 952 559 1047 ϐοντο,
610 962 766 1027 φησὶ,
826 966 963 1031 μετά
1011 968 1111 1037 τὴν
1150 971 1305 1026 θείαν
1345 952 1682 1047 ἱερουργίαν,
1733 952 1809 1043 ῶς
1863 983 1959 1034 καὶ

379 1044 512 1144 xuii"
538 1046 759 1144 ﬁumen;-
780 1055 933 1125 αὐτῷ
965 1062 1383 1133 προηγόρευσαν
1408 1081 1424 1096 '
1469 1044 1565 1121 καὶ
1607 1071 1959 1144 Ἀπολλωνίῳ

379 1136 459 1233 τῷ
492 1140 643 1233 ὁσίῳ,
698 1137 762 1196 οὗ
814 1147 911 1201 καὶ
968 1152 1017 1203 οἱ
1086 1157 1328 1223 μαθηταὶ
1384 1161 1508 1213 καθ’
1554 1164 1812 1233 ἑκάστην,
1865 1136 1960 1220 καλ⁸

382 1228 702 1300 ἱερούργουν
754 1237 846 1288 καὶ
900 1242 1147 1311 μετεῖχον
1198 1245 1313 1298 τῶν
1370 1248 1709 1317 μυστηρίων.
1747 1228 1872 1305 ’Καὶ
1929 1254 1958 1305 ό

380 1319 525 1411 ἱερὸς
558 1322 616 1375 δὲ
648 1325 1033 1399 Χρυσόστομος
1068 1334 1125 1385 ἐν
1153 1335 1331 1406 τούτῳ
1364 1341 1430 1392 τὰ
1454 1341 1554 1410 τῆς
1575 1342 1725 1406 θείας
1754 1361 1959 1411 μυστα-

379 1410 589 1479 γωγίας
612 1417 988 1487 συνεγράψατο
1012 1422 1109 1476 σὺν
1127 1424 1205 1492 τῷ
1232 1427 1408 1495 Πατρὶ
1432 1429 1721 1501 Βασιλείῳ,
1742 1410 1960 1485 ἐπαινεὶ

377 1518 436 1554 τε
468 1504 592 1557 καθ’
622 1507 834 1577 ἡμέραν
862 1514 991 1575 τοὺς
1016 1515 1115 1584 τῆς
1148 1520 1439 1582 κοινωνίας
1475 1521 1823 1591 μετέχοντας,
1855 1525 1956 1593 μό-

377 1609 470 1645 νον
499 1595 742 1662 εὐλαϐῶς
776 1602 871 1656 καὶ
898 1603 1085 1672 ἀξίως,
1118 1608 1211 1660 καὶ
1259 1612 1320 1663 ἐν
1364 1614 1488 1677 ταῖς
1533 1614 1849 1679 καθολικαῖς
1900 1617 1956 1669 δὲ

392 1684 743 1756 Ἐκκλησίαις
806 1695 902 1748 καὶ
972 1701 1251 1769 πανταχοῦ
1310 1706 1427 1767 τοῖς
1486 1706 1957 1777 προθυμουμένοις

380 1779 506 1832 καθ’
567 1783 806 1854 ἑκάστην
863 1789 1201 1860 ἐνεργεῖσθαι
1272 1798 1340 1849 τὰ
1395 1802 1496 1867 τῆς
1563 1801 1954 1867 μυσταγωγὶας

380 1875 763 1938 παραδέδοται.
801 1880 915 1934 Ἰνα
964 1884 1021 1935 δέ
1056 1887 1129 1956 μή
1167 1904 1275 1940 τισι
1320 1890 1381 1941 τὸ
1434 1892 1601 1961 ῥηθὲν
1649 1892 1754 1955 ἔξω
1792 1893 1953 1960 λόγου

377 1966 531 2037 δόξῃ,
570 1969 650 2040 τῷ
697 1974 792 2033 καὶ
848 1980 1151 2043 κοσμικοὺς
1213 1983 1310 2050 μὲν
1369 1982 1691 2036 ὑποκεῖσθαι
1741 1986 1835 2037 καὶ
1889 1988 1956 2056 τῇ

379 2062 608 2133 τοιαύτῃ
638 2064 888 2136 διακονίᾳ
917 2070 1134 2135 γυναιξὶ
1173 2074 1474 2140 συζῶντας,
1507 2078 1602 2130 καὶ
1634 2081 1747 2140 τοῖς
1790 2096 1959 2147 μονα-

382 2156 495 2223 χοῖς
563 2155 621 2207 δὲ
682 2157 943 2223 πολλάκις
1004 2162 1104 2234 τήν
1159 2168 1487 2236 νυκτερινὴν
1540 2169 1962 2241 ἐπισυμϐαίνειν

382 2247 668 2315 ἐπήρειαν,
721 2252 857 2305 ἀλλά
906 2258 999 2307 καὶ
1052 2258 1228 2328 θνμοῦ
1286 2262 1382 2313 καὶ
1438 2266 1828 2332 μνησικακίας,
1867 2268 1964 2320 καὶ

384 2338 597 2391 πολλῶν
654 2343 859 2412 ἑτέρων
907 2347 1097 2399 παθῶν
1146 2352 1411 2422 ἐπήρειαν
1440 2355 1783 2421 ἐπιγίνεσθαι
1816 2358 2001 2411 πλείοε

384 2448 531 2495 στοις
565 2435 810 2491 ἐπιθέσει
844 2440 938 2493 τοῦ
972 2444 1237 2513 πονηροῦ.
1269 2446 1488 2502 Τούτων
1522 2449 1577 2501 δὲ
1613 2451 1834 2507 πάντων
1862 2453 1966 2505 ἀπο

381 2527 723 2597 ηλλαγμένος
758 2532 964 2598 ὀφείλει
1016 2530 1156 2590 εἶναι
1210 2538 1238 2588 ό
1286 2538 1505 2607 ἀληθῶς
1542 2543 1744 2611 ἱερεὺς,
1780 2544 1840 2596 τὸ
1867 2545 1963 2598 τοῦ

387 2623 621 2691 μεγάλου
667 2624 970 2692 Βασιλείου,
997 2628 1042 2680 εί
1085 2628 1333 2695 δυνατὶν,
1368 2633 1718 2700 ἐνεργείσθω,
1760 2636 1819 2688 τὸ
1867 2638 1963 2705 τῆς

388 2714 683 2784 ἑϐδομάδος
736 2720 997 2787 τετράκις
1052 2721 1378 2791 ἱερουργεῖν,
1430 2724 1505 2786 ὼς
1538 2726 1775 2791 εἴρηται.
1818 2728 1876 2780 Εἰ
1920 2730 1964 2781 δ’

386 2805 500 2875 οὖν,
526 2809 628 2863 κᾶν
656 2809 735 2871 ὅῖς
763 2811 856 2877 τῆς
889 2810 1184 2881 ἑϐδομάδος
1213 2813 1630 2885 ἀπαραιτήτως.
1658 2819 1830 2873 Τοῦτο
1860 2822 1965 2890 γὰρ

388 2904 483 2956 καὶ
514 2906 627 2967 τοῖς
653 2907 709 2957 ἐν
739 2906 928 2974 κόσμῳ
953 2909 1047 2961 καὶ
1084 2912 1342 2980 μοναχοῖς
1379 2912 1601 2965 δυνατόν
1637 2916 1751 2967 ἐστι
1783 2917 1875 2969 καὶ
1904 2919 1964 2970 οὐ

388 2994 542 3066 χώρα
574 2996 783 3059 τούτοις
819 2997 1139 3065 ἀπολογίας,
1176 3004 1241 3069 τῇ
1282 3001 1387 3053 τῶν
1422 3004 1579 3056 πέντε
1616 3006 1837 3075 ήμερῶν
1874 3026 1968 3070 pa-

2064 529 2116 573 et
2138 521 2346 590 legibus
2398 527 2717 592 providebat
2763 531 3040 599 quomodo
3091 532 3146 586 in
3210 533 3366 589 festis
3401 534 3653 590 Ecclesim

2065 609 2326 663 Romanae
2359 614 2651 671 oﬁerrctur
2682 620 3033 684 saeriilcium,
3071 631 3126 675 et
3158 624 3453 678 occasione
3476 623 3652 677 alicu-

2057 705 2149 772 jus
2184 704 2435 777 Episcopi
2470 711 2559 777 qui
2591 712 2836 779 quotidie
2869 716 3180 769 celebrabat
3222 716 3546 770 decreverat
3575 716 3649 770 ita

2062 795 2399 863 faciendum;
2422 800 2619 856 deinde
2649 806 2822 858 sancti
2858 806 3151 874 Apollonii,
3197 808 3357 876 cujus
3387 807 3647 877 discipuli

2062 902 2280 942 sacrum
2312 890 2661 947 celebrabant
2687 895 2932 963 quotidie
2965 898 3288 951 sacriﬁcium
3323 906 3376 951 et
3403 913 3651 953 commu-

2063 980 2322 1034 nicabant
2345 983 2553 1037 sanctis
2584 987 2971 1054 mysteriis.'Et
2988 998 3209 1044 Sanctus
3226 988 3577 1059 Chrysostom
3588 1007 3649 1045 us

2062 1071 2117 1124 in
2155 1071 2260 1126 hoc
2292 1077 2433 1142 quod
2465 1078 2530 1130 ad
2559 1094 2766 1132 sacram
2796 1082 3185 1151 mystagogiam
3240 1093 3453 1151 spectat
3509 1099 3612 1137 con
3633 1111 3650 1122 ο

2061 1164 2228 1217 sentit
2288 1166 2432 1221 Patri
2466 1167 2665 1223 Basilio
2715 1189 2730 1224 :
2794 1170 3091 1241 laudatque
3149 1189 3244 1229 cos
3270 1174 3363 1244 qui
3406 1175 3650 1243 quotidie

2060 1259 2430 1313 communioni
2463 1263 2813 1332 participant,
2867 1266 3028 1319 modo
3060 1266 3145 1333 pie
3191 1267 3461 1336 digneque
3504 1265 3651 1321 acci-

2059 1349 2234 1418 piant,
2259 1360 2311 1403 et
2340 1351 2395 1405 in
2451 1354 2695 1408 ecclesiis
2724 1357 3012 1411 catholicis
3048 1367 3102 1411 et
3152 1359 3353 1427 ubique
3400 1360 3507 1413 illis
3559 1360 3647 1425 qui

2060 1449 2316 1509 satagunt
2337 1445 2579 1510 quotidie
2600 1446 2879 1501 celebrare
2902 1463 3124 1503 munera
3152 1452 3444 1504 traduntur
3469 1450 3655 1504 initia-

2061 1531 2247 1586 lionis.
2283 1532 2359 1589 Ne
2394 1545 2577 1589 autem
2614 1536 2940 1604 quibusdam
2968 1550 3298 1608 praepostere
3328 1540 3534 1593 dictum
3572 1536 3653 1591 vi-

2057 1621 2288 1689 deatur;
2311 1639 2438 1679 nam
2469 1635 2524 1680 et
2560 1627 2615 1681 in
2642 1628 2845 1683 mundo
2869 1629 3059 1684 vivunt
3091 1631 3184 1685 tali
3214 1629 3517 1685 ministerio
3547 1628 3655 1681 ini-

2060 1715 2177 1769 tiati
2209 1716 2516 1772 habitantes
2545 1734 2666 1773 cum
2701 1721 3003 1786 uxoribus;
3053 1731 3109 1775 et
3154 1722 3439 1777 monachis
3488 1721 3651 1775 etiam

2062 1820 2299 1874 persazpe
2328 1808 2582 1861 accidunt
2608 1820 2889 1864 nocturna:
2936 1810 3287 1869 tentationes,
3337 1811 3419 1862 vel
3460 1809 3557 1863 ira:
3598 1817 3651 1863 et

2060 1896 2225 1951 animi
2253 1901 2496 1955 rancoris
2514 1912 2609 1956 aut
2645 1903 2885 1971 plurium
2916 1902 3146 1958 aliarum
3174 1902 3487 1972 passionum
3517 1909 3643 1956 ten—

2063 1989 2298 2045 taliones
2320 1990 2555 2046 maxime
2588 1995 3060 2062 praeoccupatione
3095 1994 3362 2049 damonis
3400 2011 3414 2056 ;
3443 1992 3513 2048 ab
3542 1990 3654 2047 illis

2061 2080 2322 2134 omnibus
2352 2082 2520 2152 longe
2555 2085 2750 2139 abesse
2783 2085 2947 2139 debet
2981 2085 3075 2151 qui
3100 2099 3232 2139 vere
3266 2084 3527 2140 sacerdos
3554 2092 3651 2138 est

2063 2183 2114 2227 et
2141 2182 2410 2243 quantum
2445 2184 2624 2244 potest
2658 2176 2837 2247 magni
2890 2174 3074 2229 Basilii
3110 2190 3362 2230 normam
3407 2176 3562 2245 sequi
3594 2186 3655 2231 ut

2065 2275 2260 2333 quater
2289 2267 2340 2319 in
2380 2266 2717 2323 hebdomada
2762 2261 3025 2323 celebret.
3086 2268 3182 2322 Sin
3216 2270 3399 2328 aliter.
3463 2268 3655 2321 saltem

2067 2355 2153 2410 bis
2180 2355 2234 2409 in
2260 2356 2601 2412 hebdomada
2634 2357 2729 2411 sed
2760 2367 2909 2413 certo
2943 2373 2958 2422 ;
3000 2360 3102 2411 hoc
3123 2358 3269 2413 enim
3305 2366 3357 2412 et
3394 2358 3462 2412 iis
3486 2357 3578 2424 qui
3606 2357 3657 2410 in

2066 2444 2274 2499 mundo
2301 2455 2432 2499 sunt
2463 2455 2521 2499 et
2552 2445 2844 2499 monachis
2871 2445 3096 2500 omnino
3129 2446 3389 2515 possibile
3419 2456 3523 2502 est.
3559 2460 3659 2500 nec

2068 2535 2173 2591 illis
2207 2552 2330 2592 esse
2384 2546 2568 2607 potest
2618 2538 2994 2592 excusationis
3072 2539 3266 2603 locus;
3304 2548 3656 2609 possuntque

2068 2643 2166 2697 per
2199 2628 2335 2683 alios
2368 2630 2608 2699 quinque
2640 2631 2758 2684 dies
2805 2630 3161 2685 meditatione
3198 2640 3252 2684 et
3289 2640 3495 2684 attenta
3522 2646 3655 2684 cura

2068 2731 2122 2774 et
2154 2720 2504 2774 confessione
2554 2724 2923 2777 innocentiam
2984 2738 3335 2790 recuperare.
3370 2722 3554 2789 Quare
3600 2734 3655 2777 et

2067 2813 2445 2883 praedicationi
2487 2816 2592 2870 illis
2630 2825 2716 2869 est
2755 2816 3075 2870 instandum
3115 2824 3242 2868 ante
3294 2816 3498 2879 omnia,
3531 2830 3653 2885 qua:

2070 2920 2181 2975 prae
2212 2906 2332 2961 aliis
2364 2907 2695 2962 innocentia:
2722 2908 2874 2978 origo
2905 2923 3025 2963 esse
3057 2919 3261 2977 potest,
3293 2918 3347 2964 et
3374 2908 3548 2977 magis
3570 2914 3653 2960 est

2073 2999 2454 3053 sacerdotibus
2483 3000 2790 3054 necessaria
2847 3003 2937 3069 qui
2984 3002 3246 3071 perpetim
3282 3002 3550 3055 accedunt
3583 3000 3653 3055 ad

387 3085 517 3157 λέτῃ
547 3086 639 3138 καὶ
669 3090 910 3158 προσοχῇ
940 3091 1033 3140 καὶ
1066 3090 1460 3161 ἐξομολογήσει
1496 3096 1964 3165 προκαθαίρεσθαι

2078 3089 2246 3142 Deum
2274 3090 2367 3159 qui
2403 3092 2585 3145 omnia
2641 3093 2787 3147 videt
2836 3102 2891 3147 et
2925 3095 3261 3161 poenitentia:
3288 3094 3381 3148 dat
3417 3095 3654 3149 veniam.

384 3177 726 3246 δυναμένοις.
765 3182 856 3230 Διὸ
888 3179 983 3233 καὶ
1028 3179 1128 3247 τῆς
1162 3181 1571 3252 ἐξαγορεύσεως
1614 3186 1718 3255 πρὸ
1760 3190 1962 3252 παντὸς

384 3271 568 3332 αὐτοῖς
626 3270 961 3323 ἀνθεκτέονο
1020 3272 1101 3324 ὅτι
1153 3273 1249 3325 καὶ
1304 3274 1439 3343 αὕτη
1477 3276 1583 3345 πρὸ
1632 3277 1741 3329 τῶν
1786 3280 1963 3334 ἄλλων

386 3362 673 3434 καθαίρειν
704 3365 951 3427 δύναται,
987 3367 1080 3419 καὶ
1109 3368 1218 3429 τοῖς
1269 3367 1508 3436 ἱερεῦσιν
1560 3370 1965 3442 ἀναγκαιοτέρα

383 3456 438 3509 δὲ
472 3456 673 3522 μᾶλλον
705 3456 846 3527 αὕτη
889 3460 999 3520 τοῖς
1033 3458 1299 3527 διηνεκῶς
1337 3459 1617 3527 ἐγγίζουσι
1668 3464 1746 3533 τῷ
1788 3466 1963 3518 πάντα

386 3550 549 3602 είδότι
586 3549 725 3618 Θεῷ,
758 3551 849 3602 καὶ
880 3551 945 3619 τῇ
982 3551 1244 3621 μετανοίᾳ
1283 3551 1382 3621 τὴν
1435 3553 1631 3621 ἄφεσιν
1682 3555 1961 3610 δεδωκότι.

388 3640 450 3693 Ei
500 3640 554 3693 δέ
589 3657 650 3706 γε
688 3640 895 3701 πάθους
926 3640 1072 3703 τινὸς
1114 3644 1442 3711 ἐπικράτεια
1484 3645 1680 3711 μᾶλλον
1712 3650 1852 3701 κατά
1886 3667 1965 3701 τι-

388 3747 477 3793 νος
503 3731 743 3798 γένοιτοο
784 3730 943 3784 τοῦτο
974 3732 1029 3784 δὲ
1064 3735 1174 3795 τοῖς
1225 3738 1626 3803 μνησικακοῠσι
1674 3740 1963 3806 συμϐαίνει

388 3821 552 3875 πλέον
580 3823 675 3875 καὶ
714 3825 825 3885 τοῖς
864 3825 1133 3895 βασκανίᾳ
1160 3828 1257 3899 και
1283 3828 1460 3896 φθόνῳ
1491 3844 1923 3901 κεκρατημένοις
1947 3849 1963 3865 ο

386 3913 447 3965 οὑ
477 3912 595 3965 δέον
630 3913 727 3981 μὲν
765 3914 856 3966 τὸν
881 3914 958 3983 τῷ
994 3914 1158 3968 πάθει
1191 3916 1388 3968 ἁλόντα
1414 3917 1491 3987 τῷ
1520 3920 1709 3989 ἀγαθῷ
1742 3923 1837 3974 καὶ
1868 3925 1965 3991 τῆς

387 4003 611 4072 εἰρήνης
648 4004 871 4072 χορηγῷ
920 4006 1308 4073 προσεγγίσαι,
1340 4009 1570 4078 ὄργανον
1616 4015 1965 4068 καταστάντα

385 4092 464 4161 τῷ
491 4092 733 4161 πονηρῷ,
763 4094 837 4157 ὡς
880 4095 937 4146 ἐν
966 4094 1115 4164 αὑτῷ
1157 4098 1244 4149 διὰ
1277 4098 1371 4151 τοῦ
1403 4100 1610 4165 πάθους
1644 4105 1927 4175 οἰκήσαντι
1948 4123 1961 4135 ’

386 4183 703 4247 γινωσκέτω
740 4184 796 4237 δὲ
823 4185 1000 4253 οὗτος,
1030 4188 1105 4251 ὠς
1152 4188 1243 4241 τὸν
1284 4190 1378 4243 τοῦ
1422 4192 1629 4257 πάθους
1672 4195 1830 4264 λόγον
1873 4200 1967 4252 καὶ

386 4280 484 4349 τῆς
515 4278 714 4351 ἀργίας
754 4282 1216 4353 ἀπαιτηθήσεται,
1252 4285 1588 4358 αὐτεξουσίῳ
1619 4290 1812 4362 γνώμῃ
1843 4292 1965 4343 ἑαυ-

387 4373 479 4425 τὸν
508 4373 695 4435 ἐκδοὺς
736 4376 862 4436 ταῖς
906 4374 1001 4426 τοῦ
1032 4377 1268 4445 πονηροῦ
1306 4379 1656 4445 συμϐουλαῖς.
1693 4380 1828 4433 Οὐδὲ
1858 4383 1966 4451 γὰρ

392 4464 547 4533 ἱσχὺς
588 4465 666 4530 τῷ
698 4464 878 4533 ἐχθρῷ
912 4466 1018 4534 ὅπη
1075 4467 1337 4536 βουλητὸν
1370 4469 1520 4537 αὐτῷ
1548 4472 1698 4539 ἡμᾶς
1731 4475 1968 4541 καταφέ-

390 4571 526 4622 ρειν·
605 4555 689 4606 ὅτι
722 4554 931 4607 δέδοται
953 4557 1086 4625 ἡμῖν
1114 4558 1331 4623 ἐξουσία
1353 4562 1546 4613 πατεῖν
1577 4561 1763 4618 ἐπάνω
1792 4562 1970 4630 ὄφεων

389 4646 485 4698 καὶ
520 4647 820 4717 σκορπίων,
854 4647 963 4700 τῶν
997 4649 1304 4703 ἐπιϐούλων
1345 4653 1440 4705 καὶ
1482 4657 1817 4722 νεκροποιῶν
1855 4658 1969 4711 δαι-

392 4737 590 4804 μόνων,
624 4738 717 4790 atati.
748 4740 839 4790 ἐπὶ
872 4740 1055 4792 πᾶσαν
1087 4741 1252 4792 αὑτοῦ
1286 4741 1379 4794 τοῦ
1414 4744 1650 4814 πονηροῦ
1683 4746 1779 4815 τὴν
1814 4748 1972 4802 δύνα-

393 4844 505 4896 μιν.
542 4830 720 4882 Μόνον
763 4832 872 4899 γὰρ
922 4831 1284 4899 προσϐάλλειν
1320 4833 1504 4905 χώραν
1540 4835 1787 4904 εὑρίσκει
1814 4841 1841 4891 ὁ
1874 4843 1971 4909 τῆς

389 4919 592 4979 κακίας
621 4920 875 4991 εὑρέτης.
910 4924 1003 4986 Εἰς
1032 4923 1261 4994 δοκιμὴν
1290 4926 1346 4977 δὲ
1377 4926 1470 4979 καὶ
1494 4928 1670 4993 τοῦτο,
1698 4930 1773 4993 ῶς
1803 4931 1972 4997 ἔγνω-

395 5027 518 5079 μεν,
542 5009 654 5062 “τῶν
685 5013 894 5065 πιστῶν
922 5032 980 5065 τε
1015 5015 1109 5067 καὶ
1142 5017 1413 5069 ἐκλεκτῶν
1440 5030 1453 5044 ⁸
1487 5018 1547 5071 οὐ
1587 5019 1694 5091 μὴν
1724 5021 1847 5090 βίαν
1877 5026 1972 5075 ἐπ-

393 5100 549 5167 άγειν
587 5102 721 5164 ὅλως
754 5104 848 5156 καὶ
878 5108 1180 5175 τυραννεῖν.
1214 5107 1339 5160 Ὅτι
1370 5109 1492 5162 οὐδὲ
1528 5114 1674 5165 κατά
1706 5114 1814 5166 τῶν
1843 5115 1970 5168 ἀλό-

395 5210 511 5261 γων
543 5195 736 5263 ἰσχύει,
768 5196 968 5265 κτίσμα
999 5198 1283 5267 τυγχάνων
1332 5200 1492 5253 Θεοῦ.
1536 5201 1614 5271 Τῇ
1646 5205 1970 5274 προαιρέσει

392 5288 572 5339 τοίνυν
597 5288 759 5357 ήμῶν
790 5289 883 5341 καὶ
914 5289 1131 5359 θελήσει
1166 5295 1422 5361 κειμένου
1462 5294 1557 5347 τοῦ
1592 5297 1750 5366 νικᾷν
1783 5298 1969 5361 αὐτὸν,

393 5378 486 5431 καὶ
525 5378 622 5448 τὴν
657 5379 858 5448 ἀρετὴν
890 5380 1215 5452 κατορθοῦν,
1254 5385 1775 5455 κατακριθησόμεθα
1809 5388 1973 5440 νικώ-

397 5486 549 5537 μενοι
585 5470 713 5540 παρ⁹
748 5472 940 5537 αὑτοῦ,
970 5474 1059 5525 καὶ
1089 5473 1177 5525 διά
1211 5475 1383 5539 πάθος
1410 5493 1460 5528 τι
1489 5477 1797 5545 βδελυκτὸν,
1826 5481 1975 5551 τηλι-

395 5560 604 5625 καύτης
646 5563 1001 5632 στερούμενοι
1058 5566 1456 5635 ὑπερουρανίου
1490 5568 1719 5638 δωρεᾶς,
1761 5573 1863 5640 τῆς
1913 5590 1973 5625 τε

398 5656 713 5725 ἱερουργίας
743 5656 909 5724 φημὶ,
936 5658 1030 5710 καὶ
1070 5657 1164 5709 τοῦ
1214 5659 1277 5711 ἐκ
1310 5660 1511 5731 ταύτης
1544 5663 1843 5733 ἀγιασμοῦ.
1877 5666 1976 5719 Διὰ

400 5747 555 5801 τοῦίο
584 5751 675 5803 καὶ
698 5748 1000 5818 καθαρτέον
1022 5750 1195 5822 ὁπόση
1217 5751 1465 5821 δύναμις,
1490 5755 1581 5808 καὶ
1606 5758 1974 5813 σπουδαστέον

2068 3179 2122 3233 Si
2170 3179 2341 3248 igitur
2388 3181 2621 3250 alicujus
2684 3183 2762 3236 vis
2812 3184 3089 3252 passionis
3130 3194 3318 3239 contra
3360 3184 3657 3253 quemdam

2066 3271 2284 3335 smviat;
2316 3271 2419 3325 hoc
2462 3280 2642 3324 autem
2686 3273 2855 3342 magis
2910 3274 3109 3329 accidit
3158 3274 3357 3328 amaris
3417 3276 3500 3328 vel
3554 3289 3659 3328 saa-

2070 3361 2341 3416 vientibus
2374 3364 2501 3416 odio
2533 3363 2615 3417 vel
2646 3362 2847 3417 invidia
2875 3364 3214 3435 consumptis
3243 3379 3259 3430 ;
3296 3380 3402 3418 non
3435 3364 3654 3433 quidem

2068 3463 2281 3522 oportet
2302 3455 2561 3508 accedere
2589 3456 2654 3508 ad
2678 3471 2801 3509 eum
2825 3457 2915 3525 qui
2944 3457 3118 3510 bonus
3140 3468 3224 3511 est
3252 3466 3303 3510 et
3329 3458 3435 3511 dux
3467 3458 3658 3527 paciﬂ-

2067 3560 2201 3608 cus;
2259 3559 2383 3598 eum
2427 3546 2518 3614 qui
2577 3546 2834 3612 passione
2878 3556 3185 3599 excaecatur
3237 3561 3358 3601 cum
3413 3547 3531 3615 ipse
3579 3549 3653 3603 sit

2070 3634 2244 3690 l'actus
2262 3635 2385 3689 mali
2418 3646 2685 3705 organum
2712 3637 2802 3706 qui
2834 3637 2884 3689 in
2913 3652 2977 3690 eo
3007 3638 3189 3692 sedem
3220 3654 3317 3707 per
3342 3641 3649 3707 passionem

2067 3728 2252 3782 habet.
2276 3711 2581 3797 Cognoscat
2614 3736 2792 3781 autem
2818 3728 2905 3783 ille
2933 3730 3059 3799 quia
3092 3730 3363 3799 passionis
3393 3740 3446 3785 et
3473 3732 3646 3800 negli-

2067 3825 2259 3891 gentia)
2287 3822 2553 3876 rationem
2591 3821 2816 3886 reddet,
2859 3838 2917 3876 se
2945 3823 3254 3876 voluntarie
3302 3824 3656 3890 scienterque

2068 3916 2310 3969 subdens
2334 3914 2461 3968 mali
2498 3915 2963 3984 suggestionibus.
2991 3915 3109 3970 Non
3135 3926 3217 3971 est
3248 3919 3395 3970 enim
3432 3916 3656 3969 inimico

2068 4016 2309 4077 potestas
2340 4023 2437 4062 nos
2469 4022 2816 4077 quocumque
2862 4007 3097 4063 voluerit
3143 4008 3424 4078 impellere
3452 4025 3467 4073 ;
3495 4010 3655 4062 nobis

2067 4100 2321 4171 equidem
2355 4099 2478 4153 data
2512 4109 2596 4153 est
2627 4099 2853 4154 libertas
2885 4099 3131 4154 calcandi
3164 4110 3477 4170 serpentes,
3507 4103 3657 4169 aspi-

2071 4193 2169 4245 des
2210 4200 2264 4245 et
2292 4191 2636 4259 scorpiones,
2688 4189 2963 4246 daemones
3024 4192 3233 4247 scilicet
3292 4200 3563 4246 tentantes
3602 4203 3658 4247 et

2071 4294 2303 4337 mortem
2330 4283 2653 4347 inferentes,
2683 4291 2737 4336 et
2764 4283 3052 4338 incedendi
3104 4300 3268 4353 super
3292 4300 3511 4339 onmem
3545 4288 3655 4339 vir-

2076 4388 2245 4431 tutem
2281 4376 2565 4432 daemonis.
2629 4374 2984 4429 Solummodo
3026 4376 3299 4430 licentiam
3351 4377 3505 4429 habet
3558 4394 3657 4430 nos

2077 4468 2428 4539 impugnandi
2457 4468 2675 4521 malitia:
2701 4468 2804 4523 iste
2830 4469 3004 4522 tristis
3038 4469 3312 4530 inventor.
3351 4469 3402 4523 in
3439 4470 3658 4539 experi-

2077 4572 2347 4623 mentum,
2376 4569 2436 4613 ut
2489 4559 2746 4613 novimus
2794 4558 3034 4612 ﬁdelium
3082 4568 3138 4613 et
3184 4560 3505 4624 electorum,
3551 4577 3657 4614 non

2075 4663 2262 4707 autem
2290 4651 2459 4705 vitam
2483 4650 2678 4719 agendi
2719 4659 2771 4704 et
2818 4649 3101 4719 tyranniee
3147 4650 3374 4703 omnino
3412 4650 3656 4719 regendi.

2072 4741 2690 4801 Contra"irrationabilia
2711 4739 2847 4794 nihil
2872 4749 3069 4809 potest,
3100 4756 3221 4809 quae
3246 4740 3339 4793 Dei
3359 4750 3485 4794 sunt
3507 4755 3663 4794 crea-

2074 4846 2213 4890 tura.
2234 4836 2369 4889 Cum
2399 4835 2561 4905 igitur
2597 4850 2695 4903 per
2725 4848 2825 4887 nos
2850 4842 2955 4886 stet
2975 4841 3032 4884 ut
3059 4832 3414 4885 inclinatione
3454 4832 3656 4885 mentis

2074 4938 2129 4984 et
2159 4929 2436 4983 voluntate
2464 4928 2750 4981 vincamus
2801 4924 2951 4977 illum
2974 4932 3028 4977 et
3054 4922 3355 4976 secundum
3388 4922 3643 4977 virtutem

2074 5032 2224 5076 recte
2244 5022 2514 5083 vivamus,
2550 5017 3042 5074 condemnabimur
3082 5016 3126 5069 si
3174 5016 3242 5068 ab
3285 5014 3402 5082 ipso
3454 5024 3661 5069 attera-

2076 5130 2200 5168 mur
2223 5123 2279 5167 et
2309 5112 2440 5167 illud
2469 5111 2799 5165 horrendum
2845 5109 3139 5162 subeamus
3171 5118 3230 5160 ut
3262 5122 3291 5159 a
3326 5114 3474 5159 tanta
3509 5106 3660 5159 deci-

2074 5206 2266 5260 damus
2321 5206 2495 5274 gratia
2536 5201 2912 5273 supercmlesti
2936 5239 2951 5262 ,
2983 5198 3288 5254 sacerdotio
3321 5203 3568 5269 inquam,
3600 5209 3659 5255 et

2074 5296 2490 5351 consecratione
2510 5309 2627 5362 quae
2657 5304 2742 5347 est
2791 5308 2856 5346 ex
2911 5292 3022 5345 illo.
3070 5290 3252 5355 Quare
3297 5307 3426 5360 ergo
3472 5301 3663 5345 sancte

2075 5402 2128 5445 et
2153 5404 2286 5459 pure
2310 5387 2467 5440 nobis
2496 5387 2786 5440 vivendum
2823 5398 2909 5440 est
2950 5384 3100 5437 omni
3134 5386 3425 5438 conamine
3460 5395 3514 5439 et
3544 5385 3658 5439 for-

2078 5481 2343 5543 titudine;
2373 5478 2671 5532 etomnino
2692 5478 2978 5531 nitendum
3008 5491 3076 5531 ne
3100 5476 3407 5531 incidamus
3438 5477 3491 5530 in
3516 5478 3655 5532 retia

2079 5572 2232 5627 mali.
2257 5570 2647 5624 Custodiamus
2678 5570 3044 5638 nosmetipsos
3076 5570 3166 5638 qui
3214 5569 3524 5624 sacerdotio
3568 5568 3657 5623 di-

2079 5667 2167 5735 gni
2199 5678 2387 5717 sumus
2416 5662 2608 5725 habiti,
2639 5672 2715 5719 ut.
2736 5648 3070 5715 immaculati
3109 5672 3376 5731 quantum
3416 5661 3472 5715 in
3504 5662 3661 5716 nobis

2079 5768 2154 5809 est
2189 5754 2513 5807 assistarnus
2553 5763 2606 5807 et
2650 5752 3028 5806 ministremus
3072 5750 3180 5804 Deo
3222 5752 3572 5806 immaculato
3605 5765 3659 5807 et
