4118 6440
455 255 563 323 375

954 257 1340 321 SS'MEONIS
1369 257 2132 322 THESSALONICENSIS
2169 251 2538 321 ARCHIEP.
2583 255 2684 319 DE
2738 253 3240 318 SACERDOTIO.

3640 248 3746 314 976

445 366 848 436 sanctissimo;
886 377 946 424 ut
998 369 1192 426 electis
1237 371 1360 442 ejus
1401 371 1584 428 verbis
1626 382 1938 439 satagamus
1972 372 2046 428 vi-

2157 373 2234 446 μὴ
2264 372 2620 444 περιπίπτειν
2674 372 2749 435 ὡς
2799 371 2967 442 378
3001 371 3159 441 ἔτυχε
3196 371 3317 433 ταῖς
3348 368 3445 422 τοῦ
3505 369 3744 440 πονηροῦ

443 473 557 520 tam
584 472 775 518 sancte
803 463 1062 518 ordinare
1093 463 1150 518 in
1195 464 1478 534 operibus,
1506 464 1563 519 in
1605 465 1812 531 verbis,
1845 466 1900 520 in
1947 480 2042 520 co-

441 555 828 627 gitationibus,
852 563 910 611 et
946 554 1002 608 in
1027 555 1190 612 nobis
1229 555 1353 626 ejus
1405 556 1590 612 divina
1620 572 1813 627 gerere
1857 573 2044 612 exem-

443 648 554 716 pla.
593 646 858 714 Quaenam
909 655 1095 704 autem
1142 647 1261 704 haec
1308 647 1488 704 sunt?
1516 647 1700 716 Amor,
1740 648 2045 715 humilitas,

442 738 844 803 misericordia,
886 740 1131 796 charitas
1176 737 1231 794 in
1272 754 1491 806 omnes,
1564 755 1670 811 pax
1718 749 1774 796 et
1826 741 2046 797 divino-

445 847 566 886 rum
619 832 1013 902 contemplatio
1069 833 1393 889 donorum:
1426 841 1555 888 ante
1615 843 1799 888 autem
1859 836 2044 890 omnia

439 927 758 984 communio
805 927 950 982 inter
999 942 1102 982 nos
1161 936 1217 982 et
1266 927 1566 993 sanctitas;
1622 936 1848 984 sanctus
1895 928 2046 984 enim

439 1019 589 1075 Deus
615 1030 808 1075 noster
832 1029 889 1074 et
940 1035 1036 1075 eos
1067 1020 1160 1090 qui
1207 1019 1655 1090 apprOpinquant
1691 1021 1767 1075 illi
1801 1023 2046 1078 sanctiﬁ-

441 1123 558 1178 cat;
595 1120 651 1174 et
683 1113 838 1167 illum
867 1113 920 1167 in
950 1113 1164 1170 sanctis
1194 1113 1450 1168 habitare
1477 1122 1534 1168 et
1567 1113 1826 1183 quiscere
1851 1115 2043 1184 juvat;

437 1206 532 1274 qui
567 1213 625 1262 et
650 1220 748 1261 nos
775 1204 969 1277 dignos
1002 1204 1171 1262 faciet
1206 1213 1420 1276 partem
1463 1206 1669 1261 habere
1695 1221 1823 1261 cum
1853 1207 2046 1264 electis

446 1306 504 1350 et
553 1299 762 1358 sanctis
797 1299 940 1369 ejus.
974 1295 1073 1354 Hic
1106 1298 1253 1354 enim
1292 1299 1578 1352 constituit
1611 1300 1960 1370 custoditque
1988 1301 2046 1354 in

442 1390 886 1445 sanctiﬁcatione
936 1406 1112 1460 usque
1170 1393 1226 1445 in
1286 1391 1449 1446 ﬁnem
1506 1393 1702 1462 dignos
1762 1394 2047 1450 ministros

441 1481 922 1537 sanctissimorum
962 1483 1388 1554 mysteriorum:
1429 1485 1792 1555 vicissimque
1817 1485 1930 1542 illic
1959 1489 2048 1542 in-

444 1574 610 1640 ducet
638 1575 693 1629 in
735 1576 938 1631 Sancta
976 1587 1318 1643 sanctorum,
1344 1591 1398 1636 et
1428 1594 1526 1634 eos
1543 1581 1635 1648 qui
1663 1580 2046 1636 communioni

441 1666 652 1722 intimae
685 1682 812 1722 cum
855 1667 973 1737 ipso
1027 1669 1481 1739 participaverint
1533 1671 1776 1741 perﬁciet
1805 1671 2046 1728 uniendo

2155 469 2387 536 πάγαις.
2417 466 2785 538 Συντηρῶμεν
2812 466 2868 519 δὲ
2896 465 3128 527 ἑαυτοὺς
3161 463 3212 516 oi
3244 463 3550 533 ἱερωσύνης
3574 464 3744 532 ἠξιω-

2158 559 2312 627 μένοι
2343 557 2489 611 ὥστε
2517 557 2824 628 καθαροὺς,
2859 557 2936 619 ὡς
2977 555 3223 621 δυνατὸν,
3259 554 3600 625 παρεστάναι
3649 553 3744 607 καὶ

2155 652 2498 724 λειτουργεῖν
2550 651 2630 724 τῷ
2687 651 3090 720 καθαρωτάτῳ,
3137 651 3236 702 καὶ
3277 651 3389 711 τοῖς
3441 647 3744 718 ἐξαιρέτοις

2153 746 2265 800 τῶν
2314 745 2624 816 ἰδιωμάτων
2678 743 2848 802 αὑτοῦ
2893 741 3148 798 σπεύδειν
3173 739 3641 811 κατακοσμεϊσϐαι
3684 741 3744 792 ὲν

2155 839 2344 910 ἔργοις
2381 855 2442 891 τε
2473 839 2568 892 καὶ
2596 837 2778 906 λόγοις
2811 837 2903 894 καὶ
2925 836 3229 905 λογισμοῖς
3273 835 3370 888 καὶ
3422 831 3611 886 τούτου
3644 833 3742 900 qvi-

2157 946 2270 998 ρειν
2312 931 2373 983 ὲν
2422 930 2638 992 ἑαυτοῖς
2670 945 2793 982 τινα
2820 927 3222 998 ικμιμήματα.
3257 923 3396 980 Τίνα
3417 925 3474 978 δὲ
3500 924 3572 977 τὰ
3602 924 3745 976 ὲκεί-

2153 1039 2281 1089 νου;
2327 1022 2742 1093 Φιλανθρωπία,
2782 1021 3136 1083 ταπείνωσις,
3175 1019 3349 1084 ἔλεος,
3384 1017 3574 1087 ἀγάπη
3605 1017 3744 1085 πρὸς

2155 1115 2386 1180 πάντας,
2418 1116 2634 1186 εἰρήνη,
2672 1115 2768 1170 καὶ
2802 1114 2966 1168 θείων
3004 1113 3295 1184 μετάδοσις
3339 1111 3560 1180 δωρεῶν
3582 1125 3596 1140 ·
3635 1109 3743 1178 πρὸ

2153 1205 2210 1261 δὲ
2235 1205 2453 1265 πάντων
2483 1203 2743 1262 κοινωνία
2768 1203 2888 1273 μεθ’
2918 1202 3078 1274 ἡμῶν
3103 1203 3198 1256 καὶ
3220 1199 3522 1271 ἁγιωσύνῃ.
3549 1199 3740 1265 Ἄγιος
3776 1263 3786 1282 ,

2152 1297 2262 1368 γὰρ
2303 1296 2383 1351 ὢν
2421 1297 2450 1351 ὁ
2479 1297 2612 1360 Θεὸς
2643 1296 2826 1367 ἡμῶν,
2863 1296 2960 1350 καὶ
2999 1291 3218 1362 ἁγιάζει
3262 1292 3391 1355 τοὺς
3422 1290 3740 1359 ὲγγίζοντας
3773 1289 3782 1296 ”

2154 1391 2325 1460 αὐτῷ,
2349 1392 2446 1446 καὶ
2470 1394 2527 1445 ὲν
2558 1390 2737 1460 ἁγίοις
2759 1387 3143 1444 ἀναπαύεσθαι
3169 1387 3417 1441 εὐδοκεῖ·
3443 1386 3501 1448 ὃς
3528 1384 3620 1439 καὶ
3643 1385 3739 1454 τῆς

2157 1481 2380 1552 μερίδος
2439 1483 2592 1552 ἡμᾶς
2650 1479 2905 1546 ἀξιώσειε
2957 1479 3070 1535 τῶν
3123 1477 3400 1534 ικλεκτῶν
3438 1477 3601 1534 αὐτοῦ
3643 1477 3739 1530 καὶ

2153 1573 2348 1642 ἁγίων.
2407 1573 2646 1632 ἐνταῦθα
2714 1574 2815 1644 μὲν
2861 1571 3053 1638 ἀξίους
3108 1573 3594 1641 καταστησάμενος
3646 1569 3741 1622 καὶ

2153 1666 2458 1736 φυλάσσων
2495 1667 2624 1738 ἄχρι
2658 1667 2849 1730 τέλους
2903 1665 3013 1720 τῶν
3049 1665 3370 1732 ἁγιωτάτων
3425 1663 3591 1717 αὐτοῦ
3639 1680 3738 1734 μυ-

442 1759 504 1818 in
535 1760 738 1816 saecula
782 1770 1011 1818 aeterna.
1047 1763 1229 1828 Quare
1263 1764 1444 1820 omnis
1475 1767 1549 1819 sit
1599 1763 1794 1834 gloria.
1850 1765 2046 1833 honor,

2159 1760 2400 1830 στηρίων
2447 1760 2504 1812 ὲν
2545 1759 2808 1830 ἁγιασμῷ
2835 1759 3144 1830 ὑπηρέτας,
3177 1760 3356 1811 ἐκεῖσε
3383 1757 3439 1810 δὲ
3462 1756 3625 1810 πάλιν
3657 1757 3739 1820 είς

446 1851 837 1921 magniﬁcatio,
900 1863 952 1912 et
982 1853 1102 1912 laus
1135 1855 1240 1923 ipsi
1285 1853 1418 1912 Jcsu
1469 1854 1711 1921 Christo,
1757 1851 1896 1911 Filio
1953 1855 2048 1912 Dei

443 1943 682 2005 viventis
719 1955 776 2002 et
835 1945 948 2002 Deo
993 1960 1214 2012 nostro,
1279 1948 1373 2017 qui
1439 1962 1538 2018 pro
1597 1947 1756 2004 nobis
1804 1948 2047 2018 seipsum

444 2033 811 2100 sanctiﬁcavit
843 2035 1026 2100 crucis
1096 2035 1396 2101 sacriﬁcio,
1437 2043 1497 2089 ut
1552 2034 1653 2103 ipsi
1723 2033 2047 2090 sanctiﬁcati

403 2115 416 2132 ”
444 2126 624 2182 simus
656 2127 710 2180 in
749 2125 980 2185 veritate
1021 2141 1144 2180 cum
1190 2126 1355 2184 Patre
1395 2125 1665 2196 ingenito,
1721 2136 1778 2180 et
1817 2126 2056 2182 sanctis:

444 2219 588 2273 simo
617 2216 930 2274 etbono-et
964 2218 1275 2275 viviﬁcante
1302 2220 1530 2290 Spiritu,
1564 2234 1710 2275 nunc
1751 2230 1804 2274 et
1827 2234 2046 2289 semper

444 2321 503 2368 et
531 2309 586 2366 in
623 2309 821 2373 secula
856 2310 1212 2368 seculorum.
1245 2313 1441 2370 Amen.

2149 1854 2220 1907 τὰ
2253 1853 2422 1921 ’Ἅγια
2458 1852 2570 1908 τῶν
2601 1854 2778 1921 ἁγίων
2809 1851 3071 1920 εἱσαγὼν,
3103 1851 3200 1905 καὶ
3243 1850 3343 1917 τῆς
3375 1850 3580 1920 ἀμέσου
3623 1866 3738 1902 κοι-

2151 1946 2349 2007 νωνίας
2399 1944 2568 2000 αὑτοῦ
2631 1945 2898 2015 μετόχους
2955 1943 3415 2014 ἀπεργαζόμενος
3477 1942 3734 2005 αἱωνίωςο

2149 2039 2232 2092 ὅτι
2268 2039 2422 2109 αὐτῷ
2457 2040 2660 2109 πρέπει
2686 2040 2838 2094 πᾶσα
2869 2037 3020 2104 δόξα,
3043 2037 3212 2122 σιμὴ,
3253 2035 3617 2106 μεγαλωσύνη
3646 2036 3738 2088 καὶ

2149 2130 2358 2194 αῐνεσις
2387 2129 2566 2200 Ἰησοῦ
2600 2129 2826 2202 Χριστῷ
2854 2129 2934 2198 τῷ
2965 2129 3083 2200 Υἱῷ
3110 2128 3206 2182 τοῦ
3237 2129 3440 2193 ζῶντος
3473 2126 3608 2181 Θεοῦ
3639 2128 3734 2180 καὶ

2154 2222 2274 2292 Θεῷ
2307 2223 2488 2293 ἡμῶν,
2513 2223 2592 2292 τῷ
2619 2223 2810 2278 ἑαυτὸν
2834 2223 2976 2292 ὑπὲρ
3004 2223 3161 2292 ἡμῶν
3197 2222 3491 2290 ἁγιὰσαντι
3517 2220 3604 2274 διὰ
3634 2221 3734 2290 τῆς

2154 2314 2252 2369 τοῦ
2289 2314 2528 2385 σταυροῦ
2558 2315 2774 2381 θυσίας,
2808 2315 2896 2370 ἵνα
2923 2316 3018 2370 καὶ
3043 2315 3204 2385 ἡμεῖς
3224 2308 3375 2384 ὦμεν
3408 2314 3732 2384 ἡγιασμένοι

448 2408 506 2458 ὲν
546 2401 800 2472 ἀληθείᾳ,
834 2399 934 2461 σὺν
971 2401 1051 2470 τῷ
1100 2401 1326 2472 ἁνάρχῳ
1375 2400 1544 2457 αὑτοῦ
1581 2403 1782 2474 Πατρὶ,
1823 2405 1918 2458 καὶ
1967 2404 2045 2476 τῷ
2087 2406 2342 2478 παναγίῳ
2372 2406 2472 2462 καὶ
2503 2406 2693 2479 ἁγαθῷ
2719 2407 2814 2464 καὶ
2839 2408 3092 2480 ζωοποιῷ
3125 2406 3425 2478 Πνεύματι,
3491 2406 3580 2462 νῦν
3641 2400 3734 2458 καὶ

443 2497 534 2554 ἀεὶ
565 2496 662 2556 καὶ
686 2497 768 2562 εἰς
790 2495 921 2562 τοὺς
939 2496 1144 2562 αἰῶνας
1177 2497 1286 2554 τῶν
1312 2495 1551 2556 αἰώνων.
1594 2497 1791 2569 Ἀμὴν.
