1908 3041
173 104 206 138 15

173 163 264 196 batur,
295 162 425 190 similium
454 162 587 189 malorum
617 170 679 190 eum
698 162 858 198 participem
885 162 955 190 lieri.

173 208 234 238 Vita
250 209 382 244 siquidem
405 208 477 236 illius
497 216 550 235 non
579 213 637 236 erat
659 210 721 236 aliis
745 209 854 241 similis,
869 214 896 237 et
913 216 957 236 se-

174 255 247 282 mita:
261 255 384 288 diversar,
402 260 431 282 nt
444 263 505 282 cum
530 255 676 282 Salomone
702 255 809 289 loquar.
825 254 879 282 Nos
893 262 956 282 vero

174 302 348 336 improbitate
364 302 444 336 plane
462 302 566 336 repleti,
587 302 612 328 in
637 301 852 336 cngitationibus
866 301 957 328 cordis

174 347 260 374 nostri
275 346 384 382 pessimi
408 346 592 378 ambulantes,
615 350 643 373 Iit
670 346 802 373 Jeremias
819 346 915 380 inquit,
930 350 957 373 et

174 393 285 427 perinde
308 397 390 427 atque
415 393 543 428 antiquus
569 393 662 426 Israel,
695 397 906 425 murmurantes,
925 400 942 419 ιι

174 437 254 465 nobis
282 437 434 470 allubescit,
466 438 548 466 rebus
575 446 629 465 non
660 437 870 466 succedentibus
896 438 958 473 jure

175 483 274 511 merito
291 483 371 516 mala,
400 488 428 511 et
455 483 541 511 solida
558 483 714 511 calamitate
744 489 908 515 mactamur,
929 488 957 511 et

175 529 222 556 tali
247 529 305 556 viro
331 529 470 563 orbamur,
497 529 543 564 qui
569 529 645 557 solus
671 528 855 556 aﬂlictissimis
881 529 958 556 hisce

176 575 347 610 temporibus
368 579 396 602 et
420 574 448 601 in
475 575 557 602 tantis
576 582 668 601 rerum
693 574 900 602 discriminibus
912 582 953 601 so-

175 621 269 648 latium
285 625 465 648 remanserat.
485 620 585 647 Omnes
606 619 741 654 siquidem
764 627 839 652 eum,
862 619 900 646 uti
915 620 956 646 vi-

175 667 256 694 talem
292 666 320 693 in
346 665 425 693 nobis
458 664 615 692 facultatem
648 665 853 699 reputabamus,
885 665 958 692 illius

175 719 291 741 mortem
318 713 510 741 tantummodo
546 712 713 740 ducebamus
742 712 958 743 adversus_nos

173 759 334 794 justissima:
351 758 479 786 Numinis
495 757 646 793 puuitionis
670 757 823 785 exordium.
841 757 898 785 Hoc
911 765 958 785 eos

176 804 315 839 redarguit
335 804 516 839 apertissime,
551 803 597 839 qui
626 804 737 839 indigna
766 803 838 831 dicta
854 804 881 830 in
896 811 956 831 eum

176 851 305 886 ingerunt
328 854 355 877 et
378 849 492 877 infamia
519 854 644 882 onerant,
679 849 752 884 quod
777 849 958 884 proditionem

176 905 233 925 non
249 896 374 929 suaserit,
391 901 418 923 et
432 894 504 930 quod
527 902 573 922 eos
591 894 711 930 propriis
734 894 856 922 consiliis
878 895 960 922 altius

178 942 317 979 quidpiam
344 941 506 969 meditantes
536 942 563 969 in
593 949 632 973 se,
664 941 834 976 represserit.
858 941 961 976 Opinor

178 989 304 1024 equidem
323 995 384 1023 ego,
400 995 462 1015 cum
479 987 559 1014 vellet
576 986 657 1020 Deus,
683 991 712 1014 ut
734 988 860 1014 onmibus
880 987 959 1014 inno-

179 1040 306 1066 tesceret,
323 1034 385 1069 quis
402 1033 444 1061 vir
465 1033 511 1061 Ille
532 1040 610 1061 sacer
636 1037 708 1061 esset
724 1038 751 1060 et
775 1040 892 1068 quorum
917 1033 961 1060 di-

179 1089 259 1117 guns,
276 1081 322 1116 qui
339 1087 404 1107 vero
426 1086 477 1107 nos
500 1084 526 1107 et
543 1079 641 1114 quibus
661 1078 750 1114 pcenis
765 1079 886 1112 obnoxii,
901 1079 962 1114 qui-

179 1126 232 1153 bus
257 1125 376 1153 miseriis
405 1125 480 1160 juste
514 1124 701 1157 excruciandi,
739 1124 765 1151 id
782 1129 892 1159 propter
917 1131 961 1152 res

179 1172 331 1206 utriusque,
355 1171 379 1198 in
405 1178 462 1198 rem
476 1170 586 1205 utrique
604 1170 782 1205 disposuisse.
799 1170 892 1204 Itaque
907 1174 961 1197 tam

179 1217 239 1244 diro
256 1216 337 1249 malo,
354 1216 428 1243 obitu
443 1223 539 1249 nempe
555 1215 628 1243 illius
648 1215 754 1243 adnexo
781 1220 810 1242 et
832 1215 962 1242 otnnibus

180 1263 207 1289 in
229 1261 339 1288 civitate
369 1260 445 1292 viris,
472 1259 644 1294 mulieribus,
669 1260 773 1294 pueris,
787 1259 962 1292 Latinis,1u-

180 1307 248 1335 dzeis
264 1313 372 1342 quoque
396 1306 463 1341 ipsis
478 1306 663 1334 miserandum
679 1306 707 1333 in
723 1307 833 1333 modum
859 1314 962 1333 sermo-

179 1361 229 1381 nes
248 1353 461 1385 conferentibus,
477 1357 505 1379 et
529 1352 632 1387 reliqua
650 1352 752 1383 omnia,
771 1360 831 1387 quae
842 1360 889 1380 eos
904 1357 960 1380 tum

183 1398 350 1434 afﬂigebat",
367 1406 381 1425 e
395 1398 525 1426 memoria
542 1398 750 1433 deponentibus,
766 1399 885 1434 pastoris
903 1404 963 1426 tan-

180 1451 238 1472 tum
257 1445 435 1480 privationem
454 1444 481 1470 in
499 1449 616 1473 mentem
633 1445 823 1472 revocantibus
843 1449 869 1472 et
891 1452 962 1479 saepe

181 1491 280 1526 saepius
299 1490 510 1526 proferentilius,
534 1490 787 1526 asserentibusque,
802 1495 830 1518 ut
844 1491 900 1525 jatn
922 1494 962 1518 in-

185 1539 246 1570 nui,
267 1542 364 1564 etnon
392 1541 494 1564 temere
517 1536 703 1570 credentibus,
737 1537 867 1564 indicium
895 1537 962 1565 illud

181 1592 241 1612 esse
253 1589 287 1610 et~
296 1582 394 1610 divina:
406 1580 556 1617 punitio’nis
571 1586 597 1610 ct
611 1582 746 1610 subsecuti
761 1582 870 1616 excidii,
885 1588 962 1611 etc...

183 1631 237 1658 Sed
249 1637 312 1657 eum
340 1629 393 1656 huc
421 1628 604 1663 pervenerim,
617 1629 712 1664 paucis
726 1628 893 1663 compellabo
914 1628 963 1656 bu-

172 1676 237 1711 'jus,
258 1675 406 1702 alteriusve
423 1674 640 1702 insimulatores.
662 1674 779 1702 Ubinam
803 1675 888 1702 eratis
904 1683 963 1709 vos,

181 1730 244 1750 cunt
261 1722 319 1749 haec
336 1720 454 1748 Murates
470 1719 600 1748 olferret?
619 1719 715 1747 Nonne
736 1720 764 1747 in
784 1720 862 1753 urbe,
875 1725 903 1748 et
919 1728 964 1748 vc-

183 1768 248 1796 stris
262 1775 293 1795 ea
307 1767 419 1794 auribus
435 1767 606 1801 usurpastis?
621 1766 679 1800 Qua
693 1766 772 1801 igitur
785 1767 892 1794 ratione
916 1774 963 1794 co-

183 1814 274 1850 gitatis
289 1813 331 1841 usi
355 1821 408 1840 u0u
430 1813 515 1840 estis?
530 1813 619 1845 Quare
635 1812 668 1840 de
686 1812 785 1847 quibus
801 1812 870 1839 alios
885 1812 963 1840 incu-

185 1861 263 1893 satis.
287 1859 359 1895 quod
388 1867 442 1887 non
468 1858 591 1891 fecerint,
607 1866 656 1886 vos
674 1859 725 1893 ipsi
739 1859 884 1886 occasione
904 1866 965 1893 pre-

184 1910 275 1933 mente
297 1908 326 1931 ut
345 1904 421 1931 nullo
445 1903 611 1938 impediente
639 1910 692 1930 non
710 1903 881 1937 pet-fecistis?
896 1902 964 1930 Tum

183 1952 256 1978 enim
282 1949 374 1977 nullus
388 1954 481 1984 pastor
495 1954 563 1976 erat.
583 1949 705 1983 Namque
717 1954 780 1976 ante
793 1956 841 1976 sex
857 1956 965 1977 menses

184 1997 255 2024 inter
269 1996 344 2023 vivos
365 2003 426 2023 eSse
451 1995 569 2022 desierat
586 2003 593 2022 :
610 2002 701 2030 neque
723 1995 789 2022 dirae
811 1999 900 2029 erant,
916 2003 965 2023 nec

183 2044 248 2075 alia,
263 2049 324 2077 qua:
337 2049 387 2069 vos
413 2042 562 2069 recensetis
586 2045 612 2069 et
629 2049 676 2076 per
692 2041 790 2077 digitos
806 2047 903 2069 exacte
915 2049 965 2069 nu-

185 2089 307 2116 meratis.
322 2087 392 2120 Quid
409 2088 491 2122 igitur
518 2088 595 2116 vobis
624 2088 816 2123 impedimento
832 2088 903 2116 fuit?
919 2094 966 2116 aut

184 2135 264 2170 cujus
281 2141 352 2168 opus
369 2133 502 2160 eventus?
516 2132 634 2164 Nullius,
647 2133 761 2168 quilibet
775 2135 969 2170 respondebit,

186 2183 229 2215 pie
244 2187 302 2207 rem
331 2183 504 2212 computans,
535 2185 617 2212 quam
650 2183 750 2206 nostra:
771 2179 963 2214 improbitatis,

186 2232 247 2261 quae
267 2225 302 2252 ab
319 2223 459 2251 iracundia
485 2223 599 2250 liberum
627 2224 710 2251 Deum
744 2224 770 2251 in
795 2225 965 2254 iracundiam

187 2272 271 2299 morit
282 2275 308 2298 et
334 2271 366 2297 ad
392 2269 477 2297 nostri
493 2269 671 2304 punitionem,
698 2270 745 2304 qui
763 2270 913 2299 incorrecte
930 2272 967 2298 la-

184 2320 290 2351 bimur,
305 2316 444 2347 excitavit,
471 2319 501 2343 ut
521 2316 554 2344 ad
578 2316 761 2351 nosmetipsos
776 2317 922 2345 redeuntes
939 2319 967 2344 in

187 2369 324 2399 posterum
341 2363 490 2397 sapiamus.
512 2362 591 2395 Quod
609 2362 631 2390 si
655 2362 717 2397 quis
732 2367 795 2390 ante
815 2367 875 2390 aeta
900 2369 967 2390 tetu-

187 2416 253 2445 pora
275 2415 491 2436 commemorans
507 2408 604 2435 iterant
626 2407 705 2435 nobis
724 2412 853 2442 opponat,
873 2412 900 2435 et
917 2407 968 2435 Pa-

188 2456 254 2483 stori
275 2461 384 2481 causam
401 2454 538 2488 appiugat,
560 2454 605 2487 qui
631 2453 731 2481 dedere
753 2461 782 2481 se
800 2454 966 2487 volentibus,

187 2501 269 2529 etiam
290 2500 424 2528 sententia
437 2500 509 2527 dicta
523 2498 700 2530 contradixit.
716 2499 878 2528 insanientis
895 2501 968 2536 cogi-

189 2548 306 2574 taliones
322 2545 447 2579 suscipit.
463 2544 585 2572 Primum
600 2545 675 2573 enim
699 2553 753 2573 non
777 2546 890 2574 addecet
904 2555 970 2582 pon-

188 2593 286 2621 titicem
314 2599 405 2619 rerum
435 2591 593 2618 militarium
621 2591 693 2625 jura,
709 2596 736 2619 et
760 2591 834 2619 hunc
858 2592 969 2627 quidem

189 2645 365 2674 tyrannorum
387 2645 462 2665 more
479 2637 630 2671 principatu
646 2637 756 2671 pellere,
780 2637 855 2664 illum
874 2643 968 2666 contra

189 2686 216 2713 in
236 2685 435 2720 possessionem
449 2684 608 2717 immittere,
623 2687 650 2711 et
664 2685 845 2712 mutationum
871 2690 897 2713 et
914 2693 969 2712 ca:-

187 2732 274 2763 dium.
290 2737 395 2758 necnon
407 2729 580 2762 damnorum,
606 2737 666 2764 qua:
684 2730 748 2757 dum
762 2737 856 2758 rerum
883 2736 970 2759 status

189 2776 358 2807 innnutatnr,
373 2774 511 2807 eveniunt,
527 2778 667 2801 auctorem
695 2782 766 2802 esse.
786 2774 880 2810 Neque
895 2777 967 2803 enim

187 2827 244 2854 ipse
268 2819 294 2846 in
320 2818 503 2854 tyrannicum,
531 2818 576 2847 sed
607 2818 632 2845 in
661 2818 831 2852 sacerdotale
852 2823 878 2846 et
897 2819 970 2846 mitis

597 107 748 139 SYMEON
769 107 1149 139 THESSALONICENSIS
1170 108 1350 138 ARCHIEP.

1791 103 1827 133 16

972 166 995 193 Δ
1009 163 1077 191 ῐτων
1091 165 1158 198 ἡμῖν
1170 172 1177 180 ’
1190 163 1320 197 ἀνόμοιος
1332 163 1386 197 γὰρ
1402 159 1436 197 ἧν
1450 162 1505 192 τοῖς
1518 160 1607 190 ἄλλοις
1621 159 1639 185 ὁ
1657 158 1728 192 βίος
1744 158 1826 184 ἐκεί-

1009 218 1067 241 νου,
1081 209 1129 236 καὶ
1149 207 1348 244 ἐξηλλαγμέναι
1368 208 1395 233 αἱ
1413 207 1510 242 τρίϐοι,
1522 206 1552 231 τὸ
1571 204 1771 238 Σολομῶντος
1784 204 1825 229 εἰ-

1009 257 1069 281 πεῖν
1079 263 1088 270 ·
1104 256 1182 290 ἡμεῖς
1194 255 1224 280 δὲ
1239 254 1338 286 κακίας
1351 254 1482 288 γέμοντες
1498 252 1565 283 ὅλως
1579 251 1625 276 καὶ
1642 251 1752 276 ὀπίσω
1764 249 1825 275 τῶν

1009 300 1209 335 ἐνθυμημάτων
1241 302 1290 335 τῆς
1322 299 1434 333 καρδίας
1462 297 1543 332 ήμῶν
1574 296 1624 330 τῆς
1667 295 1823 329 πονηρᾶς.

1008 346 1095 373 Τοῦτο
1111 347 1143 381 δὴ
1158 347 1188 372 τὸ
1207 346 1255 372 τοῦ
1278 346 1425 380 Ἰερεμίου,
1442 344 1641 379 πορευόμενοι·
1663 342 1721 368 καὶ
1744 341 1826 367 κατὰ

1008 393 1054 425 τὸν
1066 392 1150 419 πάλαι
1162 392 1317 427 γογγυσταὶ
1327 392 1506 426 τυγχάνοντες
1527 388 1652 424 Ἰσραὴλ,
1668 387 1757 414 κατὰ
1769 387 1824 421 τὴν

1008 439 1145 474 ἡμετέραν
1173 438 1323 473 ἐπιθυμίαν
1350 437 1500 464 ἀπολαύειν
1516 437 1592 467 ὅπως
1609 435 1666 462 οὐκ
1711 434 1825 469 ἔχομεν

1007 485 1063 512 τῶν
1080 486 1264 520 πραγμάτων,
1278 484 1390 515 δικαίως
1409 483 1480 510 οὕτω
1498 482 1693 517 πεπράγαμεν
1715 481 1825 507 δυστυ-

1008 532 1136 567 χέστατα,
1151 531 1198 558 καὶ
1215 530 1311 557 τούτου
1327 530 1440 565 τάνδρὸς
1459 527 1642 564 ἐστερήμεθα,
1662 528 1761 560 μένου
1772 535 1826 553 τεε-

1011 576 1195 612 ριλειφθέντος
1207 576 1236 602 ἐν
1248 575 1377 608 τοιούτοις
1389 576 1494 610 καιροῖς
1514 575 1561 601 καὶ
1575 573 1729 605 τοσούτοις
1739 574 1825 599 ἀνια-

1010 623 1065 656 ροῖς
1080 622 1263 657 παραμύθιον.
1281 621 1384 653 Πάντες
1407 621 1462 656 γὰρ
1479 620 1574 654 ὥσπερ
1597 619 1664 646 τινὰ
1692 618 1824 652 δύναμιν

1011 668 1130 703 ζωτικὴν
1145 669 1174 695 ὲν
1186 669 1252 703 ἡμῖν
1270 668 1430 702 ἐνομίζομεν
1454 666 1560 698 τοῦτον,
1576 667 1622 692 καὶ
1636 664 1698 700 τὴν
1715 665 1824 691 τελευ-

1009 713 1059 749 τὴν
1076 714 1181 740 ἐκείνου
1199 713 1284 748 μηδὲν
1299 712 1363 740 ἄλλο
1380 712 1640 747 νομίζειν-εἴχομεν,
1659 711 1679 745 ἦ
1700 712 1757 744 τῆς
1777 709 1822 743 ἐφ’

1009 758 1084 793 ἡμᾶς
1112 758 1158 784 τοῦ
1189 757 1256 784 Θεοῦ
1273 757 1445 792 δικαιοτάτης
1470 756 1593 787 παιδείας
1619 753 1683 782 οἷον
1718 755 1822 790 προοί-

973 828 998 858 B
1013 813 1083 838 μιον.
1099 803 1185 830 Τοῦτο
1209 804 1264 830 τῶν
1290 804 1432 830 κατειπεῖν
1449 803 1596 839 ᾑρημένων
1618 795 1742 829 ἐκείνου
1771 810 1822 828 σα-

1042 849 1078 858 1,,
1107 857 1129 858 γε
1174 849 1213 858 ἠε
1322 857 1325 858 ν
1356 850 1362 858 ο
1425 849 1430 856 ι
1485 849 1511 858 ει-
1546 848 1552 858 1
1574 857 1586 858 η
1612 847 1680 858 ηνκν
1704 847 1776 858 ἰν-ἵν
1792 855 1820 858 μη

1014 849 1147 883 φέστατος
1174 849 1295 883 ἔλεγχος,
1320 850 1366 875 καὶ
1392 849 1455 879 τοὺς
1479 848 1587 875 ἀδικίαν
1612 847 1680 874 κατ’
1702 847 1821 873 ἐκείνου

1011 895 1170 927 λαλοῦντας,
1186 895 1228 921 ὅτι
1248 895 1286 930 μὴ
1310 894 1454 930 προδοσίαν
1478 894 1640 929 ἑσκέψαντο,
1661 893 1742 928 μηδὲ
1761 893 1833 930 τῶν.

1012 941 1089 975 σφισι
1105 940 1255 967 δοκούντων
1280 933 1417 971 συνιέντας
1435 940 1584 975 βαθύτερον
1601 939 1727 970 ἐνδίκως
1753 939 1820 965 ἑπι-

1012 985 1153 1021 στομίζειο
1173 984 1250 1021 οἶμαι
1266 988 1320 1021 γὰρ
1334 986 1399 1020 ἐγὼ,
1425 986 1510 1019 δεῖξαι
1532 985 1678 1020 βουληθεὶς
1696 985 1712 1012 ό
1732 984 1819 1016 Θεὸς,

1010 1029 1066 1064 οἷος
1090 1033 1139 1067 μὲν
1150 1033 1164 1059 ό
1179 1033 1251 1067 ῑερὸς
1268 1033 1370 1064 ἐκεῖνος
1388 1032 1468 1067 ἀνὴρ,
1487 1033 1533 1059 καὶ
1550 1032 1632 1059 τινων
1659 1032 1747 1065 ἄξιος
1770 1029 1820 1067 ἦν,

1011 1076 1063 1105 οἷοι
1077 1079 1099 1106 δ’
1111 1079 1202 1114 ἡμεῖς,
1214 1079 1263 1105 καὶ
1289 1078 1367 1110 τίνας
1383 1078 1586 1114 εἰσπραχθῆναι
1603 1079 1685 1109 δίκας
1704 1079 1819 1104 δίκαιοι

1011 1123 1093 1160 ἦμεν,
1106 1124 1150 1150 διὰ
1166 1124 1244 1150 τοῦτο
1257 1124 1292 1151 τὰ
1305 1124 1368 1151 καθ’
1380 1124 1510 1160 ἑκάτερον
1529 1126 1610 1160 μέρος
1626 1124 1723 1155 οὕτως
1743 1123 1821 1159 ᾠκιν

1012 1169 1114 1204 νόμησε
1127 1170 1331 1205 συμφερόντως.
1341 1170 1442 1197 Τούτου
1457 1168 1504 1197 οὖν
1515 1170 1562 1196 τοῦ
1580 1169 1686 1203 διινοῦ,
1697 1170 1755 1203 τῆς
1770 1178 1819 1196 τε-

1012 1215 1108 1251 λευτῆς
1135 1216 1240 1242 ἐκείνου
1266 1216 1594 1251 φημὶ,προστεοειμένου
1616 1217 1675 1248 τοῖς
1702 1216 1814 1246 ἄλλοις.

1013 1262 1059 1288 καὶ
1070 1261 1179 1288 πάντων
1189 1261 1243 1288 τῶν
1259 1262 1287 1288 ὲν
1301 1263 1334 1297 τῇ
1352 1262 1429 1289 πόλει
1444 1262 1559 1297 ἀνδρῶν,
1572 1262 1729 1296 γυναικῶν,
1748 1262 1817 1289 παιν-

1011 1306 1075 1338 δων,
1089 1307 1212 1334 Λατίνων
1226 1315 1256 1333 τε
1271 1307 1317 1333 καὶ
1332 1307 1422 1333 αὐτῶν
1440 1307 1579 1334 Ὶουδαίων-
1588 1307 1721 1338 ἐλεεινῶς
1741 1307 1816 1342 πρδς

1012 1351 1142 1387 ἀλλήλους
1157 1352 1360 1387 διομιλοὺντων,
1374 1353 1420 1380 καὶ
1439 1353 1472 1380 τὰ
1487 1353 1536 1388 μὲν
1552 1352 1608 1380 ἄλλ’
1619 1353 1672 1379 ὅσα
1691 1354 1813 1386 τούτους

1011 1397 1106 1429 ἐπίεζε
1124 1398 1245 1433 δηλονότι
1268 1400 1301 1433 τῇ
1321 1398 1390 1435 λήθῃ
1414 1399 1674 1434 παραπεμπόντων,
1691 1400 1746 1435 τὴν
1763 1399 1812 1426 τοῦ

1013 1445 1144 1479 ποιμένος
1159 1443 1188 1469 δὲ
1212 1445 1342 1479 στέρησιν
1368 1445 1413 1470 ἐπὶ
1434 1445 1497 1472 νοῦν
1521 1445 1736 1479 λαμϐανόντων,
1763 1446 1814 1472 καὶ

1015 1489 1134 1524 συνεχῶς
1159 1490 1364 1525 προφερόντων,
1377 1491 1426 1525 τῆς
1449 1491 1498 1517 τοῦ
1515 1491 1582 1518 Θεοῦ
1605 1500 1634 1518 τε
1662 1492 1810 1524 παιδείας,

1013 1536 1050 1567 ὡς
1079 1535 1216 1571 προῠφην,
1240 1536 1287 1563 καὶ
1310 1536 1359 1571 τῆς
1381 1537 1570 1572 γεγενημένης
1590 1536 1737 1570 ἁλώσεως,
1762 1538 1812 1564 καὶ

1014 1584 1146 1618 λεγόντων
1160 1583 1272 1617 σημεῖον
1280 1582 1367 1616 τοῦτο,
1381 1583 1427 1609 καὶ
1437 1583 1657 1611 πιστευόντων...
1671 1583 1712 1610 Et
1723 1584 1809 1611 infra:

1020 1629 1091 1657 Ἀλλ’
1104 1629 1227 1668 ἐνταῦθα.
1238 1630 1335 1666 μικρὸν
1350 1631 1485 1666 ἐρήσομαι
1499 1633 1563 1662 τοὺς
1577 1632 1811 1667 κατηγοροῦντας

1015 1677 1061 1704 τοῦ
1077 1677 1172 1710 δεῖνος,
1186 1680 1234 1705 καὶ
1254 1678 1303 1713 τῆς
1325 1679 1422 1710 δεῖνος.
1446 1678 1501 1706 Ποῦ
1517 1678 1577 1706 ποθ’
1591 1680 1672 1715 ὑμεῖς
1690 1679 1754 1716 ἦτε,
1769 1681 1811 1708 ὅθ’

1015 1724 1029 1750 ὁ
1047 1724 1194 1759 Μουράτης
1209 1724 1243 1751 τὰ
1259 1724 1372 1752 τοιαῦτα
1392 1726 1526 1761 ὑπέσχετο
1539 1733 1546 1759 ;
1561 1726 1618 1752 Οὐκ
1632 1727 1660 1752 ὲν
1677 1729 1713 1763 τῇ
1731 1728 1811 1754 πόλει

1015 1770 1063 1797 καὶ.
1079 1770 1209 1805 αὐτήκοοι
1222 1770 1276 1797 τῶν
1288 1772 1519 1806 κηρυττομένων;
1534 1773 1593 1804 Πῶς
1604 1771 1713 1801 οὖνούκ
1725 1774 1811 1808 ἐκρή-

1017 1816 1100 1842 σασθε
1117 1816 1155 1850 τῷ
1169 1816 1292 1852 λογισμῷ
1303 1825 1310 1849 ς
1323 1817 1383 1848 Πῶς
1399 1817 1416 1844 ἃ
1431 1817 1580 1845 διανοεῖσθε
1597 1820 1646 1846 οὐκ
1663 1819 1706 1851 εὶς
1719 1821 1810 1855 πέρας

1015 1862 1150 1897 ἠγάγετες
1165 1863 1227 1894 Πῶς
1239 1862 1257 1890 ἃ
1271 1863 1325 1890 τῶν
1341 1863 1430 1890 ἄλλων
1443 1866 1624 1899 κατηγορεῖτε
1640 1866 1680 1900 μὴ
1695 1874 1809 1901 πεπρα-

1015 1907 1112 1942 χότων,
1125 1908 1203 1942 ὑμεῖς
1218 1909 1269 1935 οὐκ
1294 1909 1444 1943 ἐπράξατε,
1463 1910 1560 1946 καιροῦ
1581 1911 1740 1944 καλοῦντος,
1761 1912 1807 1938 καὶ

1015 1953 1070 1980 τῶν
1082 1954 1272 1988 ἁπειργόντων
1295 1955 1345 1981 οὐκ
1361 1955 1447 1982 ὄντων
1460 1964 1468 1989 ;
1484 1955 1546 1982 τότε
1561 1957 1613 1990 γὰρ
1630 1958 1737 1993 ποιμὴν
1757 1959 1807 1985 οὐκ

1015 1997 1049 2034 ἦν
1060 2007 1066 2014 ·
1087 1999 1177 2034 μῆνας
1192 1999 1247 2035 γὰρ
1273 1998 1347 2035 εἶχεν
1371 2000 1400 2033 ἓξ
1419 2002 1567 2036 γενόμενος
1582 2002 1611 2034 ἐξ
1628 2002 1787 2038 ἀνθρώπων
1798 2012 1806 2019 ⁸

1016 2045 1078 2072 οὐδὲ
1109 2045 1186 2081 ἀραὶ,
1199 2045 1253 2071 οὐδ’
1269 2045 1309 2072 ὕει’
1321 2045 1392 2079 ἕτερ’
1408 2046 1604 2082 ἀπαριθμείτε.
1616 2048 1638 2073 Τ
1640 2049 1649 2073 t
1665 2049 1763 2076 λοιπὸν
1776 2050 1808 2075 τὺ

1017 2091 1143 2119 κωλῦσαν
1163 2092 1236 2127 ἡμᾶς
1249 2090 1319 2127 ﬁmi}
1335 2091 1409 2124 τινος
1427 2093 1517 2128 ἔργον,
1531 2093 1582 2120 ὅσα
1604 2094 1804 2130 συμϐέϐηκενς

1018 2138 1130 2169 Οὐδενὸς
1152 2139 1206 2169 πᾶς
1228 2146 1270 2169 τις
1293 2139 1326 2164 ἂν
1346 2137 1418 2165 εἴποι
1440 2138 1618 2174 λογιζόμενος
1635 2141 1771 2173 εὐσεϐῶς,
1790 2141 1805 2174 ἢ

980 2184 1005 2213 D
1018 2184 1069 2218 τῆς
1083 2184 1161 2219 ἡμῶν
1179 2184 1317 2218 ἁμαρτίας
1330 2184 1445 2212 ἑκάστου
1457 2184 1504 2211 τὸν
1517 2185 1651 2221 ἀόργητον
1659 2176 1707 2218 ἐἰς
1719 2187 1805 2222 ὀργὴν

1019 2230 1080 2257 καθ’
1101 2231 1180 2265 ἡμῶν
1203 2231 1364 2265 κινησάσης.
1386 2222 1511 2258 παιδείαν
1536 2232 1603 2267 ἡμῖν
1630 2233 1805 2267 ἐπενεγκεῖν,

1019 2276 1160 2303 πταίουσιν
1185 2276 1347 2311 ἀδιόρθωτα,
1372 2277 1419 2304 ινα
1445 2277 1511 2311 γοῦν
1531 2279 1636 2306 ἑαυτῶν
1660 2280 1805 2314 γενόμενοι

1021 2322 1066 2348 καὶ
1087 2321 1134 2348 τοῦ
1154 2321 1249 2349 λοιποῦ
1275 2323 1498 2359 σωφρονίσωμεν.
1525 2324 1556 2350 Εἰ
1570 2325 1598 2351 δέ
1612 2334 1654 2356 τις
1667 2325 1723 2352 τῶν
1739 2326 1805 2359 πρὶν

1019 2367 1254 2402 ἀπομνημονεύων
1270 2368 1385 2403 χρόνων,
1401 2370 1448 2396 καὶ
1473 2370 1555 2397 πάλιν
1581 2371 1647 2405 ἡμῖν
1663 2371 1803 2407 ἀντιλέγῃ.

1021 2412 1067 2438 καὶ
1081 2411 1119 2446 τῷ
1135 2413 1246 2446 ποιμένι
1258 2413 1307 2447 τὴν
1323 2414 1413 2440 αἰτίαν
1429 2415 1530 2450 ἐπάγῃ,
1547 2417 1605 2446 τοῖς
1623 2416 1802 2450 προδεδόσθαι

1021 2456 1143 2483 ἐθέλουσι
1161 2457 1198 2491 μὴ
1215 2458 1252 2483 τὰ-
1266 2457 1503 2494 ῖσανφρονήσαντι,
1520 2461 1566 2486 καὶ
1581 2460 1802 2495 βουλευσαμένῳ,

1022 2503 1174 2538 μεμηνότος
1186 2502 1273 2538 οἶμαι,
1296 2505 1427 2539 κέκτηται
1450 2505 1609 2541 λογισμούς.
1623 2507 1736 2539 Πρῶτον
1756 2507 1805 2542 μὲν

1021 2549 1076 2584 γὰρ
1091 2550 1121 2575 ού
1137 2549 1186 2575 τοῦ
1211 2550 1352 2584 σχήματος
1368 2551 1416 2578 τοῦ
1441 2552 1593 2587 ἀρχιερέως
1613 2552 1804 2588 στρατηγικῶν

1021 2596 1193 2630 πραγμάτων
1212 2597 1473 2632 ἀντιλαμϐάνεσθαι,
1487 2599 1536 2624 καὶ
1552 2601 1597 2625 τὸν
1619 2600 1667 2634 μὲν
1680 2607 1802 2634 τυραννι-

1021 2642 1076 2672 κῶς
1106 2641 1218 2673 ἐξωθεῖν
1247 2642 1296 2677 τῆς
1322 2643 1421 2679 ἀρχῆς,
1445 2645 1492 2670 τδν
1507 2644 1535 2671 δὲ
1551 2645 1733 2680 ἀντεισάγειν,
1758 2644 1803 2671 καὶ

1022 2686 1205 2720 πραγμάτων,
1223 2687 1270 2713 καὶ
1286 2688 1377 2721 φόνου,
1389 2696 1435 2715 και
1457 2689 1575 2724 ζημιῶν,
1588 2690 1691 2724 τούτων
1704 2690 1736 2724 δή
1749 2689 1802 2715 τῶν

1021 2732 1051 2758 ἐν
1066 2733 1125 2761 ’ταῖς
1139 2731 1298 2766 ἐναλλαγαῖς
1316 2734 1370 2759 τῶν
1383 2734 1475 2769 ἀρχῶν
1490 2736 1706 2770 συμϐαινόντων,
1721 2736 1803 2762 αἴτιον

1021 2776 1190 2804 δείκνυσθαι.
1204 2778 1241 2804 οὐ
1259 2779 1313 2813 γὰρ
1330 2780 1376 2805 ὲπὶ
1395 2780 1490 2815 θρόνον
1502 2782 1584 2808 αὐτὸν
1596 2775 1744 2814 καθίξουὶτι
1760 2788 1800 2807 τυ-

1012 2821 1161 2857 ραννικὸν,
1174 2822 1230 2848 ἀλλ’
1247 2824 1292 2850 ἐπὶ
1316 2824 1410 2859 θρόνον
1435 2827 1582 2861 ἱερατικὸν,
1607 2830 1653 2855 καὶ
1670 2826 1801 2855 Δεσπότου
