1908 3041
123 124 158 155 17

119 229 224 259 erant:
251 229 353 263 τρόπου
379 230 530 264 μιμεῖσθαι,
555 232 602 257 καὶ
626 231 716 265 λόγοις
745 231 792 258 καὶ
815 232 907 266 πράγ-

121 281 216 307 μασιν.
248 274 364 301 Ἔπειτα
384 274 416 301 ⁷τι
439 275 514 302 ἐστιν
531 275 600 311 ὅπερ
619 276 765 310 εἰργαστος
787 276 827 302 ὅτι
853 277 908 307 τοῖς

121 317 171 344 τοῦ
194 317 265 344 Θεοῦ
284 318 378 354 νόμοις
395 319 525 354 ἐμμένειν
548 320 676 356 παρῄνει,
690 320 737 347 καὶ
759 321 808 356 τὴν
832 321 908 347 εὐσέ-

119 363 197 390 ϐειαν
215 363 392 391 συνεϐούλευε
416 365 454 400 μὴ
476 365 609 400 προέσθαι
622 374 628 399 ;
643 366 684 393 ὃτι
703 366 741 402 μὴ
765 366 909 399 κατεξανι-

120 409 240 437 ornabat
255 411 311 436 τῶν
330 411 481 445 ἀρχόντων,
504 412 572 439 ἀλλὰ
599 411 722 444 τούτους,
741 413 778 444 ὡς
793 413 824 439 ἐκ
838 412 907 439 θεοῦ

120 456 342 491 προῦληθέντας,
357 456 483 483 ἐδίδασκε
503 457 648 493 στέργειν;
665 458 722 485 Καὶ
736 459 762 485 τι
789 466 820 492 γε
845 458 910 485 ἄλλο

120 501 267 535 προσῆκεν
282 501 382 536 ἐκείνῳ
405 502 495 536 ψυχὰς
523 503 675 537 ἀνθρώπων
697 503 765 538 πρὸς
778 503 847 530 Θεοῦ
865 512 910 531 πι-

119 545 282 578 στευθέντις
299 546 396 581 Ὅμως
411 547 514 578 ἐκεῖνος
539 547 587 574 καὶ
602 547 688 579 οὕτως
702 548 772 583 ἔχων
788 548 830 582 ἐφ’
844 549 909 576 ἑκά-

121 600 187 617 στου
214 592 313 628 σχεδὺν
335 593 412 625 ἔτους
429 593 508 627 ἠξίου
525 593 574 630 τὴν
600 594 679 621 πόλιν
697 595 842 621 ἀπολιπεῖν
860 596 909 622 καὶ

119 639 191 673 πρὸς
215 639 267 673 τὴν
293 639 482 674 ὲνεγκαμένην
506 639 653 674 γενέσθαιο
680 640 747 672 ἴσως
771 641 804 668 ῐν¹
828 641 910 676 ἡμεῖς

120 683 193 719 ὑπὲρ
205 684 313 710 ἑαυτῶν
324 685 505 719 φρονήσωμεν
514 692 522 699 ο
535 683 593 710 ἀλλ’
606 683 661 710 οὐδ’
671 684 758 716 οὕτως
770 685 908 720 ἡνέχεσθε.

120 729 201 757 οὓτω
215 729 332 764 γνώμης
355 729 429 760 τινὲς
454 729 642 764 τετυχήκισαν
665 729 735 764 πρὸς
751 730 806 756 πᾶν
819 729 910 756 ὁτιοῦν

120 776 151 802 τδ
180 775 299 810 πρεπτὸν
323 775 505 810 κεκτημένης,
532 775 580 802 καὶ
609 775 910 811 συμμεταϐαλλομένης

772 127 928 158 ΝΟἸῚΤΙΑ
946 127 1103 158 ALTERA.

119 182 236 226 πραέος,
259 182 305 209 καὶ
320 182 432 218 εἰρήνην
449 183 615 216 διδάξαντός,
634 185 681 211 καὶ
702 185 743 211 δεῖ
761 185 856 212 τοῦτον
873 186 905 212 ἐκ
919 190 929 217 Α

964 186 1077 219 Domini,
1107 189 1135 213 et
1162 186 1209 221 qui
1237 193 1330 221 pacem
1348 185 1552 220 deprtetlicavit,
1570 184 1649 220 cujus
1662 185 1744 212 vesti-
1765 216 1767 219 π

1712 124 1747 155 i8

961 232 1012 266 giis
1032 232 1159 259 insistere
1189 231 1277 259 modis
1305 231 1434 259 omnibus
1461 235 1489 259 et
1514 231 1585 259 dicta
1617 231 1743 265 factaque

960 278 1039 311 sequi
1068 277 1165 310 debet,
1193 278 1292 304 solium
1318 273 1505 312 promovetur.
1535 276 1665 309 Deinceps
1679 276 1744 310 quid

960 322 1005 350 ille
1015 323 1127 350 molitus
1140 322 1204 350 est?
1225 323 1265 349 An
1286 323 1359 357 quod
1376 322 1416 355 lin
1441 322 1545 357 legibus
1570 321 1669 348 divinis
1684 329 1745 355 per-

959 369 1060 396 durare
1090 368 1304 396 adhortabatur?
1321 369 1380 396 Non
1408 376 1422 396 a
1452 368 1619 402 principibus
1644 367 1745 394 descis-

960 414 1090 448 cendum,
1108 421 1176 448 quos
1201 414 1281 441 veluti
1298 421 1312 440 a
1335 414 1390 441 Deo
1420 418 1559 448 promotos
1581 413 1745 439 exosculan—

960 459 1024 486 dum
1041 467 1101 487 esse
1116 460 1296 488 docebat?Et
1321 463 1411 487 tamen
1439 460 1465 486 in
1491 459 1564 486 aliud
1585 459 1746 486 incumben-

960 506 1024 533 dum
1040 510 1110 538 erat,
1126 505 1169 532 cui
1194 505 1348 532 mortalium
1378 505 1477 532 animae
1500 513 1546 539 per
1563 505 1645 532 Deum
1666 507 1746 530 erant

960 549 1134 577 concreditae.
1150 549 1337 576 Nihilominus
1355 549 1400 576 ille
1425 549 1479 577 hoc
1501 549 1582 576 modo
1596 549 1746 582 dispositus

961 594 1016 622 fore
1031 595 1148 629 singulis
1162 596 1241 622 annis
1261 595 1296 622 ab
1318 595 1385 622 urbe
1407 595 1534 623 recedere
1554 595 1660 622 volebat
1672 598 1698 621 et
1717 593 1744 620 in

959 642 1073 676 patriam
1088 642 1199 674 reverti,
1229 641 1299 669 forte
1321 647 1349 669 ut
1365 649 1415 670 nos
1434 647 1526 670 nostra
1540 649 1743 669 accurarcmus.

960 686 1014 714 Sed
1030 694 1118 721 neque
1134 687 1184 714 hac
1201 687 1305 715 ratione
1328 687 1403 722 passi
1421 688 1497 714 estis.
1515 686 1554 715 lta
1572 690 1662 714 mente
1676 693 1745 713 non-

961 732 1027 759 nulli
1042 733 1148 767 praediti
1167 737 1240 764 sunt,
1261 741 1323 768 qua:
1336 740 1398 766 cum
1415 733 1537 768 quolibet
1565 732 1745 760 mulationem

961 779 1088 807 subiente
1098 787 1159 807 sese
1174 779 1300 807 immutat
1315 783 1342 806 et
1360 779 1459 806 variat.

120 822 178 852 τοῖς
193 822 305 856 καιροῖς
319 821 368 847 καὶ
383 821 439 852 τοῖς
455 821 627 856 πράγμασιν.

157 887 205 916 llis
221 889 367 924 Symeonis
379 890 532 919 certissima
549 878 672 925 tempora
687 895 774 918 teneo.
788 890 873 926 Capta
887 895 929 918 est
946 890 1139 918 Thessalonica
1156 898 1228 918 anno
1245 889 1351 918 Domini
1370 889 1449 921 H30,
1465 888 1553 916 Martii
1570 889 1613 916 die
1629 895 1699 915 nona
1719 891 1747 915 et

124 931 264 964 vicesima,
277 932 397 968 Symeon
416 940 431 961 e
446 934 516 961 vivis
533 939 692 961 excesserat
704 939 768 962 ante
781 942 829 962 sex
844 939 966 967 menses.
984 941 1049 969 ergo
1073 935 1210 969 prasterito
1226 933 1391 968 Septembri,
1408 933 1454 968 qui
1471 933 1576 967 primus
1589 933 1651 959 anni
1667 931 1743 958 Grae-

124 983 218 1002 corum
231 977 429 1010 supputatione
446 981 615 1005 numeratur.
629 977 699 1012 Ergo
727 978 780 1005 sub
794 977 900 1006 Joanne
911 977 1041 1007 Manuelis
1053 978 1110 1006 hlio
1129 977 1255 1006 Manuale
1281 978 1351 1013 ipso,
1366 985 1470 1005 necnon
1489 977 1592 1004 Joanne
1607 976 1745 1004 Cantacu—

128 1026 193 1047 1--no
207 1019 294 1047 vitam
308 1019 374 1055 egit.

411 1162 778 1177 θιὼ-...-

657 1282 910 1330 NOTITIA
973 1281 1002 1325 A
1014 1281 1225 1326 LTEBA.

571 1405 678 1438 (Fabric.
700 1404 815 1432 Biblioth.
834 1405 877 1432 Gr.
890 1406 930 1432 ed.
943 1406 1051 1438 Harles.,
1070 1408 1129 1431 tom.
1142 1404 1182 1436 XI,
1195 1412 1219 1437 p.
1231 1405 1298 1431 528.)

162 1618 286 1651 Simeon,
302 1614 556 1644 Thessalonicensis
570 1614 794 1650 archiepiscopus
808 1614 859 1650 (α),
875 1619 953 1643 sexto
965 1621 1060 1642 mense
1069 1618 1134 1642 ante
1144 1618 1253 1649 captam
1270 1621 1285 1640 a
1301 1612 1405 1640 Murate
1419 1620 1445 1641 a.
1457 1613 1490 1641 C.
1506 1613 1584 1648 1450,
1594 1612 1630 1641 29
1643 1612 1746 1648 Martii,

128 1662 353 1691 Thessalonicam
371 1659 408 1696 (ιν)
428 1658 584 1690 defunctus,
600 1659 677 1686 varia
703 1659 825 1694 scripsit,
851 1658 952 1694 quibus
975 1663 1004 1685 et
1029 1658 1100 1687 ritus
1124 1661 1152 1686 et
1168 1658 1295 1693 degmata
1318 1656 1448 1685 Ecclesiae
1477 1657 1579 1686 Grzecte
1601 1658 1748 1686 illustravit

132 1706 289 1741 insigniter.
306 1708 334 1732 et
344 1703 510 1739 oppugnavit
523 1702 649 1730 Latinos.
660 1702 756 1738 itaque
770 1702 831 1730 Nic.
849 1701 1019 1734 Comnenus,
1036 1701 1148 1729 Graecus
1162 1701 1235 1733 licet,
1259 1700 1419 1728 Latinorum
1441 1707 1625 1737 propugnator
1644 1704 1748 1730 acerri-

129 1757 201 1782 mus,
219 1757 248 1783 p.
258 1748 312 1776 215
329 1747 448 1775 Praenot.
463 1750 592 1781 mystag.,
607 1745 762 1773 Simeonem
774 1745 844 1773 inter
856 1745 1002 1773 Photiunos
1015 1754 1068 1773 non
1082 1746 1221 1773 Photiamr
1230 1745 1311 1780 plane
1322 1745 1482 1780 ignorantiw
1496 1747 1651 1781 participem
1662 1747 1749 1774 virum

129 1793 258 1827 appellat,
275 1796 300 1819 et
316 1792 342 1818 ni
357 1790 512 1823 desipuieset
525 1790 553 1817 in
565 1789 745 1825 dogmatibus,
762 1790 861 1817 nemini
878 1790 1052 1817 recentiorum
1068 1789 1247 1824 theologorum
1263 1790 1403 1824 imparem.
1420 1788 1530 1825 (Fabr.)
1556 1790 1637 1817 Conl.
1660 1789 1746 1817 llcnr.

129 1836 265 1864 Wharton
282 1839 310 1862 et
325 1834 396 1862 Rob.
410 1833 510 1862 Gerius
521 1833 554 1860 ad
572 1832 653 1860 Cavei
671 1832 743 1860 Hist.
758 1831 842 1862 litter.
859 1833 890 1861 S.
908 1833 939 1861 S.
957 1833 1031 1861 Eccl.
1054 1838 1122 1861 tom.
1143 1833 1177 1866 ll,
1194 1841 1221 1868 p.
1238 1833 1288 1861 115
1302 1841 1374 1867 seq.;
1390 1839 1508 1868 uterque
1532 1834 1598 1862 citat
1615 1835 1746 1868 quosdam

129 1880 222 1912 eodd.;
253 1880 330 1915 prior
346 1882 437 1906 autem
460 1876 580 1912 scripsit,
595 1876 665 1913 Sim.
681 1875 804 1903 Thessal.
819 1875 950 1904 claruisse
963 1884 989 1904 a.
1006 1876 1076 1904 1410
1090 1881 1118 1905 et
1133 1876 1234 1904 obiisse
1250 1884 1278 1904 ε.
1293 1876 1375 1911 1429,
1396 1885 1491 1905 mense
1507 1878 1594 1912 Sept.,
1608 1885 1655 1905 sex
1670 1885 1748 1905 men-

130 1925 206 1952 sibus
231 1928 295 1950 ante
315 1920 537 1949 Thessalonicam
560 1919 595 1946 ab
615 1919 745 1946 Amurate
773 1919 871 1946 iterum
902 1924 1107 1955 expugnatam:
1131 1920 1269 1955 posterior
1292 1926 1384 1948 autem
1402 1921 1505 1956 prodit,
1532 1929 1594 1949 eum
1615 1922 1748 1950 claruisse

131 1976 158 1995 a.
174 1967 256 1999 ms,
269 1966 365 1994 etvita
376 1964 530 1992 decessisse
542 1963 625 1998 paulo
636 1967 701 1990 ante
710 1967 816 2001 captam
828 1971 908 1991 suam
922 1964 1098 1999 metropolin,
1110 1972 1136 1991 a.
1151 1964 1232 1992 H50.
1244 1978 1277 1985 -
1288 1963 1390 1991 Oudin.
1403 1963 1551 1992 Comment.
1564 1964 1596 1992 de
1607 1963 1658 1992 SS.
1672 1965 1747 1993 Eccl.

134 2011 256 2043 tom.lll,
267 2018 295 2045 p.
307 2008 380 2036 2242
395 2015 456 2043 seq.
466 2007 500 2034 ad
519 2013 546 2034 a.
565 2005 647 2038 mo,
662 2006 708 2040 qui
726 2005 830 2034 multus
845 2011 886 2034 est
901 2006 935 2035 de
949 2011 1038 2040 atate,
1058 2007 1233 2042 potissimum
1253 2007 1287 2034 de
1319 2007 1432 2042 scriptis
1453 2008 1606 2043 horumque
1621 2008 1702 2035 codd.
1722 2013 1749 2035 ct

131 2063 165 2083 ex
181 2055 245 2082 aliis
260 2053 395 2089 praecipue
410 2050 556 2079 Lambecio
570 2053 597 2077 et
609 2048 700 2078 Goaro
710 2049 794 2077 multa
811 2050 965 2085 exscripsit.
976 2065 1013 2071 -
1027 2051 1192 2086 Hamberger
1202 2051 1361 2079 Zuverlms.
1380 2051 1482 2080 Nachr.
1510 2057 1577 2081 tom.
1592 2052 1637 2085 IV,
1649 2060 1676 2088 p.
1694 2052 1749 2080 682

133 2106 206 2134 seq.,
222 2097 256 2126 ad
270 2105 295 2124 a.
312 2095 411 2124 mortis
426 2093 506 2127 “29,
520 2098 547 2122 et
562 2093 662 2121 Salius
676 2092 704 2120 in
724 2092 819 2121 Onam.
834 2093 887 2121 litt.
903 2097 973 2129 part.
989 2102 1021 2128 tt,
1039 2102 1066 2130 p.
1082 2094 1135 2123 590
1152 2102 1211 2129 seq.
1223 2095 1283 2129 qui,
1300 2102 1363 2123 eum
1384 2101 1523 2124 mortuum
1538 2104 1600 2125 esse
1619 2105 1645 2124 a.
1665 2097 1748 2128 1150,

133 2142 243 2178 adjecit.
256 2140 360 2177 (ιιατι.)

168 2199 196 2225 1.
217 2197 388 2232 Praecipuum
402 2196 462 2231 ejus
481 2202 552 2231 opus
565 2197 609 2223 est
630 2193 670 2222 De
681 2194 744 2229 ﬁde,
762 2194 858 2221 ritibus
879 2197 909 2221 ιι
931 2194 1066 2229 mysteriis
1081 2194 1279 2228 ecclesiasticis,
1296 2195 1368 2230 quod
1391 2199 1528 2231 integrum
1548 2195 1642 2224 (ιι-που
1660 2196 1749 2224 lucem

133 2242 200 2270 vidit
210 2240 293 2269 Jassii
309 2240 337 2268 in
354 2239 486 2267 Moldavia
496 2246 523 2266 a.
543 2237 612 2265 1685
632 2237 693 2271 [οι.,
707 2243 819 2265 curante
831 2237 974 2268 Dositheo,
992 2235 1148 2270 patriarcha
1168 2236 1428 2272 Hierosolymitano,
1450 2241 1477 2264 et
1493 2237 1592 2264 merito
1622 2237 1751 2265 laudatur

134 2286 168 2314 ab
182 2284 217 2312 ll.
236 2284 390 2312 Whartono
405 2283 432 2311 in
453 2281 583 2310 Auctario
603 2281 726 2321 historiae
743 2281 902 2316 dogmaticte
921 2279 1027 2309 Usserii
1044 2281 1077 2307 de
1093 2279 1245 2314 Scripturis
1268 2285 1296 2307 et
1320 2281 1408 2308 sacris
1424 2280 1579 2307 vernaculis
1595 2288 1622 2315 p.
1640 2281 1710 2312 440;
1725 2286 1752 2308 ct

136 2329 217 2357 Rich.
233 2328 346 2356 Simone
357 2328 385 2355 in
397 2326 472 2355 Bibl.
483 2326 598 2359 Selecta,
614 2330 679 2353 tom.
691 2325 712 2357 1.
726 2333 785 2360 cap.
802 2325 849 2358 29,
863 2333 924 2361 pag.
937 2324 988 2352 257
1018 2331 1078 2358 seq.
1095 2323 1204 2358 (Fabr.)
1222 2323 1363 2352 Fabricius
1373 2328 1465 2352 noster
1480 2323 1551 2350 infra
1568 2324 1595 2351 in
1611 2324 1664 2351 vol.
1679 2324 1750 2357 XIV,

137 2381 163 2407 ρ.
177 2373 212 2400 49
228 2379 287 2407 seq.
304 2375 359 2398 vet.
375 2371 420 2398 ed.
436 2369 576 2397 Simeonis
595 2368 785 2396 Thessalonic.
801 2367 876 2404 Opus
891 2369 1119 2402 ecclesiasticum,
1137 2369 1209 2403 quod
1226 2368 1359 2395 beneﬁcio
1384 2367 1598 2399 Maurocordati,
1623 2367 1752 2404 ﬂungaro

135 2415 288 2443 Walachiae
301 2413 443 2449 principis,
461 2416 616 2447 acceperat,
641 2412 762 2440 curatius
778 2416 805 2440 et
829 2413 941 2440 uberius
964 2412 1120 2447 descripsit,
1143 2417 1171 2438 et
1192 2412 1310 2447 capitum
1328 2411 1387 2446 ejus
1411 2411 1557 2438 elenchum
1583 2416 1610 2440 et
1626 2413 1749 2447 qnazdam

136 2460 288 2494 specimina
304 2457 390 2485 dedit.
409 2456 558 2492 Auspiciis,
569 2456 647 2488 ait,et
661 2461 770 2491 sumptu
784 2456 897 2484 Joannis
911 2457 1000 2490 ducis,
1015 2456 1109 2484 labore
1120 2455 1233 2483 Joannis
1249 2455 1369 2487 Molihdi,
1388 2455 1589 2489 Heracleensis,
1602 2463 1747 2487 excusum.

136 2505 228 2532 Grece
241 2503 331 2531 lucem
347 2502 416 2529 vidit
431 2500 513 2529 Jassii
524 2499 553 2528 in
565 2499 698 2528 Moldavia
715 2508 741 2528 a.
754 2500 822 2528 l683
835 2500 883 2528 fol.
900 2508 929 2531 ot

964 2509 969 2527 l
982 2500 1118 2529 Simeonis
1129 2501 1182 2529 hoc
1192 2500 1291 2528 titulo:
1310 2499 1424 2534 Συμεὼν
1437 2500 1484 2527 τοῦ
1499 2500 1638 2535 μακαρίου
1654 2503 1749 2536 ἀρχιε-

138 2549 271 2576 πισκόπου
284 2546 486 2580 Θεσσαλονίκης
495 2545 567 2573 κατὰ
581 2545 723 2579 αἱρέσεων,
741 2550 765 2572 et
780 2550 875 2572 cetera
890 2553 929 2579 (μμ

966 2545 995 2572 in
1014 2546 1100 2579 fronte
1118 2544 1203 2577 operis
1217 2543 1290 2576 infra
1308 2543 1440 2579 leguntur.

172 2662 209 2697 (α)
218 2662 358 2695 Eugenius
369 2661 557 2697 Nomophylalt
569 2661 599 2688 in
612 2660 913 2696 Synodico,‘Dominica

139 2695 305 2725 orthodoviae
332 2697 359 2724 in
386 2695 504 2725 ecclesia
531 2695 771 2724 Thessalonicensi
803 2696 913 2723 recitari

140 2732 230 2766 solito,
258 2732 330 2767 apud
360 2732 508 2763 Allatinm,
538 2731 576 2757 De
603 2730 770 2758 Simeonibus
797 2731 912 2767 (supra),

141 2767 185 2794 ubi
211 2767 384 2794 celebrantur
410 2767 610 2794 Thessalonicae
638 2767 832 2800 archiepiscopi
862 2766 913 2793 lsi-

141 2774 185 2794 unt
211 2774 384 2794 celebrantur
410 2774 610 2794 'Inessatomcze
638 2774 805 2800 arctneptsco
827 2775 832 2791 ι
862 2774 911 2793 tst-

141 2803 231 2836 ilorus.
259 2802 380 2833 Gabriel.
412 2801 541 2831 Simeon.
568 2800 715 2836 Gregorius
741 2805 769 2829 et
793 2774 911 2835 liiphon.

143 2835 226 2864 Etiam
238 2837 357 2865 senioris
372 2837 506 2864 Simeonis
521 2835 774 2864 Thcssaloniccnsis
787 2836 912 2863 meminit

968 2661 1093 2693 Allatius,
1121 2662 1156 2688 De
1180 2670 1307 2689 consensit
1332 2661 1468 2695 utriusque
1488 2661 1623 2696 Επιεεὶίῦ
1639 2669 1666 2696 p.
1684 2661 1749 2689 863.

967 2696 995 2737 lsi
1009 2697 1273 2738 est,'quirlsidorum
1291 2697 1317 2723 in
1338 2697 1574 2731 archiepiscopatu
1602 2695 1749 2724 Thessalo-

969 2733 1074 2758 nicensi
1091 2733 1248 2760 antecessit.

1002 2765 1039 2801 (ὁ)
1055 2765 1174 2793 Joannes
1190 2767 1357 2801 Anagnosta.
1383 2767 1410 2793 in
1431 2765 1594 2793 Narratione
1611 2766 1644 2793 de
1667 2769 1747 2798 capta

967 2799 1172 2834 Tthsalonica,
1189 2802 1215 2829 in
1233 2799 1323 2829 Ailatii
1341 2801 1504 2836 Symmictis,
1521 2807 1547 2835 p.
1577 2801 1629 2828 546
1641 2805 1666 2827 ct
1683 2801 1748 2827 554.

1787 2565 1803 2573 ι
