1908 3041
134 120 171 154 98
450 126 602 158 SYMEON
621 121 887 158 ITHESSALONIC

1066 116 1210 155 tCHIEP.
1226 136 1261 142 —
1276 119 1451 155 NOTITIA.
1772 118 1819 150 24

172 183 198 209 7.
215 182 271 210 Τοῦ
284 183 369 211 αὐτοῦ
381 185 447 219 περὶ
467 183 505 213 ὧν
523 184 715 220 καινοτομοῦσι
741 185 853 211 Λατῖνοι
871 185 922 219 (1).

1069 184 1142 211 circa
1158 191 1217 218 qua:
1234 181 1325 210 Latini
1340 183 1478 209 innovant.
1495 173 1526 207 Ρ.
1540 175 1653 215 Πρῶτον
1677 178 1752 214 phil
1772 179 1811 205 τὸ

136 225 202 261 περὶ
216 226 266 262 τὴν
281 227 373 254 πίστιν
385 229 589 264 ἀποσφαλῆναι,
605 229 657 256 καὶ
669 228 832 264 προσθήκην
848 228 935 254 θεῖναι
950 227 990 263 τῷ
1007 228 1147 262 ιερωτάτῳ
1163 227 1305 263 Συμϐόλῳ.
1514 224 1517 227 λ

169 280 197 307 8.
213 277 341 316 Ejusdem
353 283 431 317 plura
448 283 607 311 referuntur
619 283 654 311 ad
668 283 742 318 leges
754 287 782 311 et
793 289 911 310 canones
926 282 1092 317 pertinentia
1103 288 1119 308 a
1134 280 1259 309 Manuele
1273 281 1377 308 Maiaxa
1394 280 1422 307 in
1436 278 1643 308 Nomocanone.

173 337 200 364 9.
217 337 343 371 Capones
362 340 444 368 etiam
455 345 483 368 et
499 341 615 376 hymnos
627 340 654 367 in
667 339 778 368 sanctos
792 341 924 374 composu

1069 338 1191 373 Eugenio
1211 338 1310 374 colligo
1329 346 1336 365 :
1354 338 1411 365 Καὶ
1426 338 1508 376 ᾠδαῖς
1533 338 1619 372 ἱεραῖς
1632 336 1716 368 τοὺς
1737 335 1809 362 τῶν

138 381 230 414 ἁγίων*
242 384 352 416 χοροὺς,
368 383 417 410 καὶ
429 384 536 410 οἴκοθεν
548 383 781 418 καταστέψαντος,
794 379 832 410 ὧν
845 384 889 410 τὸν

1056 391 1112 415 nee,
1128 383 1177 409 καὶ
1190 382 1311 417 διήνυσε.
1328 381 1456 408 Ειιαενὶι
1472 381 1595 408 cantibus
1611 384 1809 408 sanctorum

138 425 240 458 choros,
256 431 279 452 et
293 433 326 452 cz
340 427 454 462 propriis
467 428 615 460 exornavit,
627 429 740 462 quorum
757 428 838 454 vitam
850 426 992 453 ωηιιιιαιυε
1007 426 1130 460 confecit.
1147 423 1249 453 Horum
1274 428 1364 452 tamen
1383 425 1441 460 ipse
1455 423 1524 452 nihil
1535 424 1599 452 vidi.
1626 423 1807 450 Hactenus

136 467 266 495 Allatius.
285 468 388 504 (Fabr.)
407 469 440 497 ν.
454 471 518 498 cod.
529 470 644 498 Vindob.
664 471 740 497 citat.
755 478 783 498 n.
797 468 813 496 7
827 473 854 498 et.
868 470 896 497 8.
910 469 1016 505 (Harl.)

171 523 181 559 [
199 523 228 551 In
244 527 299 553 cit.
314 518 395 554 codd.
412 525 460 554 Gr.
472 526 589 554 Nanian.
605 534 636 562 p.
651 518 713 561 151,
728 535 758 565 ἰι.
777 528 805 555 7.
816 527 878 558 cod.
907 526 952 560 74,
968 527 1090 554 citantur
1112 526 1249 554 Simeonis
1275 525 1439 554 Thessalon.
1452 524 1562 557 Oratio,
1585 530 1647 558 qua
1678 527 1804 551 tamen

136 572 277 596 auctorem
292 569 373 597 habet
387 569 542 601 Simeonem
558 568 688 598 Mamant.
705 570 745 606 (2)
760 574 786 598 et
805 577 888 605 supra
904 575 1065 598 numeratur
1078 578 1107 597 n.
1118 570 1172 602 25;
1188 575 1216 598 et
1230 578 1257 605 p.
1270 570 1332 597 t52.
1347 569 1422 602 Opus
1442 569 1532 603 ejusd.
1549 567 1620 596 Sim.
1635 568 1740 595 Manu.
1758 583 1805 589 —

137 611 206 639 Sim.
223 607 348 641 Thcssal.
363 607 458 642 Oratio
470 615 498 641 in
514 614 723 649 Auumptionem
736 615 840 647 Mariae,
853 615 890 642 Pa

812 623 840 647 re,
853 608 941 642 Paris.
956 615 984 642 in
997 614 1065 642 bibl.
1078 614 1153 649 publ.
1169 613 1236 641 Cod.
1249 613 1312 646 987.
1328 621 1356 641 η.
1367 614 1394 640 7.
1413 611 1536 648 (Ηιιτι.)]
1564 626 1565 629 η

173 661 217 695 10.
235 667 369 697 Simeonis
391 668 644 698 Thessalonicensis
658 669 806 697 Chronicon
821 676 874 697 ms.
890 669 917 696 in
935 669 1088 708 Philippica
1110 669 1175 704 imp.
1196 669 1288 697 laudat
1302 670 1424 705 Cangius
1447 670 1474 698 in
1491 668 1630 698 Glossafio
1660 667 1801 698 Gra’co,

137 718 166 745 p.
179 708 257 745 1606,
271 713 322 740 nisi
346 713 445 740 calami
472 720 564 741 errore
579 707 852 741 Thessalonicensem
870 715 970 748 posuit,
996 707 1078 748 atque
1100 712 1232 740 intellexit
1263 713 1419 741 Clironicon
1446 713 1585 741 Simeonis
1614 711 1803 747 Logothetaa

138 753 210 787 quod
223 754 446 789 frequentissime
463 756 529 783 citat
546 755 622 788 alibi,
643 760 674 783 ut
685 756 712 783 in
726 756 794 784 diss.
811 757 848 784 De
865 757 1010 789 hebdoma,
1026 764 1088 792 pag.
1106 756 1244 789 128,129.
1258 757 1321 789 15⁵5,
1342 758 1394 786 151
1410 767 1417 791 ;
1433 762 1460 785 et
1475 758 1548 785 notis
1573 757 1607 784 ad
1633 757 1801 783 Zonaram

138 804 166 831 p.
180 797 226 830 28,
245 798 290 830 55,
304 799 349 831 70.
363 803 391 826 et
404 798 438 826 79
451 807 458 832 ;
475 803 501 835 et
514 800 542 827 in
558 798 716 834 Appendicc
729 800 763 827 ad
777 800 891 828 Glossar

1045 801 1072 833 6,
1086 800 1111 832 7,
1125 800 1170 833 22,
1184 800 1231 832 25,
1245 801 1290 833 56,
1307 801 1352 833 45,
1374 801 1420 832 56.
1434 801 1480 833 57,
1493 801 1540 834 58,
1571 800 1615 832 59,
1648 799 1697 832 72,
1741 799 1798 830 74.

139 840 185 873 75,
199 841 246 874 85,
263 842 309 874 84,
320 841 366 875 86,
377 842 424 876 90,
435 842 480 874 92.
497 843 559 875 180,
577 842 716 875 101,105,
733 843 797 875 106.
817 844 879 877 110,

1061 844 1123 876 115,
1139 848 1193 872 etc.
1211 843 1249 871 De
1263 844 1314 872 hoc
1326 844 1382 872 dixi
1399 845 1451 872 vol.
1465 844 1510 876 VI,
1532 852 1560 881 ρ.
1583 843 1636 871 552
1659 847 1689 870 et
1715 843 1797 870 158.

139 885 176 920 ls.
194 887 248 914 vol.
260 886 318 920 Vll,
333 895 362 923 p.
374 887 425 914 471
436 895 477 922 sq.
491 892 519 916 et.
539 896 567 923 p.
580 888 633 916 685
643 896 686 924 sq.
699 888 743 916 ed.
755 887 843 924 non],
859 889 905 916 ubi
916 889 999 917 etiam
1015 888 1049 916 de
1062 887 1180 915 Historia
1195 887 1324 916 chronica
1338 888 1428 916 adhuc
1440 888 1531 916 itidem
1545 888 1645 915 inedita
1660 886 1796 914 Simeo-

138 929 183 958 nis
213 930 288 959 Sethi
318 931 410 966 lingua
427 931 585 960 Graecorum
615 932 730 966 vulgari,
755 932 790 959 ab
804 932 911 968 origine
934 931 1028 960 mundi
1044 931 1077 959 ad
1091 931 1235 966 imperium
1255 939 1343 968 usque
1358 932 1532 961 Constantini
1548 932 1640 966 Ducae,
1664 930 1702 958 de
1719 938 1790 966 qua

138 973 219 1008 paulo
244 979 307 1002 ante
332 976 366 1002 de
387 975 514 1004 Simeone
535 975 666 1010 Setho,n.
679 976 704 1004 7.

171 1087 206 1122 ll)
222 1089 268 1122 list
279 1093 352 1122 caput
370 1092 515 1117 vicesimum
527 1092 585 1117 libri
597 1094 687 1119 Contra
702 1094 816 1122 Ιιιεγεεει.
828 1096 897 1121 Enrr.

173 1119 208 1148 (2)
220 1120 268 1145 Seu
280 1119 418 1152 Juniorem,
425 1122 475 1153 jam
487 1131 499 1147 a
517 1123 588 1148 nobis
604 1119 955 1154 recusumﬁtoIHSVCXXYEDI-r
