1908 3041
31 147 76 178 137

575 146 768 179 DIALOGUS
791 145 939 176 CONTRA
959 145 1152 177 H/ERESES.

1599 146 1650 178 133

31 206 73 232 τὸν
92 203 166 231 θεῖον
190 204 294 232 Λέοντα
321 207 438 234 πάππαν
462 207 570 243 ἔχουσα,
587 207 636 233 καὶ
653 205 716 237 τοὺς
730 203 809 232 αυτοῦ

869 209 931 230 vum
958 203 1067 238 quidem
1086 201 1204 230 Leonem
1222 209 1319 238 papam
1342 203 1515 239 adjuvantem
1541 203 1648 232 habens

28 251 229 285 τοποτηρητὰς,
252 251 397 288 Διόσκορον
411 253 440 280 δὲ
461 251 664 286 Ἀλεξανδρείας
685 251 732 277 καὶ
755 250 809 278 Εὐ-

28 287 313 333 τυχῆ’πρεσ6ύτερον
339 299 387 326 καὶ
416 299 480 330 τοὺς
513 298 562 325 σὺν
592 297 682 328 αὐτοῖς
714 296 810 323 καθαι-

27 342 119 377 ροῦσα.

313 390 440 417 ΚΕΦΑΔ.
467 391 534 417 KH'.

198 434 268 469 Περὶ
283 434 337 469 τῆς
354 435 493 470 πέμπτης
506 435 651 463 συνόδου.

61 479 115 506 Καὶ
131 480 149 513 ἡ
168 480 283 516 πέμπτη
310 481 338 508 δὲ
363 481 418 508 τῶν
443 481 541 509 ἑκατὸν
568 481 701 517 ἐξήκοντα
725 479 810 514 ἁγίων

28 525 164 560 Πατέρων,
180 522 214 562 ἧς
229 526 384 562 ’Λγαπητδς
396 527 629 563 πάππαςὲξαρχος
644 528 673 553 ὲν
687 527 719 562 τῇ
735 527 811 553 Κων-

29 572 178 603 σταντινου,
193 572 266 598 κατὰ
283 571 330 598 τοῦ
352 573 507 608 Ὠριγὲνους
523 573 567 599 καὶ
589 572 705 607 Διδύμου
720 580 750 598 τε
764 572 812 598 καὶ

30 616 176 651 Εὖαγρὶου,
187 617 315 644 παλαιῶν
330 627 411 645 τινων
427 619 477 654 τὴν
494 619 606 650 κακίαν,
622 618 686 653 περι
703 627 733 645 τε
748 619 813 644 ἀνα-

30 663 146 694 στάσεως
182 664 289 698 νεκρῶν
318 664 365 691 καὶ
394 665 529 692 πλείστων
558 665 646 692 ἄλλων
672 664 812 700 ζητήσεων

29 707 213 742 ἀθροισθεῖσα,
229 709 263 735 τὰ
277 710 359 744 ὅμοια
382 712 442 743 ταῖς
469 712 521 747 πρὸ
534 711 619 747 αὐτῆς
632 712 697 746 περὶ
709 710 756 738 τοῦ
774 712 811 737 ιε-

31 753 75 787 ροῦ
93 754 235 789 Συμὸόλου
249 756 476 792 νενομοθέτηκεν.

319 802 445 829 ΚΕΦᾹΛ.
468 803 534 831 ΚΘ’.

93 847 164 880 Περὶ
175 847 230 881 τῆς
245 846 335 881 ἕκτης
348 856 381 874 τε
394 848 443 875 καὶ
456 849 583 884 ἑϐδόμης
595 850 741 878 συνόδου.

67 889 99 917 Ἦ
125 892 194 926 ἕκτη
221 892 250 919 δὲ
277 893 333 920 τῶν
359 894 457 920 ἑκατὸν
481 895 736 931 ἐξήκονταιπέντε,
766 897 812 924 καὶ

32 937 125 972 ἑϐδόμη
141 938 196 965 τῶν
219 939 383 973 τριακοσίων
399 939 541 975 ἐξήκοντα,
562 937 600 968 ὧν
625 942 642 976 ἡ
661 942 710 977 μὲν
736 943 764 968 ἐν
777 942 811 978 τῇ

31 983 84 1018 Νέᾳ
101 984 198 1021 Ῥώμῃ
212 987 245 1020 τῇ
264 985 469 1013 Κωνσταντίνου
487 987 557 1013 κατά
575 996 604 1013 τε
621 988 750 1022 Ὀνωρίου
763 987 812 1023 τῆς

32 1029 143 1061 παλαιᾶς
164 1030 277 1066 Ῥώμης
291 1033 338 1059 καὶ
351 1033 464 1066 Σεργίου
480 1033 527 1060 καὶ
545 1034 654 1069 ηύρρου
669 1035 717 1070 τῆς
732 1036 811 1062 Κων-

33 1078 284 1111 σταντινθνπόλεως,
296 1079 344 1104 καὶ
371 1078 473 1106 λοιπῶν
490 1079 578 1107 ἄλλων
603 1080 811 1115 Μονοθελητῶν,

34 1123 48 1156 ἡ
65 1123 100 1154 δὲ,
116 1123 145 1149 ὲν
162 1123 266 1158 Νικαίᾳ
287 1124 318 1149 τὸ
344 1123 481 1158 δεύτερον,
504 1125 573 1151 κατὰ
595 1126 648 1152 τῶν
674 1126 812 1153 δυσσεὸὦν

32 1168 291 1202 εἱκονομαχούντων,
307 1169 498 1204 ἀριδηλότερὸν
513 1178 542 1196 τε
559 1171 607 1196 καὶ
624 1171 695 1206 μετὰ
712 1170 810 1198 πολλοῦ

33 1212 110 1247 ζήλου
125 1213 159 1240 τὰ
174 1214 240 1248 περὶ
263 1213 310 1239 τοῦ
333 1213 406 1240 θείου
427 1215 566 1250 Συμϐόλου
593 1216 708 1248 ἐξέθετο.
725 1217 778 1244 Καὶ
795 1218 811 1253 ἡ

35 1259 81 1291 μὲν
93 1259 157 1294 ἓκτη
171 1259 278 1291 λέξεσιν
294 1260 390 1292 αὑταῖς
407 1261 455 1287 καὶ
468 1260 499 1287 τὸ
511 1262 561 1295 τῆς
577 1261 688 1298 πρώτης
702 1264 810 1291 συνόδου

33 1304 148 1340 ἐκτίθησι
164 1305 306 1339 Σύμϐολον
329 1307 377 1333 καὶ
401 1306 432 1333 τὸ
448 1306 498 1341 τῆς
515 1307 653 1342 δευτέρας,
667 1310 714 1336 καὶ
729 1310 811 1345 μηδὲν

33 1351 114 1384 τούτῳ
140 1351 301 1384 προσθεῖναι
321 1351 510 1378 διακελεύεται
525 1352 562 1387 ’ἦ
580 1352 608 1379 δέ
635 1361 667 1387 γε
699 1353 810 1390 ὲῦδόμη,

33 1396 58 1422 ἓν
73 1396 170 1431 ἔχουσα
183 1396 215 1422 τὸ
234 1397 283 1431 τῆς
300 1396 412 1431 πρώτης
430 1406 459 1423 τε
481 1398 527 1424 καὶ
542 1397 682 1433 δευτέρας,
698 1399 765 1434 ὅπερ
779 1400 811 1435 δὴ

32 1443 74 1468 καὶ
88 1443 130 1468 ἐπ’
151 1442 303 1477 ἐκκλησίας
316 1442 500 1477 -κηρύττομεν,
514 1443 622 1476 λέξεσιν
638 1444 732 1476 αὐταῖς
746 1446 812 1472 αὐτὸ

33 1487 136 1522 γράφει.
154 1489 210 1514 Καὶ
222 1488 287 1519 τοὺς
304 1483 553 1523 προσθήσονταξὲν
567 1489 655 1525 τούτῳ
666 1490 684 1526 ἢ
700 1492 813 1526 ἀφελόνς

32 1541 85 1564 τας,
114 1534 282 1569 ἱερωμένους
311 1534 360 1569 μὲν
387 1535 548 1571 καθαιρέσει
574 1537 622 1563 καὶ
650 1538 809 1572 κληρικοὺς,
826 1550 848 1580 C

33 1579 135 1612 hizob;
151 1581 179 1606 δὲ
198 1580 401 1607 καθυποὸἁλλει
426 1582 466 1616 τῷ
493 1582 658 1617 ἁναθέματι.
687 1583 765 1611 Οὕτω
782 1585 812 1611 τὸ

36 1627 125 1652 σεπτὸν
139 1625 220 1653 τοῦτο
241 1626 428 1662 συνεκροτήθη
445 1627 578 1654 πάντοθεν
599 1629 747 1664 Σύμϐολον,
765 1631 819 1657 καὶ»

36 1671 81 1696 ὑπὸ
104 1671 156 1697 τῶν
183 1672 316 1706 Πατέρων
333 1673 562 1708 ὲπισφραγισθὲν,
588 1674 740 1711 ἐκηρύχθη,
765 1677 812 1703 καὶ

34 1717 85 1748 τοῖς
101 1717 239 1752 θσύμασιν
257 1718 369 1744 ἐκείνων
392 1719 440 1746 καὶ
463 1719 554 1752 λόγοις
582 1721 746 1756 ἐϐεϐαιώθη,
765 1723 812 1749 καὶ

35 1763 83 1794 τοῖς
98 1763 297 1799 συγγράμμασι
314 1764 360 1790 καὶ
374 1764 411 1799 τῷ
423 1764 505 1791 τέλει.
517 1764 603 1792 Τοῦτο
622 1766 676 1801 γᾴρ
701 1768 749 1793 καὶ
764 1767 811 1802 βα-

37 1808 199 1843 πτιζόμενοι,
221 1810 260 1842 ὥς
278 1811 440 1845 εἰρήκαμεν,
458 1811 502 1837 ἐπ’
517 1811 664 1846 ἔκκλησίας
683 1815 809 1848 καθωμο-

36 1855 156 1890 λογησαν,
166 1857 216 1883 καὶ
226 1857 275 1891 τὴν
288 1856 437 1892 ἱερωσύνην
448 1856 597 1892 δεχόμενοι,
608 1859 809 1894 προεκήρυξαν,

37 1903 78 1928 καὶ
100 1902 280 1933 τελευτῶντες
307 1902 345 1933 ὼς
370 1901 476 1935 ἑφόδιον
502 1902 672 1938 ὡμολόγουν,
688 1906 734 1932 καὶ
751 1905 811 1941 Θεῷ

35 1948 112 1982 δῶρον
137 1949 269 1982 παρεῖχον
293 1944 490 1979 ἑπιτελὲύτιον,
505 1944 543 1974 ὦν
560 1949 607 1975 καὶ
629 1949 663 1975 τὰ
685 1945 809 1984 πίψανα,

35 1993 77 2018 ια).
92 1993 125 2020 τὰ
141 1994 225 2027 μέχρι
239 1991 287 2019 τοῦ
302 1992 348 2018 νῦν
363 1992 396 2018 δι’
411 1992 500 2018 αὐτῶν
521 1993 624 2027 ἰάματα
636 2002 667 2019 τε
685 1994 732 2022 καὶ
744 1994 810 2021 θαύ-

38 2047 103 2070 ματα
122 2039 151 2065 τὺ
172 2040 248 2066 θεῖον
270 2038 350 2065 τοῦτο
367 2039 505 2073 Σύμὸολον
524 2040 756 2075 ἐπιμαρτυροῦσι,
777 2040 810 2067 δι’

36 2081 63 2110 οὗ
84 2086 127 2112 καὶ
143 2086 191 2120 τὴν
216 2086 329 2120 εἰρήνην
344 2086 361 2121 ἡ
383 2086 533 2121 Ἐκκλησία
549 2086 692 2120 ἐκέκτητο,
709 2087 756 2113 καὶ
776 2087 810 2113 τὰ

38 2131 98 2166 μέλη
115 2131 161 2158 τοῦ
175 2131 296 2167 Χριστοῦ
310 2131 436 2166 ἡνωμένα
451 2132 577 2167 ἀλλήλοις
590 2130 671 2167 ἦσαν,
688 2132 734 2159 καὶ
746 2133 809 2168 Χρι-

38 2178 91 2210 στὸς
105 2178 121 2212 ἡ
135 2178 231 2213 εἰρήνη
247 2177 325 2212 ἡμῶν
340 2177 378 2209 ὡς
393 2177 499 2212 κεφαλὴ
514 2175 547 2212 ἦν
565 2179 618 2209 τοῖς
634 2177 745 2213 μέλεσιν
758 2180 807 2205 αὑ-

863 248 1003 284 vicemque
1017 248 1076 283 ejus
1090 253 1261 283 praestantes,
1274 248 1433 277 Dioscorum
1448 257 1512 277 vero
1528 248 1654 278 Alexani

862 294 970 322 drinum
983 298 1009 322 et
1024 295 1163 329 Eutychen
1181 295 1370 330 presbyterum
1397 303 1546 330 eorumque
1573 303 1647 323 asse-

863 340 921 367 clas
932 340 1108 368 subvertens.

1127 385 1244 413 CAPUT
1261 385 1382 413 XXVIII.

1114 432 1151 459 De
1175 433 1275 468 synodo
1299 434 1402 468 quinm.

898 476 932 503 At
943 476 1069 511 quintum
1079 478 1226 504 concilium
1245 479 1276 504 ad
1292 478 1364 513 quod
1379 483 1487 507 centum
1504 483 1531 506 et
1542 483 1650 514 septua-

862 521 937 555 ginta
955 521 1048 550 Patres
1066 523 1153 549 sancti
1170 530 1369 555 convenerunt,
1387 525 1429 551 cui
1446 524 1555 559 praefuit
1580 525 1650 559 Aga-

863 572 942 602 petus
962 575 1030 602 papa
1047 568 1073 595 in
1090 569 1201 596 civitate
1229 569 1415 603 Constantini,
1434 576 1529 598 contra
1557 569 1651 606 Origc~

864 621 936 647 nem,
954 613 1138 650 Didymum_et
1151 614 1310 649 Evagrium,
1324 616 1399 643 viros
1415 616 1517 643 malitia
1533 622 1650 647 veteres.

865 667 970 687 necnon
985 660 1199 687 resurrectionis
1215 666 1383 688 mortuorum
1402 670 1484 689 causa
1511 662 1649 696 plurium-

864 713 917 740 quc
931 706 1047 733 aliorum
1076 707 1194 741 capitum
1224 706 1323 734 similia
1342 707 1375 734 dc
1403 711 1498 734 sancto
1522 708 1651 742 Synibolo

864 751 959 778 statuit
971 759 1002 779 ac
1014 751 1128 778 concilia
1143 752 1219 786 prius
1231 757 1390 780 convocata.

1144 798 1255 826 CAPUT
1268 798 1365 826 XXIX.

1040 842 1078 870 De
1093 844 1193 878 synodo
1218 850 1292 871 sexta
1308 849 1332 871 et
1351 846 1473 880 septima.
1510 869 1514 873 .

909 888 1020 916 Sextum
1055 889 1213 923 concilium,
1245 890 1289 917 cui
1325 895 1432 918 centum
1465 895 1491 919 et
1511 892 1651 926 sexaginta

865 934 984 969 quinque
998 934 1104 969 Patres,
1123 941 1151 963 et
1170 936 1325 971 septimum,
1344 937 1387 964 cui
1401 937 1515 965 trecenti
1532 943 1559 965 et
1574 945 1653 964 sexa-

865 979 940 1012 ginta
958 980 1114 1012 adfuerunt,
1131 981 1196 1008 illud
1211 982 1322 1016 quidem
1341 990 1417 1010 novae
1432 982 1525 1011 Romae
1537 991 1551 1010 a
1577 983 1650 1009 Con-

865 1026 985 1052 stantino
997 1026 1137 1054 aediﬁcata:
1150 1028 1283 1055 adversus
1302 1028 1454 1056 llouorium
1470 1030 1569 1056 veteris
1593 1028 1649 1057 Ro-

867 1078 916 1097 mae
927 1071 1084 1106 episcopum
1101 1078 1183 1108 atque
1197 1074 1322 1108 Sergium
1333 1080 1359 1102 et
1373 1075 1506 1111 Pyrrhum
1517 1076 1651 1104 Conslan-

866 1117 1076 1152 tinopolitanum
1093 1125 1264 1155 caeterosque
1280 1121 1348 1148 alios
1367 1121 1575 1154 Monotheletas,
1593 1122 1645 1149 hoc

866 1170 930 1190 vero
958 1164 1058 1191 iterum
1085 1165 1181 1193 Nicaea
1199 1166 1332 1194 adversus
1364 1167 1463 1202 itnpios
1502 1168 1649 1202 imaginum

865 1216 1007 1238 eversores
1028 1217 1206 1239 convocatum
1225 1212 1288 1246 fuit,
1303 1213 1392 1248 palam
1409 1213 1492 1241 mttlto
1506 1214 1597 1241 studio
1620 1222 1651 1242 ea

865 1262 925 1290 quae
936 1256 968 1283 ad
984 1256 1106 1284 divinum
1121 1257 1281 1289 Symbolum
1296 1264 1421 1294 spectant
1429 1260 1650 1288 declaraverunt.

866 1301 980 1330 Sextum
995 1303 1106 1338 quidem
1131 1304 1211 1338 primi
1235 1309 1262 1332 et
1277 1306 1392 1333 secundi
1406 1306 1513 1334 concilii
1532 1306 1648 1342 Symbo-

865 1345 920 1373 lum
937 1346 1064 1380 tirmavit,
1079 1353 1106 1375 et
1121 1356 1154 1376 ne
1178 1349 1243 1383 quid
1260 1349 1406 1377 adderetur
1422 1352 1576 1386 prohibuit.
1599 1352 1650 1380 8ο-

866 1393 980 1427 ptimum
999 1398 1089 1421 autem
1118 1401 1202 1421 unum
1236 1395 1510 1431 primi'secundique
1540 1398 1650 1425 concilii

866 1436 1024 1473 Symbolum
1048 1438 1152 1467 habens
1173 1439 1246 1474 quod
1274 1440 1302 1467 in
1326 1441 1440 1469 ecclesia
1460 1443 1651 1477 praedicamus.

865 1483 918 1511 hoc
935 1484 992 1512 suis
1008 1484 1120 1519 scripsit
1131 1485 1242 1517 litteris,
1258 1486 1339 1521 eique
1351 1487 1483 1514 audentes
1500 1489 1649 1524 quidquam

865 1531 964 1558 addere
981 1531 1022 1558 vel
1046 1531 1080 1558 ab
1096 1539 1128 1559 eo
1143 1533 1288 1560 detrahere
1304 1534 1460 1562 sacerdotes
1475 1535 1587 1569 quidem
1622 1540 1650 1563 et

865 1577 979 1605 clericos
993 1584 1008 1604 a
1028 1577 1160 1611 dignitate
1179 1579 1283 1613 dejicit,
1302 1579 1387 1608 laieos
1404 1588 1468 1608 vero
1483 1582 1648 1609 anathemati

864 1622 985 1658 subjicit.
999 1621 1092 1658 Itaque
1106 1616 1251 1658 augustum
1265 1625 1330 1652 illud
1345 1624 1505 1660 Symbolum
1529 1627 1650 1661 undique

865 1667 915 1694 fuit
929 1668 1128 1696 conclamatum
1143 1674 1170 1696 et
1187 1678 1200 1697 a
1224 1669 1351 1698 Patribus
1367 1672 1553 1707 obsignatum.
1587 1681 1649 1701 ncc—

864 1722 917 1741 tton
935 1715 969 1742 ab
982 1715 1083 1743 eisdem
1102 1716 1281 1751 praedicatum
1300 1722 1382 1752 atque
1398 1719 1538 1747 miraculis
1552 1728 1647 1748 eorum

863 1763 889 1785 et
908 1759 997 1787 verbis
1019 1760 1185 1796 scriptisque
1211 1769 1243 1789 ac
1282 1768 1370 1790 morte
1397 1764 1545 1793 ﬁrmatum.
1573 1765 1648 1794 Istud

862 1805 946 1836 enim,
969 1807 1040 1833 sicut
1057 1807 1186 1840 diximus,
1203 1813 1230 1835 et
1244 1808 1375 1843 baptizati
1391 1810 1418 1836 in
1449 1811 1565 1839 ecclesia
1584 1820 1649 1839 con-

863 1850 926 1878 fessi
941 1855 1016 1884 sunt.
1028 1856 1055 1879 et
1072 1853 1227 1881 sacerdotio
1242 1852 1341 1882 initiati
1362 1856 1592 1890 przl‘dicaveruul,
1620 1864 1647 1886 et

863 1897 1010 1925 morientes
1026 1902 1055 1924 ut.
1071 1899 1198 1926 viaticum
1211 1899 1378 1934 habuerunt,
1397 1900 1505 1936 Deoquc
1519 1903 1644 1930 ultimum

863 1950 962 1970 munus
978 1943 1156 1978 obtulerunt}
1170 1953 1288 1979 quarunt
1305 1947 1426 1981 reliquiae
1446 1953 1473 1974 et
1488 1948 1645 1976 sanationes

862 1993 943 2023 atque
957 1990 1087 2017 miracula
1105 1998 1152 2025 per
1167 1999 1214 2018 eas
1230 1992 1340 2026 impleta
1353 1982 1474 2021 divinum
1487 1994 1552 2022 illud
1567 1995 1646 2032 Sym-

861 2034 952 2062 bolum
979 2040 1122 2068 testaulur,
1157 2044 1211 2071 quo
1238 2045 1332 2072 pacem
1359 2038 1479 2067 Ecclesia
1497 2048 1644 2069 consecuta

861 2084 911 2113 est,
941 2085 967 2107 et
992 2081 1114 2108 membra
1142 2081 1243 2110 Christi
1269 2083 1329 2114 sibi;
1351 2083 1468 2112 invicem
1497 2087 1643 2122 conjuncta

860 2131 934 2158 sunt,
949 2125 1130 2162 Christusque
1146 2135 1197 2162 pax
1208 2134 1300 2156 nostra
1317 2129 1407 2158 [actus
1419 2135 1478 2165 est;
1493 2139 1554 2160 nam
1569 2139 1644 2161 arcte

844 2180 845 2183 η
862 2175 890 2197 ut
906 2175 987 2206 caput
1001 2173 1129 2199 membris
1146 2174 1204 2200 suis
1218 2174 1356 2203 adunatus
1373 2176 1399 2202 in
1433 2176 1499 2211 ipsis
1526 2177 1645 2205 delecta-

35 2223 76 2249 τοῦ
88 2224 226 2258 ἡνωμένος
242 2222 356 2249 καθόλου
371 2223 418 2248 καὶ
434 2222 647 2258 εὐφραινόμενος
661 2224 690 2249 ὲν
704 2224 806 2256 αὐτοῖς.

863 2218 951 2246 batur.
965 2218 1115 2247 Pritnatum
1132 2225 1223 2248 autent
1241 2229 1344 2255 amare,
1372 2222 1503 2252 fratribus
1518 2225 1644 2260 superbia

37 2268 68 2295 Τὸ
89 2269 116 2296 δι
137 2268 364 2304 φιλοπρωτεὺειν,
381 2269 428 2295 καὶ
451 2269 506 2295 τῶν
522 2269 643 2303 ἀδελφῶν
661 2269 807 2305 ὑπεραίρε-

36 2313 90 2340 σθαι
113 2315 159 2341 καὶ
182 2314 375 2348 ὑπερφρονεῖν,
392 2314 440 2340 καὶ
466 2314 516 2340 οὐκ
532 2314 578 2340 ἐπὶ
602 2315 651 2348 τὴν
675 2315 808 2350 καθέδραν

35 2358 74 2385 τοῦ
99 2360 211 2395 Πέτρου,
228 2359 286 2386 ἀλλ’
313 2360 359 2386 ἐπὶ
387 2360 441 2387 τῶν
457 2360 578 2394 νεφελῶν
595 2360 652 2398 ’καὶ
678 2361 807 2396 ὑπεράνω

35 2404 112 2431 δοκεῖν
128 2405 304 2438 καθέζεσθαι,
318 2406 365 2432 καὶ
378 2407 394 2441 ἠ
414 2406 527 2436 ισοθεΐα,
538 2406 575 2437 ὡς
588 2407 633 2432 καὶ
645 2407 676 2433 τὺ
690 2407 806 2442 ἀποθνή-

36 2459 103 2478 σκειν
116 2453 171 2484 τοῖς
185 2452 340 2486 ἀνθρώποις
360 2452 503 2487 πρότερον,
520 2453 568 2479 καὶ
583 2452 631 2479 νῦν
644 2452 673 2478 τὸ
688 2452 807 2487 ἀποθνή-

38 2506 104 2524 σκειν
129 2499 244 2530 πολλοὺς
271 2498 361 2533 πολλῷ
387 2498 580 2534 χαλεπώτερον
596 2498 804 2533 ἀπειργάσατοι

37 2544 76 2567 καὶ
89 2543 117 2568 τδ
135 2542 302 2569 κινδυνεύειν
317 2543 485 2570 καταπεσεῖν
501 2542 551 2577 τὴν
566 2543 743 2578 Ἐκκλησίαν,
760 2544 806 2570 καὶ

35 2587 141 2621 Χριστοῦ
157 2587 360 2622 διασπασθῆναι
374 2588 408 2614 τὰ
427 2588 506 2623 μέλη,
523 2587 571 2614 καὶ
595 2587 696 2623 ἔχθραν
720 2588 806 2615 τεθεῖ-

35 2642 70 2659 νιι
82 2634 216 2668 ἀναμέσον
240 2634 294 2660 τῶν
315 2634 364 2668 τῆς
378 2634 488 2670 εἰρήνης
506 2634 582 2667 υἱῶν,
600 2634 646 2666 οὓς
661 2636 689 2662 ὲν
710 2636 803 2671 ἀγάπῃ

35 2678 89 2710 Θεὸς
104 2681 119 2714 ἡ
134 2679 231 2713 ἀγάπη
246 2680 393 2714 συνήγαγε,
407 2681 446 2715 μὴ
456 2680 620 2715 φεισάμενος
633 2680 679 2707 τοῦ
696 2682 804 2716 ἀγαπηο

34 2724 82 2755 τοῦ,
95 2724 174 2759 βαϐαὶ
198 2725 248 2759 τῆς
273 2724 434 2760 δαιμονικῆς
455 2726 586 2760 ἐπηρείας
598 2726 605 2753 ι
619 2726 665 2754 καὶ
681 2727 803 2760 συλὶογι-

36 2771 89 2803 duo!
101 2771 145 2798 ἐπὶ
157 2771 264 2801 τούτοις
280 2771 332 2797 τῶν
350 2771 436 2798 ἀθέων
455 2772 601 2806 Ἑλλήνων,
618 2772 641 2799 οι
655 2773 705 2808 τὴν
723 2773 803 2800 πολυ-

36 2815 99 2842 Mat;
112 2817 195 2843 πάλαι
210 2817 227 2852 ἢ
243 2817 343 2850 μᾶλλον
363 2818 458 2845 ἀθεῖαν
480 2819 567 2844 εἰπεῖν
597 2820 800 2854 συγκροτήσανυ

35 2868 80 2894 τες,
97 2865 142 2889 καὶ
159 2863 282 2889 διαὸολαὶ
309 2864 397 2898 ῥητῶν
420 2865 576 2899 γραφικῶν,
589 2865 636 2891 καὶ
654 2873 800 2900 παρερμη-

167 2910 306 2939 Pnnoe.
324 2911 380 2941 Gn.
398 2911 486 2941 CLV.

860 2268 888 2292 et
902 2267 1074 2294 contumacia
1100 2267 1245 2300 insultare,
1263 2276 1434 2304 nequaquam
1449 2277 1532 2305 super
1550 2271 1644 2298 cathe-

859 2312 936 2338 dram
952 2311 1036 2345 Petri,
1052 2313 1098 2340 sed
1118 2321 1199 2348 super
1214 2314 1301 2342 nubes
1326 2315 1369 2343 vel
1396 2315 1478 2343 etiam
1499 2317 1644 2345 sublimius

860 2357 1002 2384 considere
1017 2358 1113 2390 videri,
1141 2359 1195 2386 Deo
1210 2366 1272 2386 sese
1284 2359 1448 2393 assimilare,
1463 2362 1579 2395 perinde
1610 2369 1642 2388 ac

858 2403 923 2430 olim
949 2408 1065 2431 mortem
1097 2404 1125 2431 in
1153 2405 1284 2432 mundum
1309 2405 1426 2438 induxit,
1454 2406 1490 2433 ita
1517 2411 1544 2433 et
1569 2415 1642 2435 nunc

859 2447 959 2476 multos
976 2453 1063 2476 morte
1077 2449 1161 2476 multo
1179 2450 1303 2484 graviore
1321 2449 1427 2484 aﬂ‘ecit;
1445 2451 1507 2478 inde
1520 2451 1642 2482 Ecclesia

857 2494 940 2521 exitio
959 2495 1113 2530 periclitata
1135 2501 1189 2528 est,
1220 2495 1321 2524 Christi
1347 2497 1468 2524 membra
1496 2498 1640 2527 dilacerata

856 2546 930 2574 sunt,
942 2542 1084 2569 inimicitia
1099 2542 1206 2569 inducta
1220 2547 1261 2570 est
1277 2542 1348 2570 inter
1365 2543 1434 2572 ﬁlios
1446 2545 1521 2578 pacis
1533 2553 1603 2581 quos
1613 2546 1638 2573 in

856 2589 989 2616 charitate
1002 2588 1074 2616 Deus
1092 2588 1138 2623 qui
1157 2589 1277 2616 charitas
1301 2593 1342 2616 est
1360 2591 1541 2625 congregavit,
1560 2599 1638 2619 suam

856 2635 997 2662 etfundens
1008 2635 1181 2661 charitatem.
1195 2634 1270 2662 lleu!
1288 2641 1388 2670 quanta
1402 2644 1416 2664 a
1430 2637 1554 2665 daemone
1577 2646 1637 2672 per-

856 2681 942 2707 nicies
955 2681 960 2707 l
981 2685 1008 2707 et
1022 2685 1184 2714 argumenta
1196 2681 1229 2707 de
1244 2681 1294 2708 hac
1309 2683 1421 2709 materia
1437 2682 1538 2711 Graaeis
1549 2685 1637 2712 atheis

854 2727 946 2761 digna,
959 2726 1004 2761 qui
1021 2728 1121 2753 multos
1132 2727 1195 2753 olim
1208 2727 1272 2754 deos
1284 2735 1331 2755 seu
1347 2730 1436 2763 potius
1451 2730 1553 2756 ttullum
1566 2731 1638 2758 role-

855 2772 931 2803 bant,
944 2775 972 2797 et
984 2770 1134 2804 Scriptura:
1144 2778 1241 2798 vocum
1258 2771 1476 2807 depravationes,
1488 2778 1515 2800 et
1530 2782 1635 2802 sermo-

854 2825 919 2844 num
939 2816 1050 2843 Palrum
1069 2816 1142 2844 falsa:
1160 2817 1410 2851 interpretationes.
1420 2820 1593 2848 solummodo
1610 2827 1638 2848 ut

853 2863 1007 2897 superbiam
1021 2864 1179 2890 tuerentur!
1195 2864 1216 2890 0
1231 2864 1325 2896 homo,
1352 2873 1446 2902 omnes
1465 2874 1518 2895 ttno
1545 2867 1635 2896 animo

1422 2913 1438 2943 5
