1908 3041
257 98 305 128 ΜΤ

682 98 870 128 SYMEONIS
888 98 1263 128 THESSALONICENSIS
1289 98 1466 129 ARCHIEP.
1826 100 1865 131 liti

252 159 301 186 tati
317 159 390 186 enim
418 164 540 186 Cl't'alllt‘tt
566 158 688 192 subjecta
717 161 770 190 est,
789 166 843 185 non
864 157 968 188 Volcns,
989 155 1035 183 sed

1095 157 1177 188 ιτίσις
1192 157 1263 192 αὓτη
1288 158 1446 192 γεγένηται,
1473 158 1520 184 καὶ
1546 158 1580 184 δι’
1604 158 1682 185 αὑτὸν
1703 158 1825 194 ὗπέκυψε
1838 162 1863 195 τῇ

251 208 363 238 propter
386 211 448 231 eum
465 204 511 239 qui
542 204 657 237 subjecit
683 211 743 232 eam
770 204 796 230 in
822 211 880 238 spe.
903 212 912 228 ι
931 203 1037 229 Stultus

254 252 346 274 autem
360 247 482 274 Barlaam
505 253 623 275 mentem
638 247 664 274 in
683 248 838 283 disciplinis
854 256 914 283 qua:
937 248 968 274 ad
991 255 1036 273 ar-

253 299 305 320 tem
325 294 460 327 pertinent
476 294 569 321 rudem
583 298 699 322 mentem
715 294 901 322 irrationaleut
917 298 944 321 ct
962 299 1038 321 tene-

251 341 359 367 brosam
375 341 488 368 vocabat
518 341 561 368 ille
584 341 783 376 nequissimus,
809 341 933 369 nesciens
956 340 1038 367 homo

251 393 337 412 vanus
349 386 478 420 quoniam
494 386 543 413 ista
559 386 668 421 quidem
692 392 803 422 propter
819 395 870 415 nos
886 392 915 414 ut
929 387 1036 420 corpori

252 431 429 465 providentur
447 433 627 468 pracscntique
645 434 705 461 vita:
728 439 828 461 nostra:
846 434 952 469 prosint
967 433 1036 461 facta

253 482 327 509 sunt,
352 479 404 505 alia
430 486 496 506 vero
523 485 613 506 sunta
631 480 684 507 Deo
709 480 786 508 nobis
807 485 958 515 pra-parata
975 484 1038 507 ante

253 525 489 557 constitutionem,
511 531 591 561 prout
618 527 675 561 ipse
700 527 764 554 olim
789 527 879 554 dixit:
903 537 912 552 ι
931 526 1036 558 Vertite,

252 570 390 598 benedicti
406 570 495 599 Patris
516 573 580 604 mei,
605 573 741 607 possidete
759 578 883 608 paratum
902 573 979 600 vobis
996 581 1037 611 re-

251 624 334 650 guunt
351 624 364 642 a
382 617 580 644 constitutione
602 619 706 645 mundi.
732 628 741 646 ι
762 619 835 646 Bona
855 623 947 646 autem
964 619 1038 646 illius

253 662 338 695 regni,
354 662 390 688 ait
403 661 512 695 Paulus,
541 663 602 690 talia
631 670 696 691 sunt
719 670 748 691 ut
767 675 776 690 ‹
795 666 844 692 nec
870 665 968 693 oculus
982 665 1039 692 haec

253 707 350 734 viderit
382 715 432 735 nec
462 709 536 736 auris
567 709 703 737 audiverit
724 717 774 737 nec
796 710 823 737 in
851 718 899 737 cor
917 710 1038 737 hominis

253 754 406 781 ascenderit
426 763 486 788 qua:
502 756 665 789 praeparavit
681 755 753 794 Deus
771 756 948 791 diligentibus
963 764 1003 784 se.
1026 765 1035 782 ι

254 799 316 826 Ι.1‹ιο
344 801 424 827 doccl.
444 800 574 829 Dominus
596 811 602 828 :
626 811 635 827 ι
654 802 757 830 Caelum
785 808 812 829 et
836 806 905 829 terra
935 802 1038 830 transi-

255 848 339 880 bunt;
355 857 363 872 ι
380 847 558 883 prohibetque
574 848 675 877 Paulus
689 857 724 877 ne
735 849 768 876 de
783 848 825 876 his
842 857 902 883 qure
915 850 1040 877 videntur

255 893 365 920 solliciti
381 893 485 927 simus;
502 901 563 922 nam
580 903 640 930 qua:
651 895 781 923 videntur
794 896 953 930 temporalia
965 900 1038 928 sunt.

254 947 316 972 qua:
331 944 419 966 autent
436 947 489 967 non
505 941 632 968 videntur
650 947 751 968 aeterna
768 947 842 969 sunt.
867 942 919 969 Et:
942 951 951 968 ι
972 942 1039 970 ϐωΙί

255 984 327 1013 sicut
338 985 405 1012 liber
418 986 665 1021 complicabnntur;
676 997 685 1013 ›
698 988 821 1023 dixitque
833 988 944 1016 Petrus:
958 989 1039 1016 tlei

255 1031 362 1066 quidem
381 1039 479 1067 magno
493 1033 608 1060 stridore
625 1034 794 1067 transibunt,
815 1035 948 1062 elementa
976 1043 1040 1062 vero

255 1078 345 1104 calore
366 1078 522 1111 solventur;
539 1083 610 1106 terra
632 1084 724 1109 autem
742 1085 769 1107 et
784 1088 845 1116 qua:
860 1081 885 1108 in
902 1081 958 1116 ipsa
976 1087 1040 1109 sunt

256 1131 337 1157 opera
364 1129 525 1152 exurentur.
544 1135 553 1151 ι
571 1126 603 1152 At
633 1126 675 1154 his
698 1127 825 1155 omnibus
845 1128 1039 1161 dissolvendis,

256 1170 351 1205 quales
363 1178 413 1198 nos
426 1178 486 1199 esse
500 1172 628 1206 oportet?
640 1171 765 1200 Profecto
781 1173 808 1200 in
822 1178 916 1200 sancta
929 1181 1041 1201 convor-

256 1217 363 1244 satioue
390 1218 575 1253 operibusque
593 1219 711 1253 pietatis“
726 1223 917 1254 exspectantes
935 1220 1040 1247 Domini

257 1263 342 1289 nostri
360 1261 424 1290 Jesu
438 1263 541 1290 Christi
557 1263 714 1295 adventum,
730 1264 764 1290 de
781 1272 834 1299 quo
849 1272 899 1292 nos
915 1272 975 1292 esse
987 1265 1039 1292 sol-

257 1308 347 1335 licitos
360 1312 479 1342 oportet.
497 1308 625 1341 Quanam
649 1310 720 1336 enim
747 1310 850 1337 utilitas
865 1317 897 1337 ex
921 1316 1042 1338 content-

258 1355 377 1388 platione
392 1361 580 1382 creaturarum
592 1356 603 1382 ?
613 1356 751 1388 Quantum
765 1356 924 1391 indctorpet
934 1358 1039 1384 animal

257 1399 393 1432 Quantum
411 1400 472 1427 itide
489 1402 661 1428 conteritur!
679 1403 731 1429 nisi
751 1402 833 1430 etiam
852 1403 915 1430 inde
934 1408 1042 1430 crescat

258 1447 446 1482 praesumptio,
459 1448 597 1482 impiaque
614 1449 723 1482 superbi
740 1449 914 1476 tenebrarum
929 1451 1043 1484 spiritus

1091 203 1190 239 φθορᾷ,
1206 203 1278 230 καθά
1295 212 1346 230 που
1366 204 1413 230 καὶ
1439 204 1545 235 Παῦλος
1569 205 1634 239 περὶ
1657 205 1756 231 τούτου
1789 206 1864 240 φησὶ,

1093 259 1102 275 ι
1121 250 1160 285 Τῇ
1178 249 1233 284 γὰρ
1260 250 1421 284 ματαιότητι
1435 250 1451 285 ὴ
1467 250 1556 281 κτίσις
1582 251 1719 286 ὑπετάγη,
1741 260 1750 276 ι
1780 251 1864 284 λέγων,

1092 305 1101 320 ι
1119 295 1167 329 οὐχ
1184 295 1296 328 ἑκοῦσα,
1311 295 1378 322 ἀλλὰ
1390 296 1433 322 διὰ
1447 297 1491 323 τὴν
1503 296 1674 329 ὑποτάξαντα
1689 297 1737 323 ἐπ’
1750 297 1834 323 ἑλπίδι
1846 308 1862 325 ι.
1885 298 1886 303 ¹

1095 341 1125 367 '0
1141 340 1170 368 δέ
1190 349 1221 375 γε
1239 341 1369 373 ἀσύνετος
1384 341 1518 377 Βαρλαὰμ
1532 342 1594 369 νοῦν
1621 343 1667 369 τὴν
1683 343 1724 377 μὴ
1743 343 1806 378 περὶ
1822 344 1865 369 τῶν

1091 388 1262 424 μαθημάτων
1290 389 1345 415 τῶν
1373 389 1504 424 ἐντέχνων
1531 390 1621 416 εἰδότα
1651 389 1715 416 νοῦν
1745 390 1866 423 ἄλογονό

1089 435 1203 467 δείλαιος
1215 435 1347 461 ἀπεκάλει
1361 428 1407 462 καὶ
1418 435 1567 464 σκοτεινὸν.
1581 436 1618 470 μὴ
1630 434 1708 467 εἰδὼς
1722 437 1736 462 ὁ
1754 436 1865 469 μάταιον,

1089 480 1127 511 ὡς
1142 480 1228 506 ταῦτα
1250 480 1300 514 μὲν
1326 480 1359 506 δι’
1375 481 1458 515 ἡμᾶς,
1477 481 1524 507 καὶ
1550 480 1594 508 ἵνα
1622 481 1657 507 τὰ
1676 480 1727 507 τοῦ
1755 479 1865 514 σώματος

1089 526 1234 561 διοικῆται,
1249 527 1295 553 καὶ
1312 527 1350 557 είς
1366 527 1466 562 χρῆσιν
1488 523 1539 553 ὦσι
1557 527 1606 562 τῆς
1634 527 1780 562 παρούσης
1801 527 1865 561 ἡμῶν

1075 571 1173 606 Δζωῆς,
1189 571 1272 607 ἔτερα
1285 572 1307 598 δ’
1321 572 1374 599 εἰσὶ
1390 572 1424 598 τὰ
1441 572 1494 605 πρὸ
1510 572 1665 607 καταϐολῆς
1677 572 1784 606 κόσμου
1807 573 1866 607 ἦτοι-

1092 618 1217 652 μασμένα
1232 618 1297 653 ἡμῖν
1321 618 1397 654 παρὰ
1411 617 1458 644 τοῦ
1474 618 1553 651 Θεοῦ,
1567 618 1605 649 ὡς
1623 618 1705 649 αὐτὸς
1722 618 1782 652 ἐρεῖ
1794 619 1847 644 τότε
1859 626 1865 633 ·

1093 672 1103 689 ι
1115 663 1209 696 Δεῦτε,
1220 664 1244 690 οἱ
1258 663 1437 700 εὐλογημένοι
1452 664 1498 690 τοῦ
1513 664 1619 698 Πατρός
1633 672 1695 698 μου,
1709 664 1865 699 κληρονομὴ-

1091 716 1155 734 ast-te
1182 707 1231 743 τὴν
1255 709 1464 744 ἡτοιμασμένην
1479 709 1544 743 ὑμῖν
1563 709 1701 743 βασιλείαν
1720 709 1776 736 ἀπὸ
1796 718 1864 735 xan-

1091 754 1173 790 ϐολῆς
1189 754 1301 789 κόσμου.
1317 764 1327 780 ι
1348 755 1387 782 Τὰ
1401 755 1429 782 δὲ
1445 755 1495 790 τῆς
1507 755 1644 790 βασιλείας
1655 755 1765 791 ἐκείνης
1780 755 1864 789 ἀγαθὰ,

1092 801 1159 835 φησὶ
1177 800 1295 832 Παῦλος,
1309 800 1433 832 τοιαῦτα,
1447 801 1488 827 ὅτι
1506 810 1515 826 ι
1541 801 1697 835 Ὀφθαλμὸς
1725 801 1812 828 ταῦτα
1827 802 1865 827 οὐχ

1091 845 1156 878 οἶδε,
1173 848 1220 874 καὶ
1233 845 1280 879 οῦς
1298 847 1348 874 οὐκ
1363 847 1475 883 ἢκουσε,
1501 847 1548 874 καὶ
1578 848 1624 873 ἐπὶ
1640 847 1757 881 καρδίαν
1777 847 1865 880 ἀνθρώ-

1091 901 1143 920 που
1159 894 1209 921 οὒκ
1221 894 1316 929 ἀνέὃη,
1331 894 1348 920 ἃ
1366 894 1516 928 ἡτοίμασεν
1540 895 1553 920 ὁ
1576 893 1643 924 Θεδς
1661 895 1720 924 τοῖς
1736 894 1865 927 ἀγαπῶσιν

1091 939 1171 966 αὐτόν
1191 950 1212 966 ι.
1233 940 1286 967 Καὶ
1296 940 1335 966 ὅτι
1350 940 1364 966 ὁ
1385 940 1499 974 οὐρανὸς
1517 941 1591 976 καὶὴ
1605 941 1640 975 γῆ
1659 940 1864 974 παρελεύσονται

1092 987 1212 1013 διδάσκει
1225 987 1238 1012 ὁ
1252 986 1363 1022 Κύριος.
1378 987 1434 1012 Καὶ
1448 987 1478 1013 οὔ
1493 986 1533 1013 δεῖ
1545 987 1609 1021 περὶ
1622 985 1675 1013 τῶν
1702 985 1865 1021 βλεπομένων

1091 1034 1177 1068 ἡμᾶς,
1195 1032 1300 1063 Παῦλός
1317 1040 1395 1066 φησι,
1416 1033 1563 1067 μεριμνᾷν.
1581 1032 1621 1060 Τὰ
1648 1032 1704 1067 γὰρ
1725 1032 1864 1067 βλεπόμενα

1092 1079 1257 1114 πρόσκαιρα,
1270 1079 1304 1105 τὰ
1318 1079 1346 1106 δὲ
1363 1078 1401 1113 μὴ
1419 1078 1574 1113 βλεπόμενα
1598 1078 1708 1105 αἰώνια.
1728 1079 1783 1105 Καὶ
1806 1079 1819 1104 ό
1830 1077 1864 1104 οὑ-

1095 1125 1174 1161 ρανδς
1189 1125 1364 1160 εἰληθήσεται
1379 1125 1417 1155 ὡς
1440 1124 1552 1160 βιὸλίον.
1584 1125 1638 1151 Καὶ
1652 1124 1760 1159 Πέτρος
1786 1125 1863 1158 φησὶν.

1096 1182 1105 1198 ι
1123 1172 1240 1208 Ούρανοὶ
1257 1171 1307 1206 μὲν
1325 1170 1448 1207 ῥοιζηδὸν
1467 1170 1696 1205 παρελεύσονται,
1720 1172 1833 1205 στοιχεῖα
1843 1169 1864 1196 6t

1093 1218 1269 1252 καυσούμενα
1297 1216 1479 1251 λυθήσονται·
1498 1219 1545 1243 καὶ
1569 1218 1604 1251 γῆ
1621 1218 1667 1244 καὶ
1691 1218 1728 1244 τὰ
1754 1218 1784 1244 ὲν
1809 1217 1863 1250 αὐτῇ

1092 1264 1181 1291 πάντα
1195 1264 1411 1297 κατακαήσεται.
1427 1273 1436 1289 ι
1456 1263 1567 1290 Τούτων
1577 1264 1604 1290 δὲ
1618 1263 1730 1290 πάντων
1741 1264 1863 1298 λυομένων

1093 1310 1230 1342 ποταποὺς
1243 1310 1283 1337 δεῖ
1299 1308 1368 1337 εἶναι
1390 1310 1484 1344 mut;
1505 1309 1550 1335 Ἑν
1575 1310 1670 1344 ἁγίαις
1695 1310 1864 1344 ἀναστροφαῖς

1093 1359 1140 1384 καὶ
1167 1357 1333 1388 εὐσεϐείαις,
1363 1355 1600 1390 ἀπεκδεχομένους
1625 1358 1675 1390 τὴν
1702 1356 1751 1382 τοῦ
1777 1355 1863 1389 Κυρίου

1094 1404 1172 1440 ἡμῶν
1195 1404 1282 1439 Ἰησοῦ
1299 1403 1418 1436 Χριστοῦ
1443 1403 1609 1438 παρουσίαν,
1636 1404 1702 1438 περὶ
1724 1401 1759 1437 ἧς
1782 1402 1811 1436 δὴ
1827 1402 1864 1427 καὶ

1095 1451 1249 1486 φροντίζειν
1262 1451 1336 1486 ἡμᾶς
1349 1449 1448 1485 χρεών.
1478 1449 1510 1476 Τί
1525 1449 1579 1484 γὰρ
1607 1449 1636 1475 τὺ
1648 1449 1747 1483 ὄφελος
1774 1450 1804 1476 ὲκ
1827 1448 1864 1482 τῆς

258 1494 351 1528 opinio
366 1494 502 1521 mentibus
522 1494 627 1522 insanis
643 1495 790 1522 inseratur.
812 1496 890 1528 Quod
908 1504 961 1524 non
977 1497 1043 1532 ipsa:

1095 1498 1148 1524 τῶν
1164 1497 1323 1531 κτισμάτων
1338 1495 1454 1531 θεωρίας
1467 1504 1475 1529 ;
1491 1496 1557 1522 ποία
1573 1496 1606 1522 ὲκ
1625 1495 1731 1523 τούτων
1745 1495 1863 1527 andem;

259 1541 360 1568 faciunt
373 1545 505 1568 creaturae
518 1548 580 1568 cum
592 1541 670 1568 home
681 1541 737 1568 sint
748 1543 842 1576 utpote
853 1550 869 1570 a
883 1543 955 1571 bono
969 1551 1044 1571 crea-

260 1592 328 1614 tum
346 1587 474 1620 conditas,
503 1589 549 1614 sed
582 1587 700 1615 sollicita
731 1596 824 1616 earum
847 1589 1043 1622 consideratio.

259 1640 340 1667 quam
371 1633 584 1668 contemplatum
622 1638 773 1668 apostatam
805 1633 900 1663 dicunt
931 1635 1044 1670 quidam

260 1679 433 1712 (sublimiore
457 1679 528 1707 enim
550 1681 781 1714 contemplatione
801 1682 900 1716 dignus
923 1681 1045 1709 nonfuit

261 1725 306 1753 ille
329 1726 365 1754 ab
394 1726 473 1753 initio
487 1726 684 1761 gloriabundus
709 1732 735 1754 et
750 1727 982 1756 insolentissimus
998 1728 1045 1762 qui

261 1777 352 1799 tamen
366 1764 474 1799 summo
487 1772 647 1808 angelorum
666 1774 756 1801 ordini
770 1775 909 1809 prmerat),
921 1774 984 1802 dum
1003 1775 1046 1802 in-

261 1822 385 1846 tueretur
393 1818 584 1853 superbivisse,
592 1820 820 1854 sequejactitasse
830 1820 959 1848 thronum
967 1828 1045 1849 suum

261 1873 345 1901 super
359 1865 445 1893 nubes
454 1870 478 1892 et
489 1870 560 1893 astra
572 1867 736 1900 positurum,
749 1867 920 1903 similemque
931 1867 990 1896 fore.
1001 1868 1047 1896 Al-

262 1913 378 1945 tissimo,
388 1912 611 1947 quiAltissimum
620 1921 673 1940 non
684 1914 874 1949 cognoscebat.
884 1914 962 1941 Hunc
972 1922 1048 1942 mens

259 1959 350 1986 omnis
360 1965 467 1993 semper
477 1958 656 1993 contemplari
666 1959 745 1987 debet
756 1959 830 1986 velut
844 1964 961 1987 mentem
970 1964 1047 1988 atter-

261 2013 322 2032 nam
335 2005 441 2032 Patrem
454 2013 516 2032 cum
526 2005 617 2032 Verbo
628 2010 655 2032 et
669 2005 783 2040 Spiritu,
797 2011 822 2033 et
835 2013 895 2033 eum
908 2011 1047 2042 appetere,

260 2057 341 2086 atque
347 2052 380 2079 ad
388 2059 449 2079 eum
458 2043 644 2080 creaturarum
655 2053 783 2079 factorem
792 2053 919 2080 continua
930 2060 1048 2088 propen-

260 2098 338 2126 sionc
349 2099 503 2130 tenderc.et
513 2106 575 2125 eum
589 2099 615 2126 in
627 2098 735 2126 silentio
747 2099 863 2127 adorare
873 2101 1049 2134 quemadmo-

261 2145 325 2171 dum
334 2145 434 2178 angcli;
444 2144 546 2179 Deique
554 2152 635 2179 opera
645 2152 770 2178 quaenam
779 2145 834 2172 sint
843 2145 957 2172 intuitus
965 2145 1047 2173 homo

261 2191 341 2218 debet
349 2190 497 2218 secundum
508 2190 618 2225 angelos
626 2198 717 2225 agere,
726 2198 822 2226 nempe
832 2199 892 2219 eum
903 2192 1012 2227 hymnis
1020 2197 1047 2219 et

262 2236 388 2263 laudibus
398 2235 548 2264 celebrare.
564 2236 610 2263 Ait
627 2236 718 2263 enim:
735 2246 743 2262 ι
762 2237 878 2269 Quando
892 2237 964 2264 facta
984 2241 1049 2264 sunt

263 2287 348 2316 astra,
362 2282 568 2310 laudabantmo
581 2290 648 2311 voce
660 2290 757 2317 magna
773 2289 869 2310 omnes
887 2283 976 2318 angeli
995 2283 1048 2310 mei

263 2330 426 2364 hytnnisquc
442 2329 588 2356 ornabant.
609 2338 618 2354 ι
633 2328 747 2356 Vidcn'?
763 2324 911 2355 humilitati
934 2334 1008 2359 sunt,
1024 2334 1051 2356 et

263 2377 355 2404 statim
369 2376 402 2403 ad
418 2375 676 2409 contemplationem
705 2380 732 2402 et
753 2374 977 2408 gloriﬁcationem
1003 2373 1049 2400 Dei

264 2429 379 2451 utentem
399 2427 557 2454 erexerunt,
582 2423 713 2457 quoniam
743 2421 802 2455 ipse
818 2421 940 2447 omnium
958 2419 1049 2447 Domi-

265 2478 334 2504 nus;
353 2477 439 2505 neque
458 2473 566 2504 propter
580 2477 654 2501 eum,
673 2468 721 2495 sed
740 2471 850 2502 propter
870 2474 929 2500 nos,
949 2471 979 2493 ut
1000 2474 1051 2493 no-

264 2522 321 2546 stra
337 2520 465 2551 regantur
482 2523 596 2551 corpora
617 2514 735 2544 visibilia
766 2514 900 2545 condidit,
924 2514 1049 2540 invisibi-

264 2564 299 2591 lia
316 2567 451 2594 autengut
467 2563 566 2590 animis
592 2562 694 2590 nostris
713 2561 868 2596 proﬁciant.
885 2559 951 2593 Quae
969 2560 1052 2595 igitur

266 2610 371 2638 utilitas
404 2612 425 2637 si
454 2609 487 2636 de
517 2609 558 2636 his
584 2607 809 2642 corruptibilibus
833 2606 946 2634 solliciti
966 2606 1053 2634 simus

265 2666 328 2693 quae
341 2656 515 2684 studentibus
542 2663 597 2683 non
626 2660 752 2689 prosunt,
781 2654 832 2682 nisi
862 2653 924 2688 quis
951 2653 995 2680 illa
1010 2661 1054 2680 so-

266 2704 407 2732 lummodo
427 2702 554 2737 inspiciat
581 2706 610 2728 ut
637 2701 691 2728 Deo
714 2701 816 2736 gratias
845 2705 872 2727 et
896 2700 989 2727 laudes
1006 2699 1054 2726 tri-

268 2753 343 2784 lauat,
365 2755 394 2778 ut
409 2750 498 2777 solent
515 2749 614 2780 sancti.
633 2753 660 2775 et
675 2747 768 2775 'David
797 2747 869 2775 istud
889 2750 1003 2774 testatur
1025 2745 1052 2772 in

267 2799 361 2825 turritis
376 2796 487 2832 psallitis
501 2802 581 2830 opera
612 2794 657 2822 Dei
682 2793 867 2828 puedicando.
900 2792 947 2819 ille
963 2796 1052 2818 autem

268 2844 426 2879 immundus
444 2843 500 2871 ha-c
520 2842 631 2870 omnino
648 2842 749 2870 oblitus
765 2840 920 2868 Graecorum
938 2837 1052 2873 ineptias

1095 1543 1160 1570 ποία
1171 1542 1261 1577 ψυχῆς
1278 1541 1425 1576 συντρι6ή;
1441 1542 1465 1567 ει
1493 1541 1531 1576 μὴ
1551 1541 1596 1568 καὶ
1613 1540 1704 1573 οἴησιν
1720 1541 1864 1576 προστίθησι

1097 1590 1208 1625 μᾶλλον.
1222 1589 1270 1616 καὶ
1283 1590 1345 1619 ταῖς
1361 1587 1415 1614 τῶν
1430 1587 1557 1622 ἀφρόνων
1579 1587 1679 1621 ψυχαῖς
1693 1587 1745 1622 τὴν
1761 1587 1805 1614 τοῦ
1817 1595 1864 1613 σκο-

1096 1636 1185 1663 τεινοῦ
1199 1635 1258 1667 νοὸς
1271 1635 1317 1662 καὶ
1327 1634 1502 1668 ὑπερηφάνου
1513 1633 1636 1660 ἀντίθεον
1649 1633 1765 1669 γνώμην
1777 1633 1863 1665 ἐντίθη-

1086 1691 1150 1709 σιν.
1165 1682 1201 1708 Οὺ
1221 1682 1255 1708 τὰ
1271 1681 1409 1716 κτίσματα
1422 1680 1450 1707 δὲ
1471 1680 1551 1706 τοῦτο
1567 1682 1648 1712 ποιεῖ,
1666 1681 1738 1707 καλὰ
1765 1681 1815 1714 γὰρ
1838 1679 1864 1709 tit;

1097 1729 1145 1755 καὶ⁹
1161 1728 1244 1755 καλοῦ
1269 1728 1418 1761 κτίσματα,
1433 1726 1492 1753 ἀλλ’
1520 1728 1536 1761 ἠ
1556 1727 1702 1762 περίεργος
1724 1726 1865 1762 θεωρία,ἣν

1097 1775 1144 1802 καὶ
1159 1775 1337 1810 Θεωρήσαντα
1353 1773 1398 1800 τὸν
1410 1772 1568 1807 ἀποστάτην
1592 1774 1658 1807 φασί
1683 1782 1758 1804 τινες
1774 1773 1812 1808 (οὗ
1824 1771 1864 1805 γὰρ

1097 1821 1265 1856 ὑψηλοτέρας
1277 1819 1377 1855 ἠξίωτο
1397 1818 1526 1854 θεωρίας,
1540 1818 1588 1845 ἀπ’
1604 1819 1693 1853 ἀρχῆς
1720 1820 1760 1846 ὦν
1778 1817 1866 1849 ἀλαζὼν

1099 1868 1145 1895 καὶ
1175 1867 1342 1900 ὑπέροφρυς,
1369 1865 1420 1898 τῆς
1443 1864 1602 1895 τελευταίας
1626 1865 1654 1891 δὲ
1678 1865 1735 1891 τῶν
1760 1864 1865 1898 ἀγγέλων

1098 1913 1206 1948 ὑπῆρχε
1229 1910 1344 1946 τάξεως)
1372 1908 1579 1944 ὑπερφρονῆσαι
1608 1911 1637 1935 ὲν
1662 1909 1701 1943 τῷ
1730 1911 1803 1940 ἰδεῖν.
1832 1908 1866 1934 tul

1099 1960 1185 1986 θεῖναι
1201 1956 1392 1992 καυχήσασθαι
1414 1956 1507 1982 ἐπάνω
1530 1955 1585 1981 τῶν
1608 1955 1728 1989 νεφελῶν
1756 1957 1800 1982 καὶ
1823 1954 1865 1980 τῶν

1099 2005 1208 2040 ἄστρων
1239 2003 1285 2030 τὸν
1314 2002 1409 2037 θρόνον
1441 1998 1535 2032 αὑτοῦ,
1566 2003 1613 2029 καὶ
1627 2002 1721 2036 ὃμοιον
1750 2000 1817 2028 εἶναι
1838 1999 1867 2031 τῷ

1104 2051 1236 2086 Ὑψίστῳ,
1257 2048 1294 2084 μὴ
1312 2048 1399 2074 εἰδότα
1413 2047 1459 2073 τὸν
1476 2047 1620 2081 Ὕψιστον.
1648 2048 1696 2074 ’ον
1716 2048 1758 2074 δεῖ
1773 2046 1866 2080 θεωρεῖν

1101 2097 1189 2124 πάντα
1203 2095 1266 2122 νοῦν
1276 2094 1321 2122 ἀεὶ
1332 2094 1369 2126 ὡς
1439 2093 1558 2128 ἄναρχον
1568 2093 1632 2119 ὄντα
1647 2093 1709 2120 νοῦν
1722 2094 1768 2121 τὸν
1777 2092 1865 2126 Πατέρα

1101 2143 1148 2170 σὺν
1163 2142 1202 2176 τῷ
1217 2142 1296 2176 Λόγῳ
1320 2142 1367 2168 καὶ
1393 2139 1544 2174 Πνεύματι,
1561 2139 1607 2166 καὶ
1634 2140 1701 2174 προς
1727 2140 1805 2166 αὐτὸν
1831 2138 1865 2169 τὴν

1101 2189 1194 2224 ἔφεσιν
1211 2188 1294 2223 ἔχειν,
1314 2188 1360 2214 καὶ
1377 2186 1446 2222 πρὸς
1463 2186 1545 2212 αὑτὸν
1562 2186 1607 2212 ἀεὶ
1621 2186 1816 2215 ἀνατείνεσθαι,
1831 2183 1865 2209 τὸν

1100 2236 1216 2271 ποιητὴν
1242 2234 1299 2262 τῶν
1323 2234 1493 2267 κτισμάτων.
1522 2233 1569 2258 καὶ
1597 2231 1722 2265 δοξάζειν
1749 2231 1866 2264 ἀσιγήτως

1100 2282 1181 2309 αὑτὸν
1195 2281 1232 2312 ὡς
1241 2281 1265 2307 οἱ
1281 2279 1402 2314 ἄγγελοι,
1416 2279 1463 2305 καὶ
1476 2277 1547 2304 κατὰ
1563 2278 1626 2309 τοὺς
1638 2277 1771 2311 ἀγγέλους
1785 2275 1865 2304 ποιεῖν,

1101 2326 1255 2362 Θεωροῦντα
1269 2325 1330 2352 τίνα
1344 2324 1378 2350 τὰ
1389 2323 1435 2350 τοῦ
1451 2323 1518 2350 Θεοῦ
1533 2323 1682 2358 κτίσματα,
1697 2323 1790 2358 ὑμνεῖν
1803 2320 1866 2348 αὑτὸν

1101 2367 1318 2406 καὶδοξολογεῖν.
1334 2372 1416 2397 ιὊτε
1431 2380 1440 2396 ι
1454 2371 1519 2405 γὰρ1
1533 2370 1626 2405 φησὶν,
1642 2379 1651 2396 ι
1667 2370 1776 2402 ἐγένετο
1785 2368 1863 2400 ἄστρπι

1101 2419 1200 2455 ᾖνεσάν
1213 2428 1245 2454 με
1268 2419 1342 2453 φωνῇ
1376 2416 1483 2453 μεγάλῃ
1500 2416 1601 2447 πάντες
1630 2416 1742 2450 ἄγγελοί
1771 2409 1866 2449 pauxll-

1103 2466 1237 2500 ὕμνησαν.
1255 2473 1263 2490 ι
1286 2464 1392 2499 Ὀρᾷς;
1409 2462 1641 2496 Τεταπείνωνται,
1671 2464 1719 2489 καὶ
1744 2461 1807 2497 πρὸς
1829 2457 1865 2505 τίὲν

1103 2511 1150 2538 τοῦ
1169 2510 1237 2538 Θεοῦ
1267 2509 1385 2545 θεωρίαν
1400 2509 1448 2536 καὶ
1474 2508 1630 2542 δοξολογίαν
1645 2508 1727 2539 εὐθὺς
1754 2508 1797 2534 τδν
1819 2509 1866 2529 νθυν

1103 2556 1231 2590 ἔστησαν·
1247 2555 1288 2581 ὅτι
1303 2554 1351 2580 καὶ
1365 2553 1447 2585 αὐτὸς
1465 2555 1575 2579 πάντων
1592 2553 1785 2588 παραγωγεὺς,
1796 2545 1866 2576 κα.ὶοῦ

1103 2603 1136 2628 δι’
1153 2601 1234 2628 αὺτὺν
1253 2600 1286 2627 τὰ
1301 2595 1451 2635 κτίσματα,
1467 2600 1533 2626 ἀλλὰ
1544 2599 1577 2626 δι’
1593 2599 1678 2634 ἡμᾶς,
1693 2599 1736 2625 ἵνα
1755 2592 1865 2630 κυϐερνὶ-

1087 2678 1094 2687 I
1104 2658 1148 2676 ται
1165 2648 1243 2683 ἡμῶν
1258 2646 1292 2673 τὰ
1310 2648 1433 2681 σώματα.
1451 2647 1492 2673 Τὰ
1519 2647 1548 2673 δὲ
1561 2646 1632 2681 ὑπὲρ
1641 2646 1695 2672 τῶν
1707 2644 1797 2680 ψυχῶν
1807 2637 1866 2687 diu?"

1105 2695 1288 2730 ἁκατανόητα.
1305 2693 1353 2725 Τίς
1381 2691 1426 2720 οῦν
1444 2693 1460 2728 ἡ
1479 2692 1560 2727 χρεία
1591 2692 1725 2727 μεριμνᾷν
1756 2690 1813 2723 περὶ
1828 2686 1867 2712 τῶν

1106 2741 1245 2777 φθαρτῶν,
1263 2741 1310 2768 καὶ
1327 2740 1410 2776 μηδὲν
1427 2738 1604 2772 ὠφελούντων
1628 2739 1656 2764 ὲν
1673 2737 1712 2772 τῷ
1736 2733 1865 2764 κατανοεῖν.

1106 2791 1130 2815 εἱ
1148 2789 1184 2823 μή
1201 2797 1242 2820 τις
1256 2787 1435 2822 κατανοήσειε
1452 2785 1550 2821 μικρὸν
1559 2785 1604 2811 διὰ
1615 2785 1698 2819 μόνην
1713 2778 1866 2818 εὐχαριατίιν

1107 2835 1174 2862 Θεοῦ
1189 2835 1235 2862 καὶ
1250 2834 1413 2868 δοξολογίαν,
1431 2833 1468 2864 ὡς
1484 2833 1531 2859 καὶ
1554 2833 1608 2863 τοῖς
1625 2831 1712 2865 ἁγίοις
1732 2831 1788 2861 ἔθος
1807 2825 1864 2854 isti;
