1908 3041
224 61 271 96 151

641 69 830 100 SYMEONIS
855 53 1425 102 THESSALONICENSIS~ARCHIEP.

1802 66 1851 99 152

220 128 302 154 quam
319 120 470 156 piscatores
485 123 585 150 mundo
608 125 831 159 praedicaverunt,
847 132 899 151 non
917 125 943 151 in
960 132 1003 151 sa-
1017 150 1019 155 ,

1072 124 1128 159 ait).
1158 125 1229 152 κατὰ
1259 125 1311 160 τῆς
1335 125 1466 161 ἀληθινῆς
1493 125 1600 161 σοφίας,
1627 125 1662 160 ἢν
1688 124 1789 154 ἁλιεῖς
1813 123 1851 157 τῷ

221 167 322 201 pientia
338 175 504 203 sermonum,
516 176 550 196 ne
563 174 738 197 evacuaretur
749 178 813 197 crux
827 171 940 202 Christi,
953 170 1001 197 sed

221 213 248 239 in
264 212 356 240 divino
368 214 469 248 Spiritu
483 223 490 248 ;
514 216 559 250 qui
589 217 669 243 etiam
687 221 763 244 tanto
785 216 878 243 mundi
894 217 1002 250 sapien-

222 259 296 286 tibus
313 261 509 294 praestiterunt,
526 262 620 296 quanti
649 261 744 290 Patres
770 263 796 290 in
814 262 900 297 gratia
917 261 1001 289 divini

222 304 339 338 Spiritus
365 305 488 333 Barlaam
519 308 716 335 excelluerunt.
732 307 852 343 Nequam
870 309 920 336 iste
935 308 1001 335 Bar-

221 349 292 376 iaam
307 350 384 384 plura
396 353 477 379 etiam
498 358 593 380 contra
623 362 728 382 sacram
756 354 904 381 orationem
931 355 1001 381 blas-

220 396 357 430 phemans
373 399 549 437 conscripsit,
565 407 672 427 necnon
693 401 806 436 gratiam
827 401 873 428 Dei
889 405 915 428 et
930 400 1004 435 ejus-

222 441 282 468 dem
298 442 536 478 illuminationem,
561 445 610 473 has
633 454 723 480 voces,
752 456 762 473 ι
782 446 846 474 Sine
865 446 1002 474 intermis—

222 487 300 515 sione
313 494 400 522 orate,
423 500 433 516 ›
456 498 504 518 nec
520 491 671 527 intelligens
690 500 737 519 nec
751 493 774 520 is
792 493 837 527 qui
856 492 940 526 possit
955 499 1003 519 eas

223 532 384 568 intelligere.
402 535 467 563 Nam
501 538 637 571 quomodo
666 538 827 572 intelligeret
857 538 902 565 ille
926 537 1003 571 cujus

225 585 303 606 mens
317 582 429 607 vanitati
442 582 576 616 subjacet,
592 583 637 616 qui
667 583 765 611 animae
788 583 1002 618 cogitationibus

224 625 321 659 angelo
341 627 475 660 superbiae
488 628 627 655 adhaeret?
645 627 737 664 Neque
753 629 849 656 melius
864 629 1003 664 sequentia

224 669 328 704 accepit
345 678 353 697 :
373 679 382 696 ι
403 671 518 699 Psallam
550 673 659 708 spiritu,
691 673 804 708 psallam
819 679 846 701 et
867 678 975 706 mente;
992 682 1001 698 ι

223 714 264 741 vel
281 724 288 742 :
308 724 318 741 ι
334 715 482 746 Cantantes
496 722 523 745 et
539 719 685 752 pSallentes
703 720 728 746 in
740 720 822 747 corde
838 723 929 747 vestro
950 719 1004 746 Do-

225 761 317 796 mino;
346 772 354 788 ι
385 764 427 790 vel
452 773 490 792 τι
515 765 588 792 Misit
618 766 688 794 Dens
717 766 848 801 Spiritum
880 765 940 792 Filii
963 765 1003 792 sui

1055 171 1150 204 κόσμῳ
1166 170 1311 205 ἐκήρυξαν,
1327 171 1357 197 οὑ
1383 171 1466 206 σοφίᾳ
1485 171 1582 205 λόγων,
1602 171 1646 197 ἵνα
1666 170 1708 205 μὴ
1739 170 1850 203 κενωθῇ

1055 215 1069 241 ό
1087 216 1200 249 σταυρὸς
1221 216 1268 243 τοῦ
1293 216 1423 253 Χριστοῦ,
1439 217 1507 244 ἀλλὰ
1533 216 1672 251 Πνεύματι
1691 215 1790 250 θείῳ·
1806 216 1852 241 καὶ

1055 261 1109 287 τῶν
1135 261 1183 288 τοῦ
1212 262 1316 294 κόσμου
1343 263 1434 297 σοφῶν
1458 262 1664 298 ὑπερήρθησαν,
1681 262 1729 293 ὡς
1756 262 1810 288 καὶ
1829 261 1851 286 οξ

1055 306 1176 341 Πατέρες
1193 307 1222 333 ἐν
1241 307 1334 342 χάριτι
1361 307 1518 342 Πνεύματος
1537 308 1610 334 θείου
1632 306 1680 333 τοῦ
1710 305 1852 340 Βαρλαὰμ

1056 351 1259 387 ὑπερήρθησαν.
1275 350 1360 385 Οὗτος
1374 355 1388 380 ὁ
1402 353 1533 387 δύστηνος
1547 353 1680 388 Βαρλαὰμ
1696 351 1757 378 καὶ
1780 351 1855 377 πλεῖ-

1057 406 1106 424 στα
1130 398 1200 425 κατὰ
1222 399 1272 432 τῆς
1302 399 1378 434 ίερᾶς
1404 399 1562 434 προσευχῆς
1583 397 1798 432 ἐϐλασφήμησέ
1826 404 1853 422 τε

1056 443 1103 470 καὶ
1118 444 1319 479 συνεγράψατο,
1334 445 1382 472 καὶ
1402 446 1453 480 τῆς
1466 445 1514 472 τοῦ
1538 444 1607 471 Θεοῦ
1622 443 1744 479 χάριτός
1761 451 1795 468 τε
1810 442 1854 468 καὶ

1056 489 1226 524 ἐλλάμψεως,
1243 490 1283 524 τὸ,
1304 500 1314 517 t
1339 491 1535 522 Ἀδιαλείπτως
1553 489 1765 525 προσεύχεσθε,
1785 497 1796 514 ›
1817 488 1854 520 μὴ

1057 535 1157 568 συνεὶς,
1177 537 1244 571 μηδὲ
1260 537 1409 572 δυνάμενος
1425 538 1527 571 γνῶναι
1540 545 1548 553 ”
1562 536 1622 567 πῶς
1639 537 1695 570 γὰρ
1721 536 1738 560 ὁ
1757 534 1799 569 τῷ
1817 533 1855 559 ve!

1058 581 1234 615 ματαιάζων,
1261 582 1307 608 καὶ
1331 583 1369 617 τῷ
1396 582 1563 618 ὑπερηφάνῳ
1587 582 1647 613 ταῖς
1679 580 1855 616 φαντασίαις

1056 627 1106 662 τῆς
1118 626 1236 659 διανοίας
1253 628 1414 663 ἐνούμενος;
1436 628 1503 664 μηδέ
1519 627 1560 660 to.
1575 637 1585 654 t
1600 626 1804 662 Προσεὺξομαι
1820 624 1855 659 τῷ

1057 675 1204 710 πνεύματι,
1224 674 1413 710 προσεύξομαι
1434 674 1463 700 δὲ
1483 675 1530 701 καὶ
1544 673 1584 708 τῷ
1607 673 1648 699 νοτ
1660 680 1667 688 ·
1686 681 1698 698 ι
1724 672 1800 705 μηδὲ
1815 671 1854 701 τὸ,

1061 729 1070 746 t
1089 720 1213 755 ’ᾼδοντες
1233 721 1279 747 καὶ
1306 719 1452 754 ψάλλοντες
1477 720 1506 746 ἐν
1524 721 1557 754 τῇ
1581 719 1681 753 καρδὶᾳ
1708 717 1798 751 ὑμῶν
1818 715 1854 750 τῷ

1058 765 1163 799 Κυρίῳ,
1179 774 1188 791 ι
1207 764 1254 791 καὶ
1267 765 1308 791 ὅτι
1325 773 1333 790 t
1351 763 1558 797 Ἐξαπέστειλεν
1575 764 1589 789 ό
1601 763 1668 794 Θεδς
1681 763 1716 789 τὸ
1739 762 1854 795 Πνεῦμα
1887 763 1888 766 “

225 809 335 842 (nempe
351 809 476 845 gratiam)
505 810 532 841 in
554 811 680 838 cordibus
701 812 813 844 nostris,
838 812 864 838 in
881 818 934 845 quo
952 811 1007 838 cla-

1070 810 1104 837 ‘oﬁ
1115 809 1180 837 Υῑοῦ
1199 810 1293 842 αὑτοῦ,
1306 819 1315 836 ι
1325 811 1374 845 τὴν
1385 810 1466 846 χάριν
1476 810 1597 845 δηλονότι
1607 810 1636 836 ἐν
1647 810 1709 840 ταῖς
1723 807 1853 842 καρδίαις

227 861 334 882 mamus
350 864 357 882 :
380 855 468 888 Abba,
485 855 582 891 Pater;
599 866 607 882 ι
626 857 666 884 vel
688 858 769 884 etiam
791 865 799 884 :
818 867 826 883 ι
846 857 875 884 in
887 857 1003 885 ecclesia

227 900 299 927 malo
315 901 436 935 quinque
453 902 532 929 verba
550 910 631 930 sensu
648 910 707 930 meo
722 903 795 937 loqui
817 910 897 938 quam
910 902 1003 929 decem

227 945 312 973 millia
342 947 485 974 verborum
523 948 550 975 in
588 948 687 983 lingua.
714 958 723 974 ι
745 948 889 983 Propterea
915 953 1006 975 mente

227 995 389 1026 conceptam
412 994 561 1020 orationem
582 993 730 1028 prohibuit,
753 998 779 1021 et
801 993 949 1028 praesertim
965 993 1006 1020 in—

229 1038 398 1066 vocationem
414 1038 532 1072 Domini,
564 1048 644 1074 quem
673 1040 817 1067 confessus
842 1044 884 1067 est
910 1038 1006 1065 Petrus

230 1086 317 1118 palam
334 1086 427 1114 dicens
442 1097 448 1114 :
465 1096 475 1113 ‹
496 1088 535 1114 Tn
552 1095 581 1115 es
596 1087 731 1119 Christus,
744 1088 830 1114 Filius
844 1087 889 1113 Dei
907 1087 973 1114 vivi.
994 1096 1003 1112 ι

229 1132 320 1167 Itaque
358 1138 399 1160 est
431 1132 538 1161 Domini
567 1134 697 1162 traditio:
716 1143 725 1159 (
749 1133 776 1160 Si
791 1133 855 1168 quid
875 1132 1008 1168 petierilis

229 1176 335 1204 Patrem
355 1178 381 1204 in
398 1178 508 1205 nomine
530 1186 604 1210 meo,
626 1178 725 1214 inquit,
754 1178 902 1213 accipietis.
923 1187 933 1203 ι
951 1176 983 1204 Ει
1000 1185 1006 1202 :

232 1234 239 1248 ι
257 1224 286 1250 1η
303 1224 412 1252 nomine
434 1231 494 1251 meo
522 1226 656 1254 daemonia
682 1225 803 1261 ejicient,
825 1235 833 1251 ι
848 1230 874 1253 et
899 1229 1007 1258 caetera,

229 1270 359 1303 quoniam
388 1277 487 1297 nomen
521 1270 580 1305 ejus
608 1271 662 1298 vita
688 1276 798 1298 mtcrna.
827 1280 836 1296 t
858 1269 920 1297 Haec
936 1271 1008 1297 enim

230 1315 332 1349 scripta
349 1319 424 1348 sunt,
455 1315 491 1342 ait
519 1315 648 1348 Joannes,
674 1321 703 1344 ut
730 1316 848 1344 credatis
879 1315 1008 1350 quoniam

230 1358 310 1386 Jesus
328 1362 368 1386 est
385 1358 509 1388 Christus
533 1359 617 1387 Filius
646 1360 702 1393 Dei,
726 1365 752 1388 et
769 1364 798 1387 ut
816 1360 957 1388 credentes
972 1359 1009 1387 vi-

232 1409 286 1430 tam
304 1409 433 1431 aeternam
464 1404 586 1432 habeatis
608 1405 634 1432 in
652 1405 762 1432 nomine
777 1405 847 1440 ejus.
869 1414 879 1431 ι
897 1406 1011 1439 Insuper

233 1448 364 1482 Spiritum
394 1453 519 1475 sanctum
551 1448 669 1476 infundit
702 1449 838 1477 invocatio
873 1449 973 1476 Christi
1002 1458 1008 1476 :

239 1494 348 1521 uNemo
372 1498 461 1528 potest
496 1494 589 1521 dicere
625 1494 763 1521 Christum
789 1493 892 1528 Jesum,
923 1475 1046 1529 inquitC

231 1542 344 1573 Paulus,
378 1542 431 1569 nisi
459 1542 485 1568 in
520 1541 623 1577 Spiritu
652 1547 764 1575 sancto;
794 1552 803 1568 ι
830 1546 1013 1578 sexcentaque

232 1588 284 1614 alia
300 1589 332 1614 dc
355 1595 385 1614 re
414 1587 509 1614 eadem
540 1588 640 1622 scripta
681 1593 755 1615 sunt.
781 1587 879 1616 Verum
911 1592 1012 1622 quanta

233 1634 278 1661 ille
295 1633 449 1660 obcaecalns
473 1638 566 1660 contra
594 1634 716 1660 divinum
732 1634 823 1660 lumen
847 1634 961 1668 protulit
976 1638 1014 1660 te-

234 1681 350 1708 nebrosa
365 1679 468 1707 scilicet
490 1684 516 1706 et
534 1680 651 1707 obscura
674 1680 806 1714 valdeque
821 1679 956 1706 contraria
971 1679 1014 1706 di-

235 1729 303 1755 vinas
319 1727 358 1754 illi
371 1734 431 1762 quat
446 1734 584 1761 vesperam
610 1727 695 1754 nescit
711 1730 736 1753 et
757 1733 805 1760 per
819 1730 925 1752 noctem
944 1725 1015 1752 lucet

235 1772 429 1801 illuminationi
447 1771 526 1806 cujus
553 1771 659 1799 luciferi
680 1771 838 1806 angelorum
865 1771 941 1798 ebori
972 1771 1017 1797 lae-

236 1825 329 1847 tantur
357 1818 513 1854 participes,
544 1817 672 1852 quoniam
697 1818 792 1845 horum
825 1817 949 1852 voluptas
976 1817 1017 1844 di-

235 1866 317 1892 vinus
334 1863 472 1899 splendor,
493 1863 673 1898 eamdemque
700 1863 863 1898 participant
879 1864 925 1898 qui
943 1863 1016 1891 inter

237 1911 361 1938 homines
378 1915 442 1937 sunt
455 1909 547 1936 mundi
566 1909 657 1936 corde.
678 1907 740 1936 Ideo
763 1909 895 1936 adversus
906 1916 954 1936 eos
970 1907 1016 1944 qui

235 1958 318 1984 vitam
339 1957 365 1983 in
383 1956 529 1983 sanctitate
546 1955 712 1983 reconditam
728 1959 810 1989 agunt
828 1954 900 1981 velut
911 1954 1016 1982 damon

236 2003 306 2029 alius
320 2005 379 2030 erat
393 2008 520 2035 grassans
536 2000 562 2028 in
582 2007 630 2028 eos
651 2000 697 2034 qui
726 2007 740 2027 a
757 1999 924 2027 tumultuosa
942 1999 1018 2033 plebe

237 2049 367 2076 recedunt
383 2048 489 2082 solique
518 2047 573 2073 Deo
602 2046 740 2074 adhaerere
756 2045 928 2078 desiderant,
945 2053 1016 2081 quos

238 2095 339 2129 smpins
367 2093 577 2121 contritionibus
607 2093 700 2120 multis
732 2093 808 2127 pravi
831 2092 969 2127 invidique
992 2097 1019 2119 et

1055 857 1143 893 ἡμῶν,
1160 857 1273 891 κράζον,
1296 867 1305 883 ι
1332 857 1443 883 Ἀὁϐᾶὸ
1461 856 1555 890 Πατήρ
1570 863 1577 871 ·
1600 864 1609 881 ι
1631 855 1690 887 καὶ,
1711 863 1724 880 ι
1752 854 1854 887 Κρεῖσ-

1056 910 1100 929 σον
1121 902 1199 928 πέντε
1215 902 1313 935 λόγους
1327 902 1365 936 τῷ
1387 902 1429 928 νοΐ
1449 910 1500 936 μου
1525 902 1553 928 ἐν
1573 899 1713 934 ἐκκλησίᾳ
1733 898 1854 932 λαλῆσαι

1055 948 1071 983 ἢ
1090 948 1205 983 μυρίους
1225 949 1322 981 λόγους
1341 949 1369 974 ἐν
1387 948 1510 983 γλώσσῃ.
1531 957 1539 973 ι
1561 947 1606 973 Διὸ
1618 946 1666 973 καὶ
1682 945 1739 979 τὴν
1758 943 1855 979 νοερὰν

1055 993 1211 1028 προσευχὴν
1233 994 1400 1028 ἀπηγόρευε,
1422 993 1468 1019 καὶ
1494 992 1611 1027 μάλιστα
1630 990 1681 1024 τὴν
1699 989 1853 1023 ἐπίκλησιν

1056 1039 1102 1065 τοῦ
1123 1039 1237 1075 Κυρίου.
1257 1040 1290 1066 Ὃ
1312 1039 1344 1073 δὴ
1366 1039 1414 1066 καὶ
1432 1038 1562 1073 ὁμολογία
1586 1037 1633 1064 τοῦ
1663 1037 1793 1071 Πέτρου,
1816 1035 1852 1065 τὸ,

1060 1093 1069 1110 ‹
1087 1085 1121 1111 Σὺ
1138 1084 1164 1112 si
1182 1086 1195 1112 ό
1222 1085 1336 1120 Χριστὸς
1353 1086 1367 1112 6
1386 1085 1450 1115 Υίδς
1478 1084 1524 1111 τοῦ
1539 1083 1607 1111 Θεοῦ
1633 1082 1679 1109 τοῦ
1699 1082 1823 1114 ζῶντος,
1841 1089 1849 1106 ι

1057 1129 1236 1164 κηρύξαντος.
1271 1129 1326 1156 Καὶ
1355 1128 1403 1155 τοῦ
1440 1128 1545 1162 Κυρίου
1574 1125 1730 1162 παράδοσις
1759 1125 1850 1154 ἐστιν,

1057 1174 1071 1200 ἰ
1096 1175 1128 1201 Ὃ
1145 1183 1172 1201 τι
1194 1175 1226 1201 ἃν
1251 1175 1381 1210 αἰτήσητε
1408 1175 1453 1201 τδν
1475 1174 1584 1209 Πατέρα
1612 1174 1640 1198 ἐν
1667 1172 1708 1206 τῷ
1737 1169 1863 1204 ὀνόματί

1061 1229 1122 1255 μου,
1134 1230 1143 1247 ι
1154 1221 1287 1253 λέγοντος,
1301 1220 1441 1255 «λήψεσθε.
1452 1220 1518 1251 Καὶ,
1539 1228 1548 1245 ‹
1560 1219 1604 1245 'Ev
1617 1218 1656 1253 τῷ
1665 1217 1790 1252 ὀνόματί
1803 1224 1850 1251 μου

1059 1267 1185 1302 δαιμόνια
1200 1267 1348 1294 ἐκϐαλοῦσι
1365 1275 1371 1282 ·
1393 1276 1402 1293 ι
1422 1267 1517 1293 καὶτὰ
1539 1265 1630 1292 λοιπὰ.
1651 1264 1735 1291 Ἐπεὶ
1754 1263 1804 1289 καὶ
1824 1262 1852 1288 τδ

1059 1313 1145 1349 ὄνομα
1171 1314 1253 1340 αὑτοῦ
1280 1313 1337 1348 ζωὴ
1364 1313 1472 1344 αίώνιός
1503 1313 1572 1339 ἐστι.
1596 1320 1605 1337 ι
1627 1310 1726 1338 Ταῦτα
1753 1319 1765 1336 ι
1788 1309 1848 1342 γὰρ.

1061 1361 1154 1394 φησῖν.
1182 1369 1191 1386 ‹
1225 1360 1389 1393 γέγραπται.
1416 1359 1460 1386 in
1488 1357 1653 1392 πιστεύσητε
1681 1357 1726 1383 ὅτι
1749 1353 1850 1389 Ἰησοῦς

1062 1408 1136 1433 ἐστιν
1150 1407 1163 1433 ὀ
1179 1407 1296 1441 Χριστος
1310 1408 1324 1434 ὁ
1342 1407 1405 1438 Υίὺς
1419 1406 1466 1433 τοῦ
1483 1406 1561 1438 Θεοῦ,
1582 1406 1629 1432 καὶ
1643 1404 1688 1431 ἵνα
1703 1400 1849 1429 πιστεύον-

1062 1461 1106 1484 τες
1121 1453 1193 1487 ζωὴν
1213 1453 1293 1488 ἔχητε
1309 1453 1338 1479 ἐν
1356 1453 1394 1487 τῷ
1410 1453 1521 1487 ὀνόματι
1545 1452 1641 1479 αὑτοῦ.
1660 1460 1670 1477 ι
1688 1451 1750 1477 Καὶ
1767 1449 1849 1476 Πνεὺ-

1067 1508 1151 1533 ματος
1165 1500 1240 1533 ἁγίου
1256 1500 1409 1534 παρεκτικη
1424 1500 1440 1534 ἡ
1457 1499 1599 1533 ἐπίκλησις
1616 1497 1751 1532 Χριστοῦ.
1778 1505 1788 1521 t
1803 1494 1849 1521 Οὗ-

1065 1545 1120 1575 δεὶς
1138 1544 1248 1571 δύναται
1262 1544 1349 1571 εἰπεῖν
1365 1546 1466 1580 Κύριον
1485 1544 1599 1578 Ἰησοῦν,
1619 1544 1643 1569 εί
1661 1543 1699 1577 μὴ
1719 1543 1754 1569 ἐν
1769 1539 1851 1568 Πνεύ-

1067 1597 1132 1621 ματι
1160 1590 1240 1625 ἁγίῳ,
1271 1599 1280 1615 ι
1306 1591 1389 1624 φησί·
1408 1592 1454 1618 καὶ
1478 1590 1563 1625 μυρία
1589 1589 1624 1616 τὰ
1647 1588 1717 1623 ὑπὲρ
1746 1587 1848 1615 τούτου.

1074 1635 1169 1663 Ὀποΐα
1186 1636 1214 1663 δὲ
1239 1637 1253 1662 ὀ
1280 1636 1474 1670 ἐσκοτισμένος
1496 1637 1565 1663 κατὰ
1589 1635 1636 1662 τοῦ
1658 1635 1734 1661 Θεῐου
1767 1632 1850 1667 φωτδὲ

1068 1681 1194 1716 ὲλάλησε,
1211 1682 1334 1708 σκοτεινά
1353 1690 1417 1709 τινα
1433 1683 1482 1708 καὶ
1500 1681 1609 1716 ζοφώδη
1626 1683 1674 1708 καὶ
1689 1680 1789 1716 πὸρῤω
1807 1678 1848 1704 καὶ

1068 1728 1176 1754 ἐναντία
1187 1728 1236 1762 τῆς
1249 1729 1401 1762 ἁνεσπέρου
1420 1729 1527 1762 ἐκείνης
1542 1728 1742 1763 φρυκτωρικῆς
1760 1735 1790 1753 τε
1809 1723 1849 1750 καὶ

1069 1775 1143 1806 θείας
1168 1774 1339 1809 ἐλλάμψεως,
1355 1772 1388 1810 ἦς
1407 1775 1454 1801 καὶ
1472 1774 1527 1801 τῶν
1542 1774 1668 1808 ἀγγέλων
1689 1774 1714 1800 οῑ
1732 1771 1849 1807 φαεσφό-

1071 1829 1112 1855 ροι
1130 1821 1203 1855 χοροὶ
1226 1820 1383 1856 ἀκορέστως
1403 1821 1546 1855 μετέχουσι
1570 1820 1617 1846 καὶ
1635 1819 1848 1854 εὐφραίνονται·

1070 1865 1110 1892 ὅτι
1132 1866 1178 1892 καὶ
1205 1866 1354 1896 ἀπόλαυσις
1374 1865 1478 1896 τούτοις
1504 1866 1520 1900 ἠ
1541 1864 1598 1891 θεία
1612 1864 1787 1898 λαμπρότης,
1806 1860 1847 1888 καὶ

1069 1911 1123 1938 τῶν
1135 1910 1286 1946 ἀνθρώπων
1299 1912 1323 1938 oi
1339 1911 1455 1946 καθαροὶ
1471 1910 1520 1945 τὴν
1538 1910 1654 1945 καρδίαν
1679 1910 1846 1944 μετέχουσιν.

1077 1958 1153 1985 Ἐπεὶ
1169 1958 1222 1992 γὰρ
1235 1959 1305 1984 κατὰ
1321 1958 1374 1984 τῶν
1389 1957 1468 1992 ίερῶς
1483 1957 1676 1992 ἡσυχαζόντων
1690 1955 1848 1990 κινούμενος

1070 2002 1105 2039 ἦν
1120 2005 1157 2035 ὡς
1184 2004 1247 2031 ἄλλο
1273 2003 1422 2038 δαιμόνιον,
1440 2003 1585 2038 βασκαῖνον
1609 2002 1664 2033 τοῖς
1679 1999 1847 2036 ἀναχωροῦσι

1071 2049 1125 2076 τῶν
1147 2050 1175 2076 ἐν
1200 2048 1334 2083 θορύϐοις,
1349 2048 1394 2074 καὶ
1414 2048 1474 2081 Θεῷ
1500 2050 1580 2080 μόνον
1597 2047 1740 2081 σχολάζειν
1760 2044 1849 2072 ἐπιθυ-

1074 2094 1181 2130 μοῦσιν,
1204 2092 1244 2126 οἷς
1263 2096 1310 2122 καὶ
1332 2094 1446 2120 πλεῖστα
1475 2093 1607 2125 πολλάκις
1630 2093 1654 2119 oi
1672 2092 1790 2127 πονηροὶ
1808 2089 1848 2116 καὶ

239 2140 375 2167 maledicti
390 2141 528 2166 daemones
545 2138 665 2166 alliciunt
679 2138 876 2173 erroribusquc
891 2138 1019 2165 imbuunt

1073 2139 1199 2174 φθονεροὶ
1218 2141 1265 2166 καὶ
1288 2139 1437 2174 κατάρατοι
1461 2139 1589 2173 δαίμονες
1611 2138 1716 2172 ἐπῆγον
1740 2137 1774 2164 τὰ
1799 2136 1850 2162 θλι-

238 2186 334 2220 graliae
365 2184 412 2211 Dei
436 2184 589 2219 divinaque
623 2184 814 2211 illuminationi
843 2183 1018 2218 adversariis,

241 2233 288 2268 qui
305 2239 366 2259 cum
381 2231 498 2258 tenebrat
516 2230 572 2257 sint
597 2229 625 2256 in
650 2230 775 2264 angelum
792 2229 860 2256 lucis
881 2234 1021 2257 transmu-

244 2282 347 2308 tantur,
364 2277 486 2304 volentes
506 2275 567 2303 illos
589 2282 603 2302 ο
629 2275 701 2302 bono
728 2274 869 2309 proposito
887 2279 1021 2307 avertere,

242 2333 277 2353 ne
299 2325 352 2352 sint
367 2330 429 2351 cum
445 2322 510 2355 Deo,
530 2321 657 2356 quoniam
675 2320 725 2356 ipsi
752 2327 766 2347 a
793 2321 848 2348 Deo
868 2320 947 2355 longe
959 2319 1022 2347 facti

242 2377 316 2404 sunt,
331 2380 363 2399 ne
382 2372 499 2398 humana
515 2372 610 2395 natura
636 2367 770 2395 materiali
794 2374 908 2401 corpore
924 2367 1022 2393 donata

240 2417 356 2451 spiritali
374 2423 467 2444 eorum
487 2419 591 2442 natura:
622 2413 784 2449 praecelleat.
812 2411 934 2439 lnvidum
950 2413 1023 2438 enim

242 2464 394 2490 daemonum
411 2469 497 2497 genus
520 2468 575 2495 pra:
599 2459 726 2495 superbia
750 2458 829 2494 cujus
844 2457 956 2493 gratiaa
969 2457 1023 2484 Deo

241 2508 400 2537 defecerunt
415 2511 442 2534 et
455 2507 563 2535 caelitus
580 2506 732 2541 praecipites
746 2504 843 2539 deiecti
866 2509 941 2535 sunt,
957 2511 1022 2531 nec-

243 2562 297 2582 non
312 2561 397 2588 usque
409 2552 511 2580 invidet
535 2553 569 2580 iis
593 2559 639 2586 qut
655 2552 709 2579 Deo
725 2550 821 2578 volunt
837 2557 884 2584 per
900 2549 1024 2577 solitudi-

244 2608 306 2627 nem
320 2603 346 2626 ct
361 2598 520 2626 munditiam
541 2602 622 2632 atque
634 2597 784 2624 orationem
802 2595 915 2623 ﬁrmiter
935 2595 1026 2623 adhae-

245 2653 316 2676 rere.
332 2644 458 2679 ideoque,
483 2648 560 2678 prout
589 2643 717 2674 diximus,
736 2646 872 2669 certantes
888 2643 1024 2669 sexcentis

244 2691 401 2719 incursibus
414 2689 620 2724 aggrediuntur,
633 2692 658 2715 et
675 2695 829 2722 quanquam
839 2688 958 2715 tenebrae
969 2687 1024 2714 sint

245 2745 276 2765 ac
293 2738 367 2765 velut
381 2737 471 2771 fulgur
487 2735 520 2763 de
531 2735 601 2762 cmlo
618 2734 778 2771 ceciderint,
792 2735 819 2760 in
843 2734 968 2768 angelum
983 2733 1023 2760 lu-

245 2785 285 2812 cis
300 2786 521 2811 trausmutantur
543 2786 571 2810 ut
595 2781 741 2809 nonnullos
757 2779 902 2814 decipiant.
918 2779 963 2807 llle
976 2787 1023 2806 au<

1074 2186 1150 2220 ϐερὰ,
1166 2186 1215 2212 καὶ
1232 2185 1303 2212 κατά
1324 2185 1372 2220 τῆς
1387 2184 1433 2211 τοῦ
1460 2184 1529 2211 Θεοῦ
1556 2184 1667 2219 χάριτος
1684 2184 1732 2210 καὶ
1749 2182 1795 2209 τοῦ
1813 2183 1848 2207 ἐν·

1074 2233 1136 2259 θέου
1156 2232 1297 2268 φωτισμοῦ
1321 2232 1428 2263 πλάνας
1445 2232 1546 2266 ἐπῆγον
1561 2231 1662 2263 αὐτοῖς,
1679 2231 1720 2261 είς
1740 2228 1848 2263 ἄγγελον

1075 2278 1162 2313 φωτὸς
1185 2280 1208 2304 οἱ
1236 2278 1331 2309 σκότος
1357 2277 1432 2308 ὄντες
1456 2275 1768 2311 μετασχηματιζόμενοι,
1786 2273 1848 2299 ἀπα-

1075 2324 1170 2357 γαγεῖν
1195 2323 1246 2358 τῆς
1267 2323 1353 2358 καλῆς
1376 2323 1475 2353 αὐτοὺς
1503 2322 1659 2357 προθυμίας
1685 2320 1847 2355 βουλόμενοι,

1075 2370 1122 2395 καὶ
1137 2369 1184 2395 τοῦ
1201 2369 1269 2404 μετᾶ
1292 2369 1359 2395 Θεοῦ
1375 2365 1443 2395 εἶναι
1465 2369 1502 2399 ὡς
1517 2368 1595 2394 αὐτοὶ
1618 2367 1712 2402 πόρρω
1728 2365 1847 2400 γεγόνασι

1075 2414 1122 2441 τοῦ
1138 2414 1217 2446 Θεοῦ.
1238 2415 1281 2441 ἴνα
1310 2415 1347 2449 μὴ
1374 2413 1531 2448 ἀνθρωπίνη
1559 2412 1640 2447 φύσις
1658 2413 1706 2438 καὶ
1718 2412 1749 2438 τὸ
1765 2408 1848 2437 ὑλικὸν

1075 2461 1113 2496 τῷ
1133 2461 1239 2495 σώματι
1255 2459 1410 2494 κεκτημένη
1436 2459 1564 2493 ὑπεράνω
1580 2459 1628 2493 τῆς
1645 2458 1728 2485 ἁῢλου
1745 2456 1847 2483 ἐκείνων

1075 2508 1189 2542 γένηται
1217 2506 1343 2540 φύσεως·
1377 2505 1508 2540 φθονερὸν
1545 2505 1600 2539 γὰρ
1627 2502 1800 2538 ὑπερηφανίᾳ
1823 2499 1847 2525 τὸ

1076 2552 1213 2587 δαιμόνιον
1239 2550 1331 2585 φῦλον,
1350 2551 1384 2578 δι’
1412 2551 1445 2584 ἢν
1471 2551 1518 2577 καὶ
1542 2550 1610 2577 Θεοῦ
1626 2549 1792 2584 ἠστόχησαν,
1806 2546 1846 2571 καὶ

1075 2597 1220 2633 οὐρανόθεν
1244 2596 1406 2632 ἐρρίφησαν,
1424 2596 1471 2622 καὶ
1485 2596 1528 2622 ἀεὶ
1546 2594 1706 2628 φθονοῦντες
1727 2594 1779 2619 εἰσι
1799 2590 1846 2618 τοῖς

1075 2644 1114 2678 τῷ
1137 2642 1196 2677 Θεῷ
1220 2642 1438 2677 προσκολλᾶσθαι
1454 2642 1497 2668 διὰ
1516 2640 1661 2676 μονώσεως
1684 2639 1731 2665 καὶ
1754 2636 1845 2668 καθᾶρ-

1077 2697 1145 2720 σεως
1165 2688 1211 2714 καὶ
1226 2687 1379 2723 προσευχῆς
1395 2687 1567 2722 βουλομένοις
1580 2694 1587 2702 ο
1604 2685 1666 2712 ὅθεν
1691 2684 1737 2711 καὶ
1754 2681 1842 2718 μυρίας

1076 2734 1208 2768 ἐπάγουσι
1230 2734 1286 2764 τοῖς
1309 2732 1522 2768 ἀγωνιζομένοις
1536 2733 1584 2763 τὰς
1600 2730 1740 2765 ἐπηρείας,
1761 2725 1844 2755 καὶὠς

1077 2781 1236 2815 εἰρήκαμεν,
1256 2780 1294 2812 εἰς
1310 2779 1424 2814 ἄγγελον
1451 2779 1539 2814 φωτὸς
1551 2778 1575 2805 οί
1590 2778 1684 2808 σκότος
1699 2775 1837 2802 τελοῦντες.
