1908 3041
50 101 100 134 15'!

577 107 769 139 DIALOGUS
788 106 941 138 CONTRA
962 109 1152 139 PLERESES.

1629 107 1680 139 15‘i

48 160 98 186 καὶ
116 159 155 192 ὡς
178 160 314 198 ἀστραπὴ
342 163 470 196 πεσόντες
490 164 538 192 ἀπ’
556 165 685 200 οὐρανοῦ,
707 173 844 200 μετασχη-

899 172 950 196 lem
968 167 1091 195 Barlaam
1115 173 1146 196 ut
1170 168 1283 202 angelus
1299 175 1332 195 ex
1350 165 1410 195 istis
1425 164 1578 195 ordinibus,
1593 163 1680 190 lucem

49 205 223 239 ματίζονται,
240 207 276 234 ῐν¹
301 209 461 243 ἀπατήσωσί
486 218 572 242 τινας.
586 211 650 243 ίΚαὶ
676 211 690 237 ὁ
712 210 845 244 Βαρλαὰμ

49 249 141 283 οὗτος,
166 252 203 284 ὡς
233 254 352 287 ἄγγελος
373 256 458 281 τελῶν
479 256 603 288 ἐκείνων,
625 257 762 283 σκοτεινὸν
786 256 844 290 φῶς

49 295 278 333 ὑποκρινόμενος,
295 301 365 328 κατὰ
378 302 432 328 τῶν
455 302 606 336 ίσαγγέλων
622 303 702 329 θείων
725 302 845 337 ἀνδρῶν,

50 343 100 369 καὶ
122 344 208 371 αὑτοῦ
224 346 273 372 τοῦ
291 346 363 373 θείου
386 348 475 382 φωτὸς
497 348 675 380 ἀντετάξατο.
701 347 756 374 Καὶ
781 348 846 373 ἀκο-

50 390 174 424 λούθως,
205 393 242 424 ὡς
267 393 323 420 ἔδει
347 394 454 427 αὐτοῖς,
480 395 560 421 τοῦτο
583 395 707 429 διενοήθη
737 402 767 420 τε
799 393 845 420 καὶ

49 437 206 474 διεπράχθη
230 440 286 470 τοῖς
314 440 441 475 δαίμοσι,
471 441 519 468 καὶ
541 441 588 467 τὸν
613 441 718 476 μύστην
741 439 845 466 τούτων

50 484 130 510 αὐτοὶ
149 484 222 511 κατὰ
235 486 283 512 τοῦ
296 486 368 513 θείου
386 488 474 521 φωτὸς
488 487 535 514 καὶ
559 489 608 522 τῆς
626 487 764 522 μακαρίας
790 486 845 512 τῶν

50 531 179 564 ἀγγέλων
204 532 374 567 ὲλλάμψεως,
395 534 419 560 οἱ
448 534 542 565 σκότος
568 534 711 567 γεγονότες
740 542 770 560 τε
798 533 845 559 καὶ

50 577 209 610 λεγόμενοι,
224 578 271 604 τὸν
292 579 337 605 ίσα
351 579 457 610 τούτοις
480 579 673 613 ὲσκοτισμένον
694 579 843 613 κεκινήκα-

52 631 94 648 σιν
112 623 249 657 ἀνοήτως.
271 623 350 650 Ἐπεὶ
363 624 424 650 οὐδὲ
438 625 514 651 ίσασι
530 624 556 650 τί
571 623 603 651 τὸ
618 624 675 657 φῶς
691 625 790 656 ἐκεῖνο,
807 623 844 659 μὴ

50 667 146 694 τούτου
165 669 338 703 μετέχοντες,
353 670 447 704 πόρρω
462 669 491 696 δὲ
515 669 617 704 μᾶλλον
629 669 716 701 ὄντες,
731 671 778 696 καὶ
804 670 845 700 εἰς

49 714 80 739 τὺ
94 713 232 748 ἐξώτερον
247 715 343 746 σκότος
359 715 412 750 52
432 716 685 750 παραπεμπόμενοι
713 716 764 742 σὺν
787 716 844 746 τοῖς

50 760 157 794 ὁμοίοις
177 761 281 793 αὐτοῖς,
295 760 353 792 τοῖς
375 762 422 788 καὶ
438 762 485 788 ὑπ’
499 762 590 789 αὐτῶν
606 762 779 796 κινουμένοις
792 770 798 777 ·
814 761 844 792 ὃς

899 215 1071 242 tenebrosam
1090 214 1220 246 referens,
1236 214 1366 241 adversus
1384 213 1459 239 viros
1476 210 1584 237 divinos
1597 216 1683 242 ange-

897 260 931 287 lis
946 260 1049 287 similes
1075 259 1217 293 ipsamque
1243 259 1362 285 divinam
1393 257 1481 284 lucem
1499 254 1616 286 obstitit,
1633 259 1682 278 ea-

897 307 1015 341 demque
1029 314 1060 333 ac
1074 306 1211 332 dzemones
1229 304 1278 335 illi,
1304 309 1332 330 ut
1357 309 1467 330 necesse
1488 305 1558 331 erat,
1579 299 1683 326 machi-

897 357 978 380 natus
995 352 1119 383 tentavit,
1135 351 1191 386 qui,
1210 358 1272 377 eum
1287 349 1404 377 tenebrae
1423 348 1478 375 sint
1492 351 1573 379 atque
1589 345 1683 372 dican-

897 403 952 430 tur,
967 398 1071 426 eisdem
1095 397 1214 424 tenebris
1230 396 1391 428 caligantem
1420 394 1540 420 animum
1557 391 1684 418 invisibi-

898 444 958 470 liter
974 443 1118 470 movebant
1145 442 1187 469 bis
1213 441 1354 470 erroribus
1380 440 1525 471 imbutum,
1552 437 1684 464 adversus

897 488 1017 515 divinum
1038 488 1127 514 lumen
1149 487 1319 520 faustamquc
1348 486 1505 520 angelorum
1522 481 1685 510 illustratio-

897 542 970 561 nem.
990 534 1087 561 Verum
1104 541 1166 560 cum
1192 533 1317 560 nesciant
1343 531 1407 566 quid
1428 531 1463 558 sit
1479 530 1544 557 illud
1564 530 1654 556 lumen
1669 535 1684 554 a

896 588 952 614 quo
969 579 1158 607 nedumillius
1185 579 1248 605 facti
1275 579 1331 605 sint
1360 577 1518 611 participes,
1545 576 1623 608 longe
1636 582 1683 608 po-

898 626 953 652 tius
975 629 1149 652 recesserunt
1175 624 1201 650 in
1231 623 1357 649 tenebras
1387 622 1539 657 exteriores
1568 619 1683 647 immissi

896 679 958 699 cum
980 670 1157 698 consortibus
1185 670 1243 697 suis
1274 669 1429 702 animisque
1442 675 1512 702 quas
1532 667 1684 698 duxerunt,

896 717 941 745 ille
955 716 1080 744 ed‘utiens
1097 716 1179 750 impie
1197 715 1325 742 cantabat
1347 714 1388 742 Vel
1412 713 1531 741 divinam
1554 720 1608 739 non
1624 719 1686 739 esse

895 763 1117 795 illustrationem,
1147 762 1189 789 vel
1218 762 1240 788 si
1266 768 1382 796 prorsus
1420 761 1466 792 sit,
1506 759 1580 786 illam
1612 765 1684 789 esse,

50 807 99 833 καὶ
115 807 260 855 δυσσεϐῶς
284 809 301 844 ἢ
319 808 356 844 μὴ
378 807 448 836 εῐναι
478 809 554 837 θείαν
578 810 714 844 ἐλλαμψιν
728 810 845 844 ἐφληνά-

899 810 982 844 probl
999 814 1124 836 naturam
1142 808 1187 835 Dei
1200 807 1346 835 invisibilis
1358 810 1385 833 et
1399 803 1684 840 incomprehensibilis

51 860 160 886 φησεν,
184 853 201 887 ἢ
228 853 309 888 εἴπερ
339 854 407 886 ὅλως
436 856 507 887 ἐστὶ,
538 855 621 890 φύσιν
648 854 718 882 εἶναι
741 854 842 888 ταύτην

51 896 140 929 Θεοῦ,
172 897 300 933 (βαϐαίί)
326 898 373 925 τοῦ
398 899 526 934 ἀοράτου,
557 901 604 927 καὶ
634 899 768 934 ἀλήπτου,
796 901 843 926 καὶ

51 942 215 976 ἀπροσίτου.
234 944 290 970 Καὶ
312 944 394 972 πάλιν
407 947 604 980 στρεφόμενος,
619 946 657 977 ὡς
680 945 789 979 ἀληθῶς
804 945 842 971 ὢν

53 988 223 1022 παράφρων,
243 998 253 1015 t
279 990 311 1016 Εί
325 989 402 1025 ὤφθη
423 991 491 1024 φῶς,
509 992 602 1025 φησὶν,
619 991 717 1026 ὁρατὸν
733 989 779 1025 ἦν,
796 991 843 1017 καὶ

53 1033 77 1059 ει
104 1035 213 1069 ὁρατὸν,
229 1035 260 1062 οὐ
278 1035 363 1068 Θεός·
381 1037 429 1063 καὶ
445 1037 469 1063 εί
483 1037 622 1064 ἐπαύσατο
635 1037 761 1072 ὁρᾶσθαι,
775 1036 842 1071 μηδδ

52 1080 183 1107 δύνασθαι
199 1079 272 1108 εἶναι
284 1090 292 1098 ·
308 1082 353 1109 καὶ
368 1082 411 1109 διὰ
424 1083 503 1109 τοῦτο
516 1083 614 1118 φάσμα
629 1092 656 1110 τι
668 1081 739 1110 εἶναι
754 1083 844 1111 τοῦτο.

54 1127 86 1153 Et
108 1127 132 1154 δ’
161 1128 271 1163 ἀληθῶς
295 1129 370 1155 ἐστιν
396 1129 540 1164 ἔλλαμψις,
556 1130 658 1164 κτίσμα
682 1128 753 1156 εἶναι
774 1129 845 1156 κατὰ

53 1173 170 1207 καιροὺς
196 1173 402 1207 συνιστάμενον,
430 1175 573 1209 γινόμενόν
589 1185 618 1202 τε
644 1176 692 1203 καὶ
715 1176 845 1210 ἀπογινό-

57 1225 158 1250 μενον,
182 1217 231 1249 τὴν
252 1218 300 1244 τοῦ
319 1218 387 1245 Θεοῦ
410 1219 492 1254 χάριν
520 1220 568 1246 καὶ
587 1220 687 1254 νοητὴν
711 1219 846 1253 ἐλλαμψιν

56 1263 173 1298 κτιστήν
185 1260 268 1294 εἶναι.
290 1263 307 1299 ἥ
326 1264 459 1299 μηδαμῶς
481 1262 552 1291 εἶναι
573 1263 742 1299 δογματίζων
756 1265 770 1291 ὸ
782 1265 846 1291 δυσ--

57 1308 151 1343 σεσής.
177 1309 222 1336 Ἐν
249 1307 294 1341 αἷς
320 1310 406 1345 δήπερ
428 1310 567 1342 ἀσεϐείαις
585 1311 633 1337 καὶ
654 1311 780 1342 ἀτοπίαις
799 1309 847 1336 καὶ

56 1354 181 1389 διάδοχον
197 1355 296 1381 ἑαυτοῦ
317 1355 361 1382 τὸν
383 1355 514 1390 δύστηνον
535 1357 639 1382 ἐκεῖνον
654 1355 734 1391 ἔσχεν
759 1355 848 1382 Ἀκίν-

57 1401 150 1426 δυνον·
174 1401 223 1427 καὶ
253 1401 294 1428 ἐτι
320 1401 410 1435 Δεξιόν
437 1410 511 1433 τινα,
541 1402 588 1428 τὸν
623 1401 672 1436 τῆς
700 1401 848 1436 ἀριστερᾶς

60 1448 185 1482 μερίδος·
205 1448 253 1474 καὶ
285 1448 418 1483 ’Δργυρὺν
442 1448 489 1475 τὸν
517 1447 557 1474 [οὗ
585 1447 696 1482 μεστὸν,
725 1447 773 1474 τὸν
801 1447 848 1473 καὶ

59 1494 126 1520 πολῦ
143 1494 174 1520 τὸ
195 1494 323 1528 κίϐδηλον
344 1495 394 1529 τῆς
415 1493 554 1529 Ἑλλήνων
571 1493 708 1529 φλυαρίας
729 1494 847 1528 πλουτή-
861 1489 883 1519 C

60 1549 143 1568 σαντα
155 1549 164 1557 ·
182 1543 229 1569 καὶ
244 1542 299 1575 πρὸ
314 1541 403 1568 αὐτῶν
418 1541 564 1576 Γρηγορᾶν
591 1541 694 1567 ἐκεῖνον
714 1540 760 1566 τὸν
778 1539 847 1566 ἁπο-

61 1586 181 1620 στάτην’
201 1587 227 1613 οἶ
252 1587 300 1613 καὶ
314 1587 363 1621 τὴν
387 1587 467 1622 χάριν
481 1586 607 1619 καθάπαξ
631 1585 784 1620 ὴθετήκασι
801 1584 849 1611 τοῦ

61 1632 139 1664 Θεοῦ,
153 1633 202 1659 καὶ
214 1632 266 1668 τὴν
281 1633 401 1667 φυσικὴν
414 1633 496 1660 αὑτοῦ
510 1632 626 1667 δύναμιν
642 1633 690 1659 καὶ⁸
707 1632 850 1666 ἐνέργειαν

62 1679 254 1713 ὲξηρνὴσαντο,
269 1679 405 1713 μηδεμίαν
431 1678 545 1713 δύναμιν
569 1679 710 1714 προσεῖναι
726 1669 850 1712 λέγοντες

61 1725 98 1759 τῷ
113 1724 184 1759 Θεῷ,
196 1725 265 1759 μηδὲ
279 1725 385 1759 ἃδρεάν
399 1733 428 1751 τε
444 1725 492 1752 καὶ
506 1725 586 1759 χάριν
600 1725 629 1757 ὲξ
642 1724 726 1751 αὐτοῦ
742 1724 851 1759 προϊοῦ-

64 1779 120 1800 σαν,
138 1771 310 1802 ἁπεναντίας
331 1771 370 1805 τῷ
391 1771 551 1805 Εὐαγγελίῳ
577 1780 606 1797 τε
624 1771 671 1798 καὶ
689 1772 745 1802 τοῖς
760 1771 850 1805 λόγοις

63 1819 108 1844 καὶ
131 1818 250 1852 πράξεσι
275 1817 330 1844 τῶν
358 1817 488 1852 μαθητῶν
513 1818 561 1844 τοῦ
587 1818 706 1853 Χριστοῦ
741 1818 787 1845 καὶ
812 1817 851 1852 τῷ

61 1865 145 1900 λοιπῷ
163 1864 238 1900 χορῷ
261 1864 318 1890 τῶν
333 1865 418 1898 ἁγίων
439 1865 518 1900 ἡμῶν
549 1865 680 1900 Πατέρων
699 1865 849 1899 βαίνοντες.

63 1912 93 1938 οἶ
107 1912 210 1942 πάντες
231 1911 302 1945 ὁμοῦ
316 1912 397 1938 αὐτὸν
411 1911 461 1947 μὲν
484 1911 530 1938 τὸν
544 1911 646 1946 Κύριον
662 1912 707 1938 τὸν
722 1912 768 1938 τοῦ
782 1911 850 1938 Θεοῦ

65 1959 195 1993 μονογενῆ
223 1958 288 1984 Υίὸν
311 1959 358 1985 καὶ
387 1958 473 1992 Λόγον
496 1959 526 1984 ἐν
553 1959 587 1993 τῇ
619 1957 673 1993 ίδίᾳ
701 1957 850 1984 ὑποστάσει

63 2004 242 2038 σαρχωῦῆναί
264 2012 343 2037 φασι,
371 2003 419 2030 καὶ
441 2003 583 2039 ἄνθρωπον
609 2004 748 2038 γενέσθαι,
780 2009 850 2032 κατα

62 2050 190 2084 ἀλήθειαν
222 2050 338 2084 μένοντα
367 2048 453 2082 Θεὸν,
488 2050 534 2076 καὶ
563 2049 742 2076 ἀναλλοίωτον
769 2049 849 2076 ὄντα·

63 2097 135 2130 ἡμᾶς
156 2096 186 2123 δὲ
207 2097 246 2131 μὴ
270 2096 336 2122 Θεὸν
357 2096 549 2127 ὲνυποστάτως
568 2095 696 2128 δέξασθαι
711 2097 757 2123 καὶ
780 2097 850 2123 κατὰ

63 2143 142 2177 φύσιν
167 2142 318 2176 ἐνωθῆναι.
342 2143 390 2168 Ἐν
419 2142 473 2177 γὰρ
499 2143 588 2170 ἐκεῖνο
613 2143 644 2173 τὺ
668 2144 848 2178 πρόσλημμα,

63 2191 130 2224 ὅπερ
160 2190 347 2225 προσείληφεν
372 2189 463 2224 ἑαυτῷ
491 2190 505 2216 ό
530 2189 577 2215 τοῦ
605 2189 673 2216 Θεοῦ
703 2190 849 2225 μονογενὴς

62 2237 158 2269 Λόγος,
184 2236 233 2262 καὶ
260 2231 339 2270 ᾧπερ
370 2235 463 2270 ἄκρως
492 2235 597 2270 ἠνώθη,
623 2236 672 2262 καὶ
699 2236 851 2272 ἀδιαίρετον

62 2286 155 2309 τούτου
173 2284 250 2316 μένει
268 2282 306 2312 ὡς
323 2281 368 2307 καὶ
384 2281 547 2315 ἀσύγχυτον.
567 2281 732 2316 Ἐπειδήπερ
748 2283 851 2318 ἑκάστη

62 2329 142 2362 φύσις
162 2329 196 2354 τὰ
223 2328 279 2354 [δια
300 2327 448 2361 κέκτηται,
464 2327 480 2361 ἡ
498 2326 560 2354 θεία
575 2327 609 2353 τὰ
626 2327 696 2359 θεῖα,
709 2328 726 2362 ἠ
744 2327 850 2363 ἀνθρω-

62 2376 124 2410 πίνη
155 2384 186 2401 τε
215 2374 250 2401 τὰ
276 2373 426 2406 ἀδιάϐλητοι
459 2373 514 2399 τῶν
543 2373 714 2408 ἀνθρώπων·
741 2375 789 2400 καὶ
822 2375 852 2401 ὲν

61 2420 152 2456 ἐκείνῃ
181 2420 234 2456 μὲν
260 2420 291 2447 τὸ
326 2419 545 2455 ἀπερίγραπτον,
573 2419 621 2446 καὶ
643 2420 848 2454 ἀκατάληπτον,

62 2467 108 2493 καὶ
125 2468 278 2501 ἄτρεπτον,
299 2466 347 2492 καὶ
366 2466 409 2492 ἀεὶ
423 2465 464 2498 ὃν,
481 2465 528 2492 καὶ
545 2465 575 2492 τὺ
591 2465 807 2501 παντοδύναμον,
821 2467 850 2493 ἐν

61 2514 92 2545 τῇ
120 2511 282 2547 ἀνθρωπίνῃ
308 2511 336 2537 δὲ
360 2511 389 2536 τὺ
415 2510 613 2545 περιγραπτὺν,
640 2510 670 2536 τὸ
696 2511 804 2546 ὁρατὸν,
821 2512 851 2538 τὸ

60 2557 232 2592 ψηλαφητὸν,
248 2557 280 2582 τὸ
295 2555 476 2585 ἀλλοιοῦσθαι.
493 2555 523 2582 τὸ
536 2555 680 2591 ἄρξασθαι.
698 2557 742 2582 Διὸ
758 2557 789 2590 δὴ
804 2558 850 2583 καὶ

63 2603 274 2638 αεσαρκωμένος
286 2604 300 2629 ὁ
317 2603 402 2636 Λόγος
422 2603 537 2637 ἑωρᾶτο,
553 2603 598 2628 καὶ
614 2601 786 2637 ἑψηλιφᾶτο,
803 2603 851 2629 καὶ

28 2661 29 2664 π
61 2650 172 2684 ἔπασχε,
191 2650 241 2676 καὶ
257 2648 383 2682 ἐθνησκε,
396 2649 443 2674 καὶ
459 2648 598 2679 ἀνίστατο,
616 2648 646 2674 οὐ
659 2649 692 2683 τῇ
706 2647 785 2682 φύσει
801 2648 850 2683 τῆς

62 2695 199 2729 Θεότητος,
219 2696 254 2729 τῇ
276 2694 305 2721 δὲ
328 2694 408 2727 φύσει
431 2694 478 2720 τοῦ
504 2693 641 2728 σώματος.
658 2694 739 2720 ’Ὅθεν
763 2695 810 2721 καὶ
837 2696 850 2721 ὁ

61 2741 241 2776 ἠγαπημέιιος
257 2741 349 2774 φησ”.ν.
362 2749 371 2765 ι
388 2741 421 2767 "0
433 2738 465 2775 ἦν
480 2740 526 2766 ἀπ’
540 2740 636 2775 ἀρχῆς,
646 2740 660 2766 ὃ
674 2740 847 2774 ἑωράκαμεν,

61 2786 74 2811 ὃ
89 2786 264 2820 gemmae:
289 2787 344 2817 τοῖς
360 2786 509 2820 ὀφθαλμοῖς
537 2787 626 2821 ἡμῶν,
640 2787 685 2812 καὶ
706 2787 734 2812 αἱ
759 2787 849 2821 χεῖρες

64 2831 139 2866 ἡμῶν
163 2831 354 2867 ἐψηλάφησαν,
374 2841 382 2858 ι
402 2832 464 2866 περὶ
495 2831 540 2858 τοῦ
565 2830 656 2865 Λόγου
681 2833 730 2867 τῆς
757 2832 846 2866 ζωῆς·

896 861 978 890 atque
1005 854 1217 882 inaeeessibilis.
1237 853 1411 887 Rursumque
1441 857 1604 881 conversus,
1620 857 1682 876 cum

895 909 958 929 vere
987 901 1118 932 insaniat,
1135 901 1158 928 si
1181 901 1272 927 lumen
1299 898 1437 933 apparuit,
1456 898 1557 929 aiebat,
1577 896 1685 923 visibile

895 952 965 979 erat,
986 948 1008 975 si
1028 955 1092 974 vero
1111 951 1170 974 erat
1195 946 1312 979 visibile,
1330 944 1402 972 Deus
1416 951 1469 970 non
1486 947 1555 974 erat,
1572 943 1685 976 insuper

895 995 918 1022 si
932 995 965 1022 ab
980 994 1069 1021 oculis
1087 993 1208 1024 evanuit,
1235 1000 1287 1018 nou
1315 996 1406 1018 tamen
1427 997 1486 1018 esse
1510 989 1600 1021 desiit,
1630 990 1682 1016 hoc

896 1045 955 1069 erat
976 1039 1158 1074 phantasmati
1186 1039 1286 1066 simile.
1302 1038 1373 1065 Vera
1399 1043 1489 1064 autem
1517 1036 1681 1063 illuminatio

895 1091 1020 1115 creatura
1048 1091 1090 1114 est
1120 1093 1169 1120 pro
1197 1084 1330 1119 temporis
1359 1083 1566 1118 opportunitate
1581 1076 1684 1109 consti-

896 1137 953 1161 tuta
967 1140 1028 1167 quae
1042 1132 1122 1159 modo
1136 1132 1164 1158 iit
1177 1137 1204 1158 et
1220 1131 1301 1157 modo
1312 1130 1424 1160 desinit,
1441 1128 1487 1156 ille
1507 1136 1570 1155 vero
1584 1127 1685 1161 impius

897 1179 963 1206 falsa
979 1185 1110 1213 spargens
1134 1178 1270 1211 dogmata,
1285 1176 1400 1210 gratiam
1419 1174 1466 1201 Dei
1480 1173 1687 1207 spiritalemque

898 1224 1106 1253 illustrationem
1122 1227 1169 1250 aut
1185 1222 1359 1250 conditorem
1377 1227 1439 1248 esse
1460 1225 1507 1247 aut
1530 1219 1687 1246 nullatenus

898 1279 960 1299 esse
975 1271 1128 1298 asserebat.
1159 1268 1187 1296 ln
1209 1269 1310 1303 quibus
1326 1266 1514 1301 impietatibus
1538 1271 1563 1291 et
1578 1263 1688 1298 ineptiis

899 1325 1087 1346 successorem
1113 1317 1212 1344 habuit
1236 1315 1438 1350 nequissimum
1460 1312 1644 1348 Acindynnm,
1661 1315 1688 1337 et

899 1365 1010 1398 insuper
1025 1363 1139 1389 Dexium
1155 1361 1301 1396 quemdam
1315 1360 1362 1394 qui
1378 1359 1411 1386 ad
1428 1359 1568 1386 sinistram
1580 1362 1686 1391 partem

899 1408 1055 1440 declinavit,
1072 1412 1099 1436 et
1116 1408 1251 1442 Argyrum
1267 1412 1373 1432 veneno
1390 1403 1570 1438 plenum-qui
1593 1402 1687 1428 admo-

900 1454 964 1481 dum
984 1456 1043 1480 erat
1060 1452 1164 1479 ditatus
1178 1458 1260 1486 prava
1285 1449 1441 1477 Graecorum
1468 1447 1633 1482 nugacitate,
1659 1449 1688 1472 et

901 1504 964 1528 ante
979 1500 1040 1527 illos
1057 1499 1205 1533 Gregoram
1228 1497 1363 1523 famosum
1383 1499 1547 1530 apostatam,
1564 1493 1610 1527 qui
1625 1499 1688 1527 gra-

902 1547 966 1574 tiam
985 1547 1030 1574 Dei
1056 1546 1166 1581 penitus
1184 1547 1365 1579 negaverunt,
1382 1543 1523 1577 ipsamque
1537 1541 1597 1574 ejus
1616 1539 1688 1566 nati~

900 1600 962 1622 vam
979 1591 1130 1630 potentiam
1144 1595 1170 1618 et
1183 1589 1371 1624 operationem
1388 1587 1554 1617 abnuerunt,
1567 1585 1689 1612 dicentes

902 1639 1003 1667 nullam
1025 1637 1078 1664 Deo
1109 1637 1201 1664 inesse
1217 1638 1393 1669 potestatem,
1414 1640 1502 1667 neque
1520 1631 1624 1658 donum
1641 1637 1689 1657 ne-

902 1692 954 1720 que
969 1684 1083 1719 gratiam
1098 1683 1131 1710 ab
1146 1682 1205 1716 ipso
1220 1680 1341 1716 prodire,
1355 1680 1488 1706 adversus
1499 1676 1689 1710 Evangelium,

902 1737 1100 1764 sermonesque
1126 1734 1152 1755 et
1177 1731 1256 1755 actus
1280 1725 1478 1760 discipulorum
1503 1722 1605 1751 Christi
1626 1721 1688 1748 reli-

902 1783 1041 1812 quumque
1065 1775 1180 1801 chorum
1205 1778 1364 1800 sanctorum
1390 1771 1500 1798 Patrum
1530 1773 1687 1796 nostrorum

903 1822 1085 1849 ambulantes.
1106 1820 1157 1853 Qui
1180 1827 1276 1847 omnes
1298 1817 1379 1845 simul
1397 1818 1486 1852 ipsum
1509 1816 1618 1850 quidem
1636 1813 1689 1840 Do-

903 1869 1007 1895 minum
1027 1867 1126 1894 Filium
1143 1866 1190 1893 Dei
1214 1864 1382 1899 unigenitum
1405 1863 1580 1896 Verlutmque
1596 1861 1688 1888 dicunt

902 1914 929 1940 in
954 1912 1062 1947 propria
1090 1918 1206 1946 persona
1231 1911 1404 1937 incarnalum
1429 1907 1515 1934 fuisse
1540 1906 1683 1932 hominem-

902 1968 954 1995 que
970 1959 1072 1986 l‘actum
1092 1964 1166 1990 esse,
1196 1958 1351 1982 manentem
1368 1954 1395 1980 in
1419 1952 1533 1979 veritate
1553 1950 1637 1977 licunt
1661 1954 1687 1976 et

892 2007 928 2033 ,in
938 2003 1160 2032 immutabilitate
1172 2005 1339 2036 perstantem
1352 2007 1360 2031 ;
1374 2006 1424 2026 nos
1442 2004 1505 2024 vero
1515 2003 1689 2030 nequaquam

903 2052 986 2079 Deum
1002 2049 1154 2078 secundum
1170 2046 1350 2075 substantiam
1378 2044 1519 2078 accepisse
1534 2048 1622 2076 neque
1647 2048 1691 2068 se-

901 2097 1020 2125 cundum
1037 2099 1162 2123 naturam
1177 2093 1313 2120 adunatos
1331 2098 1413 2124 esse;
1438 2096 1522 2117 unum
1539 2088 1611 2114 enim
1628 2090 1689 2113 erat

902 2143 969 2170 illud
986 2141 1058 2177 quod
1075 2140 1127 2168 sibi
1144 2137 1293 2173 assumpsit
1308 2135 1427 2163 Verbum
1446 2133 1492 2161 Dei
1507 2131 1690 2167 unigenitum,

902 2194 929 2216 et
943 2188 986 2216 cui
998 2190 1073 2215 arcte
1086 2185 1261 2219 coniunctum
1276 2187 1327 2214 est,
1350 2189 1365 2208 a
1381 2188 1436 2216 quo
1451 2183 1542 2206 manet
1562 2177 1691 2205 indivisi-

903 2235 957 2263 bile
970 2234 1040 2262 sicut
1052 2237 1078 2260 et
1094 2229 1300 2259 inconfusibile.
1317 2228 1384 2255 Cum
1400 2226 1500 2259 cuique
1521 2227 1623 2250 natura:
1641 2229 1690 2249 sua

903 2282 969 2312 sint,
988 2279 1087 2307 divinae
1109 2277 1211 2309 divina,
1232 2276 1356 2303 humanae
1376 2270 1591 2304 bumaua,vitiis
1611 2275 1690 2295 exce-

903 2327 967 2361 ptis,
984 2324 1055 2352 etin
1078 2323 1124 2351 illa
1152 2321 1262 2357 quidem
1287 2316 1526 2351 incircumscripta
1549 2312 1690 2341 immensi-

904 2377 958 2404 tas,
990 2367 1278 2404 incomprehensibilis
1309 2364 1441 2395 iniinitas,
1469 2358 1688 2389 immutabilitas.

902 2416 1042 2444 aeternitas
1053 2420 1080 2442 et
1098 2411 1295 2447 omnipotentia
1310 2418 1317 2442 ;
1337 2410 1365 2436 in
1385 2409 1503 2434 humana
1519 2408 1609 2431 autem
1628 2409 1689 2429 esse

902 2461 1123 2496 circumscripta,
1154 2457 1281 2488 visibilis,
1309 2453 1421 2486 tactilis,
1436 2449 1586 2481 mutabilis,
1605 2453 1632 2476 et
1650 2449 1690 2475 in-

902 2507 1020 2542 cepisse,
1051 2495 1218 2541 quapropter
1254 2503 1428 2528 incarnatum
1456 2496 1574 2539 Verbum
1601 2495 1689 2521 visum

903 2535 954 2580 fuit
978 2557 1005 2580 et
1014 2535 1228 2584 icontrecta‘tum
1256 2551 1425 2581 passamque
1440 2547 1467 2570 et
1483 2535 1630 2571 mortuum,
1649 2542 1691 2565 at-

903 2606 955 2632 que
975 2596 1136 2627 resurrexit,
1167 2601 1220 2620 non
1238 2592 1331 2619 divina
1359 2589 1485 2625 equidem
1504 2587 1551 2614 sed
1571 2586 1690 2612 humana

902 2628 1000 2672 natura
1015 2652 1023 2676 ς
1039 2642 1109 2669 unde
1127 2640 1243 2667 dilectus
1258 2638 1295 2665 ait
1310 2636 1462 2671 discipulus
1477 2643 1484 2661 :
1500 2642 1509 2659 ι
1544 2630 1621 2664 Quod
1639 2628 1691 2655 fuit

901 2693 936 2720 ab
952 2691 1041 2722 initio,
1058 2688 1130 2724 quod
1156 2686 1356 2722 perspeximus,
1385 2683 1503 2710 vidimus
1530 2677 1617 2705 Oculis
1640 2681 1689 2724 no-

903 2739 980 2770 stris,
999 2742 1026 2764 et
1037 2743 1134 2763 manus
1145 2738 1247 2761 nostrae
1273 2731 1513 2759 contreetaverunt
1541 2725 1573 2751 de
1599 2721 1689 2749 Verbo

901 2785 972 2815 vitae,
985 2787 1012 2809 et
1025 2783 1081 2808 vita
1097 2779 1272 2808 manifestata
1291 2781 1334 2805 est
1351 2783 1358 2809 ;
1377 2779 1404 2802 et
1427 2770 1620 2800 annuntiamus
1643 2774 1690 2793 vo-

901 2832 943 2859 bis
965 2830 1045 2859 vitam
1069 2835 1197 2857 aeternam
1223 2835 1284 2862 quae
1302 2828 1359 2852 erat
1372 2821 1443 2858 apud
1460 2820 1578 2848 Patrem.
1598 2820 1625 2844 et
1641 2821 1690 2849 ap-
