1908 3041
38 152 91 183 137

590 150 783 183 DIALOGUS
806 148 954 180 CONTRA
975 148 1167 180 HERESES.

1614 148 1665 180 138

38 211 87 237 τὸν
106 209 180 236 θεῖον
205 209 309 237 Λέοντα
336 212 453 239 πάππαν
478 211 585 247 ἔχουσα,
603 211 650 237 καὶ
667 209 731 241 τοὺς
746 207 827 236 αυτοῦ

884 213 946 233 vum
974 206 1082 241 quidem
1101 204 1219 233 Leonem
1237 211 1334 240 papam
1358 205 1530 241 adjuvantem
1557 205 1663 234 habens

34 256 244 291 τοποτηρητάς,
267 256 412 293 Διόσκορον
426 258 455 285 δὲ
476 256 679 291 1Δλεξανδρείας
701 255 747 282 καὶ
771 253 824 282 Εὑ-

34 293 120 337 τυχῆ’
136 301 328 338 πρεσϐύτερον
355 303 402 330 καὶ
432 304 495 335 τοὺς
528 303 577 329 σὺν
607 301 697 332 αὐτοῖς
730 299 825 327 καθαι-

34 347 134 382 ροῦσα.

328 394 456 422 ΚΕΦΑΛ.
482 395 550 422 κη’.

214 439 284 474 Περὶ
299 439 353 474 τῆς
369 440 508 474 πέμπτης
521 439 667 468 συνόδου.

73 485 130 512 Καὶ
147 485 165 518 ή
184 485 300 521 πέμπτη
326 486 353 512 δὲ
379 487 433 512 τῶν
458 486 557 513 ἑκατὸν
583 485 717 521 ἑξήκοντα
741 483 827 518 ἁγίων

34 531 180 566 Πατέρων,
196 527 231 567 ἧς
245 531 399 567 ’Λγαπητδς
412 532 525 563 πάππας
533 531 645 567 ἔξαρχος
660 531 688 557 ὲν
703 531 736 565 τῇ
751 531 828 557 Κων-

37 577 194 608 σταντίνου,
210 577 282 603 κατὰ
299 576 346 603 τοῦ
368 578 523 612 Ὧριγένους
539 577 583 604 καὶ
605 577 721 611 Διδύμου
736 584 766 602 τε
780 576 828 602 καὶ

37 621 192 656 Εὖαγρίου,
203 622 331 649 παλαιῶν
346 632 427 650 τινων
443 624 493 658 τὴν
510 623 621 655 κακίαν,
638 622 702 657 περί
720 630 749 648 τε
764 623 829 648 ἀνα-

37 668 162 699 στάσεως
198 669 306 703 νεκρῶν
335 670 382 696 καὶ
410 669 546 696 πλείστων
575 669 662 697 ἄλλων
688 669 828 704 ζητήσεων

36 712 229 748 ἀθροισθεῖσα,
245 715 280 741 τὰ
294 715 375 750 ὃμοια
398 716 459 747 ταῖς
485 717 537 751 πρὸ
551 715 635 751 αὐτῆς
649 715 714 750 περῖ¹
726 715 773 742 τοῦ
791 716 828 741 ιε-

38 759 88 793 ροῦ
106 760 143 785 Συ
148 759 252 794 μϐόλου
266 761 493 796 νενομοθέτηκεν.

336 807 461 834 ΚΕΦᾹΛ.
484 808 550 836 ΚΘ¹.

107 852 180 886 Περὶ
191 852 248 886 τῆς
262 850 352 886 ἕκτης
365 861 397 879 τε
411 853 460 880 καὶ
472 853 600 888 ἑϐδόμης
611 854 757 882 συνόδου.

79 895 113 923 Ἦ
140 897 211 932 ἕκτη
237 897 267 924 δὲ
295 898 350 925 τῶν
377 899 473 925 ἑκατὸν
498 899 753 935 ἐξήκοντακπέντε,
782 901 829 927 καὶ

40 942 141 978 ἑϐδόμη
157 943 213 970 τῶν
236 944 400 978 τριακοσίων
416 944 558 979 ἐξήκοντα,
579 941 616 972 ὧν
642 946 659 981 ἠ
678 946 727 981 μὲν
753 947 781 972 ἑν
794 946 828 981 τῇ

39 989 98 1024 Νέᾳ
116 989 215 1026 Ῥώμῃ
230 992 262 1025 τῇ
281 990 486 1017 Κωνσταντίνου
504 991 574 1017 κατά
592 1000 621 1018 τε
638 992 767 1026 Ὀνωρίου
780 991 828 1026 τῆς

40 1035 159 1067 παλαιᾶς
181 1036 294 1071 Ῥώμης
308 1038 356 1064 καὶ
368 1037 481 1071 Σεργίου
497 1038 544 1064 καὶ
562 1038 671 1074 Πύρῥου
686 1039 734 1073 τῆς
750 1039 829 1066 Κων-

41 1083 302 1116 σταντινουπὸλεως,
314 1083 361 1109 καὶ
389 1083 491 1110 λοιπῶν
507 1084 595 1111 ἄλλων
621 1084 828 1119 Μονοθελητῶν,

41 1129 57 1162 ἡ
76 1128 115 1160 δὲ,
132 1128 163 1154 ἐν
179 1129 283 1163 Νικαῖᾳ
306 1129 336 1155 τὸ
362 1129 498 1162 δεύτερον,
522 1129 591 1156 κατὰ
612 1130 666 1156 τῶν
691 1130 829 1157 δυοσεὸῶν

39 1173 308 1208 εἰκονομαχούντων,
325 1174 515 1209 ἀριδηλότερόν
530 1183 559 1200 τε
577 1175 624 1201 καὶ
641 1175 712 1210 μετὰ
729 1174 828 1202 πολλοῦ

41 1218 126 1253 ζήλου
141 1218 177 1245 τὰ
192 1219 258 1253 περὶ
281 1218 327 1245 τοῦ
351 1219 424 1245 θείου
445 1219 584 1255 Συμὸόλου
610 1220 726 1252 ἐξέθετο.
743 1221 796 1248 Καὶ
813 1221 829 1256 ἡ

43 1265 94 1298 μὲν
108 1264 176 1299 ἕκτη
190 1264 296 1296 λέξεσιν
312 1265 408 1297 αὐταῖς
425 1267 473 1292 καὶ
486 1265 517 1292 τὸ
529 1266 579 1299 τῆς
595 1266 706 1302 πρώτης
720 1268 828 1294 συνόδου

41 1310 167 1345 ἐκτίθησι
183 1310 324 1344 Σύμϐολον
347 1311 395 1337 καὶ
419 1311 450 1337 τὺ
466 1311 516 1346 τῆς
533 1312 671 1346 δευτέρας,
685 1313 731 1340 καὶ
746 1314 830 1349 μηδὲν

41 1357 130 1390 τούτῳ
158 1357 319 1389 προσθεῖναι
339 1355 529 1383 διακελεύεται
543 1357 580 1391 υή
599 1356 626 1383 δέ
653 1366 685 1391 γε
717 1358 828 1394 ἑϐδόμη,

41 1401 70 1428 ἓν
84 1402 190 1437 ἔχουσα
203 1402 234 1427 τὸ
253 1402 302 1436 τῆς
319 1401 430 1436 πρώτης
448 1410 477 1428 τε
499 1402 545 1428 καὶ
560 1402 700 1437 δευτέρας,
716 1403 783 1438 ὅπερ
797 1404 829 1439 δὴ

40 1449 87 1474 καὶ
102 1448 147 1474 ἐπ’
170 1447 321 1482 ἐκκλησίας
334 1447 519 1482 ηκηρύττομεν,
532 1447 640 1481 λέξεσιν
656 1448 750 1480 αὐταῖς
764 1449 830 1476 αὐτὸ

40 1493 154 1528 γράφει.
173 1493 230 1520 Καὶ
241 1493 305 1524 τοὺς
323 1488 571 1528 προσθήσονταξὲν
587 1493 674 1529 τούτῳ
685 1494 703 1530 ἢ
718 1495 831 1530 ἀφελόν-

40 1547 100 1571 τας,
131 1539 300 1574 ίερωμένους
329 1539 379 1574 μὲν
407 1540 567 1575 καθαιρέσει
593 1541 641 1567 καὶ
669 1542 867 1583 κλὴρικοὺς,(;

40 1586 154 1617 λλῖκοὺς
171 1586 199 1612 δὲ
218 1585 420 1612 καθυποΰάλλει
445 1586 485 1621 τῷ
512 1586 677 1622 ἀναθέματι.
706 1587 784 1615 Οὕτω
801 1589 830 1615 τὺ

44 1632 143 1658 σεπτδν
157 1631 239 1658 τοῦτο
260 1631 447 1667 συνεκροτήθη
464 1631 596 1659 πάντοθεν
618 1632 766 1668 Σύμὸολον,
784 1635 832 1661 καὶ

43 1677 95 1703 ὑπὸ
120 1676 176 1703 τῶν
203 1677 334 1711 Πατέρων
352 1677 581 1713 ὲπισφραγισθὲν,
607 1678 758 1715 ἐκηρύχθη,
784 1681 831 1707 καὶ

42 1723 99 1754 τοῖς
117 1723 258 1757 θαύμασιν
277 1723 389 1749 ἐκείνων
411 1724 459 1750 καὶ
483 1723 573 1757 λόγοις
601 1724 766 1759 ἐϐεϐαιώθη,
783 1726 831 1752 καὶ

42 1770 97 1800 τοῖς
113 1768 316 1804 συγγράμμασι
333 1768 379 1794 καὶ
393 1768 431 1804 τῷ
442 1768 525 1795 τέλει.
536 1768 622 1796 Τοῦτο
641 1770 696 1805 γὰρ
721 1772 768 1798 καὶ
783 1771 831 1806 βα-

45 1815 220 1849 πτιζόμενοι,
241 1815 279 1847 ὡς
297 1815 459 1849 εἰρήκαμεν,
478 1815 521 1841 ἐπ’
536 1815 684 1851 ἐκκλησίας
702 1819 829 1852 καθωμο-

44 1862 176 1896 λὴτησαν,
187 1862 236 1887 καὶ
245 1861 295 1896 τὴν
307 1860 457 1896 ἱερωσύνην
468 1861 616 1896 δεχόμενοι,
628 1863 829 1898 προεκήρυξαν,

45 1910 91 1934 καὶ
116 1908 300 1938 τελευτῶντες
327 1907 364 1938 ὡς
390 1906 496 1940 ἑφόδιον
521 1907 691 1942 ὡμολόγουν,
707 1910 754 1936 καὶ
771 1909 831 1945 Θεῷ

43 1955 129 1989 δῶρον
156 1954 288 1987 παρεῖχον
313 1949 510 1984 ἑπιτελὲύτιον,
525 1949 563 1978 ὧν
580 1953 627 1979 καὶ
649 1953 683 1979 τὰ
704 1949 829 1988 Biduum,

44 2000 89 2026 tul
107 2000 143 2026 τὰ
160 1999 244 2033 μέχρι
259 1997 306 2024 τοῦ
321 1997 368 2023 νῦν
382 1997 416 2023 δι’
431 1997 519 2023 αὐτῶν
541 1997 644 2032 ίάματά
656 2005 686 2024 τε
704 1999 752 2026 καὶ
764 1998 830 2024 θαύ-

47 2053 118 2078 ματα
139 2045 170 2071 τὺ
193 2045 267 2071 θεῖον
290 2043 369 2070 τοῦτο
387 2043 525 2078 Σύμὸολον
545 2044 775 2079 ἐπιμαρτυροῦσι,
797 2044 829 2070 δι’

45 2089 74 2118 οὗ
97 2092 145 2118 καὶ
161 2091 212 2126 τὴν
237 2091 349 2126 εἰρήνην
365 2091 381 2126 ή
403 2090 553 2125 Ἐκκλησία
569 2091 713 2125 ἐκέκτητο,
730 2091 776 2117 καὶ
796 2091 830 2117 τὰ

47 2138 113 2172 μέλη
131 2137 181 2164 τοῦ
194 2136 316 2172 Χριστοῦ
330 2136 456 2171 ἡνωμένα
471 2136 598 2171 ἀλλήλοις
610 2134 692 2171 ἦσαν,
708 2136 754 2163 καὶ
766 2137 830 2172 Χρι-

47 2185 106 2216 στὸς
121 2185 138 2219 ἡ
153 2184 250 2218 είρήνη
267 2181 346 2217 ήμῶν
360 2182 398 2213 ὡς
414 2182 520 2216 κεφαλὴ
534 2179 567 2216 ἦν
585 2183 638 2214 τοῖς
654 2181 766 2216 μέλεσιν
778 2184 827 2209 αὐ-

878 251 1019 287 vicemque
1032 251 1091 287 ejus
1105 255 1276 286 praestantes,
1290 251 1449 280 Dioscorum
1463 259 1528 279 vero
1543 250 1669 279 Alexani

877 297 986 325 drinum
998 301 1025 325 et
1040 297 1179 333 Eutychen
1196 298 1386 333 presbyterum
1413 305 1561 332 eorumque
1589 305 1662 325 asse-

878 343 936 370 clas
948 343 1123 371 subvertens.

1143 388 1260 416 CAPUT
1277 387 1398 416 XXVIII.

1129 434 1166 462 De
1192 435 1291 470 synodo
1315 436 1417 470 quinti].

914 479 948 507 At
960 480 1085 515 quintum
1095 480 1242 507 concilium
1260 482 1293 507 ad
1308 481 1380 515 quod
1395 486 1503 509 centum
1520 485 1547 508 et
1558 486 1666 515 septua-

879 525 954 559 ginta
971 525 1065 553 Patres
1083 526 1169 552 sancti
1187 532 1385 557 convenerunt,
1402 527 1445 553 cui
1462 527 1571 561 praefuit
1596 526 1666 561 Aga-

879 575 958 606 pclus
978 578 1046 606 papa
1063 571 1090 598 in
1106 571 1217 599 civitate
1245 571 1431 605 Constantini,
1450 578 1546 599 contra
1573 571 1667 608 Orige—

880 625 953 650 nem,
971 616 1154 653 Didymum_et
1168 617 1327 652 Evagrium,
1341 618 1415 645 viros
1432 618 1533 645 malitia
1548 623 1666 648 veteres,

881 671 987 691 necnon
1002 663 1216 690 resurrectionis
1232 668 1400 690 mortuorum
1419 671 1500 691 causa
1527 664 1666 698 plurium-

880 717 934 744 que
948 710 1064 736 aliorum
1092 710 1210 744 capitum
1241 709 1340 736 similia
1358 709 1392 736 de
1420 713 1514 736 sancto
1538 709 1668 744 Symbolo

881 755 976 782 statuit
988 762 1019 782 ac
1031 755 1145 782 concilia
1161 755 1236 789 prius
1248 760 1407 782 c0nvocata.

1161 801 1272 828 CAPUT
1285 800 1382 829 XXIX.

1057 845 1095 873 De
1110 847 1210 881 synodo
1235 852 1309 874 sexta
1325 852 1350 874 et
1368 848 1490 882 septima.
1527 871 1531 875 .

926 891 1038 919 Sextum
1072 892 1230 925 concilium,
1263 892 1306 920 cui
1342 898 1450 920 centum
1482 897 1508 921 et
1528 893 1668 928 sexaginta

882 937 1002 972 quinque
1015 937 1121 972 Patres,
1141 944 1168 966 et
1187 939 1342 973 septimum,
1361 939 1404 967 cui
1418 939 1532 967 trecenti
1550 944 1576 967 et
1591 947 1670 966 sexa-

883 983 957 1016 ginta
976 983 1132 1016 adfuerunt,
1149 984 1214 1011 illud
1229 984 1339 1019 quidem
1358 993 1434 1012 nova:
1449 985 1542 1013 Romae
1554 993 1568 1012 a
1595 984 1668 1011 Con-

883 1029 1003 1056 stantino
1014 1029 1155 1057 aediﬁcatae
1168 1031 1300 1058 adversus
1320 1030 1471 1058 llonorium
1488 1031 1586 1058 veteris
1611 1030 1666 1058 llo-

884 1082 933 1101 mze
945 1075 1102 1110 episcopum
1119 1080 1201 1111 atque
1215 1077 1339 1111 Sergium
1351 1083 1377 1104 et
1391 1077 1523 1113 Pyrrhum
1535 1078 1669 1106 Conslan-

884 1121 1094 1156 tinopolilanum
1111 1127 1282 1157 ceterosque
1297 1123 1366 1151 alios
1385 1123 1592 1155 lllonothelelas,
1610 1123 1663 1151 hoc

883 1173 947 1194 vero
976 1167 1075 1194 iterum
1103 1168 1199 1196 Nicmaz
1217 1169 1350 1196 adversus
1382 1169 1481 1204 impios
1519 1170 1667 1204 imaginum

883 1220 1025 1241 eversores
1045 1219 1223 1242 convocalum
1243 1214 1305 1248 fuit,
1321 1215 1410 1250 palam
1427 1215 1511 1244 multo
1525 1216 1615 1243 studio
1638 1224 1668 1243 ea

883 1265 943 1293 qua
954 1259 986 1286 ad
1002 1259 1124 1287 divinum
1139 1260 1299 1291 Svmbolum
1314 1262 1668 1296 spectantdeclaraverunt.

884 1305 998 1333 Sextum
1014 1307 1124 1341 quidem
1150 1307 1229 1342 primi
1253 1312 1280 1334 et
1295 1308 1410 1335 secundi
1424 1308 1532 1335 concilii
1550 1308 1666 1344 Symbo-

883 1349 938 1376 lum
955 1350 1082 1384 ﬁrmavit,
1097 1355 1124 1378 et
1139 1359 1172 1379 ne
1196 1351 1261 1386 quid
1278 1352 1424 1379 adderetur
1441 1354 1594 1387 prohibuit.
1618 1354 1668 1382 Se-

884 1396 999 1431 ptimum
1017 1401 1107 1424 autem
1136 1405 1221 1424 unum
1254 1397 1528 1433 primi-secundique
1559 1400 1668 1427 concilii

884 1440 1042 1476 Symbolum
1066 1441 1170 1469 habens
1191 1442 1264 1477 quod
1293 1443 1320 1469 in
1345 1444 1458 1471 ecclesia
1478 1445 1670 1479 praedicamus.

884 1487 936 1514 hoc
953 1487 1011 1515 suis
1026 1487 1138 1522 scripsit
1150 1487 1261 1520 litteris,
1277 1489 1358 1523 eique
1369 1489 1502 1516 audentes
1518 1491 1668 1526 quidquam

883 1534 983 1562 addere
1000 1534 1041 1561 vel
1064 1534 1098 1562 ab
1114 1542 1147 1562 eo
1161 1536 1306 1563 detrahere
1323 1536 1479 1564 sacerdotes
1494 1537 1605 1571 quidem
1641 1542 1669 1564 et

883 1581 998 1608 clericos
1012 1587 1027 1607 a
1046 1580 1179 1614 dignitate
1198 1581 1302 1616 dejicit,
1321 1581 1405 1610 Iaicos
1422 1591 1486 1610 vero
1501 1584 1667 1611 anathemati

883 1626 1004 1661 subjicit.
1018 1625 1111 1661 Itaque
1125 1618 1270 1661 augustum
1284 1627 1348 1654 illud
1364 1627 1524 1663 Symbolum
1547 1629 1669 1663 undique

884 1670 934 1698 fuit
948 1672 1147 1699 conclamatum
1163 1677 1189 1699 et
1206 1681 1219 1699 a
1243 1672 1370 1700 Patribus
1386 1674 1572 1709 obsignatum,
1605 1683 1668 1703 nec-

883 1725 936 1745 non
955 1718 988 1745 ab
1001 1719 1103 1746 eisdem
1122 1719 1300 1754 pradicatum
1319 1724 1401 1754 atque
1417 1722 1556 1749 miraculis
1571 1730 1666 1749 eorum

882 1767 909 1789 et
927 1763 1017 1790 verbis
1039 1763 1205 1799 scriptisque
1230 1771 1262 1792 ac
1301 1770 1389 1793 morte
1416 1766 1564 1795 ﬁrmatum.
1593 1767 1667 1796 Istud

882 1809 965 1839 enim.
989 1810 1060 1836 sicut
1077 1810 1206 1843 diximus,
1222 1815 1249 1838 et
1264 1811 1394 1846 baptizati
1410 1812 1437 1839 in
1468 1813 1584 1840 ecclesia
1603 1822 1668 1841 con-

883 1854 946 1881 l'essi
961 1858 1036 1887 sunt,
1048 1859 1074 1882 et
1091 1856 1247 1884 sacerdotio
1261 1855 1360 1884 initiati
1382 1858 1611 1892 prmdicaverunt,
1639 1866 1666 1887 et

883 1900 1030 1928 morientes
1045 1905 1075 1927 ut
1090 1901 1217 1928 viaticum
1231 1901 1398 1936 habuerunt,
1417 1902 1525 1938 Deoque
1539 1905 1663 1932 ultimum

883 1953 982 1973 munus
998 1946 1175 1981 obtulerunt';
1190 1955 1307 1982 quorum
1324 1949 1446 1983 reliquiae
1466 1954 1492 1976 et
1508 1950 1664 1978 sanationes

882 1997 963 2027 atque
977 1993 1107 2020 miracula
1126 2001 1172 2028 per
1187 2001 1234 2021 eas
1250 1994 1360 2029 impleta
1373 1984 1494 2023 divinum
1507 1996 1572 2024 illud
1587 1997 1666 2034 Sym-

881 2037 972 2065 bolum
999 2043 1142 2071 testantur,
1177 2047 1231 2074 quo
1258 2047 1352 2074 pacem
1379 2040 1499 2069 Ecclesia
1517 2050 1663 2071 consecuta

881 2087 931 2116 est,
961 2088 988 2110 et
1013 2084 1134 2111 membra
1162 2084 1263 2112 Christi
1289 2085 1347 2117 sibi.
1371 2086 1488 2114 invicem
1518 2088 1663 2123 conjuncta

881 2134 954 2162 sunt,
969 2129 1151 2165 Christusque
1166 2138 1217 2165 pax
1229 2137 1320 2158 nostra
1337 2131 1427 2161 laetus
1439 2137 1498 2167 est;
1513 2141 1574 2161 nam
1589 2140 1664 2163 arcte

882 2179 910 2201 ut
926 2179 1007 2209 caput
1021 2175 1149 2202 membris
1166 2176 1224 2203 suis
1238 2177 1377 2206 adunatus
1393 2178 1419 2204 in
1453 2178 1519 2213 ipsis
1546 2179 1665 2207 delecta—

44 2230 88 2256 τοῦ
102 2229 245 2264 ἡνωμένος
261 2227 376 2254 καθόλου
391 2228 438 2253 καὶ
454 2227 668 2262 εὐφραινόμενος
682 2228 710 2254 ἐν
725 2228 827 2259 αὐτοῖς.

883 2222 972 2250 batur.
986 2221 1136 2250 Primatum
1153 2228 1243 2251 autem
1261 2231 1364 2258 amare,
1392 2224 1523 2254 fratribus
1538 2227 1664 2261 superbia

46 2275 79 2302 Τὸ
103 2275 132 2302 δι
155 2273 385 2309 φιλο-πρωτεύειν,
401 2273 449 2300 καὶ
471 2273 526 2299 τῶν
542 2273 664 2308 ἀδελφῶν
681 2273 828 2308 ὑπεραίρε-

44 2320 104 2347 σθαι
129 2321 178 2347 καὶ
202 2319 396 2353 ὑπερφρονεῖν,
413 2319 460 2344 καὶ
487 2318 536 2344 οὐκ
552 2318 599 2344 ἐπὶ
623 2319 672 2352 τὴν
696 2318 828 2354 καθέδραν

43 2366 86 2392 τοῦ
113 2366 231 2400 Πέτρου,
248 2363 307 2391 ἀλλ’
334 2365 380 2390 επὶ
407 2365 462 2391 τῶν
479 2365 598 2399 νεφελῶν
625 2364 673 2390 καὶ
699 2365 828 2400 ὑπεράνω

44 2412 128 2438 δοκεῖν
145 2410 325 2443 καθέζεσθαι,
339 2411 385 2437 καὶ
399 2412 415 2445 ἠ
436 2410 547 2440 ισοθεῖα,
559 2411 596 2442 ὡς
609 2411 655 2437 καὶ
667 2411 698 2437 τὸ
711 2411 826 2445 ἀποθνή-

45 2466 118 2485 σκειν
132 2459 191 2489 τοῖς
205 2457 362 2492 ἀνθρώποις
381 2456 524 2492 πρότερον,
541 2457 589 2483 καὶ
604 2456 652 2483 νῦν
665 2457 694 2482 τὸ
710 2456 827 2490 ἀποθνή-

47 2513 119 2531 σκειν
147 2504 265 2535 πολλοὺς
292 2503 382 2538 πολλῷ
409 2502 601 2538 χαλεπώτερον
617 2502 824 2537 ἀπειργάσατο·

45 2551 88 2575 καὶ
102 2549 133 2576 τὺ
152 2547 323 2575 κινδυνεύειν
338 2548 506 2574 καταπεσεῖν
523 2547 572 2582 τὴν
587 2547 764 2581 Ἐκκλησίαν,
782 2547 826 2573 καὶ

44 2594 160 2629 Χριστοῦ
177 2592 380 2628 διασπασθῆναι
395 2592 430 2618 τὰ
449 2592 528 2628 μέλη,
545 2592 593 2618 καὶ
617 2591 718 2627 ἔχθραν
741 2592 827 2619 τεθεῖ-

44 2640 237 2675 νιιλάναμέσον
261 2639 315 2665 τῶν
336 2639 385 2673 τῆς
399 2639 510 2674 είρήνης
528 2638 604 2672 υἱῶν,
622 2638 668 2670 οὓς
683 2640 711 2665 ὲν
731 2640 824 2675 ἀγάπῃ

43 2686 103 2718 θεὸς
120 2687 136 2721 ἡ
153 2685 252 2719 ἀγάπη
267 2685 416 2718 συνήγαγε,
430 2685 468 2720 μὴ
478 2685 642 2719 φεισάμενος
655 2684 701 2711 τοῦ
718 2686 825 2719 ἀγαπη-

43 2731 96 2762 τοῦ,
111 2731 195 2766 βαῦαὶ¹
220 2730 270 2764 τῆς
293 2729 456 2764 δαιμονικῆς
477 2731 608 2765 ἐπηρείας
620 2730 627 2757 ι
641 2730 688 2758 καὶ
703 2731 825 2764 συλλογι-

44 2778 104 2811 σμοὶ
117 2777 165 2804 ἐπὶ
177 2777 284 2807 τούτοις
300 2776 354 2802 τῶν
371 2775 459 2802 ἀθέων
477 2776 623 2811 Ἑλλήνων,
640 2776 663 2803 οἱ
677 2777 727 2812 τὴν
744 2777 825 2804 πολυ-

44 2823 115 2850 θεῖαν
129 2822 216 2850 πάλαι
231 2822 247 2858 ἢ
264 2822 365 2856 μᾶλλον
385 2822 481 2849 ἀθεΐαν
503 2824 589 2849 εἰπεῖν
619 2824 822 2858 συγκροτήσαν-

43 2876 95 2902 τες,
115 2871 162 2896 καὶ
179 2868 303 2894 διαόολαὶ
330 2868 420 2902 ῥητῶν
444 2869 597 2904 γραφικῶν,
611 2869 659 2895 καὶ
676 2877 823 2904 παρερμη-

188 2916 327 2945 ΡΑτιίοι.
346 2916 403 2946 Gtt.
421 2915 508 2946 CLV.

881 2271 909 2295 et
922 2270 1094 2296 contumacia
1121 2269 1266 2303 insultare,
1283 2278 1455 2306 nequaquam
1470 2280 1552 2307 super
1571 2273 1665 2300 cathe-

880 2315 956 2341 dram
972 2314 1057 2347 Petri,
1073 2316 1119 2343 sed
1139 2323 1220 2351 super
1235 2317 1321 2344 nubes
1347 2317 1389 2345 vel
1416 2318 1498 2345 etiam
1519 2319 1665 2347 sublimius

880 2360 1023 2387 considere
1037 2361 1134 2393 videri,
1162 2362 1216 2389 Deo
1231 2369 1292 2389 sese
1305 2362 1468 2395 assimilare,
1484 2363 1599 2397 perinde
1631 2371 1663 2390 ac

879 2406 944 2433 olim
970 2410 1086 2434 mortem
1118 2407 1146 2434 in
1174 2407 1305 2434 mundum
1330 2408 1447 2440 induxit,
1475 2409 1512 2436 ita
1538 2413 1565 2436 et
1591 2417 1663 2437 nunc

880 2451 980 2479 multos
998 2456 1084 2478 morte
1098 2452 1182 2479 multo
1201 2452 1324 2487 graviore
1342 2452 1448 2486 aﬂ'ecit;
1466 2453 1528 2480 inde
1542 2453 1663 2484 Ecclesia

878 2498 961 2525 exitio
980 2498 1134 2533 periclitata
1156 2504 1210 2530 est,
1242 2498 1342 2526 Christi
1369 2500 1490 2527 membra
1517 2500 1661 2529 dilacerata

877 2549 952 2578 sunt,
963 2544 1105 2572 inimicitia
1121 2545 1228 2572 inducta
1241 2549 1283 2572 est
1299 2545 1370 2572 inter
1386 2545 1455 2574 ﬁlios
1467 2547 1542 2580 pacis
1554 2555 1624 2582 quos
1634 2548 1659 2574 in

877 2592 1010 2620 charitate
1024 2590 1096 2618 Deus
1113 2591 1160 2626 qui
1179 2591 1299 2619 charitas
1323 2595 1364 2619 est
1382 2593 1563 2627 congregavit,
1582 2601 1659 2621 suam

877 2638 1018 2665 eﬁ'undens
1029 2638 1203 2664 charitatem.
1217 2637 1292 2665 lleu!
1310 2643 1410 2673 quanta
1423 2646 1439 2666 a
1452 2639 1576 2667 daemone
1598 2648 1659 2674 per-

878 2684 963 2711 nicies
976 2685 982 2710 l
1002 2688 1029 2710 et
1043 2687 1206 2717 argumenta
1218 2684 1251 2710 de
1266 2683 1316 2710 hac
1331 2685 1443 2711 materia
1460 2684 1561 2712 Graecis
1571 2687 1659 2714 atbeis

876 2730 967 2765 digna,
981 2729 1026 2764 qui
1043 2731 1143 2756 multos
1154 2730 1217 2755 olim
1230 2729 1295 2756 deos
1306 2737 1353 2756 seu
1369 2732 1457 2765 potius
1473 2732 1576 2759 nullum
1588 2733 1660 2760 colc-

877 2775 952 2806 baut,
966 2778 993 2801 et
1006 2773 1156 2808 Scripturae
1167 2781 1264 2800 vocum
1279 2774 1499 2809 depravationes,
1510 2780 1537 2802 et
1553 2784 1657 2804 sermo-

876 2828 940 2847 num
961 2819 1072 2846 Patrum
1091 2819 1165 2846 I‘alsa:
1183 2820 1432 2854 interpretationes.
1443 2822 1615 2850 solummodo
1632 2828 1660 2850 ιιι

875 2866 1029 2901 superbiam
1043 2867 1201 2893 tuerentur!
1217 2867 1238 2892 0
1254 2867 1347 2899 homo,
1375 2875 1469 2904 oumes
1488 2876 1541 2896 uno
1567 2869 1658 2897 animo

1445 2915 1460 2945 5
