1908 3041
526 176 639 211 tnirUT
654 182 737 210 xxx.

246 241 344 269 Contra
361 241 534 268 Barlaamum
551 245 575 267 et
587 241 756 275 Acindynum
773 240 919 274 horuqu
931 239 1033 266 similes

281 277 398 303 divinam
411 280 590 303 sacrosancta!
604 274 743 303 Trinitatis
767 275 883 309 gratiam
897 274 977 310 impie
993 282 1034 300 re-

280 312 439 344 probuntesJ

281 368 415 401 Pontifex.
432 367 531 399 Etiam,
546 366 643 401 frater,
659 366 741 393 variae
757 369 823 393 ortae
837 369 899 392 sunt
916 364 1033 391 haereses

244 421 305 449 qur-3
321 414 395 440 velut
410 413 474 440 mali
487 413 621 440 carbones
632 420 694 439 rore
705 412 802 439 divinae
817 411 909 446 gratia:
922 410 1034 438 fuerunt

245 460 396 489 exstinctae.
412 458 544 486 Ultimum
556 467 618 486 vero
632 458 787 485 iucettdium
802 457 971 485 idololatrica
980 455 1031 482 Na-

246 506 454 541 buchodonosor
464 505 574 532 fornace
584 504 742 531 damnosius
752 503 786 531 ab
801 503 891 537 impiis
908 502 1031 529 Barlaam

245 556 272 577 et
286 551 429 586 Acintlyno
445 550 495 577 fuit
507 549 664 581 conﬂatum,
680 549 737 584 qui,
754 549 817 575 dum
834 555 909 575 more
922 547 1032 574 Gnaeo-

247 605 305 624 rum
330 597 368 631 ('l)
394 597 584 630 opinarentur,
609 603 704 622 eorum
725 602 833 622 errores
849 594 1032 622 exsuscitave-

246 647 320 674 runt,
346 647 375 669 et
396 643 492 669 falsam
509 641 669 676 sapientiam
682 662 689 674 ,
717 649 801 676 quam
828 641 924 668 melius
939 640 1032 668 stulti-

246 688 312 716 tiam
328 688 517 723 appellaveris,
530 691 740 715 renmaveruut.

281 732 415 760 Clericus.
444 733 482 760 De
503 733 553 759 hac
572 733 682 765 hazresi,
711 733 832 765 domine,
852 733 1031 760 disserentem

245 779 361 806 libenter
378 779 531 806 audiemus.
551 778 680 811 Qtnenaut
702 779 738 806 sit
753 783 780 806 et
800 779 939 814 quomodo
957 779 1031 807 ince-

246 825 315 860 perit
333 825 436 852 discere
451 824 645 852 desideramus.

282 870 419 905 Pontifcx.
432 869 562 903 Quaenam
584 870 620 896 sit.
633 872 657 897 et
673 871 810 904 quomodo
827 869 966 904 inceperit,
983 876 1032 897 nos

246 916 357 951 quidem
380 916 470 942 dicere
490 923 542 941 non
561 918 687 949 oportet;
716 922 794 941 saera
815 921 879 941 vero
893 914 1031 941 annalium

248 966 424 989 monumenta
454 961 500 995 qui
532 960 620 994 legere
651 960 767 987 voluerit
799 967 861 994 quae
881 960 1031 986 orthodoxa

247 1008 348 1036 Christi
368 1007 455 1034 erexit
486 1006 620 1038 Ecclesia,
641 1006 732 1032 omnia
751 1012 864 1040 prorsus
892 1009 1031 1040 agnoscet,

248 1051 366 1090 primum
391 1053 501 1088 quidem
532 1053 578 1079 illa
608 1059 669 1086 quae
689 1056 786 1079 contra
814 1051 927 1086 impium
956 1051 1030 1077 illutn

249 1101 369 1126 Barlaam
385 1099 530 1126 Calabrum
551 1103 651 1125 statuta
672 1103 752 1132 sunt;
773 1097 870 1125 deinde
886 1105 951 1124 vero
972 1105 1032 1131 quae
1053 1111 1060 1115 -

247 1152 341 1172 mntra
362 1144 542 1180 periclitatum
564 1144 590 1170 in
611 1144 703 1171 cadent
730 1151 762 1170 ac
776 1143 900 1170 Bai-luam
918 1143 1031 1169 materia

248 1192 377 1226 valdeque
397 1191 581 1225 periculosutn
609 1189 801 1224 Acindynum;
836 1189 915 1215 tt-rtio
941 1193 1031 1215 autem

247 1245 307 1271 quzc
327 1240 423 1263 contra
456 1235 566 1261 tertium
593 1239 620 1261 et
638 1234 741 1268 pluries
771 1234 910 1268 (quoniam
932 1234 1032 1267 pluries

247 1290 295 1316 per
314 1289 376 1308 eum
397 1281 520 1314 aliusque
539 1280 643 1306 similes
661 1279 750 1306 varios
765 1279 962 1307 haeresiarchas
988 1284 1031 1306 tu-

249 1327 350 1354 multus
371 1333 450 1360 passa
475 1330 516 1352 est
541 1324 661 1353 Ecclesia
688 1325 828 1360 Christi),
851 1325 962 1360 pluries,
993 1326 1030 1353 in-

248 1379 341 1406 quam,
355 1368 492 1404 nimisque
507 1371 655 1398 secundum
667 1371 785 1397 animam
802 1376 955 1398 emortuum
971 1379 1033 1398 uec-

247 1425 301 1444 non
331 1417 478 1452 impietatis
508 1416 627 1450 pondere
646 1417 776 1450 gravique
794 1424 892 1443 somno
918 1424 1032 1451 oppres-

247 1470 306 1490 sum
323 1461 472 1496 Grcgoram
494 1466 622 1495 apparata
652 1467 733 1495 sunt;
759 1461 804 1488 hic
835 1467 930 1488 noscet
949 1469 1030 1496 quain

679 124 864 156 SYMEUNIS
879 124 1250 156 THESSALONICENSIS
1266 126 1442 156 AtiCIIlEP.
1824 122 1867 153 144

1383 182 1509 210 ΚΕΦΑΛ.
1539 181 1579 209 Λ’.

1084 239 1165 265 Κατὰ
1180 239 1322 272 Bap/lady
1340 239 1390 265 καὶ
1414 238 1602 270 Ἀκινδύνου,
1620 236 1749 264 ’καὶτῶν
1760 238 1867 271 ὁμοίων

1119 274 1231 305 αὐτοῖς,
1245 272 1299 306 τῆς
1309 274 1395 307 ἁγίας
1406 273 1524 308 Τριάὃος
1534 273 1592 307 τὴν
1601 273 1685 301 θείαν
1693 273 1784 308 χάριν
1799 273 1867 299 δυσ-

1119 308 1215 341 σεϐῶς
1236 308 1433 335 ἀθετοῦντων.
1636 337 1640 341 ,

1125 365 1304 399 Ἀρχιερεύς.
1321 365 1384 398 Ναὶ,
1411 365 1519 399 ἀδελφέ,
1538 366 1586 392 καὶ
1601 365 1728 399 διάφορα,
1743 365 1812 398 περὶ
1833 362 1866 390 ὢν

1083 411 1112 436 οὐ
1130 411 1182 446 χρὴ
1194 411 1293 446 λέγειν,
1312 411 1551 438 κατασϐεσθὲν-των
1568 410 1606 442 ὡς
1623 410 1749 445 πονηρῶν
1769 410 1866 445 ἀνθρά-

1084 465 1139 482 κων
1156 456 1193 491 τῷ
1202 457 1248 483 τοῦ
1261 457 1330 483 Θεοῦ
1338 457 1388 491 τῆς
1400 457 1510 492 χάριτος
1526 456 1606 492 ὑετῷ.
1622 455 1774 483 Τελευταία
1791 456 1818 482 δέ
1830 465 1866 487 τις

1084 503 1215 537 πυρκαϊὰ,
1231 503 1279 530 καὶ
1295 504 1344 538 τῆς
1357 503 1500 537 summa;
1514 503 1623 538 ὲκείνης
1636 502 1683 529 τοῦ
1699 502 1865 537 Ναϐουχοδο-

1083 549 1161 582 νόσορ
1185 549 1300 584 καμίνου
1318 549 1509 584 χαλεπωτέρα,
1524 549 1541 584 ὴ
1555 548 1601 574 τοῦ
1627 548 1761 583 Βαρλαὰμ.
1776 557 1805 574 τε
1822 548 1864 573 καὶ

1082 593 1236 621 Ἀκινδύνου
1244 594 1444 630 δυσσέϐειαδώς
1454 595 1617 629 ἐλληνόφρωπ
1633 594 1710 626 οὖσα,
1718 596 1767 622 καὶ
1775 594 1809 621 τὰ
1817 594 1865 621 τῶν

1089 641 1223 675 Ἑλλήνων
1233 635 1458 677 ἀναρριτῖτὶζουσα,
1469 642 1516 667 καὶ
1531 641 1564 667 τὰ
1575 641 1796 676 τῆςἙλληνικῆς
1806 641 1865 667 ἀσό-

1083 696 1133 721 φου
1150 688 1256 722 σοφίας,
1267 688 1372 722 μωρίας
1386 688 1414 714 δὲ
1428 687 1529 722 μᾶλλον
1545 687 1641 718 εἰπεῖν,
1659 687 1862 713 ὑπανάπτουαα.

1117 735 1279 768 Κληρικός.
1309 735 1462 760 Ἤκουσται
1492 734 1557 768 ἡμῖν
1585 733 1648 768 περὶ
1677 733 1792 768 ταύτης,
1823 732 1863 758 δέ-

1084 789 1180 807 σποτα.
1197 780 1245 811 Τίς
1259 779 1288 806 δὲ
1300 780 1369 815 αὕτη
1385 780 1432 807 καὶ
1444 780 1517 810 ὅπως
1541 779 1653 814 ἤρξατο,
1682 778 1863 813 ἐπιζητοῦμεν

1048 849 1070 878 Β
1087 827 1194 862 μαθεῖν.

1119 872 1299 906 Ἀρχιερεύς.
1315 871 1363 902 Τίς
1382 870 1432 906 μὲν
1458 870 1538 903 αὕτη,
1562 871 1608 896 καὶ
1629 869 1689 895 ὅθεν
1711 868 1826 903 ἡρεατο,
1839 868 1864 894 οὐ

1083 917 1136 953 χρὴ
1151 918 1242 951 λέγειν
1256 917 1329 952 ἡμᾶς
1340 926 1347 933 ·
1372 917 1428 948 τοῖς
1445 916 1529 952 ἱεροῖς
1551 916 1580 942 δὲ
1603 916 1702 950 Τόμοις
1719 915 1864 950 ὲντυχὼνό

1082 961 1138 997 48
1156 961 1327 996 βουλόμενος,
1339 960 1386 993 οὓς
1407 961 1424 996 ἡ
1439 960 1487 986 τοῦ
1502 960 1621 996 Χριστοῦ
1640 961 1785 995 ὀροόδοξος
1812 962 1865 986 ἀνε-

1083 1008 1222 1043 στήλωσεν
1243 1007 1401 1042 Ἐκκλησία,
1418 1007 1522 1033 εἵσεται
1537 1007 1660 1042 ἀκριϐῶς
1684 1006 1790 1038 πάντα,
1806 1006 1864 1040 πρό-

1082 1061 1162 1088 τερον
1179 1053 1228 1088 μὲν
1254 1053 1294 1088 τῷ
1323 1052 1461 1079 ὲκτεθέντι
1477 1052 1547 1079 κατὰ
1561 1051 1609 1078 τοῦ
1633 1051 1783 1083 δυσσεόοῢς
1800 1051 1865 1078 titil-

1084 1108 1130 1126 νου
1147 1099 1279 1133 Βαρλαὰμ
1293 1099 1339 1125 τοῦ
1361 1098 1520 1133 Καλαϐροῦ,
1545 1098 1672 1133 δεύτερον
1686 1097 1715 1124 δὲ
1739 1098 1781 1133 τῷ
1803 1097 1865 1124 κατὰ

1083 1146 1130 1172 τοῦ
1147 1144 1368 1174 κινδυνεύσαντας
1397 1145 1425 1170 έν
1453 1143 1557 1177 ὁμοίοις
1573 1144 1612 1177 τῷ
1635 1142 1772 1178 Βαρλαὰμ
1789 1143 1864 1168 πολυ-

1083 1190 1207 1216 κινδύνου
1230 1189 1386 1216 ’Δκινδύνου
1398 1197 1404 1204 ·
1422 1190 1508 1224 τρίτῳ
1521 1189 1548 1215 δέ
1566 1197 1598 1223 γε
1618 1189 1689 1216 κατὰ
1708 1188 1758 1214 τοῦ
1780 1189 1864 1223 τρίτον

1083 1238 1131 1263 καὶ
1141 1236 1271 1266 πολλάκις
1288 1236 1360 1270 (ἐπεὶ
1377 1237 1423 1262 καὶ
1439 1235 1567 1266 πολλάκις
1589 1235 1654 1270 παρ’
1679 1235 1764 1261 αὑτοῦ
1780 1243 1810 1261 τε
1825 1234 1865 1260 καὶ

1083 1282 1219 1317 διαφόρων
1235 1281 1321 1308 ἄλλων
1346 1280 1538 1316 αἰρετιζόντων
1552 1281 1653 1314 ὁμοίως
1670 1280 1733 1315 ἔσχε
1759 1280 1810 1311 τὰς
1823 1288 1865 1305 τα-

1085 1329 1197 1364 ραχὰςή
1211 1327 1359 1362 Ἐκκλησία
1372 1327 1515 1362 Χριστοῦ),
1530 1328 1601 1362 φημὶ
1614 1327 1643 1353 δὲ
1658 1326 1705 1353 τοῦ
1721 1326 1785 1352 λίαν
1798 1334 1864 1352 νενε-

1084 1375 1226 1410 κρωμένου
1242 1374 1290 1410 τὴν
1302 1374 1390 1409 ψυχὴν
1402 1375 1449 1401 καὶ
1463 1374 1540 1409 κάρῳ
1552 1373 1712 1404 δυσσεὸείας
1726 1373 1777 1399 καὶ
1794 1372 1862 1405 ὕπνῳ

1085 1421 1163 1455 βαρεῖ
1175 1421 1358 1455 κατεχομένου
1377 1420 1504 1454 Γρηγορᾶ
1521 1420 1683 1446 συντεθέντι.
1700 1420 1753 1445 Καὶ
1770 1419 1865 1453 γνώσε-

1084 1475 1129 1493 ται
1142 1463 1196 1492 οἷον
1211 1466 1242 1492 τὸ
1255 1467 1304 1499 τῆς
1317 1466 1449 1501 αἱρέσεως
1465 1465 1566 1501 ταύτης
1578 1466 1701 1492 ποικίλον
1722 1474 1753 1491 τε
1766 1465 1814 1492 καὶ
1827 1465 1864 1491 δο-

247 1507 365 1540 diversa,
383 1515 463 1541 quam
484 1507 589 1539 dolosa,
608 1514 689 1541 qttam
711 1507 793 1533 simul
810 1507 894 1541 itnpia
912 1511 939 1534 et
956 1508 1031 1535 dam-

1089 1513 1172 1548 λερὺν,
1187 1513 1233 1539 καὶ
1260 1513 1318 1545 ἅμα
1334 1512 1363 1538 τὸ
1377 1512 1457 1539 ἄθεον
1482 1512 1528 1539 καὶ
1548 1512 1703 1544 ὲπιὸλαὸὲς,
1733 1513 1782 1539 καὶ
1793 1512 1833 1542 τίς
1853 1512 1864 1536 ὁ

249 1561 314 1580 nosa
332 1553 414 1580 fuerit.
433 1553 545 1579 limresis
562 1553 625 1584 ista,
648 1553 710 1586 quis
726 1551 806 1578 fuerit
829 1552 909 1587 (ejus)
929 1553 1031 1579 machi-

249 1608 339 1635 nator,
359 1601 469 1636 quinam
488 1607 520 1626 ex
540 1606 571 1626 ea
600 1599 733 1626 creverint
756 1598 824 1625 rami
845 1607 898 1625 non
926 1599 1032 1625 steriles

251 1653 355 1675 tantum
383 1651 538 1679 terramque
565 1644 673 1678 pietatis
699 1644 900 1675 exinanientes,
931 1643 978 1670 sed
1007 1648 1033 1670 et

250 1691 353 1727 spinosi
371 1690 505 1724 nimisque
523 1688 611 1722 asperi
629 1695 735 1715 necnon
748 1687 854 1715 molesti
867 1693 894 1715 et
909 1687 1034 1715 Ecclesia:

234 1736 445 1772 ,«plantationem
467 1734 663 1761 dilaceranles.

531 1799 645 1829 CAPUT
659 1799 754 1827 XXXI.

301 1849 338 1876 De
351 1849 380 1877 S.
400 1848 524 1884 Gregorio
541 1847 765 1874 Thessalonicensi
778 1846 986 1882 Tltaumaturga.

265 1935 269 1941 '
282 1928 332 1962 Qui
345 1932 433 1955 tamen
445 1927 559 1954 voluerit
568 1933 623 1954 rem
637 1925 745 1960 planius
755 1933 929 1961 cognoscere,
941 1926 1036 1955 melius

245 1975 337 2001 discet
356 1982 388 2001 ex
406 1974 515 2007 scriptis
540 1973 612 1999 illius
635 1973 682 2006 qui
698 1972 773 1999 velut
788 1972 827 1999 sol
843 1972 911 2000 alius
921 1972 948 1999 in
965 1976 1036 2000 terra

251 2019 279 2047 in
294 2020 339 2046 illo
353 2023 473 2053 tempore
488 2023 563 2045 ortus
575 2022 626 2050 est,
643 2025 727 2052 capax
741 2018 786 2052 qui
801 2018 884 2046 verbo
903 2024 930 2046 et
947 2025 1037 2046 exem-

247 2066 296 2101 plo
333 2067 476 2093 obscuram
508 2064 783 2099 impietatismoctem
808 2064 922 2099 fugaret.
937 2064 986 2092 Iste
997 2070 1038 2092 est

244 2111 399 2146 ‘Gregorius
423 2111 640 2144 sapientissimus
663 2111 709 2145 qui
726 2115 817 2145 postea
834 2110 1038 2139 Thessalonicae

253 2156 360 2190 praefuit
377 2155 515 2187 Ecclesiae,
535 2155 625 2181 iumen
641 2162 768 2188 magnum
780 2156 806 2181 in
821 2155 922 2182 lucenti
939 2154 1037 2182 cande-

247 2203 330 2230 ~labro
348 2201 478 2236 positum,
499 2201 544 2227 lux
571 2200 678 2234 pietatis
699 2208 795 2235 magna
808 2200 864 2235 jam
883 2205 946 2228 ante
968 2208 1036 2236 pou-

247 2249 386 2276 -tiﬁeatum
402 2248 558 2282 conspicua.
576 2247 626 2280 Qui
638 2255 651 2273 ο
662 2246 804 2281 juventute
816 2247 870 2274 Deo
882 2247 1035 2280 adhaerens,

254 2294 340 2330 patria
373 2292 481 2326 quidem
502 2292 568 2320 urbe
591 2293 683 2327 regina
697 2292 800 2324 relicta,
828 2292 931 2320 relictis
955 2293 1036 2319 etiam

254 2347 363 2374 genere,
384 2344 412 2366 et
425 2338 610 2370 institutione,
632 2341 659 2365 et
673 2338 806 2372 sapientia
824 2338 938 2372 aulaque
951 2338 1037 2372 impe-

254 2387 368 2418 ratoria,
385 2384 470 2412 Deum
486 2392 612 2419 qumrens
627 2385 653 2410 in
671 2391 772 2417 eremo,
792 2383 910 2418 pritnum
928 2383 1037 2418 quidem

255 2440 340 2467 genus
359 2431 412 2459 Deo
428 2431 575 2462 devovens,
592 2430 746 2457 obedientia
765 2434 854 2457 autem
867 2429 982 2464 vitaeque
998 2430 1039 2456 in-

252 2479 381 2513 tegritate
404 2477 438 2504 ad
455 2476 691 2511 contemplationis
708 2476 812 2511 apicem
830 2475 986 2511 pertingens
1012 2481 1038 2503 et

256 2527 408 2563 intercessu
427 2524 580 2559 purissimae
597 2524 717 2558 Dciparm
736 2530 818 2558 quam
836 2523 863 2549 in
887 2524 972 2550 multa
994 2523 1037 2550 di-

254 2574 370 2601 lectione
389 2573 504 2600 habebat
524 2575 551 2598 et
577 2571 611 2597 ab
626 2578 656 2596 ea
680 2577 759 2604 quam
777 2576 806 2597 ut
830 2578 860 2597 se
875 2570 1040 2597 illuminarct

255 2619 417 2654 precabatur
437 2619 623 2647 collustratus,
637 2616 754 2649 acceptis
769 2616 831 2643 inde
844 2615 928 2643 t‘uturi
947 2617 1037 2643 saeculi

255 2665 416 2700 pignoribus
441 2664 466 2690 vi
494 2663 573 2690 istius
590 2661 804 2694 illutninationis,
829 2661 910 2688 modo
927 2657 1037 2696 quidam

255 2713 334 2747 qttasi
350 2712 460 2738 beatum
482 2710 533 2736 hoc
552 2715 649 2734 munus
674 2711 793 2734 latitaret
823 2707 923 2735 eximie
944 2709 1038 2742 dispu-

254 2759 339 2790 tabat,
363 2756 444 2784 modo
475 2759 564 2780 autem
587 2753 620 2780 ad
645 2753 696 2779 alia
718 2760 866 2781 conversus
891 2762 943 2781 una
973 2759 1044 2781 eum‘

250 2803 354 2838 angelis
391 2803 418 2829 in
448 2808 564 2836 quorum
595 2800 753 2828 societatem
789 2801 915 2829 veniebat
945 2801 1038 2830 lumen

278 2860 321 2894 41)
334 2860 361 2887 ld
371 2862 411 2886 est
422 2858 564 2892 gentilium.

1083 1559 1184 1592 ταύτης
1198 1559 1365 1594 προστάτης,
1382 1559 1427 1585 καὶ
1442 1558 1513 1589 τινες
1528 1559 1552 1585 οί
1572 1557 1601 1590 ἐξ
1618 1558 1722 1584 ἐκείνου
1741 1559 1863 1592 φυέντες,

1083 1605 1133 1630 οὐκ
1150 1605 1269 1639 ἄκαρποι
1291 1605 1371 1638 μόνον
1389 1604 1437 1629 καὶ
1460 1603 1662 1637 καταργοῦντες
1678 1604 1727 1637 τὴν
1744 1604 1800 1638 γῆν
1822 1603 1863 1636 τῆς

1084 1651 1224 1682 εὐσεϐείας
1241 1650 1361 1685 βλαστοὶ,
1389 1650 1456 1676 ἀλλὰ
1478 1650 1526 1676 καὶ
1556 1649 1721 1680 ἀκανθώδεις
1734 1651 1784 1675 καὶ
1812 1650 1864 1676 λίαν

1084 1697 1206 1732 τραχεῖς,
1224 1696 1445 1731 παραλυποῦντες
1458 1696 1505 1722 καὶ
1513 1695 1680 1727 διασπῶντες
1694 1695 1728 1722 τὰ
1742 1696 1795 1730 τῆς
1812 1696 1864 1722 Ἔκ-

1085 1742 1199 1777 κλησὶας
1216 1743 1295 1776 γεννή
1301 1750 1384 1776 ματα.

1365 1810 1492 1837 ΚΕΦᾹΛ.
1512 1809 1575 1837 ΛΑ¹.

1086 1855 1156 1890 Περὶ
1186 1855 1239 1882 τοῦ
1262 1856 1341 1889 Ιεροῦ
1364 1857 1530 1889 Γρηγορίου
1561 1856 1792 1892 Θεσσαλονίκης
1818 1856 1864 1883 τοῦ

1359 1892 1588 1925 Θαυματοιφγοῦ
1598 1910 1606 1918 .

1127 1935 1157 1962 Ὀ
1168 1935 1195 1961 δέ
1207 1944 1237 1968 γε
1247 1936 1443 1970 ἀκριϐέστερον
1456 1936 1617 1971 βουλόμενος
1629 1936 1759 1971 ἐκμαθεῖν
1770 1937 1864 1971 γνώσε-

1086 1989 1131 2008 ται
1149 1981 1250 2015 μᾶλλον
1263 1982 1310 2016 ἀφ’
1331 1978 1368 2009 ὦν
1384 1982 1486 2013 ἐκεῖνος
1507 1983 1707 2017 συνεγράψατο,
1721 1982 1751 2014 ὃς
1773 1981 1864 2015 οἷάπερ

1087 2027 1165 2059 ἄλλος
1180 2036 1220 2059 τις
1231 2028 1305 2063 ἥλιος
1318 2030 1351 2063 τῇ
1365 2029 1510 2064 οἶκουμένῃ
1520 2028 1639 2054 ἀνέτειλε
1655 2029 1692 2063 τῷ
1707 2030 1768 2056 τότε
1782 2029 1862 2064 καιρῷ

1089 2072 1180 2104 ἱκανὸς
1196 2072 1365 2106 ἀποσοῦῆσαι
1382 2072 1454 2106 λόγῳ
1470 2081 1498 2098 τε
1516 2073 1563 2099 καὶ
1580 2073 1618 2108 τῷ
1634 2073 1685 2108 βίῳ
1701 2075 1793 2101 πᾶσαν
1808 2083 1865 2101 σκο-

1088 2119 1220 2152 τόμαιναν
1233 2119 1337 2149 ἁθεϊας.
1352 2118 1500 2153 Γρηγὸριος
1515 2116 1593 2150 οὗτος
1604 2118 1636 2154 ἦν
1650 2121 1664 2146 ό
1680 2121 1865 2154 σοφώτατο;,ὀ

1091 2164 1140 2198 τῆς
1161 2163 1380 2190 Θεσσαλονικέων
1403 2163 1517 2197 ὕστερον
1542 2165 1662 2198 προστὰς
1693 2164 1864 2202 Ἐκκλησίας,

1091 2208 1137 2234 καὶ
1154 2208 1211 2242 φῶς
1227 2208 1298 2243 μέγα
1316 2208 1362 2234 ἐπὶ
1383 2208 1512 2243 λαμπρὰν
1528 2209 1639 2245 λυχνίαν
1658 2210 1758 2244 τεθεὶς,
1785 2212 1866 2247 μέγας

1088 2259 1117 2280 τε
1133 2254 1245 2290 φωστὴρ
1256 2253 1397 2286 εὐσεϐείας
1409 2254 1454 2280 καὶ
1468 2254 1521 2289 πρὸ
1538 2255 1587 2289 τῆς
1600 2256 1805 2293 ἀρχιερωσύνης
1820 2258 1864 2283 δει-

1087 2301 1173 2336 χθείς.
1192 2302 1240 2332 Ὃς
1253 2301 1395 2332 ἀνατεθεὶς
1410 2302 1462 2327 ἀπὺ
1475 2302 1600 2336 νεότητος
1615 2302 1654 2336 τῷ
1667 2302 1738 2338 Θεῷ,
1757 2305 1803 2330 καὶ
1822 2304 1865 2338 τὴν

1089 2346 1205 2382 πατρίδα
1222 2346 1271 2381 μὲν
1286 2347 1450 2382 καταλείψας
1463 2347 1512 2382 τὴν
1530 2347 1734 2382 βασιλεύουσαν,
1749 2350 1826 2383 γένος
1840 2357 1864 2374 τε

1089 2392 1136 2418 καὶ
1151 2393 1306 2426 ἀναγωγὴν,
1323 2394 1369 2419 καὶ
1385 2394 1482 2426 σοφίαν
1505 2393 1550 2419 καὶ
1566 2393 1708 2427 βασιλικὰς
1730 2395 1826 2427 αὐλὰς,
1842 2396 1865 2419 ὲν

1089 2437 1203 2472 ἐρήμοις
1217 2445 1246 2462 τε
1263 2437 1383 2472 ζητήσας
1409 2436 1454 2463 τὸν
1468 2436 1581 2472 Κύριον,
1597 2437 1646 2463 καὶ
1670 2438 1700 2463 τὸ
1715 2437 1794 2473 γένος
1821 2437 1865 2472 μὲν

1089 2482 1220 2517 πρότερον
1235 2483 1390 2516 ἀφιερώσας
1409 2482 1477 2517 Θεῷ,
1500 2481 1533 2508 δι’
1549 2482 1688 2517 ὑποταγῆς
1712 2483 1740 2509 δὲ
1756 2484 1802 2509 καὶ
1819 2491 1864 2510 xa-

1090 2529 1213 2563 θάρσεως
1227 2529 1286 2564 βίου
1301 2529 1368 2563 πρὸς
1385 2529 1499 2563 θεωρίας
1516 2529 1582 2564 ὕψος
1598 2529 1747 2564 ἐληλακὼς,
1764 2530 1810 2557 καὶ
1824 2537 1865 2565 με·

1091 2576 1178 2611 σιτεῐᾳ
1201 2575 1251 2610 τῆς
1268 2575 1408 2609 Πανάγνου
1432 2576 1480 2602 καὶ
1502 2576 1673 2610 Θεομήτορος
1688 2577 1755 2610 πρὸς
1769 2576 1802 2611 ἢν
1824 2576 1865 2602 τὸν

1091 2622 1174 2648 πολὺν
1190 2622 1251 2656 ἔσχε
1269 2621 1361 2652 πόθον,
1378 2622 1425 2648 καὶ
1446 2621 1512 2655 παρ⁹
1538 2619 1571 2658 ἦς
1598 2621 1684 2656 ἐξῄτει
1705 2622 1865 2656 φωτισθῆνιι

1090 2667 1303 2701 καταυγασθεὶς,
1333 2668 1379 2693 καὶ
1400 2667 1462 2698 τοὺς
1478 2667 1642 2701 ἀρραϐῶνας
1663 2666 1710 2693 τοῦ
1729 2667 1865 2702 μέλλοντος

1091 2713 1188 2743 αἰῶνος
1207 2711 1331 2738 ἐντεῦθεν
1347 2711 1503 2744 ἁπολαδὼν,
1519 2713 1589 2747 ὑπὲρ
1615 2709 1645 2738 οὗ
1670 2712 1702 2747 δὴ
1720 2713 1864 2747 φωτισμοῦ,

1091 2759 1138 2786 καὶ
1156 2758 1274 2785 ἐνταῦθα
1287 2758 1336 2792 μὴν
1352 2758 1389 2790 ὡς
1403 2759 1501 2793 πεῖραν
1514 2758 1584 2792 ἔχων
1594 2757 1641 2784 τοῦ
1653 2760 1788 2792 μακαρίου
1802 2758 1866 2785 ὲκεί-

1092 2813 1139 2832 νον
1156 2804 1270 2837 πάθους,
1286 2804 1420 2840 λαμπρῶς
1442 2806 1606 2840 ἠγωνίσατο,
1631 2804 1720 2831 ἐκεῖσε
1741 2805 1769 2831 δὲ
1785 2811 1864 2840 μεια-
