1908 3041
32 129 84 162 HS

29 236 171 263 ἀθανάτου
188 237 328 265 κοινωνῶν
342 238 433 269 αὐτοῖς
448 239 496 265 καλ⁸
510 239 547 274 μὴ
562 240 719 274 παυομένης
735 250 822 276 φωτο-

29 282 142 314 χυσίας.
163 280 250 314 Οὗτος
265 281 324 315 οὖν,
340 283 422 316 ἀξίως
434 282 517 310 αὑτοῦ
533 285 583 318 τῆς
595 284 711 319 θεωρίας
725 295 755 312 τε
777 287 822 313 καὶ

28 326 230 362 λαμπρότητος
241 328 288 354 καὶ
303 328 372 362 ἔγνω
384 329 432 354 καὶ¹
445 328 644 363 συνεγράψατο”
662 331 708 356 καὶ
720 331 752 357 ἐκ
769 331 824 358 τῶν

28 373 107 407 αὐτῷ
122 373 218 404 καλῶς
233 374 295 400 λίαν
310 376 508 409 πεπονημένων
523 375 657 409 γνώσεται
679 378 732 408 πᾶς
748 378 762 403 ὁ
776 377 824 412 ζη-

28 419 96 446 τῶν.
115 420 179 446 Ἔτι
195 419 223 446 δὲ
247 420 296 446 καὶ
324 421 398 454 παρᾶ
415 421 469 446 τῶν
499 422 734 457 συμπονησάντων
748 423 824 458 αὑτῷ

30 465 171 492 πλείστων
189 466 241 500 μὲν
255 468 304 493 καὶ
321 466 419 500 ἄλλων,
435 467 582 501 ἐξαιρέτως
596 468 624 494 δὲ
642 468 690 495 τοῦ
709 470 825 504 πεφιλη-

30 511 114 545 μένου
133 511 197 546 Θεῷ
212 512 349 545 Φιλοθέου,
375 512 422 539 τοῦ
437 513 486 547 τῆς
511 514 824 545 Κωνσταντινουπόλεώς

29 565 105 591 φημι
120 557 254 591 λαμπροῦ
268 560 451 593 πατριάρχου,
468 559 515 585 καὶ
535 560 582 585 τοῦ
599 559 658 593 μετ’
684 560 764 586 αὺτδν
779 569 824 586 σο-

29 603 160 636 φωτάτου
175 604 284 635 Νείλου,
300 605 350 638 τῆς
374 604 460 639 αὐτῆς
476 605 549 638 αὐτῷ
563 607 825 641 ἀρχιερατεύσαντος

34 648 218 683 Ὶπίκκλησίας.
236 650 290 676 Καὶ
304 650 343 676 ἔτι
355 651 447 684 ἑτέρου
459 651 556 677 Νείλου
568 651 706 678 θειοτάτου
716 652 822 686 ἀνδρὸς,

28 693 75 720 τοῦ
89 695 144 729 τῆς
162 695 386 722 Θεσσαλονικέων
407 697 456 731 τὴν
474 697 620 732 προεδρίαν
638 698 688 731 μὲν
716 699 825 732 είληφό-

28 748 85 772 τος,
106 741 145 774 μὴ
165 741 235 774 πρὸς
253 740 338 776 αὐτὴν
352 741 380 767 δὲ
409 742 562 775 φθάσαντος
589 743 685 776 ἐλθεῖν,
711 744 781 770 κατὰ
796 744 825 770 δὲ

29 786 78 819 τῆς
96 784 155 811 τῶν
171 786 297 811 Λατίνων
322 787 501 821 καινοτομίας
529 787 645 822 λαμπρὰ
662 789 709 814 καὶ
737 788 824 823 ἀληθῆ

29 828 89 854 λίαν
103 830 154 854 καὶ
173 829 273 865 ισχυρὰ
289 831 530 866 συγγραψαμένου,
549 832 595 859 καὶ
611 834 681 859 κατὰ
695 834 743 868 τῆς
762 834 825 861 δυσ-

546 134 682 165 DIALOG
690 135 737 165 US
757 133 906 164 CONTRA
927 135 1120 167 HKERESES.

31 190 110 222 στὰς,
122 189 322 226 καθαρώτερον
340 191 447 226 μετέχει
471 193 520 219 σὺν
545 194 600 224 τοῖς
619 193 745 227 ἀγγέλοις
770 196 820 228 τῆς

883 190 1024 221 inmortale
1046 199 1073 222 ct
1107 203 1246 231 nunquam

1612 135 1664 168 146

1297 197 1426 225 deficiens
1470 196 1658 231 participabat.

879 237 927 265 Hic
954 247 1019 274 ergo
1046 241 1124 274 digne
1153 249 1202 276 pro
1232 249 1280 269 sua
1308 242 1537 277 contemplatione
1549 248 1575 269 et
1600 242 1662 268 illii—

878 283 1011 311 stratione
1027 286 1198 319 pereruditus
1221 288 1340 321 scripsit,
1362 289 1440 321 cujus
1463 288 1591 321 operibus
1614 287 1663 313 ad-

877 328 987 355 modum
999 330 1150 364 perspicuis
1164 331 1252 359 omnis
1266 333 1310 366 qui
1325 333 1420 367 qumrit
1430 337 1585 366 cognoscet.
1601 339 1663 358 nec-

878 380 931 399 non
951 380 984 400 ex
1001 373 1094 401 multis
1109 375 1169 402 aliis
1181 377 1225 410 qui
1241 384 1301 403 cum
1315 384 1347 404 eo
1373 377 1574 408 laboraverunt,
1595 383 1663 411 pra:—

875 417 968 444 sertim
981 426 1044 445 vero
1058 427 1090 446 ex
1107 421 1235 455 operibus
1265 421 1397 449 Philothei
1412 422 1465 450 Deo
1481 422 1581 455 dilecti,
1596 421 1663 449 clari

875 463 981 491 scilicet
997 465 1246 501 Constantinopolis
1270 468 1441 502 patriarchae,
1461 467 1512 495 Nili
1526 472 1586 502 post
1599 475 1661 494 eum

875 510 1071 544 sapientissimi
1084 512 1130 546 qui
1143 513 1266 540 eamdem
1285 514 1404 548 pontifex
1418 515 1486 541 rexit
1500 513 1661 544 Ecclesiam,

875 555 987 583 alterius
1003 564 1112 591 quoque
1131 557 1183 584 Nili
1198 559 1243 591 qui
1259 559 1544 586 Thessalonicensium
1559 559 1660 593 prima—

875 602 939 628 tiam
962 603 1066 638 accepit
1089 612 1171 638 quam
1200 610 1289 631 tamen
1309 605 1446 632 declinare
1472 607 1596 637 tentavit,
1613 606 1659 639 qui

876 652 969 674 contra
987 647 1147 675 Latinorum
1167 650 1303 676 novitates
1314 649 1411 676 eximia
1432 649 1567 684 nimisque
1598 656 1660 675 vera

876 697 902 719 et
927 693 1095 721 vehementia
1117 695 1289 729 conscripsit,
1320 699 1400 729 atque
1417 696 1548 722 adversus
1564 695 1661 722 exitio-
1691 728 1695 732 1

876 746 932 765 sam
951 739 1030 766 istam
1044 739 1165 766 Barlaam
1192 745 1218 767 et
1234 740 1368 775 Acindyni
1388 740 1523 773 haeresim,
1543 747 1660 774 quorum

874 783 984 810 Patrum
1012 785 1136 819 beatique
1168 786 1249 812 etiam
1278 785 1348 812 illius
1382 785 1528 812 Cahassilae
1554 783 1658 811 Nit‘olui

876 831 985 858 nomine
997 831 1042 864 qui
1066 832 1164 858 bonam
1207 831 1349 858 victoriam
1364 831 1466 866 pietate
1481 838 1530 857 sua
1548 830 1663 864 vitaeque

29 875 110 909 τήνου
141 873 262 909 ταυτησὶ
284 875 330 902 τοῦ
344 877 476 911 Βαρλαάμ
490 886 519 903 τε
535 878 582 904 καὶ
610 878 764 906 Ἀκινδύνου
783 880 825 905 αι-

881 877 1007 904 muuditia
1043 878 1146 908 retulit,
1160 881 1187 904 et
1202 877 1375 911 Theophanis
1403 877 1473 903 alius
1489 877 1586 903 Nicterc
1604 877 1663 911 phi-

30 921 146 953 ρέσεως.
161 918 211 946 Ὧν
222 921 254 956 δὴ
267 921 395 955 Πατέρων
407 923 434 948 αῑ
446 922 582 950 θειόταται
595 926 763 959 συγγραφαὶ,
778 926 826 952 καὶ

30 965 70 990 ἔτι
85 965 136 992 τοῦ
158 966 316 1000 μακαρίτου
333 967 441 994 ἐκείνου
457 968 629 1003 Κασάσσιλα,
643 971 689 997 τοῦ
710 972 761 1005 τὴν
778 981 828 999 κα-

30 1010 78 1045 λὴν
91 1011 177 1045 νίκην
190 1012 235 1038 ἐπ’
253 1012 380 1048 εὐσεϐείᾳ
401 1014 448 1040 καὶ
466 1015 595 1050 ἁγνότητί
615 1016 673 1050 βίου
690 1026 828 1053 συστησα-

31 1057 127 1089 μένου,
154 1057 291 1085 Νικολάου
309 1059 379 1086 κατά
395 1060 445 1095 τὴν
468 1061 578 1096 κλῆσιν,
599 1063 647 1089 καὶ
672 1063 828 1098 Θεοφάνους

29 1102 55 1128 δὲ
70 1103 119 1129 τοῦ
135 1103 260 1135 Νικαίας
283 1104 364 1131 ἀλλου
383 1105 465 1139 σοφοῦ
491 1106 537 1133 καὶ
559 1107 728 1143 ὀμολογητοῦ
754 1110 826 1143 νέου,

29 1150 77 1175 καὶ
99 1150 244 1185 Ίσιδὼρου
269 1151 480 1187 Θεσσαλονίκης,
507 1153 585 1179 οὐδὲν
609 1153 827 1190 ἀπολειπομένου

30 1195 76 1222 τοῦ
94 1196 184 1231 σοφοῦ
199 1197 234 1223 τὰ
253 1197 313 1224 θεῖα
329 1198 521 1233 Πηλουσιώτου
540 1199 645 1227 ἐκείνου
662 1201 708 1227 καὶ
724 1201 829 1236 ὁμωνύ-

32 1252 96 1276 μου,
112 1244 148 1269 τὰ
163 1245 230 1278 περὶ
245 1245 293 1278 τῆς
310 1245 456 1279 εἰρημένης
471 1247 606 1281 αἱρέσεως
620 1247 743 1282 ἀκριϐῶς
757 1257 828 1284 παρ-

31 1288 155 1315 ιστῶσιν.
187 1289 236 1316 Ἐκ
248 1290 302 1316 τῶν
324 1291 429 1322 τούτοις
440 1293 529 1318 τοίνυν
542 1295 742 1328 πεπονημένων
751 1295 828 1322 ἔσται

31 1334 208 1365 καταμαθεῖν
222 1335 240 1361 ἃ
262 1335 350 1370 ζητεῖ,
369 1337 459 1364 πίστει
473 1339 508 1365 τὰ
523 1338 626 1366 τούτων
651 1341 826 1376 ἀνεγνωκὼς,

31 1380 78 1406 καὶ
88 1380 143 1414 τῆς
156 1381 375 1417 Βαρλααμίτιδος
389 1384 521 1417 αἱρέσεως
533 1385 715 1418 ἐπιγνώσεται
731 1387 759 1412 τὸ
770 1387 830 1413 ὀλέ-

31 1425 119 1458 θριον,
146 1426 198 1460 τῆς
215 1426 408 1454 πολυκινδύνου
432 1437 460 1454 τε
477 1429 614 1463 ληρωδίας
640 1432 686 1458 καὶ
701 1431 828 1458 κινδυνώ-

32 1472 94 1503 an;
109 1472 293 1507 βλασφημίας
317 1474 364 1500 τοῦ
402 1476 556 1502 ’Ᾱκινδὺνου
579 1478 610 1503 τὸ
637 1477 779 1513 βλαϐερόν.
799 1480 828 1506 '0

35 1519 84 1552 μὲν
112 1519 171 1553 γὰρ
199 1520 345 1554 Βαρλαὰμ,
369 1521 406 1552 ὡς
432 1523 461 1548 ὲν
486 1523 569 1557 ὀλίγῳ
596 1524 688 1556 φάναι,
713 1525 828 1557 πλάναις

34 1564 88 1599 ω
107 1565 286 1599 Ἑλληνικαῖς
303 1568 494 1602 κατεχόμενος,
509 1569 556 1595 καὶ
574 1570 656 1604 μηδὲν
671 1572 828 1607 περαιτέρω

35 1609 104 1638 εἶναι
120 1613 178 1638 τῶν
191 1613 221 1639 ἐν
239 1614 365 1649 αἰσθήσει
386 1615 520 1649 οἰόμενος,
534 1617 677 1650 φωτισμὸν
692 1618 741 1651 μὲν
759 1618 827 1644 Θεθῦ

35 1658 83 1684 καὶ
89 1658 195 1691 γνῶσιν
206 1659 292 1694 μόνην
304 1653 351 1686 καὶ
364 1661 460 1693 σοφίαν
471 1662 563 1696 ἡγεῖτο
576 1664 589 1689 ὀ
600 1663 692 1695 ἄθλιος
700 1665 750 1698 τὴν
765 1666 829 1700 περὶ

36 1704 68 1730 τὰ
80 1704 214 1739 ὁρώμενα
229 1706 277 1731 καὶ
295 1706 438 1741 ποιήματα
453 1708 629 1743 κατανόησιν.
646 1710 701 1736 Καὶ
714 1709 744 1736 τὸ
763 1711 831 1738 εἰδέ-

37 1759 81 1776 ναι
96 1752 164 1782 τοὺς
175 1751 296 1786 δρόμους
310 1752 386 1786 ήλίου
404 1761 432 1779 τε
455 1754 502 1780 καὶ
517 1754 633 1790 σελήνης
651 1756 698 1782 καὶ
723 1764 830 1791 σχημα-

37 1798 153 1832 τισμοὺς
168 1799 216 1825 καὶ
233 1799 374 1833 δυνάμεις,
393 1799 426 1831 ἃς
454 1801 470 1835 ἠ
494 1800 548 1826 τῶν
563 1800 614 1833 ἔξω
631 1801 721 1835 σοφῶν
751 1803 832 1838 μωρὰ

38 1844 162 1872 διδάσκει
188 1846 347 1879 περιεργία,
382 1846 482 1880 γνῶσιν
508 1846 556 1873 καὶ
572 1847 714 1882 φωτισμὸν
738 1849 830 1883 ἡγεῖτο

39 1891 84 1916 καὶ
107 1891 200 1924 ἔλεγε.
227 1891 283 1917 Καὶ
309 1891 434 1926 ἀριθμῶν
461 1892 488 1919 δὲ
511 1893 559 1924 τὰς
591 1893 754 1927 ἀναλογίας,
785 1895 831 1921 καὶ

38 1935 215 1970 γεωμετρίας
230 1936 260 1961 τὸ
277 1936 454 1972 πολύσχημον
465 1937 512 1964 καὶ
529 1938 661 1970 ποικίλον,
677 1939 722 1965 καὶ
739 1947 833 1973 μουσι-

39 1983 90 2014 κῆς
106 1983 157 2017 τὴν
173 1982 312 2016 ἁρμονίαν
334 1984 381 2009 καὶ
399 1983 545 2018 φθόγγους,
571 1985 618 2010 καὶ
635 1985 685 2020 τὴν
710 1993 832 2020 σοφιστι-

41 2030 90 2064 κὴν
104 2030 234 2062 ἀλογίαν,
246 2031 279 2065 ἦν
293 2030 324 2064 δὴ
340 2030 387 2056 καὶ
403 2030 516 2065 λογικὴν
534 2030 719 2065 ψευδωνύμως
733 2032 833 2058 καλοῦ-

43 2083 84 2100 σιν
101 2075 250 2109 Ἕλληνες,
266 2074 367 2107 γνῶσιν
383 2074 459 2102 Θείαν
478 2077 525 2102 καὶ
541 2076 681 2110 φωτισμὸν
696 2076 834 2108 δυσσεϐῶς

42 2122 236 2157 κατωνόμαζε·
253 2123 298 2147 καὶ
313 2122 357 2148 τὶν
386 2122 422 2156 μὴ
448 2122 537 2149 εἰδότα
560 2123 608 2157 τὴν
624 2122 679 2149 τῶν
704 2123 834 2150 τοιούτων

43 2169 155 2203 μύησιν,
176 2168 245 2203 μηδὲ
265 2169 314 2202 τὴν
338 2169 494 2203 ἐπιστήμην
509 2170 563 2196 τῶν
586 2169 684 2202 ἔξωθεν
706 2171 835 2206 μαθημά-

877 923 982 958 losophi
1016 924 1133 958 novique
1162 923 1342 953 confessoris.
1368 927 1450 956 atque
1479 921 1659 950 Thessaloni-

878 968 969 996 censis
993 967 1088 995 lsidori
1110 968 1156 1003 qui
1181 969 1304 995 doctrina
1321 968 1470 1002 theologica
1490 975 1662 1002 nequaquam

877 1014 993 1049 sapienti
1006 1022 1056 1042 suo
1066 1014 1209 1041 Pelusiota:
1223 1015 1386 1050 homonymo
1396 1015 1520 1046 cedebat,
1531 1021 1662 1048 quorum.

878 1062 1000 1096 inquam,
1017 1060 1118 1095 scripta
1141 1060 1310 1087 divinissima
1335 1061 1414 1087 dictae
1435 1061 1570 1087 litereseos
1588 1064 1663 1094 gesta

860 1113 990 1139 -prorsus
1018 1105 1146 1142 referunt.
1163 1105 1247 1139 igitur
1260 1103 1293 1132 ωε
1318 1105 1445 1139 operibus
1478 1105 1591 1132 istorum
1623 1104 1664 1130 di—

878 1153 976 1179 scenda
998 1156 1061 1178 sunt
1085 1159 1145 1186 qua:
1165 1151 1321 1178 sciscitatur
1341 1152 1381 1177 vir
1394 1151 1544 1182 studiosus,
1562 1149 1663 1184 quibus

879 1198 1043 1225 conlidenter
1053 1198 1179 1233 perlectis
1189 1202 1215 1225 et
1226 1205 1307 1232 quam
1321 1197 1433 1224 exitiosa
1447 1196 1530 1223 fuerit
1540 1195 1662 1222 Bm-laam

879 1243 1009 1275 haeresis,
1038 1251 1174 1278 quamque
1202 1243 1340 1270 damnasse
1366 1242 1497 1277 Acimlyni
1524 1241 1662 1276 periculo-

879 1290 995 1317 sissimae
1010 1290 1117 1324 ineptia:
1137 1290 1276 1324 plenaeque
1303 1288 1471 1323 diser-inlinis
1484 1288 1664 1322 blasphemi-te

879 1342 1019 1371 agnoscet.
1038 1337 1143 1363 Etenim
1158 1337 1279 1363 Barlaam
1297 1337 1417 1371 quidem,
1436 1340 1463 1362 ut
1476 1335 1570 1370 paucis
1581 1342 1664 1369 expe-

881 1383 963 1414 diam,
977 1382 1118 1409 errorihus
1129 1381 1285 1409 Graecorum
1298 1382 1427 1412 indultus,
1439 1387 1465 1406 et
1475 1381 1612 1407 aestimans
1624 1380 1649 1406 ni
1659 1394 1665 1398 -

880 1428 917 1454 hil
932 1435 992 1455 esse
1009 1433 1104 1462 ρεαδιοΓ
1121 1435 1152 1454 ea
1166 1435 1225 1461 qua:
1239 1427 1289 1454 sub
1311 1435 1410 1453 sensus
1423 1426 1532 1456 cadunt,
1549 1426 1665 1451 (lucebat

879 1474 925 1500 ille
936 1481 1053 1508 nequam
1072 1474 1157 1500 solam
1176 1473 1221 1500 Dei
1236 1472 1459 1500 illutninationcm
1484 1471 1663 1498 etscicntiam

882 1525 962 1553 atque
977 1520 1137 1554 sapientiam
1150 1519 1222 1546 circa
1232 1527 1263 1546 ea
1278 1527 1337 1552 qua:
1357 1518 1425 1544 facta
1449 1521 1512 1544 sunt
1542 1521 1568 1543 et
1601 1523 1665 1543 eon-

880 1565 1034 1601 spiciunlur
1053 1565 1177 1598 versari;
1197 1565 1308 1599 insuper
1334 1565 1404 1591 seire
1428 1570 1539 1590 cursum
1558 1561 1624 1589 solis
1639 1566 1667 1588 et

881 1611 952 1638 lunm
966 1611 1067 1638 formas
1080 1615 1162 1644 atque
1175 1610 1333 1638 affectiones
1349 1617 1416 1645 quas
1432 1609 1506 1636 fatua
1528 1609 1607 1635 docet
1621 1615 1665 1635 sa-

880 1657 1014 1692 pientium
1045 1656 1226 1692 profanorum
1256 1656 1430 1688 observatio,
1463 1655 1604 1683 scientiam
1639 1658 1666 1680 et

882 1703 1108 1731 illuminationem
1124 1702 1167 1730 ille
1180 1702 1294 1734 ducebat
1310 1709 1340 1729 ac
1354 1701 1478 1732 dicebat;
1494 1708 1601 1728 Περιιοη
1615 1709 1666 1728 nu—

882 1759 1020 1778 merorum
1046 1750 1262 1782 convenientias,
1295 1750 1426 1784 variaque
1437 1753 1463 1777 et
1489 1749 1667 1776 multiformia

882 1798 1038 1833 geometriae
1055 1797 1236 1827 theoremata.
1258 1796 1371 1823 musica:
1401 1795 1573 1822 harmoniam
1586 1799 1667 1828 atque

882 1847 972 1876 tonos,
984 1843 1217 1878 sophisticamque
1231 1842 1372 1869 stultitiam
1389 1849 1471 1876 quam
1490 1840 1559 1867 falso
1573 1840 1668 1875 logica;

882 1890 1015 1917 vocabulo
1040 1890 1125 1917 Grteci
1154 1888 1302 1923 appellant,
1326 1887 1446 1914 divinam
1477 1886 1618 1913 scientiam
1641 1891 1668 1911 et

883 1936 1111 1963 illuminationem
1137 1935 1220 1968 impie
1239 1933 1419 1966 nominabat;
1450 1932 1592 1965 virumque
1620 1931 1668 1957 ho—

884 1992 944 2011 rum
971 1983 1048 2010 initia
1075 1983 1251 2014 nescientem,
1282 1988 1370 2015 neque
1396 1979 1572 2015 profanarum
1598 1978 1670 2004 noti-

885 2031 950 2058 tiam
977 2030 1118 2056 habentem
1146 2028 1331 2055 doctrinarum
1354 2027 1480 2054 insanum
1507 2027 1621 2053 vocabat
1644 2028 1671 2051 et

885 2076 1064 2106 obcaecatum,
1082 2074 1216 2109 praecipue
1241 2073 1262 2100 si
1280 2073 1418 2107 ignoraret
1438 2071 1563 2100 stolidam
1582 2072 1671 2098 scien-

885 2122 951 2147 tiam
983 2125 1010 2147 et
1039 2120 1190 2146 doctrinam
1220 2127 1279 2154 qua:
1309 2119 1380 2145 circa
1412 2122 1501 2144 motus
1533 2123 1670 2144 astrorqu

886 2172 1020 2198 versatur,
1033 2166 1108 2199 quod
1118 2166 1278 2199 theologiam
1293 2165 1365 2192 cient
1375 2165 1461 2192 Grarci
1474 2164 1519 2198 qui
1531 2158 1676 2191 creaturas

42 2224 102 2246 τωι,
123 2216 227 2248 ἄλογον
243 2215 334 2241 ἐκάλει
352 2215 397 2241 καὶ
413 2216 560 2242 σκοτεινόν·
577 2216 722 2251 ἐξαιρέτως
737 2218 765 2244 δὲ
785 2219 833 2252 τὴν

889 2206 959 2239 inter
989 2212 1100 2238 numina
1134 2211 1294 2243 ascribunt,
1323 2215 1509 2245 creaturzeque
1541 2210 1670 2237 honorem

43 2262 106 2296 περὶ
123 2261 158 2287 τὰ
175 2262 270 2294 ἄστρα
286 2261 392 2295 κίνησιν
409 2261 458 2290 τὴν
481 2262 593 2296 ἀνόητον
611 2265 774 2298 περιεργίαν
787 2265 835 2291 καὶ

43 2307 223 2342 κατανόησιν,
231 2306 244 2332 ὃ
255 2306 301 2332 καὶ
311 2306 448 2341 θεολογίαν
458 2308 540 2342 φασὶν
552 2309 576 2334 οί
587 2309 619 2335 τὰ
629 2310 767 2344 κτίσματα
779 2311 836 2337 θεο-

43 2353 205 2386 ποιούμενοι
216 2351 358 2386 Ἕλληνες,
366 2353 412 2378 καὶ
421 2354 455 2387 τῇ
466 2354 552 2379 κτίσει
562 2354 638 2388 παρὰ
650 2354 694 2380 τὸν
704 2355 835 2382 κτίσαντα

43 2401 91 2434 τὴν
100 2400 188 2434 τιμὴν
205 2398 400 2432 ἀπονέμοντες.
423 2398 465 2424 Ἐν
476 2398 582 2430 τούτοις
599 2397 646 2426 οὖν
661 2400 754 2434 ἔλεγεν
769 2403 838 2427 ἐκεῖ·

45 2455 86 2477 νος
101 2447 116 2472 ὁ
128 2446 193 2472 λίαν
210 2445 312 2478 ἄσοφος
328 2444 378 2478 τήν
390 2453 419 2470 τε
435 2443 575 2478 θεολογίαν
591 2443 660 2472 εἶναι
674 2447 716 2472 καὶ
729 2446 777 2480 τὴν
792 2456 836 2472 σο.

45 2492 119 2525 ςῑαν,
138 2491 188 2518 καὶ
204 2491 255 2524 τὴν
271 2491 422 2524 κατάληψιν
437 2491 527 2517 αὐτῶν
542 2490 664 2524 ἔντευξιν
682 2491 752 2518 εἶναι
767 2493 835 2519 Θεοῦ

46 2538 90 2564 καὶ
103 2538 190 2568 ὅντως
209 2535 361 2569 φωτισμὸν,
375 2537 388 2562 ὑ
401 2537 595 2571 ὲσκοτισμένος
610 2537 655 2563 καὶ
677 2538 780 2572 κτίσμα
799 2538 837 2564 ὣν

46 2583 178 2615 ἑκουσίως
195 2583 325 2617 πονηρόν.
349 2583 403 2609 Καὶ
419 2582 536 2616 θεωρίαν
561 2583 749 2618 ἀληθεστάτην
772 2584 838 2610 ὠνά-

48 2630 118 2663 μαζε
149 2629 201 2663 τὴν
226 2628 274 2654 καὶ
295 2627 409 2662 δυνατὴν
426 2628 465 2662 τῷ
480 2627 649 2663 ,βουλομένῳ
674 2628 837 2661 σκέψασθαι,

47 2676 93 2701 καὶ
104 2673 330 2708 ἀκαθαρτοτάτῳ
346 2673 400 2699 τῶν
415 2673 566 2708 ἀνθρώπων
581 2673 633 2700 νοΐ.
650 2673 698 2704 Ὃς
718 2673 749 2708 δὴ
775 2673 838 2705 νοῦς

47 2721 226 2756 ἀνθρώπινος
238 2719 285 2744 καὶ
298 2720 460 2753 τιμιώτερος
477 2719 585 2754 ὁρᾶται,
602 2719 649 2744 καὶ
671 2719 839 2753 ὑψηλότερος

47 2768 95 2799 τῆς
113 2765 223 2792 τούτων
240 2764 383 2798 κινήσεως,
407 2764 443 2795 ὡς
468 2764 555 2791 ταῦτα
579 2765 763 2799 κατειληφὼς,
792 2766 838 2800 καὶ

48 2811 200 2846 δυνάμενος
215 2809 340 2844 θεωρεῖν·
356 2809 455 2843 μᾶλλον
468 2809 498 2836 δὲ
511 2810 604 2844 κύριος
616 2810 663 2836 καὶ
673 2810 775 2844 θεωρὸς
788 2810 838 2843 τῆς

49 2859 194 2893 ὀρωμὲνης
211 2855 328 2887 κτίσεως
352 2855 481 2890 γεγονώς.
504 2856 579 2883 Ἐπεὶ
596 2857 641 2884 καὶ
665 2857 697 2883 δι’
722 2857 803 2883 αὑτὸν
822 2858 837 2891 ἡ

886 2259 1008 2286 Creatori
1035 2258 1155 2285 debitum
1183 2257 1354 2290 attribuunt;
1378 2257 1403 2283 in
1419 2256 1460 2284 his
1499 2256 1580 2290 igitur
1612 2264 1673 2290 qua:

886 2306 1006 2333 diximus
1030 2304 1071 2332 vir
1107 2304 1152 2331 ille
1177 2303 1308 2337 insipiens
1338 2303 1422 2330 nimis
1453 2302 1618 2336 theologiam
1646 2306 1674 2328 et

886 2350 1046 2383 sapientiam
1069 2349 1199 2384 ponebat;
1229 2348 1382 2382 horumque
1399 2347 1673 2382 comprehensionem

885 2397 985 2424 doumu
1009 2403 1069 2423 esse
1087 2395 1132 2422 Dei
1158 2402 1307 2424 veramque
1330 2394 1540 2422 illustrationcm
1562 2393 1674 2420 dicebat

887 2443 931 2470 ille
948 2443 1102 2469 oberrat-atus
1119 2442 1198 2467 homo
1220 2440 1322 2474 Deique
1341 2443 1466 2466 creatura
1482 2439 1597 2465 libenter
1614 2445 1675 2472 per-

889 2497 976 2520 versa,
992 2493 1018 2515 et
1045 2495 1135 2514 veram
1180 2485 1440 2520 contemplationem
1467 2485 1582 2512 vocabat
1613 2491 1674 2511 eam

888 2543 941 2570 qua
966 2534 1084 2569 gaudere
1119 2536 1211 2568 potest
1240 2533 1397 2565 quicunque
1426 2531 1562 2563 voluerit,
1594 2537 1674 2557 mens

888 2583 969 2609 etiam
987 2581 1128 2607 hominum
1144 2579 1374 2610 immundissima,
1390 2586 1450 2614 quae
1462 2585 1537 2605 mens
1555 2578 1674 2605 humana

888 2627 1036 2662 pretiosior
1054 2626 1160 2653 videtur
1171 2629 1198 2652 et
1231 2624 1367 2652 sideribus
1391 2631 1451 2659 quae
1466 2628 1609 2650 moventur
1625 2629 1673 2648 su-

891 2674 1008 2705 blimior.
1025 2680 1086 2700 cum
1103 2673 1153 2699 ista
1176 2671 1391 2705 comprehendat
1414 2675 1440 2697 et
1456 2670 1557 2696 intueri
1575 2668 1672 2702 possit.

890 2720 944 2747 imo
966 2727 1027 2746 cum
1053 2719 1134 2745 homo
1163 2717 1291 2744 dominus
1317 2721 1343 2744 ct
1371 2715 1526 2750 speculator
1559 2713 1674 2741 visibilis

890 2765 1038 2794 creationis
1065 2764 1153 2790 factus
1185 2763 1275 2794 fuerit,
1291 2762 1418 2797 quoniam
1435 2761 1493 2793 ejus
1509 2759 1596 2793 gratia
1615 2759 1673 2792 ipsa

892 2811 960 2839 facta
976 2815 1017 2838 est
1035 2809 1139 2837 creatio
1153 2814 1181 2837 et
1208 2814 1318 2844 propter
1335 2815 1396 2834 eum
1420 2806 1588 2840 eorruptioni
1608 2805 1673 2832 sub-

894 2857 997 2889 missa,
1037 2860 1117 2889 prout
1157 2855 1236 2882 docet
1270 2853 1368 2880 Paulus
1402 2851 1522 2879 dicens:
1556 2860 1564 2876 ι
1593 2849 1672 2876 Vani-
