1908 3041
234 91 282 122 ΜΤ

659 92 729 122 SYM
735 91 847 121 EONIS
866 91 919 121 ΤΗ
925 90 1241 122 ESSALONICENSIS
1267 91 1443 122 ARCHIEP.

1817 92 1865 123 158

230 153 278 179 tati
294 152 367 179 enim
395 157 518 179 creatura
543 151 666 185 subjecta
694 154 748 183 est,
767 159 820 178 non
841 150 946 180 Vulens.
966 149 1012 176 sed

1076 150 1155 181 ιτίσις
1169 150 1241 185 αὕτη
1265 150 1423 184 γεγένηται,
1450 151 1497 177 καὶ
1523 151 1557 177 δι’
1581 151 1662 178 αὐτὸν
1680 151 1815 187 ὗπὲκυψε
1830 154 1863 186 τῇ

229 201 340 232 propter
363 205 425 224 eutn
443 197 488 232 qui
520 197 634 231 subiecit
661 205 720 225 eam
747 197 774 224 in
800 204 859 231 spe-
881 206 889 222 ›
908 196 1015 222 Stultus

231 245 322 268 autem
338 241 460 268 Barlaatu
482 246 600 268 mentem
616 241 641 267 lu
661 241 816 276 disciplinis
832 249 892 276 qua:
914 240 945 267 ad
968 248 1013 266 ar-

230 292 282 314 tem
303 287 438 320 pertinent
453 288 547 314 rudem
560 292 677 315 mentem
693 287 878 315 irrationalem
895 291 922 314 ct
940 292 1015 314 tene-

229 334 337 360 brosam
352 334 467 361 vocabat
496 334 539 361 ille
562 334 760 369 nequissimus,
786 334 911 362 nesciens
933 333 1015 360 homo

229 386 315 405 vanus
327 379 455 413 quoniam
472 379 520 406 ista
537 380 645 414 quidem
669 386 780 415 propter
796 388 847 407 nos
863 385 892 407 ut
907 380 1013 413 corpori

230 425 407 458 providentur
424 427 605 461 prmseutiqne
622 427 683 454 vita:
705 432 805 454 nostra:
823 427 929 462 prosint
945 426 1013 454 facta

231 475 305 502 sunt,
330 471 382 498 alia
408 479 473 499 vero
500 477 563 499 sunt
577 480 591 499 a
609 473 662 500 Deo
686 473 764 501 nobis
785 478 935 508 pra-parata
953 478 1016 500 ante

230 518 466 549 constitutionem,
488 524 568 554 prout
596 520 653 554 ipse
677 520 741 547 olim
766 520 856 547 dixit:
880 529 889 545 ι
908 519 1013 552 Vertite,

230 563 368 591 benedicti
384 563 473 592 Patris
494 566 557 597 mei,
583 565 718 599 possidete
736 571 860 601 paratum
880 566 956 593 vobis
973 574 1015 593 re-

229 617 311 642 gnum
328 617 342 636 α
359 610 558 638 constitutione
580 612 684 638 mundi.
709 621 718 638 ι
740 612 812 638 Bona
833 616 924 639 autem
941 612 1015 639 illius

231 655 316 688 regni.
332 655 368 681 ait
381 654 490 687 Paulus.
519 656 580 683 [alia
609 662 673 683 sunt
697 662 725 684 ut
745 667 753 683 ι
773 659 821 684 nec
847 658 945 686 oculus
959 657 1016 685 haec

231 700 328 727 viderit
360 708 410 728 nec
440 702 514 729 auris
544 702 681 729 audiverit
702 710 752 730 nec
773 703 800 730 in
828 711 876 730 cor
895 703 1015 730 hominis

231 747 384 774 ascenderit
404 755 464 781 quae
480 749 642 782 praeparavit
659 748 731 787 Deus
748 749 925 783 diligentibus
941 757 980 776 se.
1003 758 1012 775 ι

232 792 293 819 Ι.1‹·ο
322 793 401 820 docet
422 793 551 822 Dominus
573 804 579 821 :
604 804 613 820 ι
631 795 734 822 (Σαιίιιιιι
762 800 789 822 et
814 799 882 822 terra
913 795 1016 823 transi-

233 841 316 873 bunt;
333 849 341 865 ι
358 840 536 875 prohibetque
551 841 652 870 Paulus
667 849 701 869 ne
713 842 746 869 de
761 841 803 869 Itis
819 850 879 876 quae
892 843 1017 870 videntur

233 885 342 912 solliciti
358 886 463 920 simus;
480 894 541 914 nam
557 895 618 922 qua:
628 888 758 916 videntur
771 889 931 923 temporalia
943 893 1015 921 sunt,

232 940 293 965 qua:
309 937 398 959 autem
414 940 467 960 non
483 934 609 960 videntur
628 939 728 962 aeterna
746 940 819 962 sunt.
845 935 896 962 Et:
919 944 929 960 ι
950 935 1017 963 Cceli

232 977 304 1005 sicut
316 978 382 1005 liber
395 979 642 1013 complicabuntur;
653 990 662 1006 ι
675 981 798 1016 dixitque
811 981 921 1009 Petrus:
935 981 1016 1010 «Cteli

233 1024 340 1059 quidem
359 1032 457 1060 magno
470 1025 586 1053 stridore
603 1027 771 1060 transibunt,
793 1027 926 1055 elementa
953 1035 1018 1055 vero

233 1071 322 1097 calore
344 1071 500 1104 solventur;
517 1076 588 1099 terra
609 1076 701 1101 autem
720 1078 747 1100 et
762 1081 823 1109 qua:
838 1074 863 1100 in
879 1073 936 1108 ipsa
954 1080 1018 1101 sunt

234 1124 315 1150 opera
342 1122 502 1145 exurentur.
522 1127 531 1143 ›
548 1119 581 1145 At
610 1119 652 1146 his
675 1119 803 1148 omnibus
823 1121 1017 1154 dissolvemlis,

233 1163 329 1197 quales
341 1171 391 1190 nos
404 1171 463 1191 esse
478 1165 606 1199 oportet?
618 1164 742 1192 Profecto
759 1165 786 1193 in
800 1171 893 1193 sancta
906 1174 1019 1194 convrr-

234 1210 341 1237 satione
368 1211 553 1245 operibusque
571 1211 688 1246 pietatis‘
704 1217 894 1246 exspectantes
913 1213 1018 1240 Domini

235 1256 320 1282 nostri
338 1254 402 1283 Jesu
415 1255 518 1283 Christi
534 1256 691 1287 advrnlum,
708 1256 741 1283 de
759 1264 812 1291 quo
826 1265 877 1285 nos
892 1265 952 1285 esse
964 1258 1017 1285 sul~

235 1301 325 1328 llt'ilOS
338 1305 457 1335 oportet.
475 1301 603 1334 Quasnam
626 1303 698 1328 enim
725 1302 828 1330 utilitas
843 1310 875 1330 ex
899 1309 1020 1331 contem-

236 1348 354 1381 platione
370 1353 558 1375 creaturarum
569 1349 580 1374 ξ’
590 1349 729 1381 Quantum
743 1349 901 1383 iudetorpet
912 1351 1017 1377 animai

235 1392 371 1426 Quantum
389 1393 450 1420 ittde
467 1394 639 1421 conteritur!
657 1396 708 1422 uisi
729 1395 811 1422 etiam
830 1395 892 1422 inde
912 1400 1019 1423 crescat

236 1440 423 1475 praesumptio,
436 1441 575 1476 impiaque
592 1441 701 1476 superbi
718 1441 891 1469 tenebrarum
907 1443 1021 1477 spiritus

1068 196 1167 232 φθορᾷ,
1183 196 1256 223 καθά
1272 205 1323 222 που
1343 196 1390 223 καὶ
1416 197 1522 228 Παῦλος
1546 198 1612 232 περὶ
1635 197 1728 224 τούτου
1769 199 1864 232 φησὶ,

1070 252 1079 268 ι
1098 243 1138 278 Τῇ
1155 242 1210 276 γὰρ
1238 243 1398 278 ματαιότητι
1412 243 1428 277 ὴ
1443 243 1533 274 κτίσις
1559 243 1695 279 ὑπετάγη.
1714 253 1723 268 ι
1758 243 1863 277 λέγων,

1070 297 1078 314 ι
1096 289 1144 322 οὐχ
1161 287 1273 321 ἑκοῦσα,
1289 288 1356 315 ἀλλὰ
1367 289 1410 315 διὰ
1424 290 1468 316 τὶν
1480 289 1653 322 ὑποτάξαντα
1668 290 1710 316 ἐπ’
1723 289 1825 316 ἑλπίδι
1840 300 1861 318 ι.

1072 334 1102 360 '0
1119 333 1147 361 δέ
1167 343 1198 368 γε
1217 334 1346 366 ἀσύνετος
1361 335 1495 370 Βαρλαάμ
1510 334 1571 361 νοῦν
1599 335 1644 361 τὴν
1661 336 1699 370 μὴ
1717 336 1790 370 περὶ
1810 335 1863 362 τῶν

1069 381 1239 417 μαθημάτων
1267 382 1322 408 τῶν
1350 382 1481 417 ἐντέχνων
1508 382 1598 409 είδότα
1628 382 1691 409 νοῦν
1718 382 1826 416 ἄλογον
1851 384 1864 408 ὁ

1066 428 1181 460 δείλαιος
1192 428 1324 454 ἀπεκάλει
1338 420 1384 455 καὶ
1395 427 1543 457 σκοτεινὸν.
1558 429 1595 463 μὴ
1608 427 1684 459 εἰδὼς
1697 429 1710 454 ὁ
1727 429 1862 461 μάταιος,

1066 473 1104 504 ὼς
1119 473 1206 499 ταῦτα
1227 473 1277 507 μὲν
1303 473 1336 499 δι’
1352 473 1436 507 ἡμᾶς,
1454 473 1501 499 καὶ
1527 473 1571 500 ἵνα
1600 473 1634 500 τὰ
1654 473 1701 500 τοῦ
1729 472 1862 507 σώματος

1067 518 1212 554 διοικῆται,
1227 519 1273 545 καὶ
1289 519 1327 550 είς
1343 519 1443 554 χρῆσιν
1466 515 1516 545 ὦσι
1535 519 1584 554 τῆς
1611 519 1757 554 παρούσης
1783 519 1862 554 ἡμῶν

1052 582 1058 588 .γ
1067 564 1150 600 ζωῆς,
1167 565 1249 600 ἕτερα
1262 564 1284 591 δ’
1299 566 1352 592 εἰσὶ
1367 565 1402 591 τὰ
1418 565 1471 598 πρὸ
1488 565 1642 600 καταϐολῆς
1655 565 1762 598 κόσμου
1790 565 1863 599 ἡτοι-

1069 611 1195 645 μασμένοι
1210 611 1274 645 ἡμῖν
1299 611 1375 646 παρὰ
1388 610 1435 637 τοῦ
1451 610 1530 644 Θεοῦ,
1545 610 1582 642 ὡς
1600 610 1682 642 αὒτδς
1697 611 1760 645 ἐρεῖ
1774 611 1839 637 τότε
1854 619 1862 626 ο

1071 665 1080 681 ι
1093 655 1187 689 Δεῦτε,
1197 657 1221 682 at
1235 656 1414 692 εὐλογημένοι
1429 656 1476 682 τοῦ
1490 656 1596 691 Πατρός
1611 665 1672 691 μου,
1685 656 1862 692 κληρονομή-

1068 709 1132 727 σατε
1159 700 1208 736 τὴν
1233 701 1441 737 ἡτοιμασμένην
1457 702 1522 736 ὑμῖν
1540 701 1678 736 βασιλείαν
1695 702 1753 728 ἀπὸ
1777 711 1861 728 κατα-

1068 747 1150 783 δολῆς
1166 747 1279 782 κόσμου.
1294 756 1304 773 ι
1325 748 1365 774 Τὰ
1379 748 1406 775 δὲ
1423 747 1472 783 τῆς
1484 748 1622 783 βασιλείκ
1632 748 1740 783 ἐκείνης
1757 748 1860 781 ἁγαθᾶ.

1069 794 1137 827 φησι
1154 793 1272 825 Παῦλος,
1286 793 1410 824 τοιαῦτα,
1424 793 1465 820 ὅτι
1483 803 1493 819 α
1518 793 1674 828 Ὀφθαλμὺς
1700 793 1796 820 ταῦτα
1814 794 1861 820 οὐκ

1069 837 1133 871 οἶδε,
1150 841 1197 867 καὶ
1211 837 1257 872 οὖς
1275 840 1325 866 οὐκ
1340 840 1453 875 ἤκουσε,
1478 840 1525 867 καί¹
1556 841 1601 866 ἐπὶ
1618 840 1732 874 καρδίαν
1754 840 1861 873 ἀνθρώ-

1069 894 1120 913 που
1136 887 1186 913 οὐκ
1198 887 1292 921 ἀνέἦη.
1309 886 1326 913 ἃ
1343 886 1493 921 ἡτοίμασεν
1517 887 1531 913 ὁ
1554 886 1621 917 Θεδς
1638 888 1695 916 τοῖς
1710 887 1861 919 ἀγαπῶσιν

1069 932 1148 959 αὐτόν
1168 942 1189 959 ι.
1210 933 1264 960 Καὶ
1273 933 1312 959 ὅτι
1328 932 1341 958 t5
1362 932 1477 967 οὐρανὸς
1494 933 1568 968 καὶὴ
1583 934 1618 968 γῆ
1636 933 1860 967 παρελεύσονται

1069 979 1190 1006 διδάσκει
1202 979 1215 1005 ὸ
1229 979 1341 1014 Κύριος.
1356 979 1412 1005 Καὶ
1425 979 1456 1005 οὐ
1471 979 1511 1006 δεῖ
1523 979 1586 1014 περὶ
1599 978 1653 1006 τῶν
1678 978 1861 1014 βλεπομένων

1069 1026 1154 1060 ἡμᾶς,
1173 1024 1278 1056 Παῦλος
1295 1033 1373 1059 φησι,
1394 1026 1540 1060 μεριμνᾷν.
1558 1025 1599 1052 Τὰ
1625 1024 1679 1060 γὰρ
1699 1024 1860 1059 βλεπόμενα

1070 1072 1235 1107 πρόσκαιρα,
1248 1071 1281 1097 τὰ
1296 1071 1323 1098 δὲ
1341 1071 1378 1106 μὴ
1397 1071 1552 1106 βλεπόμενα
1576 1071 1684 1098 αἰώνια.
1702 1071 1761 1098 Καὶ
1790 1071 1805 1097 ὁ
1818 1071 1859 1097 οὐ·

1072 1118 1151 1154 ρανδς
1166 1118 1342 1153 είληθήσεται
1357 1117 1395 1148 ὡς
1417 1117 1530 1152 βιὸλίον.
1561 1118 1615 1143 Καὶ
1629 1116 1735 1151 Πέτρος
1765 1118 1859 1152 φησιν,

1074 1175 1082 1190 ι
1100 1165 1217 1200 Οὑρανοὶ
1235 1164 1284 1198 μὲν
1302 1163 1426 1199 ῥοιζηδὸν
1444 1163 1672 1198 παρελεύσονται,
1695 1165 1822 1198 στοιχεῖα
1834 1163 1859 1190 δὲ

1070 1211 1246 1245 καυσούμενα
1274 1209 1456 1244 λυθήσονται·
1475 1211 1523 1236 καὶ
1547 1211 1582 1244 γῆ
1599 1211 1645 1236 καὶ
1667 1210 1703 1236 τὰ
1728 1210 1762 1237 ὲν
1793 1211 1858 1244 αὐτῇ

1070 1257 1159 1284 πάντα
1172 1257 1389 1290 κατακαήσεται.
1405 1265 1414 1282 ι
1434 1256 1544 1282 Τούτων
1554 1256 1582 1283 δὲ
1595 1256 1704 1283 πάντων
1715 1257 1858 1291 λυομένων

1070 1303 1207 1334 ποταποὺς
1220 1303 1260 1329 δεῖ
1276 1300 1345 1329 εἶναι
1367 1303 1461 1337 ἡμᾶς;
1482 1302 1528 1328 Ἐν
1553 1302 1647 1336 ἁγίαις
1672 1303 1859 1338 ἀναστροφαῖς

1071 1351 1117 1376 καὶ
1145 1349 1310 1381 εὐσεϐείαις,
1341 1348 1577 1383 ἀπεκδεχομένους
1603 1349 1652 1382 τὴν
1678 1348 1725 1374 τοῦ
1755 1348 1857 1383 Κυρίου

1071 1396 1150 1432 ἡμῶν
1172 1396 1260 1431 Ἰησοῦ
1277 1395 1396 1429 Χριστοῦ
1421 1395 1587 1430 παρουσίαν,
1613 1396 1678 1430 περὶ
1699 1393 1733 1430 ἦς
1760 1396 1795 1430 δὴ
1815 1396 1858 1421 καὶ

1073 1443 1227 1479 φροντίζειν
1240 1443 1313 1478 ἡμᾶς
1326 1441 1425 1477 χρεών.
1455 1442 1488 1468 Τί
1503 1441 1556 1477 γὰρ
1584 1442 1613 1468 τὸ
1626 1442 1721 1476 όφελος
1751 1443 1787 1469 ἐκ
1814 1442 1859 1476 τῆς

236 1487 329 1521 opinio
344 1487 480 1514 tuentibus
499 1486 605 1514 insanis
621 1487 768 1515 inseratur.
790 1488 868 1521 Quod
886 1497 939 1517 non
955 1489 1021 1525 ipsa:

1076 1490 1125 1517 τῶν
1141 1490 1301 1523 κτισμάτων
1315 1488 1452 1524 θεωρίας;
1469 1489 1535 1514 ποία
1551 1488 1583 1514 ὲκ
1603 1488 1706 1515 τούτων
1720 1488 1858 1522 ciu-dona;

237 1534 338 1561 faciunt
351 1537 483 1562 creatura;
496 1541 557 1561 cum
570 1533 647 1561 boote
659 1534 714 1561 sint
726 1536 819 1568 utpote
831 1543 847 1563 a
860 1536 933 1564 bono
947 1543 1022 1564 crea-

237 1585 306 1607 tura:
324 1579 451 1612 conditae,
481 1582 527 1607 sed
560 1580 678 1607 sollicita
709 1589 801 1608 earum
825 1582 1021 1615 consideratio.

237 1633 318 1660 quam
348 1626 562 1660 contemplatum
600 1631 751 1660 apostatatn
783 1626 877 1654 dicttnt
909 1628 1021 1663 quidam

239 1672 410 1705 (sublimiore
435 1672 507 1699 enim
527 1673 759 1707 contemplatione
779 1674 877 1709 dignus
901 1681 955 1701 non
971 1674 1022 1701 fuit

239 1718 284 1746 ille
307 1719 343 1746 ab
371 1719 450 1746 initio
465 1719 662 1754 gloriabundus
687 1725 713 1747 et
727 1720 960 1748 insolentissimus
976 1721 1023 1754 qui

239 1770 330 1792 tamen
344 1756 451 1792 summo
464 1765 625 1800 angelorum
644 1767 734 1794 ordini
748 1768 886 1802 ιιι-ποιοί),
899 1766 961 1794 dum
981 1768 1024 1795 in-

239 1815 345 1839 tueretu
351 1819 363 1838 r
370 1811 561 1846 superbivisse,
569 1819 652 1847 seque
659 1812 798 1847 jactitasse
808 1813 937 1840 thronum
944 1821 1023 1841 suum

240 1866 322 1894 super
337 1858 423 1886 nubes
431 1863 456 1885 et
466 1863 538 1886 astra
550 1860 713 1893 positurum,
727 1860 898 1896 similemque
909 1859 968 1888 fore
979 1860 1025 1888 Δία

241 1906 356 1938 tissimo,
366 1905 589 1940 quiAltissimutu
597 1914 650 1933 non
661 1907 852 1942 cognoscebat.
862 1906 939 1934 Hunc
949 1914 1026 1935 meus

238 1951 328 1979 omnis
338 1958 445 1985 semper
455 1951 633 1986 contemplari
644 1952 723 1979 debet
734 1951 807 1979 velut
822 1956 939 1980 tuentem
947 1957 1025 1980 atter-

239 2006 300 2024 uam
313 1997 419 2025 Patrem
432 2005 494 2025 cum
504 1997 595 2024 Verbo
605 2002 633 2025 et
646 1998 760 2032 Spiritu,
775 2004 800 2026 et
812 2006 873 2026 eum
886 2003 1024 2034 appetere.

239 2050 319 2078 atque
325 2045 358 2072 ad
366 2052 427 2072 eum
436 2035 622 2072 creaturarum
633 2046 761 2072 factorem
770 2046 897 2072 continua
908 2053 1026 2080 propen-

239 2091 316 2118 sione
327 2092 446 2123 tendere,
454 2095 481 2118 et
491 2098 553 2118 eum
566 2091 592 2118 in
604 2091 713 2118 silentio
725 2091 841 2119 adorare
851 2093 1027 2127 quemadmo-

239 2137 303 2164 dum
312 2137 411 2171 angeli;
422 2137 524 2171 Deique
531 2144 612 2171 opera
622 2144 747 2171 quamam
756 2137 812 2164 sint
821 2137 935 2165 intuitus
943 2138 1024 2165 homo
1038 2153 1064 2183 υ

239 2184 319 2210 debet
327 2183 476 2210 secundum
485 2183 595 2218 angelos
603 2191 696 2218 agere,
704 2190 800 2218 nempe
809 2191 870 2211 eum
880 2184 989 2219 hymnis
997 2190 1025 2211 et

240 2228 366 2256 laudibus
376 2228 526 2257 celebrare.
542 2228 588 2255 Ait
604 2228 695 2256 enim:
712 2238 721 2254 ι
740 2229 855 2261 Quando
870 2229 942 2256 facta
962 2233 1027 2256 sunt

240 2280 325 2308 astra,
340 2275 545 2303 laudabanth
559 2282 625 2303 voce
637 2283 735 2310 magna
751 2282 846 2302 omnes
865 2275 953 2310 angeli
974 2275 1026 2302 mei

241 2323 404 2357 hymnisque
420 2321 565 2348 ornabant.
587 2330 596 2346 ι
611 2320 725 2349 Vidcn‘?
741 2318 888 2348 humilitati
912 2326 986 2352 sunt.
1001 2327 1029 2348 et

240 2369 333 2397 statim
347 2368 380 2396 ad
396 2368 654 2401 contemplationem
683 2372 710 2394 et
731 2367 955 2400 gloriﬁcalionem
981 2366 1027 2393 Dei

242 2421 357 2444 utentem
377 2419 535 2447 erexerunt,
561 2416 691 2449 quoniam
721 2413 780 2448 ipse
796 2413 918 2439 omnittnt
936 2412 1027 2439 Domi-

243 2471 312 2497 nus;
331 2469 417 2497 neque
436 2466 544 2496 propter
558 2469 632 2493 eum,
651 2460 699 2487 sed
718 2463 827 2494 propter
848 2467 907 2493 nos,
927 2464 957 2486 ut
977 2467 1028 2486 no-

242 2515 299 2539 stra
314 2513 443 2543 regantur
459 2516 574 2543 cerpora
595 2507 714 2535 visibilia
744 2506 877 2538 condidit,
901 2507 1026 2533 invisibi-

242 2557 277 2584 lia
293 2560 429 2586 autem.ut
445 2555 544 2582 animis
570 2554 672 2581 nostris
691 2553 846 2588 proﬁciant.
863 2553 1030 2587 Quaeigitur

243 2603 349 2632 utilitas
382 2605 403 2630 si
431 2601 465 2628 de
495 2601 536 2628 his
562 2600 787 2635 carruptibilihus
811 2599 923 2627 solliciti
944 2599 1030 2627 simus

243 2659 305 2686 quae
319 2649 493 2677 studentibtts
520 2655 575 2676 non
604 2653 730 2682 prosunt.
759 2647 810 2674 uisi
840 2646 902 2681 quis
929 2646 973 2673 illa
988 2653 1032 2672 so-
1065 2670 1071 2679 ,

244 2697 385 2726 lummodo
405 2695 531 2730 inspiciat
558 2699 588 2722 ut
615 2694 668 2722 Deo
691 2694 794 2729 gratias
823 2698 850 2720 et
873 2692 967 2719 laudes
984 2691 1032 2718 tri-

246 2746 321 2776 buat,
343 2748 371 2770 ut
387 2743 476 2770 solent
493 2742 591 2773 sancti,
610 2746 637 2768 et
653 2740 746 2768 'David
774 2739 846 2768 istud
867 2742 981 2766 testatur
1003 2738 1030 2764 in

245 2791 338 2818 multis
354 2789 464 2825 psalmis
478 2795 559 2824 opera
589 2787 634 2815 Dei
660 2785 844 2821 praedicando.
877 2784 925 2812 ille
940 2787 1030 2810 autem

245 2838 403 2873 immundus
421 2837 478 2864 ha'c
497 2835 608 2864 omnino
626 2835 727 2862 oblitus
743 2833 898 2860 Grmcorun:
916 2830 1030 2865 ineptias

1073 1535 1137 1562 ποία
1149 1535 1239 1570 ψυχῆς
1255 1534 1402 1569 συντρι6ή;
1419 1535 1443 1560 εί
1470 1534 1508 1568 μὴ
1529 1534 1574 1560 καὶ
1591 1532 1680 1566 οἴησιν
1695 1534 1859 1569 προστίθησι

1075 1582 1186 1618 μᾶλλον.
1200 1582 1247 1608 καὶ
1261 1583 1322 1612 ταῖς
1338 1581 1392 1607 τῶν
1408 1580 1535 1614 ἀφρόνων
1556 1579 1656 1614 ψυχαῖς
1670 1580 1720 1615 τὴν
1736 1580 1788 1607 τοῦ
1802 1589 1859 1607 σχο-

1073 1629 1163 1656 τεινοῦ
1177 1627 1236 1659 νοὸς
1248 1627 1295 1654 καὶ
1304 1626 1480 1661 ὑπερηφάνου
1491 1626 1614 1652 ἀντίθεον
1626 1625 1741 1661 γνώμην
1755 1626 1858 1660 ἐντίθη-

1064 1684 1127 1702 νσιν.
1143 1675 1179 1701 Οὐ
1199 1674 1233 1700 τὰ
1249 1674 1387 1708 κτίσματα
1399 1673 1427 1699 δὲ
1448 1672 1528 1699 τοῦτο
1544 1675 1625 1704 ποιεῖ,
1643 1673 1714 1699 καλὰ
1741 1675 1800 1708 γὰρ
1827 1673 1859 1704 ὡς

1074 1722 1122 1748 καὶ
1139 1720 1222 1748 καλοῦ
1247 1720 1395 1753 κτίσματα,
1410 1718 1470 1746 ἀλλ’
1497 1720 1513 1754 ἡ
1533 1719 1679 1755 περίεργος
1699 1720 1817 1755 θεωρία,
1830 1720 1859 1754 ἢν

1075 1767 1123 1794 καὶ
1137 1767 1314 1802 θεωρήσαντα
1330 1766 1376 1792 τὸν
1387 1765 1545 1799 ἀποστάτην
1570 1766 1636 1799 φασί
1660 1774 1734 1797 τινες
1753 1767 1796 1801 (οὐ
1811 1766 1859 1800 γὰρ

1075 1813 1243 1849 ὑψηλοτέρας
1254 1811 1354 1847 ἠξίωτο
1375 1811 1503 1846 θεωρίας,
1518 1811 1565 1837 ἀπ’
1582 1812 1670 1846 ἀρχῆς
1696 1812 1735 1838 ὢν
1756 1812 1860 1843 ἀλαζὼν

1076 1861 1123 1887 καὶ
1153 1859 1320 1893 ὺπέροφρυς,
1347 1857 1398 1891 τῆς
1420 1857 1579 1888 τελευταίας
1604 1857 1632 1884 δὲ
1656 1858 1710 1884 τῶν
1736 1858 1859 1892 ἀγγέλων

1076 1905 1184 1940 ὑπῆρχε
1208 1903 1322 1938 τάξεως)
1349 1901 1556 1937 ὑπερφρονῆσαι
1586 1903 1614 1928 ἐν
1640 1902 1678 1936 τῷ
1705 1903 1786 1934 ἰδεῖν.
1819 1903 1860 1929 καὶ

1076 1952 1163 1979 θεῖναι
1178 1949 1370 1985 καυχήσασθαι
1392 1948 1484 1974 ἐπάνω
1508 1947 1562 1974 τῶν
1586 1948 1705 1982 νεφελῶν
1732 1950 1782 1976 καὶ
1809 1949 1858 1975 τῶν

1077 1998 1186 2033 ἄστρων
1217 1996 1263 2023 τὸν
1291 1994 1387 2029 θρόνον
1418 1990 1512 2025 αὐτοῦ’,
1543 1995 1590 2022 καὶ
1605 1994 1698 2028 ὅμοιον
1726 1993 1801 2021 εἶναι
1826 1994 1860 2027 τῷ

1082 2043 1213 2078 Ὑψίστῳ,
1234 2041 1272 2077 μὴ
1289 2041 1377 2067 εἰδότα
1391 2039 1437 2066 τὸν
1453 2039 1598 2074 ’Υῲιστον.
1626 2041 1673 2066 ’ον
1693 2041 1734 2067 δεῖ
1750 2040 1859 2075 θεωρεῖν

1079 2089 1167 2116 πάντα
1181 2087 1244 2115 νοῦν
1254 2087 1298 2114 ἀεὶ
1309 2086 1347 2118 ὡς
1356 2086 1409 2121 50
1417 2086 1536 2121 ἄναρχον
1546 2085 1610 2112 ὄντα
1624 2086 1686 2112 νοῦν
1699 2087 1745 2113 τὸν
1756 2087 1859 2121 Πατέρα

1079 2136 1126 2162 σὺν
1141 2134 1180 2169 τῷ
1195 2134 1274 2169 Λόγῳ
1298 2134 1345 2160 καὶ
1370 2132 1522 2167 Πνεύματι,
1538 2132 1585 2159 καὶ
1613 2132 1678 2167 πρὸς
1704 2133 1788 2159 αὐτὸν
1819 2133 1859 2164 τὴν

1078 2181 1172 2216 ἔφεσιν
1189 2180 1272 2216 ἔχειν,
1292 2180 1338 2206 καὶ
1355 2179 1424 2214 πρὸς
1441 2178 1522 2204 αὑτὸν
1539 2179 1585 2205 ἀεὶ
1599 2179 1801 2210 ἀνατείνεσθαι,
1818 2178 1858 2204 τὸν

1078 2229 1194 2263 ποιητὴν
1219 2227 1277 2254 τῶν
1301 2226 1471 2259 κτισμάτων.
1499 2225 1547 2251 καὶ
1575 2224 1699 2258 δοξάζειν
1725 2225 1859 2259 ἀσιγήτως

1078 2275 1159 2301 αὑτὸν
1173 2273 1210 2304 ὡς
1219 2274 1243 2299 οἱ
1258 2271 1380 2307 ἄγγελοι,
1394 2271 1441 2298 καὶ
1453 2270 1524 2297 κατὰ
1541 2270 1604 2302 τοὺς
1616 2269 1749 2304 ἀγγέλους
1765 2270 1858 2300 ποιεῖν,

1079 2319 1233 2354 θεωροῦντα
1247 2317 1307 2344 τίνα
1322 2317 1356 2343 τὰ
1367 2316 1413 2343 τοῦ
1428 2315 1496 2342 Θεοῦ
1511 2316 1660 2351 κτίσματα,
1675 2315 1770 2350 ὑμνεῖν
1785 2315 1859 2342 αὐτὸν

1079 2369 1126 2393 καὶ
1135 2360 1296 2398 δοξολογεῐν.
1312 2373 1321 2389 ι
1330 2364 1393 2390 Ὅτε
1409 2373 1418 2389 ι
1431 2363 1497 2398 γὰρ,
1510 2363 1604 2397 φησιν,
1620 2371 1629 2388 ι
1645 2363 1754 2395 ἐγένετο
1765 2362 1856 2395 ἄστρα,

1079 2412 1178 2448 ᾔνεσαν
1191 2420 1224 2446 με
1245 2411 1320 2446 φωνῇ
1354 2409 1461 2445 μεγάλῃ
1477 2409 1579 2439 πάντες
1607 2409 1719 2442 ἄγγελοί
1750 2404 1858 2443 patrial-

1081 2458 1215 2493 ὕμνησαν,
1233 2466 1242 2483 ι
1264 2456 1369 2492 Ὀρᾷς;
1387 2455 1619 2488 Τεταπείνωνται,
1650 2457 1697 2481 και
1721 2455 1790 2490 πρὸς
1816 2453 1858 2485 τὴν

1081 2504 1128 2530 τοῦ
1147 2502 1215 2530 Θεοῦ
1245 2502 1363 2537 θεωρίαν
1378 2502 1426 2528 καὶ
1452 2501 1608 2535 δοξολογίαν
1623 2501 1704 2532 εὐθὺς
1731 2501 1778 2526 τὸν
1803 2496 1859 2524 νοῦν

1081 2549 1210 2583 ἔστησαν·
1225 2547 1266 2573 ὅτι
1281 2547 1328 2573 καὶ
1343 2546 1424 2578 αὐτὸς
1443 2547 1553 2572 πάντων
1570 2545 1765 2581 παραγωγεῦς,
1778 2542 1823 2570 καὶ
1833 2540 1858 2567 οὐ

1081 2594 1113 2621 δι’
1130 2593 1212 2621 αὐτὸν
1231 2593 1264 2619 τὰ
1279 2588 1429 2627 κτίσματα,
1444 2592 1511 2618 ἀλλὰ
1521 2592 1555 2618 δι’
1571 2592 1656 2627 ἡμᾶς,
1671 2591 1713 2617 ἵνα
1732 2587 1857 2624 κυϐερνὶ-

1082 2651 1126 2668 ται
1143 2640 1221 2675 ἡμῶν
1235 2638 1270 2665 τὰ
1288 2640 1412 2673 σώματα.
1429 2639 1469 2665 Τὰ
1497 2639 1525 2665 δὲ
1539 2639 1609 2673 ὑπὲρ
1619 2638 1673 2665 τῶν
1685 2637 1779 2673 ψυχῶν
1790 2633 1859 2670 ἡμῶν

1082 2688 1266 2723 άκατανὸητα.
1283 2686 1331 2717 Τίς
1359 2683 1404 2712 οὖν
1421 2686 1438 2720 ὴ
1457 2684 1538 2719 χρεία
1569 2685 1703 2719 μεριμνᾷν
1734 2684 1796 2717 περὶ
1814 2681 1859 2707 τῶν

1084 2734 1223 2769 φθαρτῶν,
1241 2733 1288 2760 καὶ
1305 2733 1388 2768 μηδὲν
1404 2730 1582 2765 ὠφελούντων
1607 2731 1634 2756 ἐν
1650 2730 1689 2765 τῷ
1713 2728 1858 2756 κατανοεῖν,

1084 2783 1108 2808 εί
1125 2781 1162 2816 μή
1179 2789 1220 2812 τις
1234 2780 1413 2814 κατανοήσειε
1430 2777 1528 2814 μικρὸν
1537 2777 1581 2804 διὰ
1593 2777 1676 2812 μόνην
1691 2773 1858 2811 εὐχαριστίαν

1085 2827 1151 2855 Θεοῦ
1167 2827 1213 2854 καὶ
1228 2826 1392 2860 δοξολογίαν,
1409 2825 1446 2857 ὡς
1462 2825 1509 2852 καὶ
1531 2825 1586 2856 τοῖς
1603 2824 1689 2857 ἁγίοις
1709 2823 1769 2854 ἔθος
1790 2821 1856 2850 ἐσς(;
