1908 3041
218 70 264 105 151

634 77 824 108 SYMEONIS
849 60 1234 109 THESSALONICENSIS
1244 78 1418 110 ARCHIEP.

1807 72 1855 104 152

214 136 296 162 quam
313 128 464 164 piscatores
479 131 578 158 nnmdo
602 132 824 167 praedicaverunt,
841 140 893 159 non
910 132 936 159 in
954 139 997 159 sa-
1011 157 1014 163 ,

1068 132 1122 166 κὰμ
1152 132 1222 159 κατὰ
1253 132 1304 167 τῆς
1329 132 1460 168 ἀληθινῆς
1487 132 1593 167 σοφίας,
1619 131 1661 167 ἢν
1695 130 1794 160 ἁλιεῖς
1818 129 1856 163 τῷ

215 175 316 210 pientia
332 183 499 211 sermonum,
511 184 544 204 ne
556 181 732 205 evacuar‘etur
743 186 807 205 crux
821 178 934 209 Christi,
947 177 995 205 sed

215 222 242 248 in
258 221 350 248 divino
362 222 463 256 Spiritu
477 231 484 257 ;
508 224 554 258 qui
583 225 663 251 etiam
681 229 757 251 tanto
778 224 872 251 mundi
888 225 996 258 sapien-

215 267 290 294 tibus
307 269 503 302 praestiterunt,
520 270 614 304 quanti
643 269 738 298 Patres
764 271 790 297 in
808 270 894 305 gratia
911 269 994 296 divini

216 312 333 346 Spiritus
359 313 482 341 Barlaam
514 316 711 343 excelluerunt.
726 315 846 351 Nequam
864 316 914 344 iste
929 316 995 342 Bar-

215 357 286 384 laam
302 359 378 393 plura
390 361 471 387 etiam
493 366 587 388 contra
617 369 722 389 sacram
750 362 898 389 orationem
925 362 995 389 blas-

214 404 350 438 phemans
367 407 543 444 conscripsit,
559 415 666 435 necnon
687 409 800 443 gratiam
821 408 867 435 Dei
883 412 909 435 et
924 408 998 442 ejus-

216 449 276 476 dem
292 450 530 486 illuminationem,
555 454 604 481 has
627 461 718 488 voces,
747 464 756 480 ι
776 454 840 481 Sine
859 453 996 481 intermis-

217 495 295 523 sione
308 503 394 530 orate,
418 507 427 524 ι
450 506 498 526 nec
515 499 665 535 intelligens
684 508 731 527 nec
746 501 769 528 is
786 500 832 535 qui
850 499 934 534 possit
949 506 997 526 eas

217 540 379 576 intelligere.
396 543 462 571 Nam
495 546 631 579 quomodo
660 546 821 580 intelligeret
851 545 896 572 ille
921 544 997 579 cujus

219 594 297 614 mens
312 590 424 616 vanitati
437 590 570 624 snhjacet,
587 591 632 624 qui
661 591 759 619 anima
782 590 996 626 cogitationibus

219 633 315 667 angelo
335 635 470 668 superbiae
483 636 621 663 adhazret?
640 635 732 671 Neque
748 637 844 664 melius
858 637 998 671 sequentia

218 678 322 712 accepit
340 687 347 705 :
367 688 377 705 ι
397 679 513 707 Psallam
544 681 654 716 spiritu,
685 681 798 716 psallam
814 686 841 709 et
861 685 969 714 mente;
987 689 995 706 ι

218 723 259 749 vel
275 732 283 751 :
303 733 312 750 ε
329 724 476 754 Cantantes
491 730 517 753 et
534 727 680 760 pSallentes
698 727 723 754 in
734 727 816 755 corde
833 731 924 754 vestro
944 726 999 754 Do-

220 770 312 804 mino;
340 780 349 796 ι
380 772 421 798 vel
447 781 484 800 τι
510 773 583 800 Misit
613 774 683 801 Deus
712 774 842 809 Spiritum
875 772 934 800 Filii
957 772 998 800 sui

1049 178 1144 211 κόσμῳ
1160 177 1305 213 ἐκήρυξαν,
1321 178 1351 204 οὐ
1377 178 1459 213 σοφίᾳ
1478 177 1576 212 λόγων,
1595 178 1639 204 ίνα
1666 176 1716 212 μὴ
1746 176 1854 210 κενωθῇ
1872 184 1875 188 ·

1049 223 1063 248 ὀ
1080 223 1194 257 σταυρὸς
1215 224 1262 250 τοῦ
1287 223 1417 260 Χριστοῦ,
1433 224 1501 251 ἀλλὰ
1527 223 1673 258 Πνεύματι
1698 222 1795 256 θείῳ·
1812 222 1857 247 καὶ

1049 269 1103 294 τῶν
1129 268 1177 295 τοῦ
1206 269 1309 302 κόσμου
1337 270 1428 304 σοφῶν
1452 269 1663 304 ὑπερήρθησαν,
1686 268 1734 299 ὡς
1762 268 1814 294 καὶ
1834 267 1856 293 oi

1049 313 1170 348 Πατέρες
1187 314 1216 340 ἐν
1235 315 1327 350 χάριτι
1354 314 1512 349 Πνεύματος
1531 315 1604 341 θείου
1625 312 1684 340 τοῦ
1716 311 1858 346 Βαρλαέιμ.

1050 359 1253 394 ὑπερήρθησαν.
1270 357 1354 392 οὗτος
1368 361 1382 387 ὁ
1396 360 1527 395 δύστηνος
1541 360 1683 395 Βαρλαὰμ
1701 357 1762 384 καὶ
1785 357 1860 383 πλεῖ-

1051 413 1100 432 στα
1125 405 1194 432 κατὰ
1216 406 1266 439 τῆς
1296 406 1372 441 ίερΞς
1397 406 1555 441 προσευχῆς
1578 403 1802 438 ἐϐλασφήμησέ
1831 411 1858 428 τι

1050 451 1097 478 καὶ
1113 451 1313 486 συνεγράψατο,
1328 453 1377 478 καὶ
1396 452 1446 487 τῆς
1460 452 1508 478 τοῦ
1532 451 1601 478 Θεοῦ
1616 449 1748 486 χάριτός
1766 457 1800 475 τε
1814 448 1859 474 καὶ

1050 496 1219 531 ἐλλάμψεως,
1237 497 1277 530 τὸ,
1299 507 1308 524 ι
1333 498 1528 528 Ἀδιαλείτηως
1548 496 1770 531 προσεύχεσθε,
1789 504 1800 520 ι
1823 494 1859 527 μὴ

1052 543 1152 575 συνεὶς,
1171 543 1237 578 μηδὲ
1254 544 1404 579 δυνάμενος
1419 544 1542 578 γνῶναι·
1556 543 1616 574 πῶς
1634 543 1699 577 γὰρ
1726 542 1742 568 ὁ
1761 540 1803 575 τῷ
1821 539 1860 566 vo?

1053 588 1229 622 ματαιάζων,
1255 589 1302 616 καὶ
1325 589 1363 624 τῷ
1390 589 1558 625 ὑπερηφάνῳ
1581 589 1641 620 ταῖς
1678 587 1860 622 φαντασίαις

1051 634 1100 669 τῆς
1112 633 1230 666 διανοίας
1248 635 1408 670 ἐνούμενοςς
1430 635 1498 670 μηδέ
1513 634 1554 666 τὸ,
1570 643 1579 660 ε
1595 632 1808 669 Προσιύξομαι
1823 631 1859 665 τῷ

1052 682 1198 717 πνεύματι,
1218 681 1407 717 προσεύξομαι
1428 681 1457 708 δὲ
1477 679 1579 715 καὶτῷ
1601 680 1662 706 νοῖυ
1687 687 1700 705 ι
1727 678 1804 712 μηδὲ
1819 678 1859 707 το.

1056 737 1064 753 ι
1083 727 1207 762 ᾏδοντες
1227 728 1274 754 καὶ
1300 726 1447 761 ψάλλοντες
1471 727 1500 753 ἐν
1518 727 1552 761 τῇ
1575 725 1680 760 καρδίᾳ
1710 723 1802 758 ὑμῶν
1822 722 1858 756 τῷ

1053 772 1157 806 Κυρίῳ,
1173 781 1182 798 ι
1202 772 1249 798 καὶ
1261 772 1302 798 ὅτι
1319 780 1327 797 t
1345 771 1552 804 Ἐξαπέστειλεν
1569 771 1583 796 ὁ
1596 770 1662 801 Θεὸς
1680 769 1719 796 τὸ
1741 768 1859 801 Πνεῦμα

220 817 329 851 (nempe
346 817 470 853 gratiam)
500 818 526 849 in
548 819 675 846 cordibus
695 820 807 852 nostris,
833 820 859 846 in
875 826 929 853 quo
947 818 1001 845 cla-

1069 818 1099 845 οῦ
1109 817 1175 844 Υίοῦ
1194 817 1288 849 αὐτοῦ,
1301 827 1310 843 ι
1320 818 1368 853 τὴν
1380 817 1460 853 χάριν
1471 817 1591 852 δηλονότι
1602 817 1631 842 ἐν
1642 817 1710 846 ταῖς
1724 813 1857 848 καρδίαις

221 869 329 890 mamus
344 873 351 890 :
375 864 462 896 Abba,
479 863 576 899 Pater;
593 874 602 890 ι
620 865 661 891 vel
683 865 764 892 etiam
786 873 794 892 :
812 875 821 890 ι
840 864 869 891 In
882 864 997 892 ecclesia

222 909 294 935 malo
310 909 431 944 quinque
447 911 527 937 verba
545 918 626 938 sensu
642 918 701 938 meo
717 910 790 945 loqui
811 918 892 945 quam
904 910 998 937 decem

222 954 306 982 millia
337 955 480 982 Verborum
517 956 544 983 in
583 956 682 991 lingua.
708 965 718 981 ›
740 955 883 991 Propterea
910 960 1000 982 mente

221 1004 383 1034 conceptam
406 1002 556 1028 orationem
577 1001 725 1036 prohibuit,
747 1006 774 1029 et
795 1001 943 1036 praesertim
960 1000 1000 1027 in-

223 1047 392 1074 vocationem
409 1047 527 1080 Domini,
559 1056 639 1082 quem
668 1048 812 1075 confessus
837 1052 878 1074 est
904 1046 1001 1073 Petrus

224 1095 312 1126 palam
328 1095 422 1122 dicens
437 1105 443 1122 :
460 1104 469 1121 ι
491 1096 530 1122 Tu
547 1103 576 1123 es
591 1095 726 1128 Christus,
739 1096 824 1123 Filius
838 1094 884 1121 Dei
901 1094 968 1122 vivi.
989 1103 998 1120 ι

223 1140 315 1175 Itaque
352 1146 394 1169 est
426 1141 533 1169 Domini
562 1142 692 1170 traditio:
711 1151 720 1167 ι
743 1141 770 1168 Si
786 1141 850 1176 quid
870 1140 1003 1176 petieritis

224 1185 330 1212 Putrem
349 1186 376 1212 in
393 1186 503 1214 nomine
525 1193 599 1218 meo,
621 1186 720 1221 inquit,
749 1186 897 1221 accipietis.
919 1194 928 1211 ι
946 1183 1001 1212 Et:

227 1243 234 1256 ι
252 1233 281 1259 In
298 1233 406 1260 nomine
429 1239 489 1259 meo
517 1233 651 1261 daemonia
677 1233 798 1268 ejicient,
819 1243 827 1259 ι
843 1238 868 1260 ct
893 1237 1002 1266 caetera,

224 1278 353 1311 quoniam
383 1285 482 1305 nomen
516 1278 575 1313 ejus
603 1279 656 1306 vita
683 1283 793 1306 acterna.
822 1287 830 1304 ι
853 1277 914 1305 Haec
931 1279 1002 1305 en‘m

226 1323 327 1358 scripta
343 1327 419 1356 sunt,
449 1323 486 1350 ait
514 1323 643 1356 Joannes.
669 1329 698 1351 ut
725 1324 843 1352 credatis
874 1323 1003 1358 quoniam

225 1366 305 1394 Jcsus
323 1371 363 1394 est
380 1367 504 1396 Christus
528 1367 612 1395 Filius
641 1368 697 1401 Dei,
721 1373 747 1396 et
764 1372 793 1395 ut
811 1368 952 1395 credentes
968 1367 1005 1394 vi-

227 1418 281 1438 tam
299 1418 428 1439 aeternam
459 1412 581 1440 habeatis
603 1413 629 1440 in
647 1413 757 1440 nomine
772 1413 842 1448 ejus.
864 1422 874 1439 ι
893 1413 1006 1446 Insuper

228 1456 359 1491 Spiritum
389 1462 514 1483 sanctum
546 1457 664 1484 infundit
698 1457 833 1484 invocatio
868 1456 968 1484 Christi
997 1465 1004 1483 :

234 1502 343 1529 iNemo
367 1506 456 1536 potest
491 1502 584 1530 dicere
620 1501 758 1529 Christum
784 1501 887 1536 Jesum,
919 1502 1006 1537 inquit

227 1550 339 1581 Paulus,
373 1550 426 1577 nisi
454 1550 480 1576 in
515 1549 618 1585 Spiritu
647 1555 759 1583 sancto;
789 1559 798 1576 ι
825 1554 1008 1585 sexcentaque

227 1596 279 1622 alia
295 1597 326 1623 de
350 1603 379 1622 re
409 1595 504 1622 eadem
535 1595 636 1630 scripta
676 1601 750 1623 sunt.
777 1596 874 1623 Verum
906 1600 1008 1630 quanta

229 1642 273 1669 ille
290 1641 443 1669 obcaecatns
468 1646 562 1668 contra
589 1642 711 1668 divinum
727 1641 818 1668 lumen
843 1642 956 1676 protulit
971 1645 1009 1668 te-

230 1688 345 1716 nebrosa
361 1688 464 1715 scilicet
485 1691 511 1714 et
529 1688 646 1715 obscura
670 1687 801 1721 valdeque
816 1687 951 1714 contraria
966 1687 1009 1713 di-

231 1737 299 1763 vime
315 1735 353 1762 illi
367 1743 427 1770 quae
441 1742 579 1769 vesperam
605 1735 691 1762 nescit
706 1737 732 1760 et
752 1741 800 1768 per
814 1737 921 1760 noctem
940 1733 1011 1759 lucet

231 1780 425 1809 illuminationi
442 1780 522 1813 cujus
549 1779 655 1806 luciferi
675 1778 833 1814 angelorum
860 1778 937 1806 chori
967 1778 1012 1805 lae-

231 1833 324 1855 tantur
353 1826 508 1861 participes,
539 1825 667 1860 qmniam
692 1826 787 1852 horum
820 1824 944 1860 voluptas
971 1824 1012 1851 di~

231 1873 312 1900 vinus
330 1871 467 1907 splendor,
489 1871 668 1906 eamdemque
696 1871 858 1906 participant
874 1871 920 1905 qui
939 1871 1012 1898 inter

233 1919 357 1946 homines
374 1922 437 1944 sunt
450 1916 543 1944 mundi
561 1916 652 1944 corde.
674 1915 736 1944 Ideo
759 1917 891 1943 adversus
902 1924 949 1944 eos
965 1915 1012 1951 qui

231 1967 314 1992 vitam
335 1965 360 1991 in
379 1963 524 1991 sanctitate
541 1963 707 1990 reconditam
723 1966 806 1997 agunt
823 1961 896 1989 velut
907 1962 1012 1989 damon

232 2011 301 2038 alius
316 2013 375 2037 erat
389 2016 515 2043 grassans
531 2008 558 2035 in
578 2015 625 2035 eos
647 2007 693 2042 qui
722 2015 736 2034 a
753 2007 919 2035 tutnultuosa
937 2006 1014 2041 plebe

233 2057 363 2084 recedunt
378 2055 485 2090 solique
514 2054 569 2081 Deo
598 2054 736 2081 adhaerere
752 2053 923 2085 desiderant.
941 2060 1012 2088 quos

234 2102 334 2136 sapius
362 2101 572 2129 contritionibus
603 2101 695 2128 multis
728 2100 804 2134 pravi
827 2099 964 2134 invidique
988 2105 1015 2126 et

1049 865 1137 900 ἡμῶν,
1155 865 1268 898 κράζον,
1291 874 1300 890 ι
1326 864 1438 890 Ἀὁϐἆὸ
1455 863 1549 898 Πατήρ
1564 871 1572 878 ·
1595 871 1604 888 ι
1625 862 1689 894 καὶ,
1712 870 1725 887 ι
1754 861 1858 894 Κρεϊσ-

1051 917 1095 936 σον
1115 910 1194 936 πέντε
1210 909 1307 943 λόγους
1322 909 1360 943 τῷ
1382 909 1423 935 νοΐ
1444 917 1495 943 μου
1519 909 1548 934 ἐν
1568 906 1714 941 ἐκκλησίᾳ
1733 905 1858 938 λαλῆσαι

1050 955 1066 990 ἢ
1085 956 1199 990 μυρίους
1220 956 1316 988 λόγους
1335 956 1364 981 ἐν
1382 955 1505 990 γλώσσῃ.
1525 963 1534 980 ›
1556 954 1601 980 Διὸ
1613 953 1660 980 καὶ
1678 952 1739 986 τὴν
1759 949 1859 986 νοεράν

1051 1000 1206 1036 προσευχὴν
1228 1000 1395 1034 ἀπηγόρευε,
1417 1000 1463 1026 καὶ
1488 999 1605 1034 μάλιστα
1625 997 1677 1032 τὴν
1699 996 1856 1030 ἐπίκλησιν

1051 1047 1096 1073 τοῦ
1117 1047 1232 1082 Κυρίου.
1252 1047 1285 1073 '0
1307 1047 1338 1080 δὴ
1361 1046 1412 1072 καὶ.Δ
1427 1045 1557 1080 ὁμολογία
1580 1044 1628 1072 τοῦ
1658 1044 1793 1077 Πέτρου,
1818 1041 1854 1071 τὺ,

1055 1101 1064 1118 t
1081 1093 1116 1119 Σὺ
1133 1091 1159 1119 εῐ
1177 1093 1190 1119 ὁ
1217 1092 1331 1127 Χριστὸς
1347 1093 1361 1118 ὁ
1381 1092 1444 1122 Υίδς
1473 1091 1519 1118 τοῦ
1533 1090 1601 1118 Θεοῦ
1628 1089 1674 1116 τοῦ
1700 1089 1826 1121 ζῶντος,
1843 1095 1852 1112 ι

1052 1137 1231 1172 κηρύξαντος.
1266 1137 1321 1163 Καὶ
1350 1135 1398 1162 τοῦ
1435 1135 1540 1170 Κυρίου
1569 1132 1729 1169 παράδοσις
1759 1131 1852 1161 ἐστιν,

1052 1182 1066 1208 ⁷(
1091 1183 1124 1209 '0
1141 1191 1167 1208 τι
1188 1182 1222 1208 ἃν
1246 1183 1375 1217 αἰτήσητε
1402 1182 1448 1208 τδν
1470 1181 1579 1216 Πατέρα
1606 1181 1636 1206 ἐν
1662 1179 1707 1213 τῷ
1736 1175 1866 1211 ὀνόματί

1057 1236 1117 1262 μου,
1129 1237 1138 1254 λ
1149 1228 1282 1260 λέγοντος,
1296 1227 1436 1262 «λήψεσθε.
1447 1227 1513 1258 Καὶ,
1533 1235 1544 1252 ‹
1555 1226 1599 1252 Ἑν
1612 1225 1650 1260 τῷ
1660 1223 1790 1259 ὀνόματί
1803 1231 1852 1258 μου

1054 1274 1180 1309 δαιμόνια
1195 1273 1344 1300 ἐκὸαλοῦσι
1360 1282 1367 1289 '
1388 1283 1397 1300 ι
1417 1274 1512 1300 καὶτὰ
1533 1272 1626 1299 λοιπά.
1646 1271 1733 1298 Ἐπεὶ
1752 1270 1804 1296 καὶ
1825 1269 1854 1294 to

1054 1321 1140 1356 δνομα
1166 1320 1248 1348 αὐτοῦ
1275 1320 1332 1355 ζωὴ
1359 1319 1467 1350 αἰώνιός
1498 1320 1567 1346 ἐστι.
1590 1328 1600 1344 t
1623 1317 1723 1344 Ταῦτα
1751 1326 1762 1343 ι
1786 1315 1849 1349 γὰρ,

1056 1368 1149 1402 φησῖν.
1177 1376 1187 1393 ι
1219 1367 1384 1400 γέγραπται.
1411 1366 1455 1393 ἵνα
1483 1365 1648 1399 πιστεύσητε
1676 1364 1723 1390 ὅτι
1746 1360 1851 1395 Ἰησοῦς

1057 1416 1131 1440 ἐστιν
1145 1415 1158 1441 ὸ
1174 1415 1291 1449 Χριστος
1305 1415 1319 1441 ὁ
1337 1415 1400 1445 Υἱὸς
1414 1413 1461 1440 τοῦ
1478 1413 1557 1445 Θεοῦ,
1577 1412 1624 1439 καὶ
1639 1412 1683 1438 ἵνα.
1700 1407 1850 1436 πιστεύον-

1057 1469 1101 1491 τες
1116 1460 1188 1495 ζωὴν
1208 1461 1288 1496 ἔχητε
1304 1460 1333 1487 ἐν
1352 1460 1390 1495 τῷ
1405 1461 1517 1494 ὀνόματι
1541 1459 1637 1486 αὑτοῦ.
1655 1467 1665 1484 ι
1683 1457 1748 1484 Καὶ
1765 1455 1850 1482 Πνεῦ-

1062 1515 1146 1540 ματος
1160 1507 1236 1540 ἁγίου
1251 1507 1405 1541 παρεκτικὴ
1420 1507 1436 1541 ἡ
1453 1506 1595 1540 ἐπίκλησις
1611 1503 1748 1539 Χριστοῦ.
1775 1511 1785 1527 ι
1802 1500 1850 1527 Οὖ-

1061 1552 1115 1582 δεὶς
1133 1552 1243 1579 δύναται
1257 1552 1345 1578 εἰπεῖν
1361 1553 1461 1586 Κύριον
1481 1551 1595 1585 Ἰησοῦν,
1615 1551 1639 1576 εί
1656 1550 1694 1584 μὴ
1717 1550 1751 1576 ἐν
1766 1545 1852 1574 "vsti-

1063 1605 1128 1628 ματι
1155 1597 1235 1632 ἁγίῳ,
1267 1606 1276 1622 ι
1301 1598 1385 1632 φησί·
1403 1598 1450 1625 καὶ
1475 1597 1559 1632 μυρία
1584 1596 1619 1622 τὰ
1642 1596 1714 1630 ὑπὲρ
1742 1594 1848 1621 τούτου.

1069 1643 1165 1670 ὀποῖα
1181 1643 1209 1670 δὲ
1234 1644 1249 1669 6
1275 1643 1469 1677 ἐσκοτισμένος
1492 1643 1560 1670 κατὰ
1585 1642 1632 1669 τοῦ
1653 1641 1730 1668 θείου
1764 1638 1850 1673 φωτὸς

1063 1689 1189 1723 ἐλάλησε,
1206 1689 1330 1716 σκοτεινά
1349 1697 1412 1716 τινα
1428 1690 1477 1715 καὶ
1496 1688 1605 1723 ζοφώδη
1621 1690 1669 1715 καὶ
1685 1687 1786 1723 τιόρρω
1805 1684 1848 1710 καὶ

1064 1736 1171 1762 ἐναντία
1183 1735 1232 1770 τῆς
1245 1736 1397 1770 άνεσπέρου
1415 1736 1522 1769 ἐκείνης
1538 1734 1738 1770 φρυκτωρικῆς
1756 1741 1786 1759 τε
1807 1729 1848 1757 καὶ

1065 1782 1138 1813 Θείας
1163 1781 1334 1816 ἐλλάμψεως,
1351 1779 1384 1817 ἦς
1403 1782 1450 1808 καὶ
1468 1781 1523 1808 τῶν
1538 1781 1663 1815 ἀγγέλων
1685 1780 1709 1806 οί
1728 1777 1849 1814 φαεσφότ

1067 1836 1107 1862 ροι
1125 1828 1199 1863 χοροὶ.
1221 1827 1378 1863 άκορέστως
1398 1827 1541 1862 μετέχουσι
1565 1827 1613 1853 καὶ
1631 1826 1846 1860 εὐφραίνονται·

1065 1873 1106 1900 ὅτι
1128 1874 1173 1899 καὶ
1201 1873 1350 1904 ἀπόλαυσις
1370 1872 1474 1903 τούτοις
1499 1873 1515 1907 ἡ
1536 1872 1594 1897 θεία
1608 1870 1784 1905 λαμπρότης,
1803 1866 1847 1894 καὶ

1065 1919 1119 1945 τῶν
1131 1917 1282 1954 ἀνθρώπων
1295 1920 1318 1945 οἱ
1335 1918 1450 1952 καθαροὶ
1466 1917 1516 1952 τὴν
1533 1917 1650 1951 καρδίαν
1674 1917 1845 1951 μετέχουσιν.

1073 1965 1149 1992 Ἐπεὶ
1164 1965 1218 1999 γὰρ
1231 1966 1301 1991 κατὰ
1316 1965 1369 1991 τῶν
1385 1965 1464 1998 ἱερῶς
1479 1964 1671 1998 ἡσυχαζόντων
1686 1961 1846 1995 κινούμενος

1066 2009 1100 2046 ἦν
1116 2012 1152 2042 ὡς
1180 2011 1243 2038 ἄλλο
1268 2010 1417 2045 δαιμόνιον,
1435 2009 1582 2044 βασκαίνων
1605 2009 1660 2039 τοῖς
1675 2005 1846 2043 ἀναχωροῦσι

1066 2057 1121 2083 τῶν
1142 2057 1171 2083 ἐν
1196 2055 1330 2090 θορύϐοις,
1344 2055 1390 2082 καὶ
1410 2055 1470 2088 Θεῷ
1496 2056 1576 2086 μόνον
1593 2053 1735 2088 σχολάζειν
1756 2050 1847 2078 ἐπιθυ-

1070 2102 1177 2137 μοῦσιν,
1199 2099 1239 2133 οἷς
1259 2103 1306 2129 καὶ
1328 2101 1442 2127 πλεῖστα
1470 2100 1602 2131 πολλάκις
1626 2100 1650 2125 oi
1668 2098 1786 2133 πονηροὶ
1805 2095 1847 2122 καὶ

234 2148 370 2175 maledicti
386 2148 524 2174 damones
540 2146 660 2173 alliciunt
675 2146 872 2180 erroribusque
886 2145 1014 2172 itnbuunt

1069 2147 1195 2181 φθονεροὶ
1213 2148 1260 2173 καὶ
1284 2146 1432 2181 κατάρατοι
1457 2145 1585 2180 δαίμονες
1607 2144 1711 2178 ἐπῆγον
1735 2144 1770 2170 τὰ
1795 2142 1848 2168 θλι-

233 2194 329 2228 gratia:
361 2192 408 2219 Dei
432 2192 584 2226 divinaque
619 2191 810 2218 illuminationi
839 2190 1014 2224 adversariis,

237 2241 283 2276 qui
301 2247 362 2266 cum
377 2239 494 2266 tenebra:
512 2238 567 2264 sint
593 2237 620 2264 in
645 2237 771 2270 angelum
788 2236 856 2263 lucis
877 2241 1017 2263 transmu-

239 2289 343 2316 tantur.
360 2284 482 2311 volentes
502 2283 562 2310 illos
584 2290 598 2309 a
625 2282 697 2309 bono
725 2281 865 2316 proposito
883 2286 1016 2314 avertere,

239 2341 273 2360 ne
295 2332 347 2360 sint
363 2338 424 2358 cum
441 2329 505 2362 Deo,
525 2329 653 2364 quoniam
671 2328 721 2363 ipsi
748 2335 762 2354 a
789 2328 844 2354 Deo
864 2327 942 2362 longe
955 2326 1018 2353 facti

237 2385 312 2412 sunt,
327 2387 359 2406 ne
378 2379 495 2405 humana
510 2380 606 2403 natura
632 2374 766 2402 ntateriali
790 2381 904 2408 corpore
920 2374 1019 2400 donata

236 2424 353 2459 spiritali
370 2430 464 2451 eorum
483 2427 587 2449 natura;
618 2420 780 2456 prmeelleat.
808 2418 930 2446 Invidum
946 2420 1019 2445 enim

237 2471 391 2498 daemonum
407 2476 493 2504 genus
516 2475 571 2503 ιιι-ιο
595 2466 721 2502 superbia
746 2466 825 2500 cujus
840 2464 952 2500 gratiaa
965 2464 1019 2491 Deo

238 2516 396 2544 defecerunt
411 2519 438 2542 et
451 2515 559 2542 coalitus
576 2513 728 2548 praecipites
742 2511 840 2545 dejecti
862 2516 937 2543 sunt.
953 2518 1018 2538 nec-

239 2569 293 2588 non
308 2568 393 2595 usqne
405 2559 507 2587 invidet
531 2560 565 2587 iis
589 2566 636 2593 qut
651 2558 705 2586 Deo
722 2557 817 2585 volunt
833 2564 881 2591 per
896 2557 1020 2585 solitudi-

240 2615 302 2634 nem
316 2611 343 2633 ct
357 2606 517 2633 munditiam
537 2609 618 2640 atque
630 2604 780 2631 orationem
799 2603 912 2630 ﬁrmiter
931 2602 1022 2630 adhae-

241 2661 312 2683 rere,
329 2652 455 2686 ideoque,
479 2655 557 2685 prout
585 2651 713 2682 diximus,
732 2653 868 2676 certantes
884 2650 1020 2677 sexcentis

240 2698 397 2726 incursibus
410 2697 616 2732 aggrediuntur,
629 2699 655 2723 et
671 2702 825 2730 quanquam
836 2695 955 2722 tenebrat
965 2695 1021 2722 sint

241 2753 273 2772 ac
290 2745 363 2772 velut
377 2744 467 2778 fulgur
482 2743 516 2771 de
527 2742 597 2770 coelo
614 2741 774 2778 ceciderint.
788 2742 815 2768 in
839 2741 964 2775 angelum
979 2740 1020 2767 lu-

242 2792 281 2820 cis
297 2794 517 2819 trausmulantur
539 2794 568 2817 ut
591 2789 737 2817 nonnullos
753 2787 899 2822 decipiant.
915 2786 960 2814 lllc
973 2794 1019 2813 au-

1070 2193 1146 2227 6ερὰ,
1162 2193 1211 2219 καὶ
1227 2192 1299 2219 κατὰ
1320 2192 1368 2226 τῆς
1383 2191 1429 2218 τοῦ
1456 2191 1525 2218 Θεοῦ
1552 2191 1662 2226 χάριτος
1680 2190 1727 2216 καὶ
1744 2188 1792 2216 τοῦ
1810 2188 1846 2213 ὲν-

1070 2240 1132 2266 θέου
1152 2239 1293 2274 φωτισμοῦ
1317 2239 1423 2270 πλάνας
1440 2239 1542 2273 ἐπῆγον
1556 2238 1658 2269 αὐτοῖς,
1675 2237 1715 2268 είς
1735 2234 1847 2270 ἄγγελον

1070 2285 1158 2320 φωτὸς
1181 2286 1204 2311 οἰ
1232 2285 1327 2315 σκότος
1353 2283 1428 2315 ὅντες
1451 2281 1764 2317 μετασχηματιζόμενοι,
1781 2280 1846 2306 άπα-

1071 2331 1166 2364 γαγεῖν
1191 2330 1242 2364 τῆς
1263 2330 1349 2365 καλῆς
1372 2329 1471 2360 αὐτοὺς
1499 2329 1655 2364 προθυμίας
1682 2326 1845 2362 βουλόμενοι»

1071 2377 1118 2402 καὶ
1133 2376 1180 2402 τοῦ
1197 2376 1265 2411 μετὰ
1288 2375 1355 2402 Θεοῦ
1371 2372 1439 2402 εῖναι
1461 2375 1498 2406 ὡς
1513 2375 1592 2401 αὐτοὶ
1614 2374 1708 2409 πόρρω
1724 2371 1845 2407 γεγόνασι

1071 2421 1118 2448 τοῦ
1134 2421 1214 2453 Θεοῦ,
1234 2421 1277 2448 ἵνα
1306 2421 1343 2456 μὴ
1370 2420 1528 2455 ἀνθρωπίνη
1555 2419 1636 2453 φύσις
1654 2419 1702 2445 καὶ
1714 2418 1744 2445 τὸ
1762 2415 1846 2444 ὑλικὸν

1071 2468 1109 2503 τῷ
1129 2467 1235 2502 σώματι
1251 2466 1406 2501 κεκτημένη
1433 2466 1560 2500 ὑπεράνω
1575 2466 1625 2500 τῆς
1642 2464 1724 2491 ὰΰλου
1741 2463 1845 2490 ἐκείνων

1071 2515 1185 2549 γένηται
1213 2513 1339 2547 φύσεως·
1373 2512 1504 2546 φθονερὺν
1542 2511 1596 2545 γὰρ
1623 2509 1797 2544 ὑπερηφανία
1819 2506 1844 2531 τδ

1072 2559 1209 2594 δαιμόνιον
1235 2558 1327 2592 φῦλον,
1347 2558 1380 2585 δι’
1408 2559 1441 2591 ἣν
1467 2558 1514 2584 καὶ
1539 2557 1607 2584 Θεοῦ
1623 2556 1789 2591 ἠστόχησαν,
1803 2553 1844 2578 καὶ

1072 2604 1217 2640 οὐρανόθεν
1240 2603 1402 2639 ἐρρίφησαν,
1420 2603 1467 2629 καὶ
1481 2603 1524 2628 ἀεὶ
1542 2601 1703 2636 φθονοῦντές
1723 2601 1777 2626 etot
1796 2597 1843 2625 τοῖς

1071 2651 1111 2685 τῷ
1134 2650 1192 2684 Θεῷ
1216 2648 1434 2684 προσκολλᾶσθαι
1451 2649 1493 2675 διὰ
1513 2647 1658 2683 μονώσεως
1681 2646 1727 2672 καὶ
1751 2642 1843 2675 καθᾶρ-

1073 2703 1141 2726 σεως
1161 2695 1207 2722 καὶ
1222 2694 1375 2730 προσευχῆς
1391 2694 1564 2729 βουλομένοις
1576 2702 1583 2709 ·
1600 2692 1663 2719 ὅθεν
1688 2691 1735 2718 καὶ
1751 2688 1840 2725 μυρίας

1072 2741 1204 2775 ἐπάγουσι
1226 2741 1283 2771 τοῖς
1305 2739 1518 2775 ἀγωνιζομένοις
1532 2740 1580 2770 τὰς
1596 2737 1738 2772 ἐπηρείας,
1757 2735 1800 2762 καὶ
1812 2731 1842 2762 ὡς

1074 2787 1232 2822 εἰρήκαμεν,
1252 2787 1290 2818 εἰς
1307 2786 1420 2820 ἄγγελον
1448 2786 1535 2821 φωτὸς
1547 2785 1572 2811 οί
1587 2785 1681 2815 σκότος
1695 2782 1836 2810 τελοῦντες»
