1908 3041
58 91 101 123 15'!

54 149 95 176 καὶ
113 147 150 181 ὡς
172 148 300 185 ἀστραπὴ
327 150 456 183 πεσόντες
475 151 523 178 ἀπ’
541 151 670 188 οὐρανοῦ,
692 159 828 186 μετασχη-
843 151 865 178 Δ

55 193 213 228 ματίζονται,
231 194 265 221 ίν¹
288 195 447 231 άτεατήσωσί
472 205 557 228 τινας.
571 197 635 230 ζΚαὶ
660 197 675 224 ὁ
697 196 830 231 Βαρλαὰμ

55 238 132 271 οὗτος,
155 240 192 272 ὡς
222 241 337 275 ἄγγελος
358 243 444 268 τελῶν
465 243 588 274 ἐκείνων,
610 243 747 270 σκοτεινὸν
771 242 830 276 φῶς

55 284 267 320 ὑποκρινομενος,
282 288 350 315 κατὰ
363 289 418 316 τῶν
441 289 592 324 ίσαγγὲλων
607 289 687 316 θείων
711 288 830 323 ἀνδρῶν,

55 332 96 357 καὶ
116 332 195 358 αὐτοῦ
210 333 260 360 τοῦ
278 334 348 360 θείου
371 335 461 369 φωτὸς
482 335 660 367 ἀντετάξατο.
687 334 742 361 Καὶ
767 335 831 359 ἀκο-

56 378 162 412 λούθως,
190 380 228 411 ὠς
254 380 308 407 ἔδει
331 381 439 414 αὐτοῖς,
466 381 545 408 τοῦτο
568 381 693 416 διενοήθη
722 388 753 406 τε
783 379 831 406 καὶ

55 425 191 461 διεπράχθη
215 427 274 458 τοῖς
300 427 428 462 δαίμοσι,
457 428 505 455 καὶ
527 428 573 454 τὸν
598 427 704 463 μύστην
727 425 831 452 τούτων

55 471 123 498 αὐτοὶ
138 472 207 498 κατὰ
219 473 270 499 τοῦ
282 473 353 500 θείου
371 475 460 508 φωτὸς
473 475 521 500 καὶ
545 475 594 508 τῆς
612 473 750 508 μακαρίας
776 472 830 498 τῶν

56 518 165 552 ἀγγέλων
189 519 360 555 ἑλλάμψεως,
381 521 405 547 οἱ
434 521 528 552 σκότος
554 521 697 554 γεγονότες
725 528 756 546 τε
784 519 831 546 καὶ

56 564 193 597 λεγόμενοι,
208 565 256 592 τὸν
277 566 322 592 [σα
336 566 443 597 τούτοις
467 566 659 600 ἐσκοτισμένον
680 565 829 600 κεκινήκα-

57 618 93 635 σιν
107 610 233 644 ἀνοήτως.
257 610 335 637 Ἐπεὶ
349 611 410 637 οὐδὲ
425 612 500 638 ίσασι
516 611 542 637 τί
557 610 589 637 ab
604 611 661 644 φῶς
677 611 776 643 ἐκεῖνο,
792 609 830 645 μὴ

56 655 137 681 τούτου
152 656 324 690 μετέχοντες,
338 657 434 692 πόρρω
448 656 477 683 δὲ
501 655 603 691 μᾶλλον
615 656 702 688 ὄντες,
717 657 764 682 καὶ
790 656 831 687 είς

56 701 81 726 τὺ
92 700 216 735 ἐξώτερον
231 702 329 733 σκότος
345 702 398 737 52
419 703 671 737 παραπεμπόμενοι
699 702 750 729 σὺν
774 702 830 732 τοῖς

57 747 146 781 ὁμοίοις
164 748 266 780 αὐτοῐς,
282 748 339 780 τοῖς
361 749 408 775 καὶ
424 748 472 775 ὑπ’
486 748 576 776 αὐτῶν
592 749 765 783 κινουμένοις
778 757 784 763 ·
800 747 830 779 ὃς

57 794 97 819 καὶ
110 794 244 841 δυσσεϐῶς
269 796 287 830 ἢ
305 795 342 831 μὴ
364 793 435 823 εἷναι
463 796 540 823 θείαν
564 796 700 831 ἐλλαμψιν
714 796 831 831 ἐφληνάο
846 813 867 841 Β

58 847 148 873 φησιν,
171 839 186 874 ἢ
212 841 295 875 ειπερ
325 841 393 873 ὅλως
423 843 494 874 ἐστὶ,
525 843 607 876 φύσιν
634 840 704 868 εἶναι
727 841 829 875 ταύτην

58 882 131 916 Θεοῦ,
159 884 286 920 (βασαίί)
313 885 359 912 τοῦ
385 886 513 920 ἀοράτου.
543 887 591 914 καὶ
620 886 755 921 ἀλήπτου,
781 887 829 912 καὶ

58 929 199 963 ἀπροσίτου.
218 931 277 958 Καὶ
299 931 380 958 πάλιν
393 934 591 967 στρεφόμενος,
605 933 644 963 ὡς
667 931 775 966 άληθῶς
790 931 828 958 ὢν

59 975 206 1010 παράφρων,
227 985 237 1003 ι
264 977 298 1003 Et
312 976 389 1012 ὤφθη
409 978 478 1011 φῶς,
495 978 589 1012 φησὶν,
605 977 703 1012 ὁρατὸν
720 975 766 1012 ἦν,
782 977 830 1003 καὶ

59 1020 79 1046 ιι
101 1022 197 1055 ὁρατὸν,
213 1022 245 1049 οὐ
263 1022 332 1055 Θιός
342 1031 349 1038 ·
367 1024 416 1050 καὶ
432 1024 456 1050 εί
470 1024 609 1050 ἐπαύσατο
621 1023 748 1058 ὁρᾶσθαι,
762 1022 829 1057 μηδι

59 1066 169 1094 δύνασθαι
186 1065 257 1096 εἶναι
270 1076 280 1085 '
295 1069 340 1096 καὶ
355 1069 398 1096 διὰ
411 1069 490 1096 τοῦτο
503 1069 601 1104 φάσμα
616 1078 643 1097 τι
655 1068 726 1096 εἶναι
741 1069 831 1097 τοῦτο.

60 1113 86 1139 El
104 1114 124 1140 δ’
149 1115 256 1150 άληθῶς
283 1117 357 1142 ἐστιν
383 1115 527 1151 ἑλλαμψις,
543 1117 645 1151 κτίσμα
669 1115 740 1143 εἶναι
761 1115 832 1142 κατὰ

60 1159 157 1193 καιροὺς
181 1160 390 1193 συνιστάμενον,
417 1162 561 1196 γινόμενόν
576 1172 605 1189 τε
631 1162 679 1189 καὶ
702 1162 832 1196 ἀπογινό-

63 1211 147 1235 μενον.
168 1205 216 1236 τὴν
238 1205 288 1231 τοῦ
305 1205 374 1232 Θεοῦ
397 1205 479 1241 χάριν
507 1207 556 1233 καὶ
575 1206 674 1241 νοητὴν
698 1205 833 1240 ἐλλαμψιν

62 1249 161 1284 κτισιὴν
172 1247 253 1282 εἶναι.
277 1250 294 1286 ἢ
313 1251 446 1286 μηδαμῶς
468 1249 539 1278 εἶναι
559 1250 729 1285 δογματίζων
743 1252 757 1278 ό
769 1251 833 1277 δυττ

62 1293 141 1329 «Gtc.
164 1296 207 1323 Ἐν
234 1294 281 1328 αἷς
307 1297 393 1332 δήπερ
415 1297 554 1329 ἀσεϐείαις
573 1298 620 1324 καὶ
641 1297 768 1328 ἀτοπίαις
786 1296 834 1323 καὶ

62 1340 168 1375 διάδοχον
183 1342 284 1368 ἑαυτοῦ
304 1342 349 1368 τὸν
370 1343 501 1377 δύστηνον
522 1344 626 1369 ἐκεῖνον
641 1342 721 1377 ἔσχεν
746 1341 835 1368 Ἀκίν-

62 1386 142 1413 δυνον⁸
163 1388 208 1414 καὶ
237 1388 282 1415 ἔτι
307 1389 398 1422 Δεξιόν
424 1397 499 1420 τινα,
528 1389 575 1415 τὸν
610 1388 660 1422 τῆς
687 1387 835 1423 ἀριστερᾶς

65 1434 172 1468 μερίδοςι
191 1436 238 1461 καὶ
271 1435 406 1470 Ἀργυρὸν
429 1435 476 1461 τδν
504 1434 545 1461 ίοῦ
573 1434 683 1468 μεστὸν,
712 1434 760 1460 τὸν
789 1433 836 1460 καὶ

65 1480 122 1507 πολὺ
136 1481 163 1507 τὸ
182 1481 311 1516 κίϐδηλον
331 1482 382 1517 τῆς
403 1480 541 1516 Ἐλλήνων
559 1479 695 1515 φλυαρίας
716 1480 834 1514 πλουτή-
849 1476 871 1505 C

65 1535 136 1554 σαντα
147 1535 154 1544 '
170 1530 215 1556 καὶ
230 1528 287 1563 πρὸ
301 1528 391 1555 αὐτῶν
406 1528 551 1563 Γρηγορᾶν
579 1528 682 1553 ἐκεῖνον
701 1526 748 1552 τὸν
765 1526 835 1552 ἀπο-

66 1572 170 1606 στάτην·
189 1574 213 1600 οἳ
237 1573 288 1600 καὶ
301 1574 351 1608 τὴν
374 1574 456 1609 χάριν
469 1573 596 1605 καθάπαξ
619 1571 772 1607 ὴθετήκασι
789 1570 836 1597 τοῦ

66 1617 133 1650 Θεοῦ,
145 1620 190 1646 καὶ
201 1620 251 1655 τὴν
267 1620 389 1655 φυσικὴν
402 1620 484 1646 αὑτοῦ
498 1619 614 1654 δύναμιν
629 1619 677 1645 καὶ
695 1618 838 1652 ἐνέργειαν

67 1663 240 1699 εξηρνήσιντο,
255 1665 393 1700 μηδεμίαν
418 1665 533 1700 δύναμιν
557 1666 698 1700 προσεῖναι
714 1656 838 1699 λέγοντες

67 1709 98 1743 τῷ
111 1710 174 1745 Θεῷ,
185 1712 251 1746 μηδὲ
266 1711 373 1746 δωρεάν
387 1719 416 1738 τε
432 1712 480 1738 καὶ
494 1712 574 1746 χάριν
589 1712 617 1744 ἐξ
630 1710 714 1737 αὐτοῦ
730 1710 839 1745 προϊοῦ-

70 1764 118 1786 σιν,
134 1758 297 1789 ἀπεναντίας
319 1757 358 1792 τῷ
380 1758 540 1792 Εὐαγγελίῳ
565 1766 594 1784 τε
613 1758 659 1784 καὶ
677 1758 733 1789 τοῖς
749 1757 838 1791 λόγοις

69 1804 108 1829 καὶ
128 1804 237 1837 πράξεσι
262 1804 318 1831 τῶν
346 1804 477 1840 μαθητῶν
502 1805 549 1831 τοῦ
575 1804 694 1839 Χριστοῦ
729 1805 776 1831 καὶ
800 1803 839 1838 τῷ

68 1849 141 1885 λοιπῷ
155 1851 225 1887 χορῷ
248 1851 306 1878 τῶν
321 1852 406 1885 ἁγίων
428 1851 507 1886 ἡμῶν
537 1852 669 1886 Πατέρων
687 1851 837 1886 βαίνοντες.

70 1897 96 1922 υἱ
107 1897 198 1930 πάντες
218 1898 290 1933 όμοῦ
304 1899 386 1925 αὑτὸν
399 1898 450 1934 μὲν
472 1898 518 1924 τὸν
532 1897 634 1932 Κύριον
650 1898 696 1924 τὸν
710 1898 757 1924 τοῦ
770 1897 838 1924 Θεοῦ

71 1945 185 1980 μονογενῆ
210 1945 276 1972 Υίὺν
300 1946 347 1972 καὶ
375 1945 462 1978 Λόγον
485 1945 514 1971 ὲν
542 1946 575 1980 τῇ
608 1944 662 1979 ἰδίᾳ
689 1943 839 1971 ὑποστάσει

70 1990 229 2025 σιριωθῆναι
251 1999 331 2025 φασι,
360 1990 408 2018 καὶ
429 1990 572 2026 ἄνθρωπον
597 1990 737 2024 γενέσθαι,
769 1995 839 2018 κατὰ

69 2034 180 2068 ἀλήθειαν
209 2037 326 2071 μένοντα
356 2035 442 2069 Θεὸν,
477 2037 523 2063 καὶ
551 2035 731 2062 ἀναλλοίωτον
757 2036 838 2063 ὄντα·

70 2081 132 2114 ἡμᾶς
151 2083 177 2109 δὲ
196 2083 233 2118 μὴ
257 2083 325 2109 Θεὸν
345 2083 538 2114 ἔνυποστάτως
557 2081 685 2114 δέξασθαι
700 2084 746 2110 καὶ
769 2083 839 2110 κατὰ

69 2127 138 2159 φύσιν
160 2129 306 2163 ἑνωθῆναι.
330 2130 379 2156 Ἐν
407 2129 462 2164 γὰρ
488 2130 578 2157 ἐκεῖνο
603 2129 633 2159 το
657 2130 837 2164 πρόσλημμα,

69 2174 128 2209 ὅπερ
154 2177 336 2211 προσείληφεν
361 2176 452 2211 ἑαυτῷ
480 2177 494 2202 ὁ
519 2175 566 2202 τοῦ
594 2175 662 2202 Θεοῦ
691 2177 839 2211 μονογενὴς

69 2220 152 2254 Λόγος,
176 2223 222 2248 καὶ
249 2219 328 2257 ᾧπερ
359 2222 452 2256 ἄκρως
481 2222 586 2257 ἠνὼθη,
612 2222 661 2249 καὶ
688 2222 840 2259 ἀδιαίρετον

855 2154 876 2181 D

70 2270 150 2294 τούτου
165 2270 239 2302 μένει
256 2269 294 2299 ὼς
311 2268 357 2294 καὶ
373 2268 536 2302 ἁσύγχυτον.
556 2267 722 2302 Ἐπειδήπερ
737 2269 840 2303 ἑκάστη

70 2312 139 2345 φύσις
156 2314 189 2341 τὰ
213 2315 268 2340 ῐόια
289 2314 437 2348 κέκτηται,
453 2314 470 2348 ή
487 2313 549 2340 θεία
564 2313 598 2340 τὰ
615 2313 685 2345 θεία,
699 2314 715 2348 ἠ
733 2313 839 2349 ἀνθρω-

71 2359 124 2394 πίνη
151 2369 179 2386 τε
206 2361 240 2388 τὰ
265 2360 415 2393 ἀδιάϐλητα
449 2359 504 2386 τῶν
532 2359 704 2394 ἀνθρώπων
730 2361 779 2387 καὶ
812 2362 841 2387 ἐν

70 2404 149 2440 ἐκείνῃ
175 2407 224 2441 μὲν
249 2407 280 2434 τὺ
315 2407 534 2442 ἀπερίγραπτον,
562 2405 611 2432 καὶ
633 2406 837 2440 ἀκατάληπτον,

71 2450 110 2476 καὶ
125 2452 267 2487 ἄτρεπτον,
288 2453 336 2479 καὶ
355 2453 399 2479 ἀεὶ
412 2451 454 2485 ὃν,
470 2452 518 2478 καὶ
534 2451 565 2478 τὸ
580 2451 797 2486 παντοδύναμον,
811 2453 839 2479 ἐν

71 2496 97 2528 τῇ
120 2496 272 2534 ἀνθρωπίνῃ
297 2497 325 2524 δὲ
349 2498 379 2524 τὸ
404 2496 603 2532 περιγραπτὸν,
629 2497 660 2522 τὸ
685 2497 794 2531 ὁρατὸν,
810 2497 841 2523 τὸ

70 2540 224 2576 ψηλαφητδν,
239 2544 270 2569 τὸ
285 2542 466 2571 ἀλλοιοῦσθαι.
483 2542 513 2568 τὸ
526 2541 670 2577 ἄρξασθαι.
687 2542 732 2568 Διὸ
748 2543 779 2577 δὴ
793 2544 840 2569 καὶ

72 2589 264 2624 σεσαρκωμὲνος
276 2591 289 2616 ὁ
307 2590 392 2623 Λόγος
411 2590 527 2623 scopi-.0,
543 2589 588 2614 καὶ
603 2587 775 2622 ἐψηλιφᾶτο,
793 2589 841 2615 καὶ

40 2642 42 2644 ·
71 2631 168 2667 ἔπασχε,
186 2636 233 2662 καὶ
247 2634 372 2669 ἔθνησκε,
386 2635 433 2661 καὶ
448 2634 588 2665 ἀνίστατο,
606 2633 637 2659 οὐ
649 2635 681 2668 ’τῇ
696 2633 775 2668 φύσει
790 2633 839 2668 τῆς

72 2677 193 2713 θεότητος,
211 2682 245 2715 τῇ
266 2681 294 2708 δὲ
318 2681 397 2714 φύσει
421 2680 467 2707 τοῦ
494 2680 630 2714 σώματος.
647 2679 729 2706 Ὅθεν
753 2681 800 2706 καὶ
826 2681 840 2707 ὀ

70 2723 233 2760 ἠγαπημένοος
248 2727 338 2760 φησῖν.
352 2736 360 2752 ι
378 2727 411 2754 '0
422 2724 455 2761 ἦν
470 2726 516 2753 ἀπ’
530 2726 626 2761 ἀρχῆς,
636 2725 650 2752 ὃ
664 2726 837 2760 ἑωράκαμεν,

71 2767 255 2806 ὂέθετιτάμεθα
279 2773 334 2804 τοῖς
350 2772 499 2807 ὀφθαλμοῖς
527 2772 616 2807 ἡμῶν,
630 2773 675 2798 καὶ
696 2773 724 2798 αἱ
749 2773 840 2807 χεῖρες

73 2813 140 2847 ἡμῶν
161 2816 343 2854 ἐψηλάφησαν,
363 2828 372 2844 ι
391 2819 454 2853 περὶ
485 2817 530 2844 τοῦ
556 2815 645 2851 Λόγον
672 2818 720 2853 τῆς
747 2818 836 2852 ζωῆς·

561 94 755 126 DIALOGUS
773 93 926 124 CONTRA
947 95 1137 125 HRERESES.

1615 92 1664 124 154

880 158 935 182 tem
953 153 1076 181 Barlaam
1101 158 1131 181 ut
1155 153 1269 187 angelus
1284 161 1317 181 ex
1335 151 1395 180 istis
1411 149 1562 180 ordinibus,
1577 148 1666 175 lucem

884 201 1056 228 tenebrosam
1075 200 1205 231 referens,
1221 200 1351 226 adversus
1369 198 1444 225 viros
1461 195 1569 222 divinos
1582 200 1668 227 ange-

883 246 916 273 lis
931 245 1034 273 similes
1060 245 1202 279 ipsamque
1228 244 1347 271 divinam
1378 242 1467 269 lucem
1484 239 1602 271 obstitit,
1619 244 1667 263 ea-

882 293 1001 327 demque
1014 299 1045 318 ac
1059 291 1197 318 dmmones
1214 290 1263 321 illi,
1290 295 1318 316 ut
1343 295 1453 316 necesse
1473 290 1543 316 erat,
1564 283 1668 311 machi-

883 343 963 366 natus
981 338 1105 368 tentavit,
1120 337 1177 372 qui,
1195 343 1257 363 cum
1271 335 1389 362 tenebrat
1408 333 1463 360 sint
1477 336 1559 364 atque
1574 330 1669 356 dican-

883 389 937 416 tur,
952 384 1056 411 eisdem
1080 383 1200 410 tenebris
1216 381 1376 414 caligantem
1406 379 1525 406 animum
1542 376 1670 403 invisibi-

883 430 944 456 liter
959 429 1104 456 movebant
1130 427 1172 455 his
1199 427 1340 455 erroribus
1365 425 1511 456 imbutum,
1538 422 1669 449 adversus

882 474 1003 501 divinum
1024 474 1114 500 lumen
1134 473 1304 505 faustamque
1334 471 1491 505 angelorum
1508 466 1670 495 illustratio-

883 528 956 548 ηοω.
975 519 1074 546 Verum
1090 526 1152 546 cum
1178 518 1303 546 nesciant
1329 517 1394 552 quid
1414 516 1448 544 sit
1465 515 1530 542 illud
1550 515 1639 541 lumen
1654 520 1669 539 a

882 573 938 601 quo
955 565 1143 593 netlumillius
1171 564 1234 591 facti
1261 564 1317 591 sint
1346 562 1504 596 participes,
1530 561 1608 593 longe
1623 567 1669 593 pn-

883 612 939 638 tius
960 614 1135 638 recesserunt
1161 610 1187 636 in
1218 608 1344 635 tenebras
1374 607 1525 642 exteriores
1554 604 1669 632 immissi

882 666 944 685 cum
967 656 1143 684 consortibus
1171 655 1229 682 suis
1260 655 1416 688 animisque
1428 661 1497 688 quas
1518 652 1670 683 duxerunt,

882 704 927 731 ille
941 702 1066 730 eﬂ‘utiens
1084 702 1166 735 impie
1183 701 1311 728 cantabat
1333 699 1374 727 vel
1398 699 1517 726 divinam
1540 705 1594 724 non
1611 703 1672 724 esse

881 749 1104 780 illustrationem,
1134 747 1175 775 vel
1205 747 1226 774 si
1252 753 1368 781 prorsas
1406 746 1453 777 sit,
1492 744 1566 771 illam
1597 750 1670 774 esse,

883 796 968 829 proh!
986 799 1111 822 naturam
1129 793 1173 821 Dei
1186 793 1332 820 invisibilis
1345 795 1372 818 et
1386 788 1670 825 incomprehensibilis

882 847 964 876 atque
991 840 1204 868 inaccessibilis.
1224 839 1398 872 Rursumque
1428 842 1591 866 conversus,
1607 842 1668 860 eum

881 895 945 915 vere
973 887 1104 918 insaniat,
1122 886 1145 914 si
1167 886 1259 912 lumen
1285 883 1423 919 apparuit,
1443 883 1543 914 aiebat,
1564 880 1671 908 visibile

881 938 952 965 erat,
972 934 995 961 si
1015 941 1079 960 vero
1098 936 1157 960 erat
1181 931 1299 964 visibile,
1317 929 1388 957 Deus
1403 936 1455 955 non
1472 932 1542 959 erat,
1558 927 1672 961 insuper

882 982 905 1008 si
918 981 952 1008 ab
967 980 1056 1007 oculis
1074 979 1194 1010 evanuit,
1222 985 1274 1004 non
1302 981 1392 1003 tamen
1413 982 1473 1002 esse
1496 974 1587 1006 desiit,
1617 974 1669 1000 hoc

882 1032 942 1055 erat
962 1024 1145 1060 phantasmati
1173 1024 1273 1052 simile.
1290 1024 1359 1051 Vera
1385 1027 1476 1049 autem
1504 1021 1668 1048 illuminatio

883 1077 1007 1101 creatura
1035 1076 1077 1100 est
1107 1079 1156 1106 pro
1184 1070 1317 1104 temporis
1346 1068 1553 1103 opportunitate
1568 1062 1670 1093 consti-

883 1123 940 1147 tuta
954 1126 1015 1153 quae
1029 1118 1110 1145 modo
1123 1117 1151 1143 lit
1164 1122 1192 1144 et
1207 1116 1288 1143 modo
1299 1115 1411 1145 desinit,
1429 1113 1474 1140 ille
1494 1121 1557 1139 vero
1572 1111 1672 1146 impius

884 1165 950 1192 falsa
966 1171 1097 1199 spargens
1121 1163 1257 1197 dogmata,
1272 1161 1387 1196 gratiam
1407 1159 1453 1186 Dei
1467 1158 1674 1192 spiritalemque

884 1210 1094 1239 illustrationem
1109 1213 1157 1236 aut
1172 1207 1346 1236 conditorem
1365 1213 1426 1234 esse
1447 1209 1494 1232 aut
1517 1204 1674 1231 nullatenus

885 1265 948 1285 esse
962 1257 1115 1284 asserebat.
1147 1254 1175 1281 In
1196 1254 1297 1288 quibus
1313 1251 1502 1286 impietatibus
1525 1256 1550 1276 et
1565 1247 1675 1283 ineptiis

887 1311 1074 1332 successorem
1101 1302 1199 1329 habuit
1223 1300 1425 1335 nequissimum
1447 1297 1631 1332 Acindynum,
1648 1299 1676 1322 et

886 1351 998 1384 insuper
1013 1348 1126 1375 Dexium
1143 1347 1288 1382 quemdam
1303 1345 1349 1379 qui
1365 1344 1398 1372 ad
1415 1344 1556 1371 sinistram
1567 1346 1673 1376 partem

886 1394 1042 1425 declinavit,
1060 1398 1087 1421 et
1104 1394 1239 1428 Argyrum
1255 1397 1361 1418 veneno
1377 1388 1557 1423 plenum_qui
1580 1387 1675 1413 admo-

888 1441 952 1467 dum
971 1442 1031 1466 erat
1047 1437 1152 1465 ditatus
1166 1443 1247 1472 prava
1272 1435 1429 1462 Graecorum
1456 1432 1620 1466 nugaritale,
1647 1433 1676 1457 et

888 1490 952 1514 ante
966 1486 1027 1513 illos
1045 1484 1193 1519 Gregoram
1216 1482 1351 1509 famosum
1370 1483 1534 1515 apostatam,
1552 1477 1598 1512 qui
1613 1484 1676 1512 gra-

890 1534 953 1561 tiam
973 1533 1018 1560 Dei
1044 1532 1153 1567 penitus
1172 1533 1353 1564 negaverunt,
1370 1529 1511 1562 ipsamque
1524 1525 1585 1559 ejus
1603 1524 1676 1551 nati-

888 1587 950 1608 vam
967 1577 1119 1616 potentiam
1132 1581 1158 1603 et
1171 1574 1359 1610 operationem
1376 1573 1541 1602 abnuerunt,
1555 1570 1676 1597 dicentes

890 1625 991 1653 nullam
1012 1623 1066 1650 Deo
1097 1623 1189 1650 inesse
1205 1624 1381 1655 potestatem,
1402 1625 1490 1652 neque
1509 1616 1611 1643 donum
1628 1622 1677 1642 ne-

889 1679 942 1707 que
957 1670 1071 1705 gratiam
1086 1669 1120 1695 ab
1134 1668 1193 1702 ipso
1209 1665 1329 1702 prodire,
1343 1665 1476 1692 adversus
1488 1661 1677 1695 Evangelium,

890 1706 1088 1749 sermonesque
1114 1719 1141 1741 et
1165 1717 1244 1740 actus
1268 1711 1467 1746 discipulorum
1491 1707 1593 1736 Christi
1615 1706 1676 1733 reli-

890 1769 1029 1798 quumque
1053 1760 1168 1787 chorum
1194 1763 1352 1786 sanctorum
1378 1756 1488 1783 Patrum
1519 1758 1675 1781 nostrorum

891 1808 1073 1836 ambulantes.
1094 1806 1145 1838 Qui
1169 1812 1264 1833 omnes
1286 1803 1367 1831 simul
1386 1803 1475 1837 ipsum
1497 1800 1606 1835 quidem
1625 1799 1678 1824 Do-

892 1855 996 1881 minum
1015 1853 1114 1880 Filium
1132 1851 1178 1879 Dei
1202 1850 1371 1885 unigenitum
1392 1848 1568 1881 Verhumque
1584 1846 1676 1872 dicunt

891 1900 918 1926 in
943 1898 1051 1933 propria
1078 1903 1195 1932 persona
1220 1896 1393 1922 incarnatum
1418 1892 1503 1919 fuisse
1528 1891 1671 1917 hominem-

890 1954 943 1981 que
959 1945 1060 1972 factum
1081 1950 1155 1975 esse,
1185 1944 1339 1968 manentem
1357 1939 1383 1965 in
1408 1937 1521 1963 veritate
1542 1935 1625 1961 Deum
1650 1938 1675 1961 et

881 1993 917 2019 ein
927 1989 1149 2018 immutabilitate
1161 1991 1327 2022 perstantem
1341 1992 1348 2016 ;
1363 1991 1413 2011 nos
1431 1989 1494 2009 vero
1504 1987 1678 2015 nequaquam

892 2038 975 2065 Deum
991 2035 1142 2064 secundum
1159 2031 1339 2060 substantiam
1367 2028 1507 2063 accepisse
1523 2033 1611 2061 neque
1636 2033 1680 2053 se-

890 2083 1009 2111 cundum
1025 2085 1150 2109 naturam
1167 2078 1302 2105 adunatos
1320 2083 1403 2109 esse;
1427 2081 1511 2102 unum
1528 2073 1600 2100 enim
1617 2075 1678 2097 erat

891 2129 957 2157 illud
974 2127 1047 2163 quod
1064 2125 1116 2154 sibi
1133 2122 1282 2158 assumpsit
1297 2120 1416 2148 Verbum
1435 2118 1482 2146 Dei
1496 2115 1679 2151 unigenitum,

890 2181 918 2203 et
932 2161 1062 2202 cuiarcte
1075 2171 1250 2204 coniunctum
1265 2172 1316 2199 est.
1339 2173 1354 2193 a
1370 2173 1425 2201 quo
1440 2167 1531 2190 manet
1551 2161 1680 2190 indivisi-

893 2221 946 2249 bile
959 2220 1029 2248 sicut
1041 2222 1067 2246 et
1083 2214 1289 2245 iuconfusibile.
1306 2213 1374 2240 Cum
1389 2210 1489 2244 cuique
1509 2212 1613 2235 natura:
1630 2213 1679 2233 sua

892 2267 958 2298 sint,
977 2265 1076 2293 divina
1098 2263 1200 2294 divina,
1221 2261 1345 2288 hnmanae
1365 2254 1580 2288 bumana,vitiis
1600 2259 1679 2279 exce-

892 2297 957 2347 ptis,
974 2316 1000 2338 et
1017 2310 1045 2337 in
1068 2309 1113 2336 illa
1141 2307 1251 2343 quidem
1276 2301 1515 2335 incircumscripta
1538 2297 1679 2326 immensi-

893 2343 947 2390 las,
979 2351 1268 2390 incomprehensibilis
1299 2349 1430 2380 infinitas,
1459 2343 1678 2373 immutabilitas,

892 2402 1031 2430 aeternitas
1043 2405 1069 2427 et
1087 2397 1284 2433 omnipotentia
1299 2403 1307 2428 ;
1327 2395 1354 2421 in
1374 2394 1492 2420 humana
1509 2393 1599 2416 autem
1618 2394 1679 2414 esse

891 2447 1112 2481 circumscripta,
1143 2443 1270 2473 visibilis,
1299 2438 1411 2471 tactilis,
1425 2434 1576 2466 mutabilis,
1595 2437 1621 2460 et
1639 2433 1679 2459 in-

892 2493 1010 2527 cepisse,
1041 2479 1208 2526 quapropter
1244 2488 1418 2513 incarnatum
1446 2480 1564 2523 Verbum
1591 2479 1678 2506 visum

893 2519 944 2566 fuirt
967 2543 995 2565 et
1003 2519 1218 2569 ﬁco-ntrecta'tmn
1247 2536 1415 2566 passamque
1430 2531 1457 2554 et
1472 2519 1621 2555 mortuum,
1639 2526 1680 2549 at-

892 2591 945 2618 que
966 2582 1126 2613 resurrexit,
1157 2587 1210 2606 non
1228 2577 1321 2604 divina
1349 2574 1475 2610 equidem
1494 2571 1541 2599 sed
1561 2570 1680 2596 humana

892 2612 990 2658 natura
1005 2637 1013 2660 ,
1029 2628 1100 2654 unde
1117 2626 1233 2652 dilectus
1248 2623 1286 2650 ait
1300 2621 1452 2656 discipulus
1467 2627 1474 2645 :
1490 2627 1499 2644 I
1535 2614 1611 2649 Quod
1629 2612 1680 2640 fuit

891 2679 926 2706 ab
942 2676 1032 2708 initio,
1047 2674 1120 2709 quod
1146 2671 1346 2707 perspeximus,
1375 2667 1493 2695 vidimus
1520 2661 1607 2689 oculis
1630 2666 1680 2709 nio-

893 2724 970 2756 stris,
989 2727 1016 2749 et
1027 2728 1125 2748 manus
1135 2723 1237 2745 nostra:
1263 2715 1503 2744 contrectaverunt
1531 2709 1563 2734 de
1590 2705 1680 2734 Verbo

891 2755 1002 2801 vitaeet
1015 2767 1071 2794 vita
1087 2763 1262 2792 manifestata
1281 2766 1324 2790 est
1341 2768 1348 2794 ;
1367 2764 1394 2787 et
1417 2755 1610 2784 annuntiamus
1634 2758 1680 2777 vo-

892 2818 933 2845 bis
955 2816 1035 2845 vitam
1060 2819 1187 2841 aeternam
1214 2819 1275 2846 qua:
1292 2813 1349 2837 erat
1363 2806 1434 2843 apud
1450 2804 1568 2832 Patrem.
1589 2804 1616 2828 et
1631 2805 1681 2832 ap-
