1908 3041
195 96 247 129 150

610 99 800 130 SYMEONIS
818 99 1199 131 THESSALONICENSIS
1214 103 1233 130 A
1241 102 1314 132 RCH
1322 103 1328 131 I
1337 101 1383 131 ΕΡ
1390 123 1398 130 .

1771 104 1835 136 160

195 164 254 183 rum
270 157 380 191 adoptio
400 158 478 185 nobis
508 159 533 186 in
563 158 664 194 Spiritu
689 159 760 186 facta
783 164 835 192 est,
853 160 1000 194 quoniam“

1050 169 1075 187 τι
1089 161 1136 187 καὶ
1151 161 1230 188 κοινὰ
1245 162 1279 188 τᾶ
1296 161 1456 196 χαρίσματα
1473 161 1522 196 τῆς
1543 162 1668 196 Τριάδος.
1691 160 1756 189 Ὅτι
1780 161 1836 188 καὶ

195 203 349 230 communia
363 208 424 230 sunt
446 204 586 231 Trinitatis
610 205 786 237 charismata,
812 213 920 241 unaque
942 210 984 233 est

197 252 328 280 potestas,
349 257 400 276 una
424 250 567 277 Trinitatis
589 252 722 286 operatio.
751 252 896 287 Propterea
911 254 984 281 athei

197 299 262 320 sunt
276 295 321 328 qui
341 287 483 323 Trinitatis
497 297 668 330 operationes
695 305 750 325 non
767 298 920 332 celebrant,
943 300 985 326 vel

198 339 360 367 conﬁtentur
376 342 498 374 quidem,
511 348 651 370 creaturas
663 348 753 371 autem
768 353 814 372 eas
838 345 984 380 appellant.

199 386 264 413 Nam
279 387 300 414 si
313 387 364 414 illae
380 388 406 414 in
432 389 511 416 nobis
535 394 598 416 sunt
615 397 757 423 creaturae,
777 392 840 426 quid
857 398 911 421 tam
927 395 986 422 exi-

198 433 490 462 miumhabemus?Si
520 444 584 464 vero
615 443 740 465 naturam
771 440 816 467 Dei
844 441 985 475 habemus,

200 484 228 507 ttt
240 480 277 507 illi
295 480 422 514 delirant,
443 483 524 517 igitur
540 491 588 510 nos
618 492 724 520 quoque
740 486 864 514 homines
880 488 905 514 in
924 495 987 520 per-
1003 505 1008 510 α

199 533 265 553 sona
281 525 328 553 Dei
344 527 458 561 erimus,
474 529 572 563 aliique
602 530 792 566 Dii-homines,
811 533 883 560 sicut
910 534 989 561 Chri—

199 576 271 603 stus.
284 581 337 600 non
367 575 481 609 gratiam
514 576 644 603 habentes
661 578 707 604 sed
738 586 881 612 personam
914 580 986 611 Filii.

200 618 242 645 vel
254 618 342 646 Patris
357 625 404 647 aut
421 620 558 655 Spiritus;
578 623 642 657 quid
659 629 748 651 autem
770 625 853 660 pejus
864 627 915 654 hac
931 627 989 654 bla-

201 665 322 699 sphemia
336 667 483 701 excogitari
506 670 614 703 potest?
629 669 657 697 Si
682 677 773 698 atttem
792 679 944 702 creaturam
961 676 987 702 in

201 712 278 738 nobis
294 712 435 747 habemus,
455 715 539 742 Deum
556 723 622 751 ergo
649 725 702 744 non
721 718 856 747 habemus
871 730 879 752 ;
893 728 987 748 verum

201 759 337 792 quomodo
351 760 492 787 nobiscum
508 762 598 789 Deus?
626 763 766 795 Quomodo
783 765 914 798 Spiritum
942 767 988 801 qui

202 812 235 831 ex
250 805 303 832 Deo
314 809 354 832 est
367 808 544 840 accepimus?
560 807 700 840 Quomodo
729 810 858 843 Spiritum
886 811 987 840 Christi
1005 820 1025 847 Β

201 849 359 878 habemus?
374 853 511 885 quomodo
535 853 635 880 donum
669 855 789 889 Spiritus
812 858 990 893 accepimus?

203 897 346 929 Quodnam
357 905 399 925 est
408 899 571 932 promissum
585 900 703 933 Spiritus
715 902 850 930 in-nobis?
863 912 987 938 quasnam

203 943 291 970 virtus
310 950 342 970 ex
358 943 413 971 alto
429 945 555 978 apostolis
579 947 752 980 supervenit?
778 948 847 981 Quid
872 950 989 985 Spiritus

204 994 316 1017 sanctus
329 989 457 1017 Cornelio
470 991 583 1024 ejusque
595 992 677 1019 sociis
693 994 904 1027 superveniens?
919 996 989 1028 Quid

204 1041 370 1070 acceperunt
383 1037 432 1063 viri
449 1044 463 1064 a
481 1036 604 1072 Philippo
616 1038 742 1072 baptizati
752 1058 761 1072 ,
778 1039 857 1068 Petro
868 1046 895 1069 et
909 1041 990 1070 Joan-

204 1088 239 1108 ne
251 1089 347 1109 manus
362 1082 401 1109 eis
413 1084 635 1116 imponentibus?
660 1085 728 1119 Quid
756 1092 920 1124 acceperunt
940 1089 989 1116 viri

204 1135 218 1153 a
237 1127 322 1156 Paulo
338 1128 478 1162 baptizati,
493 1131 537 1163 qui
550 1130 624 1164 prius
643 1139 692 1158 nec
723 1133 845 1160 sciebant
871 1142 921 1162 nec
942 1143 991 1162 au—

204 1173 330 1200 diverant
343 1173 365 1200 si
383 1178 424 1201 est
436 1173 555 1209 Spiritus
581 1177 712 1204 sanctus?
727 1177 795 1210 Quid
818 1181 991 1212 opcrationes

206 1218 359 1246 virtutum?
382 1219 446 1254 quid
475 1221 568 1254 gratiae
593 1222 762 1250 sanitatum?
787 1223 851 1258 quid
878 1225 991 1253 meliora

204 1265 388 1292 charismata?
401 1265 531 1297 Quaenam
547 1267 660 1301 insuper
687 1269 774 1303 gratia
803 1270 909 1298 Domini
942 1279 991 1298 no—

205 1310 254 1337 stri
267 1309 333 1338 Jesu
347 1310 468 1338 Christi?
481 1310 549 1343 Quid
566 1312 650 1339 illud:
672 1322 681 1339 ι
697 1313 789 1342 Gratia
815 1316 892 1344 vobis
907 1325 921 1345 a
937 1317 992 1344 Deo

205 1356 285 1383 Patre
296 1360 323 1382 et
336 1356 450 1383 Domino
465 1356 527 1384 Jesu
555 1357 685 1386 Christo?
706 1370 714 1386 ι
740 1360 832 1393 Quare
847 1362 992 1390 invocatur

205 1401 295 1430 divina
309 1402 394 1437 gratia
410 1404 518 1438 quando
535 1404 601 1432 ﬁunt
625 1406 834 1435 ordinationes?
851 1408 990 1444 Numquid

206 1448 280 1476 inani
312 1456 395 1477 sensu
418 1449 519 1478 dicitur
550 1452 658 1485 gratia?
686 1452 777 1480 Prohl
804 1453 940 1481 fallaciam
966 1461 992 1483 et

205 1496 404 1531 blasphemiam
421 1504 514 1524 eorum
541 1499 586 1531 qui
609 1497 668 1524 sine
690 1498 775 1532 gratia
800 1500 916 1534 gratiam
945 1501 990 1528 Dei
1005 1487 1027 1516 θ

185 1555 187 1557 ·
206 1544 415 1577 δεκιθᾱίυηιυτι
429 1543 498 1576 Quid
510 1548 601 1571 autem
624 1544 723 1571 donum
749 1546 835 1572 sancti
853 1546 993 1580 Spiritus?

207 1590 346 1624 Numquid
374 1595 471 1618 natura
487 1591 514 1618 in
544 1591 631 1619 tribus
641 1593 790 1627 personis?
805 1592 991 1628 Nequaquam,

209 1640 333 1661 naturam
347 1635 419 1661 enitn
435 1635 480 1663 Dei
494 1643 574 1663 nemo
602 1637 728 1672 suscipit.
741 1637 884 1672 Numquid
908 1639 993 1674 igitur

208 1680 355 1707 creatura?
375 1682 422 1708 sed
437 1683 573 1716 quomodo
587 1683 670 1710 Deum
696 1684 724 1710 in
744 1684 822 1711 nobis
838 1685 994 1713 habemus?

209 1727 348 1761 quomodo
376 1727 514 1755 Christum
545 1729 714 1763 portamus?
745 1731 883 1765 quomodo
908 1730 995 1766 Spiri-

211 1779 266 1800 tum
285 1779 409 1801 sauctum
427 1774 452 1801 in
471 1774 600 1802 cordibus
620 1783 684 1803 vcre
714 1777 890 1811 accepimus?
911 1777 996 1805 Idcir-

209 1827 241 1845 co
254 1818 396 1847 Trinitatis
409 1823 451 1847 est
466 1820 492 1846 in
507 1820 585 1847 nobis
598 1821 684 1852 gratia
708 1829 762 1856 qua
785 1822 866 1850 nobis
878 1831 892 1851 a
914 1823 995 1852 Patre

209 1871 258 1898 per
274 1864 372 1890 Filium
398 1865 571 1892 incarnatum
596 1866 623 1892 in
647 1870 744 1894 sancto
767 1867 870 1902 Spiritu
893 1868 994 1903 imper-

210 1909 287 1937 Iitur.
304 1909 366 1938 ideo
385 1911 443 1946 ipsa
456 1911 482 1938 in
503 1912 584 1938 nobis
599 1912 708 1940 diverso
736 1914 818 1940 modo
843 1919 993 1948 operatur;

209 1961 236 1982 et
265 1956 349 1983 alium
380 1957 490 1991 quidem
524 1957 677 1986 sanctiﬁcat
702 1963 728 1987 et
754 1967 802 1993 per
828 1960 994 1994 baptismum

211 2007 364 2037 regenerat,
378 1999 461 2030 alium
475 2011 542 2031 vero
571 2005 649 2040 ungit
674 2009 701 2033 et
724 2006 850 2041 obsignat
875 2015 923 2042 per
941 2016 994 2035 un-

210 2053 349 2081 guentum,
374 2049 488 2076 alterum
515 2055 604 2078 autem
626 2052 735 2079 ordinat
760 2054 939 2085 sacerdotem,
969 2059 996 2081 et

210 2095 283 2122 hunc
306 2096 386 2121 etiam
416 2096 522 2123 diverSa
543 2097 668 2124 ratione:
695 2098 740 2125 hic
757 2099 866 2133 quidem
895 2100 995 2127 consti-

211 2141 296 2167 tuitur
320 2140 406 2167 lector
429 2141 539 2175 populo.
558 2141 603 2169 ille
629 2150 692 2169 vero
706 2143 900 2176 subdiaconus,
926 2144 995 2171 alius

210 2192 301 2213 autem
328 2187 475 2218 diaconus,
509 2187 638 2214 sacerdos
666 2188 746 2222 alter,
774 2189 844 2216 alter
877 2190 997 2224 denique

211 2232 354 2266 pbntil‘ex;
387 2236 413 2259 et
442 2240 514 2260 unus
548 2233 658 2267 quidem
684 2238 728 2261 est
750 2235 902 2269 apostolus,
929 2236 999 2263 alius

210 2282 302 2306 autem
332 2279 475 2313 propheta,
497 2278 568 2307 alius
589 2278 695 2312 doctor,
726 2279 851 2315 aliusque
884 2281 1000 2309 virtutes

211 2325 254 2351 vel
278 2325 379 2359 gratias
413 2324 561 2352 sanitatum
590 2324 706 2356 habens,
721 2329 748 2353 et
764 2331 873 2354 caetera.
903 2327 934 2354 Et
953 2327 998 2354 alii

212 2370 322 2404 quidem
339 2378 385 2406 per
404 2369 537 2405 Spiritum
557 2370 640 2398 datur
658 2379 751 2399 sermo
782 2372 933 2407 sapientiae.
953 2373 998 2400 alii

213 2424 277 2443 vero
289 2424 380 2444 sermo
394 2417 515 2445 scientia:
532 2417 682 2444 secundum
711 2418 836 2445 eumdem
855 2418 998 2452 Spiritum,

212 2468 241 2490 et
254 2466 353 2489 caetera
365 2466 394 2489 ut
407 2462 534 2491 diximus.
548 2462 625 2490 Unde
637 2464 663 2490 in
676 2463 755 2491 nobis
772 2471 827 2490 non
856 2469 896 2491 est
910 2471 1000 2499 perso-

213 2516 247 2535 na
262 2508 393 2543 Spiritus,
408 2508 454 2535 sed
471 2509 497 2535 in
517 2509 620 2543 Spiritu
651 2510 806 2537 communis
831 2511 917 2544 gratia
939 2510 1000 2538 Tri-

213 2554 307 2580 nitatis
334 2559 361 2580 et
387 2554 501 2582 diversae
527 2556 715 2590 operationes.
745 2555 808 2582 ideo
833 2564 923 2590 neque
951 2557 996 2591 qui

213 2601 377 2635 baptismum
418 2600 533 2634 suscipit
560 2601 653 2627 statim
685 2602 843 2629 sacerdotio
870 2603 999 2636 donatur,

215 2654 304 2682 neque
320 2647 454 2674 diaconus
481 2645 570 2674 factus
595 2648 756 2682 presbyterii
780 2653 942 2683 potestatem
956 2657 999 2677 ac-

214 2693 290 2727 cipit,
321 2700 412 2727 neque
437 2692 580 2728 presbyter
599 2694 743 2720 ordinatus
770 2695 889 2730 episcopi
913 2696 999 2730 gratia

213 2739 374 2770 adornatur,
389 2738 435 2766 sed
453 2738 569 2773 quisque
584 2746 665 2766 sumn
681 2739 791 2774 accipit,
815 2745 841 2767 et
856 2742 925 2768 alius
941 2742 1000 2774 qui-

213 2785 275 2811 dem
292 2784 401 2818 minori,
424 2784 496 2811 alius
521 2792 585 2811 vero
612 2785 709 2819 majori
738 2786 839 2814 virtute
872 2787 1001 2820 praeditus

214 2833 268 2857 est.
296 2829 432 2859 Diaconus
462 2831 573 2865 quidem
607 2832 755 2866 ministrat,
788 2833 916 2860 sacerdos
940 2841 1001 2860 vero

1038 206 1088 240 μία
1109 206 1223 241 δύναμις
1249 209 1296 234 καὶ
1321 208 1445 242 ἐνέργεια
1465 208 1513 241 τῆς
1530 207 1655 241 Τριάδος.
1672 207 1721 234 Διὰ
1745 207 1836 234 τοῦτο

1037 252 1111 279 ἄθεοι
1126 253 1149 278 ol
1167 253 1203 288 μὴ
1218 253 1266 284 τὰς
1285 254 1424 287 ἐνεργείας
1443 254 1599 286 δοξάζοντες
1613 254 1664 288 τῆς
1686 253 1810 288 Τριάδος
1824 261 1834 270 ⁸

1036 298 1053 333 ἦ
1067 299 1262 332 ὁμολογοῦντες
1279 300 1340 334 μὲν,
1354 300 1492 334 κτίσματα
1506 299 1534 326 δὲ
1551 299 1650 331 ταύτας
1664 299 1832 331 καλοῦντες.

1038 346 1069 372 El
1093 346 1147 380 γὰρ
1165 347 1193 372 ὲν
1209 347 1275 381 ἡμῖν
1294 347 1443 380 κτίσματα,
1461 347 1488 373 τί
1504 347 1634 382 περισσὸν
1650 346 1750 381 ἔχομεν
1766 355 1773 379 ;
1801 347 1836 373 El

1037 392 1065 418 δέ
1082 400 1112 426 γε
1128 392 1208 426 φύσιν
1230 393 1328 427 ἔχομεν
1342 393 1421 424 Θεοῦ,
1434 393 1471 424 ὡς
1485 389 1558 419 οὗτοι
1572 387 1698 427 ληροῦσι,
1711 392 1838 419 0506:6-

1041 446 1132 464 στατοι
1146 439 1191 464 καὶ
1204 440 1285 473 ἡμεῖς
1298 439 1418 474 ἐσόμεθα
1428 439 1578 474 ἄνθρωποι,
1594 440 1641 465 καὶ
1653 439 1836 472 θεάνθρωποι

1039 483 1115 510 ἄλλοι
1129 483 1165 516 ὡς
1183 485 1196 509 ὁ
1210 484 1338 518 Χριστὸς,
1364 484 1410 510 καὶ
1428 485 1456 510 οὺ
1487 485 1567 519 χάριν
1592 484 1710 519 ἔχοντες,
1723 484 1799 510 ἀλλὰ
1818 484 1836 518 ἦ

1039 529 1088 564 τὴν
1101 529 1250 556 ὑπόστασιν
1262 529 1310 556 τοῦ
1326 529 1403 563 Υίοῦ,
1417 530 1433 565 ἢ
1450 530 1496 557 τοῦ
1513 531 1630 564 Πατρῦς.
1644 532 1660 564 ἦ
1676 529 1724 556 τοῦ
1740 530 1837 556 Πνεῦ-

1041 584 1136 608 ματος.
1153 576 1207 602 Kal
1223 576 1249 602 τί
1264 576 1297 602 ἂν
1313 576 1377 602 ἄλλο
1393 577 1484 610 χεῖρον
1499 576 1548 610 τῆς
1572 576 1748 610 βλασφημίας
1765 575 1837 601 ταύ-

1040 630 1090 656 της
1103 622 1208 655 γένοιτό
1224 631 1288 648 ποτε
1303 631 1309 656 ;
1322 623 1352 649 El
1368 622 1395 648 δὲ
1412 622 1518 657 κτίσμα
1541 623 1569 648 ἐν
1592 622 1699 653 ἑαυτοῖς
1718 622 1836 657 ἔχομεν,

1040 667 1107 694 Θεὸν
1120 669 1169 694 οὐκ
1185 669 1283 702 ἔχομεν
1305 669 1370 703 ἄρα.
1392 669 1447 695 Kal
1464 669 1522 699 πῶς
1547 669 1606 701 μεθ’
1622 669 1700 703 ἡμῶν
1714 669 1727 694 ὁ
1742 669 1837 702 856;;

1041 714 1095 740 Kal
1111 713 1169 744 πῶς
1188 714 1218 740 τὸ
1233 714 1347 748 Πνεῦμα
1362 714 1392 740 τὸ
1407 714 1437 740 ὲκ
1453 714 1499 740 τοῦ
1516 714 1583 740 Θεοῦ
1607 714 1762 747 ὲ).άῦομεν;
1779 716 1838 741 Kal

1042 759 1101 790 πῶς
1117 759 1230 794 Πνεῦμα
1245 759 1364 794 Χριστοῦ
1377 760 1477 795 ἔχομεν
1492 769 1499 794 ;
1518 761 1573 786 Καὶ
1588 760 1646 791 πῶς
1661 760 1710 794 τὴν
1724 761 1838 795 δωρεὰν

1040 804 1087 830 τοῦ
1099 805 1265 839 Πνεύματος
1278 805 1412 839 ἐλάϐομεν
1425 814 1432 839 ;
1445 805 1501 832 Καὶ
1527 805 1570 837 τίς
1586 806 1602 840 ή
1616 806 1771 840 ἐπαγγελία
1787 807 1838 833 τοῦ

1041 849 1200 885 Πνεύματος
1215 852 1244 877 ὲν
1265 852 1353 885 ὴμίν;
1378 851 1432 877 Καὶ
1464 851 1529 878 ποία
1557 852 1573 887 ἡ
1597 851 1750 879 ἐπελθοῦσα
1778 854 1839 884 τοϊς

1040 895 1201 928 ἀποστόλοις
1217 897 1246 930 ἐξ
1265 897 1349 932 ὕψους
1376 898 1511 932 δύναμις;
1529 898 1583 925 Καὶ
1607 898 1634 924 τί
1659 899 1690 924 τὸ
1717 898 1838 932 Πνεῦμα

1040 943 1070 969 τὸ
1083 943 1161 977 ἂγιον
1177 944 1207 970 τὺ
1224 944 1337 970 ἐπελθδν
1348 944 1386 978 τῷ
1400 944 1544 980 Κορνηλίῳ
1557 945 1671 976 καὶτοῖς
1683 945 1733 971 σὺν
1744 946 1836 981 αὐτῷ;

1041 988 1121 1014 Ποῖον
1132 988 1181 1014 δὲὸ
1193 989 1347 1022 ἐλάμϐανον
1363 990 1388 1015 οί.
1406 990 1603 1024 βαπτισθέντες
1617 990 1669 1016 ὑπὸ
1680 991 1835 1024 Φιλίππους

1043 1033 1223 1060 ἐπιτιθέντων
1239 1034 1286 1066 τὰς
1302 1036 1396 1070 χεῖρας
1411 1035 1503 1066 αὐτοῖς
1515 1036 1620 1070 Πέτρου
1633 1037 1680 1062 καὶ
1690 1037 1835 1070 ’[ωάννου;

1041 1079 1121 1105 Ποῖον
1143 1079 1171 1105 δὲ
1197 1079 1211 1105 ὃ
1238 1079 1334 1105 ἔλαϐον
1360 1080 1384 1105 ol
1409 1079 1603 1114 βαπτισθέντες
1629 1080 1681 1106 ὑπὸ
1709 1080 1834 1111 Παύλου,

1043 1125 1175 1160 πρότερον
1194 1125 1231 1159 μὴ
1251 1125 1351 1156 εἰδότες
1378 1125 1393 1159 ἢ
1420 1126 1570 1160 ἀκηκοότες
1585 1126 1608 1152 εί
1635 1125 1693 1152 ἔστι
1720 1126 1837 1159 Πνεῦμα

1042 1172 1121 1205 ἅγιον
1137 1180 1145 1205 ;
1162 1172 1195 1198 Τί
1213 1172 1246 1198 τὰ
1263 1173 1441 1206 ἐνεργήματα
1456 1172 1510 1198 τῶν
1525 1172 1668 1207 δυνάμεων
1681 1181 1688 1206 ;
1703 1174 1738 1199 τὰ
1753 1174 1837 1208 χαρί-

1043 1226 1136 1252 σματα
1151 1218 1205 1244 τῶν
1222 1218 1345 1253 ἰαμάτων
1360 1227 1367 1252 ;
1381 1218 1416 1244 τὰ
1441 1218 1601 1254 χαρίσματα
1617 1219 1651 1245 τὰ
1664 1220 1814 1253 κρείττονα
1827 1227 1834 1252 ;

1042 1263 1089 1290 Ti:
1106 1263 1134 1289 δὲ
1151 1264 1168 1298 ἠ
1192 1263 1273 1298 χάρις
1294 1263 1342 1290 τοῦ
1367 1264 1470 1299 Κυρίου
1486 1264 1566 1299 ἡμῶν
1581 1264 1669 1298 Ἰησου
1687 1264 1834 1298 Χριστοῦ;

1042 1311 1089 1336 καὶ
1101 1310 1141 1342 τὸ,
1159 1319 1168 1336 t
1189 1310 1278 1345 Χάρις
1292 1310 1356 1345 ὑμῖν
1370 1311 1412 1345 εἴη
1426 1310 1480 1337 ἀπὸ
1494 1310 1563 1337 Θεοῦ
1581 1311 1699 1345 Πατρὺς,
1718 1311 1768 1338 καὶ
1783 1311 1838 1338 Ku-

1045 1356 1103 1389 ρίου
1127 1356 1216 1391 Ἰησοῦ
1241 1357 1383 1390 Χριστοῦ;
1403 1366 1412 1382 ι
1429 1356 1507 1383 Διατί
1523 1357 1551 1383 δὲ
1569 1358 1585 1391 ὴ
1610 1356 1759 1391 ἐπίκλησις
1786 1357 1838 1391 τῆς

1043 1403 1119 1435 θείας
1133 1405 1244 1439 χάριτος
1260 1404 1364 1437 γίνεται
1389 1406 1418 1430 ὲν
1445 1405 1506 1435 ταῖς
1527 1404 1686 1437 γινομέναις
1709 1413 1838 1439 χειροτο-

1044 1445 1113 1481 νῐαις
1128 1459 1136 1484 ;
1149 1449 1224 1485 *Αρα
1239 1451 1279 1481 είς
1294 1451 1373 1477 κενὸν
1388 1450 1498 1484 λέγεται
1514 1459 1521 1484 ;
1534 1450 1586 1477 Φεῦ
1600 1452 1648 1485 τῆς
1664 1450 1776 1484 ἀπάτης
1792 1451 1838 1477 καὶ

1045 1495 1221 1530 βλασφημίας
1243 1495 1298 1521 τῶν
1323 1495 1395 1522 κατά
1421 1495 1471 1530 τῆς
1493 1495 1606 1530 χάριτος
1622 1494 1669 1521 τοῦ
1689 1495 1760 1521 Θεοῦ
1776 1495 1838 1529 δίχα

1046 1543 1158 1577 χάριτος
1169 1541 1336 1576 κινουμένων
1349 1542 1356 1568 i
1369 1541 1417 1572 Τίς
1430 1540 1458 1567 δὲ
1467 1542 1483 1575 ἡ
1496 1541 1586 1575 δωρεά
1596 1539 1642 1566 τοῦ
1658 1541 1737 1574 ἁγίου
1753 1540 1840 1567 Πνεύ-

1048 1597 1151 1622 ματο;;
1167 1586 1242 1623 Ἆρα
1259 1589 1275 1624 ἠ
1293 1588 1509 1624 τρισυπόστατος
1523 1587 1604 1622 φύσις
1617 1595 1625 1621 ;
1640 1587 1787 1622 Οὐδαμῶς.
1802 1588 1838 1614 Οὐ

1047 1636 1101 1671 γὰρ
1118 1635 1185 1662 Θεοῦ
1200 1635 1281 1670 φύσιν
1295 1644 1337 1666 τις
1351 1635 1524 1669 ὑποδέχεται.
1541 1634 1598 1660 Καὶ
1613 1634 1707 1660 λοιπὸν
1721 1635 1839 1669 κτίσμα;

1048 1682 1103 1708 Καὶ
1127 1681 1185 1712 πῶς
1202 1681 1247 1708 τὸν
1270 1681 1336 1707 Θεδν
1365 1682 1394 1707 ὲν
1420 1681 1487 1715 ἡμῖν
1505 1680 1602 1715 ἔχομεν
1620 1688 1627 1714 ;
1645 1680 1700 1706 Καὶ
1718 1679 1778 1711 πῶς
1795 1681 1840 1706 τὸν

1048 1728 1165 1762 Χριστὸν
1183 1727 1321 1763 φοροῦμεν
1337 1735 1344 1760 ;
1362 1727 1416 1753 Kal
1435 1726 1493 1757 πῶς
1519 1727 1550 1753 τὸ
1576 1725 1689 1761 Πνεῦμα
1711 1727 1742 1752 τὸ
1760 1726 1840 1759 ἅγιον

1047 1775 1076 1800 ὲν
1091 1775 1152 1805 ταῖς
1164 1773 1290 1808 καρδίαις
1302 1772 1436 1806 ἐλάϐομεν
1452 1772 1560 1803 ἀληθῶς
1575 1779 1583 1805 ;
1599 1772 1670 1804 Ἀρα
1684 1772 1766 1806 χάρις
1780 1772 1840 1797 ἐστὶ

1047 1821 1098 1854 τῆς
1114 1821 1230 1855 Τριάδος
1247 1820 1275 1846 ἐν
1291 1821 1369 1855 ἡμῖν.
1385 1820 1439 1846 Καὶ
1455 1820 1617 1854 χορηγεῖται
1633 1815 1710 1852 αὒττῖ
1722 1819 1792 1853 ἡμῖν
1810 1820 1841 1846 ἐκ

1048 1866 1094 1892 τοῦ
1110 1866 1216 1900 Πατρὺς
1228 1866 1272 1892 διὰ
1283 1865 1330 1892 τοῦ
1346 1865 1408 1892 Υἱοῦ
1422 1865 1612 1901 σαρκωθέντος
1627 1866 1655 1892 ἐν
1666 1865 1737 1900 ἁγίῳ
1752 1865 1840 1892 Πνεῦ-

1050 1921 1126 1947 ματι.
1153 1912 1202 1938 Διὰ
1231 1911 1310 1938 τοῦτο
1333 1912 1381 1939 καὶ
1396 1911 1532 1945 διαφόρως
1547 1912 1576 1937 ὲν
1590 1911 1656 1946 ἡμῖν
1673 1910 1743 1944 αὕτη
1761 1911 1839 1945 ὲνερ-

1048 1959 1102 1990 γεῑ.
1118 1958 1173 1984 Καὶ
1198 1957 1226 1984 ὃν
1251 1957 1301 1991 μὲν
1315 1956 1414 1983 τελειοῖ
1428 1956 1476 1983 καὶ
1489 1957 1625 1991 ἀναγεννᾷ
1640 1955 1685 1982 διὰ
1710 1956 1758 1982 τοῦ
1789 1956 1840 1991 βα-

1049 2003 1212 2038 πτίσματος,
1223 2003 1251 2029 ὃν
1265 2003 1292 2029 δὲ
1307 2003 1380 2038 χρίει
1395 2003 1442 2028 καὶ
1457 2002 1603 2037 σφραγίζει
1617 2001 1655 2037 τῷ
1664 2002 1753 2037 μύρῳ,
1767 2003 1798 2029 ὃν
1814 2002 1840 2028 δὲ

1050 2052 1124 2086 ἱερέα
1151 2051 1311 2086 χειροτονεῖ,
1334 2050 1383 2077 καὶ
1406 2050 1502 2077 τοῦτον
1519 2051 1546 2076 δὲ
1563 2051 1710 2085 διαφόρως.
1734 2050 1765 2076 '0
1790 2050 1840 2084 μέν

1049 2096 1104 2131 γάρ
1121 2096 1195 2123 ἐστιν
1217 2095 1414 2129 ἀναγινώσκων
1431 2095 1468 2131 τῷ
1493 2095 1563 2130 λαῷ,
1590 2097 1603 2122 ὁ
1618 2096 1646 2122 δὲ
1662 2096 1814 2130 ὑπουργὸς,
1827 2096 1840 2121 ὀ

1050 2142 1077 2168 δὲ
1091 2141 1234 2174 διακονῶν,
1253 2143 1267 2168 ὁ
1283 2142 1311 2168 δὲ
1333 2141 1495 2176 ίερουργῶν,
1511 2142 1525 2168 ὁ
1540 2141 1569 2168 δὲ
1584 2141 1793 2176 ἀρχιερατεύων
1812 2141 1840 2167 τὸ

1049 2187 1224 2214 τελεώτατον.
1241 2187 1296 2214 Kal
1315 2189 1328 2214 ὀ
1349 2188 1397 2222 μὲν
1422 2187 1495 2214 ἐστιν
1522 2187 1682 2220 ἀπόστολος,
1698 2189 1711 2213 ὁ
1727 2188 1755 2214 δὲ
1774 2196 1840 2222 προ-

1051 2234 1150 2268 φήτης,
1164 2235 1178 2261 ὁ
1195 2234 1223 2260 δὲ
1238 2234 1409 2266 διδάσκαλος,
1424 2235 1437 2260 ὁ
1453 2234 1481 2261 δὲ
1504 2234 1634 2269 δυνάμεις
1650 2234 1666 2269 ἢ
1681 2233 1840 2268 χαρίσματα

1052 2280 1175 2314 ἰαμάτων
1202 2281 1284 2315 ἔχων,
1306 2281 1323 2317 ἢ
1351 2281 1386 2307 τά
1412 2281 1505 2308 λοιπά.
1530 2281 1587 2314 καὶ
1647 2281 1697 2314 μὲν
1723 2280 1769 2307 διὰ
1795 2279 1839 2306 τοῦ

1051 2327 1209 2361 Πνεύματος
1221 2328 1321 2366 δίᾷοται
1336 2328 1417 2361 λόγος
1430 2327 1535 2361 σοφίας,
1551 2327 1623 2361 ἄλλῳ
1635 2327 1662 2353 δὲ
1673 2327 1754 2360 λόγος
1770 2327 1840 2361 γνώ-

1052 2380 1122 2403 σεως
1137 2374 1206 2398 κατὰ
1221 2373 1252 2400 τὺ
1269 2373 1336 2400 αὐτὸ
1354 2371 1478 2406 Πνεῦμα,
1494 2372 1587 2399 καὶτὰ
1601 2372 1694 2404 λοιπὰ,
1710 2373 1749 2404 ὡς
1767 2373 1840 2406 είρή-

1051 2425 1151 2451 καμεν.
1162 2415 1247 2443 ’Ὥστε
1258 2418 1308 2452 οὐχ
1323 2419 1339 2450 ἡ
1358 2417 1509 2448 ὑπόστασίς
1524 2418 1582 2443 ἐστι
1606 2416 1653 2442 τοῦ
1679 2415 1839 2449 Πνεῦματος

1051 2461 1080 2488 ἐν
1095 2462 1170 2496 ἡμῖν,
1187 2462 1244 2488 ἀλλ’
1262 2463 1291 2489 ὲν
1321 2463 1360 2497 τῷ
1388 2463 1528 2497 meeum
1551 2463 1567 2496 ή
1588 2463 1664 2496 κοινὴ
1693 2463 1774 2497 χάρις
1793 2463 1838 2494 τῆς

1051 2507 1179 2542 Τριάδος,
1202 2508 1248 2534 καὶ
1276 2508 1311 2534 τὰ
1335 2508 1452 2542 διάφορα
1468 2509 1652 2543 ἐνεργήματα.
1679 2507 1725 2533 Διό
1743 2508 1804 2534 οὐδὲ
1827 2507 1839 2532 ὁ

1051 2554 1081 2580 τδ
1099 2554 1241 2589 βάπτισμα
1255 2554 1345 2581 λαΰὼν
1362 2555 1443 2585 εὐθὺς
1455 2555 1584 2589 τυγχάνει
1603 2554 1651 2580 καὶ
1669 2553 1770 2588 ἱερεὺς,
1787 2553 1837 2580 οὐδ’

1051 2601 1064 2626 ὁ
1077 2599 1339 2637 διὰκονοςγγεγονὼς
1361 2601 1408 2627 καὶ
1423 2601 1472 2636 τὴν
1493 2601 1540 2627 τοῦ
1556 2600 1746 2635 πρεσϐυτέρου
1772 2600 1839 2634 λαμ-

1051 2645 1128 2672 ϐάνει
1219 2647 1343 2681 δύναμιν,
1362 2646 1416 2673 οὐδ’
1431 2648 1444 2673 ὁ
1464 2645 1649 2681 πρεσϐύτερος
1677 2654 1837 2680 χειροτονη-

1053 2692 1109 2722 θεὶς
1128 2694 1174 2718 καὶ
1188 2693 1237 2726 τὴν
1254 2692 1300 2719 τοῦ
1324 2693 1478 2719 ἐπισκόπου
1494 2692 1630 2726 λαμὸάνει
1657 2692 1739 2726 χάριν
1751 2699 1758 2707 ·
1784 2689 1838 2718 ἀλλ’

1051 2739 1168 2770 ἕκαστος
1187 2739 1256 2773 ὅπερ
1271 2739 1378 2772 ἐλαϐεν,
1396 2739 1487 2770 ἔλαϐε,
1505 2739 1553 2765 καὶ
1567 2739 1581 2764 ὁ
1598 2738 1646 2773 μὲν
1661 2739 1689 2763 ὲν
1705 2737 1837 2769 ἐλάττονι,

1052 2786 1064 2811 ὀ
1080 2785 1107 2811 δὲ
1126 2786 1155 2811 ὲν
1173 2785 1278 2819 μείζονί
1303 2786 1361 2811 ἐστι
1377 2786 1409 2820 τῇ
1434 2785 1556 2819 δυνάμει.
1577 2785 1632 2810 Καὶ
1648 2783 1772 2814 διάκονος
1793 2783 1838 2815 μὲν

1053 2832 1197 2867 ὑπηρετεῖ,
1213 2832 1303 2866 ίερεὺς
1321 2831 1349 2858 δὲ
1362 2832 1509 2867 ίερουργεῖ,
1533 2830 1678 2866 ἀρχιερεὺς
1705 2829 1733 2856 δὲ
1753 2837 1838 2864 χειρψ
