1908 3041
69 119 112 152 161
559 121 699 152 DlALOG
705 121 753 152 US
772 120 924 152 CONTRA
941 119 1138 151 HIERESES.

1639 121 1652 154 1
1657 122 1691 152 '12

65 175 143 208 τονεϊ,
164 175 213 202 καὶ
236 175 293 203 τῶν
318 176 498 211 χαρισμάτων
514 176 561 203 τοῦ
586 177 655 203 Θεοῦ
680 177 854 212 μεταδίδωσι,

910 175 1057 207 sacrificat,
1090 174 1210 209 pontifex
1236 178 1326 203 autem
1342 175 1451 203 ordinat
1474 180 1501 202 et
1528 175 1691 203 charismata

65 221 111 248 καὶ
139 220 218 248 λύειν
240 224 290 248 καὶ
320 222 430 257 δεσμεῖν
454 224 614 257 πταίσματα
643 223 692 257 τὴν
727 223 853 255 ἐξουσίαν

64 267 184 296 πλουτεῖ.
203 268 252 299 Τίς
267 268 323 302 ἄρα
337 267 408 302 αὕτη
428 269 441 302 ἡ
469 268 599 301 ἑξουσία;
625 269 673 299 Τίς
690 268 806 302 δύναμις
822 268 853 294 τὸ

63 314 228 348 χειροτονεῖν
239 321 247 346 ;
260 314 292 340 Τί
304 314 332 339 δέ
349 314 421 340 ἐστιν
438 314 453 348 ἡ
472 315 622 349 χειροτονία
637 312 731 348 ςνΑρα
748 314 853 348 κτίσμα

64 359 90 383 ἐν
108 359 174 392 ἡμῖν
186 366 193 390 ;
207 359 262 384 Καὶ
278 359 304 385 τί
318 359 372 393 ἄρα
387 360 415 385 το
427 359 530 393 κτίσμα
542 359 654 386 δύναται
667 367 675 392 ;
697 359 758 390 Πῶς
774 359 851 392 θεοῖ;

64 403 119 430 Καὶ
135 402 195 435 πῶς
213 404 364 439 καθαίρει;
384 405 438 431 Καὶ
464 405 522 436 πῶς
545 406 599 440 ἄρα
624 405 741 438 τελειοῖς,
765 405 796 431 Τί
825 405 853 431 δὲ

63 449 108 475 καὶ
125 450 141 483 ἡ
176 449 321 484 ἐπίκλησις
340 450 389 484 τῆς
405 451 451 476 τοῦ
468 450 537 476 Θεοῦ
564 453 695 486 χάριτος
719 448 780 485 'Ap'
804 451 854 477 οὐκ

64 495 152 530 ἰσχύει
168 504 217 529 τιξ,
233 496 335 522 Λοιπὸν
351 497 400 522 οὐκ
428 497 457 523 ἐν
472 497 538 531 ἡμῖν
551 497 580 522 τὸ
601 496 713 531 Πνεῦμα
738 497 787 531 τῆς
806 497 855 531 χά-

64 548 157 574 ριτος;
172 540 256 567 Βαΰαὶ
272 541 322 576 τῆς
342 541 535 577 βλασφημίαςῐ
557 542 656 578 Πόρρω
674 543 733 569 ἐστὶ
746 543 796 577 τῆς
806 541 853 568 τοῦ

63 585 132 612 Θεοῦ
147 587 260 620 χάριτος
271 587 285 612 ὁ
303 587 342 622 μὴ
364 587 507 621 κηρύττων
522 588 572 622 τὴν
600 587 649 614 τοῦ
665 587 733 614 Θεοῦ
763 589 853 623 χάριν,

63 633 111 658 καὶ
126 631 176 659 τοῦ
194 632 357 666 Πνεύματος
376 633 423 659 τοῦ
437 633 505 660 Θεοῦ
523 634 675 669 ἀλλότριος,
693 634 740 660 καὶ
753 635 853 669 ἀχαρί-

62 686 150 710 τωτος
176 676 263 711 οὗτος,
299 682 349 706 καὶ
372 680 517 707 κοινωνίαν
545 682 583 715 μὴ
608 681 679 715 ἔχων
710 681 779 715 μετὰ
806 680 854 706 τοῦ

63 723 140 750 θείου
168 724 347 758 Πνεύματος,
363 725 409 751 τοῦ
425 725 567 761 ἀλλοτρίου
587 725 616 752 δὲ
643 726 745 752 μᾶλλον
770 725 855 752 Ilvati-

64 779 163 805 ματος,
181 771 230 797 καὶ
245 770 373 805 ἔμπλεως
382 770 478 797 τούτου
496 773 546 804 τῆς
563 772 684 806 πονηρᾶς
698 772 853 806 δυνάμεως.

63 813 102 843 Oi;
116 816 150 852 δὴ
164 817 212 842 καὶ
226 817 259 851 τῇ
275 817 369 850 ἐναγεῖ
382 817 430 843 καὶ
450 818 574 852 σκοτεινῇ
591 818 718 853 ἐνεργείᾳ.
738 818 788 853 τὴν
803 818 853 853 τῆς

904 220 952 247 Dei
985 221 1135 255 dispensat,
1162 221 1315 256 gaudetque
1345 226 1481 256 potestate
1505 227 1615 255 peccata
1635 222 1692 247 sol—

904 266 985 293 vendi
1004 272 1086 301 atque
1098 266 1210 300 ligandi.
1225 267 1312 293 Porro
1336 274 1459 300 qua-nam
1488 268 1539 293 ista
1554 267 1694 301 potestas?

905 312 1034 345 Quaenam
1050 313 1193 339 ordinandi
1222 313 1365 346 potentia?
1381 314 1447 348 quid
1471 318 1514 340 est
1536 313 1694 340 ordinatio?

906 359 1028 392 nunquid
1059 364 1182 385 creatura
1195 359 1219 384 in
1234 359 1331 386 nobis?
1345 359 1414 391 Quid
1430 367 1494 394 ergo
1520 363 1609 394 potest
1619 367 1696 386 crea-

907 404 987 431 tura?
1010 405 1147 438 quomodo
1175 405 1240 432 duos
1269 403 1353 430 facit?
1381 405 1519 438 quomodo
1541 404 1695 431 cmundal?

905 450 1041 482 quomodo
1054 450 1230 477 sanctiﬁcat?
1253 450 1325 483 Quid
1352 450 1489 477 invocatio
1504 450 1598 484 gratiae
1624 449 1695 476 Dei?

905 495 1001 523 Nonne
1016 496 1118 531 aliquid
1134 496 1222 523 valet?
1238 496 1324 530 Igitur
1340 496 1367 523 in
1383 496 1464 523 nobis
1481 503 1536 523 non
1551 500 1592 522 est
1607 495 1694 529 Spiri-

907 546 950 568 tus
967 542 1082 576 gratiee?
1100 542 1169 568 Proh
1184 542 1189 568 ι
1213 541 1351 568 infundant
1379 542 1595 576 blasphemiam!
1615 543 1694 575 longe

906 591 948 614 est
963 594 977 612 a
993 587 1080 620 gratia
1096 586 1142 614 Dei
1162 586 1207 620 qui
1225 586 1270 613 Dei
1294 587 1408 621 gratiam
1438 595 1492 614 non
1525 588 1667 620 proﬁtetur
1684 595 1692 619 ',

906 632 953 659 hic
968 632 1075 660 alienus
1093 637 1135 659 est
1154 639 1168 659 a
1195 631 1299 666 Spiritu
1331 631 1378 658 Dei
1406 633 1548 666 gratiaque
1577 641 1690 666 vacuus,

906 684 994 711 neque
1008 678 1169 704 societatem
1199 678 1280 705 habet
1299 685 1359 703 cum
1390 678 1484 705 divino
1515 679 1630 712 Spiritu.
1650 680 1692 705 vel

906 723 993 763 magis
1007 723 1103 758 plenus
1124 729 1166 750 est
1185 724 1266 751 alieni
1285 723 1414 759 Spiritus,
1447 731 1544 758 nempe
1572 725 1693 760 Spiritus

906 771 1005 805 iniquze
1021 771 1176 805 potestatis,
1194 772 1273 806 cujus
1302 772 1406 799 nefaria
1423 776 1450 798 et
1466 772 1608 799 tenebrosa
1627 779 1692 805 ope-

908 817 1014 845 ratione
1028 817 1172 846 Trinitatis
1189 819 1303 854 gratiam
1334 819 1521 853 nequissimus
1548 819 1695 853 abnegavit

63 862 185 898 Τριάδος
199 862 340 897 ἠρνήσατο
355 862 435 897 χάριν
451 863 464 888 ό
478 862 604 895 δείλαιος,
623 864 659 895 ὡς
678 864 791 899 ἀνόητος
802 864 852 897 ὢν,

910 867 1014 897 utpote,
1033 872 1139 898 amens,
1172 865 1329 892 insensatus
1361 869 1388 892 et
1418 865 1510 892 inania
1537 864 1569 890 de
1596 864 1701 898 divinis

65 907 236 943 μωρανθεὶς,
253 907 302 934 καὶ
316 916 349 933 πε
356 908 382 942 pl
397 908 451 933 τῶν
462 907 543 934 θείων
557 909 624 936 κενὰ
642 910 852 946 μεμελετηκώς.

65 954 122 980 Καὶ
138 954 169 980 τὸ
182 953 240 988 φῶς
254 952 303 979 τοῦ
318 953 387 980 Θεοῦ
403 954 454 980 οὐκ
470 951 552 988 οἵδεν,
568 955 609 981 ὅτι
632 955 712 982 τοῦτο
725 957 853 992 ἠθέτησε.

65 999 122 1026 Καὶ
140 998 180 1034 μὴ
193 999 324 1034 θελήσας,
338 999 388 1026 οὐκ
408 999 613 1034 ὴθελήθη.’ῐ(αὶ
628 1002 676 1028 οὐκ
703 1003 772 1036 ἔγνω
788 1003 855 1038 ψάλ-

65 1046 123 1072 λειν
141 1045 213 1080 μετὰ
227 1045 275 1072 τοῦ
296 1045 392 1078 Δαὸὶδ,
414 1055 422 1071 ι
439 1046 495 1072 Καὶ
513 1047 583 1073 ἔστω
598 1048 614 1082 ὴ
627 1047 788 1085 λαμπρότης
801 1050 856 1076 Κυ-

66 1091 127 1125 ρίου
139 1091 189 1118 τοῦ
204 1091 273 1118 Θεοῦ
286 1091 366 1126 ἡμῶν
381 1091 422 1126 ἐφ’
434 1094 519 1128 ἡμᾶς,
534 1102 543 1118 r
561 1095 619 1126 καὶ,
633 1103 642 1119 ι
656 1095 776 1121 Φώτισον
791 1096 856 1128 τοὺς

66 1135 229 1171 ὀφθαλμούς
249 1144 314 1171 μου,
348 1136 452 1172 μήποτε
479 1138 597 1165 ὑπνώσω
625 1140 665 1171 εις
690 1139 814 1168 θάνατον.
843 1150 853 1167 ι

66 1181 136 1209 Οὐδὲ
150 1182 202 1215 τῆς
217 1182 264 1208 τοῦ
288 1183 357 1209 Θεοῦ
388 1182 525 1216 βασιλείας
547 1183 662 1219 ἠθέλησε
689 1186 856 1221 κληρονόμος

67 1229 243 1263 ἀναφανῆναι
256 1228 318 1255 κατ’
330 1230 464 1261 ἐκείνους,
483 1230 548 1265 περὶ
563 1228 599 1257 ὧν
618 1231 737 1266 εἴρηται,
757 1242 766 1258 ι
782 1233 856 1260 Οἶτι-

67 1283 112 1307 νες
133 1276 164 1301 οὒ
186 1275 225 1310 μὴ
250 1275 405 1309 γεύσωνται
430 1276 558 1310 θανάτου,
586 1277 638 1309 ἕως
656 1278 689 1304 ἂν
707 1279 783 1305 [δωσι
807 1280 856 1314 τὴν

68 1320 212 1355 βασιλείαν
230 1321 278 1347 τοῦ
292 1321 360 1348 Θεοῦ
375 1322 537 1357 ἐληλυθυῖαν
553 1325 581 1350 ὲν
593 1323 718 1359 δυνάμει,
737 1334 747 1350 ›
762 1325 795 1360 ἢν
811 1327 856 1353 καὶ

67 1365 140 1394 εἶδον
157 1369 187 1393 ὲν
207 1367 247 1402 τῷ
260 1367 320 1402 ὄρει
346 1368 408 1395 καθ’
424 1369 487 1396 ὅσον
515 1370 657 1404 ἠδύναντο,
687 1372 717 1398 τὸ
741 1373 798 1406 φῶς
827 1373 857 1400 τὺ

67 1413 233 1447 ἀνέσπερον,
251 1413 285 1440 δι’
299 1414 329 1440 οὗ
347 1415 394 1441 καὶ
412 1415 435 1441 οε
457 1415 557 1442 δίκαιοι
582 1416 642 1443 τότε
670 1418 857 1453 ἐκλάμψουσιν

66 1459 105 1490 ὡς
121 1461 135 1486 ὁ
151 1459 240 1494 ἣλιος,
256 1459 294 1491 ὥς
322 1461 337 1486 ὁ
352 1460 401 1495 τῆς
433 1461 610 1496 δικαιοσύνης
633 1463 752 1496 ἐδίδαξεν
770 1465 856 1500 ἥλιος.

68 1505 137 1539 Περὶ
151 1502 186 1539 ἦς
197 1506 391 1540 λαμπρότητος
409 1507 455 1532 καὶ
466 1507 479 1532 δ
492 1507 522 1533 τὸ
536 1507 593 1541 φῶς
616 1509 704 1539 ἐκεῖνο
724 1510 785 1537 ίδὼν
801 1511 857 1543 υίὸς

66 1550 118 1584 τῆς
135 1551 253 1585 βροντῆς
280 1552 394 1586 γράφει,
422 1560 430 1576 ι
451 1552 509 1578 Νῦν
539 1554 589 1580 οὐκ
614 1555 728 1590 οἴδαμεν
745 1557 772 1582 τί
795 1558 858 1584 ἐσό-

69 1596 150 1630 μεθα.
173 1597 292 1630 Οἴδαμεν
308 1597 337 1623 δὲ
361 1598 401 1623 ὅτι
415 1598 480 1624 ὅταν
501 1599 656 1635 φανερωθῇ,
674 1601 762 1635 ὅμοιοι
785 1602 859 1637 αὑτῷ

69 1643 202 1676 ἐσόμεθα.
225 1652 234 1668 ι
253 1643 307 1669 Καὶ
325 1645 338 1670 ὁ
351 1643 469 1676 Παῦλος,
489 1644 527 1676 ὡς
542 1645 579 1680 μὴ
595 1646 729 1681 πρότερον
744 1647 794 1682 μὲν
813 1657 860 1675 κα-

69 1690 153 1724 θαρὸς
168 1690 218 1722 ὣν,
235 1689 297 1716 ἰδὼν
311 1691 401 1717 ἐκεῖνο
415 1692 445 1730 τὸ
462 1691 529 1726 φῶς,
561 1693 608 1719 καὶ
636 1692 738 1726 πεσὼν,
757 1694 860 1730 καθαρ-

70 1734 128 1766 θεὶς
141 1735 254 1770 ἀνέστη,
270 1736 302 1762 ὲκ
315 1737 412 1762 τούτου
432 1737 541 1769 δεικνὺς
559 1739 609 1773 τὴν
623 1739 655 1765 ὲκ
664 1739 715 1774 τῆς
729 1740 860 1772 πτώσεως

70 1780 154 1806 αὑτοῦ
170 1780 293 1816 ἔγερσιν,
313 1782 360 1808 καὶ
374 1782 421 1809 τὸν
444 1783 477 1810 ἐκ
492 1783 539 1810 τοῦ
567 1784 680 1817 σκότους
706 1788 860 1821 φωτισμὸν,

70 1826 118 1852 καὶ
131 1827 220 1853 ἔτιδι⁹
235 1827 318 1853 αὐτοῦ
335 1827 380 1854 τὸν
406 1828 456 1863 τῆς
477 1829 651 1864 οἰκουμένης.
667 1831 804 1866 Ὕστερον
832 1833 860 1860 δὲ

72 1873 210 1906 ἁρπαγεὶς
239 1873 280 1904 εἰς
306 1873 353 1900 τὸν
374 1873 488 1908 οὐρανὸν
503 1874 540 1906 ὡς
569 1875 773 1912 κεκαθαρμένος
790 1878 860 1912 ὅλος,

71 1918 150 1945 τοῦτο
168 1918 361 1954 λαμπρότερον
379 1917 443 1947 εἶδε.
457 1920 512 1947 Καὶ
541 1920 611 1955 βοῶν
625 1921 729 1956 ἔλεγεν,
751 1933 759 1949 ι
781 1925 861 1951 Ἐπε-

74 1965 145 1999 φάνη
163 1965 180 1999 ἡ
209 1965 291 2000 χάρις
320 1965 368 1991 τοῦ
385 1965 454 1992 Θεοῦ
469 1966 485 2000 ὴ
501 1967 636 2002 σωτήριος
652 1969 736 1996 πᾶσιν
756 1969 862 2006 ἀνθρώ-

71 2019 145 2042 ποις.
163 2019 173 2036 )
193 2011 259 2043 Καὶ,
281 2019 290 2036 ι
309 2010 367 2037 Νῦν
384 2011 557 2047 γινώσκομεν
571 2014 599 2039 ἐν
614 2014 740 2049 ἐσόπτρῳ
765 2016 811 2043 καὶ
833 2017 861 2042 ὲν

71 2056 230 2091 αἰνίγματι,
247 2057 310 2083 τότε
330 2057 358 2083 δὲ
375 2058 521 2092 πρόσωπον
538 2059 606 2093 πρὸς
624 2060 784 2095 πρόσωπον.
799 2071 809 2088 ι
824 2059 861 2090 Οὗ

71 2103 119 2130 καὶ
133 2102 201 2134 τοὺς
218 2102 383 2137 ἀρραϐῶνας
410 2104 473 2138 ἔσχε
496 2105 616 2140 Μωῦσῆς
630 2107 659 2132 ιν
674 2106 713 2142 τῷ
728 2107 796 2142 δρει.
815 2109 862 2135 Διὸ

73 2149 119 2175 καὶ
138 2149 191 2176 οὐκ
211 2149 344 2184 ἠδύναντο
369 2149 480 2185 θεωρεῖν
512 2151 595 2178 αὐτοῦ
619 2153 648 2178 τὺ
675 2153 821 2188 πρόσωπον
836 2155 860 2181 oi

70 2196 125 2222 υἱοὶ
148 2195 197 2221 τοῦ
221 2196 342 2231 Ἰσραήλ.
368 2197 423 2223 Kal
447 2197 582 2231 Στέφανος
609 2198 637 2224 δὲ
668 2198 858 2235 λαμπρότερον
877 2208 900 2236 ο

72 2240 152 2267 τοῦτο
169 2240 200 2266 τὸ
217 2241 275 2274 φιῖνς
299 2239 362 2268 εἶδε.
378 2241 433 2267 Καὶ
446 2243 657 2276 καταυγασθεὶς,
668 2243 698 2269 τὸ
713 2244 861 2279 πρόσωπον

75 2285 158 2312 αὑτοῦ
182 2283 220 2320 ἦν
243 2286 310 2312 ὡσεὶ
324 2287 470 2321 πρόσωπον
487 2288 616 2322 ἀγγέλου,
641 2289 678 2319 ὡς
692 2291 861 2324 γέγραπται.

76 2331 145 2365 Πρὸς
161 2331 220 2365 γὰρ
236 2331 267 2357 τὸ
289 2331 386 2362 κάλλος
414 2333 502 2358 ἐκεῖνο
526 2331 560 2368 ἦν
590 2335 668 2369 καὶὴ
698 2335 862 2371 ἐξαλλομένη

73 2376 243 2411 λαμπρότης
264 2376 302 2411 τῷ
321 2377 439 2412 σώματι.
463 2379 496 2404 'H
518 2379 547 2405 ὲν
563 2380 596 2414 τῇ
621 2380 693 2415 ψυχῇ
710 2382 765 2416 γὰρ
781 2382 864 2416 ἐκχυ-

76 2422 153 2449 Θεῑσα
171 2422 235 2449 θεία
253 2423 301 2448 καὶ
323 2423 412 2459 ,ἆῦλος
440 2424 487 2450 τοῦ
504 2424 663 2459 Πνεύματος
676 2427 804 2461 ἀστραπή
833 2435 863 2453 τε

77 2469 124 2496 καὶ
139 2469 234 2503 χάριλ,
251 2468 340 2494 καὶτὸ
356 2469 436 2503 σῶμα
450 2469 647 2504 περιηύγαζεν,
667 2471 704 2502 ὡς
720 2472 806 2498 καὶτὸ
815 2471 863 2498 τοῦ

77 2516 230 2546 Μωῦσὲως.
243 2514 330 2541 Τοῦτο
357 2515 384 2540 δὲ
402 2514 433 2540 τὸ
458 2515 526 2548 φῶς,
540 2515 571 2541 οὑ
590 2515 680 2546 καθὼς
703 2515 788 2548 ἔστιν,
806 2516 864 2543 ἀλλ’

76 2561 111 2592 ὡς
129 2561 245 2587 δυνατὸν
257 2558 304 2595 ἦν,
327 2560 432 2594 ἑωρᾶτο
461 2562 517 2592 τοῖς
535 2562 692 2595 θεωμένοις,
709 2561 746 2593 ὡς
769 2562 816 2588 καὶ
837 2562 864 2589 ἐν

75 2609 131 2639 τοῖς
149 2608 323 2642 προφήταις,
340 2607 371 2633 οὑ
389 2605 481 2638 καθὼς
501 2605 547 2642 ἦν,
566 2607 634 2634 ἀλλὰ
660 2608 731 2633 κατὰ
747 2608 864 2642 δύναμιν

76 2654 183 2688 ἑωρᾶτο
208 2652 264 2678 τῶν
279 2653 417 2686 ὁρώντων,
445 2652 493 2678 καὶ
519 2651 618 2682 αὐτοὺς
645 2653 862 2687 περιήστραπτε.

76 2699 130 2726 Καὶ
143 2699 170 2725 τί
187 2698 229 2725 δεῖ
254 2697 340 2724 πολλὰ
367 2697 457 2731 λέγειν
473 2697 537 2731 περὶ
562 2698 612 2732 τῆς
639 2697 715 2729 θείας
743 2699 854 2734 ἐκείνης

76 2744 283 2780 λαμπρότητος,
296 2743 332 2769 δι’
347 2741 381 2779 ἦς
405 2744 430 2769 οἱ
456 2743 554 2769 δίκαιοι
577 2743 763 2777 ἐκλάμψουσιν
787 2745 824 2775 ὡς
850 2745 865 2770 ὁ

75 2791 148 2825 ἦλιος
166 2792 195 2816 tv
213 2791 246 2825 τῇ
263 2790 400 2825 παρουσίᾳ
414 2789 462 2816 τοῦ
488 2790 593 2824 Πατρδς
621 2789 711 2816 αὐτῶν
739 2790 786 2825 (ρς
809 2791 863 2826 ἔφη

76 2838 208 2873 Χριστὸς)
229 2837 286 2863 τῶν
301 2837 420 2864 ἀκτίνων
449 2835 496 2863 τοῦ
516 2836 613 2863 ἀδύτου
629 2836 706 2879 ww
733 2837 862 2872 μετέχον-

905 910 988 936 rebus
1004 910 1159 943 meditatus,
1177 915 1202 937 et
1220 911 1310 937 lumen
1328 910 1374 937 Dei
1388 918 1443 937 non
1462 910 1547 942 novit,
1565 910 1693 944 quoniam

904 954 972 982 illud
990 955 1086 990 rejecit
1100 955 1214 990 ipseque
1246 961 1410 989 aspernatus
1434 956 1555 990 abiectus
1569 959 1621 983 est.
1638 955 1693 983 Ne-

906 1001 987 1028 scivit
1001 1009 1063 1028 cum
1086 1001 1172 1028 David
1193 1002 1331 1035 psallere:
1350 1012 1358 1028 ι
1379 1002 1411 1029 Et
1430 1004 1465 1030 sit
1492 1003 1619 1036 splendor
1643 1001 1695 1029 Do-

905 1046 971 1074 mini
987 1047 1034 1073 Dei
1055 1049 1141 1074 nostri
1157 1055 1238 1082 super
1256 1055 1328 1080 nos;
1349 1057 1358 1073 ι
1378 1052 1424 1075 et:
1443 1057 1451 1074 ι
1474 1048 1598 1074 lllumiua
1627 1055 1694 1074 ocu-

905 1092 947 1120 los
961 1100 1044 1126 meos,
1064 1101 1097 1120 ne
1111 1101 1230 1127 unquam
1248 1093 1411 1121 obdorniam
1430 1094 1457 1120 in
1477 1098 1585 1126 morte;
1606 1102 1616 1119 ›
1647 1101 1694 1121 ne-

906 1145 959 1172 que
975 1138 1061 1166 voluit
1079 1139 1153 1173 regni
1167 1138 1214 1165 Dei
1232 1139 1319 1166 haeres
1332 1139 1390 1167 fieri
1417 1139 1568 1166 secundum
1584 1146 1631 1167 eos
1660 1141 1694 1168 de
1736 1141 1743 1148 '

907 1183 1007 1216 quibus
1023 1183 1126 1210 dictum
1139 1188 1182 1211 est
1199 1192 1205 1210 :
1228 1193 1236 1209 ι
1255 1184 1324 1211 Sunt
1338 1185 1383 1219 qui
1399 1193 1452 1212 non
1466 1185 1613 1219 gustabunt
1622 1192 1694 1211 more

908 1231 960 1254 tem
978 1230 1064 1255 donec
1077 1228 1188 1255 videant
1205 1236 1319 1264 regnum
1352 1229 1399 1256 Dei
1422 1230 1532 1257 veniens
1549 1229 1577 1256 in
1604 1230 1693 1256 virtu-

908 1277 945 1300 te.
966 1283 975 1299 ι
991 1273 1067 1306 Quod
1080 1275 1244 1302 videruntiu
1262 1281 1362 1309 monte,
1393 1281 1526 1310 quantum
1558 1281 1694 1310 poterant,

907 1319 1013 1346 scilicet
1029 1320 1117 1347 lucem
1138 1321 1198 1348 sine
1226 1329 1336 1355 vespere
1354 1330 1406 1357 qua
1422 1322 1490 1355 justi
1521 1327 1586 1349 tunc
1612 1322 1696 1356 fulge-

909 1365 976 1392 bunt
993 1367 1063 1393 sicut
1085 1368 1135 1399 sol,
1155 1371 1236 1400 prout
1251 1368 1342 1395 docuit
1368 1370 1407 1395 sui
1436 1369 1560 1402 justitize.
1588 1368 1626 1396 De
1640 1376 1696 1403 quo

908 1412 1053 1447 splendore
1068 1412 1155 1440 lucem
1172 1413 1245 1440 illam
1264 1413 1379 1440 intuitus
1394 1414 1507 1440 tonitrui
1532 1413 1604 1441 filius
1627 1415 1697 1441 scri-

908 1459 966 1487 bit:
985 1469 994 1485 ι
1008 1458 1086 1486 Nunc
1103 1460 1240 1487 nescimus
1255 1460 1321 1494 quid
1349 1459 1463 1493 erimus,
1480 1460 1583 1487 scimus
1607 1466 1695 1486 autem

909 1506 1048 1540 quoniam,
1077 1514 1139 1533 cum
1167 1507 1336 1540 apparuerit,
1365 1506 1470 1534 similes
1501 1507 1524 1533 ei
1545 1507 1660 1534 erimus.
1682 1517 1692 1532 ι

909 1551 1009 1579 Paulus
1027 1559 1102 1583 vero.
1122 1552 1199 1587 prius
1226 1552 1335 1586 quidem
1363 1559 1533 1586 nequaquam
1564 1555 1693 1586 mundus,

909 1595 1005 1623 videns
1019 1596 1086 1623 illud
1100 1597 1191 1624 iumen
1217 1601 1243 1624 et
1261 1597 1361 1624 cadens
1378 1598 1498 1624 surrexit
1524 1598 1696 1632 purificatus,

910 1640 973 1668 inde
986 1642 1164 1669 manifestans
1178 1650 1254 1669 suam
1268 1649 1284 1669 e
1303 1650 1369 1669 casu
1382 1644 1592 1676 surrectionem,
1618 1651 1695 1670 suam

911 1694 927 1713 e
943 1687 1064 1722 tenebris
1092 1687 1315 1719 illustrationem,
1332 1687 1524 1721 universasque
1547 1693 1625 1715 terra:
1651 1697 1699 1722 per

911 1740 974 1760 eum
996 1733 1241 1766 illutninalionem;
1261 1733 1398 1767 posterius
1430 1737 1521 1760 autem
1546 1733 1573 1760 in
1599 1734 1699 1761 coelqu

911 1783 1019 1814 raptus.
1037 1783 1132 1813 utpote
1154 1783 1227 1806 totus
1242 1779 1419 1811 cmundatus,
1445 1779 1512 1806 illud
1530 1779 1700 1813 splendidius

911 1825 991 1857 vidit,
1002 1831 1029 1852 et
1044 1825 1181 1852 clamabat
1199 1825 1293 1852 dicens
1309 1833 1318 1852 :
1336 1834 1345 1850 ι
1359 1825 1493 1859 Apparuit
1520 1825 1610 1859 gratia
1637 1825 1699 1852 Sal-

912 1872 1015 1898 vatoris
1052 1871 1140 1899 nostri
1175 1871 1304 1898 omnibus
1333 1871 1509 1903 hominibus;
1534 1875 1584 1897 ct:
1620 1870 1698 1898 Nunc

912 1917 1107 1951 cognoscimus
1135 1916 1161 1943 in
1194 1916 1307 1950 speequ
1338 1919 1366 1942 et
1390 1915 1417 1942 in
1448 1915 1601 1950 aenigmate,
1632 1921 1699 1944 tunc

912 1967 1005 1990 autem
1018 1964 1088 1990 facie
1108 1962 1142 1990 ad
1171 1962 1287 1995 faciem;
1305 1971 1314 1988 ι
1334 1963 1413 1997 cujus
1441 1962 1554 1989 luminis
1584 1963 1697 2000 pignora

914 2009 1010 2035 habuit
1028 2008 1136 2043 Moyses
1169 2009 1196 2036 in
1227 2013 1330 2040 monte,
1356 2009 1415 2036 ideo
1431 2017 1485 2036 non
1503 2015 1630 2045 poterant
1650 2011 1699 2038 filii

913 2054 995 2081 lsrael
1013 2055 1038 2081 in
1053 2054 1148 2081 faciem
1177 2054 1236 2089 ejus
1267 2055 1420 2083 intendere.
1448 2055 1603 2091 Stephanus
1636 2065 1700 2086 vero

913 2100 1014 2127 clarius
1031 2100 1102 2127 hanc
1115 2100 1202 2126 lucem
1225 2102 1350 2134 aspexit:
1368 2102 1537 2136 resplenduit
1545 2103 1618 2129 enim
1638 2105 1700 2131 vul-

914 2153 959 2176 tus
974 2148 1042 2183 ejus,
1061 2152 1140 2182 prout
1155 2148 1287 2182 scriptum
1303 2152 1356 2181 est,
1385 2150 1456 2176 sicut
1479 2150 1569 2178 vultus
1591 2151 1699 2185 angeli;

914 2202 977 2222 nam
994 2195 1028 2222 ad
1054 2196 1129 2222 illum
1143 2195 1269 2222 decorem
1286 2195 1427 2230 spectabat
1455 2197 1583 2231 splendor
1599 2205 1700 2232 corpus

914 2241 1065 2274 adornatis,
1083 2245 1110 2268 et
1130 2241 1156 2268 in
1172 2242 1263 2268 anima
1280 2245 1338 2268 erat
1355 2242 1453 2269 diffusa
1469 2242 1559 2269 divina
1572 2248 1598 2270 et
1611 2244 1701 2270 incor-

914 2294 998 2322 porea
1016 2287 1101 2314 divini
1116 2287 1237 2322 Spiritus
1251 2288 1340 2322 gratia
1352 2293 1379 2314 et
1398 2289 1566 2320 coruscatio,
1584 2288 1699 2323 ejusque

914 2332 1049 2361 emicabat
1074 2340 1173 2367 corpus
1204 2334 1434 2368 quemadmodum
1473 2333 1573 2368 Moysis
1606 2336 1700 2361 facies.

914 2379 983 2406 lllud
1017 2383 1107 2407 autem
1126 2380 1217 2407 lumen
1233 2387 1288 2406 non
1315 2380 1396 2407 sicuti
1409 2385 1462 2411 est,
1481 2380 1527 2406 sed
1547 2380 1619 2406 sicut
1642 2384 1702 2407 erat

915 2424 1058 2460 possibile,
1073 2425 1107 2451 ab
1121 2425 1292 2452 intuentibus
1308 2430 1484 2459 conspectuin
1499 2429 1551 2458 est,
1568 2426 1702 2459 quemad-

916 2469 1026 2496 modum
1043 2469 1069 2496 in
1085 2469 1226 2504 prophetis
1243 2477 1296 2497 non
1313 2471 1393 2496 sicuti
1406 2475 1466 2496 erat
1481 2470 1637 2505 videbatur,
1654 2471 1701 2498 scd

917 2515 1067 2542 secundum
1097 2516 1224 2543 virtutem
1244 2516 1407 2548 videntium,
1428 2520 1455 2543 et
1485 2509 1581 2544 oculos
1606 2525 1701 2544 eorum

916 2561 1128 2595 perstringebat.
1146 2561 1177 2587 Et
1192 2561 1256 2595 quid
1273 2565 1383 2595 oportet
1397 2562 1475 2596 plura
1503 2561 1596 2590 dicere
1610 2562 1644 2589 de
1661 2562 1703 2588 di-

917 2607 980 2633 vino
996 2606 1041 2633 illo
1059 2607 1215 2640 splendore,
1239 2614 1293 2640 qun
1309 2606 1379 2641 justi
1405 2607 1546 2643 fulgebunt
1572 2608 1641 2634 sicut
1660 2608 1702 2634 sol

917 2652 945 2679 in
962 2659 1111 2686 conspectu
1121 2652 1210 2679 Patris
1221 2660 1327 2685 eorum,
1339 2658 1367 2679 ut
1379 2653 1447 2680 dixit
1460 2653 1596 2684 Christus,
1612 2654 1702 2680 radios

917 2699 984 2726 solis
998 2698 1133 2724 inaecessi
1154 2698 1368 2733 parlicipantus?
1381 2699 1433 2726 Iste
1445 2704 1487 2725 est
1503 2699 1548 2725 lux
1563 2707 1623 2725 vera
1637 2708 1700 2734 quae

917 2745 1053 2772 illuminat
1080 2751 1190 2771 onmem
1221 2745 1358 2772 hominem
1386 2746 1536 2772 venientem
1565 2745 1592 2772 in
1628 2747 1702 2774 hunc

918 2791 1063 2823 mundum,
1081 2791 1173 2825 inquit
1189 2790 1310 2818 Joannes
1335 2792 1360 2817 in
1383 2789 1538 2826 Evangelio.
1554 2793 1582 2820 In
1598 2794 1704 2827 Apoca-

918 2836 986 2872 lypsi
1007 2844 1069 2864 vero
1084 2837 1216 2871 scriptum
1227 2842 1267 2865 cst
1281 2845 1289 2865 :
1309 2846 1318 2862 ι
1333 2836 1418 2865 Justis
1438 2845 1492 2864 nou
1505 2838 1558 2865 erit
1575 2839 1704 2873 splendor
