1908 3041
217 121 267 153 16⁵1

646 123 841 154 SYMEONIS
859 125 1006 155 THESSA
1012 124 1238 155 LONXCENSIS
1258 122 1437 153 ARCHIEP.

1800 121 1848 151 1C8

216 189 225 205 ι
245 179 338 207 Gratia
368 179 477 207 Domini
493 180 579 208 nostri
595 179 660 208 Jcsu
690 182 806 215 Christi,
824 187 851 209 et
885 183 1004 211 Charitas

1058 182 1227 218 κλειομένων
1250 181 1336 215 ἁγίων
1364 181 1393 207 ὲν
1419 179 1511 206 σκότει
1533 179 1582 213 τῆς
1611 178 1743 212 τοιαύτης
1761 177 1845 213 ἠξιώ-

216 226 260 253 Dei
272 226 371 260 Patris,
390 231 413 253 el
430 228 645 254 communicatio
663 227 782 262 Spiritus
798 233 886 256 sancti
903 250 910 262 ,
930 239 938 255 ι
963 234 1000 262 et,

216 283 225 298 ι
244 273 336 300 Gratia
361 273 436 301 vobis
455 277 480 299 et
497 281 547 307 pax
563 280 577 300 a
597 273 651 300 Deo
668 273 747 300 Patro
763 279 789 300 et
807 274 922 303 Domino
937 275 1001 303 Jcsu

213 319 339 352 Christo;
356 328 364 344 ι
393 319 465 354 quod
493 318 549 346 fere
572 319 599 346 in
620 320 748 346 omnibus
773 320 897 354 epistolis
923 322 1000 349 dixit.

212 366 242 392 In
259 366 372 393 Actibus
397 371 507 393 autem:
533 375 541 391 ι
560 365 653 393 Gratia
689 366 797 393 Domini
824 368 911 394 nostri
936 367 999 395 Jesu

211 411 315 438 Christi
341 412 494 443 vobiscum,
511 417 537 439 et
562 412 734 446 accipiebant
759 412 861 440 donum
881 412 1000 448 Spiritus

211 458 309 484 sancti.
330 467 338 483 ι
357 457 443 492 lgitur
456 458 556 484 donum
572 461 598 484 et
615 458 729 491 gratiam
741 462 842 485 sanctae
856 458 1000 486 Trinitatis

212 503 373 536 accipimus,
384 503 497 530 minime
510 511 574 530 vero
585 508 722 535 naturam,
737 511 825 538 neque
841 512 999 538 personam,

212 558 262 577 nec
276 558 357 576 unam
376 559 390 577 ο
417 550 560 584 personis;
577 550 624 588 sed
649 550 771 577 divinum
803 551 869 578 illud
893 556 998 578 tantum

209 596 284 630 quod
300 596 451 629 assumpsit
470 595 586 622 Verbum
605 596 687 630 hujus
705 604 842 631 persome,
874 602 903 624 ut
927 597 1000 625 dixi-

210 648 282 671 mus.
303 640 355 667 fuit
373 641 521 668 adunatom
540 641 744 669 indivisibililer
759 647 786 669 ct
818 642 999 670 ineoufusibi-

211 686 282 718 liter,
300 686 327 713 in
341 693 395 721 quo
409 686 592 721 corporaliter
613 685 719 715 habitat
738 689 828 715 omnis
856 689 999 723 plenitudo

210 731 378 763 Divinitatis.
406 740 455 759 nos
471 740 536 760 vero
560 740 657 760 omnes
674 741 802 761 mensura
820 738 925 762 natura:
954 742 1000 762 no-

209 783 272 805 sine
287 779 494 806 accommodata
518 779 552 806 de
588 780 759 814 plenitudine
785 781 846 816 ejus
880 782 997 816 gratiam

210 825 378 859 accepimus.
403 825 444 851 Ex
473 826 524 852 ista
551 825 722 860 plenitudine
748 826 841 854 divina
864 828 937 855 velut
964 836 996 855 ex

209 870 293 901 ferite,
310 878 406 898 omnes
424 871 471 906 qui
496 877 559 898 sunt
577 871 680 899 Chrisd
709 874 852 905 hauriunt,
878 878 905 900 et
930 882 997 910 pra»
1015 869 1033 896 Β

210 917 303 943 scrtim
316 917 362 952 qui
375 923 487 953 propter
500 927 561 946 eum
582 925 704 955 pugnant
716 925 742 948 et
757 922 910 956 patiuntur,
934 930 996 949 cum

209 963 265 989 sint
278 963 304 990 in
323 964 446 992 tenebris
461 969 487 992 et
502 973 625 998 carcere,
641 974 673 993 ex
703 967 749 994 illa
767 967 891 995 claritate
907 968 997 995 suble-

209 1013 318 1036 vantur.
341 1009 403 1037 ideo
421 1009 491 1038 dixit
507 1010 591 1038 David
607 1020 613 1038 :
631 1020 641 1037 ι
657 1012 817 1041 Secundum
842 1014 997 1042 multitudi-

209 1061 270 1081 nein
287 1054 413 1082 dolorum
431 1064 555 1084 meorum
574 1057 601 1084 in
634 1059 718 1086 corde
733 1067 804 1092 meo,
830 1061 991 1088 consolatio-

209 1107 257 1127 nes
273 1101 672 1131 tutelaetilicaveruntanimam
691 1113 798 1139 meam;
815 1115 823 1131 ι
842 1106 904 1133 ideo
913 1106 996 1134 etiam

208 1145 255 1180 qui
276 1147 370 1174 vivunt
386 1147 411 1174 in
427 1148 530 1176 Christi
559 1154 654 1184 utpote
681 1151 783 1178 mundo
801 1151 897 1184 corde,
911 1151 996 1179 Deum

209 1192 350 1226 videbunt,
383 1202 438 1221 non
467 1195 578 1228 quidem
617 1196 768 1223 secundum
800 1205 880 1232 quam
917 1198 999 1225 habet

209 1245 347 1272 naturam,
357 1241 404 1268 sed
420 1241 571 1268 secundum
585 1244 711 1276 gratiam.
724 1241 858 1271 Vidistine
873 1251 998 1271 commu-

209 1293 270 1312 nem
286 1285 429 1313 Trinitatis
445 1287 580 1321 gratiam?
604 1287 678 1314 Misit
695 1288 766 1316 lJens
781 1289 911 1324 Spiritum
937 1291 998 1319 Filii

208 1331 250 1358 sui
264 1338 273 1364 ;
290 1338 321 1358 ex
340 1331 511 1366 plenitudine
527 1332 586 1367 ejus
604 1340 700 1361 onmes
714 1343 762 1361 nos
776 1336 943 1371 accepimus,
972 1341 999 1365 et

207 1376 273 1411 quid
287 1377 466 1411 accepimus?
484 1377 614 1406 Videlicet
633 1379 752 1414 Spiritus
773 1382 900 1416 gratiam,
916 1388 999 1418 atquc

207 1430 257 1458 pro
268 1424 354 1458 gratia
368 1425 497 1458 gratiam.
514 1425 649 1452 Etellitdit
664 1427 689 1452 in
706 1435 767 1460 nos,
781 1427 879 1462 inquit,
895 1429 996 1456 donum

207 1469 325 1504 Spiritus
341 1471 440 1503 sancti,
471 1471 497 1497 in
515 1479 569 1506 quo
598 1472 769 1500 clamamus:
793 1474 879 1507 Abba,
905 1475 996 1504 Pater.

207 1516 274 1549 Quae
285 1524 348 1549 vox,
364 1517 445 1550 abba,
461 1517 532 1543 idem
550 1525 581 1544 ac
599 1517 679 1545 Pater
691 1524 781 1553 Sonat,
796 1522 927 1555 quoniam
947 1523 994 1549 lllll
1010 1537 1031 1565 ο

207 1569 256 1597 per
271 1562 387 1596 gratiam
406 1562 472 1589 l'acti
500 1570 618 1597 sumus;
642 1563 712 1592 ﬁlios
726 1565 800 1591 enirn
834 1574 885 1594 nos
914 1567 996 1596 Pater

206 1608 311 1642 accepit
322 1616 370 1642 per
385 1607 560 1642 Uuigenilum
577 1617 658 1637 suum
676 1610 702 1637 in
720 1617 817 1638 sancto
831 1613 934 1647 Spiritu
952 1615 995 1641 in-

206 1659 359 1681 carnatum.
393 1655 486 1689 Itaque
518 1656 611 1682 omnia
644 1655 742 1688 divini.
772 1654 904 1693 inquam,
938 1660 997 1689 sive

210 1700 315 1728 Veteris
329 1701 389 1729 sive
413 1701 483 1728 Novi
509 1704 604 1737 gratia:
621 1703 788 1732 Testamenti
805 1707 921 1740 gratiam
949 1707 996 1735 Dei

208 1751 362 1780 testantur;
384 1755 432 1774 seu
452 1750 543 1782 potius
577 1748 635 1782 ipsa
653 1750 740 1784 gratia
769 1752 850 1778 nobis
866 1760 914 1786 per
939 1753 997 1780 dis-

209 1794 397 1829 pensationem
431 1791 509 1820 Verbi
547 1794 720 1822 abundanter
745 1796 829 1823 eil‘usa
863 1798 996 1826 mundum

208 1839 323 1874 replevit
337 1839 506 1866 universum.
522 1838 705 1872 Quamobrem
722 1842 780 1876 ipsa
794 1841 875 1870 Verbi
887 1843 998 1879 dispen-

208 1886 279 1913 satio
289 1887 376 1921 gratia
394 1885 612 1920 cognominatur.
630 1885 731 1913 Verum
745 1888 790 1922 qui
803 1894 897 1916 carent
909 1889 996 1925 gratia

208 1936 303 1966 utpote
318 1931 421 1965 indigni
437 1931 483 1966 qui
500 1932 615 1967 gratiam
633 1933 781 1968 accipiant,
802 1935 918 1969 donum,
931 1945 995 1972 ope-

207 1979 340 2005 rationem
357 1982 384 2004 ct
403 1978 518 2012 gratiam
548 1976 670 2013 Spiritus
696 1979 834 2014 rcjiciunt,
851 1982 898 2017 qui
922 1983 994 2010 circa

207 2023 295 2050 lucem
311 2023 432 2050 tenebris
457 2023 652 2058 obvolvuntur,
671 2023 787 2060 Iuceque
821 2034 995 2063 nequaquam

205 2074 330 2104 accepta,
360 2069 458 2096 divina:
489 2069 700 2098 illuminationis
736 2071 901 2100 suavitatem
940 2082 994 2101 non

204 2121 396 2152 gustaverunt.
429 2114 507 2142 Unde
534 2116 621 2150 ignari
647 2124 831 2151 aspernantur
863 2125 890 2146 et
917 2120 995 2155 impii

206 2163 406 2196 blasphemant.
425 2160 492 2194 Quis
509 2162 548 2188 eis
573 2162 706 2189 rerelabit
721 2163 821 2191 divinae
837 2164 906 2192 lucis
929 2173 995 2193 sua-

1055 228 1140 264 θησαν
1154 228 1277 263 χάριτος,
1290 227 1328 258 ὼς
1347 226 1435 260 φωτὸς
1460 226 1537 256 ὄντες
1554 225 1619 257 υἱοὶ,
1637 225 1684 251 καὶ
1698 224 1843 258 Θεούμενοι

1052 275 1085 301 ὲκ
1111 273 1190 307 Θεοῦ,
1209 273 1275 300 Θεὸν
1301 273 1421 307 ὁρῶντες
1446 273 1508 303 ταῖς
1533 272 1700 306 προσευχαῖς
1725 271 1783 302 ἀεὶ,
1799 272 1845 298 καὶ.

1053 320 1110 346 θεοὶ
1125 321 1264 354 γινόμενοι
1289 319 1361 345 κατὰ
1376 318 1467 353 χάριν,
1486 317 1548 343 ἐπεὶ
1563 318 1610 343 καὶ
1630 318 1747 351 χάριτος
1767 318 1845 351 μετέι

1052 374 1130 400 χουσι
1157 366 1268 396 πάντες.
1286 365 1347 392 Ὀτι
1373 365 1420 391 καὶ
1445 365 1562 390 ἐνοικεῖν
1588 363 1707 397 Χριστὸς
1734 364 1764 389 ὲν
1791 365 1846 394 τοῖς

1052 411 1134 439 αὑτοῦ
1158 412 1353 446 ἐπηγγείλατο,
1372 411 1419 437 καὶ
1441 411 1471 437 τὸ
1489 409 1600 444 Πνεῦμα
1618 410 1704 437 αὐτοῦ
1728 410 1801 436 obvii
1817 411 1844 435 ὲν

1051 458 1127 493 ἡμῖν.
1147 458 1201 483 Kal.
1216 457 1320 488 Παῦλός
1340 464 1434 491 φησιν,
1455 465 1464 482 ‹
1488 457 1544 482 Οὐκ
1561 456 1651 482 οῐδατε
1667 456 1710 481 ὅτι
1727 456 1846 490 Χριστὸς

1051 505 1120 530 οἰκεῖ
1145 503 1174 530 ἐν
1200 504 1286 537 ἡμῖν;
1305 503 1329 528 εἰ
1354 502 1391 537 μὴ
1416 502 1457 528 ὅτι
1482 501 1536 535 ἄρα
1556 502 1682 535 ἀδόκιμοί
1699 502 1773 527 ὲστε.
1794 501 1847 527 Καὶ

1051 548 1243 582 ἐξαπέστειλεν
1271 549 1285 575 ὸ
1309 549 1376 580 Θεὸς
1399 549 1429 574 τὺ
1455 548 1568 583 Πνεῦμα
1603 548 1652 574 τοῦ
1671 547 1739 573 Υἱοῦ
1764 548 1847 573 αὑτοῦ

1051 596 1092 626 εἰς
1108 595 1158 626 τὰς
1175 594 1290 629 καρδίας
1304 593 1394 628 ἡμῶν,
1410 593 1521 628 κράζον·
1533 592 1621 619 Ἀσὸᾶ
1634 593 1648 618 ὸ
1662 593 1788 627 Πατήρ.»
1801 593 1846 619 Οἱ-

1050 642 1093 667 κεῖ
1105 641 1135 666 δὲ
1149 641 1268 675 Χριστὸς
1283 640 1331 667 σὺν
1344 639 1383 675 τῷ
1399 640 1487 674 Πατρὶ
1503 640 1550 667 καὶ
1566 639 1606 674 τῷ
1628 638 1787 674 lli/stipam,
1801 639 1846 664 καὶ

1051 688 1136 722 μονὴν
1163 689 1281 714 ποιεῖται
1309 688 1337 713 ὲν
1370 687 1449 721 ἡμῖν,
1474 687 1524 721 οὺχ
1550 686 1757 718 ὑποστατικῖυς,
1782 685 1848 711 ἀλλὰ

1049 733 1119 759 κατὰ
1135 734 1227 767 χάριν.
1245 733 1300 759 Kal.
1316 732 1420 764 Παῦλος
1436 732 1496 768 βοᾷ,
1508 742 1517 758 ‹
1530 732 1562 758 'H
1582 733 1664 767 χάρις
1679 732 1728 758 τοῦ
1743 732 1846 766 Κυρίου

1049 779 1129 814 ἡμῶν
1145 779 1232 814 ’1ησοῦ
1253 778 1384 814 Χριστοῦ,
1402 779 1450 806 καὶ
1475 780 1491 814 ἡ
1516 780 1612 814 ἀγάπη
1638 779 1686 805 τοῦ
1709 779 1781 805 Θεοί)
1803 779 1848 805 καὶ

1050 825 1227 859 Πλτρὸς,καὶ
1257 825 1272 860 ἡ
1293 825 1421 851 κοινωνία
1446 825 1494 851 τοῦ
1523 826 1602 859 ἁγίου
1636 825 1814 860 Πνεύματος,
1837 834 1845 850 ι

1050 870 1114 902 Καὶ,
1126 879 1135 895 ι
1153 870 1241 905 Χάρις
1257 870 1321 904 ὑμῖν
1335 870 1379 905 εἴη
1393 873 1440 896 καὶ
1455 870 1551 906 εἰρήνη
1570 871 1624 896 ἀπὸ
1638 870 1708 896 Θεοῦ
1726 870 1848 904 Πατρὸς,

1050 915 1096 943 καὶ
1113 917 1215 951 Κυρίου
1232 916 1322 951 Ἰησοῦ
1343 916 1475 950 Χριστοῦ.
1496 925 1505 942 ι
1530 917 1586 943 Καὶ
1604 916 1700 951 σχεδον
1717 916 1803 942 τοῦτο
1819 918 1848 942 ὲν

1049 962 1150 992 πάσαις
1173 961 1240 996 φησι
1256 962 1316 993 ταῖς
1342 963 1510 993 ἐπιστολαῖς.
1526 963 1592 995 Kal,
1611 971 1621 988 ‹
1646 961 1679 988 Ἦ
1695 963 1779 997 χάρις
1801 963 1848 989 τοῦ

1050 1007 1153 1042 Κυρίου
1180 1008 1260 1043 ἡμῶν
1274 1007 1362 1044 Ἰησοῦ
1386 1008 1506 1044 Χριστοῦ
1527 1009 1588 1044 μεθ’
1603 1008 1695 1043 ὑμῶν.
1718 1018 1727 1034 ι
1749 1009 1806 1035 Καὶ
1820 1009 1848 1034 ὲν

1048 1055 1109 1085 ταῖς
1134 1054 1264 1089 Πράξεσι,
1285 1062 1294 1079 ι
1314 1055 1368 1080 Καὶ
1383 1054 1482 1080 ἔλαϐον
1504 1055 1553 1089 τὴν
1577 1054 1682 1090 δωρεὰν
1699 1054 1749 1082 τοῦ
1766 1055 1846 1088 ἁγίου

1051 1099 1218 1134 Πνεύματος.
1238 1108 1248 1125 ι
1273 1100 1376 1126 Λοιπὸν
1395 1100 1500 1134 δωρεὰν
1529 1101 1576 1127 καὶ
1599 1101 1680 1136 χάριν
1698 1101 1750 1136 τῆς
1765 1102 1847 1135 ἁγίας

1050 1146 1164 1181 Τριάδος
1180 1146 1368 1181 λαμϐάνομεν,
1390 1147 1437 1173 καὶ
1460 1147 1490 1173 οὺ
1510 1146 1604 1181 φύσιν,
1619 1147 1680 1173 οὐδὲ
1709 1147 1761 1178 τὰς
1780 1148 1848 1174 ὑπο-

1051 1193 1171 1225 στάσεις,
1187 1192 1203 1228 ῆ
1221 1194 1286 1228 μίαν
1315 1194 1370 1219 τῶν
1396 1193 1480 1228 τριῶν
1502 1194 1692 1221 ὑποστάσεων.
1712 1193 1805 1221 Μόνον
1820 1194 1847 1220 δὲ

1049 1240 1080 1264 τὸ
1106 1239 1176 1264 θεῖον
1199 1239 1380 1275 πρόσλημμα,
1397 1239 1433 1271 ὡς
1456 1241 1619 1275 εἰρήκαμεν,
1637 1242 1670 1276 τῇ
1693 1240 1848 1267 ὑποστάῑει

1048 1284 1153 1320 ἥνωται
1170 1285 1216 1311 τοῦ
1232 1285 1331 1318 Λόγου,
1351 1285 1513 1321 ἁδιαιρέτως
1529 1286 1576 1312 καὶ
1591 1287 1769 1321 άσυγχύτως,
1781 1289 1811 1313 ἐν
1827 1285 1848 1321 ᾧ

1050 1332 1097 1356 καὶ
1120 1331 1173 1355 πᾶν
1190 1330 1221 1355 τὸ
1246 1332 1386 1365 πλήρωμα
1403 1331 1453 1365 τῆς
1466 1331 1600 1366 Θεύτητος
1615 1333 1796 1367 σωμλτικῶς,
1816 1334 1847 1359 ὲκ

1048 1376 1095 1402 τοῦ
1119 1377 1303 1412 πληρώματος
1327 1377 1356 1403 δὲ
1383 1378 1463 1412 ἡμεῖς
1486 1377 1662 1413 λαμϐάνομεν
1680 1380 1764 1414 χάριν
1780 1381 1860 1407 iw."

1049 1423 1146 1457 λόγως.
1171 1424 1218 1450 Ἐκ
1240 1425 1337 1451 τούτου
1363 1425 1411 1451 τοῦ
1436 1425 1510 1451 θείου
1534 1426 1722 1461 πληρώματος
1751 1428 1791 1458 ὡς
1815 1429 1848 1454 ἐκ

1051 1471 1142 1505 πηγῆς
1158 1471 1182 1496 οἱ
1210 1469 1258 1496 τοῦ
1273 1471 1393 1506 Χριστοῦ
1417 1472 1550 1506 ἀρύονται
1565 1472 1697 1506 ἅπαντες,
1711 1473 1760 1499 καὶ⁵
1777 1474 1848 1508 μᾶλ-

1049 1513 1094 1540 λον
1119 1514 1144 1541 οί
1170 1514 1205 1541 δι’
1228 1515 1310 1542 αὑτὸν
1333 1516 1532 1552 ὰγωνιξόμενοί
1557 1527 1586 1544 τε
1609 1521 1656 1545 καὶ
1676 1519 1845 1555 πάσχοντες,

1049 1564 1096 1588 καὶΙ
1114 1563 1143 1588 ὲν
1164 1561 1288 1598 εἱρκταῖς
1311 1563 1387 1595 ὅντες
1403 1565 1451 1591 καὶ
1468 1565 1553 1601 ζόφῳ,
1571 1566 1624 1593 ὑπὸ
1637 1566 1742 1601 ταύτης
1757 1576 1846 1603 παρε-

1048 1607 1180 1635 καλοῦντο
1196 1609 1246 1643 τῆς
1272 1609 1455 1645 λαμπηδόνος,
1471 1612 1528 1638 Kal
1542 1614 1555 1639 ὁ
1572 1615 1664 1648 Δίιὸὶδ,
1685 1624 1694 1641 ι
1714 1616 1795 1641 Κατὰ
1815 1617 1847 1644 το

1048 1654 1150 1689 πλῆθος
1169 1654 1224 1682 τῶν
1244 1655 1347 1682 ὀδυνῶν
1375 1665 1427 1691 μου
1447 1658 1476 1684 ὲν
1501 1660 1534 1693 τῇ
1552 1660 1652 1695 καρδίᾳ
1666 1670 1730 1695 μου,
1745 1663 1774 1688 αἱ
1794 1671 1848 1689 πα-

1049 1699 1199 1735 ρακλήσεις
1220 1709 1267 1727 σου
1288 1700 1430 1736 εὕφρανειν
1452 1703 1502 1738 τὴν
1528 1705 1618 1739 ψυχήν
1646 1714 1709 1740 μου,
1731 1716 1741 1732 ι
1763 1709 1846 1744 φησί.

1048 1749 1101 1774 Kal.
1115 1750 1140 1775 οι
1156 1749 1184 1775 ὲν
1203 1749 1315 1784 Χριστῷ
1329 1749 1443 1784 ζῶντες,
1463 1751 1501 1784 ὡς
1521 1752 1638 1788 καθαροὶ
1650 1754 1698 1789 τὴν
1713 1756 1844 1790 καρδίαν,

1047 1803 1062 1819 τ
1079 1803 1093 1820 ν
1112 1794 1179 1821 Θεὸν
1193 1795 1352 1829 βλέπουσιν,
1369 1797 1418 1832 οὐχ
1441 1797 1479 1829 ὡς
1501 1798 1557 1833 ἔχει
1572 1799 1679 1833 φύσεως
1695 1801 1774 1835 (Θεϊν
1790 1804 1845 1838 γὰρ

1047 1843 1138 1874 οὐδεὶς
1163 1843 1272 1878 ἑώρακε
1298 1843 1433 1877 πώποτε),
1449 1844 1518 1872 ἀλλὰ
1545 1846 1615 1872 κατὰ
1642 1848 1732 1882 χάριν.
1758 1850 1844 1886 Ὁρᾷς

1048 1889 1096 1924 τὴν
1126 1890 1219 1925 κοινὴν
1250 1890 1300 1926 τῆς
1327 1891 1442 1927 Τριάδις
1467 1893 1566 1927 χάριινς
1599 1896 1807 1928 Ἐξατιέστειλεν
1831 1902 1845 1927 ὁ

1047 1936 1113 1968 Θεὸς
1125 1937 1154 1962 τὸ
1170 1937 1280 1972 Πνεῦμα
1298 1938 1345 1965 τοῦ
1368 1939 1429 1965 Υἱοῦ
1445 1941 1539 1974 αὑτοῦ,
1561 1951 1570 1968 t
1597 1943 1643 1970 Ἐκ
1661 1945 1707 1971 τοῦ
1729 1946 1845 1983 πληρὼ-

1049 1991 1133 2017 ματος
1151 1983 1235 2010 αὑτοῦ
1248 1986 1329 2019 ἡμεῖς
1349 1986 1449 2018 πάντες
1465 1987 1609 2023 ὲλάὃομεν.
1629 1999 1638 2015 ι
1660 1991 1714 2017 Καὶ
1728 1993 1756 2018 τί
1778 1994 1844 2020 ἑλά-

1046 2028 1151 2063 σομενς
1167 2030 1268 2066 δηλαδὴ
1280 2031 1328 2067 τὴν
1342 2033 1423 2068 χάριν
1439 2033 1486 2060 τοῦ
1504 2035 1673 2070 Πνεύματος,
1689 2038 1737 2064 καὶ
1759 2040 1843 2075 χάριν

1046 2077 1106 2103 ἀντὶ
1122 2076 1245 2111 χάριτος,
1261 2079 1308 2104 καὶ
1322 2079 1430 2114 ἐξέχεεν
1455 2082 1497 2116 ἐφ’
1511 2081 1588 2116 ἡμᾶς
1610 2084 1699 2119 (φησι)
1716 2085 1767 2121 τὴν
1787 2087 1842 2114 δω-

1049 2122 1112 2155 ρεὰν
1128 2122 1173 2168 τοῦ
1189 2123 1267 2156 ἁγίου
1297 2125 1468 2160 [hstium-0;.
1486 2127 1540 2162 58
1558 2128 1613 2155 Kal.
1628 2130 1659 2157 ὲν
1680 2131 1757 2166 αὑτῷ
1769 2136 1841 2168 κρά-

1047 2167 1141 2202 ζομεν,
1160 2167 1247 2196 Ἀσὸᾱ
1271 2171 1285 2196 δ
1306 2171 1413 2207 Πατήρ.
1436 2173 1506 2199 Αὐτὸ
1524 2175 1552 2200 δὲ
1571 2175 1612 2209 τὺ,
1630 2176 1728 2210 ’Δ66ᾱ,
1746 2167 1842 2216 Πάτερ

206 2209 317 2235 vitalem
334 2206 381 2242 qui
396 2215 454 2233 eam
478 2214 531 2233 non
553 2212 742 2242 gustaverunt,
760 2209 814 2236 imo
840 2211 886 2245 qui
905 2216 997 2238 errant

225 2255 249 2262 ,λ
284 2252 402 2262 ._._,_
428 2252 433 2262 .
631 2261 635 2262 ν
667 2258 696 2262 ν.
753 2255 758 2262 .
819 2255 977 2262 -ν---

1052 2215 1133 2250 δηλοῖ.
1157 2216 1233 2242 Ἐπεὶ
1257 2217 1311 2243 υίοὶ
1335 2219 1491 2254 γεγόναμεν
1513 2206 1617 2257 χάριτι..
1634 2206 1842 2262 Υὶοθετήθημεῑ

204 2255 270 2283 eLin
283 2252 403 2280 tenebris
418 2252 567 2286 dormiunt,
579 2257 675 2279 etcum
690 2255 841 2282 tenebrosis
854 2261 881 2281 et
893 2255 995 2290 iniquis

205 2299 375 2327 (Ιιυιιιυιιὼυε
402 2306 613 2330 conversan'ur,
632 2300 678 2333 qui
707 2299 850 2326 delicatam
873 2301 996 2328 mollem-

205 2354 260 2381 que
275 2346 356 2372 ritam
379 2345 588 2379 concupiscunt,
605 2351 686 2378 atque
698 2346 771 2371 circa
784 2347 995 2381 contemplatio-

205 2400 266 2419 ncm
288 2390 437 2418 visibilium
451 2390 679 2425 mulabiliumque
693 2396 882 2418 creaturarum
901 2393 993 2420 inania

206 2439 367 2470 moliuntur,
386 2438 432 2471 qui
448 2436 505 2464 lere
520 2439 672 2464 secundum
698 2436 809 2466 Graecos
826 2440 992 2473 iusensatos,

204 2489 337 2511 creatura:
355 2487 452 2516 praeter
477 2482 649 2514 Creatorem,
674 2490 755 2518 prout
785 2485 853 2512 dixit
879 2484 993 2518 Paulus.

204 2530 379 2562 inserviunt;
397 2529 484 2564 pluris
501 2529 574 2556 enim
594 2529 686 2556 habita
708 2535 901 2559 creaturarum
929 2541 994 2561 cou-

204 2575 393 2610 templutione,
423 2575 492 2602 nihil
525 2575 632 2602 dicunt.
645 2576 769 2604 divinum
797 2578 859 2606 ﬁdei
888 2579 990 2613 inesse,

204 2622 252 2650 ιιιιί
280 2621 332 2648 soli
358 2622 490 2648 vanitatis
512 2622 663 2656 cognitioni
681 2624 836 2660 conﬁdunt,
853 2626 993 2661 stulteque

203 2669 351 2702 opinantur
367 2667 434 2695 nihil
470 2676 553 2703 supra
578 2676 700 2702 sensum,
721 2675 747 2697 et
763 2677 881 2699 tuentem
905 2673 992 2700 homi-

204 2723 268 2742 num
286 2722 347 2742 esse
377 2716 527 2741 amentium
558 2723 635 2743 more
652 2716 805 2743 daemonum
823 2718 870 2752 qui
897 2719 992 2752 procul

202 2761 307 2789 distant
330 2769 344 2788 a
364 2761 535 2792 spiritalibus
552 2762 638 2790 radiis
667 2769 694 2790 et
722 2763 851 2792 ineﬂ‘abili
869 2766 994 2794 claritate

203 2807 261 2838 Dei.
277 2813 304 2835 et
320 2808 436 2842 proinde
453 2812 584 2842 teguntur
601 2809 728 2844 caligine,
745 2810 889 2846 solumque
914 2820 992 2839 arro-

203 2857 298 2888 ganter
331 2858 356 2880 ct
372 2854 453 2881 stulte
471 2854 543 2881 circa
562 2861 625 2880 acra
656 2859 683 2881 et
710 2858 812 2882 terram
832 2861 986 2884 versantur.

1049 2264 1103 2297 γὰρ
1121 2264 1160 2299 τῷ
1178 2265 1264 2299 Πατρὶ
1281 2265 1326 2292 διὰ
1338 2267 1384 2293 τοῦ
1404 2268 1577 2303 Move-favni;
1598 2274 1790 2308 σαρκωθέντυς
1813 2279 1842 2303 ἐν

1046 2309 1118 2343 ἁγίῳ
1133 2310 1284 2344 Πνεύματι.
1301 2312 1355 2338 Καὶ
1379 2313 1424 2340 διὰ
1449 2315 1558 2342 πάντων
1569 2316 1652 2352 οὕτω,
1667 2319 1718 2354 τῆς
1734 2329 1765 2347 τε
1785 2331 1841 2349 πα-

1046 2355 1126 2404 λαιᾶς
1142 2365 1214 2404 ιρημι
1229 2357 1304 2390 θείας
1321 2360 1444 2395 Γραφῆς,
1457 2362 1505 2388 καὶ
1520 2364 1570 2397 τῆς
1582 2364 1705 2399 χάριτος,
1719 2369 1754 2393 τὰ
1775 2370 1841 2404 περὶ

1045 2402 1095 2437 τῆς
1111 2403 1157 2429 τοῦ
1172 2404 1239 2430 Θεοῦ
1258 2406 1370 2441 χάριτος
1396 2411 1590 2442 μαρτυρεῖται.
1615 2412 1650 2437 Ἦ
1671 2413 1720 2439 καὶ
1736 2402 1840 2448 μᾶλλον

1044 2449 1110 2483 ἡμῖν
1124 2449 1168 2476 διὰ
1185 2450 1232 2485 τῆς
1248 2451 1295 2477 τοῦ
1312 2452 1400 2486 Λόγου
1417 2455 1575 2489 οἰκονομίας
1589 2458 1738 2492 ἐκχυθεῖσα
1758 2462 1841 2488 πλου-

1045 2495 1122 2527 σίως,
1138 2496 1228 2523 πάντα
1241 2496 1288 2523 τὸν
1301 2498 1403 2532 κόσμον
1416 2500 1611 2535 πεπλήρωκεν.
1632 2503 1777 2532 Ἐντεῦθεν
1793 2505 1838 2534 οὖν

1044 2542 1091 2568 καὶ
1111 2542 1125 2576 ἡ
1151 2543 1294 2578 οἰκονομία
1319 2545 1366 2570 τοῦ
1388 2545 1478 2579 Λόγου
1502 2547 1584 2582 χάρις
1604 2551 1836 2584 κατονομάζεται.

1050 2587 1119 2614 Ἀλλ’
1139 2589 1163 2613 ol
1178 2589 1228 2623 τῆς
1243 2590 1356 2624 χάριτος
1372 2591 1493 2627 ἄμοιροι,
1511 2593 1549 2624 ὡς
1561 2593 1667 2625 ἀνάξιοι
1683 2596 1735 2630 τὴν
1757 2598 1837 2633 χάριν

1043 2633 1147 2666 λαὸεῖν,
1168 2635 1295 2662 ἀθετοῦσι
1313 2637 1362 2672 τὴν
1382 2637 1488 2673 δωρεὶν
1506 2641 1553 2666 καὶ
1567 2641 1615 2676 τὴν
1631 2643 1776 2676 ἐνέργειαν
1791 2646 1837 2671 καὶ

1043 2681 1123 2715 χάριν
1139 2681 1186 2708 τοῦ
1202 2682 1372 2717 Πνεύματος,
1392 2685 1416 2710 οἱ
1430 2686 1564 2712 σκοτεινοὶ
1581 2688 1645 2721 περὶ
1657 2688 1687 2713 τὸ
1703 2689 1776 2723 φῶς,
1793 2692 1838 2717 καὶ

1045 2724 1083 2760 μὴ
1107 2725 1236 2758 λαϐόντες
1252 2727 1283 2753 τὸ
1305 2728 1374 2762 φῶς,
1391 2729 1440 2756 καὶ
1464 2731 1510 2756 τοῦ
1531 2732 1671 2767 φωτισμοῦ
1694 2734 1743 2768 τῆς
1762 2734 1837 2767 θείας

1043 2770 1212 2805 γλυκύτητος
1225 2773 1364 2806 ἄγευστοι.
1381 2774 1463 2802 ’Ὀοεν
1479 2777 1526 2802 καὶ
1538 2778 1684 2805 ἁπιττοῦτι
1703 2779 1742 2816 μὴ
1754 2781 1838 2814 ἐγνω-

1043 2815 1133 2849 κότες,
1149 2818 1194 2844 καὶ
1210 2818 1246 2849 ὡς
1260 2819 1390 2854 ἁντιθεοι,
1409 2821 1612 2856 βλισφημοῦσι.
1630 2824 1736 2857 Καὶτίς
1753 2827 1838 2861 ἀναγ-

1044 2861 1119 2894 γελεῖ
1135 2863 1225 2895 αὐτοῖς
1239 2865 1287 2899 τὴν
1302 2865 1461 2902 γλυκύτητα
1476 2868 1522 2894 τοῦ
1540 2867 1612 2895 θείου
1637 2871 1726 2904 φωτὸς
1744 2871 1782 2904 ὡς
1799 2874 1836 2908 μὴ
