1936 3040
51 125 111 156 209

701 131 750 160 DE
773 131 1048 166 SACllAMENTIS.

1624 134 1677 164 21.)

48 180 191 214 σωτήριον
206 180 358 216 βάπτισμα,
368 181 453 214 οὕτως
466 183 614 216 ἀπολύσας,
625 184 677 219 75
685 185 844 220 ἀπέρχεται.

906 197 953 216 .ur.
972 189 1073 216 Octara
1087 189 1241 221 autemdie,
1260 189 1470 217 affertur-infans
1487 199 1501 218 a
1518 192 1678 225 quibusdam

48 226 90 261 Τῇ
108 225 141 252 δὲ
157 227 242 262 ὀγδόῃ
254 228 346 262 ἡμέρᾳ
362 229 528 263 προσάγεται
541 230 571 255 τδ
583 229 680 264 βρέφος
696 229 748 256 ὑπό
763 239 842 257 τινων

48 274 89 307 τῷ
106 273 181 307 Θεῷ,
201 275 250 300 καὶ
264 273 317 306 πρὸ
328 272 381 300 τῶν
396 270 498 306 πυλῶν,
514 275 544 301 οὑ
554 274 609 309 γὰρ
622 275 789 309 ἡγιασμένον
801 276 843 302 ἔτι

51 319 115 344 ἐστὶ
141 318 181 352 τῷ
200 318 382 353 βαπτίσματι,
402 319 545 354 σφραγίζει
566 320 646 346 πάλιν
671 320 738 346 αὐτὸ
759 322 799 351 είς
813 321 845 347 τὸ

52 365 196 398 μέτωπον,
226 366 274 391 καὶ
302 365 332 391 τὸ
359 365 458 400 στόμα,
475 366 569 393 καὶτὸ
589 366 686 400 στῆθος
707 367 719 393 ὁ
737 367 843 401 ἱερεύς·

51 413 100 438 καὶ
132 411 245 439 δίδωσιν
275 412 360 444 ὄνομα
388 412 475 446 τούτῳ
506 412 539 438 δι’
558 412 640 448 εὐχῆς
670 413 758 447 ἱερᾶς,
777 413 846 447 ὅπερ

52 458 85 484 ἂν
101 458 127 484 οἱ
146 458 274 489 τεκόντες
289 457 440 492 θελήσαιεν,
456 458 516 492 μεθ’
531 458 560 485 οὗ
578 460 624 485 καὶ
636 458 806 494 βαπτίζεται.

359 515 484 542 ΚΕΦΑΛ.
507 515 546 543 ΞΠ

51 561 118 586 Ὀτι
131 559 182 586 καί
203 560 238 585 ἐν
252 559 293 596 τῇ
317 559 408 594 ὀγδόῃ
426 561 520 594 ἡμέρᾳ
546 564 563 589 δ
581 564 688 596 Κύριος
703 562 738 589 τὸ
754 562 847 596 ὄνομα

233 594 374 629 εἴληφεν,
396 596 518 629 Ἰησοῦς
535 594 669 632 κληθείς.

90 640 231 675 Καθάπερ
247 640 327 667 τοῦτο
345 642 440 674 γέγονε
463 643 511 669 καὶ
537 643 566 669 ἐν
582 642 622 678 τῷ
639 644 735 678 Κυρίῳ
750 652 757 659 ⁸
770 644 799 670 ὲν
814 645 847 678 τῇ

60 685 143 722 ὀγδόῃ
167 687 223 720 γὰρ
242 687 432 721 περιτμηοεὶς,
460 688 565 723 Ἰησοῦς
579 689 729 724 ἐπεκλήθη.
753 687 848 722 Ἡμεῖς

57 732 86 756 δὲ
103 732 136 757 οὔ
154 733 308 766 περιτομὴν
323 733 420 767 ἔχομεν
434 742 441 748 ’
469 734 633 768 πεπλήρωκε
647 735 701 768 γὰρ
724 735 739 760 ὁ
754 734 848 770 Σωτὴρ

54 777 90 801 τὶ
104 777 155 802 τοῦ
170 778 256 811 νόμου
274 777 335 804 ἀντὶ
352 778 439 813 ἡμῶν,
465 780 511 805 καὶ
527 780 578 813 τῆς
594 781 710 814 νομικῆς
727 779 850 810 δουλείας

56 821 189 856 ἐρύσατο,
204 823 311 850 Δέδωκε
326 823 354 850 δὲ
370 824 522 859 περιτομὴν
533 825 618 859 ἄλλην
634 826 663 851 ἐν
681 825 730 860 ὅλῃ
745 826 778 859 τῇ
797 824 848 858 φύ-

55 876 110 898 σει,
127 867 158 894 τὸ
173 867 246 895 θετον
263 869 418 904 βάπτισμα,
431 870 499 904 ὅπερ
512 870 542 896 οὐ
559 870 648 905 σάρκα
659 870 772 905 ητέμνει,
790 869 848 896 ἀλλ’

55 913 199 946 ἁμαρτίας
224 914 365 948 καθαίρει.
383 915 520 942 Ἕκαστον
547 915 575 942 δὲ
604 915 657 942 τῶν
681 915 789 950 βρεφῶν
810 914 848 946 ὡς

64 958 173 993 Ἰησοῦς
195 959 210 985 ὁ
229 960 348 992 Χριστὸς
365 961 394 987 ὲν
408 961 446 995 τῷ
463 962 521 995 ίδὶῳ
547 960 707 994 βαπτίζεται
724 961 848 995 ὀνόματι.

61 1005 98 1031 Οὐ
114 1005 169 1040 μὴν
184 1005 214 1032 δὲ
232 1005 411 1039 βαπτίζονται
422 1006 522 1036 πάντες
538 1006 665 1041 Ἰωάννης
683 1007 730 1033 καὶ
744 1005 849 1040 Μαρία,

58 1050 98 1079 ὡς
122 1050 178 1075 τῶν
207 1050 402 1085 ἁπλουστέρων
425 1051 473 1077 καὶ
494 1051 637 1078 ἰδιωτικῶν
656 1051 729 1082 τινές
755 1059 849 1086 φασιν,

63 1096 110 1122 Ἐν
142 1097 174 1130 τῇ
203 1096 285 1132 ὀγδόῃ
304 1097 333 1123 δὲ
359 1098 376 1132 ἡ
406 1099 541 1133 περιτομὴ
556 1100 617 1124 τότε
643 1096 677 1133 ἦν
704 1099 761 1129 τοῖς
787 1098 851 1124 Ἰουα

58 1142 159 1173 δαίοις.
180 1142 218 1169 Τὸ
241 1142 328 1177 ὄνομα
349 1143 377 1169 δὲ
393 1143 440 1170 νῦν
466 1144 494 1169 ἑν
508 1144 576 1179 αὐτῇ
592 1145 616 1170 ol
636 1145 726 1171 πιστοὶ
742 1145 850 1178 λαμϐά-

60 1196 158 1228 νομεν,
173 1189 215 1214 ὅτι
230 1189 427 1224 ἁνακαινισμδς
442 1191 458 1224 ἡ
474 1190 566 1224 ὀγδόη.
583 1190 851 1226 Πληρωθείσηςνγὰρ

58 1235 109 1268 τῆς
129 1234 249 1268 ἑϐδόμης
268 1235 302 1269 ἢν
331 1235 348 1269 ἡ
369 1235 425 1270 ζωὴ
449 1235 518 1271 αὕτη
549 1237 702 1270 κέκτηται,
729 1236 763 1263 δι’
782 1237 852 1263 ἑπτὰ

58 1281 237 1316 κυκλουμένη
248 1281 302 1307 τῶν
313 1281 436 1316 ἡμερῶν,
449 1283 483 1316 τῇ
499 1282 581 1317 ὀγδόῃ
593 1282 674 1308 πάλιν
687 1283 851 1317 ἀπάρχεται.

62 1327 97 1351 '0
116 1327 232 1361 σημεῖον
259 1327 308 1359 τῆς
327 1326 501 1357 ἀναστάσεώς
523 1327 593 1359 ἐστι,
613 1327 660 1353 καὶ
677 1327 727 1360 τῆς
742 1326 852 1353 αίωνίου

62 1372 137 1407 ζωῆς
163 1372 318 1407 προοίμιον.
339 1373 385 1399 Ἐν
406 1373 460 1407 γὰρ
484 1374 516 1407 τῇ
540 1371 620 1408 ὀγδόῃ
639 1373 685 1399 καὶ
710 1374 724 1398 ὸ
750 1371 854 1407 Κύριος

63 1419 208 1452 ἐξανέστη,
227 1419 277 1445 καὶ
309 1418 359 1452 τὴν
381 1418 540 1445 τελευταίαν
570 1419 651 1452 ἡμεῖς
679 1418 787 1453 ἡμέραν
804 1418 854 1452 τῆς

63 1466 177 1492 αξωνίου
188 1466 261 1500 ζωῆς
275 1465 431 1498 ἐλπίζομεν.
444 1465 526 1496 Ἥτις
538 1465 586 1491 καὶ
599 1465 751 1498 ἀπέραντος
764 1465 851 1496 ἔσται,

896 235 929 262 ad
948 235 1045 266 Deum,
1056 240 1083 262 et
1099 243 1147 270 pro
1165 235 1278 268 foribus,
1292 243 1346 263 non
1363 237 1435 263 enim
1449 237 1583 270 baptismo
1592 237 1679 264 adhuc

900 280 1086 309 sanctificatns
1103 285 1155 314 est,
1169 288 1264 308 rursus
1292 282 1381 316 signat
1397 290 1457 308 eum
1471 283 1497 309 in
1513 281 1599 309 fronte
1612 287 1639 309 et
1654 283 1679 309 in

899 334 947 353 ore
967 331 1047 361 atque
1079 326 1106 353 in
1126 331 1234 361 pectore
1257 328 1395 360 sacerdos,
1416 328 1495 362 eique
1508 335 1555 361 per
1574 335 1679 354 sacram

898 371 1048 399 orationem
1068 371 1114 399 dat
1143 380 1239 399 nomen
1258 373 1446 408 quodcumque
1470 373 1603 400 voluerint
1623 373 1682 407 ejus

899 421 1035 451 parentes,
1051 424 1169 452 quocum
1185 417 1346 452 baptizatur.

1196 518 1310 546 CAPUT
1328 518 1384 545 LX.

901 563 977 596 Quod
993 563 1117 590 Dominus
1129 571 1229 598 quoque
1258 569 1348 590 octava
1365 565 1408 591 die
1429 557 1521 591 nomen
1547 564 1641 596 act-epit
1659 569 1682 590 ct

1141 597 1218 625 Jcsus
1236 599 1385 633 appellatus
1397 605 1445 626 est.

934 643 1167 676 Quemadmodum
1191 644 1260 670 idem
1275 645 1300 670 in
1319 644 1433 671 Domino
1446 644 1544 672 factum
1561 649 1618 678 est;
1634 654 1682 673 oc-

900 695 961 716 tava
988 690 1060 716 enim
1075 690 1117 716 die
1133 690 1310 717 circumcisus
1327 695 1437 718 vocatus
1462 694 1504 718 est
1524 691 1613 719 Jesus.
1629 691 1684 719 Nos

900 741 964 761 vero
976 734 1210 762 circumcisionen‘.
1229 742 1281 762 non
1296 735 1446 768 habemus;
1458 743 1519 763 nam
1536 737 1618 771 legem
1635 745 1684 771 pro

902 780 982 807 nobis
1007 780 1163 814 adimplevit
1181 780 1316 814 Salvator,
1331 786 1357 808 et
1369 789 1383 807 a
1398 781 1476 815 legali
1491 782 1620 809 servitute
1635 789 1685 808 uos

902 825 985 859 eruit,
1000 826 1047 853 sed
1060 827 1086 854 in
1105 827 1179 854 omni
1198 833 1294 854 natura
1311 828 1390 854 aliam
1407 827 1480 854 dedit
1500 828 1684 856 circumcisio-

899 879 973 904 nem,
985 872 1107 899 divinum
1120 873 1263 907 baptisma,
1273 873 1344 908 quod
1361 881 1413 900 non
1429 880 1537 899 carnem
1552 878 1686 907 amputat,

908 917 956 944 s'ed
974 918 1092 951 peccatis
1108 923 1214 953 purgat.
1229 918 1346 946 Infantes
1360 919 1457 957 singuli
1473 925 1502 946 ut
1520 918 1599 946 Jesns
1610 919 1686 946 Chri-

900 967 959 990 stus
975 963 1000 989 in
1021 963 1130 997 proprio
1150 964 1260 990 nomine
1280 964 1462 998 baptiznntur.
1481 964 1617 998 siquidem
1633 971 1686 991 non

901 1016 997 1036 omnes
1028 1009 1201 1044 baptizantur
1225 1011 1251 1036 in
1275 1009 1384 1037 nomine
1408 1008 1520 1037 Joannis
1536 1015 1563 1036 et
1580 1009 1687 1041 Mariae,

902 1061 982 1089 prout
998 1055 1126 1082 dixerunt
1142 1055 1251 1089 quidam
1269 1060 1359 1082 mente
1380 1055 1518 1089 simplices
1534 1060 1562 1083 et
1585 1056 1687 1082 idiotae.

904 1100 952 1127 Die
969 1101 1077 1134 quidem
1099 1104 1194 1126 octava
1211 1104 1274 1126 tunc
1290 1104 1349 1126 erat
1378 1098 1479 1128 Iudmis
1503 1100 1686 1132 circumcisio,

904 1153 953 1172 nos
964 1152 1029 1172 vero
1046 1145 1136 1172 lldeles
1162 1145 1256 1171 eadem
1275 1145 1317 1171 die
1335 1152 1433 1171 nomen
1458 1145 1608 1179 accipimus
1623 1151 1688 1178 quo-

906 1191 978 1218 niam
991 1196 1086 1219 octava
1102 1196 1144 1218 est
1156 1190 1305 1218 renovatio.
1317 1189 1381 1217 Nam
1395 1191 1504 1225 impleta
1522 1190 1689 1217 hebdomade

903 1244 984 1271 quam
998 1237 1056 1269 ipsa
1072 1241 1217 1263 consecuta
1228 1240 1270 1264 est
1287 1237 1339 1263 vita
1356 1241 1458 1270 septem
1471 1236 1574 1263 dierum
1588 1235 1689 1263 circulo

905 1286 1044 1314 contenta,
1066 1289 1174 1308 rursum
1200 1282 1244 1309 die
1259 1286 1354 1309 octava
1374 1282 1531 1312 revertitur.
1556 1282 1626 1315 quod
1652 1281 1690 1308 si-

904 1335 985 1362 gnum
995 1328 1260 1358 estresurrcctionis.
1271 1333 1431 1362 mternzequc
1440 1328 1501 1354 vitae
1511 1327 1685 1362 prommium.

905 1373 1009 1407 Quippe
1038 1377 1133 1400 octava
1157 1373 1200 1399 die
1230 1373 1378 1399 resurrexit
1405 1372 1553 1405 Dominus,
1587 1380 1691 1406 nosque

905 1417 1027 1445 ultimam
1058 1417 1128 1443 diem
1157 1422 1265 1444 attenta:
1282 1417 1341 1444 vita:
1361 1424 1512 1451 speramus,
1529 1425 1589 1450 qure
1606 1417 1691 1443 nescit

906 1471 1044 1496 occasum,
1061 1454 1142 1498 prout
1155 1462 1311 1489 didicimus.
1329 1462 1413 1497 igitur
1426 1462 1452 1488 in
1468 1462 1526 1496 ipsa
1542 1462 1586 1488 die
1599 1467 1691 1488 octava

64 1511 139 1538 καθα
156 1511 352 1545 διδασκόμεθα.
376 1511 420 1537 Ἐν
436 1510 523 1546 ταύτῃ
538 1510 584 1538 οὖν
599 1512 631 1545 τῇ
661 1511 741 1546 ὀγδόῃ
761 1511 787 1536 οἱ
806 1510 852 1544 μὲν

909 1509 995 1537 Judzei
1022 1508 1131 1543 quidem
1159 1508 1310 1535 secundum
1327 1507 1464 1534 masculos
1478 1511 1582 1535 tantum
1600 1511 1691 1541 utpote

71 1557 198 1582 Ἰουδαῖοι
227 1557 440 1590 περιετὲμνοντο
467 1556 536 1583 κατὰ
555 1556 588 1582 τὰ
605 1556 708 1592 ἄρρενα
725 1556 806 1591 μόνον
817 1556 854 1587 ὡς

69 1603 189 1635 ἀτελεῖς,
207 1602 422 1638 σφραγιζόμενοι
439 1604 478 1639 τῷ
496 1604 583 1639 μορίῳ
597 1605 646 1638 τῆς
661 1604 771 1639 ἡδονῆς,
787 1611 855 1636 προ-

71 1648 280 1684 μαρτυροῶτες
309 1648 358 1683 μὲν
389 1650 437 1676 καὶ
462 1650 536 1676 αὐτοὶ
565 1650 615 1685 τὴν
645 1649 796 1677 ἀνάστασιν
822 1650 854 1683 τῇ

69 1695 167 1729 ὀγδόῃ,
182 1696 230 1721 καὶ
245 1695 274 1721 ὲν
291 1694 329 1729 τῷ
343 1695 555 1730 περιτέμνεσθαι
568 1695 606 1726 δὲ,
625 1696 804 1731 σημαίνοντες
819 1695 857 1726 ὡς

71 1741 88 1774 ἡ
105 1740 187 1774 ἡδονὴ
204 1741 252 1775 τῆς
271 1740 371 1774 σαρκὸς
396 1740 567 1774 παυθὴσεταί
591 1749 666 1772 ποτε,
689 1741 737 1767 καὶ
753 1740 856 1775 ἄφθαρ-

68 1794 116 1816 τος
135 1786 213 1812 ἔσται
231 1786 299 1820 ζωὴ,
315 1786 362 1812 καὶ
379 1786 416 1821 μὴ
432 1786 476 1813 διὰ
490 1786 588 1820 σαρκὸς
605 1787 801 1822 ἐνεργουμένη,
819 1787 857 1821 μὴ

69 1832 196 1862 νοοῦντες
217 1832 247 1858 δὲ
266 1831 355 1864 τοῦτο,
373 1832 440 1866 μηδὲ
465 1832 514 1868 τὴν
540 1832 629 1867 ἀληθῆ
643 1834 795 1868 περιτομὴν
810 1833 857 1867 τὴν

71 1877 121 1910 τῆς
135 1871 275 1911 ἁμαρτίας
300 1877 494 1907 κατανοοῦντες
515 1876 654 1908 ἀπόθεσιν,
671 1877 738 1912 ὅπερ
755 1877 812 1903 ἐστὶ
828 1877 858 1903 τὸ

71 1923 152 1956 ἅγιον
178 1922 331 1956 βάπτισμα.
362 1922 448 1948 Τοῦτο
475 1921 529 1957 γὰρ
556 1922 585 1948 τὸ
610 1922 764 1956 ἀφθάρτους
782 1922 858 1954 ὅλους

72 1968 145 1996 ιῖναι
160 1969 208 1995 καὶ
227 1969 330 1999 ἀσινεῖς
350 1968 515 2001 ἐκδιδάσκει,
536 1968 584 1995 καὶ
601 1968 638 2003 μὴ
653 1969 724 1995 κατά
737 1977 763 1995 τι
777 1968 859 1995 λελω-

72 2015 211 2049 ϐημένους
223 2023 230 2030 ·
246 2015 260 2041 ὁ
285 2014 341 2049 γὰρ
356 2014 586 2049 περιτεμνόμενος
602 2014 651 2048 τὴν
670 2014 758 2048 σάρκα
773 2013 858 2040 λελώ-

72 2063 166 2095 6ηται,
184 2060 232 2087 καὶ
245 2060 274 2086 τὺ
286 2060 379 2095 ἄρτιον
403 2060 432 2086 οὐ
447 2059 590 2094 περιφέρει
612 2059 661 2094 τῆς
677 2059 795 2094 φύσεωςσ
812 2059 859 2085 καὶ

70 2107 114 2132 ὅτι
131 2105 183 2131 οὐκ
207 2103 313 2136 ἀπαθὲς
327 2103 356 2136 ἐξ
380 2104 476 2139 ἡδονῆς
490 2104 631 2130 τίκτεσθαι
644 2104 728 2139 ἡμᾶς.
753 2103 799 2130 Διὸ
812 2103 859 2129 καὶ.

71 2151 151 2178 τοῦτο
169 2151 281 2177 λέλυται
299 2150 329 2177 τὸ
346 2149 376 2182 ἐξ
391 2150 488 2185 ἡδονῆς
500 2150 651 2177 τίκτεσθαι.
669 2151 814 2185 Δοθήσεται
831 2150 858 2176 δὲ

907 1555 1059 1590 imperfecti
1087 1553 1365 1586 circumcitlebantur,
1397 1553 1520 1580 membro
1544 1548 1691 1587 voluptatis

906 1600 1005 1635 signati
1020 1603 1208 1634 praetcstantes
1227 1597 1336 1632 quidem
1353 1602 1381 1624 et
1396 1598 1446 1631 ipsi
1462 1598 1690 1624 resurrectionem

907 1654 954 1681 per
965 1645 1035 1672 diem
1048 1648 1184 1676 octavam,
1198 1647 1224 1670 et
1243 1650 1288 1677 per
1303 1642 1540 1670 circnmcisionem
1560 1643 1692 1670 indican-

908 1697 948 1719 tes
972 1695 1037 1718 tunc
1052 1694 1218 1717 cessaturam
1239 1689 1330 1716 caruis
1344 1687 1508 1722 voluptatem
1521 1710 1528 1722 ,
1556 1688 1693 1723 vitamque
1733 1711 1737 1715 .

909 1736 1027 1763 futuram
1045 1733 1281 1768 incorruptibilem
1303 1740 1389 1767 neque
1403 1740 1449 1767 per
1465 1741 1576 1760 carnem
1599 1741 1693 1767 opera.

908 1785 994 1808 turam
1006 1789 1014 1814 ;
1029 1780 1074 1807 sed
1092 1787 1140 1806 nec
1154 1779 1224 1806 istud
1236 1777 1362 1809 scientes,
1375 1786 1461 1812 neque
1474 1785 1566 1804 Veram
1577 1779 1693 1805 circum-

909 1828 1039 1856 cisionem
1060 1826 1165 1860 peccati
1183 1825 1353 1859 eversionem
1385 1824 1548 1858 cogitantes,
1565 1824 1636 1858 quod
1652 1829 1694 1850 cst

907 1877 1033 1902 sanctum
1048 1872 1182 1906 baptisma
1195 1878 1202 1903 ;
1217 1870 1267 1897 hoc
1282 1870 1354 1897 enim
1366 1877 1415 1896 nos
1430 1869 1509 1896 tlocet
1527 1876 1588 1895 esse
1603 1869 1692 1896 incor-

909 1924 1002 1954 ruptos
1016 1923 1042 1945 et
1059 1917 1171 1944 omnino
1186 1915 1302 1942 intactos
1317 1922 1366 1941 nec
1381 1913 1407 1940 in
1423 1914 1512 1947 aliqua
1535 1918 1610 1948 parte
1622 1921 1670 1941 sau
1680 1929 1687 1933 -

909 1966 976 1992 eios.
990 1964 1057 1991 Nam
1083 1963 1129 1996 qui
1159 1959 1363 1998 circumciditur
1387 1959 1535 1986 secundum
1566 1966 1689 1991 carnem,

910 2010 1027 2041 lwditur,
1050 2016 1137 2042 neque
1157 2005 1315 2034 circumfert
1341 2010 1444 2032 naturae
1459 2005 1649 2039 integritatem,
1666 2008 1695 2031 et

910 2055 1042 2089 quoniam
1074 2059 1247 2087 nequaquam
1265 2052 1366 2086 absque
1387 2054 1496 2085 peccato
1510 2057 1542 2077 ex
1558 2050 1693 2085 voluptate

910 2100 1045 2130 nascitur,
1063 2098 1123 2126 ideo
1151 2096 1237 2124 noluit
1265 2103 1315 2123 nos
1337 2102 1368 2122 ex
1390 2094 1526 2128 voluptate
1546 2094 1692 2129 generari;

910 2145 991 2172 nobis
1007 2151 1070 2172 vero
1096 2150 1143 2177 per
1156 2141 1289 2176 baptisma
1312 2140 1420 2168 dabitur
1436 2139 1510 2167 nasci
1528 2147 1580 2166 non
1598 2146 1629 2166 ex
1643 2145 1693 2166 vo-

69 2198 136 2231 ἡμῖν
150 2197 194 2223 διὰ
205 2195 254 2222 τοῦ
269 2184 454 2230 βαπτίσματος
467 2184 498 2222 τὸ
512 2196 562 2222 οὐκ
574 2197 605 2222 ὲκ
621 2184 773 2230 θελήματος
787 2204 852 2231 σαρ-

909 2193 1011 2220 luntate
1023 2190 1124 2222 carnis,
1137 2195 1223 2224 neque
1239 2195 1272 2215 ex
1288 2187 1424 2214 voluntate
1441 2185 1502 2216 viri,
1520 2184 1566 2212 sed
1582 2192 1613 2211 ex
1627 2184 1692 2217 Deo,

71 2243 128 2275 κὸς,
146 2241 209 2268 οὐδὲ
224 2241 257 2267 ἐκ
271 2241 425 2275 θελήματος
439 2241 544 2276 ἀνδρὸς,
558 2242 615 2268 ἀλλ’
633 2243 664 2268 ἐκ
679 2242 747 2269 Θεοῦ
763 2243 854 2269 τίκτε-

71 2289 146 2316 σθαι,
161 2287 249 2314 Τοῦτο
265 2287 288 2314 δ’
304 2288 362 2314 ἐστὶ
376 2287 407 2313 τὸ
426 2287 470 2314 διὰ
492 2288 605 2323 λουτροῦ
624 2289 672 2322 τῆς
693 2289 856 2323 παλιγγενε-

71 2335 131 2366 σίας
154 2333 367 2367 ἀναγεννᾶσθαι.
382 2334 466 2360 Ὅθεν
488 2335 536 2361 καὶ
562 2335 594 2369 τῇ
613 2334 693 2371 ὀγδόῃ
716 2335 807 2371 ἡμέρᾳ
826 2336 857 2362 τὸ

69 2381 158 2416 ὄνομα
178 2379 316 2413 λαμῠάνει
332 2380 382 2413 μὲν
403 2379 433 2405 τδ
449 2379 565 2414 βρέφος,
581 2379 675 2415 ὥσπερ
688 2381 702 2407 ὁ
720 2380 815 2416 Σωτὴρ
827 2380 857 2406 τὸ

71 2426 213 2460 Σωτήρων
243 2424 346 2459 Ἰησοῦς
367 2425 522 2460 ἐπικληθείς
537 2433 544 2441 ·
573 2426 739 2460 σφραγισθὲν
765 2426 793 2452 δὲ
811 2427 858 2453 καὶ

70 2472 153 2506 εὐχὴν
169 2469 264 2496 λαῦὼν
286 2471 361 2505 ἱερὰν
373 2491 381 2503 ,
405 2471 443 2502 ὠς
468 2472 620 2506 προσαχθὲν
636 2473 674 2506 τῷ
690 2472 794 2507 Κυρίῳ,
811 2473 859 2498 καὶ

71 2516 229 2552 σηρειωθὲν
245 2515 285 2551 τῷ
302 2516 410 2552 σταυρῷ
434 2516 465 2543 τὸ
492 2517 617 2551 μέτωπον
629 2538 636 2549 ,
656 2518 694 2548 ὡς
711 2517 792 2552 ἔφην,
815 2517 859 2544 διὰ

70 2563 100 2588 τὸ
115 2562 257 2598 νοητικὸν,
274 2561 304 2587 τὸ
324 2562 411 2595 στόμα
422 2562 466 2588 διὰ
479 2562 509 2588 τὸ
525 2562 643 2596 λογικὸν,
662 2563 709 2588 καὶ
723 2562 773 2596 τὴν
789 2571 858 2597 καρ-

71 2608 130 2635 δίαν
144 2608 192 2634 διὰ
207 2608 239 2633 τὺ
255 2607 398 2639 ζωοποιδν,
417 2608 466 2634 καὶ
479 2609 511 2642 τῇ
528 2608 610 2643 βίϐλῳ
625 2610 658 2643 τῇ
675 2608 776 2644 αἰωνίῳ
792 2617 859 2642 γρα-

72 2655 120 2688 ςςὲν
139 2654 189 2682 διὰ
208 2654 256 2679 τοῦ
277 2654 447 2685 ἐπιτεθέντος
470 2654 545 2688 αὐτῷ
572 2654 716 2688 ὀνόματος,
743 2654 860 2688 ἐπανέρ-

73 2709 147 2734 χεται
169 2700 205 2734 τῇ
224 2700 319 2734 μητρί.
341 2700 380 2735 Τῇ
397 2700 606 2734 τεσσαρακοστῇ
627 2700 655 2726 δὲ
671 2700 763 2735 ἡμέρᾳ
781 2699 860 2726 πάλιν

74 2744 248 2779 προσάγεται
263 2743 316 2770 ὑπὸ
332 2745 380 2780 τῆς
398 2744 500 2779 μητρὸς
521 2744 560 2779 τῷ
587 2744 643 2779 ναῷ
663 2744 710 2770 καὶ
731 2742 809 2769 τοῦτο
824 2743 861 2774 ὡς

75 2791 162 2826 δῶρον
181 2788 244 2824 Θεῷ
264 2789 492 2824 προσκομίζεται.
516 2789 546 2816 '0
562 2790 651 2824 ἱερεὺς
667 2789 720 2824 γὰρ
737 2789 790 2823 πρὸ
807 2788 861 2815 τῶν

79 2837 168 2872 θυρῶν
189 2835 256 2867 στὰς
280 2834 327 2862 τοῦ
348 2836 412 2863 ναοῦ
432 2836 471 2871 (οὺ
488 2836 541 2870 γὰρ
557 2835 634 2870 θέμις
650 2835 703 2870 πρὸ
720 2835 767 2870 τῆς
779 2834 860 2869 εὐχῆς

905 2239 978 2274 quod
991 2241 1089 2272 estper
1104 2236 1242 2262 lavacrum
1258 2231 1472 2268 regenerationis
1487 2230 1585 2257 iterum
1607 2230 1694 2256 nasci.

910 2284 987 2312 Unde
1017 2287 1112 2310 octava
1136 2281 1182 2308 die
1208 2286 1308 2306 nomen
1327 2277 1437 2309 quidem
1457 2276 1556 2310 accipit
1579 2275 1669 2302 infans
1685 2294 1693 2306 ,

908 2331 980 2358 sicut
1002 2329 1127 2356 Salvator
1141 2325 1252 2354 nomine
1267 2323 1406 2352 salutifer-0
1420 2322 1502 2349 Jesus
1514 2324 1639 2351 vocatus,
1656 2320 1693 2347 εἰη

907 2380 1004 2411 gnatus
1017 2381 1092 2406 vero,
1108 2377 1134 2400 et
1149 2379 1228 2399 sacra
1242 2369 1364 2398 oratione
1383 2371 1506 2400 accepta,
1525 2369 1617 2411 utpote
1632 2365 1696 2411 illeo

908 2410 1027 2453 oblatus,
1051 2420 1227 2453 signatusque
1256 2415 1345 2442 crucis
1368 2414 1457 2446 signo,
1476 2415 1554 2445 prout
1582 2410 1649 2442 dixi,
1665 2410 1693 2436 in

909 2467 997 2494 fronte
1007 2469 1116 2500 propter
1127 2467 1256 2494 mentem,
1265 2462 1290 2488 in
1300 2468 1346 2487 ore
1355 2462 1462 2492 propter
1474 2456 1620 2488 loquelam,
1628 2455 1694 2482 etin

910 2513 990 2541 corde
1008 2515 1117 2547 propter
1134 2509 1242 2536 vitalem
1256 2505 1413 2541 potentiam,
1427 2510 1531 2529 ncctton
1552 2501 1577 2528 in
1591 2506 1693 2528 mtcrno
1741 2520 1743 2522 -

910 2560 980 2586 libro
997 2566 1044 2593 per
1069 2555 1226 2590 impositum
1248 2552 1273 2579 ei
1298 2558 1395 2577 nomen
1420 2547 1587 2581 inseriptus,
1615 2548 1693 2573 matri

911 2604 1077 2632 restituitur.
1089 2602 1136 2628 Die
1147 2604 1236 2627 autem
1251 2596 1456 2633 quadragesima
1471 2604 1566 2625 rursus
1580 2603 1595 2621 a
1608 2599 1695 2621 matre

912 2651 939 2677 in
955 2648 1084 2684 templum
1101 2648 1260 2680 apportatus
1284 2643 1358 2671 velut
1375 2642 1475 2670 donum
1495 2643 1549 2669 Deo
1570 2641 1692 2668 offertur.

912 2697 1035 2729 Namque
1054 2691 1181 2719 sacerdos
1199 2697 1253 2724 prae
1270 2688 1374 2716 foribus
1390 2687 1481 2722 templi
1498 2685 1691 2721 adstanslnou

912 2741 984 2769 enim
1001 2740 1040 2767 fas
1057 2742 1099 2765 cst
1120 2741 1182 2764 ante
1199 2743 1292 2770 preces
1309 2734 1422 2769 ingredi)
1442 2737 1540 2759 matre
1559 2730 1694 2764 simulque

913 2787 1014 2814 infante
1030 2783 1143 2820 signatis
1156 2788 1184 2811 ct
1197 2789 1243 2817 per
1262 2781 1400 2809 orationes
1412 2777 1598 2809 sanctificatis,
1613 2777 1695 2803 matri

914 2832 1024 2869 quidem
1041 2829 1229 2866 purgationem
1243 2827 1351 2856 exhibet
1373 2832 1386 2852 a
1403 2822 1555 2858 voluptaria
1573 2822 1697 2850 sordida-
