1936 3040
40 119 92 150 213

678 119 729 150 DE
747 117 1026 148 SACRAMENTIS.

1616 114 1669 145 214

39 177 100 202 ιίαν
117 175 190 210 ἔχει,
205 174 298 209 μόνος,
314 175 374 202 ἐπεὶ
390 177 436 203 καὶ
452 176 581 207 ἑκουσίως
594 176 636 202 δεῐ
645 174 739 202 τοῦτον
748 178 834 210 προσ-

902 181 1003 208 ponsor
1036 179 1098 200 cum
1131 178 1175 199 eo.
1207 169 1256 198 llic
1270 177 1272 179 '
1288 171 1358 198 enim
1376 178 1446 205 praes
1463 171 1521 205 ejus
1551 175 1591 198 cst
1606 179 1670 205 erga

38 221 184 256 ἔρχεσθαι,
208 222 256 248 καὶ
278 222 293 248 ό
313 221 442 256 ἀνάδοχος
459 222 506 248 σὺν
519 222 604 256 αὐτῷ.
620 222 706 252 Αὐτὸς
720 221 773 256 γὰρ
783 220 829 247 αὖ·

38 267 85 293 τοῦ
97 267 242 302 ἐγγυητὴς
257 267 298 298 είς
316 267 442 301 Χριστὸν,
460 267 530 294 ὥστε
547 268 640 302 τηρεῖν
655 267 690 293 τὰ
712 267 762 300 τῆς
788 266 831 291 πί-

41 321 140 343 στεως,
159 313 208 338 καὶ
223 312 417 348 χριστιανικῶς
433 312 492 346 ζῇν,
506 313 554 338 καὶ
563 313 592 338 τὸ
608 312 693 346 ὄνομα
703 311 731 338 δὲ
746 310 830 346 δηλοῖ.

46 358 195 392 ’Ᾱνάδοχος
220 359 286 393 γὰρ,
306 359 345 388 εἰς
363 358 459 384 ἑαυτὸν
473 356 528 384 οἷον
542 357 749 393 ἀναδεχόμενοςι

340 404 463 430 ΚΕΦΑΔ.
482 403 540 432 ΞΒ’.

42 460 106 486 Ὀτι
120 459 179 494 χρὴ
195 458 249 486 τὸν
273 458 426 491 ἀνάδοχον
441 459 494 485 τοῦ
513 457 733 492 ,ϐαπτιζομένου
750 457 834 491 ὀρθό-

242 492 335 524 δοξον
351 493 427 519 εἶναι
451 494 499 519 καὶ
515 493 641 524 εὐσεϐῆ.

261 501 335 524 οζον
351 501 427 519 ειγιιι
451 501 499 519 και
515 501 641 527 ευσεοη.

80 539 171 566 Ἔνθα
196 540 229 574 δὴ
253 540 300 566 καὶ
319 539 496 574 προσεκτέον.
516 539 664 574 ἀναδόχους
695 537 833 565 ποιεῖσθαι

45 585 219 618 φιλευσιεεῖς
250 585 299 612 καὶ
323 585 497 620 διδασκάλους
525 586 618 621 σχεδὸν
641 585 690 620 τῆς
707 584 833 615 πίστεως.

46 631 118 656 Ἀλλ’
134 631 197 665 ἐμοὶ
211 630 345 665 quoue-rat
357 630 418 656 λιαν
428 629 529 657 ἄτοπον
541 630 588 657 καὶ
603 628 684 664 βαρύ.
701 629 771 660 Τοὺς
781 628 835 662 γὰρ

47 675 166 706 omnisacta:
191 676 240 703 καὶ
255 674 388 710 ὕδριστὰς
406 674 456 709 τῆς
483 675 612 708 πίστεως,
626 674 724 706 ἀθέους
743 683 773 701 τε
790 673 837 700 καὶ

49 721 220 755 αἱρετικοὺς,
233 721 274 753 εἰς
290 721 424 756 ἀναδοχὴν
436 721 520 756 (οῐμοι
534 722 555 755 ί)
564 721 618 748 τῶν
632 721 734 748 τέκνων
747 719 837 748 αὐτῶν

48 774 121 797 τινες
139 766 184 793 διὰ.
200 775 226 792 τι
240 765 458 800 προσκαλοῦνται
472 765 646 801 ἀνθρώπινον
670 764 718 792 καὶ
739 764 770 790 τὸ
787 772 837 799 ttu-

52 812 166 847 στήριον
179 811 323 838 ἀθετοῦσιν
339 808 413 839 οὗτοι
423 820 430 827 ·
449 812 543 839 καὶτὰ
558 811 641 838 τέκνα
656 811 686 837 οὐ
705 810 839 844 φωτίζου-

54 867 118 889 etv,
148 858 218 885 ἀλλὰ
251 858 405 887 σκοτίζουσι
435 857 546 893 μᾶλλον.
573 857 628 884 Kal
652 857 666 883 ὁ
692 855 838 890 ὑπουργῶν

53 904 147 938 ἱερεὺς
176 904 307 935 κοινωνὸς
335 904 473 930 δείκνυται
502 904 559 934 τοῖς
581 901 733 937 ἀλλοτρίοις
759 900 838 928 θεοῦ.

54 949 109 975 Καὶ
126 949 188 980 πῶς
202 949 235 976 ἂν
259 949 274 975 ὁ
302 949 471 984 βλασφημῶν
485 949 523 981 είς
539 948 606 975 Θεδν
626 947 675 983 τὴν
698 946 839 974 εὐσέϐειαν

55 994 190 1026 ἑκᾶιδάξοι
203 1003 211 1027 ;
233 994 315 1021 Ἀλλὰ
331 995 374 1027 τίς
391 989 519 1021 κοινωνία
543 993 615 1029 φωτὶ
640 993 708 1028 πρὸς
724 992 818 1022 σκότος
831 1000 839 1024 ;

57 1040 93 1066 Ἣ
110 1040 153 1071 τίς
175 1040 254 1075 μερὶς
270 1040 358 1075 πιστῷ
385 1040 453 1075 μετὰ
469 1040 595 1071 ἀπίστου,
611 1038 648 1070 ὡς
665 1038 840 1072 γέγραπται;

58 1086 90 1112 ’0
109 1086 147 1112 τὰ
172 1085 286 1112 τοιαῦτα
305 1085 391 1112 ποιῶν
417 1085 597 1119 κατάκριτος·
623 1085 670 1111 καὶ
699 1085 713 1110 ὁ
737 1083 772 1110 τὰ
787 1082 841 1109 τῶν

55 1130 165 1157 ἀσεϐῶν
191 1130 336 1165 δεχόμενος
368 1130 468 1166 βρέφη,
493 1131 517 1157 sl
547 1131 584 1164 μὴ
605 1129 736 1163 πρότερον
759 1128 842 1155 καθο-

57 1176 248 1210 μολογήσωσιν
260 1176 332 1202 οὗτοι
343 1175 418 1210 ἅγιον
427 1174 497 1202 εἰναι
505 1175 553 1202 καὶ
566 1176 636 1201 θεῖον
644 1175 674 1200 τδ
688 1174 840 1210 βάπτισμα,

58 1224 104 1248 καὶ
124 1223 264 1257 ἁμαρτίας
285 1222 468 1257 καθαρτικὸν,
490 1221 542 1256 77
563 1221 609 1247 καὶ
631 1219 786 1254 ἀναγεννὼν
813 1219 842 1245 ἐν

57 1268 182 1303 Χριστῷ,
198 1267 419 1302 χαὶΧριστιανὺν
442 1265 513 1293 εἶναι
531 1267 577 1292 τὶν
597 1265 676 1292 τοῦτο
699 1266 844 1300 δεχόμενον

58 1314 94 1348 (ει
110 1314 166 1348 γὰρ
184 1313 263 1339 τοῦτο
275 1332 282 1344 ,
310 1313 324 1338 ὀ
343 1313 392 1346 μὲν
418 1313 458 1338 ὅτι
484 1311 579 1338 πιστὸν
607 1312 683 1337 ἔσται
697 1311 727 1337 re
744 1311 844 1346 βρέφος

58 1362 244 1396 ὁμολογήσει,
262 1361 342 1392 αὐτὸς
357 1361 385 1387 δὲ
403 1361 455 1387 ὑπὸ
480 1360 563 1395 φόϐου
587 1360 658 1390 τινὸς
674 1359 845 1394 ὑποκρύπτε-

59 1407 130 1442 ται),
147 1407 230 1433 καλὺν
245 1406 372 1440 δέχεσθαι
400 1407 448 1432 καὶ
474 1405 597 1439 ἀγιάζειν
611 1405 641 1430 τὸ
665 1404 775 1440 βρέφος,
794 1404 845 1439 μή-

61 1461 128 1479 ποτε
155 1451 204 1479 καὶ
225 1452 346 1486 ληφθείη
370 1451 440 1478 οὕτω
467 1451 542 1486 παρὰ
563 1450 641 1477 Θεοῦ.
660 1450 784 1477 ’Ίσταται
800 1449 846 1476 οὖν

64 1501 113 1526 σὺν
124 1499 164 1533 τῷ
181 1498 305 1532 ἁναΜχῳ
320 1497 334 1523 ὁ
354 1495 563 1531 βαπτιζόμενος,
580 1495 698 1527 δεικνὺς,
716 1495 757 1521 ὅτι
770 1495 846 1521 ἑκου-

62 1546 130 1576 σίως
149 1543 302 1579 προσῆλθε,
324 1542 372 1569 καὶ
394 1542 441 1568 τδν
466 1540 638 1575 ὲγγυὼμενον
654 1540 719 1575 ἔχει.
731 1540 785 1566 Kal
801 1539 848 1566 τοῦ

64 1591 161 1627 ἱερέως
174 1589 386 1623 εὐλογήσαντος,
409 1587 581 1622 εὐχαριστεῖν
600 1586 640 1612 δεῖ
654 1585 683 1618 ἐξ
700 1585 788 1620 ἀρχῆς
803 1584 850 1612 καὶ

65 1637 183 1664 πάντοτε
198 1634 236 1669 τῷ
256 1633 316 1668 Θεῷ
334 1633 378 1659 ἐπὶ
403 1634 437 1668 τῇ
464 1631 509 1658 τοῦ
527 1631 698 1661 ἀπολωλότος
716 1629 849 1665 σωτηρίᾳ,

65 1682 146 1713 εὐθὺς
160 1679 259 1715 γυμνῷ
281 1678 338 1706 ὄντι
353 1678 399 1705 καὶ
418 1676 634 1712 ἁπερικαλύπτῳ
655 1676 724 1711 μετὰ
740 1675 852 1710 περιδο-

65 1727 141 1754 lateo
168 1726 260 1761 μόνου,
281 1724 393 1759 ὲμφυσᾷ
406 1722 446 1758 τῷ
456 1722 654 1757 κατηχουμένῳ
672 1722 852 1757 σταυροειδῶς

65 1773 159 1808 τρίτον
171 1772 185 1798 ὁ
202 1770 304 1806 ἱερεύς,
322 1769 376 1796 Kal
394 1768 439 1795 διὰ
458 1768 509 1802 μὲν
523 1767 569 1794 τοῦ
591 1767 788 1802 ὲμφυσήματος
805 1766 853 1800 τὴν

66 1820 97 1844 ἐν
111 1817 151 1852 τῷ
172 1816 260 1850 Ἀδὰμ
274 1814 385 1849 πρώτην
404 1813 512 1847 ἐκείνην
540 1811 690 1846 ἔμπνευσιν
711 1809 854 1842 ἀναζωπυ-

70 1864 122 1899 ρεῖ,
143 1863 216 1894 ἐπεὶ,
230 1869 240 1886 ι
257 1861 304 1887 καὶ
321 1859 485 1894 ἐνεφύσησεν
500 1857 539 1888 είς
554 1857 585 1884 τὸ
597 1856 745 1892 πρόσωπον
761 1854 854 1888 αὑτοῦ,

69 1910 150 1945 φησὶ,
166 1907 252 1942 πνοὴν
277 1905 360 1939 ζωῆς.
385 1913 394 1930 ι
415 1903 467 1930 Kal
492 1904 506 1930 ὀ
526 1903 616 1938 ἱερεὺς
637 1902 664 1929 δὲ
680 1901 797 1937 Χριστὸν
810 1901 855 1928 τὸν

69 1959 138 1985 Θεὸν
152 1956 244 1984 τυποζ,
269 1954 352 1980 Ὅθεν
377 1952 425 1979 καὶ
453 1951 534 1978 καλὸν
551 1951 620 1985 μετὰ
641 1950 691 1985 τὴν
714 1949 856 1977 κοινωνίαν

70 2003 192 2040 Χριστοῦ
208 1999 351 2037 βαπτίζειν
376 2007 406 2025 τε
429 1998 477 2024 καὶ
495 1997 636 2031 ὲμτινὲειν.
654 1995 752 2030 Τρίτον
766 1995 794 2022 δὲ
809 1995 858 2029 ἑμ-

71 2039 147 2084 φυσᾷ
159 2047 206 2074 διὰ
227 2046 277 2081 τὴν
291 2043 403 2080 Τριάδα,
421 2043 463 2069 ὅτι
484 2041 561 2076 κοινὴ
577 2042 626 2076 τῆς
643 2041 760 2075 Τριάδος
783 2039 857 2066 ἐστὶν

72 2094 89 2128 ἡ
114 2092 195 2128 χάρις
220 2089 270 2117 καὶ
286 2089 303 2124 ἡ
328 2088 465 2122 ἐνέργεια.
492 2085 676 2121 Σταυροειδῶς
701 2085 729 2112 δὲ
753 2084 798 2111 διὰ
813 2085 859 2111 τὸν

75 2137 251 2172 σαρκωθέντα
279 2133 350 2169 ὑπὲρ
367 2133 457 2168 ἡμῶν,
486 2133 532 2159 καὶ
555 2132 676 2158 παθόντα
703 2130 786 2166 σαρκὶ
811 2130 860 2165 τῆς

884 218 1036 250 Christum,
1053 218 1090 244 ita
1108 222 1137 244 ut
1151 217 1228 244 ﬁdem
1253 221 1344 243 servet
1359 220 1385 243 et
1399 216 1556 243 Christiane
1581 216 1673 248 vivat;

885 264 957 299 quod
976 264 1064 299 ipsum
1080 269 1179 290 nomen
1207 262 1337 294 ostendit,
1349 268 1463 296 sponsor
1474 261 1545 288 enim
1562 265 1675 288 vocatur

886 309 1015 344 quoniam
1031 308 1122 343 aliquo
1140 307 1220 334 modo
1240 307 1297 341 ipsn
1313 314 1361 341 pro
1374 314 1407 334 eo
1421 307 1546 341 spondet.

1172 395 1284 423 CAPUT
1300 395 1377 422 LXII.

887 454 1069 489 Susccplorem
1089 454 1239 489 baptizandi
1250 458 1318 480 recte
1332 453 1364 489 de
1387 453 1438 486 ﬁde
1463 453 1614 480 sentientem
1649 458 1674 480 et

1148 490 1220 523 pium
1236 496 1290 516 esse
1318 488 1418 516 debere.

922 535 999 563 Unde
1020 534 1213 562 attendendum
1242 539 1283 562 est
1305 541 1452 568 sponsores
1479 533 1536 560 ﬁeri
1567 533 1675 567 pictatis

887 581 990 609 amicos
1005 585 1032 608 et
1046 580 1130 608 simul
1150 579 1211 607 ﬁdei
1235 579 1424 608 doetores.‘At
1441 586 1492 614 ego
1506 578 1595 606 audivi
1620 585 1679 605 rem

886 626 967 654 nimis
980 625 1110 654 absonam
1132 624 1301 658 nimiumque
1315 630 1444 659 gravem:
1464 630 1525 649 nam
1548 629 1678 657 persecu-

887 677 960 700 tores
974 675 1000 698 et
1014 670 1213 698 conviciatores
1227 669 1301 700 ﬁdei.
1320 669 1413 696 atheos
1429 668 1511 695 etiam
1524 675 1556 695 ac
1569 668 1679 695 hteretic

887 725 935 746 cos
947 718 979 745 ad
991 716 1191 751 spondendum,
1201 715 1253 743 heu
1265 716 1271 742 l
1286 722 1336 749 pro
1345 715 1402 742 suis
1411 714 1504 748 pueris
1515 714 1677 748 cujusquam

888 763 1001 791 humani
1015 761 1150 790 commodi
1166 760 1250 796 gratia
1265 760 1373 796 quidam
1388 760 1522 787 advocant
1533 760 1540 786 l
1553 759 1587 786 lli
1602 766 1676 794 mys-

889 808 990 835 terium
1007 809 1209 841 aspernantur,
1231 805 1300 833 ﬁlios
1328 813 1382 833 non
1413 806 1471 832 luce
1501 804 1680 840 perfundunt,

889 853 936 882 sed
959 853 1045 888 magis
1063 851 1182 879 tenebris
1201 851 1354 883 involvunt,
1368 854 1395 878 et
1410 850 1572 878 ministrans
1589 857 1679 877 sacer-

889 898 938 926 dos
953 898 1073 926 inimicis
1092 897 1138 925 Dei
1156 904 1186 925 se
1210 896 1416 924 communicare
1442 895 1621 923 demonstrat.
1648 893 1683 921 Et

890 943 1029 980 quomodo
1053 943 1246 978 blasphemans
1256 941 1382 976 pietatem
1395 948 1458 974 erga
1477 939 1562 968 Deum
1585 939 1684 967 edoce-

890 989 949 1018 bit?
965 988 1016 1016 Sed
1031 996 1091 1023 quae
1104 988 1220 1016 societas
1235 987 1306 1014 lucis
1323 987 1356 1013 ad
1374 986 1528 1013 tenebras?
1554 985 1594 1012 vel
1624 992 1684 1019 quae

891 1043 956 1071 pars
972 1034 1042 1062 ﬁdeli
1054 1041 1116 1061 cum
1135 1032 1246 1065 infideli,
1266 1036 1347 1066 prout
1362 1032 1494 1066 scriplum
1519 1031 1582 1058 est?
1596 1030 1684 1058 Male-

892 1082 982 1110 dictus
996 1080 1043 1116 qui
1059 1080 1122 1107 talia
1138 1080 1203 1114 agit,
1220 1086 1326 1106 necnon
1342 1078 1388 1111 qui
1402 1077 1549 1112 impiorum
1568 1078 1685 1104 infantes

892 1127 1016 1161 suscipit,
1031 1125 1083 1153 nisi
1098 1126 1175 1161 prius
1197 1125 1242 1151 isti
1266 1123 1449 1151 confiteantur
1470 1127 1593 1150 sanctum
1618 1123 1687 1150 divi-

893 1179 1012 1207 numque
1025 1178 1088 1199 esse
1115 1170 1292 1204 baptismum,
1311 1177 1326 1196 a
1354 1168 1473 1204 peccatis
1503 1175 1631 1202 purgare,
1659 1167 1687 1194 in

893 1217 1001 1246 Christo
1010 1223 1177 1252 regenerare,
1187 1220 1214 1243 et
1221 1214 1405 1242 Christianum
1414 1221 1474 1241 esse
1483 1221 1544 1240 eum
1559 1212 1689 1247 qui-hunc

894 1264 1000 1298 accepit
1020 1264 1094 1299 (nam
1107 1262 1130 1291 si
1148 1262 1186 1289 ita
1201 1266 1251 1296 est,
1268 1269 1329 1289 cum
1348 1261 1418 1287 alius
1434 1260 1542 1295 quidem
1559 1260 1689 1299 conﬁtea-

896 1315 939 1338 tur
962 1309 1092 1337 infantem
1121 1315 1183 1335 esse
1206 1308 1323 1338 ﬁdelem,
1339 1307 1410 1333 alius
1434 1313 1497 1333 vero
1514 1314 1546 1334 es
1569 1296 1687 1340 quodam

896 1360 968 1383 metu
981 1354 1144 1386 dissimulet,
1165 1354 1264 1381 bonum
1280 1356 1322 1379 est
1343 1351 1476 1378 infantem
1504 1351 1643 1385 suscipere
1661 1353 1691 1377 et

898 1400 1080 1431 sanctiﬁcare.
1098 1407 1133 1427 ne
1148 1399 1186 1427 sic
1198 1407 1212 1426 a
1229 1400 1282 1426 Deo
1294 1395 1535 1434 deprehendatur).
1549 1395 1609 1422 Stat
1624 1403 1690 1430 ergo

896 1454 959 1475 cum
979 1453 1110 1482 sponsore
1125 1445 1288 1480 baptizatus,
1306 1444 1457 1472 ostendens
1472 1450 1502 1471 se
1512 1442 1628 1469 libenter
1646 1448 1692 1468 ac-

898 1494 1003 1524 cedere,
1019 1497 1045 1520 et
1058 1492 1174 1527 praedem
1192 1491 1283 1518 habet.
1304 1490 1450 1525 Postquam
1465 1487 1633 1517 benedixerit
1647 1495 1691 1514 sa-

901 1539 1007 1571 cerdos,
1023 1542 1129 1573 oportet
1142 1538 1260 1565 ahinitio
1269 1543 1428 1571 semperque
1437 1535 1537 1572 gratias
1548 1535 1602 1562 Deo
1613 1541 1693 1569 agere

900 1587 934 1613 de
943 1585 1029 1612 salute
1039 1584 1098 1619 ejus
1110 1583 1156 1618 qui
1168 1583 1282 1618 perierat
1295 1582 1402 1616 ;statim
1418 1582 1445 1609 in
1467 1580 1694 1609 catechumenum

902 1630 1006 1658 nudum
1019 1634 1047 1657 et
1064 1630 1186 1658 vestibus
1201 1633 1313 1656 exutum
1335 1628 1449 1662 soloque
1467 1626 1601 1654 velamine
1614 1624 1694 1652 indu-

903 1681 959 1705 tum
975 1677 1002 1704 in
1019 1676 1129 1704 modum
1157 1675 1250 1703 crucis
1264 1679 1303 1702 ter
1318 1673 1443 1702 exsulllat
1467 1671 1596 1699 sacerdos
1609 1689 1617 1698 .
1642 1669 1695 1697 Per

902 1724 976 1751 hunc
992 1722 1099 1757 quidem
1117 1721 1238 1748 inflatum
1257 1720 1372 1756 primam
1389 1719 1461 1746 illam
1487 1718 1514 1745 in
1540 1717 1625 1744 Adam
1655 1715 1697 1742 iu-

904 1768 1077 1804 spirationem
1093 1767 1248 1797 exsuscitat.
1264 1767 1298 1794 de
1309 1773 1362 1801 qua
1374 1765 1474 1793 dictum
1498 1767 1540 1791 est
1555 1771 1562 1790 :
1578 1761 1626 1788 cEt
1652 1760 1696 1788 in-

905 1815 1019 1851 epiravit
1045 1814 1070 1842 in
1088 1814 1185 1841 faciem
1197 1813 1256 1848 ejus
1267 1812 1432 1847 spiraculum
1448 1811 1528 1843 vitae;
1544 1819 1553 1836 ι
1567 1808 1698 1837 sacerdos

905 1868 970 1888 vero
985 1860 1124 1888 Christum
1137 1859 1222 1886 Deum
1241 1857 1349 1893 ﬁgurat,
1362 1856 1424 1884 ideo
1447 1855 1549 1883 bonum
1571 1858 1613 1881 est
1635 1856 1698 1887 post

906 1905 1180 1934 communicationem
1204 1902 1304 1930 Christi
1327 1901 1467 1936 baptizare
1490 1903 1517 1927 et
1545 1897 1697 1925 insumare.

908 1951 961 1980 'l‘er
976 1957 1065 1979 autem
1090 1950 1206 1984 inspirat
1230 1951 1341 1983 propter
1367 1946 1540 1976 Trinitatem,
1565 1943 1696 1979 quoniam

908 1996 1062 2027 communis
1077 2000 1119 2023 est
1133 1994 1258 2022 Trinitati
1281 1997 1367 2028 gratia
1382 1996 1410 2020 et
1436 1989 1559 2025 operatio
1573 1997 1579 2023 ;
1601 1996 1695 2016 verum

909 2044 936 2071 in
950 2042 1039 2070 crucis
1057 2041 1172 2068 formam
1191 2038 1282 2066 sufilat
1299 2041 1409 2073 propter
1432 2044 1517 2063 unum
1533 2043 1547 2062 c
1564 2034 1699 2062 Trinitate

909 2089 1046 2118 Christum
1072 2094 1121 2122 pro
1136 2086 1214 2113 nobis
1238 2083 1409 2114 cruciﬁxum.
1425 2088 1563 2116 carneque
1588 2087 1698 2115 passum

911 2135 957 2170 qui
975 2142 1024 2169 per
1041 2140 1149 2161 crucem
1163 2130 1306 2159 victoriam
1321 2129 1425 2156 retulit.
1441 2127 1624 2161 Quamobrem
1636 2131 1701 2153 cru-

75 2184 192 2220 Τριάδος
209 2182 258 2208 ἕνα
281 2180 409 2215 Χριστὸν,
438 2179 484 2206 καὶ
511 2178 549 2213 τῷ
580 2177 688 2212 σταυρῷ
711 2177 762 2211 τὴν
782 2172 849 2211 νίκην

913 2180 954 2208 cis
965 2180 1071 2213 signum
1087 2177 1251 2217 sacriﬁcium
1268 2175 1328 2210 ejus
1344 2174 1447 2202 indicat
1465 2172 1702 2205 humilitatemque

76 2230 258 2264 στησάμενον.
279 2220 326 2253 Δὶδ
339 2226 388 2252 καὶ
411 2225 425 2251 ὸ
440 2224 587 2257 σταυρικδς
601 2224 686 2253 τύπος
700 2222 749 2258 τὴν
764 2222 859 2249 θυσίαν

75 2275 157 2303 αὑτοῦ
170 2274 256 2308 δηλοῖ,
274 2271 437 2299 ταπείνωσιν
452 2279 481 2297 τε
504 2270 551 2297 καὶ
567 2269 657 2304 νίκην,
673 2270 713 2296 ὅτι
729 2269 764 2295 δι’
779 2268 860 2295 αὑτοῦ

75 2324 122 2353 τὰς
132 2321 230 2352 ὀδύνας
246 2320 326 2345 ἔλυσε
337 2318 384 2344 τοῦ
400 2318 528 2349 θανάτου,
545 2317 591 2342 καὶ
602 2316 762 2350 κατήργησε
777 2315 821 2341 τὶν
832 2314 862 2340 τὸ

76 2368 175 2402 κράτος
189 2366 286 2400 ἔχοντα
295 2363 342 2390 τοῦ
354 2363 469 2390 θανάτου
485 2362 618 2395 διάϐολον,
631 2362 735 2392 una:
745 2362 864 2387 ἀντικει-

77 2414 161 2449 μένας
174 2410 359 2446 ἐθριάμϐευσε
378 2409 562 2444 πονηροτάτοις
580 2408 719 2442 δυνάμεις.
741 2407 786 2433 Ἐν
799 2403 820 2440 ᾧ
831 2407 863 2442 δὴ

76 2457 189 2493 σταυρῷ
205 2457 254 2483 καὶ
267 2456 348 2490 ἡμεῖς
366 2455 486 2489 νικῶμεν
500 2456 527 2480 ὲν
545 2453 657 2489 Χριστῷ
669 2454 715 2479 τὸν
731 2453 864 2485 διάὸολον,

75 2505 122 2531 le
148 2504 215 2533 τοὺς
247 2502 379 2535 δαίμονας
404 2499 604 2535 ἐκτρεπὸμεθα.
637 2499 690 2524 Kal
718 2500 830 2532 σημεῖον
852 2499 866 2524 ὁ

80 2546 197 2580 σταυρδς
214 2544 263 2571 τοῦ
279 2545 404 2579 Σωτῆρος
421 2545 468 2570 καὶ
483 2544 603 2578 σιξραγίς
618 2551 646 2569 τε
661 2543 709 2570 καὶ
724 2543 865 2578 τρόπαιον.

78 2593 143 2628 Τρὶς
153 2589 203 2618 οὖν
218 2590 384 2625 ἔμφυσήσας
403 2590 442 2624 τῷ
457 2589 654 2624 κατηχουμένῳ
669 2589 683 2614 ὁ
702 2588 801 2623 ἱερεὺς,
819 2588 866 2614 καὶ

78 2638 138 2672 τρὶς
156 2637 316 2672 σφραγίσας
339 2636 420 2662 πάλιν
439 2637 472 2670 τῇ
497 2637 569 2670 χειρὶ
589 2635 628 2670 τῷ
657 2635 762 2669 σημείῳ
780 2633 867 2669 τούτῳ

79 2685 117 2718 τῷ
138 2681 283 2716 σταυριχῷ
308 2681 352 2707 διὰ
372 2681 412 2714 τὺ,
434 2690 443 2706 ι
463 2681 496 2707 Al
510 2680 600 2716 χεῖρές
619 2689 667 2706 σου
685 2680 817 2715 ἐποίησάν
833 2688 868 2715 με

82 2730 129 2756 καὶ
145 2726 275 2755 ἔπλασαν
292 2734 338 2761 με,
354 2735 365 2752 ι
380 2726 428 2753 xal
439 2726 468 2752 ιν
481 2725 521 2760 τῷ
533 2725 654 2761 μετώπῳ
666 2734 708 2759 τε,
719 2725 757 2757 ὡς
774 2733 868 2760 προει-

85 2775 195 2809 ρήκειν,
217 2771 264 2799 διὰ
290 2771 320 2798 τὸ
336 2771 471 2807 νοητικὸν,
487 2771 534 2798 καὶ
553 2771 582 2798 ἐν
597 2770 636 2806 τῷ
652 2770 765 2805 στόματι
780 2770 825 2797 διὰ
839 2770 869 2796 τὸ

82 2820 203 2854 λυγικὶν,
221 2818 270 2845 καὶ
287 2818 315 2844 ἒν
338 2819 369 2854 τῇ
392 2817 491 2853 καρδίᾳ
511 2817 554 2845 διὰ
578 2818 606 2844 τδ
626 2817 740 2850 ζωτικὸν
753 2837 760 2851 ,
785 2817 868 2844 ὲπιτίε

912 2232 938 2254 et
953 2225 1103 2256 victoriam.
1116 2216 1245 2258 quoniam
1272 2224 1298 2249 in
1314 2229 1350 2249 eo
1368 2220 1477 2247 dolores
1496 2219 1591 2246 mortis
1609 2216 1704 2248 solvit,

911 2279 938 2301 et
947 2271 1079 2300 destruxit
1091 2277 1152 2298 eum
1161 2269 1207 2304 qui
1222 2267 1336 2295 habebat
1348 2267 1444 2294 mortis
1453 2267 1609 2301 imperium,
1621 2271 1699 2291 nem-

913 2325 946 2352 pe
973 2317 1121 2346 diabolum.
1139 2319 1165 2342 et
1177 2313 1348 2341 adversarias
1366 2311 1544 2344 triumphavit
1564 2308 1701 2343 nequissic

914 2371 972 2390 mas
981 2360 1173 2397 potestates.ln
1183 2367 1263 2387 cruce
1281 2358 1362 2385 etiam
1373 2364 1421 2384 nos
1439 2362 1549 2390 quoque
1567 2354 1703 2380 vincimus

915 2409 941 2436 in
950 2408 1058 2436 Christo
1068 2406 1202 2434 diabolum
1211 2409 1238 2431 et
1246 2404 1383 2431 daemones
1396 2401 1539 2435 fugamus;
1551 2403 1577 2426 et
1585 2407 1651 2426 crux
1661 2404 1704 2426 est

916 2454 1065 2482 Salvatoris
1076 2453 1252 2487 sigillumquc
1263 2457 1295 2475 ac
1309 2453 1450 2482 tropaeum.
1462 2446 1547 2480 Igitur
1559 2450 1703 2481 postquam

915 2499 1042 2528 sacerdos
1061 2504 1101 2525 ter
1112 2498 1138 2524 in
1154 2495 1380 2523 cateclntmenum
1397 2490 1554 2524 insulﬁavit,
1565 2491 1707 2518 eumdem-

917 2553 969 2581 quc
984 2550 1025 2574 ter
1039 2544 1136 2571 iterum
1152 2542 1179 2569 in
1198 2548 1279 2568 manu
1290 2539 1342 2565 hoc
1358 2537 1448 2564 crucis
1458 2536 1537 2572 signo
1552 2534 1708 2569 obsignavit

917 2580 1028 2626 propter
1039 2588 1122 2623 illud:
1140 2595 1148 2611 ι
1172 2585 1268 2612 Manus
1285 2589 1335 2610 tua:
1353 2582 1476 2610 fecerunt
1491 2589 1534 2608 me
1550 2585 1576 2608 et
1592 2580 1708 2614 plasma-

917 2623 1014 2664 vcrunt
1033 2642 1084 2662 me.
1099 2643 1109 2659 ι
1128 2633 1238 2660 Necnon
1255 2631 1280 2659 in
1302 2630 1401 2662 fronte,
1418 2629 1490 2656 sicut
1521 2633 1602 2660 supra
1632 2623 1708 2651 dixe-

918 2689 987 2712 ram,
1001 2683 1111 2715 propter
1127 2681 1255 2708 mentem,
1270 2680 1297 2703 et
1315 2675 1341 2702 in
1354 2682 1403 2701 ore
1420 2677 1532 2708 propter
1543 2668 1707 2697 locutionem

920 2713 1043 2761 atquein
1055 2713 1144 2751 rt'orde
1165 2725 1276 2758 propter
1292 2721 1401 2748 vitalem
1420 2717 1580 2754 potentiam.
1593 2713 1709 2748 imponit

919 2771 944 2799 ei
958 2760 1068 2797 nlannm
1081 2770 1174 2803 utpote
1188 2771 1375 2795 consecratam
1391 2769 1418 2792 ct
1435 2764 1461 2790 in
1484 2760 1585 2796 Spiritu
1595 2766 1709 2794 operan-

922 2821 986 2850 tem,
1012 2821 1159 2850 precesque
1187 2820 1278 2841 sacras
1306 2810 1471 2847 pronuntiat.
1489 2808 1521 2835 At
1549 2807 1707 2842 priusquam
