1936 3040
237 103 293 137 219

238 161 386 189 confitetur
405 161 544 196 'quoniam
558 161 698 191 veritatem
717 163 864 191 annuntiat
887 164 1023 197 istamquc
1038 164 1058 192 Δ

239 212 347 240 oportet
374 215 465 235 coram
491 208 594 243 angelis
634 212 662 235 et
690 208 846 237 hominibus
877 209 1023 244 praedicare

239 258 374 286 perquam
389 253 481 281 salvus
493 254 554 287 erit,
570 254 707 290 Deumque
718 257 905 284 universorum
918 264 1022 283 annun-

240 297 309 323 tiare
319 302 409 331 aperte
421 303 461 326 est
476 301 672 332 necessarium,
689 302 950 330 consubstantialem
962 303 1022 330 dico

242 341 399 370 Trinitatem
411 348 438 370 et
455 344 542 371 solum
558 345 604 379 qui
624 351 664 373 est
678 345 771 380 Deum,
789 348 834 374 sed
852 352 880 375 et
902 348 982 375 unius
1007 356 1021 375 a

242 385 373 415 Trinitate
384 388 465 416 Verbi
493 389 539 418 Dei
557 390 656 418 factam
670 397 780 427 propter
809 401 859 421 nos
875 401 890 421 e
912 393 1023 428 Virgine

186 448 188 453 ι
241 431 465 462 incarnationem.
477 434 534 463 Hoc
546 437 627 471 igitur
637 443 676 464 ter
689 437 769 470 facto,
779 444 805 466 et
819 445 961 474 postquam
982 445 1023 467 ter

239 485 348 505 rursum
361 480 540 516 interrogatus
553 483 672 510 :Fateris
685 484 823 512 Christum
833 486 844 512 ἱ)
856 490 897 513 ter
909 494 1023 520 respon—

239 523 279 550 dit
297 531 329 551 ex
357 525 438 553 corde
458 531 484 554 et
499 526 582 555 dixit:
599 537 608 554 ι
621 528 748 556 Fatemur
770 538 843 563 cum,
861 541 869 557 I
902 532 1022 567 pontifex

239 569 332 597 addit:
362 580 371 596 ‹
391 571 421 598 Et
450 573 532 599 adora
567 581 640 602 cum.
658 584 667 600 ι
691 575 724 603 Ει
747 577 959 611 signatnscruce
975 587 1022 612 per

240 621 349 642 manum
362 616 431 650 ejus,
442 619 513 652 quod
524 618 623 646 Christi
633 619 832 648 confessionem
844 627 974 649 connotat
997 629 1023 650 ct

239 660 497 695 manifestationem,
510 669 653 698 postquam
663 670 702 692 ter
713 667 865 694 adoravcrit
877 669 1023 696 ostendens

238 706 396 734 servitutem
409 711 436 735 et
451 716 542 736 veram
556 716 617 737 cum
644 711 815 739 confessione
828 713 1021 748 obedientiam,

241 752 274 779 ad
286 753 418 781 orientem
434 756 611 789 convertitur,
625 762 651 784 et
667 757 929 793 benedicitpontifex
940 759 1022 787 Deum

242 798 288 830 qui
319 799 377 826 vult
393 807 490 829 omnes
514 802 605 830 salvos
630 803 712 837 ﬁeri;
749 804 787 831 sic
816 805 887 831 enim
918 811 1023 839 oportet

650 107 845 138 SYMEONIS
859 106 1237 139 THESSALONICENSIS
1257 108 1436 140 ARCHIEP.

1074 163 1135 196 γῆν,
1147 164 1161 189 6
1178 163 1332 198 ἀρχιερεὺς,
1354 173 1363 189 t
1389 163 1564 198 Ἐμφύσησον
1579 164 1663 199 αὐτῷ,
1683 174 1693 190 ι
1708 164 1785 200 φησι,
1806 174 1890 191 του-

1074 208 1163 234 τέστιν
1175 209 1207 235 ἐκ
1227 209 1276 243 τῆς
1291 209 1402 244 καρδῖας
1419 209 1580 245 ἀπόρριψον,
1603 211 1648 236 καὶ
1675 211 1730 237 ἀπὸ
1751 211 1890 245 καρδίας

1074 252 1217 286 ἀθέτησον,
1246 254 1294 280 καὶ
1320 255 1501 290 καταίσχυνον
1515 256 1560 282 τὸν
1578 256 1684 291 ἐχθρόν.
1702 257 1759 283 Καὶ
1786 257 1890 282 τοῐτο

1075 300 1189 326 ποιεῖται
1200 300 1260 334 τρὶς
1277 300 1320 326 διὰ
1336 301 1365 326 τὸ
1377 301 1496 335 ἀσφαλὲς
1510 303 1558 336 τῆς
1569 303 1710 337 ὰποταγῆς
1723 303 1770 328 τοῦ
1783 311 1890 337 ποντι-

1075 344 1133 378 ροῦ,
1150 345 1196 371 καὶ
1212 347 1250 376 εἰς
1267 346 1346 379 δόξαν
1360 347 1406 373 τοῦ
1423 349 1452 373 ὲν
1467 347 1561 382 Τριάδι
1584 349 1665 382 μόνου
1685 349 1755 374 Θεοῦ
1773 350 1884 383 ἡμῶν,

1072 391 1118 417 τοῦ
1133 392 1330 424 καταϐαλόντος
1343 394 1388 419 τὸν
1402 394 1529 429 πονηρόν.
1542 392 1623 423 EE?”
1637 397 1750 429 στρέφει
1769 395 1888 421 τοῦτον

1072 438 1143 464 κατὰ
1157 438 1290 470 ἀνατολάς
1301 447 1309 455 ο
1325 440 1392 474 πρὸς
1409 440 1439 465 τὸ
1451 440 1508 473 φῶς
1540 440 1594 474 γὰρ
1618 441 1714 474 ἀνάγει
1740 441 1797 467 ἀπὸ
1825 441 1887 467 τοῦ

1074 482 1196 515 σκότους,
1213 484 1259 509 καὶ
1276 484 1307 509 ἐκ
1320 483 1365 509 τοῦ
1379 484 1494 518 ψεύδους
1506 484 1574 519 πρὸς
1587 484 1636 520 τὴν
1648 485 1794 519 ἀλήθειαν.
1814 485 1889 511 Καί

1074 528 1337 565 φησινόάρχιερεύς
1355 537 1362 544 ·
1386 539 1395 555 ι
1415 530 1494 561 Εἰπὲ,
1525 530 1582 557 Καὶ
1606 531 1800 565 συντάσσοματ
1835 530 1887 564 τῷ

1072 573 1195 608 Χριστῷ,
1209 564 1255 601 κάι
1270 575 1390 602 πιστεύω
1404 576 1442 606 εἰς
1453 576 1500 602 ἕνα
1511 576 1575 602 Θεὸν
1588 576 1696 611 Πατέρα
1709 577 1888 610 παντοκρά-

1072 628 1150 654 τορα,
1171 629 1180 646 ›
1201 622 1247 647 καὶ
1262 622 1295 647 τὰ
1311 621 1385 654 ἑξῆς.
1412 623 1457 648 Δεῖ
1480 622 1534 657 γὰρ
1557 622 1639 649 αὑτὸν
1665 622 1695 648 τὸ
1723 623 1887 657 τρισῆλιον

1072 664 1200 699 καθαρῶς
1215 666 1416 701 ἁνομολογῆσαι
1431 667 1499 701 φῶς,
1512 666 1549 698 ὡς
1567 667 1600 694 ἂν
1629 668 1675 694 καὶ
1703 668 1737 702 τῇ
1762 668 1885 703 καρδίᾳ

1071 709 1180 744 δέξηται
1192 709 1239 745 τὴν
1254 710 1357 746 λάμψιν
1373 712 1467 739 αὑτοῦ.
1484 712 1540 747 Τὴν
1567 713 1714 747 ὁμολογίαν
1743 713 1793 740 οὖν
1820 713 1883 740 τοῦ

1072 754 1146 787 ἱεροῦ
1160 756 1298 789 Συμϐόλου
1315 757 1404 783 πᾶσαν
1417 758 1551 792 λαμπρῶς
1573 758 1612 793 τῷ
1627 759 1744 793 στόματι
1776 759 1882 792 λέγει.

1073 800 1128 827 Καὶ
1140 801 1219 828 τοῦτο
1244 804 1360 830 ποιεῖται
1388 803 1459 838 τρὶς,
1491 803 1609 836 βεϐαιῶν
1629 805 1679 837 τὴν
1704 805 1882 839 ὁμολογίαν,

239 843 272 870 de
297 845 425 874 omnibus
447 848 548 880 gratias
579 856 669 884 agere,
686 853 713 877 et
744 850 893 884 prmscrtim
920 851 953 878 de
972 853 1022 879 ho-

1074 845 1133 880 ἅμα
1146 846 1173 872 δὲ
1190 847 1236 873 καὶ
1252 848 1292 877 είς
1312 847 1404 881 τιμὴν,
1422 847 1459 879 ὡς
1475 848 1626 883 εἰρήκαμεν
1658 849 1707 884 τῆς
1732 857 1883 884 τρισυπο-

241 891 342 917 minum
365 892 461 919 salute.
491 893 523 920 Et
545 893 581 921 ita
607 896 760 930 suscipiens
783 897 869 930 ipsum
895 898 1023 925 catechu-

242 943 348 964 mennm
362 944 409 971 per
421 945 530 966 manum
541 941 626 975 .quasi
647 941 778 976 perditum
800 942 952 975 inveniens,
980 944 1021 971 in-

240 982 358 1010 troducit
378 983 404 1011 in
421 985 561 1020 templum,
595 994 690 1021 nempe
706 987 778 1016 velut
796 988 823 1016 in
848 989 946 1018 cmlum
981 992 1022 1019 vel

239 1029 266 1056 in
293 1031 460 1065 paradisum,
492 1036 648 1060 monstrans
681 1041 781 1061 seenm
815 1035 847 1061 ad
876 1035 1021 1064 Dominum

237 1075 284 1109 qni
302 1076 430 1105 amiserat
452 1077 590 1105 reducere.
611 1077 745 1107 Gaudium
766 1087 828 1108 vero
846 1081 1022 1111 manifestans

239 1128 294 1154 quo
308 1129 370 1150 cum
400 1122 503 1158 angelis
517 1124 615 1160 gaudet
632 1125 664 1151 de
679 1131 820 1160 peccatore
837 1128 1021 1161 paenitentiam

238 1172 354 1201 agente:
374 1178 383 1194 ‹
402 1168 507 1203 Gaude,
523 1171 610 1205 gratia
626 1171 713 1205 plena,
731 1181 740 1198 ι
773 1173 810 1199 ait
834 1174 979 1207 cantando,
995 1179 1022 1202 et

239 1211 399 1245 ingreditur.
421 1213 482 1248 Ipsa
506 1215 578 1241 enim
599 1219 642 1242 est
656 1222 736 1243 causa
762 1216 889 1244 salutaris
911 1217 1020 1251 laetitiae,

240 1261 316 1290 porta
325 1258 475 1291 salutifera,
491 1266 551 1293 qua:
565 1260 678 1287 salutem
695 1261 774 1289 nobis
786 1262 961 1296 dispensavit,
977 1272 1022 1292 ve-

238 1312 352 1339 ramque
368 1305 421 1332 Deo
436 1305 556 1332 laetitiam
568 1306 684 1334 Verbum
699 1307 783 1335 Deum
797 1316 831 1335 ex
845 1309 902 1343 ipsa
926 1310 1016 1337 incar-

239 1353 331 1375 natum
345 1354 440 1377 sancto
452 1355 478 1377 et
491 1351 611 1385 virgineo
623 1357 700 1384 partu
729 1354 822 1388 genuit
847 1354 879 1381 ad
897 1360 1018 1383 nostram

238 1393 472 1423 instaurationem.
488 1395 600 1431 Insuper
614 1397 767 1425 Simeonem
784 1399 904 1427 referens
932 1402 1020 1435 ponti-

239 1439 281 1466 fex
313 1441 423 1468 adducit
451 1442 477 1468 in
507 1447 680 1476 conspectum
711 1443 804 1471 altaris
842 1445 1018 1479 baptizatum,

236 1485 358 1513 inlicans
389 1494 417 1513 se
442 1494 505 1513 eum
529 1486 646 1519 olferre;
670 1487 748 1519 jubet
774 1490 857 1516 etiam
889 1491 1051 1539 illumtcrC

238 1531 322 1559 Deum
350 1532 472 1562 adorare,
486 1533 616 1567 quoniam
635 1532 661 1560 in
677 1534 792 1568 gratiam
809 1534 853 1562 Dei
873 1536 952 1564 rediit
971 1546 1017 1572 per

237 1578 441 1605 conversionem
453 1578 681 1612 quemadmodum
694 1580 739 1607 ille
754 1581 898 1616 prodigus,
913 1590 1016 1610 necnon

238 1621 270 1648 ad
285 1621 444 1655 dignitatem
464 1622 509 1649 lilii
526 1626 553 1650 et
578 1623 611 1650 ad
628 1624 874 1659 incorruptionem,
901 1627 1016 1659 primam

239 1666 358 1701 Spiritus
372 1667 482 1700 stolam,
497 1676 550 1702 quo
572 1670 692 1696 nondum
711 1670 808 1697 melius
826 1675 853 1698 et
879 1673 1018 1700 excellen-

239 1713 293 1740 tius
318 1714 449 1746 pervenit,
464 1721 511 1748 per
534 1713 655 1741 divinum
669 1715 813 1749 baptisma.
832 1716 885 1744 Sed
903 1723 932 1745 ut
943 1723 1016 1746 certa

239 1757 274 1784 sit
284 1758 427 1804 conpersio
436 1762 463 1786 et
478 1758 625 1789 coniessio,
641 1766 801 1794 sponsorem
817 1769 926 1796 qucque
940 1769 1018 1792 vocat

237 1805 368 1840 pontifex,
381 1812 460 1839 quem
477 1805 551 1840 iubet
580 1810 622 1833 ter
636 1806 720 1834 altare
735 1807 848 1835 adorare
864 1809 890 1835 in
906 1817 959 1843 quo
972 1811 1018 1838 ha-

239 1849 306 1876 bitat
314 1848 395 1882 Deus,
407 1849 470 1877 hinc
480 1850 670 1878 demonstrans
681 1858 710 1878 se
723 1850 802 1879 tidem
814 1852 879 1880 dare
895 1857 950 1881 tute
962 1862 1018 1882 ser-

236 1894 316 1922 vandi
341 1895 366 1922 in
397 1895 448 1923 fide
472 1895 570 1930 piaque
597 1896 803 1924 conversatione
838 1897 1016 1932 baptizatum.

237 1940 301 1968 Dein
314 1941 336 1968 si
351 1940 441 1969 infans
453 1940 559 1975 quidem
576 1939 657 1968 fuerit
686 1941 881 1977 baptizandus,
901 1943 1017 1972 inclina-

235 1991 280 2014 tus
292 1987 364 2014 hunc
378 1986 492 2022 suscipit
507 1994 623 2022 sponsor
642 1994 735 2015 coram
759 1989 844 2016 sacris
858 1988 963 2017 toribus
975 1990 1017 2025 ja-

234 2037 353 2064 centem,
368 2032 441 2061 velut
467 2041 482 2061 e
507 2034 633 2061 manibus
647 2034 759 2062 Christi.
783 2035 811 2062 Si
828 2043 891 2063 vero
910 2041 1017 2064 aetatem

236 2078 325 2110 habet,
341 2078 504 2112 baptizatum
515 2086 530 2106 e
541 2086 623 2113 manu
637 2079 744 2114 accipit,
759 2081 829 2108 idem
845 2081 1014 2117 signiﬁcans,

235 2131 330 2157 nempe
344 2131 372 2150 se
387 2131 448 2150 eum
472 2131 486 2150 a
507 2124 616 2152 Christo
632 2125 780 2160 suscipere,
801 2130 829 2153 et
850 2128 923 2161 quod
949 2135 1017 2162 praes

1075 891 1173 918 στάτου
1188 892 1330 927 Θεότητος.
1356 893 1499 927 Ὁμολογεῖ
1514 894 1541 920 δὲ
1553 894 1632 920 τοῦτο
1648 895 1786 929 φανερῶς,
1803 896 1882 922 ἐπεὶ

1073 936 1123 970 τὴν
1133 935 1264 970 ἀλήθειαν
1279 937 1457 970 καταγγέλλει
1471 945 1479 953 ο
1494 938 1541 964 καὶ
1555 938 1595 964 ὅτι
1608 937 1724 965 ἐνώπιον
1739 939 1881 973 ἀγγέλων

1072 979 1113 1006 δεῖ
1124 980 1171 1007 καὶ
1185 981 1337 1016 ἀνθρώπων
1350 983 1451 1018 ταύτην
1462 984 1621 1019 κηρύσσειν,
1636 984 1669 1012 δι’
1688 982 1722 1020 ἧς
1738 986 1788 1012 καὶ
1809 994 1878 1012 σω-

1073 1026 1193 1063 θήσεται.
1209 1028 1263 1054 Καὶ
1282 1028 1326 1055 τὸν
1340 1028 1407 1055 Θεδν
1419 1029 1474 1056 τῶν
1489 1029 1558 1057 ὅλων
1581 1031 1785 1065 καταγγέλλειν
1810 1032 1879 1067 χρὴ

1073 1073 1227 1109 παρρησίᾳ,
1248 1073 1297 1108 τὴν
1314 1075 1458 1109 ὀμοούσιόν
1472 1084 1544 1110 φημι
1569 1076 1682 1112 Τριάδα,
1706 1077 1755 1103 τὸν
1785 1077 1880 1112 μόνον

1072 1118 1155 1150 ὅντως
1167 1119 1231 1146 ὄντα
1243 1119 1319 1153 Θεὸν,
1331 1120 1400 1147 ἀλλὰ
1416 1122 1464 1148 καὶ
1474 1121 1521 1148 τοῦ
1539 1122 1598 1154 ένδς
1612 1122 1661 1156 τῆς
1680 1122 1800 1156 Τριάδος
1814 1123 1876 1150 τοῦ

1071 1164 1139 1191 Θεοῦ
1155 1165 1244 1199 Λόγου
1256 1166 1304 1202 τὴν
1317 1167 1387 1202 ὑπὲρ
1400 1168 1478 1202 ἡμῶν
1495 1169 1526 1195 ἐκ
1552 1169 1692 1202 Παρθένου
1709 1169 1874 1204 σάρκωσιν.

1073 1209 1158 1236 Τοῦτο
1172 1208 1219 1237 οὖν
1234 1212 1420 1246 ποιησαμένου
1433 1213 1504 1247 τρὶς,
1521 1214 1568 1238 καὶ
1585 1213 1772 1248 ἐρωτηθέντος
1786 1213 1876 1246 αὖθις

1071 1255 1141 1290 τρὶς,
1162 1265 1170 1282 ι
1193 1257 1334 1289 Συνετάεω
1355 1257 1392 1292 τῷ
1420 1258 1549 1292 Χριστῷ;
1565 1267 1573 1283 ι
1594 1258 1641 1284 καὶ
1666 1258 1874 1292 ἀποκριθέντος

1071 1301 1130 1335 τρὶς
1147 1301 1178 1328 ὲκ
1190 1302 1313 1337 καρδίας,
1331 1303 1379 1329 καὶ
1391 1303 1543 1337 εἰρηκότος,
1563 1312 1573 1329 ‹
1595 1303 1790 1338 Συνεταεάμην
1815 1306 1874 1331 αὖ-

1071 1347 1119 1382 τῷ,
1143 1357 1152 1373 t
1169 1349 1183 1374 6
1196 1348 1340 1383 ἀρχιερεύς
1357 1357 1433 1383 φησι,
1451 1358 1459 1373 ι
1478 1349 1530 1375 Καὶ
1546 1348 1736 1384 προσκύνησον
1750 1349 1839 1384 αὐτῷ,
1857 1360 1869 1376 ι

1071 1394 1117 1419 καὶ
1131 1394 1352 1428 σφραγισαμένου
1369 1394 1479 1428 σταυρῷ
1504 1395 1547 1421 διὰ
1564 1395 1612 1429 τῆς
1644 1395 1736 1429 χειρὸς
1766 1397 1868 1429 αὑτοῦ,

1071 1438 1085 1464 ὂ
1103 1439 1152 1473 τὴν
1164 1439 1209 1465 τοῦ
1222 1439 1341 1474 Χριστοῦ
1363 1440 1507 1474 ὁμολογίαν
1531 1440 1606 1474 δηλοῖ
1624 1440 1672 1467 καὶ
1697 1440 1868 1475 σημείωσιν,

1071 1485 1118 1510 καὶ
1141 1487 1381 1520 προσκυνήσαντος
1406 1486 1475 1520 τρὶς,
1502 1485 1704 1519 ἐνδεικνυμένου
1733 1486 1784 1521 τὴν
1804 1486 1872 1512 δου-

1069 1530 1152 1562 λείαν,
1165 1530 1212 1556 καὶ
1228 1530 1276 1565 τὴν
1291 1530 1379 1565 ἀληθῆ
1395 1532 1463 1564 μετὰ
1479 1531 1529 1564 τῆς
1539 1531 1685 1564 ὁμολογίας
1701 1531 1864 1567 ὑποταγὴν,

1070 1576 1216 1610 στρέφεται
1234 1576 1302 1611 πρὸς
1319 1577 1460 1609 ἀνατολὰς,
1478 1578 1526 1603 καὶ
1543 1577 1650 1611 εὖλογεῖ
1678 1577 1724 1604 τὸν
1755 1578 1824 1604 Θεὸν
1845 1579 1864 1604 ὁ

1069 1621 1213 1656 ἀρχιερεὺς
1229 1622 1275 1648 τον
1291 1622 1395 1654 πάντας
1407 1623 1526 1657 σωθῆναι
1551 1622 1672 1649 θέλοντα.
1689 1622 1770 1649 οὕτω
1805 1623 1867 1659 γὰρ

1068 1664 1108 1692 δεῖ
1122 1666 1291 1701 εὐχαριστεῖν
1306 1666 1354 1692 ἐπὶ
1368 1667 1446 1699 πᾶσι,
1463 1667 1510 1693 καὶ
1527 1667 1629 1701 μᾶλλον
1639 1669 1670 1703 τῇ
1683 1668 1737 1694 τῶν
1753 1667 1867 1704 ἀνθρώ-

1069 1718 1128 1737 πων
1141 1712 1273 1747 σωτηρίᾳ.
1289 1713 1344 1739 Καὶ
1355 1711 1426 1738 οὕτω
1443 1713 1583 1748 κρατήσας
1594 1713 1677 1740 αὐτὸν
1697 1713 1744 1740 τὸν
1772 1722 1866 1750 κατη-

1068 1754 1199 1790 χούμενον
1214 1757 1263 1791 τῆς
1282 1759 1370 1791 χειρὸς
1386 1756 1423 1788 ὡς
1441 1758 1486 1784 τὸν
1503 1757 1664 1785 ἀπολωλότα
1680 1758 1783 1794 εὑρὼν,
1801 1760 1864 1786 εισ-

1069 1801 1132 1835 ἀγει
1149 1802 1190 1833 είς
1216 1801 1263 1828 τὸν
1275 1802 1349 1835 ναὸν,
1361 1803 1397 1834 ῶς
1409 1803 1449 1834 είς
1471 1803 1516 1829 τὸν
1543 1803 1658 1838 οὐρανὸν
1679 1803 1816 1839 δηλονότι,
1842 1804 1862 1839 ἢ

1068 1847 1114 1874 τὸν
1125 1847 1297 1882 παράδεισον,
1313 1849 1428 1882 δεικνὺς,
1445 1850 1484 1882 ὡς
1518 1850 1671 1884 προσφέρει
1699 1849 1795 1877 τοῦτον
1820 1850 1864 1885 τῷ

1068 1893 1250 1921 ἀπολωλεκότι
1261 1894 1389 1931 δεσπότῃ.
1406 1896 1461 1929 Τὴν
1472 1897 1559 1930 χαρὰν
1573 1896 1601 1922 δὲ
1618 1896 1720 1930 δηλῶν,
1736 1896 1772 1930 ἢν
1789 1897 1864 1930 μετὰ

1067 1939 1122 1965 τῶν
1137 1939 1261 1973 ἀγγέλων
1290 1941 1380 1977 χαίρει
1406 1941 1454 1968 ἐπὶ
1484 1939 1659 1976 μετανοοῦντι
1690 1941 1860 1976 ἁμαρτωλῷ,

1071 1993 1081 2010 ι
1095 1985 1192 2021 Χαῖρε,
1205 1987 1425 2021 κεχαριτωμένη,
1445 1996 1454 2012 ι
1480 1987 1563 2022 φησὶν
1578 1987 1684 2021 ὑμνῶν,
1702 1988 1750 2013 καὶ
1766 1987 1861 2023 ship-

1067 2038 1153 2065 χεται.
1168 2030 1242 2066 Αὕτη
1254 2032 1309 2066 γὰρ
1323 2032 1339 2066 ὴ
1354 2032 1466 2068 ἀπαρχὴ
1479 2032 1529 2067 τῆς
1550 2033 1687 2068 σωτηρίου
1719 2033 1824 2068 χαρᾶς,
1842 2034 1859 2068 ἠ

1070 2077 1201 2111 σωτήριος
1216 2077 1299 2112 πύλη,
1314 2078 1330 2112 ή
1346 2079 1396 2113 τὴν
1414 2078 1549 2113 σωτηρίαν
1560 2079 1626 2112 ἡμῖν
1637 2079 1855 2113 οίκονομήσασα,

1069 2122 1115 2149 καὶ
1127 2121 1176 2156 τὴν
1185 2123 1271 2157 ἀληΘῆ
1283 2124 1372 2158 χαρὰν
1385 2123 1424 2158 τῷ
1437 2124 1543 2158 κόσμῳ,
1559 2124 1604 2150 τὸν
1618 2123 1684 2150 Θεὸν
1710 2124 1798 2158 Λόγον
1814 2133 1860 2150 σε-

234 2168 307 2195 illitis
325 2168 413 2195 factus
437 2172 478 2195 est
498 2176 561 2204 erga
578 2169 730 2204 Christum,
747 2171 949 2206 spiritualisque
963 2173 1015 2200 erit.

1070 2168 1247 2202 σαρκωμένον
1261 2168 1290 2200 ἐξ
1308 2169 1393 2203 αὐτῆς
1405 2169 1562 2204 γεννήσασα
1574 2169 1660 2203 ἁγίως
1676 2177 1705 2195 τι
1718 2169 1765 2196 καὶ
1783 2178 1857 2203 παρ-
1899 2197 1901 2199 ,

233 2215 293 2248 ejus
303 2217 388 2249 pater.
397 2213 475 2241 Unde
484 2214 558 2241 illum
567 2215 736 2252 prehendens
748 2217 856 2244 adducit
867 2217 899 2244 ad
909 2226 1014 2246 saeram

235 2261 364 2295 piscinam
390 2260 536 2287 ostendens
552 2260 687 2287 initiatum
708 2261 835 2295 libenter,
854 2270 906 2290 non
920 2268 1013 2291 autem

233 2307 258 2334 vi
274 2306 401 2334 accedere
418 2306 452 2333 ad
470 2306 645 2340 baptismum,
663 2306 743 2334 ducet
765 2308 846 2334 etiam
872 2309 904 2335 ad
933 2314 1015 2338 testes

233 2353 335 2380 scilicet
351 2352 439 2387 primo
452 2357 480 2380 et
505 2352 639 2387 pracipue
658 2353 752 2385 Deum,
785 2354 883 2381 deinde
906 2355 1015 2388 pontifi-

233 2406 290 2426 cem
302 2403 329 2425 et
339 2398 475 2426 adstantes
486 2398 577 2426 tideles
589 2398 634 2432 qui
645 2405 738 2425 omnes
749 2404 811 2426 sunt
823 2400 1014 2434 mysteriorum

233 2448 326 2476 testes,
343 2444 430 2478 ipsum
455 2445 537 2471 etiam
570 2452 731 2479 sponsorem
743 2453 804 2472 eum
824 2447 1012 2478 adducentem,

231 2494 258 2516 et
274 2490 422 2524 prmsertim
435 2490 541 2517 divinos
565 2498 593 2518 sa
601 2490 812 2525 nctissimosque
844 2493 953 2526 angelos
968 2493 1013 2527 qui

233 2533 404 2561 invisibiliter
417 2533 514 2561 adsunt
530 2539 556 2561 et
572 2534 696 2561 laetantur
728 2535 761 2562 de
793 2536 881 2563 salute
910 2536 1015 2564 divina-

233 2587 285 2613 que
302 2579 429 2613 baptizati
447 2579 473 2605 in
490 2580 589 2614 spiritu
606 2581 746 2608 nativitate
764 2582 894 2616 illumque
916 2583 942 2609 in
960 2591 1014 2611 cm-

233 2626 267 2654 lis
289 2626 457 2657 adscribunt,
476 2626 530 2660 jam
556 2626 704 2654 familiares
728 2633 754 2655 et
784 2629 860 2655 amici
890 2628 953 2656 [acti
980 2630 1014 2657 ab

232 2673 424 2700 emundatione
449 2680 482 2700 ex
510 2672 603 2700 divitia
622 2673 729 2701 lavacro
746 2674 856 2701 obtenta
875 2681 900 2702 ct
928 2683 1014 2709 ungu-

232 2720 287 2747 enti
297 2718 446 2754 signaculo.
459 2718 521 2746 Ideo
536 2720 717 2746 necessarium
740 2725 781 2747 est
797 2725 862 2747 tunc
879 2728 942 2747 cum
957 2722 1014 2755 pie-

234 2769 289 2793 tate
299 2770 326 2793 et
343 2765 442 2800 gaudio
459 2766 553 2793 adesse
570 2764 662 2792 ﬁdeles
689 2764 744 2793 fere
770 2773 875 2798 omnes,
898 2770 925 2793 ct
954 2773 1011 2794 crc-

232 2811 297 2839 dere
323 2811 434 2846 angelos
461 2810 568 2838 adstare
597 2810 643 2846 qui
670 2811 795 2839 laetantur
819 2811 852 2838 de
869 2814 1012 2846 peccatore

1069 2214 1182 2245 θενικῶς
1194 2215 1234 2246 είς
1245 2215 1382 2250 ἡμετέραν
1395 2215 1554 2241 ἀνάπλασιν.
1571 2215 1624 2241 Καὶ
1638 2215 1672 2241 τὰ
1681 2215 1728 2241 τοῦ
1741 2215 1857 2250 Συμεὼν

1067 2260 1095 2286 δὲ
1112 2261 1236 2286 ἐκτυπῶν
1251 2262 1264 2286 6
1281 2262 1433 2295 ἀρχιερεὺς,
1451 2262 1584 2295 προσάγει
1600 2261 1648 2286 τοῦ
1660 2261 1854 2296 θυσιαστηρίου

1068 2305 1182 2331 ἐνώπιον
1198 2307 1244 2332 τὸν
1263 2306 1470 2341 βαπτιζόμενον,
1486 2306 1584 2340 δηλῶν,
1598 2306 1636 2337 ὼς
1663 2306 1702 2332 ὅτι
1721 2307 1856 2341 προσέφε-

1068 2360 1108 2386 ρε.
1128 2351 1180 2378 Καὶ
1196 2353 1268 2377 ποιεῖ
1286 2351 1380 2378 τοῦτον
1410 2352 1469 2385 τρὶς
1498 2351 1684 2386 προσκυνῆσαι
1711 2351 1771 2386 Θεῷ
1789 2360 1797 2367 ·
1814 2353 1854 2378 ὃτι

1067 2398 1116 2423 καὶ
1140 2397 1323 2431 κατήλλακται
1345 2398 1384 2432 τῷ
1403 2397 1461 2431 Θεῷ
1487 2397 1520 2423 δι’
1552 2398 1728 2431 επιστροφῆς,
1759 2396 1854 2432 ὥσπερ

1067 2442 1169 2472 ἐκεῖνος
1184 2443 1197 2468 6
1212 2442 1325 2475 ἄσωτος,
1339 2443 1384 2468 καὶ
1403 2442 1471 2477 πρδς
1481 2442 1529 2476 τὴν
1542 2443 1677 2469 υἱοθεσίαν
1690 2443 1736 2469 καὶ
1748 2443 1853 2477 ἀφθαρ-

1067 2488 1127 2514 σίαν
1146 2487 1195 2522 τὴν
1213 2487 1323 2523 πρώτην
1340 2489 1437 2522 στολὴν
1452 2489 1498 2514 τοῦ
1513 2489 1681 2523 Πνεύματος,
1695 2489 1758 2514 ὅσον
1775 2488 1852 2514 οὔπω

1066 2535 1177 2569 ἔρχεται
1192 2535 1321 2569 μειζόνως
1334 2544 1363 2561 τε
1379 2536 1425 2561 καὶ
1439 2536 1613 2570 κρειττόνως,
1635 2536 1678 2562 διὰ
1699 2534 1748 2561 τοῦ
1779 2535 1850 2562 θείου

1067 2580 1264 2615 βαῖττίσματος.
1282 2581 1340 2606 Ἵνα
1355 2581 1382 2607 δὲ
1398 2581 1442 2607 καὶ
1456 2581 1473 2615 ἡ
1487 2581 1637 2615 ἐπιστροφὴ
1662 2580 1708 2606 καὶ
1724 2581 1740 2615 ἡ
1756 2580 1851 2615 ὁμολο-

1065 2627 1128 2659 γίαν
1139 2625 1262 2661 ἀσφαλὴς
1276 2624 1303 2663 ᾗ,
1320 2627 1367 2653 καὶ
1378 2628 1423 2652 τὸν
1435 2626 1563 2661 ἀνάδοχον
1575 2626 1651 2652 καλεῖ
1665 2626 1679 2652 ό
1691 2626 1849 2660 ἀρχιερεύς.

1065 2672 1120 2699 Καὶ
1136 2673 1323 2707 προσκυνῆσαι
1348 2672 1408 2707 τρὶς
1437 2673 1510 2706 λέγει
1532 2672 1570 2707 τῷ
1600 2671 1797 2705 θυσιαστηρίῳ,
1823 2672 1851 2696 ὲν

1064 2715 1140 2753 ᾧπερ
1151 2719 1221 2744 οἰκεῖ
1235 2719 1248 2744 6
1261 2719 1337 2750 Θεὸς,
1350 2718 1393 2744 διὰ
1406 2718 1500 2745 τούτου
1517 2717 1615 2752 δηλῶν,
1629 2717 1666 2748 ὡς
1686 2715 1766 2748 λόγον
1782 2724 1851 2750 παρ-

1065 2764 1131 2798 έχει,
1149 2764 1265 2799 φυλάξαι
1281 2764 1409 2799 ἀσφαλῶς
1423 2764 1452 2791 ὲν
1465 2765 1497 2800 τῇ
1513 2764 1604 2790 πίστει
1616 2763 1660 2790 καὶ
1685 2763 1718 2796 τῇ
1743 2761 1851 2788 εὐσεϐεῖ

1065 2810 1186 2846 πολιτείᾳ
1213 2811 1258 2837 τὸν
1287 2810 1494 2846 βαπτιζόμενον.
1519 2809 1584 2837 Εἶτα
1614 2809 1638 2836 εί
1665 2808 1714 2843 μὲν
1747 2807 1849 2843 βρέςος
