1936 3040
58 105 109 137 9i!

714 110 763 140 DE
781 110 1059 153 SACRAMENTIS.

1647 115 1702 148 322

57 165 142 191 isti»
157 166 175 191 ὁ
199 165 306 200 μέλλων
318 165 509 200 βαπτίζεσθαι,
524 166 613 201 κύψας
632 166 766 202 λαμϐάνει
778 167 867 195 τοῦτοι

930 170 1118 204 penitentiam
1155 177 1270 208 agente,
1301 180 1406 202 necnon
1439 174 1604 210 baptizatum
1639 180 1705 203 tunc

57 211 70 234 ὁ
87 209 250 244 ἁνάδοχος,
281 209 398 236 ἐνώπιον
423 210 549 245 κείμενον
574 211 629 238 τῶν
651 211 736 245 ἁγίων
766 212 868 247 θυρῶν,

57 254 169 289 ὥσπερ
189 256 245 282 ἀπὸ
258 255 312 282 τῶν
323 255 424 290 χειρῶν
437 256 484 283 τοῦ
498 257 616 291 Χριστοῦ
628 265 636 273 ο
652 258 676 284 εί
691 257 713 284 δ’
725 259 753 284 ὲν
765 258 869 293 ἡλικίᾳ,

58 300 215 333 λαμϐάνει
232 300 278 327 τὸν
295 300 496 336 βαπτιζόμενον
510 302 563 329 ἀπὸ
578 303 628 337 τῆς
644 304 745 338 χειρὸς,
763 303 791 330 το
804 303 870 330 αὐτὸ

58 345 107 378 δηῖ
115 345 175 377 ὧν,
190 347 234 372 ὅτι
252 346 307 372 ἀπὸ
321 346 369 373 τοῦ
385 347 503 382 Χριστοῦ
528 349 621 374 τοῦτον
648 348 794 383 παρέλαὸε,
824 348 871 375 καὶ

61 392 220 426 ἐγγυητὴς
231 392 346 424 γέγονεν
365 392 448 418 αὐτοῦ
464 393 504 425 είς
517 393 642 426 Χριστὸν,
660 393 707 419 καὶ
723 401 869 428 πνευματιη

62 436 111 466 κὸς
126 436 216 463 ἔσται
234 437 336 471 πατὴρ.
356 437 437 464 ὀθεν
451 438 496 465 καὶ
513 438 632 473 κρατῶν,
648 439 797 474 προσφέρει
807 438 871 465 τοῦ-

63 491 113 508 τον
127 484 169 518 τῇ
191 485 256 519 ἱερᾷ
272 485 461 520 κολυμϐήθρᾳ,
476 484 591 517 δεικνὺς,
615 485 652 516 ὡς
671 485 801 515 ἑκουσίως
824 484 871 511 καὶ

60 528 93 553 οὐ
113 530 197 554 κατὰ
219 529 282 563 βίαν
301 532 482 564 προσέρχεται
501 530 538 565 τῷ
556 530 724 564 βαπτίσματι
739 532 752 556 ὁ
780 530 871 556 τελού-

64 583 172 607 μενος,
183 576 232 601 καὶ
244 576 290 601 ἐπὶ
302 576 420 610 μάρτυσι
435 575 542 610 πρῶτον
551 576 601 611 μὲν
614 577 660 603 καὶ
673 577 816 611 ἐξαιρέτως
832 575 870 610 τῷ

64 620 128 654 80
146 621 224 655 Θεῷ,
241 621 339 647 ἔπειτα
355 621 383 647 δὲ
396 621 434 655 τῷ
450 622 565 657 ἱερὰρχῃ
578 622 623 648 καὶ
635 622 690 653 τοῖς
701 621 872 656 παρατυχοῦ-

66 675 95 691 σι
110 667 240 699 πιστοῖς,
257 666 282 692 οἶ
297 667 398 698 πάντες
412 667 550 702 μάρτυρες
559 667 613 693 τῶν
627 667 797 702 τελουμένων
807 667 870 700 εἰσὶ,

68 713 121 736 καὶ
134 711 216 746 αὖτῷ
227 712 260 745 δὴ
275 711 315 746 τῷ
327 712 450 746 ἀναδόχῳ
463 712 500 746 τῷ
520 714 567 739 καὶ
582 713 748 748 προσάγοντι
766 713 869 745 τοῦτον,

67 759 122 783 καὶ
147 758 271 792 μάλιστα
287 757 319 792 δὴ
332 759 387 790 τοῖς
401 758 483 789 θείοις
498 759 546 785 καὶ
571 760 716 793 πανάγνοις
732 759 870 792 ἀγγέλοις,

69 804 209 838 ἀοράτως
220 805 281 830 τότε
297 803 426 839 παροῦσι,
449 806 497 831 καὶ
522 805 746 840 εὖφραινομένοις
770 807 801 840 τῇ
825 805 872 832 τοῦ

70 850 288 885 βιπτιζομένου
297 852 326 876 ἐν
343 850 483 886 Πνεύματι
499 851 654 886 θεογενεσίᾳ
669 851 715 878 καὶ
739 852 871 887 σωτηρία,

69 895 124 921 καὶ
144 895 390 931 ἁπογραφομένοις
419 896 499 923 αὑτὸν
522 897 551 923 ὲν
581 897 636 927 τοῖς
664 887 800 930 οὐρανοῖς,
825 896 874 922 καὶ

71 942 251 976 γνωρίμοις,
265 941 313 967 καὶ
327 940 413 975 φίλοις
427 941 590 976 γινομένοις,
604 941 658 968 ἀπό
673 949 702 967 τε
716 942 767 975 τῆς
783 942 815 968 ὲκ
825 940 872 967 τοῦ

71 987 153 1013 Cela-.2
168 985 285 1022 λουτροῦ
300 985 470 1020 καθάρσεως,
501 987 549 1014 καὶ
579 987 628 1021 τῆς
655 986 801 1021 σφραγῖδος
825 985 872 1012 τοῦ

73 1033 183 1066 μύρου.
200 1032 248 1058 Διὸ
262 1032 309 1058 καὶ
326 1032 475 1065 ἀναγκαῖον
491 1032 620 1067 παρεῖναι
635 1032 693 1059 τότε
708 1032 766 1066 μετ’
794 1032 873 1059 σύλα-

72 1077 159 1109 σειας
173 1086 205 1104 τε
221 1078 269 1104 καὶ
287 1078 376 1112 χαρᾶς
388 1076 513 1109 ἅπαντας
546 1077 638 1113 σχεδὸν
660 1078 724 1109 τοὺς
749 1079 872 1110 πιστοὺς,

73 1123 127 1149 καὶ
152 1122 298 1149 πιστεύειν
315 1123 354 1154 ὡς
380 1122 506 1158 πάρεισιν
532 1123 654 1158 ἄγγελοι,
681 1123 706 1150 οἶ
730 1125 872 1158 χαίρουσιν

73 1169 127 1195 ἐπὶ
144 1169 187 1195 svi.
204 1168 360 1203 ἀμαρτωλῷ
376 1168 549 1203 μετανοοῦντι
568 1177 575 1185 ·
591 1170 639 1195 καὶ
661 1169 701 1196 ὅτι
729 1169 873 1204 παραδίδο-

73 1223 125 1241 ται
140 1215 205 1241 τότε
215 1215 230 1241 ὁ
245 1214 442 1249 βαπτιζόμενος
459 1214 530 1249 ἁγίῳ
545 1215 653 1250 ἀγγέλῳ
669 1214 770 1249 φύλακι
787 1223 794 1232 '
825 1216 872 1242 καὶ

74 1258 160 1292 οὗτος
172 1260 252 1286 ἔσται
269 1259 385 1286 πάντοτε
400 1260 459 1294 μετ’
476 1259 570 1292 αὐτοῦ,
587 1260 620 1286 τὰ
633 1260 750 1294 φθονερὰ
764 1260 871 1288 διώκων

73 1307 221 1341 δαιμόνια,
242 1307 289 1333 καὶ
301 1306 392 1333 πᾶσαν
416 1306 550 1340 ἐπήρειαν
575 1306 622 1332 τοῦ
643 1305 803 1334 δολιωτάτου
827 1307 871 1342 ιχ·

75 1352 159 1387 θροῦ,
177 1352 237 1386 εἴτε
253 1351 335 1386 μόνον
350 1352 363 1378 ὀ
380 1350 540 1386 βαπτισθεὶς
554 1351 674 1386 καθαρὸν
690 1353 806 1387 τηρήσει
825 1353 871 1378 πί-

76 1406 139 1424 στει
153 1398 202 1424 καὶ
217 1398 310 1432 ἔργοις
328 1396 358 1423 τὸ
371 1397 523 1432 βάπτισμα,
537 1397 583 1424 καὶ
598 1398 636 1427 εἰς
651 1398 701 1433 τὴν
730 1397 870 1432 βασιλείαν

73 1443 210 1470 διασώσει
227 1443 322 1470 τοῦτον
339 1443 392 1469 τῶν
409 1443 540 1477 οὐρανῶν.
557 1443 617 1470 Ὅτι
632 1440 678 1470 οὖν
694 1444 823 1477 μέγιστον
837 1444 868 1470 τὸ

922 217 1056 244 committi
1081 223 1175 246 sancto
1197 219 1292 254 angelo
1320 220 1439 254 custodi,
1450 220 1497 254 qui
1523 228 1630 255 semper
1651 221 1704 248 erit

923 269 1019 289 cumeo
1046 263 1184 291 mortifera
1209 264 1354 299 proﬁigans
1382 265 1514 294 daemonia
1539 273 1701 300 omnemque

921 307 1086 336 dolosissimi
1121 309 1225 337 inimici
1254 310 1394 343 insultum.
1416 312 1495 338 modo
1524 317 1629 340 tantum
1657 313 1704 339 ba-

923 355 1040 388 ptizatus
1068 362 1166 390 purum
1193 357 1325 384 custodiat
1361 357 1412 384 ﬁde
1445 362 1472 385 et
1497 358 1624 391 operibus
1656 359 1704 385 ba-

922 401 1062 434 ptismum,
1089 409 1206 437 eumque
1228 403 1254 430 in
1284 411 1396 438 regnum
1422 404 1551 432 cwlomm
1577 404 1702 431 salvabit.

923 446 1007 480 igitur
1028 447 1155 481 quoniam
1179 449 1326 476 maximum
1351 453 1393 477 est
1405 457 1473 484 opus
1487 449 1570 476 divini
1595 449 1698 483 baptis-

924 494 1014 523 matis.
1027 492 1087 519 ideo
1112 493 1188 527 prius
1201 494 1319 522 Ecclesia
1340 502 1390 529 per
1408 495 1542 529 pontiﬁcis
1560 495 1586 521 in
1603 495 1701 521 catho-

923 536 983 563 licis
996 536 1124 564 Ecclesiis
1146 538 1303 566 conferebat
1315 539 1480 573 baptismum
1497 538 1692 566 accadentibus

922 584 985 610 etin
1007 587 1128 618 tempore
1151 592 1205 619 quo
1222 585 1248 612 in
1266 585 1358 612 divino
1383 585 1518 612 sacriﬁcio
1540 585 1700 620 psallimus:

925 638 935 655 ι
951 629 1121 663 Quicumque
1149 629 1176 656 in
1192 630 1302 657 Christo
1313 631 1440 665 baptirati
1458 631 1534 663 estis,
1556 640 1565 656 ι
1581 635 1608 658 et
1633 637 1702 664 prae-

923 675 1003 710 cipue
1016 677 1042 703 in
1055 683 1154 711 magno
1165 676 1285 704 Sabbato
1300 682 1361 705 ante
1390 677 1510 705 divinum
1525 677 1702 709 sacri’icium,

926 723 1050 756 pluribus
1061 722 1138 751 lectis
1151 731 1166 751 e
1179 722 1279 750 divinis
1290 723 1428 757 prophetis
1441 723 1619 756 lectionibus;
1636 729 1703 756 quo-

923 768 995 796 niam
1008 768 1160 803 baptismus
1176 769 1363 796 sanctissimus
1375 769 1543 803 regeneratio
1556 772 1608 800 est,
1622 773 1649 794 ct
1661 775 1703 795 re-

924 813 1045 844 novatio,
1074 818 1100 841 et
1131 815 1266 849 purgatio,
1286 818 1314 841 et
1337 814 1510 846 iiluminatio,
1540 817 1568 841 ct
1587 813 1703 840 ﬁliorum

925 860 1046 893 adoptio,
1057 864 1084 887 et
1098 860 1195 893 gratia,
1216 865 1243 887 et
1259 860 1437 888 sanctiﬁcatio
1454 865 1481 888 ct
1503 864 1629 888 sexcenta
1651 858 1703 886 alia

923 913 984 941 quae
1000 905 1127 933 dixerunt
1142 904 1247 934 Patres.
1263 905 1354 933 Refert
1381 910 1471 934 autem
1486 906 1512 933 in
1524 905 1619 940 primis
1630 911 1704 932 mor-

924 957 977 980 tem
1003 951 1109 980 Christi
1121 955 1148 979 et
1174 952 1402 980 resurrectionem
1419 952 1500 979 tertia
1513 952 1557 979 die
1589 951 1701 982 factam.

923 997 995 1032 quod
1010 997 1196 1031 tempuszillud
1209 997 1318 1031 proprie
1326 997 1455 1031 declarat,
1470 998 1570 1033 quippe
1584 1006 1598 1024 a
1612 1003 1702 1026 morte

922 1044 1024 1072 Christi
1034 1044 1149 1079 ejusque
1165 1044 1291 1071 triduana
1304 1044 1442 1077 sepultura
1454 1049 1481 1072 et
1497 1045 1703 1073 resurrectione

923 1089 1152 1117 immortalitatem
1164 1093 1191 1117 et
1203 1084 1435 1125 incorruptionem
1446 1090 1610 1124 accepimus,
1627 1090 1702 1117 l‘ntu-

922 1142 1036 1169 tamque
1048 1134 1120 1162 illam
1139 1138 1332 1169 exspectamus
1347 1134 1573 1162 resurrectionem
1603 1138 1630 1162 et
1655 1142 1702 1162 re-

923 1181 1096 1208 novationem
1136 1185 1321 1214 aternamque
1353 1180 1435 1208 vitam
1464 1179 1543 1214 cujus
1573 1179 1702 1215 primitiae
1730 1188 1735 1193 ·

922 1226 1009 1254 factus
1026 1231 1065 1254 est
1081 1226 1206 1254 Christus
1231 1227 1277 1262 qui
1299 1233 1380 1260 quum
1405 1226 1481 1254 solus
1508 1225 1544 1253 sit
1558 1226 1618 1253 sine
1635 1233 1701 1260 pec-

921 1277 981 1300 cato
994 1280 1092 1307 passus
1105 1280 1154 1308 pro
1168 1272 1247 1300 nobis
1266 1271 1465 1307 peccatoribus,
1478 1272 1540 1299 licet
1553 1271 1622 1298 mori
1639 1278 1696 1299 non

920 1319 1031 1346 deberet
1041 1323 1134 1353 utpote
1148 1318 1259 1346 omnino
1275 1317 1380 1352 peccati
1392 1317 1533 1349 immunis,
1546 1324 1598 1352 pro
1622 1317 1701 1344 nobis

919 1368 1044 1392 mortuus
1059 1369 1111 1392 est.
1136 1363 1203 1391 Nam
1229 1368 1370 1397 peccatum
1394 1367 1435 1391 est
1460 1363 1556 1390 mortis
1571 1363 1694 1394 aculeus.

919 1410 1149 1438 utdicuntlsaias
1166 1414 1193 1438 et
1219 1409 1329 1441 Paulus,
1355 1416 1403 1436 seu
1421 1409 1596 1444 principium,
1624 1408 1699 1436 radix

919 1461 1000 1490 atque
1017 1460 1124 1483 auctor.
1137 1456 1197 1491 ipse
1207 1463 1271 1483 vcro
1286 1455 1410 1483 Christus
1424 1456 1475 1482 etsi
1491 1459 1630 1489 peccatum
1647 1461 1699 1481 non

74 1490 161 1524 ἔργον
172 1488 219 1515 τοῦ
242 1488 378 1515 θειοτάτου
399 1488 595 1523 βαπτίσματος,
609 1489 652 1516 διὰ
666 1489 744 1516 τοῦτο
769 1490 867 1524 πρότε-

923 1503 1041 1535 fccisset,
1061 1510 1146 1536 neque
1167 1502 1277 1529 deberet
1293 1501 1374 1534 mori,
1398 1508 1448 1535 pro
1475 1500 1552 1527 nobis
1577 1504 1700 1527 mortuus

75 1543 127 1567 ρον
142 1534 190 1560 καὶ
204 1534 221 1568 ἡ
245 1533 393 1569 Ἐκκλησία
409 1534 452 1560 διὰ
467 1534 520 1560 τῶν
533 1534 683 1569 ἀρχιερέων
706 1536 735 1561 ἐν
747 1536 806 1566 ταῖς
820 1543 867 1561 κα-

75 1581 202 1611 θολικῶς
213 1580 374 1614 ἐκκλησίαις
394 1580 511 1606 ἐποιεῖτο
519 1580 552 1607 τὰ
566 1580 619 1607 τῶν
635 1583 866 1616 προσερχομένων

76 1626 272 1660 βαπτίσματα,
290 1627 338 1652 καὶ
355 1625 415 1652 καθ’
431 1626 461 1652 ὅν
481 1627 576 1662 καιρὸν
592 1627 621 1653 ἐν
636 1627 695 1658 ταῖς
711 1627 820 1661 ἑορταῖς
834 1628 866 1662 τῇ

76 1673 137 1708 θείᾳ
156 1672 326 1706 λειτουργίᾳ,
342 1672 382 1704 τὸ,
399 1681 408 1697 ι
420 1672 498 1698 Ὅσοι
511 1673 550 1702 εζς
569 1673 687 1707 Χριστὸν
701 1672 867 1706 ἐϐαπτίσθη-

76 1727 118 1749 τε,
135 1727 145 1743 r
163 1717 316 1752 ψάλλομεν,
330 1717 375 1742 καὶ
400 1717 519 1751 μάλιστα
533 1718 564 1752 δὴ
578 1718 616 1752 τῷ
633 1718 743 1752 μεγάλῳ
761 1717 866 1744 Σαϐϐά-

76 1772 119 1799 τῳ
131 1764 188 1800 πρὸ
201 1763 252 1797 τῆς
269 1763 344 1796 θείας
361 1764 527 1800 ἱερουργίας,
546 1763 599 1790 τῶν
615 1764 720 1790 πολλῶν
734 1764 866 1798 ἀναγινω-

77 1810 224 1844 σκομένων
241 1810 463 1844 ἀναγνωσμάτων
478 1809 532 1836 ἀπὸ
544 1809 596 1836 τῶν
612 1810 691 1836 θείων
705 1810 865 1845 προφητῶν.

82 1853 197 1889 Ἐπειδὴ
218 1854 248 1880 τὸ
273 1853 420 1889 ίερὼτστον
447 1854 590 1889 βάπτισμα
617 1855 665 1881 καὶ
689 1855 866 1891 ἀναγεννησις

76 1901 150 1932 ἐστι,
166 1900 215 1927 καὶ
228 1900 388 1932 ἀνάκλασις,
403 1900 537 1936 κάθαρσίς
549 1909 579 1927 τε
595 1903 644 1927 καὶ
658 1901 798 1936 φωτισμδς
818 1901 866 1927 καὶ

77 1945 213 1977 υἱοθεσία,
225 1946 273 1972 καὶ
290 1947 413 1982 χάρισμα
427 1947 472 1973 καὶ
488 1946 635 1981 ἁγιασμὸς,
650 1948 697 1974 καὶ
715 1946 800 1981 μυρία
816 1947 866 1973 ὅσα

78 1995 168 2025 φασὶν
185 1994 209 2019 ιι
225 1993 358 2027 Πατέρες.
377 1992 465 2020 Tum!
481 1993 509 2020 δὲ
520 1993 667 2028 ἐξαιρέτως
685 1993 731 2019 τὸν
753 1993 866 2020 θάνατον

77 2039 128 2066 τιαῦ
146 2039 277 2074 Χριστοῦ.
295 2039 343 2066 καὶ
356 2038 405 2074 τὴν
418 2039 569 2074 τριήμερον
580 2038 698 2074 ἔγερσιν.
725 2038 757 2065 '0
771 2038 802 2073 δὴ
819 2039 866 2064 καὶ

76 2087 92 2113 ὁ
108 2086 206 2120 καιρὸς
227 2085 329 2116 ἐκεῖνος
353 2084 543 2119 καθαρώτερον
563 2084 692 2120 παριστᾷ.
724 2084 789 2111 Ἀπὸ
811 2083 865 2119 γὰρ

76 2131 127 2158 τοῦ
149 2130 264 2157 θανάτου
276 2129 322 2156 τοῦ
335 2129 451 2164 Χριστοῦ
473 2130 520 2157 καὶ
535 2128 584 2164 τῆς
597 2129 747 2164 τριημιρου
776 2128 865 2164 ταφῆς

77 2176 188 2211 καὶτῆς
203 2176 376 2206 ἀναστάσεως
403 2175 451 2210 τὴν
475 2174 624 2202 ἀθανασίαν
645 2175 691 2201 καὶ
711 2175 866 2209 ἀφθαρσίαν

78 2223 227 2255 ἐλάϐομεν,
242 2220 290 2248 καὶ
318 2221 368 2255 τὴν
398 2220 547 2255 μέλλουσαν
581 2221 690 2254 ἐκείνην
724 2221 868 2255 ἐλπίζομεν

79 2267 230 2294 ἁνάστασὶν
249 2275 278 2292 τε
294 2268 340 2292 καὶ
353 2266 536 2298 ἁνακαιίνισιν,
555 2267 603 2293 καὶ
626 2265 699 2301 ζωὴν
724 2267 774 2300 τὴν
801 2266 866 2292 αἰώ-

80 2323 146 2344 νιον.
163 2311 196 2348 ἦς
211 2313 305 2347 γέγονε
318 2314 432 2348 Χριστὸς
444 2313 567 2348 ἀπαρχὴ,
583 2314 596 2340 ὁ
624 2313 704 2348 μόνος
734 2313 771 2339 ὢν
802 2314 868 2339 ἀνα-

80 2361 232 2395 μάρτητος,
252 2359 345 2386 παθὼν
358 2359 427 2393 ὑπὲρ
443 2359 521 2394 ἡμῶν
545 2359 598 2385 τῶν
621 2358 802 2393 ἁμαρτωλῶν,
820 2359 868 2385 καὶ

78 2408 91 2431 ὁ
107 2406 146 2441 μὴ
162 2405 278 2439 ὀφείλων
295 2406 449 2435 ἀποθανεῖ).
468 2404 505 2435 ὠς
531 2405 571 2440 μὴ
593 2405 757 2440 ἁμαρτήσας
786 2405 865 2438 ὅλως,

79 2452 150 2486 ὑπὲρ
165 2451 245 2486 ἡμῶν
259 2450 412 2477 ἀποθανών.
438 2451 469 2477 Ἡ
484 2451 538 2485 γὰρ
554 2451 675 2486 ἁμαρτία
691 2450 738 2477 τοῦ
752 2451 866 2477 θανάτου

80 2499 138 2524 ἐστὶ
150 2498 180 2524 τὸ
195 2498 318 2532 κέντρα),
336 2497 373 2528 ὡς
395 2498 427 2523 Ἦ
435 2498 508 2528 mia;
523 2497 570 2524 καὶ
603 2497 707 2527 Παῦλος
728 2497 864 2531 λέγουσιν,

79 2543 251 2577 ἡτοιὴἀρχὴ
277 2543 324 2568 καὶ
355 2543 416 2577 ῥίζα
443 2544 489 2569 καὶ
522 2543 659 2578 πρόξενος.
686 2543 772 2574 Αὐτὸς
799 2543 828 2569 δὲ
853 2544 866 2569 ὁ

80 2588 197 2623 Χριστος
213 2589 250 2622 μὴ
265 2588 423 2622 πεποιηκὼς
448 2589 596 2622 ἁμαρτίαν,
622 2589 669 2614 καὶ
693 2588 730 2623 μὴ
752 2587 867 2622 όφεῦων

80 2633 242 2662 ὰπσθανεῖν,
254 2633 372 2658 ἀπέθανε
387 2633 419 2659 δι’
434 2634 506 2668 ἡμᾶς
524 2641 530 2648 ·

80 2680 167 2712 γήσας
183 2678 229 2704 τὸν
249 2677 373 2710 θάνατον,
396 2679 585 2714 ὲξεγήγερται,
618 2680 665 2706 καὶ
689 2680 720 2705 τὰ
744 2680 865 2714 ἡμέτερα

80 2723 152 2758 πάοη
164 2723 213 2749 καὶ
228 2723 278 2753 τὴν
294 2724 455 2759 κατάκρισιν
479 2725 566 2758 ἔλυσε,
596 2725 690 2751 παθὼν
716 2726 729 2751 ὁ
757 2726 865 2760 ἀπαθὴς

78 2769 111 2795 δι’
126 2768 225 2796 ἑαυτοῦ
241 2776 248 2784 ·
265 2770 408 2804 γενόμενὸς
422 2780 451 2797 τε
474 2772 592 2807 ἀρχηγὸς
609 2774 656 2808 τῆς
678 2774 751 2808 ζωῆς
774 2773 864 2807 ἡμῶν,

80 2815 115 2847 εἰς
132 2815 193 2846 τοὺς
224 2814 355 2850 οὕρανοὺς
389 2810 537 2853 ἁνέλήφοη.
559 2819 614 2846 Καὶ
641 2820 665 2846 οι
698 2819 864 2854 ενῖεδνμὲιςι

548 2634 594 2660 καὶ
614 2634 656 2660 διὰ
671 2633 748 2661 τοῦτο
766 2642 866 2668 καταρ-

918 1553 969 1580 est.
996 1553 1033 1581 et,
1058 1553 1148 1575 morte
1172 1547 1276 1575 devicta
1309 1547 1475 1578 resurrexit,
1505 1546 1700 1580 passionesquu

919 1597 1024 1621 nostras
1043 1596 1069 1620 et
1086 1592 1286 1619 damnationem
1304 1592 1382 1619 solvit
1396 1592 1522 1626 patiendo
1544 1591 1589 1626 qui
1607 1598 1654 1625 per
1668 1597 1699 1618 se

918 1644 975 1666 erat
1003 1637 1175 1673 impassibilis
1190 1645 1198 1671 ;
1218 1636 1305 1664 factus
1327 1645 1435 1672 quoque
1451 1638 1504 1664 dux
1521 1637 1583 1664 vita:
1599 1641 1699 1664 nostra:

919 1685 946 1711 in
961 1684 1045 1711 caelos
1057 1689 1212 1718 assumptus
1237 1687 1289 1715 est,
1302 1687 1329 1710 et
1347 1691 1395 1711 nos
1415 1683 1461 1718 qui
1482 1683 1558 1710 illum
1576 1683 1604 1710 in
1630 1683 1698 1716 bap-

917 1731 998 1758 tismo
1011 1730 1149 1758 induimus
1170 1738 1184 1757 a
1202 1729 1272 1757 cmlo
1288 1737 1348 1757 eum
1364 1735 1565 1765 exspectamus,
1587 1729 1698 1765 quando

916 1783 967 1802 nos
979 1774 1150 1802 resuscitahit
1165 1780 1193 1802 ct
1206 1774 1489 1809 incorruptibilitatem
1506 1782 1620 1809 prorsus
1646 1774 1698 1802 tri-

918 1819 979 1846 buet
993 1820 1071 1855 cujus
1085 1820 1180 1847 arrhas
1202 1819 1282 1848 modo
1296 1827 1342 1854 per
1358 1820 1523 1855 baptismum
1552 1819 1637 1847 dedit.
1655 1819 1699 1847 Si.

917 1865 1017 1892 militcr
1032 1870 1060 1893 et
1077 1865 1103 1892 in
1124 1865 1198 1892 omni
1213 1869 1335 1900 tempore
1351 1866 1535 1893 necessarium
1552 1869 1594 1893 est
1608 1865 1698 1899 bapti-

917 1918 990 1944 zare,
1008 1918 1043 1938 ne
1056 1911 1120 1946 quid
1150 1911 1314 1938 incommodi
1333 1910 1447 1938 fortasse
1473 1910 1580 1938 accidat
1604 1915 1632 1938 et
1645 1910 1696 1937 ali-

916 1957 978 1991 quis
990 1964 1043 1984 non
1053 1956 1242 1984 sanctiﬁcatus
1251 1956 1374 1989 decedat,
1384 1955 1410 1983 id
1422 1960 1465 1983 est
1476 1957 1535 1983 sine
1548 1955 1695 1989 baptismo,

915 2006 943 2030 et
960 2002 1055 2037 ingens
1068 2001 1131 2029 inde
1144 2001 1196 2029 erit
1215 2001 1362 2034 damnum;
1383 2001 1430 2036 qui
1446 2001 1518 2028 enim
1533 2008 1586 2027 non
1611 2001 1700 2035 bapti-

916 2053 993 2075 zatus
1010 2047 1102 2078 fuerit.
1117 2054 1170 2075 non
1193 2047 1285 2075 salvus
1300 2046 1361 2074 erit.
1378 2045 1490 2081 Oportet
1500 2050 1600 2078 autem.
1613 2053 1699 2080 quan-

915 2098 972 2120 tum
992 2091 1049 2120 fieri
1065 2096 1162 2127 potest,
1179 2092 1325 2126 baptismos
1345 2099 1406 2119 cum
1421 2091 1592 2118 solemnitate
1611 2096 1637 2118 et
1650 2098 1686 2125 po

916 2140 1011 2164 testate
1022 2136 1151 2169 conferri.
1162 2136 1382 2171 sacerdotemque
1393 2144 1452 2164 esse
1459 2136 1612 2171 diligentem
1621 2141 1645 2164 et
1655 2144 1704 2164 so-

881 2183 903 2210 D
917 2183 1017 2215 brium.
1033 2191 1095 2210 nam
1109 2183 1254 2209 maximum
1267 2181 1312 2209 Dei
1323 2190 1391 2217 opus
1400 2187 1536 2217 operatur.
1549 2182 1702 2216 nempelto-

920 2229 1001 2256 minis
1011 2229 1243 2256 instaurationem.
1259 2228 1310 2256 Sed
1321 2229 1353 2255 ad
1364 2229 1531 2264 propositum
1545 2228 1701 2256 redeamus.

920 2275 1060 2302 f‘rmeunte
1076 2274 1214 2310 pontiﬁce,
1223 2274 1331 2302 adducit
1350 2274 1515 2309 baptizatum
1532 2281 1650 2309 sponsor
1669 2274 1702 2299 ad

919 2328 1023 2349 sacrant
1038 2320 1182 2355 piscinam,
1204 2327 1273 2354 prms
1285 2319 1399 2347 libenter
1411 2319 1593 2346 accedentem.
1607 2319 1703 2346 Adstat

918 2366 1040 2402 pontifex
1054 2365 1193 2393 Christum
1207 2367 1294 2400 ipsum
1310 2365 1440 2396 referens,
1458 2365 1517 2398 ejus
1536 2364 1637 2391 habens
1654 2371 1702 2398 po-

919 2416 1055 2443 testatem.
1071 2415 1097 2439 et
1114 2411 1232 2446 repletur
1251 2411 1353 2445 piscina
1370 2410 1439 2444 aqua
1455 2409 1599 2436 Jordanem
1615 2409 1703 2442 expri-

918 2465 1006 2484 mens.
1025 2457 1221 2484 Accendnntur
1231 2456 1310 2483 etiam
1326 2454 1428 2482 lutnina
1441 2454 1540 2488 quibus
1550 2455 1702 2481 ostenditur

919 2503 1038 2537 Spiritus
1055 2503 1230 2534 illuminalio,
1250 2507 1273 2528 cl
1289 2502 1357 2535 quia
1377 2501 1529 2536 baptizatus
1539 2509 1571 2528 ex
1584 2501 1702 2528 tenebris

919 2550 1037 2576 rcnitad
1054 2550 1140 2576 lucem
1158 2555 1184 2576 ct
1198 2548 1254 2583 jam
1271 2548 1300 2575 ﬁt
1318 2548 1389 2575 ﬁlius
1405 2548 1483 2575 lucis.
1500 2548 1609 2576 Circum
1634 2548 1701 2574 alta-

918 2603 947 2622 rc
959 2596 1021 2622 thus
1036 2594 1155 2621 incendit
1172 2593 1302 2627 pontifex,
1316 2585 1416 2621 bonum
1432 2594 1544 2621 odorem
1561 2597 1588 2620 et
1602 2592 1701 2620 sancti-

919 2640 1071 2666 licationcm
1102 2638 1219 2671 Spiritus
1250 2638 1417 2673 significans.
1448 2638 1493 2672 qtti
1525 2645 1632 2664 onmem
1653 2637 1702 2663 luit

918 2690 1089 2721 peccatorqu
1102 2685 1236 2716 faetorem,
1248 2690 1360 2712 sanctus
1375 2686 1446 2712 enim
1457 2684 1584 2719 Spiritus.
1602 2682 1703 2709 Deinde

927 2732 950 2758 lu
960 2731 1098 2758 ncdicitet
1109 2730 1227 2757 celebrat
1247 2730 1364 2765 pontifex
1383 2737 1492 2764 regnum
1524 2733 1624 2755 sanctae
1643 2727 1701 2754 Tri-

917 2777 1010 2803 uitatis
1026 2776 1107 2803 unius
1125 2775 1182 2809 Dci,
1199 2783 1261 2802 nam
1276 2776 1332 2810 ipsa
1366 2779 1460 2809 regnat
1484 2773 1550 2806 sola,
1576 2778 1603 2800 et
1627 2779 1702 2800 nune

918 2822 1039 2858 regnarit
1055 2830 1068 2849 a
1084 2821 1201 2855 maligno
1231 2821 1348 2856 eripiens
1367 2820 1466 2848 mundo
1495 2824 1699 2854 rcgcneratum.
