1936 3040
235 101 287 133 227

236 156 307 191 quod
322 159 362 182 est
375 152 501 189 unguenti
512 152 683 188 pratemium,
696 157 787 186 postea
797 157 886 178 autem
896 157 1017 185 ungueu-
1031 155 1054 181 Α

237 205 306 227 tum.
326 200 358 226 At
375 203 470 233 putare
485 198 547 225 licet
557 201 679 225 sanctum
695 197 854 232 Dionysium
864 197 915 223 bac
926 195 1015 223 oleum

239 249 332 280 utpote
346 244 473 278 unguenti
498 242 660 277 prooemium
678 247 842 277 unguentum
870 241 1015 275 appellare,

237 290 364 326 quoniam
380 290 405 316 in
418 296 449 316 eo
464 289 571 324 quidem
587 288 740 323 baptizatus
764 286 927 322 principium
946 286 1018 312 acci-

238 338 276 373 pit
292 335 526 367 sanctiﬁcationis,
539 340 565 362 et
577 335 609 362 ad
626 334 716 362 divina
732 334 843 368 ungitur
856 332 1017 361 certamina.

240 383 374 418 νοειιψίυε
389 387 479 410 autem
497 382 614 416 perfecte
631 381 809 409 conﬁrmatur
826 384 853 406 et
866 379 1017 406 sanctiﬁca-

239 434 282 456 lur
293 434 373 463 atque
387 428 509 463 signatur
524 431 660 462 unguento
674 427 767 462 gratia:
780 424 1017 460 prtestantissimo.

238 475 301 502 Ideo
315 475 347 501 de
365 475 471 501 duobus
486 474 512 500 in
530 473 664 508 baptismo
679 473 707 499 lit
719 471 859 499 memoria.
892 468 1020 496 Pontifex

237 527 313 551 vero,
329 514 472 554 postquam
502 518 702 546 consecraverit
727 517 827 548 oleum,
852 515 1019 549 baptizatum

237 565 400 594 Sanctiﬁcat.
427 564 478 592 Sed
495 572 556 599 quae
583 568 641 590 erat
670 563 820 591 necessitas
846 561 1019 596 baptizatum

237 616 329 646 postea
340 614 478 645 unguento
490 608 572 641 liniri,
580 608 603 635 si
614 608 640 635 in
650 607 808 642 baptismate
816 609 888 633 esset
898 612 1022 638 unguen-

238 661 295 684 tutn
306 656 318 683 i
330 656 413 690 Igitur
427 663 460 682 ex
476 655 526 682 hoc
538 654 597 682 oleo
609 654 686 688 ungit
697 653 755 689 ipse
773 653 893 688 primum
907 651 1020 686 jamjam

238 701 432 737 baptizandum
451 701 544 729 dicens
561 708 570 728 λ
597 709 608 726 ι
624 699 740 735 Ungitur
768 699 818 726 iste
835 699 896 725 oleo
923 697 1022 734 laetitia:

237 749 266 776 in
282 748 392 776 nomine
407 746 561 774 Trinitatis.
578 753 588 771 ι
603 745 652 773 Est
665 749 755 772 autem
783 743 875 771 laetitia
905 742 1022 777 Spiritus

238 793 285 828 qui
299 799 349 819 nos
361 791 429 818 bene
441 795 469 818 et
479 789 598 824 jucunde
620 789 711 817 salvos
737 788 819 822 facit;
836 787 935 816 clamat
949 787 1021 815 enim

239 838 323 865 David
338 846 346 864 :
363 846 372 863 ε
388 836 481 864 Redde
495 835 561 863 mihi
575 835 694 862 laetitiam
708 834 841 862 Salutaris
857 834 905 866 tui,
921 839 947 861 et
962 833 1022 868 Spi-

239 883 293 910 ritu
310 882 453 917 principali
467 881 597 908 conﬁrma
613 888 665 908 me.
680 889 690 906 ι
708 879 810 908 Deinde
825 887 839 906 ιι
857 879 944 914 capite
976 886 1023 913 per

240 929 385 964 quemdam
405 927 552 956 diaconum
582 931 629 954 aut
645 926 800 954 ministrum
818 929 905 958 totum
924 931 1022 960 corpus

241 975 371 1009 ungitur;
386 974 485 1008 quippe
496 973 531 1000 ad
560 972 649 999 divina
670 971 818 999 certamina
831 971 942 998 omnino
956 977 1023 1005 pra:-

241 1026 362 1055 paratur,
374 1028 428 1047 non
439 1019 509 1046 enim
521 1024 548 1046 ttt
561 1018 638 1045 cadat
651 1018 775 1050 accessit,
788 1017 835 1044 sed
849 1017 1022 1044 utChristum

241 1067 364 1094 imitetur
375 1074 454 1101 quem
473 1065 572 1097 induit,
588 1069 615 1092 et
640 1068 733 1092 contra
746 1064 894 1099 malignum
923 1066 1024 1098 pugnet

239 1118 267 1141 et
282 1113 352 1140 sicut
365 1112 404 1139 \‘ir
424 1112 565 1142 decertet;
582 1110 715 1137 luctantes
735 1116 799 1136 vero
811 1109 948 1144 quondam
965 1109 1024 1135 oleo

241 1166 350 1187 carnem
364 1157 531 1186 oblinebant.
548 1155 626 1183 Tunc
641 1163 705 1190 ergo
717 1155 743 1182 in
758 1162 858 1189 aquam
873 1154 1024 1188 ingreditur

241 1206 355 1233 omnino
368 1203 469 1236 nudus,
488 1203 716 1238 quemadmodum
733 1207 813 1229 natus
826 1206 868 1229 est
880 1205 906 1228 et
920 1201 1024 1235 primus

241 1250 389 1285 plnsmatus
401 1254 442 1275 est
459 1248 557 1280 homo;
576 1247 622 1274 sed
642 1247 685 1274 hic
695 1247 804 1281 quidem
817 1246 934 1274 divinam
951 1246 1023 1273 illam

243 1295 360 1329 primum
378 1293 495 1320 habebat
509 1292 618 1323 stolam,
635 1297 673 1323 ct,
689 1292 752 1319 licet
770 1292 859 1320 nudus
872 1297 952 1325 esset,
970 1299 1023 1318 non

242 1340 436 1372 erubescebat;
452 1346 522 1366 nunc
542 1346 606 1366 vero
623 1338 713 1366 nudus
733 1344 812 1366 natus
825 1338 853 1366 in
869 1346 952 1366 carne
975 1340 1027 1365 fert

242 1386 319 1421 signa
340 1384 514 1419 turpitudinis
531 1388 557 1411 et
583 1384 827 1419 transgressionis;
855 1385 902 1412 sed
928 1391 1026 1419 aquam

243 1436 365 1459 nunciam
382 1431 521 1466 ingressus
551 1429 654 1464 peccati
688 1429 797 1464 quidem
833 1429 1026 1463 turpitudinem

242 1477 342 1513 rejicit,
358 1475 567 1504 immortalitatis
582 1480 670 1502 autem
700 1475 810 1510 gloriam
825 1479 852 1502 et
881 1474 1026 1502 indumen-

243 1529 300 1550 tum
313 1522 422 1557 aecipit.
440 1521 489 1548 illo
501 1520 575 1548 enim
590 1527 606 1547 a
622 1519 711 1554 capite
726 1519 753 1546 in
769 1526 822 1554 quo
837 1522 902 1546 sunt
929 1526 1025 1546 omnes

243 1576 342 1597 sensus
357 1572 384 1595 et
398 1567 468 1602 viget
484 1566 590 1600 imperii
603 1565 718 1593 facultas
736 1565 917 1600 deprehenso,
944 1569 971 1596 et
998 1565 1025 1591 iu

243 1623 342 1651 aquam
356 1613 440 1642 semel
450 1613 586 1646 demerso,
597 1611 714 1647 pontifex
730 1619 778 1639 seu
811 1612 938 1639 sacerdos
970 1611 1025 1638 cla-

232 1662 317 1688 mat:
333 1669 342 1686 I
357 1659 512 1693 Baptizatur
523 1658 573 1685 iste
588 1664 683 1685 servus
700 1656 744 1683 Dei
756 1656 781 1683 in
793 1657 902 1683 nomine
912 1655 1024 1688 Patris,»

244 1711 272 1734 ct
284 1706 374 1734 statim
388 1713 450 1732 eum
470 1703 593 1731 retrahit.
611 1702 707 1731 Postea
718 1702 835 1729 demittit
866 1701 962 1729 iterum
987 1701 1029 1728 di-

243 1760 310 1781 cens
328 1761 335 1780 :
353 1760 363 1777 ι
382 1755 410 1778 et
426 1749 499 1783 Filii,
517 1758 527 1775 ι
553 1753 582 1777 et
611 1748 708 1776 iterum
743 1748 866 1777 retrahit.
885 1749 915 1776 Et
949 1749 1029 1776 tertio

244 1798 363 1828 demittit
375 1798 489 1826 dicens:
506 1805 516 1823 t
531 1801 559 1825 et
573 1795 693 1831 Spiritus
703 1795 799 1823 sancti.
813 1805 822 1821 ι
841 1795 873 1822 Et
900 1794 940 1822 sic
966 1802 1028 1822 eum

245 1845 337 1876 educit
353 1843 551 1872 sanctiﬁcatum
569 1841 742 1869 divinissimo
755 1841 928 1876 baptismate,
948 1840 1029 1867 simul

246 1891 355 1926 quidem
371 1898 419 1925 per
433 1893 553 1918 sanctam
569 1887 728 1915 Trinitatem
748 1894 811 1914 eum
837 1887 990 1913 instaurans
1003 1890 1030 1913 et

245 1937 430 1970 sanctiﬁcans,
446 1939 473 1963 et
487 1939 543 1963 tres
554 1934 719 1970 personasin
732 1941 786 1960 una
803 1933 902 1960 deitate
932 1932 1031 1967 pracdi-

245 1991 322 2017 cans,
338 1983 451 2010 dicendo
466 1981 519 2022 λιιι
533 1981 653 2017 nomine,
669 1979 739 2015 quod
754 1980 883 2007 unitatem
901 1978 1031 2006 Dirinita-

245 2031 280 2058 tis
296 2030 393 2064 aperit,
412 2020 508 2056 deinde
528 2027 624 2058 Patris,
642 2032 668 2054 et
683 2020 745 2053 Filii
757 2031 783 2053 ct
795 2025 913 2060 Spiritus
930 2024 1029 2056 sancti,

245 2077 317 2109 quod
332 2075 469 2102 confessio
484 2078 526 2101 est
542 2075 623 2100 triuio
649 2072 802 2100 divinarum
828 2071 1031 2098 indivisibilium

246 2127 273 2148 et
286 2119 517 2148 inconlusibilium
533 2126 730 2154 personarum;
762 2118 844 2146 simul
877 2122 966 2144 autem
985 2124 1032 2151 per

1038 817 1059 846 Β

641 97 831 129 SYMEONIS
851 97 1227 134 THESSALONICENSIS
1250 97 1348 128 ARCH
1355 98 1393 127 [Ε
1400 99 1430 128 P.

1797 93 1876 127 2‘28

1070 149 1160 183 λέγει·
1190 150 1236 176 νῦν
1263 150 1291 176 δὲ
1319 150 1400 176 τοῦτο
1433 151 1552 184 ἐγχεῖται
1576 150 1608 177 τὸ
1631 150 1736 183 ἔλαιον,
1757 149 1882 184 προοί-

1067 203 1128 230 μ;ον
1153 195 1182 223 ὃν
1208 195 1254 222 τοῦ
1282 196 1385 230 μύρου·
1407 197 1437 222 τὸ
1460 196 1545 231 μύρον
1560 196 1588 223 δὲ
1618 196 1747 232 ὕστερον.
1777 196 1885 222 Ἔστι

1065 242 1094 268 δὲ
1120 242 1276 276 λογίσασθαι
1305 244 1352 269 καὶ
1378 243 1423 270 τδν
1448 243 1519 277 ἱερὸν
1537 243 1687 276 Διονύσιον,
1715 243 1800 269 τοῦτο
1840 242 1884 268 τ’)

1067 288 1155 314 ἔλαιον
1179 289 1215 320 ὡς
1235 289 1376 323 προοίμιον
1399 289 1446 316 τοῦ
1474 289 1560 324 μύρου
1584 289 1669 323 μύρον
1695 289 1805 320 καλεῖν,
1830 287 1885 318 ὡς

1066 335 1110 361 διὰ.
1136 335 1230 361 τούτου
1262 334 1311 369 μὲν
1335 335 1382 361 τοῦ
1408 334 1608 369 βαπτιζομένου
1625 335 1757 369 ἀπαρχὴν
1785 333 1883 366 λαμ-

1068 381 1195 410 ϐάνοντος
1213 380 1260 406 τοῦ
1276 380 1423 414 άγιασμοῠ,
1437 379 1565 414 καὶπρὸς
1586 379 1649 411 τοῦς
1665 379 1757 410 θείους
1785 379 1885 412 ἀγῶ-

1070 435 1118 458 νας
1135 425 1326 461 ἁλειφομένου,
1342 425 1456 460 ὕστερον
1469 426 1497 452 δὲ
1527 426 1719 461 ὲνισχυομένου
1745 425 1884 455 τελείως

1069 472 1311 506 καὶτελειουμένου
1326 472 1372 498 καὶ
1396 471 1610 507 σφραγιζομένου
1626 472 1666 506 τῷ
1696 471 1885 504 τελεωτάτῳ

1071 514 1149 554 μύρῲ
1159 518 1211 553 τῆς
1224 519 1346 553 χάριτος.
1365 518 1411 545 Διὸ
1425 519 1471 545 καὶ
1485 519 1540 545 τῶν
1554 518 1601 546 δύο
1628 518 1732 545 τούτων
1762 518 1795 544 ιν
1827 517 1884 551 τῷ

1071 564 1241 599 βαπτίσματι
1270 565 1416 600 μέμνηται.
1450 565 1480 591 ’0
1503 565 1531 591 δὲ
1560 565 1708 600 ἀρχιερεὺς
1733 564 1811 599 μετά
1842 564 1885 589 τὸ

1070 610 1184 644 ἁγιάσαι
1195 609 1226 637 τδ
1238 609 1327 637 ἔλαιον
1353 610 1398 637 τὸν
1429 610 1613 646 βαπτισθέντα
1634 610 1746 637 τελειοί.
1777 609 1884 636 ’Δλὶὰ

1071 656 1118 683 καὶ
1129 655 1170 688 τίς
1184 653 1219 690 ἦν
1242 656 1321 691 χρεία
1345 656 1393 683 τὸν
1420 655 1619 692 βαπτιζόμενον
1641 655 1757 690 ὕστερον
1780 655 1881 690 μύρῳ

1071 701 1207 736 χρίεσθαι,
1221 702 1246 728 εί
1261 702 1289 728 ὲν
1319 701 1357 737 ἰᾦ
1370 701 1537 736 βαπτίσματι
1561 700 1596 737 ἦν
1616 702 1648 728 τὸ
1676 703 1766 737 μύρον
1783 709 1792 734 ;
1817 701 1881 728 Ἐκ

1071 746 1166 773 τούτου
1180 745 1282 773 οὖντοῦ
1293 747 1381 773 ἐλαίου
1399 747 1471 782 χρίει
1496 747 1604 782 πρῶτον
1622 747 1704 778 αὐτὸς
1734 747 1782 773 τὸν
1813 747 1878 782 ἤδη

1075 792 1203 826 μέλλοντα
1230 791 1421 827 βαπτισθῆναι,
1452 802 1462 819 ι
1484 792 1611 828 Χρίεται,
1639 793 1739 827 λέγων,
1761 793 1879 820 ὁδεῖνα.

1073 837 1161 864 ἔλαιον
1174 838 1358 871 ἀγαλλιάσεως
1374 838 1414 869 είς
1425 838 1454 865 τὸ
1465 837 1550 873 ὖνομα
1572 839 1623 872 τῆς
1639 839 1767 873 Τριάδος.
1791 849 1802 865 ι
1835 840 1879 865 Ὶι

1076 883 1237 918 ἀγαλλίασις
1253 883 1281 910 δὲ
1306 884 1423 919 ὑπάρχει
1451 885 1499 911 τοῦ
1524 885 1693 919 ῐΙνεύμα-ιος,
1727 885 1880 917 σώζοντος

1072 930 1146 964 ἡμᾶς
1160 929 1269 964 άγαθῶς
1284 938 1313 956 τε
1329 930 1376 957 καὶ
1400 930 1509 965 ίλαρῶς.
1531 940 1540 957 ε
1559 931 1669 963 Ἀπόδος
1683 939 1729 966 μοι
1740 932 1797 966 γὲρ
1815 931 1877 966 τὴν

1073 975 1231 1009 ἀγαλλίασιν
1245 976 1292 1002 τοῦ
1308 976 1446 1011 Σωτηρίου
1459 985 1515 1008 σου,
1529 977 1543 1003 6
1571 977 1654 1003 Δαὸὶδ
1677 976 1795 1011 ἀναϐοᾷ,
1818 978 1876 1003 καὶ

1074 1022 1214 1057 Πνεύματι
1229 1023 1386 1057 ἡγεμονικῷ
1403 1021 1531 1058 στήριξόν
1554 1031 1601 1058 με.
1620 1032 1629 1048 ι
1644 1020 1713 1049 Εἶτα
1740 1023 1797 1049 ἀπὸ
1821 1031 1875 1048 κε-

1075 1068 1163 1102 φαλῆς
1177 1068 1228 1095 ὐπὸ
1244 1077 1316 1099 τινος
1332 1069 1484 1104 διακόνουῆ
1504 1069 1641 1104 ὑπηρέτου
1653 1069 1714 1095 ὅλον
1727 1068 1758 1094 τδ
1782 1069 1876 1102 σῶμα

1075 1114 1191 1149 χρίεται.
1214 1114 1287 1149 Πρὸς
1310 1115 1364 1150 γὰρ
1392 1115 1454 1146 τοὺς
1483 1115 1572 1146 θείους
1597 1114 1705 1148 ἀγῶνας
1731 1115 1875 1145 ὁλοτελῶς

1076 1159 1276 1194 εὐτρεπίζεται.
1293 1160 1359 1187 Οὐδὲ
1375 1161 1428 1196 γὰρ
1442 1160 1486 1188 ἵνα
1509 1160 1714 1191 άναπεπτωκὼς
1732 1158 1761 1196 ᾖ,
1778 1169 1875 1194 προσ-

1074 1205 1165 1240 ἦλθεν,
1197 1205 1254 1232 ἀλλ’
1272 1206 1315 1232 ῖνα
1332 1207 1448 1241 μιμῆται
1471 1207 1517 1233 τὸν
1534 1206 1663 1241 Χριστὸν,
1679 1206 1709 1232 ὂν
1726 1207 1873 1238 ἐνδύεται,

1076 1254 1121 1278 καὶ
1134 1252 1204 1278 κατὰ
1215 1251 1261 1278 τοῦ
1276 1252 1394 1286 πονηροῦ
1407 1253 1508 1287 παλαίῃ
1522 1261 1550 1279 τε
1561 1252 1608 1279 καὶ
1623 1253 1796 1288 ἀνδρίζητειι.
1809 1255 1874 1280 Kai

1076 1299 1101 1324 oi
1118 1297 1314 1331 ἀγωνιζόμενοι
1328 1297 1356 1323 δὲ
1374 1299 1407 1333 τῇ
1425 1299 1508 1333 σαρκὶ
1523 1298 1605 1332 ἐλαίῳ
1624 1300 1709 1325 πάλαι
1738 1300 1874 1333 ἠλείφον-

1076 1351 1115 1369 το.
1128 1342 1194 1368 Τότε
1209 1339 1256 1368 οὖν
1271 1342 1411 1376 εἰσάγεται
1437 1341 1540 1376 γυμνὸς
1569 1342 1629 1373 ὅλος
1653 1342 1694 1374 είς
1714 1342 1746 1368 τὺ
1781 1342 1873 1377 ὓδωρ,

1079 1388 1152 1415 καοέι
1168 1388 1214 1414 καὶ
1229 1388 1401 1422 γεγέννηται,
1417 1387 1465 1414 καὶ
1481 1387 1553 1414 καθὰ
1572 1387 1680 1422 πρῶτον
1694 1387 1873 1414 πέπλασται.

1083 1432 1164 1460 Ἀλλὰ
1175 1432 1282 1467 πρῶτον
1299 1432 1348 1467 μὲν
1374 1431 1432 1467 εἷχε
1451 1433 1501 1467 τὴν
1523 1432 1599 1459 θείαν
1625 1433 1733 1467 ὲκείνην
1755 1434 1873 1468 στολὴν,

1077 1479 1124 1505 καὶ
1138 1477 1241 1513 γυμνὸς
1254 1477 1303 1510 ὢν,
1327 1478 1376 1504 οὐχ
1397 1477 1528 1513 ᾐσχύνετο
1543 1486 1550 1493 ⁵
1565 1478 1613 1505 νῦν
1624 1478 1651 1505 δὲ
1667 1478 1773 1513 γυμνὸς
1786 1487 1875 1513 γενη-

1078 1525 1145 1557 θεὶς,
1159 1524 1211 1551 άπὸ
1222 1525 1271 1559 τῆς
1294 1524 1395 1559 σαρκὸς
1424 1525 1502 1559 φέρει
1522 1524 1558 1552 τὰ
1581 1524 1633 1560 τῆς
1658 1526 1791 1559 αἰσχύνης
1815 1526 1875 1559 τῆς

1078 1571 1271 1605 παραϐάσεως.
1291 1570 1364 1604 Πλὴν
1377 1570 1506 1597 εἰσελθὼν
1520 1570 1551 1598 τὸ
1571 1570 1643 1604 ὕδωρ
1658 1570 1688 1597 τὺ
1707 1571 1798 1605 ἅγιον,
1815 1572 1874 1606 τὴν

1080 1617 1129 1651 μὲν
1139 1616 1270 1652 αἰσχύνην
1283 1617 1448 1653 ἀπορρίπτει
1460 1617 1510 1651 τῆς
1526 1617 1664 1652 ἁμαρτίας
1678 1625 1685 1632 ·
1698 1618 1749 1652 τῆς
1759 1618 1874 1652 ἀφθαρ‹

1079 1664 1139 1694 σίας
1154 1662 1182 1689 δὲ
1195 1663 1244 1698 τὴν
1254 1662 1331 1695 δόξαν
1348 1662 1597 1699 ἀπολαμὸάνει83
1605 1671 1634 1690 τε
1650 1664 1697 1690 καὶ
1710 1663 1741 1690 τὸ
1753 1664 1872 1698 ἔνδυμα.

1079 1708 1235 1743 Λασόμενος
1246 1709 1300 1743 γὰρ
1318 1707 1401 1734 αὑτοῦ
1416 1709 1430 1734 6
1458 1709 1590 1743 ίεράρχης
1615 1708 1631 1743 ἢ
1660 1710 1674 1735 6
1704 1710 1795 1743 ἱερεὺς
1819 1711 1873 1744 τῆς

1079 1754 1199 1789 κεφαλῆς
1211 1754 1240 1781 ιν
1252 1750 1269 1791 ᾗ
1280 1753 1314 1780 τὰ
1324 1753 1491 1788 αἰσθητήρια
1506 1754 1596 1781 πάντα
1608 1754 1657 1780 καὶ
1681 1754 1711 1780 τὸ
1733 1755 1872 1790 ἡγεμονι-

1079 1800 1128 1826 κὺν
1137 1800 1255 1838 ἐνεργεῖ,
1276 1800 1325 1826 καὶ
1339 1798 1493 1831 καταδύσας
1510 1800 1550 1831 είς
1566 1799 1596 1826 τὸ
1610 1799 1682 1835 ὕδωρ
1700 1800 1785 1833 ἅπαξ,
1801 1802 1872 1827 6v:-

1080 1845 1140 1880 ϐοᾷ,
1157 1854 1166 1870 ι
1183 1845 1346 1877 Βαπτίζεται
1363 1845 1377 1871 6
1390 1845 1482 1877 δοῦλος
1493 1845 1540 1872 τοῦ
1561 1845 1629 1872 Θεοῦ
1641 1846 1655 1872 6
1674 1846 1747 1872 δεῖνα
1765 1847 1807 1877 είς
1831 1850 1866 1872 το

1080 1890 1164 1924 δνομα
1174 1889 1219 1915 τοῦ
1237 1889 1354 1924 Πατρός,
1368 1899 1378 1915 ι
1390 1891 1443 1916 Καὶ
1458 1890 1538 1922 εὐθὺς
1556 1891 1665 1919 ἀναδύει
1681 1893 1785 1919 τοῦτον.
1802 1891 1873 1920 Εἶτα

1082 1935 1209 1961 καταδύει
1226 1935 1306 1962 πάλιν
1317 1935 1414 1969 λέγων,
1436 1945 1446 1960 t
1462 1937 1514 1962 Kal.
1528 1937 1576 1963 τοῦ
1593 1937 1670 1964 Υίοῦ.
1693 1947 1702 1963 ι
1719 1938 1774 1964 Καὶ
1787 1939 1873 1965 πάλι]

1083 1982 1203 2008 ἁναδύει.
1216 1982 1272 2008 Καὶ
1285 1982 1317 2008 ὲκ
1331 1983 1425 2016 τρίτου
1442 1982 1606 2014 καταδύσας,
1624 1986 1701 2018 φησι,
1717 1993 1727 2010 ε
1746 1985 1803 2010 Καὶ
1823 1987 1871 2011 τοῦ

1083 2027 1160 2061 ἁγίου
1172 2027 1341 2062 Πνεύματος.
1367 2036 1376 2053 ι
1394 2028 1449 2054 Καὶ
1463 2027 1549 2059 οὕτως
1562 2029 1658 2063 ἀνάγει
1677 2029 1774 2056 τοῦτον
1795 2039 1874 2057 τετε-

1082 2073 1212 2107 λεσμένον
1230 2073 1269 2107 τῷ
1291 2073 1421 2108 θειοτάτῳ
1451 2073 1632 2108 βαπτίσματι,
1655 2074 1713 2109 ἃμα
1740 2076 1791 2110 μὲν
1824 2079 1873 2102 καὶ

1083 2119 1127 2145 διὰ
1144 2119 1193 2153 τῆς
1209 2119 1291 2152 ἁγίας
1312 2118 1428 2153 Τριάδος
1452 2119 1532 2146 αὑτὸν
1557 2119 1736 2147 ἀναπλάττων
1762 2122 1811 2146 καὶ
1827 2130 1874 2147 τε-

248 2172 303 2193 tres
317 2164 507 2192 immcrsiones
521 2169 547 2191 et
563 2163 720 2191 eductioncs
733 2163 884 2190 triduanum
912 2162 1031 2196 sepultu-

1083 2166 1173 2196 λειῶν.
1194 2166 1305 2196 καὶτὰς
1321 2168 1395 2199 τρεῖς
1427 2167 1590 2197 ὑποστάσεις
1616 2167 1814 2201 ἀνακηρύττων
1842 2169 1872 2192 ἐν

248 2219 305 2238 ram
317 2214 344 2237 et
361 2208 587 2236 resurrectionem
606 2208 762 2242 significans
777 2207 835 2242 ejus
851 2208 897 2241 qui
915 2214 963 2240 pro
979 2214 1029 2233 no-

247 2256 290 2284 bis
304 2263 387 2283 carne
400 2254 546 2282 cruciﬁxus
563 2258 605 2281 est
617 2258 643 2280 et
659 2254 815 2280 resurrexit.

1087 2211 1137 2245 μιᾷ
1149 2212 1181 2245 τῇ
1195 2210 1317 2245 Θεότητι,
1332 2212 1372 2242 εἰς
1383 2211 1412 2236 τὸ
1424 2210 1510 2245 ὄνομα
1526 2211 1624 2245 λέγων,
1639 2212 1653 2237 6
1668 2211 1743 2246 δηλοῖ
1770 2211 1800 2237 τὺ
1824 2220 1872 2245 μο-

1085 2255 1195 2281 ναδικὺν
1209 2255 1257 2290 τῆς
1283 2255 1426 2290 Θεότητος,
1451 2253 1511 2282 εἶτα
1539 2256 1586 2282 τοῦ
1619 2256 1724 2291 Πατρὺς
1753 2257 1801 2283 καὶ
1824 2256 1872 2282 τοῦ

248 2305 313 2332 Υίοῦ
343 2302 446 2331 καὶτοῦ
461 2302 542 2335 ἁγίου
571 2301 740 2335 Πνεὺματος,
766 2301 835 2335 ὅπερ
866 2303 882 2336 ή
910 2301 1040 2336 ὁμολογία
1056 2303 1116 2329 ἐστὶ.
1143 2303 1197 2330 τῶν
1225 2304 1309 2339 τριῶν
1334 2305 1414 2330 θείων
1441 2304 1604 2339 ἀδιαιρέτων
1635 2305 1681 2331 καὶ
1708 2305 1872 2339 ἀσυγχύτων

248 2352 412 2389 προσώπων,
430 2349 489 2385 ἃμα
499 2349 528 2376 δὲ
541 2348 585 2376 διὰ
609 2347 662 2374 τῶν
689 2347 773 2382 τριῶν
799 2348 973 2375 καταδύσεών
1001 2357 1030 2374 τε
1045 2350 1093 2375 καὶ
1105 2350 1336 2386 ἀναδύσεωνπὴν
1361 2352 1511 2386 τριήμερον
1537 2352 1625 2387 ταφὴν
1648 2352 1694 2377 καὶ
1725 2352 1776 2385 τὴν
1806 2353 1871 2380 ἀνα-

249 2407 345 2426 στασιν
357 2400 542 2432 αίνιττόμενος
557 2396 604 2425 τοῦ
622 2393 690 2428 ὑπὲρ
706 2396 785 2431 ἡμῶν
800 2397 881 2430 σαρκὶ
905 2397 1107 2430 σταυρωθέντος
1128 2398 1174 2422 καὶ
1202 2398 1377 2430 ἀναστάντος.

529 2458 641 2487 CAPUT
659 2459 752 2487 LXIV.

250 2507 325 2540 Quod
335 2506 439 2534 diversa
450 2507 483 2532 ait
495 2507 625 2533 sententia
637 2506 757 2540 [armith
766 2525 773 2537 ,
785 2514 794 2531 t
817 2505 972 2540 Baptizatur
983 2515 1037 2534 ser-

283 2550 328 2569 vtu
343 2542 414 2573 Dei,»
425 2545 450 2567 et
464 2541 595 2575 formulis,
608 2551 617 2566 ι
635 2540 690 2576 Ego
700 2541 803 2576 huplizo
816 2549 918 2568 urvum
932 2541 986 2569 Dei.
995 2551 1004 2567 ι

287 2589 376 2616 Dicit:
391 2587 560 2622 Baptizatur,
575 2595 746 2622 nequaquam
761 2596 768 2615 :
783 2587 839 2623 Ego
851 2587 968 2622 baptizo,
982 2589 1037 2615 sie-

251 2640 280 2662 ttt
295 2634 382 2662 Latini
403 2634 430 2661 in
452 2634 503 2660 hoc
526 2634 606 2661 etiam
622 2634 793 2666 iur-ovantes,
811 2634 941 2669 baptizali
957 2634 1038 2661 liber-

251 2687 332 2710 tatem
350 2686 452 2709 testans
476 2680 605 2715 pontifex.
629 2680 698 2708 illud
719 2681 792 2708 enim
810 2690 816 2708 :
833 2681 890 2716 Ego
915 2682 1034 2714 baptizo,

252 2736 305 2756 non
316 2728 434 2756 ostendit
446 2727 560 2754 libenter
570 2726 703 2760 baptizari
717 2728 836 2761 eumqui
854 2727 1034 2759 illuminatur,

252 2774 309 2802 ﬁeri
324 2773 395 2801 extim
412 2777 500 2808 potest
513 2777 541 2799 ut
558 2773 582 2799 ri
596 2772 712 2807 quadam
725 2777 750 2800 et
761 2778 855 2800 contra
867 2774 1034 2800 voluntatem

252 2819 380 2854 baptizati
405 2820 489 2854 tingat
503 2826 564 2846 cum
581 2823 653 2846 solus
667 2826 681 2845 a
704 2819 851 2852 semetipso
867 2819 1033 2851 baptizatur.

1376 2461 1499 2488 ΚΕΦΔΔ.
1519 2461 1578 2487 ΞΝ.

1088 2505 1154 2534 Ὀτι
1167 2488 1241 2537 τὸ.)
1261 2505 1436 2535 Batti/{erat
1451 2507 1467 2532 ὁ
1478 2506 1590 2538 δοῦλος
1604 2503 1658 2533 τοῦ
1675 2505 1760 2538 θεοῦ,
1781 2514 1790 2530 ι
1809 2506 1870 2538 τοῦ,

1106 2551 1115 2567 ε
1132 2539 1263 2570 Βαπτίζῖι)
1274 2541 1331 2575 ἐγὼ
1341 2541 1394 2567 τὸν
1403 2540 1514 2567 δοῦλον
1526 2541 1577 2567 τοῦ
1592 2539 1677 2573 Θεοῦ,
1693 2550 1701 2566 ι
1713 2540 1855 2574 διαφέρει.

1124 2587 1290 2618 Βαπτίζεται
1305 2585 1345 2618 δὲ,
1364 2586 1440 2620 φησὶ,
1457 2586 1503 2612 καὶ
1522 2586 1563 2618 οὐ,
1592 2586 1718 2617 Βαπτίζω
1751 2586 1818 2620 ἐγὼ,
1836 2586 1869 2616 ὡς

1088 2633 1113 2659 οἱ
1125 2633 1234 2660 Λατῖνοι
1252 2632 1303 2660 κᾶν
1330 2633 1417 2668 τούτῳ
1438 2633 1672 2668 καινοτομοῦντες,
1700 2633 1729 2659 τὺ
1748 2633 1870 2659 ἑκούσιον

1089 2680 1136 2706 τοῦ
1157 2680 1358 2715 βαπτιζομένου
1380 2680 1526 2715 μαρτυρῶν
1546 2681 1560 2706 6
1575 2679 1729 2715 ἀρχιερεύς.
1755 2680 1794 2706 Τὸ
1808 2680 1869 2715 γὰρ,

1089 2725 1217 2758 Βαπτίςω
1231 2727 1296 2760 ἐγὼ,
1308 2727 1358 2752 sint
1369 2726 1496 2760 ἐμφαίνει
1509 2726 1538 2752 τὸ
1551 2727 1681 2757 ἑκουσίως
1693 2725 1870 2760 βαπτίζεσθαι

1087 2772 1133 2798 τὸν
1149 2772 1342 2806 φωτιζόμενον.
1363 2771 1554 2806 Ἐνδεχόμενον
1579 2772 1634 2807 γὰρ
1650 2771 1780 2798 καὶκατὰ
1792 2772 1869 2798 δυνα-

1089 2823 1182 2846 στειαν
1198 2822 1267 2852 τινα,
1285 2820 1330 2845 καὶ
1349 2821 1423 2854 παρὰ
1436 2821 1558 2853 γνώμην,
1575 2818 1621 2846 καὶ
1636 2817 1716 2845 αὑτὸν
1730 2817 1869 2851 βαπτίζειν
