1936 3040
239 115 290 147 3θῖ

644 117 715 146 SYM
722 117 793 146 EON
800 116 834 146 lS
852 117 996 147 THESSA
1002 118 1072 148 LON
1079 120 1229 151 lCENSlS
1243 121 1264 150 Α
1271 121 1344 151 BC"
1352 123 1424 153 [ΕΡ.

1799 119 1860 150 3ῑὸ

229 174 258 197 et
281 169 398 197 otiosum
425 173 581 201 remaneat,
611 175 738 205 tanquam
767 170 920 197 necessaria
947 170 1005 197 usui

1066 173 1138 208 ἔχων.
1157 175 1201 201 Διὸ
1216 176 1262 202 καὶ
1275 175 1467 210 ἐξεταζόμενος
1482 175 1497 202 ὀ
1516 175 1689 210 οἷκοδομῆσαι
1716 174 1855 209 βουλόμε-

231 223 285 243 non
313 216 424 242 habens.
452 215 525 248 ideo,
540 215 664 243 examine
688 215 771 247 facto,
786 216 831 250 qui
849 216 906 242 vult
921 215 1007 242 aedili-

230 268 303 291 rare,
327 261 388 287 data
412 260 518 287 ratione
539 260 611 295 quod
641 261 667 287 in
701 261 780 288 finem
806 260 966 292 aedillrahit,
981 266 1008 288 et

229 304 318 331 omnia
335 305 484 331 necessaria
511 305 705 340 suppeditabit,
731 305 839 340 jnhetur
862 305 1007 333 tediﬁeare.

231 350 262 377 l-lt
278 350 443 378 elfodiuntur
455 350 650 384 fundamenta;
667 356 693 378 et
719 356 849 386 parantur
874 354 1005 379 materiaz.

230 393 261 421 Et
275 401 335 421 cum
352 399 458 429 tempus
479 395 630 422 aediﬁcandi
644 396 758 426 venerit;
771 397 828 430 ipse
847 397 966 430 pontifex
980 397 1007 423 iu

230 441 289 467 loco
302 440 383 468 sistit.
400 441 432 468 Et
449 448 555 468 sacram
575 436 684 469 indutus
713 443 808 469 stolam
825 462 833 475 ,
858 443 932 471 clero
956 444 1007 478 ipsi

229 486 364 515 adstante.
380 485 464 512 Deum
495 486 643 519 benedieit,
659 495 707 521 pro
723 487 815 515 divino
837 495 919 522 opere
947 496 1008 523 gra-

231 532 280 557 tias
294 538 393 566 agens;
410 536 436 559 et
451 532 573 559 oratione
587 533 689 568 trisagii
713 541 727 559 a
748 533 821 560 elcro
840 533 920 565 facta,
938 533 1006 568 ipse,

230 576 343 603 incenso
367 577 520 608 benedicto,
546 578 712 605 lhuribulum
742 579 890 612 accipiens,
913 578 1010 605 funda-

231 626 319 647 menta
335 626 360 648 et
375 621 465 649 foveas
481 622 506 648 iu
523 623 630 650 modum
642 623 731 650 erucis
749 623 895 657 benedicit,
920 624 1009 651 omnia

233 666 434 694 tburiﬁcatione
459 668 642 695 sanctificans.
660 668 779 703 Spiritus
803 670 875 696 enim
893 669 1009 704 gratiam

232 714 373 739 iieeusnm
390 733 397 744 ,
424 717 451 740 et
478 713 616 741 Christum
636 722 704 742 crux
728 715 855 750 figurant.
886 715 1006 742 Cunctas

230 759 310 785 etiam
329 763 475 793 prmseutes
505 760 634 786 materias
661 760 808 792 thurilicat,
833 761 1010 788 sanctificans

231 812 289 835 eas.
306 809 431 839 tauquatn
453 805 485 832 ad
499 809 620 832 sanctam
638 806 683 832 Dei
705 806 815 833 domum
834 812 1010 840 praeparatas.

1059 227 1114 253 νος,
1130 221 1177 247 καὶ
1201 220 1262 251 δοὺς
1286 220 1365 254 λόγον
1380 221 1418 252 ὡς
1434 222 1474 252 είς
1489 220 1564 252 τέλος
1588 220 1775 255 οἰκοδομήσει,
1801 219 1855 245 καὶ

1057 266 1091 292 τὰ
1116 266 1186 293 κατὰ
1208 266 1304 301 χρείαν
1332 266 1444 293 ἃπαντα
1469 266 1620 300 ἑτοιμάσει,
1645 264 1853 299 προστάττεται

1059 311 1222 345 οἰκοδομεῖν.
1237 312 1292 338 Καὶ
1306 311 1468 345 ὀρύσσονται
1486 311 1536 344 μὲν
1549 311 1573 337 οἱ
1591 310 1722 345 θεμέλιον
1739 308 1855 343 ἑτοιμά-

1060 356 1150 388 ζονται
1174 357 1202 382 δὲ
1221 357 1247 383 αι
1264 357 1336 384 ὕλαι.
1359 358 1414 384 Καὶ
1436 356 1484 383 τοῦ
1502 355 1600 390 καιροῦ
1620 355 1666 381 τοῦ
1692 353 1854 388 οἰκοδομεῖν

1060 402 1230 434 ἐπιστάντος,
1253 402 1335 433 αὐτὸς
1350 402 1387 436 τῷ
1402 402 1476 436 τόπῳ
1498 402 1642 436 ἐφίσταται
1658 401 1671 426 ὁ
1684 399 1846 435 ἀρχιερεύς.

1061 447 1114 474 Καὶ
1130 447 1206 483 ἱερὰν
1220 447 1399 482 ἐνδυσάμενος
1414 447 1520 482 στολὴν,
1538 447 1585 473 τοῦ
1602 446 1702 480 κλήρου
1716 453 1850 478 συμπαρ-

1060 492 1136 524 όντος
1161 492 1245 527 αὐτῷ,
1260 493 1368 526 εὐλογετ
1389 493 1433 519 τὸν
1449 492 1527 526 Θεδν,
1547 492 1715 526 εὐχαριστῶν
1729 490 1769 525 τῷ
1785 489 1851 522 θείῳ

1061 537 1143 572 ἔργῳ.
1171 538 1226 564 Καὶ
1254 538 1407 572 προσευχῆς
1437 537 1584 571 γινομένης
1617 537 1665 563 τοῦ
1693 534 1848 570 Τρισαγίου

1062 585 1137 619 παρὰ
1152 584 1199 610 τοῦ
1217 584 1331 618 κλήρου,
1361 583 1443 614 αὐτὸς
1468 583 1620 617 εὐλογήσας
1643 581 1782 615 θυμίαμα,
1800 581 1850 605 θυ-

1064 629 1210 664 μιατήριόν
1235 638 1264 655 τε
1291 629 1380 656 λαϐὼν
1406 629 1469 660 τοὺς
1486 628 1627 663 θεμελίους
1641 627 1689 654 καὶ
1706 625 1740 652 τά
1768 625 1851 660 ὀρύγ-

1064 683 1137 709 ματα
1165 674 1342 708 σταυροειδῶς
1362 675 1479 708 εὖλογεϊ,
1513 675 1602 700 πάντα
1627 672 1667 707 τῷ
1694 671 1851 706 θυμιάματι

1064 719 1197 753 ἁγιάζων.
1214 719 1270 753 Τὴν
1299 719 1380 753 χάριν
1396 720 1450 753 γὰρ
1474 719 1554 745 τυποῖ
1576 717 1623 744 τοῦ
1640 716 1800 750 Πνεύματος
1823 715 1853 741 τδ

1064 763 1200 798 θυμίαμα,
1218 764 1265 790 καὶ
1280 764 1294 790 ὁ
1307 763 1425 799 σταυρὸς
1436 763 1482 789 τὸν
1495 763 1623 797 Χριστόν.
1638 763 1694 789 Καὶ
1704 762 1744 787 ἔτι
1761 761 1853 791 πάσας

1065 809 1150 844 θυμιᾷ
1165 809 1212 840 τὰς
1228 810 1317 836 ἑκεῑτε
1339 804 1416 841 ὔλας,
1434 807 1612 842 καθαγιάζων
1634 807 1729 839 αὐτὰς,
1753 807 1792 838 ὡς
1811 807 1852 836 εἰς

234 849 346 881 Deinde,
364 849 523 877 thurilieatis
539 850 708 879 adstantibus
723 855 748 878 et
760 852 793 878 ad
811 859 879 885 opus
894 852 1015 878 accensis

1067 854 1143 886 ἅγιον
1160 851 1233 880 οἷκον
1257 853 1325 879 Θεοῦ
1351 853 1588 888 εὑτρεπισθείσας.
1618 851 1684 879 Εἶτα
1712 852 1760 879 καὶ⁹
1786 851 1851 882 τοὺς

235 901 314 930 atque
328 896 517 928 sanctiﬁcatis,
529 897 603 923 venit
624 897 657 923 ad
677 897 807 924 Orientem
825 896 1015 924 fundamento-

234 951 304 970 rum,
317 944 360 969 ubi
373 948 412 969 cst
426 942 617 977 hemicyclium
628 943 790 975 sanctuarii,
803 948 829 969 et
840 950 944 970 sacram
955 951 1017 970 ora-

234 989 334 1015 tionem
348 988 426 1020 l'acit,
436 989 584 1023 deprecans
597 990 678 1016 Deum
691 988 820 1022 Verbum,
834 985 926 1016 Jesum
937 988 1017 1016 Chri-

233 1040 304 1062 slum
313 1035 357 1069 qui
365 1035 475 1070 proprio
482 1035 613 1070 sanguine
621 1042 697 1062 suam
706 1034 1013 1066 aadilicavitEcclesiam,

237 1087 265 1109 ut
280 1082 429 1118 etiamqhaae
441 1082 536 1109 domus
550 1082 602 1116 ipsi
616 1081 748 1109 aediﬁcata
762 1081 868 1108 rectein
885 1081 944 1115 ipso
953 1080 1014 1107 fun-

234 1129 313 1155 dctur
322 1136 352 1154 ar
362 1132 529 1163 permaneat.
551 1127 731 1163 Etdoxologia
740 1127 823 1159 dicta,
839 1127 894 1161 ipse
912 1125 1014 1160 lapides

232 1180 258 1202 et
281 1175 382 1202 calcent
415 1175 502 1201 vivam
530 1175 569 1201 vel
600 1173 684 1200 lutum
717 1174 808 1207 aliquo
830 1174 1013 1200 instrumento

232 1221 323 1248 sumit.
350 1220 381 1247 Et
412 1220 438 1247 in
469 1219 642 1246 fundamenta
668 1219 847 1251 descendens,
862 1219 888 1245 in
903 1225 1012 1245 erucem

233 1266 336 1300 lapides
348 1265 423 1300 ponit
438 1273 485 1293 eos
518 1267 639 1301 signans,
668 1265 763 1299 sicque
788 1264 959 1291 demonstrat
983 1271 1013 1291 se

231 1312 369 1338 Christum
384 1315 487 1346 petram
513 1311 704 1338 inconcussam
735 1317 766 1337 ae
781 1309 1012 1336 fundamentalem

231 1358 365 1391 posuisse.
385 1356 464 1384 Juxta
483 1357 599 1384 medium
613 1361 703 1384 autem
733 1356 852 1391 lapidum
887 1356 914 1383 in
928 1362 1010 1391 parra

232 1404 346 1437 quadam
359 1403 448 1437 fovea,
479 1408 607 1438 tanquam
637 1403 663 1430 in
693 1403 829 1437 sepulcro,
869 1401 1010 1428 candelam

233 1456 374 1476 aSsumeus
404 1453 430 1475 et
462 1449 551 1475 oleum
577 1447 723 1475 infundens
752 1451 834 1482 atque
859 1448 1010 1474 accenfens

234 1495 461 1529 benedicensque,
481 1493 568 1528 ponit,
602 1492 794 1519 demonstrans
820 1491 928 1526 quidem
963 1499 1009 1524 per

233 1541 323 1567 oleum
338 1541 383 1567 1)θὶ
401 1539 626 1572 miscricordiam,
638 1546 698 1573 quae
714 1538 812 1566 domus
827 1537 1013 1566 exstructione

234 1585 463 1621 suppeditabitur,
479 1585 626 1620 perlumen
645 1592 711 1612 vero
733 1585 850 1619 desuper
876 1584 1014 1611 illumina-

234 1632 335 1658 tionem
347 1638 361 1657 a
375 1630 478 1657 lumine
493 1637 556 1657 vero
568 1630 679 1657 laetam.
694 1635 721 1657 et
734 1630 822 1664 ipsum
839 1629 891 1657 hoc
906 1630 1014 1656 unicum

236 1677 337 1708 lumen,
350 1675 500 1706 Christum,
521 1675 548 1701 in
562 1675 687 1708 sepulcro
725 1681 775 1707 pro
792 1674 870 1701 nobis
883 1674 1015 1708 positum,

235 1727 261 1748 et
274 1721 300 1748 in
313 1721 382 1751 oleo.
400 1721 529 1755 quoniam
551 1720 612 1747 oleo
623 1721 716 1756 gratim
733 1727 783 1748 nos
801 1720 891 1752 unxit,
907 1724 934 1747 et
947 1727 1015 1754 quo-

235 1767 307 1793 niam
320 1773 367 1800 per
379 1766 467 1792 oleum
485 1766 542 1794 sive
570 1771 737 1801 unguentum
763 1765 861 1792 domus
891 1765 1012 1792 iulliabl-

236 1817 297 1846 tur;
312 1815 340 1839 et
351 1811 479 1848 quoniam
499 1811 589 1839 lumen
600 1811 726 1840 Christus
738 1812 881 1839 nobiscum
914 1811 977 1843 erit,
989 1816 1016 1838 et

237 1857 263 1883 in
278 1856 358 1884 domo
371 1857 503 1890 residens,
522 1856 613 1884 oriens
633 1864 666 1884 ex
683 1857 750 1884 alto.
763 1856 910 1890 Postquam
925 1861 1015 1884 autem

237 1903 341 1931 curavit
356 1903 427 1930 hanc
445 1904 582 1931 lucernam
615 1907 673 1930 tuto
702 1911 813 1930 manere
842 1907 953 1937 propter
972 1910 1016 1930 sa-

237 1958 310 1978 cram
345 1949 582 1980 illtuniuationem.
609 1953 636 1976 et
664 1949 698 1977 ad
713 1949 824 1983 pulchre
847 1948 1014 1984 figurandam

237 1994 399 2028 Erclcsiam,
417 1994 488 2022 sicut
513 1995 638 2026 dilectus,
657 1995 683 2021 iu
711 1993 880 2029 Apocalypsi,
900 2001 929 2020 se
946 1993 1017 2020 didi-

237 2040 306 2067 tisse
319 2040 355 2066 ait
369 2044 471 2075 septem
486 2040 612 2067 lucernas
625 2048 687 2067 esse
700 2039 848 2071 Ecclesias,
860 2043 886 2066 et
901 2039 1015 2073 lapidem

237 2093 318 2121 super
347 2085 421 2113 illam
447 2085 589 2120 imposuit,
619 2086 745 2121 quoniam
780 2086 906 2113 Christus
941 2089 1017 2119 petra

237 2139 318 2166 super
364 2131 512 2158 Eecleslam
541 2138 619 2158 suam
652 2131 761 2163 insidet,
790 2139 806 2158 e
832 2131 1017 2158 fundamentis

1068 900 1275 933 παρατυχόντας
1290 899 1437 932 θυμιάσας,
1452 901 1498 926 καὶ
1515 899 1582 934 πρὸς
1598 900 1626 925 τὺ
1640 898 1720 933 ἔργον
1733 897 1851 927 εὐθύνας

1067 945 1113 970 καὶ
1129 945 1256 976 ἁγιάσας,
1275 945 1382 979 ἔρχεται
1400 945 1428 970 ἐν
1444 946 1498 976 τοίς
1518 944 1686 974 ἀνατἰλικοῖς
1700 943 1853 976 θεμελίοις,

1067 991 1185 1024 ἔνθαπερ
1197 991 1226 1017 τὸ
1244 991 1435 1026 θυσιαστήριον
1451 991 1582 1025 συστῆναι
1598 989 1699 1025 μέλλει.
1712 989 1768 1015 Καὶ
1781 988 1855 1014 κατά

1066 1036 1094 1062 τὸ
1113 1037 1193 1071 μέσον
1209 1037 1272 1068 στὰς
1295 1036 1350 1063 τῶν
1365 1037 1415 1071 τῆς
1437 1037 1570 1071 ἀνατολῆς
1585 1033 1768 1071 ὀρυγμάτων,
1788 1034 1854 1060 ἔνθα

1064 1082 1095 1109 τὸ
1110 1082 1157 1108 τοῦ
1183 1082 1307 1117 βήματος
1328 1081 1500 1117 ἡμικύκλιον,
1520 1082 1602 1116 εὐχὴν
1627 1081 1703 1115 ἱερὰν
1719 1081 1854 1112 ποιεῖται,

1064 1128 1189 1162 δεόμενος
1214 1128 1259 1154 τοῦ
1273 1128 1342 1154 Θεοῦ
1357 1129 1444 1163 Λόγου
1464 1129 1550 1163 Ἰησοῦ
1574 1126 1706 1162 Χριστοῦ,
1731 1126 1782 1153 τοῦ
1802 1126 1855 1160 τὴν

1064 1175 1160 1200 ἑαυτοῦ
1181 1173 1347 1209 Ἐκκλησίαν
1367 1174 1406 1210 τῷ
1424 1174 1479 1209 ίδίῳ
1491 1174 1706 1209 θεμελιώσαντος
1734 1172 1849 1206 αἵματι,

1065 1221 1109 1246 καὶ
1123 1219 1169 1245 τὸν
1184 1220 1408 1254 οἰκοδομούμενον
1425 1218 1499 1247 οἷκον
1524 1219 1598 1253 αύτῷ
1621 1218 1709 1248 καλῶς
1723 1218 1752 1243 ὲν
1771 1216 1852 1252 αὐτῷ

1064 1265 1243 1300 στηριχθῆναι
1259 1265 1305 1292 καὶ
1322 1265 1469 1300 διαμένειν.
1489 1264 1555 1291 Εῐτα
1566 1264 1756 1298 δοξολογήσαε,
1767 1262 1851 1294 αὐτὸς

1062 1311 1121 1340 ταῖς
1138 1311 1217 1345 χερσὶ
1236 1310 1327 1342 λίθους
1344 1311 1480 1346 λαμὸάνει
1505 1310 1553 1337 καὶ
1576 1310 1709 1338 ἄσϐεστον
1726 1309 1743 1344 ἢ
1761 1309 1852 1344 πηλὸν

1062 1356 1171 1392 ὀργάνῳ
1187 1357 1249 1384 τινί.
1267 1357 1322 1383 Kal
1336 1357 1515 1384 κατελθὼν-ὲν
1529 1357 1584 1386 τοῖς
1599 1355 1745 1390 θεμελίοις,
1756 1355 1852 1389 τίθησι

1062 1403 1124 1433 τοὺς
1139 1403 1238 1435 λίθους,
1255 1403 1432 1437 σταυροειδῶς
1448 1402 1601 1437 σφραγίσας
1616 1402 1725 1433 αὐτοὺς,
1740 1401 1852 1431 δεικνὺς
1871 1423 1878 1426 .

1061 1448 1160 1475 sum
1180 1449 1296 1483 Χριστὶν
1318 1450 1368 1484 τὴν
1386 1449 1510 1475 ἄσειστον
1527 1448 1630 1482 πέτραν
1655 1446 1783 1482 θεμέλιον
1806 1446 1853 1473 τέ-

1066 1494 1151 1521 θεικε.
1168 1495 1246 1521 Κατὰ
1264 1494 1293 1520 δὲ
1313 1494 1343 1521 τδ
1360 1495 1441 1528 μέσον
1455 1494 1509 1521 τῶν
1523 1493 1605 1520 λίθων
1624 1494 1652 1520 ὲν
1668 1492 1777 1527 σμικρῷ
1798 1501 1854 1518 τινι

1066 1540 1168 1575 λάκκῳ,
1186 1537 1242 1566 οἷον
1258 1540 1287 1566 ἐν
1301 1541 1389 1574 τάφῳ,
1406 1540 1540 1573 κανδήλαν
1551 1538 1651 1570 λαϐὼν,
1664 1540 1711 1564 καὶ
1722 1536 1853 1571 ὲμὸαλὼν

1066 1587 1154 1613 ἔλαιον
1170 1587 1217 1613 καὶ
1232 1586 1351 1620 ἀνάψας,
1370 1585 1488 1620 εὐλογῶν
1499 1594 1530 1612 τε
1540 1605 1548 1617 ,
1563 1585 1665 1619 τίθησι·
1681 1584 1790 1615 δεικνὺς
1809 1583 1854 1609 διὰ

1069 1631 1116 1665 μὲν
1128 1631 1175 1657 τοῦ
1191 1631 1282 1657 ἐλαίου
1298 1631 1343 1657 τὸν
1359 1630 1433 1657 ἔλεον
1453 1630 1500 1657 τοῦ
1522 1629 1601 1661 Θεοῦ.
1625 1629 1654 1660 ὃς
1668 1628 1744 1655 ἔσται
1764 1637 1851 1664 χορη-

1067 1677 1197 1710 γούμενος
1215 1676 1259 1703 διὰ
1273 1675 1319 1702 τοῦ
1345 1677 1556 1710 ἀνεγειρομένου
1580 1674 1731 1706 οἵχουπδιὰ
1746 1674 1775 1700 δὲ
1803 1674 1852 1700 τοῦ

1067 1721 1153 1755 φωτὸς
1168 1721 1212 1747 τὸν
1233 1721 1335 1748 ἄνωθεν
1361 1722 1500 1756 φωτισμὸν
1524 1721 1600 1754 παρὰ.
1619 1720 1665 1746 τοῦ
1689 1720 1778 1754 φωτὸς
1803 1719 1852 1745 τοῦ

1067 1763 1204 1800 ἀληθινοῦ,
1230 1766 1275 1791 καὶ
1290 1765 1355 1791 αὐτὸ
1377 1765 1407 1790 τὸ
1434 1765 1514 1799 μόνον
1531 1764 1588 1799 φῶς
1612 1763 1658 1789 τὸν
1684 1762 1804 1798 Χριστὸν
1823 1762 1854 1788 ἐν

1067 1812 1143 1845 τάφῳ
1159 1811 1270 1837 τεθέντα
1286 1810 1321 1837 δι’
1337 1811 1420 1845 ἡμᾶς,
1445 1810 1492 1836 καὶ
1515 1810 1544 1836 ὲν
1567 1808 1660 1842 ἐλαίῳ,
1680 1807 1721 1834 ὅτι
1739 1805 1854 1842 ἤλειψεν

1067 1858 1140 1892 ἡμᾶς
1157 1857 1238 1892 ἐλαίῳ
1252 1857 1302 1892 τῆς
1317 1857 1441 1891 χάριτος,
1470 1857 1519 1882 καὶ
1542 1856 1583 1882 ὅτι
1611 1855 1635 1881 δι
1667 1853 1771 1885 ἐλαίου,
1790 1852 1853 1887 ἦτοι

1067 1902 1113 1929 τοῦ
1133 1903 1229 1937 μύρου,
1247 1903 1260 1928 ό
1280 1900 1354 1932 οἶκος
1368 1901 1588 1935 τελειωθήσεται·
1605 1901 1652 1927 καὶ
1673 1901 1713 1926 ὅτι
1739 1899 1769 1925 τὸ
1793 1897 1854 1932 φῶς

1067 1951 1081 1976 ὀ
1093 1949 1209 1984 Χριστὸς
1224 1948 1283 1982 μεθ’
1299 1948 1377 1983 ἡμῶν
1394 1948 1482 1979 ἔσται,
1499 1947 1546 1973 καὶ
1561 1948 1589 1973 ὲν
1612 1947 1650 1981 τῷ
1670 1945 1737 1980 οῐκῳ
1757 1953 1852 1972 κατοι-

1068 1996 1134 2026 κῶν,
1152 1995 1168 2029 ὴ
1185 1994 1213 2027 ἐξ
1231 1993 1313 2028 ὕψους
1327 1993 1454 2028 ἀνατολή.
1474 1993 1662 2026 οἰκονομήσας
1683 1991 1710 2017 δὲ
1734 1992 1783 2017 καὶ
1801 1991 1852 2025 τὴν

1068 2041 1235 2075 ῳωταγωγδν
1250 2039 1359 2073 ἐκείνην
1384 2038 1512 2073 ἀσφαλῶς
1530 2039 1620 2074 μένειν
1643 2038 1686 2064 διὰ
1708 2037 1752 2063 τὸν
1780 2036 1854 2071 ίερὺν

1068 2085 1218 2120 φωτισμὸν,
1232 2085 1280 2111 καὶ
1295 2085 1340 2111 διὰ
1354 2085 1384 2110 τὸ
1399 2084 1489 2115 καλῶς
1507 2083 1651 2115 είκονίζειν
1666 2083 1715 2117 τὴν
1736 2081 1855 2115 Ἐκκλη-

1069 2131 1140 2164 σῖαν,
1154 2130 1191 2162 ὼς
1205 2131 1218 2157 ὁ
1231 2131 1409 2165 ὴγαπημένος
1426 2131 1455 2156 ὲν
1470 2130 1502 2164 τῇ
1521 2128 1704 2162 Ἀποκαλύψει
1716 2127 1786 2162 φησὶ
1801 2135 1856 2160 μα-

237 2177 384 2210 egreditur.
418 2175 451 2202 Et
482 2175 580 2202 iterum
616 2175 696 2202 aliam
717 2176 781 2202 facit
808 2176 972 2207 orationem,
989 2179 1017 2202 nt

1070 2177 1126 2203 θεῖν
1139 2176 1189 2208 τὰς
1206 2176 1276 2202 ἑπτὰ
1301 2176 1412 2210 λυχνίας
1438 2173 1509 2202 εἶναι
1534 2175 1584 2206 τὰς
1603 2173 1779 2208 Ἐκκλησίας,
1806 2173 1854 2198 καὶ

239 2222 284 2249 Dei
314 2221 481 2257 providentia
516 2222 739 2256 protectioneque
762 2227 856 2257 surgat
871 2222 968 2249 domus
985 2229 1017 2248 ac

237 2266 348 2299 pulchre
364 2267 520 2301 perliciatnr
537 2273 666 2298 exorans,
679 2273 782 2293 necnon
812 2271 841 2293 ut
859 2267 945 2301 Ipsius
956 2266 1017 2292 lun-

237 2314 362 2340 damcnta
381 2313 492 2347 ipsaque
511 2319 620 2346 semper
647 2312 808 2340 inconcussa
828 2317 1017 2346 permaneant,

236 2359 439 2386 etatdificautcs
471 2357 504 2384 ab
521 2357 628 2392 injuriis
651 2362 679 2384 ct
702 2358 790 2384 noxiis
811 2358 865 2384 sint
880 2357 1015 2385 immunes

237 2406 299 2440 (hoc
315 2410 402 2431 autem
415 2404 491 2436 dicit,
507 2410 540 2430 eo
556 2403 628 2437 quod
639 2403 774 2430 invidiosa
791 2406 855 2430 sunt
871 2403 1017 2433 dmmonia,

216 2461 220 2463 λ
239 2455 265 2476 ct
279 2450 416 2485 superbis
427 2449 526 2476 divinis
542 2448 694 2483 malefica),
718 2447 945 2483 proferentesquc
963 2448 1017 2474 Deo

239 2503 281 2522 res
296 2496 328 2521 ad
343 2494 552 2521 aediﬁcationem
583 2495 768 2526 necessarias,
780 2495 892 2522 divitem
909 2494 942 2521 ab
959 2495 1018 2529 ipso

238 2539 388 2567 mercedem
403 2539 546 2572 recipiant.
562 2539 708 2572 Postquam
735 2540 792 2567 lnee
825 2540 972 2574 complevit
993 2546 1019 2567 et

239 2586 354 2620 signavit
383 2589 409 2612 et
422 2585 518 2611 ultima
549 2592 629 2619 prece
660 2585 786 2617 ﬁrmavit,
817 2586 874 2612 abit
904 2585 1018 2613 Domino

239 2631 338 2666 gratias
352 2637 446 2665 agens.
461 2630 535 2664 Opus
550 2635 638 2656 autem
652 2629 708 2664 jam
738 2630 797 2657 fieri
830 2630 923 2665 etrapit.
950 2631 1017 2658 Cum

240 2684 302 2703 vero
331 2680 442 2707 cuneta,
456 2675 603 2709 adjuvaute
626 2675 692 2707 Deo,
707 2677 840 2711 completa
858 2681 934 2708 sunt,
950 2677 1019 2704 inte-

240 2722 310 2747 riora
328 2726 409 2755 atque
435 2719 583 2751 exteriora,
610 2719 760 2746 sacrarium
776 2720 818 2748 vel
829 2721 1016 2748 sanctuarium

240 2768 272 2793 ad
285 2768 418 2795 orientem
443 2766 634 2798 constitutum,
661 2765 752 2793 tabula
778 2767 971 2800 propositionis
986 2768 1017 2795 ad

241 2813 389 2846 dexteram,
406 2818 431 2840 ct
448 2812 479 2839 ad
493 2813 633 2840 sinistram
645 2812 802 2839 diaconatus
836 2811 913 2840 sedes
946 2813 1019 2840 ordi-

1071 2223 1144 2250 λίθον
1162 2223 1254 2250 ἐπάνω
1277 2222 1377 2257 ταύτης
1394 2221 1517 2257 θέμενος,
1535 2222 1576 2248 ὅτι
1602 2221 1719 2255 Χριστὸς
1733 2221 1749 2255 ἡ
1765 2220 1854 2254 πέτρα

1072 2269 1237 2304 ὲπικάθηται
1261 2269 1311 2302 τῆς
1341 2267 1507 2302 Ἐκκλησίας
1527 2267 1628 2299 αὑτοῦ,“
1637 2266 1778 2301 ἐξέρχεται
1800 2266 1856 2292 τῶν

1072 2316 1214 2351 Θεμελίων.
1230 2310 1283 2342 Keil
1297 2315 1378 2341 πάλιν
1392 2315 1489 2350 ἑτέραν
1503 2316 1618 2341 ποιεῖται
1633 2314 1726 2350 εὐχὴν,
1741 2315 1855 2349 προνοίᾳ

1072 2360 1137 2387 Θεοῦ
1154 2361 1201 2387 καὶ
1217 2361 1305 2395 σκέπῃ
1320 2360 1366 2386 τὸν
1387 2357 1461 2386 οἶκον
1486 2361 1639 2394 ἐγείρεσθαι
1675 2361 1723 2386 καὶ
1743 2360 1854 2386 τελειω-

1073 2407 1150 2441 θῆναι
1165 2406 1254 2437 καλῶς
1265 2405 1465 2440 ἐξαιτούμενος,
1481 2407 1527 2433 καὶ
1538 2407 1601 2436 τοὺς
1613 2405 1756 2439 θεμελίους
1770 2405 1852 2432 αὑτοῦ

1072 2453 1120 2478 καὶ
1136 2451 1216 2477 αὑτὸν
1232 2451 1395 2482 ἁσαλεύτους
1409 2451 1556 2482 διαπαντὸς
1573 2451 1722 2486 διαμένειν,
1749 2452 1853 2486 ἀνεπη-

1074 2498 1201 2531 ρεάστους
1219 2505 1248 2522 τε
1263 2495 1331 2523 εἶναι
1347 2497 1408 2527 τοὺς
1425 2496 1632 2531 οἰκοδομοῦντας
1648 2498 1694 2524 καὶ
1707 2497 1850 2529 ἁϐλαὸεῐς·

1071 2543 1150 2568 τοῦτο
1173 2534 1201 2568 δὲ
1224 2542 1307 2576 λέγει,
1331 2542 1372 2568 ὅτι
1390 2542 1506 2577 φθονερὰ
1526 2543 1560 2569 τὰ
1579 2543 1704 2576 δαιμόνια
1729 2544 1777 2569 καὶ
1807 2543 1851 2569 ἐπὶ
1896 2553 1903 2562 ε

1072 2587 1175 2618 τούτοις
1190 2588 1245 2617 τοῖς
1260 2587 1341 2617 θείοις
1357 2587 1556 2621 ὲπηρεαστικὰ·
1569 2589 1630 2619 τοῦς
1647 2589 1851 2624 προσφέροντας

1072 2640 1100 2658 τε
1123 2631 1183 2666 Θεῷ
1200 2631 1234 2657 τὰ
1261 2631 1328 2665 πρὸς
1344 2631 1393 2665 τὴν
1419 2632 1563 2666 οἰκοδομὴν
1587 2633 1666 2668 116
1686 2634 1731 2659 τὸν
1758 2635 1852 2668 μισθὸν

1073 2678 1206 2710 πλουσίως
1222 2678 1286 2713 παρ’
1301 2677 1383 2703 αὑτοῦ
1403 2678 1547 2712 λήψεσθαι.
1564 2679 1657 2706 Ταῦτα
1678 2680 1791 2712 τελέσας
1807 2682 1851 2707 καὶ

1073 2723 1225 2759 σφραγίσας
1242 2724 1288 2750 καὶ
1300 2722 1495 2758 ἐπευξάμενος,
1515 2724 1664 2759 ἀπέρχεται
1682 2726 1850 2761 εὐχαριστῶν

1073 2769 1110 2803 τῷ
1124 2768 1228 2803 Κυρίῳ.
1243 2768 1280 2793 Τὸ
1291 2767 1319 2793 δὲ
1335 2767 1415 2801 ἔργον
1428 2768 1479 2802 ἥδη
1495 2768 1625 2804 ἐνήρξατο
1638 2769 1770 2803 γίνεσθαι.
1784 2772 1850 2799 [ίαν-

1073 2822 1126 2840 των
1140 2813 1167 2839 δὲ
1185 2812 1233 2839 σὺν
1246 2812 1306 2846 Θεῷ
1322 2811 1513 2845 τελεσθέντων,
1531 2814 1584 2841 τῶν
1596 2823 1624 2841 τε
1643 2815 1717 2847 ἐντὸς
1739 2817 1787 2844 καὶ
1802 2817 1851 2848 τῶν
