1936 3040
70 118 123 148 3-7

715 118 764 147 DE
780 117 899 147 SACIiO
919 118 1079 149 'I‘EMI‘LO.

1640 117 1694 146 SIS

63 175 201 206 περάτων
221 172 361 198 συστᾶσαν
380 172 418 206 τῷ
445 172 552 206 Κυρίῳ,
568 172 615 198 καὶ
636 171 678 198 ἐπ’
695 173 769 208 αὐτῷ
787 174 853 200 olue-

915 179 1004 201 natam
1018 175 1144 205 Domino.
1166 181 1247 208 super
1264 182 1351 209 ipsum
1366 175 1524 202 aediﬁcatam
1554 182 1600 208 per
1613 182 1693 201 evan—

63 219 236 254 ὁομηθεῖσαν
260 218 306 244 διὰ
331 218 378 244 τοῦ
403 217 581 252 εὐαγγελικοῢ
609 226 801 253 κηρνγματος,
817 219 857 252 τῷ

62 266 140 299 λόγῳ
159 274 189 291 τε
216 265 266 298 τῆς
295 265 405 299 χάριτος
427 265 464 296 ὡς
480 264 534 290 ἀπὸ
559 262 633 291 λίνου
658 264 704 290 τοῦ
721 266 751 291 ἑκ
777 265 859 300 χλόης

65 311 202 345 καθαρῶς
226 309 430 344 ἀναδιδομένου,
446 311 492 336 καὶ
513 311 676 344 πειρασμοῖς
693 310 860 345 καθαιρομέ-

63 366 126 390 νου,
160 357 412 390 συνεξυφανθεῐσαν
439 356 532 390 αὐτῷ,
564 356 611 382 καὶ
639 355 676 387 ὡς
707 356 760 382 ἀπὸ
787 356 859 382 λίνου

63 404 189 437 δικτύων
215 403 250 430 δι’
278 404 376 430 ἁλιέων
402 403 619 437 σαγηνευθεῖσαν
645 403 739 437 αὺτῷ-
755 403 795 430 διδ
812 403 859 429 καὶ

63 449 156 476 ταῦτα
170 449 205 475 τὸ.
229 449 351 482 τέσσαρα
366 449 413 474 καὶ
439 449 468 475 τὸ
487 448 650 483 κατασάρκα
676 449 723 474 καὶ
738 448 769 474 τὺ
785 447 859 482 εἱλη-

63 497 111 520 τὸν
128 496 187 521 ἀπὸ
203 495 288 521 λίνου.
315 495 392 521 Μετὰ
407 495 435 521 δὲ
454 495 517 525 τοὺς
532 491 729 528 εὐαγγελιστάς
747 494 860 528 λεγομέ-

62 550 128 571 νους
145 542 182 568 τὰ
199 542 324 574 τέσσαρα
351 541 448 572 ταῦτα,
472 541 503 567 τὸ
527 540 687 574 κατασάρκα
715 540 828 573 τίθεται,
846 540 859 567 ὃ

62 586 144 620 δηλοῖ
162 587 213 621 τὴν
225 587 333 613 σινδόνα
350 587 396 614 ἐπὶ
421 586 460 620 τῷ
475 586 638 621 νεκρωθέντι
655 586 689 612 δι’
705 587 778 620 ἡμᾶς
796 585 859 620 θείῳ

65 632 191 666 σώματι.
211 630 278 658 Εἶτα
303 633 333 658 τὸ
357 633 564 667 τραπεζοφόρον
586 632 768 667 ἐφαπλοῦται,
787 632 857 666 ὅπερ

62 677 267 712 λαμπρότερον
277 678 318 709 ὃν,
332 678 372 708 εἰς
385 678 469 704 τύπον
478 679 526 712 τῆς
537 677 615 713 δόξης
632 678 679 704 τοῦ
691 677 758 704 Θεοῦ
772 678 857 710 ἐστιν,

61 723 104 748 ὅτι
123 723 245 756 καθέδρα
270 723 338 749 θεοῦ
355 724 385 749 τὸ
410 723 615 757 θυσιαστήριον,
645 724 661 758 ἢ
689 725 735 750 καὶ
755 723 798 749 διὰ
826 722 860 749 τὰ

63 769 165 802 ἱμάτια
178 768 226 794 τοῦ
242 769 370 803 Σωτῆρος
381 768 417 800 ὡς
433 769 463 795 τὸ
477 769 533 803 φῶς
546 769 774 804 ἁπαστράψαντα.
791 767 859 795 Εἶτα

61 814 175 840 τίθεται
190 815 221 841 τὺ
238 815 357 847 είλητὸν,
370 816 417 842 καὶ
429 815 494 841 αὐτὸ
510 816 549 846 είς
564 815 682 850 δήλωσιν
696 816 746 850 τῆς
757 817 859 850 νεκρώ-

64 869 138 890 σεως
163 860 224 894 ἅμα
248 861 369 894 Χριστοῦ
393 862 505 896 καὶτῆς
528 862 711 894 ἀναστάσεως,
739 863 780 888 ἔτι
811 863 857 888 καὶ

66 905 143 940 μετὰ
159 906 210 940 τὴν
231 906 342 940 ἔγερσιν
356 907 380 932 οί
403 907 545 934 ἀπόστολοι
561 907 638 934 τοῦτο
664 908 733 941 μετὰ
745 907 798 933 τῶν
817 908 858 933 ἑν-

64 952 176 986 ταφίων
194 950 263 978 εἶδον
281 952 504 987 ἐντετυλιγμένον
519 953 560 984 είς
579 953 626 980 ἕνα
642 953 734 980 τόπον.
748 953 793 979 Διὸ
812 954 856 979 καὶ

64 998 153 1024 τοῦτο
167 997 311 1031 εῐλημέ-λον
325 998 392 1030 ἐστὶ,
417 1000 464 1025 καὶ
482 999 588 1033 εξλητὺν
604 999 712 1033 λέγεται
725 1007 731 1014 ·
750 999 796 1025 καὶ
811 999 857 1024 ἐπὶ

64 1043 118 1076 τῆς
138 1043 260 1076 κεφαλῆς
274 1040 308 1077 ἦν
321 1042 368 1069 τοῦ
385 1043 516 1079 Χριστοῦ,
536 1045 583 1071 καὶ
598 1045 628 1070 τὺ
643 1045 713 1080 ἱερὸν
724 1044 766 1071 ἐπ’
782 1044 857 1079 αὐτῷ

66 1088 237 1122 Εὖαγγέλιον
257 1088 319 1114 ἀντὶ
334 1088 379 1115 τοῦ
393 1089 520 1125 Σωτῆρος
535 1091 648 1118 τίθεται.

356 1146 480 1173 ΚΕΦΔΛ.
498 1145 571 1173 PII".

103 1192 138 1220 Τί
152 1192 173 1226 ὴ
201 1193 316 1227 λυχνία
330 1192 429 1226 δηλοῖ,
455 1192 503 1219 καὶ
518 1193 552 1218 τὸ
575 1191 610 1218 ἐν
622 1192 683 1226 ὅλῳ
696 1191 737 1225 τῷ
750 1193 823 1226 οικῳ

392 1228 533 1261 θυμίαμα.

104 1272 171 1300 Εἶτα
203 1275 250 1301 καὶ
277 1274 371 1309 λυχνία
394 1275 579 1309 προσφέρεται
602 1274 648 1301 καὶ
665 1273 792 1309 θρυαλλὶς
809 1275 855 1302 καὶ

64 1320 136 1352 φῶς,
163 1320 208 1346 διὰ
235 1321 286 1353 τὴν
304 1320 338 1346 δι’
361 1319 452 1346 ἐλαίου
481 1320 588 1359 θυσίαν,
612 1321 659 1349 καὶ
688 1320 729 1346 ὃτι
759 1320 855 1354 λυχνία

65 1365 218 1401 Χριστυῦή
240 1366 399 1400 Ἐκκλησία,
419 1367 458 1396 ὡς
473 1367 487 1392 ὁ
507 1365 688 1400 ἡγαπημένος
705 1367 782 1401 φησί.
802 1366 855 1392 Καὶ

66 1413 82 1444 ἡ
99 1412 196 1446 λυχνία
213 1411 261 1438 τοῦ
277 1412 360 1446 νόμου
374 1411 459 1442 τύπος
473 1410 586 1444 ταύτης.
605 1411 652 1438 καὶ
675 1411 748 1438 θείου
765 1411 854 1443 ἐλέους

65 1457 113 1483 διὰ
126 1457 175 1484 τοῦ
199 1457 292 1484 ἐλαίου
317 1458 470 1491 μετάδοσις,
492 1458 540 1484 καὶ
561 1457 634 1484 θείου
654 1457 795 1492 φωτισμοῦ
810 1466 854 1492 χο-

912 219 1029 253 gelicam
1046 219 1285 254 praedicationem;
1301 220 1383 246 verbo
1402 220 1496 254 gratia:
1516 224 1645 253 tanquam
1661 227 1694 246 ex

912 265 967 291 lino
981 265 1014 292 de
1032 265 1112 292 viridi
1130 265 1213 292 herba
1233 273 1299 300 pure
1310 270 1371 292 orto
1381 266 1629 300 experimentisqur
1643 273 1694 300 pu—

911 311 1030 343 rlﬁcato,
1048 311 1099 345 ipsi
1114 316 1267 339 contextam
1283 330 1289 341 .
1304 316 1332 338 et
1352 317 1479 346 tanquam
1500 320 1514 338 ει
1530 311 1586 338 Iino
1595 311 1693 338 retium

910 364 959 391 per
979 356 1128 390 piscatores
1160 357 1212 391 ipsi
1232 364 1333 390 sagena
1357 361 1558 391 congregatarum.
1575 356 1694 390 Ideoque

910 406 1028 437 quatuor
1042 403 1092 430 ista
1110 408 1138 430 et
1152 403 1298 430 Catasnrca
1308 407 1335 430 et
1351 402 1521 429 involucrum
1535 402 1603 429 linea
1617 405 1692 429 sunt.

909 449 972 475 Post
988 449 1045 476 haec
1066 453 1156 476 autem
1179 454 1307 484 quatuor,
1325 450 1504 484 evangelistas
1514 449 1601 480 dicta,
1617 449 1694 483 poni-

911 499 955 521 tur
972 494 1129 527 Catasarca,
1143 495 1214 530 quod
1236 495 1348 522 sindona
1364 503 1446 529 super
1461 495 1554 521 divino
1578 501 1626 529 pro
1644 502 1692 520 no-

910 540 952 568 bis
969 545 1078 567 mortuo
1095 547 1210 574 corpore
1225 540 1369 574 signiﬁcat.
1397 539 1497 566 Deinde
1518 539 1694 573 trapezopho-

910 594 970 612 rum
987 586 1149 618 explicatur,
1171 586 1243 620 quod
1258 585 1296 612 uti
1312 585 1491 619 splendidius,
1511 585 1536 611 in
1549 588 1640 619 typum
1653 589 1694 611 est

911 631 1005 666 gloriae
1031 631 1088 662 Dei,
1104 631 1233 665 quoniam
1249 631 1297 658 Dei
1323 631 1438 658 thronus
1453 636 1493 658 est
1516 631 1601 657 altare
1631 639 1637 662 ;
1654 631 1694 657 vel

913 683 1024 712 propter
1042 668 1203 705 vizstimenta
1223 678 1325 706 Christi
1352 677 1502 711 salvatoris
1519 678 1589 703 sicut
1605 677 1694 704 lumen

911 722 1084 756 refulgentia.
1101 721 1196 750 Postea
1211 723 1322 757 ponitur
1345 723 1527 754 involucrum,
1547 727 1574 748 et
1595 722 1646 748 hoc
1660 721 1694 747 ad

911 766 1172 794 demonstrationem
1189 768 1283 794 mortis
1298 767 1401 795 Christi
1412 767 1493 795 simul
1512 774 1543 793 ac
1554 773 1694 793 resurrec-

912 811 995 838 tionis
1013 821 1020 842 ;
1036 813 1164 844 quoniam
1177 819 1238 847 post
1251 813 1478 840 resurrectionem
1507 813 1560 839 hoc
1580 811 1694 846 apostoli

911 857 1037 884 viderunt
1053 866 1112 885 cum
1133 859 1334 886 linteaminibus
1355 859 1382 886 in
1401 867 1455 886 uno
1475 858 1534 885 loco
1551 858 1690 892 plicatum.

908 903 1026 941 Ideoque
1045 906 1193 933 involutum
1210 910 1251 932 est
1267 905 1344 937 illud,
1358 911 1386 933 et
1410 905 1583 932 involucrum
1615 911 1694 931 voca-

909 955 962 977 tur.
983 949 1071 985 Super
1086 955 1166 985 caput
1183 950 1281 978 Christi
1296 956 1364 983 erat,
1386 956 1413 978 et
1428 959 1510 985 super
1534 950 1600 978 illud
1637 949 1699 977 Sal?

909 996 1013 1024 vatoris
1030 996 1089 1023 loco
1104 1004 1210 1024 sacrum
1222 997 1399 1032 Evangelium
1414 997 1536 1031 ponitur.

1171 1143 1286 1170 CAPUT
1329 1143 1420 1171 CXIII.

943 1189 1014 1223 Quid
1028 1189 1225 1221 candelabrum,
1243 1195 1320 1223 atque
1337 1190 1362 1216 in
1384 1195 1439 1216 tota
1463 1198 1540 1217 sacra
1556 1190 1611 1217 (vde
1624 1191 1692 1225 stt/[i-

1191 1230 1231 1252 tus
1242 1226 1384 1260 signiﬁcat.

944 1272 1044 1299 Deinde
1061 1272 1198 1307 profertur
1213 1272 1318 1306 lampas
1334 1276 1361 1299 et
1376 1270 1541 1307 ellyehnium
1556 1277 1582 1299 et
1600 1274 1690 1299 lumen

907 1323 1017 1354 propter
1040 1317 1202 1345 sacriﬁcium
1231 1325 1277 1351 per
1302 1318 1390 1344 oleum
1411 1327 1417 1344 :
1443 1317 1583 1352 quoniam,
1610 1321 1639 1343 ut
1654 1317 1692 1344 ait

906 1364 1113 1395 dilectissimus,
1128 1363 1240 1390 lucerna
1256 1363 1357 1390 Christi
1374 1368 1416 1390 est
1432 1363 1564 1395 Ecclesia,
1583 1367 1610 1390 et
1624 1363 1693 1390 lam-

906 1417 956 1445 pas
965 1415 1008 1438 est
1023 1410 1095 1437 illius
1107 1415 1187 1445 typus
1201 1409 1278 1444 legis,
1288 1414 1315 1436 et
1328 1409 1428 1436 divinae
1441 1409 1634 1436 niisericordim
1645 1417 1693 1442 per

906 1456 995 1483 oleum
1012 1455 1181 1490 signiﬁcatur
1203 1455 1427 1485 communicatio.
1450 1454 1520 1481 sicut
1545 1458 1572 1481 et
1594 1454 1693 1480 divinat

69 1504 155 1538 ρητία
173 1503 218 1530 διὰ
232 1503 279 1530 τοῦ
299 1504 486 1539 ἁναπτομένου
500 1505 599 1538 φωτός.
616 1503 670 1530 Καὶ
685 1498 738 1530 ἐπὶν
748 1504 853 1535 τούτοις

909 1502 1115 1530 illuminationis
1135 1503 1232 1529 ductus
1247 1509 1294 1536 per
1310 1508 1455 1529 accensum
1484 1501 1586 1528 lumen.
1605 1500 1637 1527 Et
1651 1501 1691 1526 in-

65 1549 196 1583 θυμίαμα
216 1550 260 1576 διὰ
283 1550 328 1576 τοῦ
343 1550 494 1585 ἀρχιερέως
519 1550 548 1575 έν
566 1550 619 1583 ὅλῳ
639 1549 679 1584 τῷ
706 1549 770 1584 θείῳ
786 1550 855 1585 οῐκῳ

65 1593 109 1619 διὰ
123 1593 173 1628 τὴν
201 1594 256 1620 ἀπὸ
273 1594 320 1621 τοῦ
336 1594 453 1629 οὐρανοῦ
477 1595 556 1629 χάριν
571 1595 600 1620 ὲν
622 1594 734 1630 Χριστῷ
751 1596 780 1622 ὲν
804 1595 854 1632 ὅλῃ

65 1639 97 1672 τῇ
115 1638 275 1674 οἰκουμένῃ.

349 1697 473 1725 ΚΕΦᾹΛ.
497 1697 567 1725 PIA’.

164 1741 247 1768 Διατί
260 1741 336 1769 ὅλον
350 1743 404 1770 τὸν
416 1741 501 1771 οἷκον
516 1743 593 1778 χρίει
608 1741 649 1778 τῷ
661 1744 754 1779 μύρῳ.

100 1816 167 1845 Εἶτα
185 1819 233 1846 καὶ
246 1820 293 1847 τοῦ
309 1819 396 1855 μύρου
412 1821 501 1856 χρίσις
513 1822 624 1849 ὄπισθεν
640 1822 685 1849 τοῦ
700 1823 852 1857 θυμιῶντας

65 1864 214 1899 ἀρχιερέως
231 1865 297 1899 παρ’
313 1867 464 1901 ἀρχιερέως
488 1867 583 1902 ἐτέρου
604 1868 683 1903 120
701 1868 715 1902 ἢ
743 1869 848 1904 ἱερέως,

67 1911 106 1936 δτι
121 1910 201 1941 αὐτος
218 1910 270 1945 μὲν
284 1911 331 1938 τοῦ
348 1911 434 1946 μύρου
452 1912 594 1948 ἐνήρξατο,
612 1915 658 1940 καὶ
675 1914 704 1940 τὸ
716 1915 791 1948 (ερον
805 1915 851 1941 θυ-

67 1956 225 1989 σιαστήριον
241 1956 359 1990 καθηγία
366 1965 394 1983 σε
408 1965 415 1972 ·
431 1958 476 1984 καὶ
489 1958 533 1984 διὰ
545 1958 592 1984 τοῦ
606 1959 778 1994 θυμιάματος
790 1961 851 1987 ὅλον

67 2002 205 2034 εὖωδιάζει
218 2003 263 2029 τὸν
275 2001 359 2031 οἷκον,
371 2004 408 2030 Τὸ
422 2004 507 2039 μύρον
518 2005 546 2031 δὲ
560 2006 660 2032 τελειοῖ
673 2007 710 2036 ὡς
723 2007 751 2039 ἐξ
763 2008 852 2042 ἀπαρ-

67 2048 117 2081 χῆς
137 2048 189 2083 τῆς
213 2049 290 2084 ἱερᾶς
306 2050 445 2084 τραπέζης
469 2051 516 2077 καὶ
533 2051 592 2077 ὅλον
608 2051 651 2077 τὸν
676 2049 761 2085 οἷκον,
779 2053 850 2080 καθὰ

67 2093 98 2128 δὴ
113 2094 160 2120 καὶ
185 2094 229 2121 διὰ
253 2094 298 2121 τοῦ
327 2096 543 2130 προαλήμματος
566 2097 615 2131 τῆς
638 2097 740 2131 σαρκὸς
756 2099 850 2125 πᾶσαν

67 2139 142 2172 ἡμῶν
155 2139 205 2173 τὴν
220 2139 301 2173 φύσιν
325 2142 356 2174 τῇ
379 2141 439 2176 θείᾳ
459 2142 561 2176 χάριτι,
586 2141 620 2177 ἢν
635 2142 746 2168 ὄπισθεν
764 2143 848 2169 αὐτοῦ

908 1556 990 1583 super
1002 1549 1140 1576 incensum
1158 1555 1206 1582 per
1218 1548 1370 1581 pontificem
1387 1547 1413 1573 in
1429 1550 1482 1573 tota
1499 1546 1590 1572 divina
1605 1546 1688 1572 domo

905 1594 1052 1629 spargitur,
1082 1599 1192 1628 propter
1218 1592 1331 1627 gratiam
1360 1591 1468 1626 qtutde
1495 1591 1564 1619 ccelo
1580 1592 1605 1618 in
1624 1591 1685 1618 uui-

905 1647 983 1668 versa
996 1645 1068 1668 terra
1082 1647 1128 1675 per
1148 1640 1287 1667 Christum
1303 1640 1427 1668 habetur.

1170 1696 1284 1724 CAPUT
1335 1698 1427 1725 CXIV.

943 1743 1031 1776 Quare
1045 1747 1128 1770 totum
1155 1743 1235 1770 (edem
1258 1748 1390 1777 unguento
1408 1743 1513 1777 perlinit
1545 1743 1690 1778 (episcopus

1199 1778 1238 1805 vel
1250 1779 1397 1814 sacerdos).

940 1824 1043 1852 Deinde
1057 1825 1124 1860 myri
1141 1824 1264 1851 inunctio
1280 1829 1341 1858 post
1363 1823 1562 1850 thuriiicantem
1581 1824 1689 1857 pontiﬁ-

904 1877 962 1906 cem
981 1870 1010 1897 ιιι
1028 1870 1062 1897 ab
1082 1870 1135 1897 alio
1163 1869 1290 1904 pontiﬁce
1308 1870 1350 1897 vel
1378 1871 1531 1901 sacerdote.
1560 1871 1689 1904 quoniam

904 1916 961 1951 ipse
978 1917 1046 1951 myri
1072 1916 1206 1950 primitias
1231 1916 1329 1942 obtulit
1346 1921 1374 1943 et
1388 1923 1496 1943 sacrum
1523 1915 1610 1942 altare
1622 1923 1690 1942 con-

903 1963 1046 1995 secravit;
1082 1966 1110 1989 et
1149 1970 1196 1996 per
1223 1962 1451 1988 tltttrilicationem
1494 1966 1577 1988 totam
1605 1961 1689 1988 odore

903 2008 978 2035 suavi
996 2008 1107 2035 domum
1122 2007 1223 2042 implet.
1241 2008 1348 2042 Myrrha
1379 2013 1468 2034 autent
1496 2007 1602 2041 perlicit
1615 2006 1688 2033 velut

902 2061 935 2080 ex
954 2053 1107 2080 initiatione
1129 2060 1213 2080 sacrm
1238 2060 1338 2080 mensa:
1364 2057 1446 2079 totam
1479 2052 1602 2084 domum,
1618 2059 1687 2086 qua-

902 2104 980 2126 teuns
997 2106 1045 2133 per
1065 2099 1157 2125 carnis
1174 2099 1373 2134 susceptionem
1391 2102 1472 2125 totam
1493 2103 1618 2124 naturam
1639 2105 1689 2124 no.

906 2150 990 2173 stram
1007 2145 1099 2172 divina
1127 2144 1254 2172 Christus
1277 2144 1389 2180 perfecit
1408 2145 1506 2180 gratia,
1522 2137 1601 2180 quam
1628 2149 1689 2178 post
1723 2182 1728 2187 .

68 2184 134 2209 κατὰ
147 2184 265 2219 μετοχὴν
280 2185 407 2215 λαϐόντες
424 2187 506 2212 παντὶ
523 2187 561 2221 τῷ
578 2188 674 2220 κόσμῳ
691 2187 849 2221 μετέδωκαν

909 2191 998 2226 ipsum
1023 2198 1071 2226 per
1096 2190 1333 2226 participationem
1360 2191 1523 2225 accipientes
1561 2189 1688 2217 universo

67 2229 90 2254 οί
109 2230 264 2257 ἀπόστολοι.
291 2230 369 2258 Οὕτω
386 2232 523 2266 θυμιάσας
551 2233 635 2259 πάντα
651 2233 696 2259 τὸν
712 2231 785 2259 οἶκον
802 2234 848 2260 καὶ

68 2275 193 2307 ἁγιάσας.
210 2276 258 2301 καὶ
272 2276 286 2302 ὁ
303 2277 471 2312 ἐφεπόμενος
486 2280 627 2314 προτροπῇ
643 2279 740 2306 τούτου
751 2279 850 2314 χρίσας

67 2318 103 2351 τῷ
127 2319 206 2353 μύρῳ
232 2319 293 2345 ὅλον
312 2320 358 2346 τδν
384 2318 468 2352 οἷκον,
500 2322 540 2352 είς
564 2322 614 2357 τὴν
646 2323 722 2355 ἱερὰν
748 2324 848 2350 ἐπανα-

68 2363 185 2398 κάμπτει
201 2365 214 2390 ὁ
231 2365 377 2399 όρχιερεὺς
393 2366 543 2400 τράπεζαν,
559 2367 657 2403 δηλῶν,
675 2369 716 2396 ὅτι
733 2369 849 2403 ἆναρχός

67 2410 184 2435 ἐστικαὶ
210 2410 388 2445 ἀτελεύτητος
405 2413 419 2438 ό
442 2412 521 2445 Θεὸς,
542 2413 587 2440 καὶ
614 2413 685 2449 ἀρχὴ
709 2415 763 2441 τῶν
780 2415 849 2441 ὅλων

68 2455 217 2489 γινόμενος,
242 2457 291 2482 καὶ
313 2458 387 2489 τέλος
405 2457 514 2485 πάντων
537 2459 601 2484 ἑστίη
631 2460 785 2492 Τελειὼσας
801 2459 848 2488 οὖν

67 2501 105 2528 διὰ
118 2502 164 2529 τοῦ
179 2502 374 2539 θυσιαστηρίου
389 2506 435 2532 τὸν
450 2505 535 2537 οἷκον,
553 2507 636 2533 πάλιν
651 2507 689 2539 ὡς
705 2509 744 2539 εἰς
761 2509 848 2544 ἀρχὴν

67 2547 129 2581 πρὸς
148 2547 180 2574 τὸ
198 2547 393 2585 θυσιαστήριον
411 2551 531 2586 ἔρχεται.
554 2553 609 2579 Καὶ
626 2553 742 2585 ἀποδοὺς
756 2553 785 2580 τὸ
801 2553 847 2580 θυ-

68 2591 208 2625 μιατήριον
222 2595 267 2618 καὶ
281 2594 440 2629 νιψάμενος,
455 2595 565 2630 εὔχεται
580 2597 695 2624 ἐνώπιον
709 2600 755 2632 τῆς
770 2599 846 2634 ἱερᾶς

66 2637 209 2671 τραπέζης,
240 2639 338 2672 λέγων,
360 2650 369 2667 ι
396 2642 479 2676 Κύριε
507 2643 554 2669 τοῦ
581 2644 697 2678 οὐρανοῦ
724 2646 770 2671 καὶ
797 2647 846 2680 τῆς

66 2683 121 2718 γῆς.
142 2692 152 2708 )
171 2686 219 2710 καὶ
232 2685 281 2711 ὅπα
296 2687 311 2721 ἡ
326 2687 392 2722 εὐχὴ
407 2688 540 2724 περιέχει,
559 2689 601 2717 ἵνα
617 2691 748 2727 πληρωθῇ
766 2691 845 2724 δόξης

66 2729 107 2755 καὶ
122 2729 263 2765 ἁγιασμοῦ
279 2733 327 2759 καὶ
342 2735 452 2769 χάριτος
470 2737 502 2771 τῇ
520 2737 693 2772 ἐπιφοιτήσει
708 2738 754 2764 τοῦ
772 2739 845 2765 θείου

68 2775 220 2820 Πνιύματος
232 2778 245 2803 ὁ
259 2777 331 2809 ναὸς,
343 2780 389 2806 καὶ
403 2780 431 2806 τὺ
446 2781 475 2807 ὲν
486 2782 560 2816 αὐτῷ
571 2782 765 2820 Θυσιαστήριον
781 2786 845 2820 σκή-

67 2829 136 2855 νωμα
152 2819 226 2848 θεῖον
243 2824 290 2851 καὶ
305 2824 397 2860 θρῦνος
414 2826 492 2862 ῐόξης
508 2828 631 2864 γένηται,
646 2830 692 2856 καὶ
713 2831 782 2857 ὥστε
796 2831 845 2864 τὰς

902 2237 1004 2264 mundo
1029 2237 1299 2264 communicaverunt
1328 2239 1453 2272 apostoli.
1481 2238 1626 2272 Postquam
1651 2237 1686 2264 ita

901 2286 985 2308 totam
1000 2281 1165 2309 thuriﬁcavit
1175 2283 1285 2310 domum
1299 2290 1331 2309 ac
1343 2282 1532 2314 sanetiiicavit,
1545 2287 1570 2309 et
1583 2281 1626 2308 ille
1641 2282 1685 2316 qui

900 2329 1022 2363 sequitur
1054 2329 1112 2364 ejus
1129 2329 1240 2364 vestigia
1258 2329 1366 2364 myrrha
1383 2334 1467 2356 totam
1485 2330 1593 2356 domum
1608 2329 1686 2355 inuu-

900 2374 950 2406 xit,
969 2374 1000 2400 ad
1019 2382 1129 2402 sacram
1150 2382 1272 2402 mensam
1290 2375 1358 2402 redit
1377 2374 1496 2409 pontifex
1513 2396 1519 2406 ,
1538 2374 1685 2402 ostendens

900 2421 972 2454 quod
995 2420 1054 2448 sine
1071 2422 1203 2455 principio
1219 2422 1332 2456 sineque
1356 2421 1409 2448 line
1431 2421 1499 2448 Deus
1512 2425 1564 2452 est,
1582 2426 1608 2448 et
1622 2428 1684 2448 cum

900 2465 934 2492 sit
951 2467 1074 2492 omnium
1093 2467 1267 2500 principium,
1297 2466 1357 2493 linis
1379 2466 1460 2493 etiam
1482 2467 1605 2494 omnium
1632 2472 1686 2497 est.

899 2511 965 2538 Cum
984 2511 1064 2545 igitur
1083 2519 1130 2546 per
1140 2514 1226 2539 altare
1241 2512 1349 2538 dotutttn
1367 2513 1492 2547 perfecit,
1514 2521 1608 2540 rursus
1627 2519 1687 2540 tan-

899 2565 980 2591 quam
998 2557 1075 2584 initio
1093 2557 1126 2584 ad
1147 2558 1232 2584 altare
1248 2557 1320 2583 venit
1337 2566 1344 2585 :
1361 2562 1396 2590 et,
1409 2559 1514 2586 reddito
1535 2558 1686 2590 thurihulo,

899 2605 1003 2630 Iuratus
1018 2611 1111 2631 coram
1133 2611 1211 2631 sacra
1237 2612 1330 2632 mensa
1363 2605 1537 2640 deprecatur,
1566 2606 1682 2632 dicens:

901 2659 910 2675 ‹
934 2649 1044 2675 Domine
1059 2649 1122 2676 cceli
1138 2655 1165 2676 et
1182 2655 1270 2682 term,
1285 2659 1294 2675 ι
1310 2655 1336 2677 et
1350 2651 1402 2677 alia
1421 2659 1591 2686 quaacuuque
1608 2659 1684 2678 rotu-

899 2695 1024 2730 plrctitur
1044 2696 1143 2728 oratio,
1159 2700 1187 2722 ut
1209 2697 1292 2724 divini
1308 2697 1426 2732 Spiritus
1443 2699 1598 2733 praesentia,
1612 2702 1683 2725 tem-

898 2741 971 2775 plum
990 2740 1086 2775 gloria,
1117 2742 1302 2771 sanctitudine
1329 2749 1355 2770 et
1374 2745 1459 2778 gratia
1486 2745 1683 2780 repleatur,et

898 2788 969 2823 quod
981 2788 1008 2814 iu
1024 2789 1082 2822 ipso
1096 2793 1139 2816 est
1154 2789 1248 2822 altare,
1276 2791 1399 2818 divinum
1426 2792 1636 2821 tabernaculum
1653 2800 1680 2822 ct

899 2833 1013 2860 thronus
1029 2832 1122 2868 gloria:
1140 2835 1185 2861 Ilat
1206 2843 1213 2868 ς
1236 2836 1270 2863 ita
1293 2842 1320 2864 ut
1334 2837 1472 2866 orationes
1487 2839 1513 2865 iu
1536 2838 1595 2874 ipso
1616 2848 1680 2876 pro-
