1936 3040
229 110 281 141 Si)

661 109 807 139 SYMEON
815 110 847 138 IS
861 95 1235 145 THESSALO‘NICENSIS
1254 110 1272 138 Δ
1279 109 1428 139 RCIIIEP.

1820 103 1897 135 3‘3)

222 167 301 198 datae,
322 167 354 194 ad
378 169 463 196 altare
481 168 526 195 Dei
553 167 662 194 caeleste
689 174 797 194 sursum
827 166 959 193 ferantur.
987 165 1019 192 Et

1086 166 1299 202 προσφερομένας
1317 167 1346 192 ἐν
1364 165 1440 199 αὑτῷ
1452 165 1559 200 δεήσεις
1575 165 1760 200 ἀναφέρεσθαι
1776 165 1807 190 εί
1818 172 1833 190 :
1858 162 1899 187 τδ

230 218 373 247 postquam
385 214 438 241 alta
449 222 514 240 \'0(',e
533 213 615 239 Deum
630 214 730 246 hymno
747 213 906 245 celebravit,
925 219 1018 246 pacem

231 259 359 285 omnibus
373 266 386 284 a
403 258 457 286 Deo
473 259 566 292 gratia:
592 258 667 285 dicit.
685 258 719 285 Et
738 258 847 285 cunctis
871 262 954 291 caput
981 257 1021 283 in-

232 304 408 337 clinantibus,
430 305 511 331 aliam
528 305 693 337 orationem,
721 311 781 338 quae
798 308 839 331 est
867 303 960 330 ultima
987 303 1021 330 de

233 351 448 382 consecratione,
463 351 501 378 ait
519 359 525 377 :
547 361 556 376 ι
584 351 690 378 Gratias
719 350 824 385 agimus
843 349 902 381 tibi,
928 349 1021 376 Domi-

231 401 276 425 ne,
300 404 309 419 ι
335 400 362 422 ct
385 400 484 422 uetera
510 403 570 423 cum
598 395 752 422 humilitate
776 395 870 421 dicens
885 415 892 425 ,
925 403 934 419 t
953 400 1021 428 quo-

231 440 302 466 niam
317 440 388 468 hanc
399 449 479 476 quam
496 441 589 475 ipsein
605 441 743 475 apostolos
759 440 882 468 infudisti
893 439 1018 475 gratiam.

230 489 256 511 ιιι
269 493 351 520 super
371 494 420 513 nos
436 492 594 521 peccatores
620 486 756 514 infudisti.
772 486 834 514 Ideo
849 491 876 513 te
890 486 1021 520 depreca-

231 539 303 563 mur,
329 532 404 566 reple
427 533 512 566 gratia
528 537 602 559 tuum
637 532 689 559 hoe
704 533 809 563 altare,
842 535 870 558 ut
903 531 930 557 in
960 531 1020 566 ipso

231 577 328 605 oblatte
366 578 465 606 hostia:
498 574 715 606 transnuitentur
754 579 781 605 in
816 577 1018 604 sanctissimum

231 631 330 657 corpus
347 630 372 651 et
392 626 550 660 sanguinem
563 625 624 652 Filii
642 625 680 652 tui
694 625 842 659 unigeniti,
860 624 892 666 ad
905 623 1019 651 salutem

232 669 351 698 universi
362 672 467 705 mundi,
484 680 588 700 necnon
614 671 785 706 indignitatis
806 674 905 698 nostrae
924 679 931 703 ;
962 679 972 696 ι
994 674 1022 697 et

233 720 374 750 postquam
391 724 457 744 voce
473 725 569 752 magna
584 718 745 752 deprecatus
761 722 812 749 est,
827 717 930 752 gratias
955 717 1019 752 agit.

234 761 266 787 Et
284 761 410 795 lampade
423 763 540 797 propriis
559 764 684 791 mallibus
713 771 761 798 per
789 765 879 791 oleum
904 772 1019 792 accensa

232 806 351 840 desuper
370 815 385 834 e
402 815 479 835 sacra
500 817 593 837 mensa
621 810 697 844 ponit
719 811 745 837 in
773 811 853 839 istius
875 811 1017 844 honorem,

233 852 362 884 quoniam
381 853 465 881 altare
481 854 581 882 Christi
598 855 668 883 facta
684 863 736 890 est,
755 862 793 890 et,
808 858 880 884 sicut
890 857 1017 889 diximus,

233 895 335 923 Christi
352 897 451 931 ﬁgurat
466 899 626 933 Ecclesiam,
638 902 740 929 lumine
759 903 852 938 gratiae
862 902 1018 938 fulgentem,

236 947 262 968 et
280 942 331 970 hoc
347 944 438 972 lumen
457 946 604 974 adductum
619 948 720 974 mundo
737 948 892 982 pra-ferens.

1035 833 1057 861 Β

519 1046 634 1074 CAPUT
658 1047 738 1075 CXV.

237 1090 314 1122 Quod
328 1097 387 1126 post
402 1086 632 1126 inauguralionem
644 1095 781 1128 episcopus
796 1097 869 1123 exuit
884 1096 1022 1123 sittdouem

392 1134 415 1153 et
435 1129 560 1162 reliquias
574 1134 726 1156 sanctorum
744 1133 855 1165 repauil.

272 1171 299 1199 Si
315 1181 348 1200 ne
366 1173 448 1209 igitur
465 1176 574 1209 quidem
592 1181 682 1211 potest
699 1179 933 1207 consecrationem
959 1186 1018 1214 per-

235 1219 327 1252 ficere,
342 1228 420 1247 sacra
432 1227 530 1249 exutus
552 1224 633 1255 stola,
667 1225 733 1256 abit,
751 1230 778 1252 et
807 1233 876 1260 opus
898 1227 1019 1254 crastina

236 1265 279 1291 die
293 1267 399 1300 perllcit
416 1275 423 1299 ;
441 1268 508 1295 alias
533 1274 633 1300 autem.
650 1272 736 1297 solam
758 1271 871 1305 eiiciens
894 1272 1021 1304 sindona,

236 1312 364 1344 quoniam
385 1321 591 1342 monumentum
610 1316 712 1344 Chris1i
734 1317 859 1352 perfecit,
885 1325 947 1346 cum
964 1319 1021 1346 sola

237 1358 386 1389 pontificali
404 1361 484 1392 stola,
499 1361 601 1396 reliqua
618 1367 757 1397 operatur,
781 1364 909 1397 reliquias
938 1364 1022 1400 depo-

237 1403 441 1436 nit,januarum
455 1412 611 1441 aperturam
625 1408 697 1442 facit,
721 1412 748 1436 et
767 1416 875 1436 sacrum
895 1410 1024 1445 adimplet

237 1449 413 1483 sacritit-ium,
429 1453 557 1486 quoniam
573 1454 660 1488 ipsum
676 1460 717 1482 est
737 1455 890 1482 divinorum
901 1456 1022 1483 omnium

237 1499 444 1525 consummatio.

519 1600 631 1628 CAPUT
645 1600 735 1628 CXVI.

257 1647 345 1679 Quare
362 1647 478 1682 reliqttt'te
496 1653 644 1683 martyrum
664 1649 710 1675 sub
729 1649 810 1676 altari
827 1649 1006 1683 deportantur.

276 1737 304 1764 In
320 1741 442 1764 sanctum
473 1736 555 1772 igitur
569 1742 647 1765 vetus
674 1740 803 1773 templum
829 1748 956 1768 reversus
981 1743 1027 1770 tibi

242 1784 372 1818 reliquias
399 1783 575 1818 deposuerat,
607 1785 769 1819 duabusque
792 1787 953 1820 deprecatus
967 1795 1028 1816 ora-

242 1831 373 1863 tionibus,
396 1829 450 1857 Dco
468 1831 571 1865 gratias
593 1832 820 1865 cxprimentibus.
846 1839 956 1868 propter
979 1835 1027 1862 do-

243 1885 306 1904 num
326 1876 501 1911 reliquiarum
529 1882 689 1911 martyrum,
704 1886 751 1906 cas
767 1887 849 1913 super
873 1886 953 1915 caput
981 1889 1028 1916 ge-

242 1927 306 1950 stat.
323 1923 429 1950 Etcum
451 1923 567 1956 venerit,
587 1923 698 1958 deponit
725 1932 771 1952 cas
797 1933 829 1952 ex
861 1934 956 1954 more:
976 1936 1029 1956 non

243 1970 316 1997 cnim
331 1969 373 1996 fas
393 1974 436 1996 est
451 1971 555 2004 absque
568 1975 719 2005 martyrum
747 1971 872 2006 reliquiis
902 1973 942 2000 vel
960 1976 1030 2002 ossi-

243 2016 294 2041 lms
317 2015 403 2042 sacris
422 2016 530 2049 operari
546 2016 791 2050 consecrationem,
811 2018 941 2052 quoniam
959 2028 1030 2046 mar-

243 2065 315 2095 tyres
331 2060 456 2087 Ecclesiae
487 2060 661 2088 fundamenta
685 2067 750 2089 sunt
772 2070 854 2097 super
876 2064 1024 2094 Salvatoris

244 2107 422 2134 lundamento
437 2106 581 2133 :cdilicata.
597 2106 711 2142 Oportet
725 2108 807 2136 ctiam
828 2109 888 2138 illas
900 2111 951 2138 sub
964 2112 1031 2139 alta-

245 2154 266 2180 ri
287 2160 360 2185 esse,
377 2152 506 2186 quoniam
529 2152 602 2179 istud
620 2157 662 2180 est
678 2153 817 2188 Ecclesia;
844 2157 973 2190 quoniam
1002 2162 1029 2184 et

1071 215 1118 241 τοῦ
1147 214 1216 240 Θεοῦ
1243 214 1404 247 ἐπουράνιον
1425 212 1631 247 θυσιαστήριον.
1653 212 1709 238 Καὶ
1733 211 1897 243 ὲκφώνως

1071 260 1117 286 τὸν
1133 260 1200 286 Θεὸν
1223 259 1393 293 ἀνυμνήσας,
1409 259 1522 294 εἰρήνην
1551 258 1638 284 irruat
1653 257 1729 290 λέγει
1744 256 1802 282 ἀπὸ
1826 254 1895 288 τῆς

1070 306 1118 334 τοῦ
1132 306 1201 333 Θεοῦ
1216 306 1337 340 χάριτος.
1356 306 1409 332 Kal
1427 305 1576 332 κλινάντων
1590 304 1698 330 πάντων
1713 303 1763 334 τὰς
1776 311 1895 336 κεφα-

1070 354 1130 386 λὰς,
1149 353 1231 388 εὐχὴν
1255 353 1353 386 ἑτέραν
1371 352 1420 386 τὴν
1437 352 1484 378 καὶ
1508 350 1667 377 τελευταίαν
1691 349 1738 376 ἐπὶ
1762 350 1797 383 τῇ
1824 357 1894 374 κα-

1072 399 1197 433 θιερώσει
1214 399 1297 432 φησίν
1309 407 1315 414 ·
1334 407 1343 423 ι
1360 396 1583 432 Εὑχαριστοῦμέν
1607 405 1659 426 σοι,
1675 396 1774 429 Κύριε,
1789 404 1801 420 ι
1829 396 1895 420 καὶ

1071 445 1105 472 τὰ
1119 444 1200 471 λοιπὰ
1217 445 1305 478 λέγων
1321 445 1350 470 ἐν
1362 443 1538 475 ταπεινώσει,
1557 452 1566 469 ι
1583 443 1624 469 ὅτι
1639 442 1673 477 ῆν
1690 442 1806 476 ἐξέχεας
1822 440 1892 476 xi-

1074 500 1115 526 ριν
1128 491 1174 517 ἐπὶ
1188 492 1243 522 τοῖς
1259 490 1432 522 ἀποστόλοις,
1448 491 1495 517 καὶ
1516 490 1560 523 ἐφ’
1580 490 1646 524 ἡμῖν
1661 490 1718 520 τοῖς
1734 489 1892 522 ἁμαρτω-

1071 538 1127 568 λοῖς
1149 537 1271 571 ἐξέχεας.
1299 538 1344 564 At?)
1360 537 1477 571 δεόμεθά
1500 545 1558 568 σου.
1577 536 1724 571 πλήρωσον
1751 535 1891 569 χάριτος

1071 583 1102 609 τὸ
1117 583 1310 617 ϐυσιαστὴριόν
1327 592 1373 609 σου
1389 584 1478 615 τοῦτο,
1498 583 1569 610 ὥστε
1583 583 1632 613 τὰς
1645 583 1672 608 ἐν
1685 581 1762 615 αὐτῷ
1776 587 1888 613 προσ-

1073 629 1228 663 φερομένας
1254 629 1352 661 θυσίας
1380 629 1587 664 μεταποιεῖσθαι
1605 629 1644 660 είς
1671 629 1701 654 τὸ
1729 628 1888 659 πανάγιον

1072 675 1153 710 σῶμα
1175 676 1221 702 καὶ
1240 674 1310 710 αἷμα
1324 676 1372 702 τοῦ
1390 676 1551 711 μονογενοῦς
1569 684 1616 702 σου
1634 674 1709 707 Υίοῦ,
1730 674 1799 707 προς
1819 681 1887 699 σω-

1071 721 1170 757 τηρίαν
1186 721 1234 748 τοῦ
1252 722 1357 757 κόσμου
1376 722 1488 754 παντὸς,
1501 723 1548 748 καὶ
1563 722 1612 756 τῆς
1625 721 1705 756 ἡμῶν
1720 719 1887 752 ἀναξιὸτη-

1072 777 1127 801 τος,
1145 777 1154 794 ι
1169 768 1216 794 καὶ
1230 768 1393 802 ὲκδςωνήσας
1404 768 1571 803 εὐχαριστεῖ.
1585 768 1705 801 Δυχνίαν
1715 775 1744 792 τε
1756 765 1886 799 ἀνάψεις

1073 815 1133 846 ταῖς
1149 815 1228 849 χερσὶ
1253 814 1288 840 δι’
1306 814 1409 846 ἐλαίου,
1426 814 1478 848 τῆς
1502 814 1578 848 ἱερᾶς
1603 813 1706 840 ἄνωθεν
1720 811 1884 846 τραπέζης

1073 861 1113 891 εἷς
1128 861 1211 894 τιμὴν
1226 860 1313 895 αὐτῆς
1324 860 1442 895 τίθησιν,
1458 859 1522 886 ἐπεὶ
1534 859 1729 893 θυσιαστήριον
1743 856 1884 892 Χριστοῦ

1073 907 1179 940 γέγονε,
1197 906 1243 933 καὶ
1257 907 1299 933 ὃτι
1322 907 1372 941 τὴν
1394 906 1562 941 Ἐκκλησίαν
1587 906 1714 937 είκονίζει
1731 904 1882 940 Χριστοῦ,

1073 953 1111 984 ὡς
1136 952 1299 987 είρήκαμξεν,
1316 953 1356 988 τῷ
1382 953 1454 988 φωτὶ
1471 953 1521 988 τῆς
1550 952 1663 987 χάριτος
1687 951 1882 986 λάμπουσαν,

1074 1000 1120 1027 καὶ
1136 999 1216 1026 τοῦτο
1230 999 1260 1026 τὸ
1276 999 1334 1034 φῶς
1348 1000 1520 1034 χορηγοῦσαν
1541 999 1581 1034 τῷ
1596 998 1701 1034 κόσμῳ.

1357 1058 1484 1085 ΚΕΦΑΛ.
1509 1056 1582 1084 PIE'.

1075 1104 1140 1130 Ὀτι
1154 1104 1229 1137 μετὰ
1242 1104 1300 1136 τὴν
1313 1104 1491 1137 καθιέρωσιν
1504 1103 1646 1130 ἐκϐάῐιίει
1666 1102 1724 1135 τὴν
1736 1102 1884 1129 σινδόνα

1110 1141 1127 1165 ὁ
1143 1139 1312 1173 ἀρχιερεὺς,
1331 1139 1380 1166 καί
1406 1139 1440 1166 τὰ
1458 1138 1591 1173 λείψανα
1617 1138 1852 1171 laudandum,

1111 1186 1196 1221 Εἴπερ
1210 1184 1257 1213 οὖν
1274 1185 1412 1217 ἀδυνάτως
1429 1186 1484 1221 ἔχει
1501 1185 1646 1211 τελειῶσαι
1659 1185 1692 1212 τὰ
1705 1184 1758 1218 τῆς
1772 1183 1880 1210 καθιε-

1075 1231 1197 1267 ρώσεως,
1221 1232 1427 1267 ἀποδυσάμενος
1453 1232 1487 1258 τὰ
1511 1231 1562 1265 τῆς
1586 1232 1662 1267 ίερᾷς
1689 1231 1798 1264 στολῆς,
1820 1239 1880 1256 ποι

1076 1279 1195 1314 ρεὺεται,
1226 1280 1274 1306 καὶ
1299 1278 1329 1305 τὺ
1354 1279 1436 1314 ἔργον
1450 1279 1484 1314 τῇ
1512 1278 1644 1313 ἐπαύριον
1661 1278 1777 1304 τελειοῖ·
1796 1279 1824 1304 εἰ
1853 1276 1880 1304 δ’

1074 1322 1131 1357 οὖν,
1146 1325 1196 1358 τὴν
1223 1323 1331 1350 σινδόνα
1359 1325 1444 1359 μόνην
1469 1323 1606 1354 ὲκὸαλὼν,
1628 1323 1689 1350 ἐπεὶ
1712 1323 1743 1349 τὸ
1771 1325 1879 1358 μνῆμα

1075 1368 1195 1405 Χριστοῦ
1210 1370 1381 1401 τετελείωκε,
1400 1371 1468 1402 μετὰ
1489 1371 1573 1406 μόνης
1598 1370 1649 1405 τῆς
1666 1369 1879 1404 ἀρχιερατικῆς

1077 1415 1174 1449 στολῆς
1188 1416 1284 1442 καὶτὰ
1302 1416 1384 1442 λοιπὰ
1400 1417 1541 1451 διενεργεῖ,
1567 1417 1615 1443 καὶ
1636 1416 1671 1442 τὰ
1687 1416 1805 1449 λείψανα
1821 1424 1877 1442 κα-

1076 1461 1215 1497 τατίθησι,
1238 1463 1288 1497 τὴν
1303 1463 1405 1496 ἄνοιξιν
1428 1471 1458 1490 τε
1477 1465 1594 1489 ποιεῖται
1615 1463 1668 1489 τῶν
1692 1462 1796 1493 πυλῶν,
1823 1461 1877 1487 καὶ

1042 1513 1063 1540 c
1080 1508 1114 1534 τὰ
1130 1508 1179 1542 τῆς
1196 1507 1353 1542 ἱερουργίας
1370 1509 1485 1541 ὲκτελετ,
1503 1509 1618 1544 ἐπείπερ
1633 1508 1702 1543 αὕτη
1717 1508 1771 1535 τῶν
1787 1507 1876 1534 θείων

1078 1555 1187 1581 πάντων
1202 1554 1276 1581 ἐστὶν
1289 1555 1305 1588 ἡ
1323 1554 1473 1586 τελείωσις.

1351 1611 1477 1638 ΚΕΦΑΛ.
1504 1612 1584 1645 Ριςι.

1078 1657 1159 1683 Amr!
1174 1657 1307 1691 λείψανα
1322 1656 1382 1684 τῶν
1400 1658 1560 1692 μαρτύρων
1573 1657 1633 1684 ὑπὸ
1654 1656 1687 1684 τὸ
1703 1658 1875 1689 θυσιαστὴ-

1328 1701 1397 1726 ριον
1411 1693 1610 1719 κατατίθεται.

1114 1737 1160 1769 Είς
1175 1738 1219 1764 τὸν
1235 1738 1313 1772 ἅγιον
1329 1738 1418 1764 τοίνυν
1437 1737 1554 1764 παλαιὸν
1570 1737 1634 1764 ναὸν
1646 1737 1784 1770 ἀπελθὼν,
1804 1737 1875 1764 ἔνθα

1080 1783 1255 1818 προαπετὲθη
1280 1784 1313 1810 τὰ
1344 1783 1469 1817 λείψανα,
1485 1783 1533 1810 καὶ
1558 1783 1641 1818 εὐχὰς
1662 1783 1709 1810 δύο
1735 1783 1873 1818 εἰρηκὼς,

1080 1830 1255 1865 εὐχαριστίαν
1279 1831 1394 1866 ἐχούσας
1414 1831 1493 1862 Θεοῦ.
1517 1831 1599 1858 ἕνεκα
1625 1831 1675 1866 τῆς
1690 1831 1796 1866 δωρεᾶς
1820 1832 1875 1866 τῆς

1079 1876 1133 1902 ἀπὸ
1151 1876 1205 1903 τῶν
1221 1877 1400 1911 μαρτυρικῶν
1416 1877 1561 1911 λειψάνων,
1576 1877 1623 1903 ἐπὶ
1647 1877 1768 1912 κεφαλῆς
1792 1878 1876 1911 φέρει

1080 1921 1177 1949 ταῦτα.
1201 1918 1257 1949 Kal
1282 1922 1367 1949 ἐλθὼν
1385 1923 1562 1959 κατατίθησιν
1588 1924 1683 1958 ὥσπερ
1709 1923 1781 1954 ἔθος.
1803 1924 1874 1951 υῦδὲ

1081 1969 1135 2003 γὰρ
1147 1969 1226 2003 θέμις
1237 1968 1298 2003 δίχα
1313 1968 1448 2004 λειψάνων
1463 1969 1641 2004 μαρτυρικῶν
1655 1969 1671 2004 ἢ
1685 1969 1768 1996 ὁσίων
1782 1970 1872 2003 ἁγίων

1082 2014 1247 2050 καθιέρωσιν
1270 2015 1405 2050 ἐνεργεῖν,
1425 2015 1464 2042 ὅτι
1490 2015 1610 2048 θεμέλιοι
1633 2015 1682 2050 τῆς
1704 2015 1873 2052 Ἐκκλησίας

1082 2060 1151 2087 εἰσὶν
1177 2060 1202 2086 οῐ
1228 2060 1377 2095 μάρτυρες,
1400 2055 1452 2086 ’ἐπὶ
1480 2061 1519 2095 τῷ
1539 2061 1658 2096 θεμελίῳ
1679 2060 1727 2087 τοῦ
1743 2061 1873 2096 Σωτῆρος

1082 2106 1359 2141 ἐποικοδομηθέντες·
1380 2107 1427 2133 καὶ
1455 2106 1484 2132 ἐν
1508 2108 1541 2141 τῇ
1572 2107 1707 2142 ἐκκλησίᾳ
1732 2106 1792 2134 δέον
1808 2107 1872 2133 τού-

1083 2161 1144 2182 τους
1163 2152 1216 2178 ὑπὸ
1242 2152 1272 2178 τὸ
1287 2151 1480 2187 θυσιαστήριον
1501 2150 1581 2185 εἶναι,
1608 2153 1670 2184 επεὶ
1696 2152 1840 2179 καὶτοῦτο
1856 2154 1870 2187 ἡ

245 2200 362 2226 thronus
381 2197 425 2225 Dei
442 2202 483 2225 est
499 2202 525 2225 et
536 2198 636 2226 Christi
652 2199 697 2226 Dei
713 2207 919 2228 monumentum
936 2212 942 2231 :
958 2204 1029 2230 unde

1089 2198 1248 2232 Ἐκκλησία,
1263 2199 1324 2224 ἐπεὶ
1347 2199 1394 2224 καὶ
1418 2198 1511 2232 θρόνος
1526 2198 1594 2225 8εοῦ
1613 2199 1671 2224 ἐστι
1698 2199 1746 2225 καὶ
1774 2200 1873 2233 μνῆμα

245 2251 354 2279 quoque
365 2244 474 2279 myrrha
492 2244 611 2279 ungitur,
644 2249 670 2272 et
688 2244 866 2280 Evangelium
888 2247 977 2279 habet,
1003 2253 1030 2275 et

245 2291 296 2319 sub
308 2291 365 2326 ipso
378 2290 490 2325 pulchre
503 2296 567 2318 sunt
591 2295 749 2318 sanctorum
767 2291 900 2326 reliquire,
918 2297 945 2320 et
972 2294 1031 2321 sine

246 2338 368 2372 reliquiis
384 2345 436 2365 non
454 2342 495 2364 est
508 2337 638 2371 possibile
653 2337 888 2364 consecrationem
910 2340 1029 2373 operari,

245 2385 317 2412 sicut
331 2384 416 2412 sancti
433 2384 649 2412 tleclaraverunt.
662 2383 752 2410 Sacrae
765 2391 831 2411 vero
844 2384 965 2418 reliquiae
978 2386 1034 2420 pri-

247 2439 279 2458 us
295 2431 467 2464 tlcponuntur
479 2432 504 2457 in
520 2430 648 2465 templum
659 2438 692 2457 eo
707 2430 778 2463 quod
790 2430 958 2457 sanctiﬁcata
970 2435 1035 2458 sunt

246 2473 348 2501 Christi
364 2474 482 2500 membra
498 2479 524 2501 et.
538 2474 645 2505 altaria,
672 2478 800 2509 tanquam
818 2479 928 2509 propter
944 2475 1033 2509 ipsutn

247 2518 398 2545 immolata.
415 2517 443 2545 In
464 2519 681 2546 sacratissimum
710 2520 892 2554 imponuntur
916 2521 1034 2553 discum,

248 2565 313 2599 quia
334 2572 426 2599 parem
445 2571 505 2591 cum
522 2564 636 2591 Domino
652 2565 819 2600 participant
836 2566 980 2598 honorem,
1001 2567 1036 2594 ob

249 2612 336 2647 ipsutu
352 2611 502 2638 certamina
518 2618 613 2645 passm.
627 2611 716 2646 Super
731 2615 917 2638 consecratam
928 2620 1037 2647 ponun-

250 2662 293 2684 tur
302 2665 434 2689 mensam,
447 2657 581 2692 siquidcm
598 2663 659 2683 cum
675 2656 784 2684 Christo
798 2661 910 2685 mortua;
919 2662 992 2690 sunt,
1011 2663 1038 2685 et

250 2704 393 2732 considere
413 2711 475 2730 cum
494 2704 551 2738 ipso
570 2710 652 2737 super
669 2703 798 2731 thronum
825 2704 917 2738 gloria:
931 2712 1038 2732 merue-

251 2755 327 2778 runt.
348 2749 464 2784 ldeoqtte
479 2756 561 2783 super
589 2755 672 2784 caput
694 2757 755 2778 cum
779 2750 854 2778 disco
887 2751 958 2777 tollit
990 2758 1038 2778 eas

254 2797 374 2832 pontifex
392 2817 399 2829 ,
426 2797 496 2824 sicut
515 2797 571 2830 ipsa
596 2796 689 2823 divina
722 2798 861 2833 mysteria,
891 2805 992 2832 corptts
1011 2803 1038 2825 ct

256 2843 416 2878 sanguinem
447 2840 561 2874 Christi,
578 2846 724 2870 Itouorans.
746 2843 856 2870 litt-uim
881 2843 902 2869 si
933 2843 1036 2870 Paulus

1083 2244 1202 2278 Χριστοῦ
1218 2243 1265 2271 τοῦ
1284 2244 1364 2271 Θεοῦ.
1379 2244 1460 2271 Ὅθεν
1485 2245 1534 2271 καὶ
1549 2244 1628 2279 μύρῳ
1644 2245 1761 2280 χρίεται,
1785 2245 1872 2271 καὶτὸ

1085 2290 1250 2324 ίίὑαγγέλιον
1279 2290 1346 2325 ἔχει,
1369 2291 1416 2317 καὶ
1441 2290 1486 2316 ὑπ’
1501 2290 1574 2324 αὐτῷ
1600 2290 1691 2321 καλῶς
1714 2290 1769 2316 τῶν
1786 2291 1872 2323 ἁγίων

1083 2336 1137 2361 εἰσὶ
1153 2335 1186 2362 τὰ
1198 2335 1325 2370 λείψανα,
1339 2337 1386 2362 καὶ
1400 2336 1485 2371 χωρὶς
1500 2335 1635 2371 λειψάνων
1654 2335 1683 2362 οὐ
1704 2336 1872 2371 καθιερῶσαι

1083 2382 1205 2415 δυνατὸν,
1224 2381 1261 2414 ὡς
1279 2382 1304 2408 ol.
1330 2382 1403 2416 ἅγιοι
1424 2382 1610 2417 ἀπεφήναντο.
1634 2382 1674 2408 Τὰ
1702 2381 1819 2416 λείψανα
1845 2382 1872 2408 δὲ

1084 2425 1298 2462 προαποτίθεται
1327 2426 1404 2460 121
1423 2426 1463 2456 είς
1486 2425 1560 2458 ναὸν,
1583 2426 1623 2452 ὅτι
1648 2426 1805 2461 ἡγιασμένα
1828 2426 1872 2452 καὶ

1087 2474 1153 2510 μέλη
1182 2474 1302 2509 Χριστοῦ
1327 2475 1373 2501 καὶ
1388 2474 1571 2509 θυσιαστήρια
1594 2473 1632 2505 ὡς
1652 2473 1789 2507 τεθυμένα
1804 2473 1872 2507 ὑπὲρ

1085 2519 1178 2546 αὑτοῦ.
1200 2520 1255 2547 Καὶ
1280 2520 1320 2550 είς
1335 2518 1482 2554 ἱερώτατον
1507 2517 1687 2553 ἐμϐάλλονται
1715 2517 1818 2549 δίσκον,
1833 2518 1872 2543 ὅτι

1086 2566 1135 2599 τῆς
1151 2565 1213 2599 ἴσης
1230 2565 1372 2600 μετέχουσι
1388 2564 1428 2599 τῷ
1447 2565 1570 2600 Δεσπότῃ
1593 2564 1686 2599 τιμῆς,
1706 2563 1871 2598 ὑπὲραύτοῦ

1086 2610 1309 2645 διηγωνισμένοι.
1339 2611 1394 2636 Kal
1424 2610 1471 2636 ἐπὶ
1498 2602 1708 2644 καθιερωμένης
1733 2609 1872 2643 τραπέζης

1086 2657 1214 2688 τίθενται,
1229 2656 1290 2681 ἐπεὶ
1306 2655 1491 2682 συναπέθανον
1506 2654 1546 2689 τῷ
1560 2653 1681 2689 Χριστῷ,
1697 2654 1744 2680 καὶ
1754 2653 1794 2688 τῷ
1811 2653 1873 2688 θείῳ

1087 2703 1135 2737 τῆς
1149 2701 1233 2728 αὐτοῦ
1257 2701 1336 2736 δόξης
1362 2701 1448 2736 θρόνῳ
1472 2700 1637 2736 τυγχάνουσι
1661 2699 1882 2738 παριστάμενοι..

1088 2748 1137 2774 Διὰ
1152 2747 1230 2774 τοῦτο
1245 2748 1291 2774 καὶ
1318 2748 1365 2772 ἐπὶ
1380 2747 1500 2781 κεφαλῆς
1523 2747 1592 2781 μετὰ
1616 2745 1663 2772 τοῦ
1679 2745 1773 2771 δίσκου
1796 2745 1810 2770 ὸ
1823 2746 1870 2780 ἁρ-

1088 2794 1196 2829 χιερεῦς
1215 2794 1287 2828 αίρει
1305 2792 1403 2824 ταῦτα,
1417 2792 1454 2824 ὡς
1469 2793 1539 2819 αὐτὰ
1555 2791 1588 2831 δῇ
1608 2791 1641 2818 τὰ
1663 2791 1721 2817 θεῖα
1737 2791 1871 2825 μυστήρια

1090 2841 1119 2867 τὸ
1135 2840 1179 2867 τοῦ
1196 2840 1331 2866 Aean/nou
1347 2839 1426 2874 σῶμα
1439 2839 1485 2866 καὶ
1497 2836 1566 2873 αἷμα
1582 2838 1678 2873 τιμῶν.
1692 2837 1723 2864 Εί
1740 2838 1795 2872 γᾶρ
1808 2837 1871 2871 πρὸς
