1941 3040
209 126 260 160 3ϋὸ

619 119 810 150 ΞΥΜΕΟΝΙΞ
831 114 1215 148 TIIESSALONICENSiS
1238 112 1416 142 ARCHIEI‘.

1775 105 1836 135 σοι

209 189 269 216 qu:e
281 180 352 207 intra
367 179 555 206 sam-marium
572 177 639 204 ﬁunt
657 181 682 203 et
697 177 724 202 in
740 176 797 210 ipsa
814 174 989 201 sanctissima
1008 198 1012 204 ,

1058 180 1147 204 ιατο·,
1165 171 1210 197 καὶ
1224 171 1252 196 ἐν
1266 171 1298 204 τῇ
1330 168 1465 203 ἱερωτάτη
1483 165 1605 201 τραπέζῃ
1623 165 1663 196 εἰς
1680 164 1766 190 τύπον
1781 165 1837 198 τῆς

210 233 317 255 mensa.
344 229 400 251 tres
434 228 498 250 sunt
528 224 555 249 in
569 222 714 249 Trinitatis
728 220 933 248 similitudinem
960 220 993 246 de

209 269 308 305 quibus
321 269 441 302 loquitur
469 272 582 295 sanctus
601 267 762 300 Dionysius,
778 264 902 296 diaconi,
933 271 994 298 pre-

212 316 315 350 s'uyleri
330 320 356 342 et
374 314 505 349 episcopi.
529 314 611 341 Istam
629 313 739 347 quidam
753 315 831 338 vocat
856 310 994 338 ministras

209 364 326 394 tionem,
343 361 418 388 velut
435 360 466 387 ad
485 360 639 387 ministrum
667 358 858 393 pertinentem,
876 361 903 383 et
926 356 993 382 dua-

209 409 259 436 bus
275 409 335 435 aliis
354 407 570 435 subordinatam.
588 404 659 431 Nihil
689 405 760 431 enim
787 404 910 430 minister
936 403 994 429 s‘ve

209 455 344 481 diaconus
359 455 418 481 sine
436 453 563 487 episc0po
576 451 615 478 vel
633 451 792 486 presbytero
818 449 892 475 facit.
919 447 995 475 Ilaue

210 505 299 527 autent
315 499 502 534 perfectivam,
531 505 590 530 qua:
617 496 721 524 scilicet
745 495 777 522 ad
806 494 993 529 presbyterum

210 549 327 581 spectat,
357 553 471 580 quaeque
485 544 612 571 sacriﬁcii
637 548 663 569 et
677 541 849 576 baptismatis
869 539 995 575 mysteria

210 598 236 619 et
248 592 298 618 alia
316 591 439 626 qua-(lam
458 594 597 625 operatur,
612 596 664 615 non
696 591 786 614 autent
813 586 903 613 omnia
919 593 926 618 ;
945 592 994 612 nec

210 639 282 664 enim
295 637 493 664 ordinationes.
510 634 575 661 Nam
601 634 716 669 gratiam
735 632 993 659 communicativam

212 691 266 710 non
293 683 385 713 habet,
412 689 499 716 neque
527 680 627 714 aliquid
656 679 727 706 aliud
754 676 930 711 ῃριίι-ειὶνιιιιι
954 675 996 702 vel

213 728 423 754 illizdttinatitnm
437 727 586 761 producere
601 729 699 759 potest,
712 723 757 750 sed
787 722 917 757 mysteria
953 729 996 749 so-

213 774 268 801 lum
286 779 312 801 et
324 773 486 807 baptismum
499 772 640 806 perlicere.

494 816 606 844 CAPUT
627 815 728 843 CLVII.

263 863 361 890 Omnia
383 862 566 889 ecclesiastica
585 870 599 887 a
618 861 675 887 solo
697 860 790 894 per/iri
813 860 946 894 episcopo.

250 943 349 970 Verum
365 940 511 975 episcopus
526 938 696 966 illuminandi
709 939 762 965 vim
778 938 867 970 habet,
880 944 913 964 eo
926 936 998 971 quod

215 989 322 1015 Patrem
351 987 483 1014 luminum
513 986 654 1018 imitatur,
681 985 822 1020 ipsiusque
863 984 994 1011 virtutem

216 1034 323 1062 abunde
340 1033 476 1069 possidet,
490 1037 514 1059 el
529 1039 577 1067 per
595 1033 683 1066 ipsum
701 1032 791 1058 οιιιιιίς
817 1030 896 1063 ordo,
921 1036 1002 1057 omne

217 1081 377 1117 mysterium
407 1085 435 1107 et
454 1082 667 1107 sacramentum.
703 1077 762 1112 Ipse
792 1077 863 1103 enim
891 1076 1002 1103 ordina-

217 1127 290 1154 tione
304 1133 352 1153 sua
366 1130 394 1152 et
408 1125 551 1159 baptizare
566 1124 647 1155 valet,
663 1123 744 1151 simul
760 1128 788 1151 el.
817 1129 926 1150 sacrum
952 1129 1003 1148 un-

215 1177 344 1208 guentum
373 1171 526 1203 coniicere;
552 1175 580 1197 et
605 1176 665 1204 qua:
688 1169 721 1196 ad
752 1168 945 1200 ministerium,
975 1171 1004 1194 et

219 1218 427 1254 perfectionem,
450 1221 478 1243 et
491 1216 721 1243 illutuinationem
739 1214 887 1248 pertinent,
922 1212 1003 1248 perﬁ-

217 1273 291 1298 cere,
302 1269 330 1292 et
347 1264 448 1298 legere,
461 1267 488 1290 et
506 1262 634 1297 psallere,
651 1265 679 1288 et
696 1260 845 1288 monachos
856 1260 1005 1287 constitue—

218 1317 258 1343 reI
274 1314 301 1337 et
313 1310 409 1337 domos
421 1308 559 1341 dedicare,
576 1312 603 1335 et
624 1307 726 1342 gradus
755 1307 814 1334 sive
839 1306 926 1334 ollicia
948 1305 1006 1333 dis-

219 1357 350 1389 tribuere,
368 1360 396 1383 et
427 1353 604 1382 matrimonio
633 1353 807 1388 conjungere,
830 1356 857 1380 et
884 1352 1005 1387 virgines

218 1409 384 1438 congregare
401 1405 428 1429 et
444 1407 620 1432 consecrare,
634 1400 725 1426 omnia
741 1399 861 1432 denique
876 1405 924 1432 per
944 1404 1007 1432 gra-

219 1450 284 1476 liam
302 1448 403 1475 Christi
425 1452 570 1482 praestare;
587 1445 688 1478 omnia
717 1444 788 1471 enim
820 1443 1005 1471 ecclesiastica

219 1497 252 1524 ab
269 1496 327 1530 ipso
341 1494 414 1522 velut
429 1493 540 1520 luminis
554 1492 629 1519 fonte
648 1491 844 1526 perﬁciuntur;
875 1489 935 1517 ideo
949 1489 1006 1524 epi-

221 1548 321 1576 scopus
350 1540 545 1567 illuminativus
557 1541 680 1565 vocatur.
705 1536 781 1563 Nunc
796 1540 885 1563 autem
916 1535 950 1562 ab
973 1541 1006 1562 eo

219 1587 312 1621 gratiae
326 1585 398 1613 dono
422 1584 596 1619 incipiemus,
611 1582 682 1618 quod
708 1587 749 1609 est
780 1582 903 1609 omnium
927 1580 1007 1608 mini-

221 1639 307 1661 mum,
323 1636 351 1657 ut
364 1630 437 1658 brevi
452 1630 485 1656 ad
502 1629 650 1664 perfectum
663 1628 838 1655 accedamus.
850 1627 906 1653 Hoc
921 1625 1006 1652 etiam

222 1679 258 1705 ita
275 1677 363 1705 visum
380 1681 422 1703 est
434 1682 531 1710 magno
547 1674 685 1709 Dionysio,
701 1674 746 1708 qui
764 1680 779 1700 a
805 1673 922 1700 diacono
938 1672 1007 1699 inci-

222 1723 301 1758 piens
320 1721 353 1748 ad
381 1720 538 1755 episcopum
558 1726 721 1753 progressus
737 1722 787 1745 est.
807 1717 862 1744 Nos
880 1717 965 1751 igitur
981 1719 1008 1743 et

223 1770 257 1796 de
269 1768 322 1795 hoc
330 1772 357 1794 et
367 1766 400 1793 de
409 1766 470 1793 aliis
481 1772 589 1800 quoque
599 1765 688 1791 dicere
698 1763 828 1795 volentes,
840 1770 854 1789 a
866 1763 954 1797 primo
964 1769 1008 1788 sa-

221 1812 338 1851 cerdotii
355 1811 532 1842 charismate,
549 1809 595 1844 qui
606 1809 754 1836 lectoratus
766 1812 819 1840 est,
830 1807 1007 1842 incipiemus.

496 1864 610 1893 CAPUT
629 1864 744 1892 CLVIII.

315 1914 454 1947 Quomodo
476 1913 559 1940 lector
578 1912 610 1939 ab
627 1913 747 1947 episcopo
768 1910 915 1937 ordinetur.

259 1973 309 2000 Ilic
335 1980 399 2008 ergo
423 1972 458 1999 ad
482 1971 638 2005 episcopum
670 1968 824 1999 adducitur,
842 1968 904 1994 dato
933 1965 1010 2000 prius

224 2007 381 2047 testimonio
395 2017 466 2052 quod
482 2021 585 2044 sanctae
601 2016 636 2043 sit
652 2015 723 2047 vitae,
736 2007 809 2049 quod
833 2020 912 2041 saera
943 2020 1008 2038 con-

227 2065 381 2092 versatione
397 2068 424 2090 et
455 2062 626 2097 promotione
641 2061 750 2096 dignus,
781 2059 940 2093 litterasque
965 2065 1010 2084 sa—

227 2119 288 2137 cras
319 2109 456 2136 didicerit.
478 2109 630 2142 Episcopus
657 2112 747 2133 autem
780 2112 886 2132 sacram
912 2105 1009 2131 stolam

227 2155 352 2186 indutus,
367 2159 393 2182 et
409 2153 619 2187 pallium,quud
642 2152 670 2179 in
695 2151 770 2178 onmi
795 2151 866 2178 sacri
887 2148 1008 2184 mystcrii

1046 217 1158 252 Tp'dSO;
1170 217 1254 251 τρεῖς,
1274 216 1338 246 περὶ
1350 212 1387 240 ὢν
1400 214 1449 240 καὶ
1461 214 1475 239 ὁ
1488 212 1562 247 ἱερός
1580 219 1647 246 φησι
1674 210 1832 241 Διονύσιος·

1046 264 1063 298 ἡ
1079 262 1126 289 τοῦ
1142 262 1279 292 διακόνου,
1296 261 1311 295 ὴ
1328 259 1377 286 τοῦ
1392 257 1591 294 πρεσᾶυτέρου,
1604 257 1651 283 καὶ
1667 256 1683 291 ἡ
1712 255 1760 282 τοῦ
1773 256 1840 282 ὲπι-

1047 309 1161 336 σκόπου.
1178 307 1233 334 Καὶ
1245 307 1294 342 τὴν
1307 306 1355 341 μέν
1369 313 1435 340 φησι
1461 302 1652 338 λειτουργικὴν
1669 301 1708 333 ὡς
1730 301 1840 335 ὑπηρέ-

1045 365 1103 388 του,
1122 356 1168 381 καὶ
1185 355 1213 380 ἐν
1225 355 1285 385 ταῖς
1301 353 1348 379 δύο
1378 352 1495 386 ἔχουσαν
1514 349 1592 381 τάξιν
1604 356 1611 363 ·
1642 348 1720 374 οὐδὲν
1746 347 1803 381 γὰρ
1824 347 1840 372 ό

1045 400 1234 435 λειτουργικὸς
1250 399 1309 433 ἦτοι
1336 398 1460 428 διάκονος
1473 396 1580 431 ὲνεργεῖ
1594 394 1657 429 δίχα
1681 393 1839 420 ἐπισκόπου

1048 447 1064 482 ἢ
1083 445 1271 481 πρεσϐυτέρου
1283 453 1290 460 ·
1306 445 1356 479 τὴν
1381 443 1409 469 δὲ
1427 441 1598 476 τελεστικὴν,
1616 440 1666 474 τὴν
1690 439 1739 465 τοῦ
1769 447 1842 472 πρε-

1051 491 1183 526 σὸιρτέρου
1198 489 1329 525 δηλονότι,
1359 489 1407 518 τὰς
1425 487 1536 518 τελετὰς
1561 485 1620 520 μὲν,
1645 485 1695 519 τὴν
1721 484 1771 518 τῆς
1795 484 1840 509 ἱε-

1050 539 1186 574 ρουργίας
1205 537 1314 564 καὶτοῦ
1347 536 1536 571 βαπτίσματος
1558 533 1606 560 καὶ
1630 532 1731 567 ἑτέρας
1756 533 1840 565 ἐνερ-

1047 585 1161 618 γοῦσαν·
1189 584 1219 610 οὺ
1245 583 1294 614 τὰς
1323 583 1414 613 πάσας
1447 581 1486 613 δὲ,
1511 580 1571 606 οὐδὲ
1616 579 1670 615 μὴν
1712 586 1840 614 χειροτο-

1047 631 1118 661 νίας.
1144 630 1200 657 Καὶ
1223 629 1278 665 γὰρ
1309 629 1339 655 οὺ
1367 628 1416 663 τὴν
1445 626 1623 662 μεταδοτικὴν
1654 625 1712 660 ἔχει
1733 625 1839 659 χάριν,

1048 676 1102 703 οὐδ’
1129 675 1210 701 ἄλλον
1239 673 1397 700 τελεστικδν
1426 671 1625 708 ἢφωτιστικὸν
1649 671 1775 705 ἐνεργεῖν
1795 669 1842 700 ἑξ-

1049 722 1154 756 ισχύει·
1187 720 1277 747 τελεῖν
1301 720 1329 747 Σὲ
1355 719 1436 755 μόνον
1461 720 1495 746 τὰ
1527 717 1647 754 μυστικὰ
1669 718 1717 743 καὶ
1743 716 1774 742 τδ
1790 715 1840 750 βά-

1049 776 1163 802 πτισμα.

1334 813 1461 839 ΚΕΦΑΛ.
1477 810 1561 839 PNZ'.

1014 849 1034 876 Β
1050 862 1115 888 Ὅτι
1130 859 1230 887 πάντα
1244 860 1280 886 τὰ
1294 859 1347 893 τῆς
1362 859 1547 891 Ἑκκλησιάς
1563 858 1657 892 μόνος
1680 857 1799 891 ἐνεργεῖ
1825 858 1842 883 ό

1351 894 1532 925 ἐπίσκοπος.

1095 943 1124 970 ⁷0
1142 942 1171 969 δέ
1184 950 1216 976 γε
1244 941 1376 976 ίεράρχης
1397 939 1561 973 φωτιστικός
1578 939 1662 971 ἔστιν,
1680 939 1721 966 ὅτι
1744 939 1842 972 μιμεῖ-

1053 998 1101 1016 ται
1115 989 1161 1015 τὸν
1178 988 1288 1022 Πατέρα
1301 988 1356 1013 τῶν
1372 986 1481 1021 φώτων,
1497 986 1544 1012 καὶ
1566 985 1616 1020 τὴν
1627 985 1709 1012 αὐτοῦ
1726 985 1844 1011 πλουτεί

1056 1035 1174 1070 δύναμιν
1185 1042 1192 1049 ·
1211 1034 1259 1060 καὶ
1274 1034 1348 1060 πᾶσα
1361 1032 1448 1066 τάξις,
1463 1033 1510 1059 καὶ
1523 1033 1580 1058 πᾶν
1607 1033 1772 1066 μυστήριον,
1791 1031 1844 1057 καὶ

1054 1082 1129 1107 πᾶσα
1143 1080 1240 1115 τελετὴ
1255 1079 1289 1106 δι’
1318 1078 1413 1105 αὐτοῦ.
1441 1078 1528 1110 Αὐτὸς
1545 1078 1599 1113 γὰρ
1622 1078 1668 1104 καὶ
1697 1076 1844 1111 βαπτίζειν

1053 1127 1126 1162 ἅμα.
1138 1127 1185 1152 καὶ
1202 1126 1289 1161 μύρον
1303 1126 1438 1160 ἐνεργεῖν,
1454 1125 1502 1151 καὶ
1527 1124 1718 1159 λειτουργικὺν
1729 1125 1779 1150 καὶ
1796 1132 1846 1150 τε-

1053 1172 1179 1198 λεστικδν
1200 1170 1343 1198 ἀποτελεῖν
1369 1171 1417 1197 καὶ
1442 1169 1608 1204 φωτιστικὸν
1627 1171 1660 1204 τῇ
1687 1168 1846 1205 χειροτονίᾳ

1055 1217 1146 1252 ἰσχύει
1157 1226 1164 1232 ·
1182 1217 1230 1243 καὶ
1247 1216 1459 1251 ἀναγινώσκειν,
1475 1217 1522 1243 καὶ
1541 1215 1665 1251 ψάλλειν,
1695 1216 1742 1242 καὶ
1759 1216 1846 1250 μονά-

1055 1263 1152 1296 ζοντας
1168 1263 1313 1298 καθιστᾷν,
1325 1262 1372 1289 καὶ
1382 1262 1434 1289 καο
1439 1270 1461 1288 ιε
1466 1261 1531 1297 ροῢν
1541 1262 1644 1293 οἴκους,
1661 1262 1709 1288 καί
1719 1262 1846 1296 βαθμοὺς

1055 1311 1196 1344 χορηγεῖν,
1226 1309 1273 1335 καὶ
1297 1308 1367 1343 πρὸς
1383 1308 1474 1342 γάμον
1493 1309 1648 1341 συνάπτειν,
1665 1308 1713 1333 καὶ
1739 1308 1848 1342 παρ’ὶε-

1057 1355 1184 1386 νεύοντας
1198 1355 1339 1389 συνιστᾷν,
1355 1355 1405 1381 καὶ
1417 1353 1506 1381 πάντα
1519 1355 1606 1381 ποιεῖν
1619 1354 1712 1389 χάριτι
1721 1354 1848 1389 Χριστοῦ

1056 1401 1179 1428 δύναται.
1201 1401 1246 1433 Ὠς
1263 1401 1317 1435 γὰρ
1331 1400 1386 1427 ἀπὸ
1402 1400 1494 1434 πηγῆς
1509 1400 1609 1434 φωτὸς,
1639 1401 1728 1426 πάντα
1744 1399 1778 1426 δι’
1793 1400 1847 1425 αὑ-

1056 1448 1104 1475 τοῦ
1114 1447 1146 1474 τὰ
1160 1447 1209 1482 τῆς
1223 1446 1389 1481 Ἐκκλησίας
1402 1446 1520 1472 τελεῖται
1533 1454 1540 1462 ’
1558 1445 1598 1472 διὸ
1609 1448 1657 1472 καὶ
1677 1446 1848 1478 φωτιστικδς

1057 1494 1221 1528 ὀνομάζεται
1235 1494 1249 1519 ὁ
1266 1493 1428 1524 ἐπίσκοπος.
1446 1493 1521 1523 Τέως
1540 1492 1569 1518 δὲ
1586 1492 1638 1528 ἤδη
1660 1493 1722 1518 ἀπὸ·
1738 1492 1788 1519 τοῦ
1803 1493 1848 1519 δο-

1058 1540 1172 1571 κοῦντος
1186 1539 1352 1573 μικροτέρου
1364 1538 1418 1564 τῶν
1431 1537 1601 1573 δωρημὰτων
1626 1538 1783 1573 ἀρχόμεθα.
1808 1539 1849 1570 ὡς

1059 1586 1092 1613 ἂν
1107 1586 1177 1613 κατὰ
1202 1585 1290 1620 βραχὺ
1319 1585 1358 1615 εἰς
1372 1584 1403 1611 eo
1426 1583 1528 1610 τέλειον
1547 1583 1679 1618 ἔλθωμεν.
1697 1584 1785 1611 Τοῦτο
1817 1585 1848 1611 δὲ

1058 1632 1106 1659 καὶ
1117 1632 1154 1667 τῷ
1171 1632 1283 1666 μεγάλῳ
1295 1631 1376 1657 καλὸν
1392 1630 1516 1665 ἐγνώσθη
1542 1631 1692 1665 Διονυσίῳ·
1721 1632 1767 1657 καὶ
1791 1633 1848 1658 ἀπὸ

1058 1678 1105 1704 τοῦ
1132 1678 1257 1704 διακόνου
1274 1676 1439 1712 ἀρξάμενος,
1467 1677 1507 1708 εἰς
1537 1677 1585 1702 τὸν
1600 1677 1751 1703 ἐπίσκοπον
1767 1675 1846 1712 ἦλθε.

1059 1725 1112 1751 Katt
1142 1724 1226 1758 ἡμεῖς
1255 1723 1345 1749 τοίνυν
1379 1723 1428 1750 καὶ
1467 1724 1532 1757 περὶ
1568 1723 1623 1749 τῶν
1651 1723 1740 1749 ἄλλων
1773 1725 1848 1757 ἐρεῖν

1060 1769 1217 1804 βουλόμενοι
1243 1768 1297 1794 ἀπὸ
1326 1767 1374 1794 τοῦ
1400 1768 1509 1801 πρώτου
1539 1767 1593 1794 τῶν
1617 1768 1668 1802 τῆς
1692 1768 1848 1802 ἱερωσύνης

1059 1814 1238 1850 χαρισμάτων
1247 1813 1407 1848 ἀρξώμεθα.
1419 1814 1497 1840 Ἐστι
1512 1813 1540 1839 δὲ
1552 1813 1583 1839 τὸ
1596 1813 1642 1839 τοῦ
1655 1814 1846 1847 ἀναγνώστου.

1331 1870 1457 1896 ΚΕΦᾹΛ.
1474 1869 1562 1896 PNII'.

1060 1916 1156 1950 Ὅπως
1167 1918 1184 1944 ὁ
1196 1915 1395 1951 ἀναγνώστης
1408 1916 1469 1943 ὑπὸ
1484 1915 1536 1942 τοῦ
1551 1915 1691 1950 ἱεράρχου
1702 1915 1845 1942 τελεῖται.

1097 1974 1182 2005 Οὗτος
1196 1973 1286 2000 τοίνυν
1305 1973 1470 2008 προσάγεται
1484 1972 1521 2007 τῷ
1536 1974 1671 2008 ἀρχιερεῖ,
1701 1982 1850 2008 μαρτυρη-

1061 2019 1117 2051 Oet;
1134 2017 1205 2046 εἶναι
1223 2019 1272 2045 τοῦ
1287 2018 1371 2052 ἁγνοῦ
1392 2017 1462 2052 βίου,
1478 2019 1525 2044 καὶ
1555 2018 1630 2050 ἄξιος
1646 2019 1795 2054 ἀναγωγῆς
1813 2021 1851 2045 ἱε-

1063 2067 1123 2101 ρᾶς,
1142 2066 1188 2091 καὶ
1202 2066 1235 2091 τὰ
1253 2065 1313 2100 ἱερὰ
1330 2065 1408 2095 εἰδὼς
1420 2065 1584 2099 γράμματα.
1603 2065 1679 2091 Καὶὸ
1698 2065 1849 2100 ἀρχιερεὺς

1063 2110 1239 2144 ἐνδεδυμένος
1253 2109 1349 2144 στολὴν
1368 2110 1454 2145 ἱερὰν,
1472 2110 1520 2135 καὶ
1541 2110 1571 2136 τὸ
1591 2109 1761 2146 ὡμοφόριον,
1778 2112 1792 2137 ὃ
1817 2112 1849 2146 δὴ

1063 2157 1109 2183 ἐπὶ
1127 2158 1200 2191 πάσῃ
1215 2156 1293 2190 φέρει
1305 2156 1364 2191 ἱερᾷ
1376 2156 1481 2190 τελετῇ,
1497 2155 1576 2182 τοῦτο
1590 2157 1643 2192 γὰρ
1661 2158 1778 2183 ὲκτυποί
1802 2158 1850 2183 τὸν

227 2200 397 2228 confectione
414 2204 522 2234 gestare
541 2199 610 2225 solet
636 2198 700 2232 (hoc
728 2197 801 2224 enim
833 2199 1011 2230 reprtesentat

1069 2201 1173 2236 Ἰησοῦν
1196 2203 1263 2229 Θεὸν
1283 2203 1349 2229 ὄντα
1371 2203 1418 2228 καὶ
1448 2203 1640 2237 σαρκωοέντα,
1669 2204 1778 2237 εὐλογεῑ
1805 2205 1850 2229 τὶν

226 2247 319 2275 Jesum
333 2246 417 2273 Deum
435 2249 461 2272 et
473 2245 666 2277 incarnatum),
683 2242 737 2270 Deo
750 2242 896 2274 bcnedicit,
909 2241 1010 2276 gratias

227 2293 424 2321 convenienter
440 2297 523 2325 agens
534 2291 561 2317 in
577 2289 650 2316 omni
666 2288 714 2316 Dei
732 2295 823 2322 opere.
838 2288 884 2315 sed
895 2287 1012 2314 maxime

228 2346 277 2374 pro
293 2339 401 2365 homine
417 2337 463 2372 qui
481 2336 507 2363 in
530 2336 616 2370 ipsius
634 2334 816 2362 ministerium
835 2333 954 2368 eligitur.
967 2333 1012 2359 Fi-

229 2386 285 2412 nita
299 2384 416 2419 Trisagii
430 2383 554 2411 oratione
572 2389 586 2408 a
601 2381 710 2408 clericis
722 2380 865 2407 luminaria
893 2379 1013 2407 tenenti-

230 2431 293 2463 bus,
309 2429 372 2463 quia
396 2433 452 2455 tum
468 2427 632 2454 illuminatio
651 2426 680 2453 [It
695 2430 722 2452 et
740 2425 826 2459 gratia
851 2423 1013 2450 communi-

197 2484 200 2488 ί
229 2472 318 2505 cattir,
333 2473 479 2506 episcopus
506 2475 610 2498 vestem
641 2471 748 2504 nigram
766 2476 826 2504 qua
849 2467 1012 2495 humilitatis

230 2527 257 2548 et
274 2518 395 2553 religiosi
417 2518 523 2545 timoris
550 2517 704 2552 symbolum
733 2522 784 2547 est.
814 2515 961 2546 benedicit,
985 2518 1013 2541 ct

230 2563 448 2593 consecrandum
463 2563 539 2597 jubet
555 2570 615 2589 eam
642 2562 764 2589 induere.
792 2561 851 2594 Quo
876 2560 949 2587 facto
980 2560 1013 2586 ad

230 2621 292 2640 eutn
309 2610 467 2641 adducitur,
482 2613 509 2636 et
522 2608 701 2640 benedicitur,
719 2608 797 2642 signo
814 2607 904 2633 crucis
920 2606 954 2632 ab
981 2612 1013 2631 eo

231 2663 271 2685 ter
288 2665 369 2684 manu
385 2660 512 2691 peracto:
528 2659 620 2689 postea
637 2654 807 2688 obsignatut'.
820 2652 926 2680 Tondet
941 2651 1012 2678 enim

230 2705 374 2739 episcopus
392 2702 505 2737 capillos
521 2701 619 2736 capitis
648 2700 706 2734 ejus
723 2701 750 2726 in
772 2700 885 2733 tignram
911 2698 1013 2729 crucis,

231 2751 350 2777 divinum
367 2754 392 2776 cl
404 2749 572 2776 tremendum
585 2746 728 2773 Trinitatis
748 2752 847 2772 nomen
859 2751 941 2778 super
953 2751 1014 2770 eum

232 2795 373 2826 invocans,
396 2802 428 2821 ex
446 2803 498 2830 qua
513 2794 601 2821 omnis
620 2799 699 2819 sacra
715 2791 887 2818 consecratio
904 2794 930 2817 et
955 2797 1013 2824 my-

233 2840 355 2867 sterium.
371 2838 491 2867 Primum
506 2839 614 2874 quidem
628 2837 741 2870 capillos
757 2837 783 2863 in
800 2835 902 2863 'vertice
915 2835 1011 2870 capitis

1063 2248 1130 2274 Θεὸν
1147 2248 1319 2284 εὐχαριστῶν
1330 2248 1470 2283 ἁρμοδίως
1500 2250 1547 2274 ἐπὶ
1568 2250 1650 2275 παντὶ
1677 2249 1751 2284 ἔργῳ
1770 2250 1848 2280 Θεοῦ.

1063 2292 1110 2318 καὶ
1125 2292 1242 2327 μάλιστα
1255 2293 1300 2319 ἐπὶ
1314 2292 1451 2327 ἀνθρώπῳ
1464 2294 1502 2324 είς
1512 2293 1665 2328 ὑπηρεσίαν
1676 2294 1850 2329 ὲκλεγομέκῳ

1063 2338 1157 2366 αὑτοῦ.
1173 2339 1229 2365 Καὶ
1241 2339 1292 2372 τῆς
1308 2339 1464 2373 προσευχῆς
1476 2338 1522 2365 τοῦ
1546 2339 1695 2373 Τρισαγίου
1710 2341 1787 2373 πσρὰ
1797 2340 1850 2366 τῶν

1063 2383 1205 2418 κληρικῶν
1221 2383 1407 2418 τελεσθείσης,
1435 2384 1514 2418 φῶτα
1533 2384 1720 2419 κρατούντων,
1737 2385 1779 2411 ὅτι
1796 2394 1849 2418 φω-

1064 2431 1161 2464 τισμὸς
1176 2430 1282 2464 γίνεται
1294 2430 1342 2456 καὶ
1359 2430 1461 2456 δίδοται
1477 2430 1566 2464 χάρις,
1582 2431 1596 2457 ὸ
1624 2431 1756 2465 ίεράρχης
1787 2431 1849 2465 ίμα-

1065 2484 1123 2502 τιον
1139 2475 1294 2510 εὐλογήσας
1317 2475 1413 2509 μέλαν,
1445 2476 1553 2502 κελεύει
1577 2476 1656 2503 τοῦτο
1688 2476 1849 2503 ἐνδύσασθαι

1066 2521 1112 2547 τὸν
1126 2521 1300 2555 τελούμενον.
1313 2521 1343 2547 τὸ
1356 2522 1484 2548 ταπεινὸν
1505 2522 1552 2548 καὶ
1569 2522 1685 2554 εὐλαῦὲς
1701 2523 1751 2557 τῆς
1779 2523 1850 2557 ζωῆς

1065 2567 1210 2600 δηλοῦντος
1223 2566 1271 2593 τοῦ
1292 2567 1416 2602 μέλανος.
1444 2566 1512 2595 Εἶτα.
1537 2568 1633 2602 ἄγεται
1648 2570 1661 2595 ὁ
1689 2569 1849 2604 τελούμενος

1066 2611 1134 2645 πρὸς
1149 2610 1241 2644 αὑτὸν,
1260 2613 1306 2636 καί
1327 2611 1480 2644 εὐλογεῖται
1503 2613 1535 2647 τῇ
1555 2613 1626 2647 χειρὶ
1644 2612 1723 2647 139
1739 2622 1850 2648 σταυρο-

1066 2656 1143 2687 ειδῶς
1158 2656 1223 2690 παρ’
1237 2655 1320 2682 αὐτοῦ
1337 2657 1406 2691 τρίς.
1425 2656 1491 2685 Εἶτα.
1507 2658 1552 2684 καὶ
1578 2659 1770 2692 σφραγὶζεται.
1785 2660 1850 2686 Κείς

1067 2710 1108 2736 ρει
1126 2701 1179 2736 γὰρ
1193 2702 1242 2734 τὰς
1257 2702 1342 2728 αὐτοῦ
1358 2704 1453 2738 τρίχας
1467 2704 1517 2737 τῆς
1530 2704 1651 2739 κεφαλῆς
1665 2707 1849 2740 cauponam;

1066 2749 1079 2773 ὁ
1093 2748 1250 2782 ἀρχιερεὺς,
1272 2748 1303 2774 τὺ
1315 2748 1385 2775 θεῖον
1400 2750 1446 2776 καὶ
1464 2752 1578 2784 φρικτὸν
1601 2751 1686 2785 ὄνομα
1716 2753 1850 2785 ἐπιλέγων

1066 2793 1140 2826 αὐτῷ
1161 2794 1209 2827 τῆς
1238 2793 1364 2829 Τριάδος,
1383 2795 1411 2827 ἐξ
1435 2793 1469 2830 ἦς
1497 2796 1572 2822 πᾶσα
1603 2797 1663 2831 ἱερὰ
1680 2797 1778 2832 τελετὴ
1807 2799 1851 2824 καὶ

1069 2839 1230 2873 μυστήριον.
1249 2840 1304 2866 Καὶ
1320 2841 1428 2874 πρῶτον
1445 2843 1495 2876 μὲν
1516 2843 1587 2869 κατὰ
1611 2844 1735 2878 κορυφὴν
1752 2844 1850 2878 κείρων
