1941 3040
105 111 160 144 365

639 109 686 140 DE
706 109 838 140 SACRIS
860 107 1208 139 ORDlNATIONIBUS.

1676 107 1727 139 36“»

103 170 156 201 τὰς
170 169 268 205 τρίχας
286 173 380 204 φησιν,
399 178 409 194 ι
441 169 488 199 Εἰς
515 169 544 195 τι
569 160 652 203 διιομπ
681 168 728 195 τοῦ
746 169 864 202 Πατρόςο
882 177 891 193 ›

960 167 1042 193 omlet
1052 167 1146 193 dicens
1158 175 1163 193 :
1177 175 1186 192 ι
1198 167 1226 194 lu
1237 168 1348 194 nomine
1356 167 1445 195 Patris
1456 177 1463 202 ;
1475 177 1484 194 ν
1495 171 1586 203 postea
1601 168 1628 194 in
1640 167 1730 194 fronte

107 213 168 242 εἶτα
181 215 255 242 κατὰ
270 215 301 241 τὸ
328 215 467 250 μέτωπον,
494 215 590 249 λέγων,
611 225 620 241 ‹
638 215 684 241 καὶ
697 214 745 241 τοῦ
777 213 860 241 Υἱοῖν
883 223 891 239 ι

107 258 168 287 εἶτα
182 261 215 287 ἐκ
227 260 353 294 πλαγίων
362 261 411 294 τῆς
427 261 551 296 κεφαλῆς
566 261 686 293 δεξιόθεν
699 260 796 294 λέγων.
817 270 826 286 ι
841 259 896 286 Καὶ

107 304 156 331 τοῦ
168 305 250 338 ἁγίου
263 305 434 339 Πνεῦματος·
456 314 466 331 t
485 303 544 331 εἶτα
562 306 595 332 ὲκ
619 305 742 339 πλαγίων
757 302 840 331 πάλιν
863 305 896 330 ὲκ

108 350 164 377 τῶν
197 351 363 385 ἀριστερῶν,
392 350 510 385 σταυρὸν
536 350 658 383 τελειῶν,
684 350 733 377 καὶ
756 350 896 385 ἐπιφέρει,

112 405 122 422 ι
140 396 262 423 Πάντοτε
282 396 330 423 νῦν
345 396 390 423 καὶ
404 396 458 424 ἀεί.
477 406 486 422 ι
503 397 605 427 Πάντες
619 397 648 423 δὲ
662 396 765 432 ἑκάστῃ
783 395 898 431 ἐπικλη-

110 451 152 469 σει
167 442 199 468 τὸ
212 442 302 478 Ἀμὴν
316 442 454 477 λέγουσιν,
470 442 666 477 ὁμολογοῦντες
699 443 758 477 ἅμα
783 442 832 468 καλ⁸
855 441 897 476 βε-

111 489 276 522 ϐαιούμενοι
308 489 343 515 τὰ
368 488 444 524 παρὰ
466 489 514 516 τοῦ
542 489 705 524 ἀρχιερέως.
725 488 781 515 Καὶ
800 489 817 523 ἡ
847 489 898 523 μὲν

110 535 262 570 ἀφαίρεσις
278 535 332 562 τῶν
354 535 457 571 τριχῶν
485 535 536 569 τὴν
557 535 724 570 καθιέρωσιν
745 534 896 570 σημαίνει·

109 582 152 608 ὅτι
172 582 201 607 αἱ
219 581 314 616 τρίχες
336 581 398 609 ὅλου
417 581 464 608 τοῦ
492 581 618 616 σώματος
647 581 832 617 ἐξανθήματα,
852 581 900 608 καὶ⁸

111 627 244 663 ἀπαρχὴν
259 626 320 661 Θεῷ
333 627 553 663 προσενεχθῆναι
571 628 602 654 ὲκ
618 628 665 653 τοῦ
686 627 833 663 ἀνθρώπου
851 636 900 662 σηο

113 673 207 708 μαίνει
217 681 225 690 ⁸
244 672 426 708 σταυροειδῶς
440 673 469 699 δὲ
484 673 529 699 διὰ
544 672 589 699 τδν
620 672 736 707 Ἰησοῦν,
759 672 800 699 ὅτι
817 672 900 704 αὐτος

111 718 270 751 σαρκωθεὶς
283 719 329 745 καὶ
341 717 509 752 σταυρωϐεὶς
523 717 650 752 ἁγιάζει·
665 716 709 744 ἐπ’
718 717 833 752 ὀνόματι
847 717 898 752 τῆς

111 764 230 798 Τριάδος
245 764 285 796 δὲ,
311 764 352 790 ὅτι
366 763 436 797 αὓτη
457 764 474 799 ἡ
489 763 657 799 δημιουργὸς
682 763 735 789 τῶν
763 763 832 790 ὅλων
852 763 900 789 καὶ

111 809 294 842 τελειοποιὸς,
310 810 324 836 ὁ
339 809 418 844 μόνος
433 809 513 841 Θεός.

382 866 509 893 ΚΕΦΑΛ.
529 865 615 894 ΡΝΘ’.

113 913 199 941 Atat!
211 912 344 948 σφραγὶς
352 912 387 939 ἐν
403 911 443 945 τῷ
454 911 634 948 ᾷγαγγώστῃ
645 919 652 926 ·
663 911 713 938 καὶ
725 911 771 938 ὅτι
783 911 801 944 ἡ
809 914 903 946 κουρὰ

293 948 409 982 ὀφείλει
431 947 560 974 πάντοτε
579 947 727 981 τίνεσθαι.

152 993 327 1029 Ὕστερονδὲ
341 992 387 1019 ἐπὶ
402 992 453 1027 τῆς
472 992 606 1027 κορυφῆς,
626 992 656 1018 ιν
685 988 703 1029 ᾖ
720 991 737 1027 ἡ
763 992 836 1028 ἁρχὴ
852 992 904 1026 τῆς

115 1040 230 1075 κουρᾶς,
246 1038 348 1074 μείζων
367 1038 384 1073 ἡ
401 1038 490 1073 κουρὰ
500 1037 577 1072 παρὰ
608 1036 742 1072 κληριιιοῦ
767 1045 839 1067 τινος
863 1037 904 1070 γί-

114 1086 260 1117 manest
280 1084 386 1120 κεφαλὴ
402 1084 511 1111 πάντων
541 1082 589 1110 καὶ
614 1083 722 1118 κορυφὴ
740 1083 754 1109 ὁ
774 1083 903 1118 Χριστός·

117 1134 166 1160 καὶ
183 1132 267 1164 αὐτὸς
285 1131 405 1166 σφραγίς
423 1131 484 1157 ἔστι
506 1129 555 1157 καὶ
577 1130 692 1163 σημεῖον
720 1129 777 1160 τοῖς
806 1129 901 1155 τελου-

118 1181 214 1215 μένοις
229 1179 271 1210 είς
296 1177 394 1205 αὐτόν’
421 1177 470 1204 καὶ
496 1176 578 1208 αὐτὸς
594 1175 703 1208 τούτοις
723 1174 904 1210 ιπικάθηται,

117 1226 167 1253 καὶ
189 1226 222 1252 τὸ
249 1223 418 1260 ἡγεμονικὸν
448 1223 577 1257 ἁγιάζει,
598 1222 647 1248 καὶ.
677 1221 783 1256 κεφαλὴ
814 1220 905 1247 αὐτῶν

118 1273 189 1300 lett.
203 1271 262 1306 Τῆς
281 1270 430 1305 σφραγῖδος
441 1267 488 1296 οὖν
503 1268 628 1304 μείζονος
648 1268 797 1302 γινομένης
814 1268 847 1302 τῇ
861 1275 907 1294 κο-

122 1320 208 1355 ρυφῇ.
227 1318 262 1345 ἵν’
279 1318 334 1344 ἀπὸ
359 1317 462 1350 ταύτης
490 1315 586 1349 ὥσπερ
612 1314 666 1340 ἁπὺ
682 1313 761 1349 ῥίζης
791 1313 831 1345 εἰς
846 1312 907 1340 ὅλον

118 1365 184 1401 Win
211 1364 259 1391 τὸν
273 1363 418 1398 ἄνθρωπον
430 1363 443 1388 6
463 1360 610 1396 ἁγιασμὸς,
635 1359 805 1394 προσάγεται
823 1358 905 1385 πάλιν

119 1412 171 1448 ἢδη
189 1409 335 1441 ἀνατεθεὶς
354 1408 400 1435 διὰ
413 1408 462 1442 τῆς
475 1407 588 1441 κουρᾶς,
600 1405 648 1432 καὶ
666 1404 805 1439 φαινολιου
827 1404 906 1431 εὐλο-

119 1457 245 1493 γημένου
260 1456 321 1490 ἦτοι
334 1453 478 1489 καμισίου,
492 1453 562 1485 ὅπερ
576 1452 629 1478 τῶν
647 1450 728 1486 ἱερῶν
744 1449 906 1485 ἐνδυμάτων

949 211 1043 240 dicens
1054 212 1086 239 εἰ
1103 213 1135 239 Et
1150 211 1210 239 Filii
1221 222 1245 245 ς»
1259 213 1359 241 deinde
1373 221 1406 241 ex
1419 214 1502 241 latere
1515 212 1612 248 capitis
1623 212 1728 241 dextro.

947 258 1061 286 dicens:
1078 268 1087 284 ι
1100 259 1133 286 Et
1150 258 1270 294 Spiritus
1288 260 1390 293 sancti;
1408 269 1417 286 ι
1435 261 1592 294 iterumque
1603 266 1635 286 ex
1647 259 1731 285 latere.

947 304 1061 332 sinistro
1078 311 1185 332 crucem
1200 305 1315 340 perﬁcit,
1328 306 1459 339 inferens,
1472 315 1483 331 ι
1495 305 1602 340 Ubique
1618 312 1691 332 nunc
1706 308 1732 329 (ιι

948 357 1065 385 semper.
1081 359 1089 376 ι
1111 350 1211 379 Omnes
1235 356 1324 378 autem
1338 351 1370 379 ad
1386 357 1609 386 unamquamque
1623 350 1731 377 invoca-

948 395 1050 423 tionem
1069 398 1247 432 respondcnt,
1278 398 1375 432 Amen,
1400 399 1563 426 conﬁtentes
1593 396 1675 425 simul
1706 400 1732 422 ct

949 443 1145 471 conﬁrmantcs
1167 452 1228 479 quae
1253 445 1288 472 ab
1313 445 1442 480 episcopo
1456 445 1535 472 ﬁunt.
1563 443 1731 478 Capillorum

949 493 1040 515 autem
1055 489 1190 517 detractio
1206 494 1232 518 et
1246 491 1361 519 resectio
1393 490 1631 518 consecrationem
1644 487 1730 522 signi-

949 533 1029 566 ﬁcat;
1043 535 1135 570 capilli
1151 536 1222 562 enim
1242 537 1322 564 totius
1345 540 1408 564 sunt
1426 536 1549 571 corporis
1578 533 1683 562 ﬂosculi
1699 532 1733 559 de

950 586 983 607 eo
998 579 1211 614 eﬂlorescentes,
1227 583 1272 617 qui
1289 582 1458 610 detractione
1473 590 1524 609 sua
1541 581 1665 608 indicant
1677 578 1732 614 pri-

949 625 1040 653 mitias
1054 626 1088 653 ab
1102 626 1212 655 homine
1228 628 1281 656 Deo
1297 628 1399 656 on‘erri.
1420 628 1464 656 Fit
1478 632 1568 655 autem
1587 627 1632 654 illa
1647 625 1734 660 capi"

949 670 1039 698 lorum
1064 673 1180 700 resectio
1206 673 1233 700 in
1254 674 1343 701 crucis
1367 673 1480 708 ﬁguram
1498 676 1609 708 propter
1622 670 1734 699 Iesum.

950 716 1080 751 quoniam
1109 717 1168 752 ipse
1185 718 1346 747 incarnatus
1362 723 1388 747 et
1403 718 1551 746 cruciﬁxus
1562 715 1733 746 sanctiﬁcat;

951 762 979 789 in
995 763 1105 791 nomine
1133 769 1223 792 autem
1250 765 1404 797 Trinitatis,
1423 764 1553 800 quoniam
1568 762 1643 790 solus
1663 760 1736 788 Deus

950 813 992 836 est
1013 805 1136 836 omnium
1166 815 1275 838 creator
1298 817 1325 838 et
1353 814 1566 838 consummatur.

1234 867 1347 896 CAPUT
1368 868 1458 896 CLIX.

955 913 1046 947 Quare
1059 915 1196 950 signaculo
1213 919 1325 942 utantur
1337 915 1363 942 in
1377 915 1484 946 lectore,
1502 918 1527 941 et
1543 912 1613 949 quod
1627 917 1736 940 tonsura

1194 951 1295 988 'ubique
1309 951 1368 985 ﬁeri
1381 950 1485 977 debeat.

990 993 1132 1021 Postremo
1147 993 1175 1021 ﬁt
1197 994 1224 1021 in
1243 995 1356 1027 vertice,
1382 1001 1397 1021 a
1428 1000 1484 1029 quo
1508 997 1622 1020 tonsura
1642 992 1738 1027 incipit

954 1039 1055 1076 (major
1069 1039 1143 1068 enim
1163 1041 1278 1068 tonsura
1294 1045 1321 1068 et
1332 1040 1437 1076 integra
1452 1040 1486 1068 ab
1516 1040 1610 1076 aliquo
1635 1039 1738 1066 clerico

954 1086 1117 1121 perﬁcitur),
1131 1087 1260 1122 quoniam
1271 1086 1398 1115 Christus
1414 1086 1536 1114 omnium
1550 1089 1592 1114 est
1606 1088 1698 1120 caput,
1711 1090 1739 1111 et

955 1137 1058 1166 vertex,
1070 1133 1245 1169 sigillumque
1261 1138 1288 1161 et
1302 1133 1408 1168 signum
1420 1133 1454 1160 iis
1464 1133 1510 1167 qui
1524 1136 1633 1168 propter
1648 1132 1738 1166 ipsum

955 1178 1147 1214 perﬁciuntur.
1165 1179 1226 1215 Ipse
1248 1187 1356 1215 quoque
1371 1179 1404 1207 iis
1427 1179 1536 1210 insidet,
1561 1183 1589 1206 et
1618 1183 1739 1205 rectores

956 1225 1119 1259 sanctiﬁcat,
1136 1232 1288 1260 eorumque
1301 1230 1343 1253 est
1357 1230 1450 1260 caput.
1467 1224 1599 1254 Confecto
1616 1226 1699 1261 igitur
1712 1228 1738 1253 in

956 1272 1059 1299 vertice
1093 1268 1198 1307 "majore
1210 1271 1311 1307 sigillo,
1336 1275 1366 1299 ut
1389 1271 1477 1307 ipsius
1500 1273 1679 1301 sanctiﬁcatio
1706 1275 1740 1300 ab

956 1325 989 1345 eo
1007 1319 1082 1344 velut
1099 1324 1114 1343 a
1133 1317 1224 1344 radice
1249 1317 1277 1344 in
1303 1317 1461 1345 universum
1478 1317 1614 1346 hominem
1647 1326 1740 1355 perve-

957 1363 1026 1396 niat,
1039 1363 1137 1390 iterum
1152 1362 1299 1390 adducitur
1314 1363 1347 1390 ad
1359 1364 1531 1399 episcopum,
1546 1365 1603 1398 jam
1621 1374 1667 1400 per
1681 1373 1740 1395 ton-

957 1415 1051 1436 suram
1090 1413 1290 1442 consecratus,
1316 1412 1343 1435 et
1373 1409 1500 1443 phenolio
1530 1410 1587 1438 sive
1616 1413 1740 1445 camisia,

958 1453 1030 1489 quod
1044 1458 1085 1481 est
1099 1461 1241 1481 sacrorum
1257 1454 1479 1482 indumentorum
1496 1455 1613 1489 primum
1643 1461 1670 1484 ct
1687 1459 1741 1485 vel-

117 1506 196 1534 ιστὶν
212 1503 340 1538 ἀπαρχὴ,
356 1501 437 1528 τοῦτο
451 1500 501 1535 τὴν
511 1500 591 1535 χεῖρα
605 1499 653 1525 τοῦ
668 1497 797 1533 ῐεράρχου
814 1498 905 1524 ἀσπα-

959 1501 997 1528 uti
1020 1501 1156 1535 primitiae,
1173 1500 1327 1533 bcncdicto,
1344 1509 1510 1537 manumque
1521 1503 1656 1537 pontiﬁcis
1676 1505 1742 1533 deo-

118 1553 236 1587 ζόμενος
256 1549 378 1576 ἰνδύεται
404 1547 443 1582 τῷ
456 1547 595 1582 τραχήλῳ,
617 1546 656 1577 ὡς
683 1544 737 1571 ὑπὸ
759 1544 805 1570 τὸν
823 1543 906 1577 ζυγὸν

119 1599 209 1627 ἐλθὼν
225 1598 276 1633 τῆς
301 1595 462 1632 ἱερωσύνης,
480 1594 529 1620 καὶ
547 1593 599 1620 ὑπὸ
621 1593 672 1628 τὴν
694 1591 801 1627 σκέπην
826 1599 906 1626 γεγο-

120 1644 173 1676 νὼς
184 1643 235 1670 τοῦ
252 1641 333 1674 Θεοῦ,
343 1640 392 1667 καλ⁸
409 1639 609 1674 ἀφιερούμενος
625 1638 665 1668 είς
689 1636 843 1671 ὑπηρεσίαν
868 1635 907 1670 τῷ

119 1690 191 1726 θεῷ.
211 1686 279 1716 Εἶτα.
292 1687 386 1714 ἐπάνω
398 1686 446 1720 τῆς
464 1683 614 1720 σφραγῖδος
639 1681 820 1717 σφραγίξεται
834 1682 906 1717 τρίς-

120 1737 177 1763 Καὶ
193 1734 312 1769 θεμένου
332 1732 382 1768 τὴν
398 1732 479 1767 χεῖρα
494 1731 542 1757 ἐπὶ
558 1730 592 1764 τῇ
606 1728 737 1763 σφραγῖδι
748 1727 796 1754 τοῦ
814 1728 908 1763 ίεράρ-

121 1790 183 1818 χου.
203 1780 252 1816 τὴν
268 1777 456 1812 σκεπαστικὴν
476 1776 591 1810 δύναμιν
608 1774 833 1809 ἐπιδεικνυμένου
860 1773 908 1800 τοῦ

120 1827 204 1860 Θεοῦ,
220 1826 268 1853 καὶ
287 1825 329 1852 ὅτι
357 1822 518 1858 μεταδίδωσι
549 1822 677 1857 χάριτος,
700 1820 811 1855 εὔχεται
831 1820 909 1852 οὗτος

122 1873 289 1909 ἁγιασθῆναι
321 1871 368 1897 τὸν
400 1868 589 1903 τελειούμενον
617 1866 814 1901 ἐκλελεγμένον
843 1866 909 1892 ὄντα

122 1921 210 1956 αὐτῷ,
235 1917 283 1946 καὶ
312 1916 381 1952 μετὰ
410 1916 503 1948 πάσης
529 1913 626 1948 σοφίας
641 1921 670 1939 τε
699 1914 748 1938 καὶ
776 1912 909 1942 συνέσεως

126 1966 266 1994 ποιεῖσθαι
277 1964 327 1999 τὴν
340 1962 494 1996 ἀνάγνωσῑν
509 1969 539 1987 τε
556 1960 603 1987 καὶ
618 1959 733 1994 μελέτην
750 1958 807 1985 τῶν
829 1958 910 1984 θείων

126 2011 239 2046 λογίων.
255 2009 311 2036 Καὶ
331 2007 419 2038 οὕτως
435 2004 608 2040 εὐχαριστῶν
624 2003 723 2030 τελειοϊ
742 2003 775 2030 τὰ
791 2003 842 2038 τῆς
867 2003 912 2029 εὐ-

125 2058 190 2094 χῆς.
205 2056 284 2083 Μετὰ
297 2053 346 2088 τὴν
359 2052 442 2086 εὐχὴν
459 2051 487 2077 δὲ
508 2049 656 2085 σφραγίζει
673 2048 757 2076 πάλιν
778 2049 911 2079 αὺτὸνείς

126 2103 282 2131 τελείωσιν.
294 2099 351 2126 Καὶ
365 2097 514 2132 εἰρηνσύων
528 2096 574 2123 διὰ
587 2095 640 2131 τὴν
665 2096 697 2122 ὲκ
713 2094 781 2121 Θεοῦ
797 2095 911 2130 εἰρήνην

125 2151 173 2177 καὶ
188 2148 240 2183 τὴν
254 2147 284 2174 ιν
299 2144 358 2180 Θεῷ
371 2145 469 2171 ἕνωσιν
481 2162 488 2175 ,
504 2143 593 2169 εἰπεῖν
612 2142 806 2177 προτρέπεται,
823 2141 846 2166 εἰ
861 2141 910 2175 μὲν

960 1547 1081 1575 sculatus
1096 1555 1144 1582 per
1172 1547 1269 1574 cnllum
1288 1547 1419 1580 induitur,
1437 1556 1489 1576 non
1503 1557 1582 1577 secus
1598 1558 1628 1578 ac
1648 1552 1671 1579 si
1699 1553 1743 1587 jn-

960 1593 1186 1627 gumsacerdotii
1212 1592 1326 1624 subiret,
1351 1592 1452 1628 Deique
1475 1596 1634 1628 protectioni
1661 1597 1743 1631 subji-

960 1642 1078 1671 ccretur,
1102 1642 1130 1666 et
1146 1638 1299 1666 mlnisterio
1327 1639 1514 1667 devoveretur.
1542 1640 1644 1669 Deinde
1668 1643 1743 1678 signo

961 1684 1050 1712 erucis
1075 1688 1116 1711 ter
1128 1684 1287 1719 obsignatur
1301 1691 1382 1718 super
1407 1684 1524 1719 sigiitum
1550 1689 1661 1714 tonsura
1686 1688 1743 1714 im-

961 1734 1096 1762 pressum.
1117 1728 1149 1754 Et
1165 1729 1312 1763 episcopus
1327 1736 1431 1763 ponens
1448 1737 1557 1757 manum
1581 1739 1665 1767 super
1679 1732 1743 1759 illud

962 1772 1080 1808 sigillum
1095 1773 1158 1809 (qua
1175 1781 1204 1802 re
1218 1774 1305 1802 virtus
1332 1775 1378 1802 Dei
1406 1780 1552 1811 protegens
1574 1781 1602 1804 et
1630 1779 1743 1813 gratiam

962 1821 1169 1848 comnnmirans
1181 1820 1215 1848 ab
1231 1828 1263 1847 eo
1279 1821 1503 1856 demonstratur),
1514 1821 1598 1849 Deum
1619 1829 1745 1858 precatur

963 1871 994 1892 ut
1012 1866 1230 1894 consecrandum
1248 1866 1300 1893 sibi
1327 1867 1446 1893 electum
1460 1858 1622 1901 sanctiﬁcat,
1641 1873 1667 1896 et
1682 1877 1744 1896 cum

963 1912 1038 1939 omni
1058 1912 1191 1947 sapientia
1206 1916 1234 1939 et
1249 1911 1389 1946 prudentia
1406 1913 1556 1940 divinorum
1573 1915 1744 1942 oraculorum

965 1958 1108 1985 lectionem
1127 1962 1153 1985 et
1171 1957 1376 1985 meditationem
1408 1963 1543 1991 exerceat,
1570 1960 1665 1994 sicque
1685 1969 1747 1996 gra-

965 2005 1016 2031 tias
1030 2011 1113 2038 agens
1125 2003 1195 2030 hanc
1207 2005 1358 2031 orationem
1376 2004 1505 2039 complet.
1518 2005 1648 2033 Oratione
1672 2013 1747 2034 com-

965 2050 1038 2084 pleta
1061 2051 1159 2076 iterum
1174 2050 1300 2083 obsignat
1317 2058 1377 2076 cum
1392 2051 1425 2077 ad
1440 2051 1604 2078 sacramenti
1620 2059 1748 2080 consum-

966 2096 1126 2128 mationem,
1145 2102 1293 2129 pacemque
1309 2095 1347 2122 illi
1362 2101 1488 2130 precatur
1517 2101 1627 2131 propter
1652 2105 1746 2132 pacem

968 2148 982 2168 a
1001 2139 1055 2168 Deo
1067 2140 1253 2172 obtinendam,
1266 2146 1292 2168 et
1308 2149 1369 2169 cum
1386 2149 1418 2169 eo
1443 2142 1591 2176 unionem;
1607 2147 1634 2170 et
1657 2144 1748 2171 diceie

126 2194 308 2228 ἀναγνώστης
322 2191 391 2221 ἐστὶ,
409 2189 563 2225 περικοπὴν
577 2187 760 2222 ἀποστολικήν
770 2194 778 2201 ·
797 2187 821 2212 εἰ
836 2186 864 2212 δέ
879 2194 906 2220 γε

964 2194 1025 2214 eum
1045 2186 1132 2221 jubet,
1153 2186 1176 2213 si
1195 2187 1221 2213 in
1236 2186 1366 2214 lectorem
1377 2187 1521 2216 ordinatus
1537 2193 1590 2222 est,
1605 2189 1748 2216 lectionem

127 2241 247 2276 ψάλτης,
259 2239 292 2264 ἐκ
309 2236 357 2264 τοῦ
370 2235 529 2270 Ψαλτῆρος.
545 2234 599 2260 Καὶ
619 2232 707 2264 οὓτως
720 2233 832 2268 εἰρήνην
851 2232 914 2264 δοὺς

126 2286 204 2320 αὺτῷ
221 2284 270 2312 καὶ
284 2283 448 2318 εὐξάμενος,
477 2280 592 2308 ἀπολύει
618 2281 650 2315 τῇ
667 2279 798 2315 σφραγῖδι
815 2279 914 2306 πάντο-

125 2334 173 2360 θεν
189 2331 319 2366 τειχίζων
343 2329 424 2356 αὑτὸν
438 2328 485 2354 τὸν
506 2327 683 2362 τελούμενον.
710 2326 789 2357 Τινὲς
820 2325 849 2351 δὲ
868 2325 915 2350 καὶ

124 2382 187 2411 ταῖς
199 2379 296 2414 ρήσεσι
314 2376 370 2402 τῶν
384 2373 617 2405 ἀναγνωσθέντων
630 2368 808 2407 προσέχουσι,
820 2371 868 2397 καὶ
875 2370 911 2402 ὡς

126 2426 262 2462 προοίμια
280 2424 328 2450 καὶ
343 2422 482 2456 δείγματα
501 2421 594 2455 έχουσι
611 2419 713 2450 ταύτας
734 2419 784 2452 τῆς
799 2417 854 2444 τῶν
869 2426 914 2443 τε·

123 2474 266 2508 λουμένων
282 2470 366 2504 ζωῆς-

428 2515 555 2541 ΚΕΦᾹΛ.
570 2512 629 2541 PE’.

211 2565 285 2591 Ὅσα
300 2562 415 2597 ὀφείλει
433 2561 450 2587 ὁ
465 2559 664 2594 ἀναγνώστης
679 2556 824 2591 ἐνεργεῖν.

163 2623 258 2654 οὕτως
286 2618 332 2648 οὖν
357 2621 371 2646 ὀ
395 2620 435 2650 Ii:
463 2617 641 2652 ἀναγνώστην
676 2614 815 2645 καταστὰς
837 2610 914 2645 οὗτος

126 2671 178 2701 τάς
197 2677 228 2696 τε
242 2667 317 2698 θείας
345 2667 384 2701 τῷ
398 2665 456 2700 λαῷ
474 2665 568 2691 ἔκτοτε
599 2662 824 2696 ὑπαναγινῖσκει
845 2661 916 2696 Γρα-

126 2717 193 2751 φὰς,
209 2712 430 2750 προτρεπόμενος
442 2711 495 2737 ὑπὸ
510 2709 672 2744 διακόνωνῆ
688 2708 796 2742 ἱερέων,
815 2707 849 2734 τὰ
860 2707 916 2732 τῶν

128 2759 278 2796 προφητῶν
293 2758 393 2793 δηλαδὴ
411 2757 460 2784 καὶ
473 2757 530 2783 τῶν
545 2755 704 2782 ἀποστόλων
734 2754 797 2787 ιερὰ
823 2753 914 2786 λόγια,

127 2807 276 2841 ἱστάμενος
303 2804 332 2830 ὲν
354 2802 393 2838 τῷ
414 2804 489 2838 μέσῳ
512 2802 550 2834 ὡς
570 2800 752 2835 ὲσφράγισται
777 2798 914 2831 ἁσκεπής.

135 2852 216 2878 Ἀλλὰ
233 2850 280 2876 καὶ
293 2850 333 2880 εἰς
346 2850 375 2875 τὸ
393 2849 466 2884 βῆμα
484 2849 580 2883 χωρῶν
594 2848 630 2879 ὡς
645 2847 692 2874 τοῦ
705 2846 828 2881 βήματος
843 2845 915 2879 ὑπη-

966 2239 999 2258 ex
1032 2230 1180 2265 Apostolo;
1204 2231 1226 2258 si
1256 2239 1319 2258 vero
1339 2232 1364 2259 in
1380 2238 1578 2267 canloreut,cx
1605 2233 1748 2261 Psalterio.

966 2277 1065 2312 Sicque
1081 2277 1143 2304 data
1164 2277 1202 2305 illi
1219 2285 1287 2313 pace
1303 2283 1330 2306 et
1344 2284 1483 2313 precatus,
1499 2284 1690 2307 consecratum
1705 2280 1747 2307 di-

966 2325 1050 2351 mittit
1063 2324 1183 2359 undique
1199 2326 1278 2359 signo
1292 2326 1382 2353 erucis
1396 2326 1468 2352 velut
1485 2334 1564 2352 tnuro
1579 2326 1698 2352 cinctum
1722 2333 1748 2353 et

967 2370 1112 2396 munitum.
1132 2370 1262 2397 Nonnulli
1281 2371 1373 2398 verbis
1397 2371 1474 2398 lectis
1490 2371 1644 2404 attendunt,
1663 2379 1750 2406 caque

967 2416 1040 2443 velut
1068 2416 1178 2450 praemia
1195 2422 1221 2443 et
1233 2421 1394 2451 argumenta
1417 2416 1514 2444 futurae
1527 2421 1749 2444 consecratorum

966 2463 1027 2489 vita:
1038 2463 1187 2490 instituant.

1260 2507 1373 2536 CAPUT
1394 2508 1474 2536 CLX.

1089 2558 1219 2591 Quanam
1243 2557 1353 2584 debeant
1371 2566 1387 2584 α
1409 2557 1506 2586 lectore
1524 2559 1624 2593 peragi.

1003 2615 1048 2642 Sic
1063 2615 1147 2650 igitur
1162 2616 1208 2650 qui
1234 2616 1319 2643 lector
1332 2617 1500 2644 constitutus
1512 2621 1555 2644 est
1581 2616 1645 2651 legit
1659 2616 1694 2643 ab
1718 2623 1752 2644 eo

967 2666 1089 2696 tempore
1105 2661 1263 2696 Scripturas
1282 2667 1393 2697 propter
1407 2662 1533 2697 populum
1544 2663 1656 2697 positas,
1674 2669 1752 2689 sacra

966 2707 1070 2734 scilicet
1081 2706 1272 2742 prophetarum
1284 2713 1311 2735 et
1327 2709 1511 2742 apostolorum
1523 2707 1646 2739 oracula,
1662 2714 1676 2733 ο
1694 2707 1753 2734 dia-

966 2753 1046 2780 conis
1064 2754 1103 2780 vel
1120 2753 1402 2789 presbyterisjussus,
1415 2759 1490 2780 stans
1503 2754 1528 2780 in
1546 2753 1646 2786 medio,
1660 2760 1754 2788 aperto

966 2798 1055 2833 capite
1067 2806 1100 2826 eo
1117 2799 1197 2826 tnodo
1224 2807 1277 2834 quo
1293 2799 1451 2833 obsignatus
1470 2804 1522 2826 est.
1545 2798 1599 2826 Nec
1628 2799 1680 2831 hoc
1696 2804 1754 2825 tan-

966 2848 1035 2876 tum,
1053 2851 1147 2871 verum
1170 2844 1251 2871 etiam
1277 2845 1463 2872 sanctuarium
1477 2845 1632 2880 ingrediens
1648 2849 1676 2872 ut
1692 2851 1754 2872 sun-
