1941 3040
211 167 226 197 ’1

192 166 243 198 371
603 168 724 198 SYMEO

469 220 583 248 CAPUT
597 221 724 249 CLXVII.

195 277 284 311 Quare
309 277 486 305 subdiaconus
511 278 549 305 uel
569 279 696 306 diaconus
720 279 885 307 ordinandus
902 280 976 307 testi-

230 313 318 350 monio
338 317 450 340 ornatur
470 321 488 340 α
510 319 606 348 septem
623 314 791 350 presbyteris,
814 322 866 342 non
885 323 901 342 ιι
918 315 978 342 dia-

227 355 309 374 εωηὸ-

232 402 403 438 Quapropter
414 403 460 438 qui
474 403 501 430 in
515 404 662 432 diaconum
689 406 889 440 promovendos
920 410 975 440 est,

195 455 248 476 non
264 449 339 484 prius
348 449 492 477 ordinatur
506 457 588 484 quam
607 450 680 478 sicut
696 451 880 479 subdiaconus
899 451 978 479 testi-

194 495 316 522 monium
330 495 458 523 idoneum
474 496 641 531 praestiterit,
651 499 679 524 et
687 497 749 524 vitae
761 501 862 524 sanctae
876 504 977 525 conve-

194 539 283 567 niens.
303 539 392 568 Veluti
411 548 474 568 cum
496 540 664 575 Stephanum
689 545 897 576 promoveruut,
923 548 977 569 non

194 584 268 618 prius
278 585 550 613 constituerunteum
568 586 711 613 diaconum
728 593 810 620 quam
831 585 977 620 cognovis-

193 634 264 662 sent,
281 635 308 657 et
324 630 510 658 testimonium
524 631 697 666 accepissent
708 638 770 658 eum
787 630 891 666 Spiritu
915 638 978 659 san-

194 679 238 702 ctu
253 676 374 710 plenum,
392 676 526 711 sapientia
540 681 570 704 et
579 677 682 704 virtute
697 677 855 712 praeditum.
885 675 977 704 Testi-

195 720 317 748 monium
329 721 413 757 igitur
430 722 463 750 de
479 729 513 749 eo
524 721 667 757 perhibent
682 726 786 756 septem
813 721 977 757 presbyteri,

194 776 246 795 uon
257 772 347 796 autem
359 768 479 800 diaconi,
494 768 625 802 quoniam
640 767 828 795 testimonium
845 767 917 802 quod
944 766 978 794 de

194 822 227 841 co
242 813 415 848 perhibetur,
430 813 581 848 perfectum
597 820 659 841 esse
676 813 755 840 debet
770 819 796 841 et
814 820 828 840 a
850 813 978 848 perfectis

197 859 341 888 redditum.

458 905 571 935 CAPUT
584 905 724 933 CLXVIII.

232 964 309 997 Quod
323 969 454 992 maturum
471 966 548 993 annis
570 965 748 992 ordinandum
762 972 817 992 esse
832 969 940 998 oportet.

231 1043 318 1070 Debet
331 1050 438 1078 quoque
456 1049 517 1070 esSe
536 1042 624 1070 aetatis
649 1042 785 1078 perfectae,
817 1050 853 1071 ne
869 1043 906 1070 sit
951 1044 978 1070 in

193 1089 322 1123 operibus
337 1087 536 1123 reprobandus.
558 1086 625 1114 Nam
643 1088 667 1114 si
684 1087 730 1122 qui
753 1091 832 1115 {etate
853 1087 975 1114 nondum

193 1140 238 1163 est
252 1134 382 1170 perlecta,
396 1134 464 1162 nihil
477 1134 585 1161 lirmum
601 1137 629 1161 et
645 1138 733 1160 ratum
749 1134 776 1160 iu
792 1134 874 1162 rebus
886 1134 979 1162 mundi

195 1187 277 1215 agere
293 1184 394 1216 potest,
414 1180 500 1208 multo
511 1180 598 1215 magis
613 1180 700 1208 uitatis
715 1187 778 1208 esse
786 1180 866 1207 debet
890 1179 981 1214 perle-

195 1231 245 1254 cta:
262 1227 309 1261 qui
325 1226 427 1254 divinis
445 1227 527 1254 rebus
539 1226 665 1258 inservit,
680 1230 710 1253 ut
725 1233 858 1252 annorum
869 1230 980 1253 numero

194 1277 222 1299 et
234 1273 409 1300 securitatem
421 1275 448 1298 ct
462 1270 631 1306 maiestatem
644 1271 696 1297 sibi
710 1270 844 1297 conciliet.
858 1269 912 1297 Iloc
923 1274 981 1296 sta-

197 1321 278 1344 tuttnt
295 1315 381 1343 divini
393 1315 504 1342 Patrum
520 1315 623 1350 Spiritu
640 1319 737 1342 sancto
755 1318 880 1342 actorum
897 1321 981 1341 cauo-

195 1370 245 1390 ucs
262 1362 309 1397 qui
327 1369 371 1390 res
384 1368 479 1389 omnes
493 1361 782 1389 ecclesiasticasmodo
794 1363 981 1388 consentaneo

195 1408 346 1444 disponunt
358 1413 386 1435 et
407 1408 545 1443 digerunt.
575 1407 605 1435 Si
626 1412 716 1435 autem
741 1407 866 1436 nonnulli
895 1406 978 1434 divini

195 1454 315 1489 episcopi
330 1453 496 1482 discretione
509 1454 627 1489 quadam
642 1454 708 1481 istos
727 1461 814 1481 annos
832 1453 859 1480 in
886 1460 979 1480 mona-

195 1501 255 1528 chis
268 1501 321 1529 sibi
335 1500 453 1528 subditis
465 1500 590 1527 breviant
604 1503 631 1527 et
653 1499 828 1531 contrahunt.
850 1499 902 1527 hoc
918 1499 980 1526 ideo

603 168 793 199 SYMEONIS
808 169 1190 202 TIIESSALONICENSIS
1210 172 1391 202 ARCUIEP.

1762 172 1824 203 3'72

1309 227 1434 254 ΚΕΦΑΛ.
1450 226 1531 254 ΡΞΖ¹.

1029 283 1112 309 Atat!
1145 283 1336 317 μαρτυρεῖται
1370 285 1387 310 ὀ
1413 284 1540 317 μέλλων
1577 284 1825 318 χειροτονεῖσθαι

1065 318 1280 353 ὐποδιάκονος,
1300 318 1319 352 ἢ
1335 318 1486 350 διάκονος.
1508 318 1558 346 καὶ
1572 319 1632 346 ὑπὸ
1651 320 1825 353 πρεσϐυτέ-

1061 361 1126 386 ρων
1140 352 1226 386 ἑπτὰ,
1243 353 1294 380 καὶ
1308 353 1376 388 οὐχι
1391 353 1549 381 διακόνων.

1071 408 1102 436 Ὁ
1110 408 1216 444 μέλλων
1232 409 1325 436 τοίνυν
1348 410 1476 444 γενέσθαι
1489 410 1615 442 διάκονος
1634 411 1665 438 οὗ
1680 411 1823 447 πρότερον

1029 455 1239 490 χειροτονεῖται,
1266 457 1290 482 εί
1319 456 1357 491 μὴ
1375 456 1532 492 μαρτυρίαν
1552 456 1649 492 ἱκανὴν
1677 457 1823 484 ἀποδώσει

1028 501 1068 536 τῷ
1088 501 1137 537 βίῳ
1160 502 1348 537 ἁρμόζουσαν,
1377 502 1415 534 ὡς
1444 503 1492 529 καὶ
1515 504 1529 530 δ
1548 503 1734 535 ὑποδιάκονος.
1752 504 1824 530 Ὀτι

1028 547 1077 573 καὶ
1091 547 1172 581 ἡνίκα
1188 547 1413 582 προεχειρίσαντο
1427 547 1574 582 Στέφανον,
1584 548 1615 575 οὐ
1632 549 1768 584 πρότερον
1781 549 1822 576 ἂν

1028 594 1244 629 κατεστήσαντο,
1260 595 1286 621 εί
1303 595 1342 630 μὴ
1359 594 1412 630 ἄρα
1437 594 1529 631 πλήρη
1557 595 1715 630 Πνεῦματος
1733 596 1821 629 ἁγίου

1028 637 1152 672 ἔγνωσαν
1167 639 1250 666 αὐτὸν
1275 639 1322 666 καὶ
1336 639 1435 674 σοφίας
1450 648 1480 666 τε
1507 640 1555 667 καὶ
1580 640 1735 675 δυνάμεως.
1760 641 1822 667 Καὶ

1028 683 1109 711 τοῦτο
1140 684 1387 720 ὲπεμαρτύρησαν.
1425 686 1615 721 Μαρτυρεῖται
1646 687 1737 713 τοίνυν
1761 686 1821 712 ὑπὸ

1029 730 1100 757 ἑπτὰ
1133 730 1338 766 πρεσϐυτέρων,
1366 733 1414 758 καὶ
1440 732 1501 767 οὐχὶ
1527 732 1671 766 διακόνων,
1698 734 1740 759 ὃτι
1770 742 1820 759 τε-

1028 776 1105 802 λείαν
1122 773 1193 803 εῒναι
1209 777 1250 804 δεῖ
1276 777 1325 804 καὶ
1339 777 1416 811 παρὰ
1440 778 1554 807 τελείων
1583 778 1632 814 τὴν
1657 779 1819 814 μαρτυρίαν

1028 821 1112 856 αὐτῷ.

1301 913 1426 941 ΚΕΦΑΛ.
1445 913 1529 942 PEII’.

1030 971 1095 998 Ὀτι
1122 972 1245 999 τελείων
1279 969 1356 999 εἶναι
1384 972 1439 1034 ἑλεῖ
1463 973 1517 999 τὸν
1544 972 1817 1006 χειροτονούμενον

1347 1016 1382 1034 γο
1402 1016 1474 1034 νων.

1344 1016 1474 1041 χρονων.

1065 1052 1121 1079 Καὶ
1137 1052 1247 1079 τελείων
1261 1052 1288 1078 δὲ
1301 1049 1438 1078 εἶναιτῶν
1459 1052 1564 1087 χρόνων
1581 1052 1694 1086 ὀφείλει,
1710 1054 1759 1080 καὶ
1776 1054 1817 1089 μὴ

1029 1099 1063 1132 τῇ
1084 1098 1179 1133 ἡλικίᾳ
1195 1097 1288 1131 ἀτελῆ,
1305 1097 1349 1123 ἵνα
1363 1096 1400 1132 μὴ
1417 1097 1460 1131 εἴη
1473 1097 1520 1123 ἐπὶ
1531 1097 1587 1127 τοῖς
1599 1096 1692 1132 ἔργοις
1707 1097 1816 1132 ἀπρόσ-

1029 1143 1131 1173 δεκτος.
1145 1143 1175 1169 El
1193 1143 1247 1177 γὰρ
1263 1142 1300 1177 μὴ
1313 1143 1328 1169 ὁ
1348 1142 1388 1177 τῷ
1403 1142 1491 1178 χρίνῳ
1514 1142 1618 1174 τέλειος
1640 1143 1669 1169 ὲν
1685 1145 1742 1175 τοῖς
1762 1142 1814 1170 τοῦ

1031 1189 1134 1222 κόσμου
1148 1187 1287 1220 ἀϐέϐαιος,
1303 1187 1393 1222 πολλῷ
1410 1196 1442 1221 γε
1457 1188 1489 1222 δὴ
1506 1187 1602 1214 τοῦτον
1617 1185 1688 1214 εἶναι
1709 1188 1818 1214 τέλειον

1030 1233 1094 1268 χρὴ,
1110 1232 1155 1259 τδν
1171 1233 1199 1259 ὲν
1211 1233 1268 1264 τοῖς
1295 1232 1378 1263 θείοις
1394 1232 1631 1268 ὖπηρετούμενον,
1655 1233 1693 1264 ὡς
1711 1233 1760 1259 καὶ
1774 1233 1818 1267 τῷ

1029 1280 1120 1315 χρόνῳ
1151 1279 1181 1305 τδ
1208 1277 1330 1313 ἀσφαλές
1354 1287 1383 1305 τε
1412 1279 1458 1305 καὶ
1483 1279 1631 1314 σεϐάσμιον
1656 1279 1739 1313 ἔχειν.
1761 1279 1819 1305 Καὶ

1029 1323 1110 1350 τοῦτο
1123 1322 1148 1349 οἱ
1163 1324 1197 1349 τὰ
1212 1323 1302 1350 πάντα
1318 1323 1487 1358 κοσμοῦντές
1506 1332 1536 1350 τε
1564 1324 1611 1350 καὶ
1635 1323 1820 1359 ῥυομίξοντες

1030 1368 1097 1395 θεῖοι
1114 1369 1228 1401 κανόνες
1242 1369 1297 1395 τῶν
1311 1369 1546 1404 πνευματοφὸρων
1563 1370 1691 1404 Πατέρων
1712 1370 1816 1403 φασίν

1029 1415 1053 1442 εί
1065 1415 1111 1441 καί
1126 1423 1198 1447 τινες
1212 1416 1257 1442 ἐπὶ
1278 1417 1406 1451 μοναχοῖς
1425 1415 1560 1450 διακρίσει
1580 1415 1658 1451 142
1679 1416 1761 1442 Θείων
1779 1416 1819 1442 ίε-

1031 1462 1141 1497 ραρχῶν
1170 1462 1217 1488 τὸν
1248 1462 1347 1497 χρόνον
1377 1463 1434 1493 τοῖς
1458 1461 1692 1496 ὑποτασσομένοις
1721 1462 1818 1488 συντέ-

1032 1516 1144 1542 μνουσιν
1160 1507 1234 1534 ἐστιν
1245 1507 1300 1535 ὅτε.
1309 1507 1387 1535 Ἐπεὶ
1398 1508 1428 1534 οὗ
1441 1507 1471 1534 τὸ
1486 1506 1592 1542 θέλημα
1609 1507 1713 1534 ἑαυτῶν
1725 1508 1819 1539 αὐτοῖς

195 1548 225 1574 tit
238 1546 312 1582 quod
340 1546 484 1574 monachis
505 1546 672 1573 voluntatem
701 1552 779 1572 suam
806 1544 897 1573 facere
923 1553 976 1573 non

1035 1555 1115 1585 ἐστιν,
1141 1554 1199 1581 ἀλλ’
1227 1555 1341 1589 ἑτέροις.
1374 1554 1429 1581 Καὶ
1457 1553 1485 1579 εἴ
1508 1562 1540 1588 γε
1566 1554 1646 1580 τοῦτο
1672 1555 1771 1589 φανείη
1786 1554 1819 1581 ὃν

195 1594 270 1624 licet,
283 1593 331 1620 sed
347 1592 475 1620 aliorum.
488 1591 564 1624 Quod
579 1592 602 1619 si
621 1592 671 1619 hoc
694 1599 788 1620 verum
815 1599 875 1620 esse
888 1592 976 1619 visunt

195 1638 290 1671 fuerit.
307 1638 399 1666 forsan
417 1638 554 1666 etaudere
578 1638 741 1666 rationabile
768 1638 831 1666 erit.
852 1639 978 1665 Attamen

195 1691 255 1719 quae
267 1690 283 1711 a
292 1690 396 1711 canone
406 1687 508 1711 statuta
523 1688 586 1710 sunt
595 1683 743 1711 observare
755 1683 833 1711 decet
845 1691 852 1715 ;
867 1682 893 1710 id
908 1683 980 1710 enim

194 1734 238 1757 est
260 1729 406 1763 subjectio.
428 1729 583 1757 Adducitur
610 1735 678 1763 ergo
709 1729 756 1762 qui
779 1728 980 1756 ordinationem

195 1775 357 1803 diaconatus
372 1775 505 1810 suscipit;
523 1775 699 1810 primumque
729 1766 917 1802 testimonium
941 1773 981 1802 illi

197 1820 366 1856 perhibetur,
382 1828 437 1848 non
453 1827 469 1848 a
480 1820 590 1849 duobus
601 1821 642 1848 vel
659 1820 758 1853 tribus,
787 1819 834 1847 sed
849 1826 864 1846 a
876 1822 980 1854 septem

198 1868 379 1905 presbyteris,
391 1871 422 1895 ut
449 1874 596 1896 accessum
624 1866 658 1894 ad
679 1866 768 1894 sancti
788 1865 909 1900 Spiritus
931 1864 982 1891 mi-

197 1915 354 1944 nisterium.
371 1914 433 1942 Ideo
446 1922 461 1941 a
477 1913 607 1950 perlectis
626 1913 743 1942 testibus
753 1912 880 1940 videlicet
892 1918 983 1939 sacer-

196 1961 318 1994 dotibus,
328 1965 355 1989 et
364 1968 425 1997 quae
436 1960 554 1996 Spiritus
568 1964 632 1988 sunt
640 1958 759 1994 perfecte
768 1957 980 1993 possidentibus,

196 2008 275 2043 iusta
289 2015 433 2035 numerum
451 2007 571 2042 eligitur,
591 2010 621 2033 ut
655 2005 732 2033 ﬁrma
748 2005 818 2033 sitet
841 2008 901 2032 rata
923 2011 983 2038 qua:

197 2061 246 2089 per
255 2061 304 2082 eos
317 2053 346 2081 Iit
362 2053 460 2081 electio
474 2057 501 2080 et
517 2052 714 2080 testimonium.
745 2050 813 2078 Nam
840 2057 982 2078 sacrorum

198 2098 328 2126 Ecclesiae
335 2098 527 2134 mysteriorum
540 2097 695 2124 ministrum
707 2099 814 2131 oportet
833 2095 867 2122 ab
895 2094 984 2122 omni-

198 2145 251 2173 bus
261 2145 337 2180 eligi,
351 2149 381 2172 ut
394 2144 491 2171 electio
503 2143 660 2178 suspicione
672 2147 760 2176 vacet,
774 2146 801 2170 et
814 2142 849 2169 sit
862 2148 960 2173 secura
973 2147 982 2175 ;

198 2198 261 2219 cum
277 2197 373 2219 omnes
406 2189 546 2224 Stephano
568 2188 755 2216 testimonium
782 2188 981 2222 perhibuerint,

200 2237 276 2272 quod
291 2235 425 2271 sapientia
439 2240 466 2263 et
486 2235 538 2262 tide
556 2235 651 2268 plenus
670 2234 762 2261 fuerit.
778 2233 874 2261 Testes
890 2239 981 2261 autem
999 2229 1020 2257 D

200 2282 320 2319 propriis
340 2281 468 2309 manibus
482 2279 670 2308 testimonium
695 2286 775 2307 suum
806 2279 981 2310 conﬁrmant.

199 2329 327 2357 videlicet
342 2327 415 2363 quod
430 2327 554 2355 moribus
567 2331 593 2353 et
607 2327 668 2353 vita:
683 2324 810 2352 instituto
821 2324 920 2360 dignus
948 2326 984 2353 sit

200 2374 356 2404 sacerdotio
368 2372 456 2409 fungi,
471 2372 580 2408 etquod
590 2372 626 2399 sit
638 2375 716 2399 aetate
726 2371 759 2398 ad
772 2370 982 2398 ministrandum

200 2421 329 2457 perfecta.

464 2464 576 2493 CAPUT
592 2463 709 2492 CLXIX.

455 2511 596 2540 Ordinatio
618 2512 733 2539 diaconi.

236 2562 265 2590 Si
279 2562 400 2588 nondum
416 2559 601 2587 subdiaconus
615 2558 704 2586 lactus
721 2563 773 2591 est,
784 2559 870 2592 prius.
901 2563 931 2586 ut
945 2559 986 2585 di-

202 2608 305 2639 ximus,
314 2609 492 2633 consecratur
506 2603 533 2631 in
545 2603 740 2631 subtliaconutn
748 2608 892 2639 antequam
902 2604 984 2631 missa

204 2654 360 2684 ittcltoctur,
373 2651 503 2686 episcopo
513 2650 538 2676 itt
556 2649 730 2677 inferioribus
741 2650 826 2684 portis
841 2650 864 2677 ei
875 2657 984 2677 manum

203 2700 370 2734 imponente,
398 2701 425 2723 et
443 2703 505 2723 eum
536 2699 725 2727 consecrante,
752 2702 814 2722 cum
849 2696 987 2722 ministret

206 2751 260 2771 non
276 2743 405 2778 precibus
419 2749 480 2777 qua:
493 2741 561 2768 Iiunt
580 2740 606 2767 in
620 2740 711 2772 altari,
728 2740 774 2767 sed
789 2741 822 2767 iis
851 2741 896 2775 qui
913 2745 986 2767 exte-

176 2816 186 2824 ,
203 2789 260 2816 rius
270 2793 345 2820 sunt.
361 2787 478 2822 aliisque
489 2786 641 2814 secundum
656 2784 771 2819 gratiam
799 2785 938 2818 operibus.
957 2785 985 2812 Si

206 2841 271 2861 vero
286 2832 362 2868 prius
379 2832 521 2860 ordinatus
534 2835 576 2858 cst
591 2829 785 2861 subdiaconus,
803 2828 916 2857 idoneus
946 2835 988 2857 est

207 2883 237 2906 ut
258 2883 319 2914 post
329 2883 490 2908 sanctorum
519 2877 649 2904 donorum
669 2875 900 2902 consecrationem
927 2883 987 2905 ante

1032 1600 1140 1635 ἀληθὲς,
1156 1600 1220 1631 ἴσως
1230 1600 1278 1628 καί
1288 1609 1351 1627 τινα
1362 1599 1418 1633 ἕξει
1430 1599 1508 1634 λόγον
1523 1599 1552 1626 τὸ
1572 1601 1725 1634 συν-τεμεῖν.
1741 1600 1816 1634 Πλὴν

1031 1647 1065 1674 τὰ
1094 1647 1311 1682 κεκανονισμένα
1331 1645 1475 1681 τηρεῖσθαι
1505 1645 1584 1672 δέοιθ’
1610 1645 1690 1672 τοῦτο
1718 1647 1773 1681 γὰρ
1798 1646 1813 1680 ή

1032 1693 1167 1729 ὕποταγή.
1191 1692 1380 1727 Προσέρχεται
1401 1691 1494 1718 τοίνυν
1518 1692 1532 1718 δ
1559 1692 1609 1726 τὴν
1640 1692 1815 1726 χειροτονίαν

1031 1739 1187 1774 δεξόμενος.
1207 1737 1262 1764 Καὶ
1275 1738 1409 1773 πρότερον
1424 1736 1475 1771 μὲν
1504 1737 1685 1772 μαρτυρεῖται
1700 1736 1749 1772 οὐχ
1765 1737 1816 1763 ὑπὺ

1032 1784 1080 1812 δύο
1096 1784 1112 1820 ἢ
1129 1784 1224 1820 τριῶν,
1243 1783 1303 1821 iii)!
1323 1783 1376 1810 ὑπὸ
1391 1783 1461 1810 ἑπτὰ
1476 1783 1671 1817 πρεσϐυτέρων
1685 1782 1722 1814 ὡς
1753 1783 1815 1817 μέλ.

1033 1831 1086 1859 λων
1099 1831 1187 1858 ἐλθεῖν
1199 1831 1240 1863 είς
1254 1831 1304 1865 τὴν
1315 1829 1456 1857 διακονίαν
1465 1829 1512 1856 τοῦ
1528 1829 1697 1864 Πνεῦματος.
1715 1829 1761 1854 Διὸ
1770 1829 1816 1854 καὶ

1034 1878 1087 1905 ὑπὸ
1103 1877 1214 1904 τελείων
1232 1877 1377 1912 μαρτύρων
1391 1876 1487 1911 ἱερέων
1503 1875 1552 1902 καὶ
1575 1875 1610 1901 τὰ
1624 1874 1671 1900 τοῦ
1691 1873 1816 1908 "vstitu-

1032 1931 1079 1954 τος
1093 1922 1210 1957 ἐχόντων
1220 1922 1332 1954 τελείως
1346 1922 1394 1949 καὶ
1416 1922 1489 1948 κατὰ
1514 1922 1561 1948 τὸν
1576 1921 1693 1956 ἀριθμὸν
1707 1921 1817 1954 ἐκλέγε-

1032 1977 1087 2001 ται,
1103 1969 1146 1995 ῐνα
1163 1967 1258 2002 βεϐαία
1306 1967 1350 1994 διὰ
1366 1967 1478 1993 πάντων
1492 1967 1508 2001 ὴ
1522 1967 1620 2002 ἐκλογή
1635 1974 1665 1992 τε
1685 1967 1733 1993 καὶ
1746 1975 1818 2002 μαρα

1033 2013 1114 2049 τυρία
1124 2021 1132 2029 ·
1147 2014 1189 2040 ὅτι
1205 2014 1253 2040 καὶ
1275 2014 1322 2039 τὸν
1337 2014 1498 2048 λειτουργὸν
1514 2012 1567 2039 τῶν
1579 2014 1627 2046 τῆς
1650 2013 1818 2047 Ἐκκλησῖας

1035 2059 1117 2094 ἱερῶν
1132 2059 1292 2094 μυστηρίων
1310 2059 1362 2085 ὑπὸ
1386 2058 1496 2085 πάντων
1515 2057 1678 2092 ἐκλέγεσθαι
1694 2058 1748 2093 χρὴ
1773 2058 1820 2085 διὰ

1034 2106 1065 2133 τδ
1078 2105 1237 2132 ἀνύποπτόν
1250 2113 1280 2132 τε
1296 2105 1344 2132 καὶ
1362 2105 1496 2139 ἀσφαλις.
1518 2105 1596 2131 Ἐπεὶ
1610 2105 1658 2131 xa‘.
1682 2105 1820 2138 Στέφανος

1036 2151 1088 2178 ὑπὸ
1109 2151 1219 2178 πάντων
1241 2150 1421 2186 ἐμαρτυρήθη
1442 2150 1550 2186 πλήρης
1575 2150 1673 2184 σοφίας
1708 2151 1757 2176 καὶ
1777 2150 1821 2176 πῖ-

1035 2195 1181 2227 στεως.υι
1205 2195 1345 2230 μάρτυρες
1371 2195 1400 2221 δὲ
1432 2195 1547 2225 οἰκείαις
1576 2195 1654 2230 χερσὶ
1690 2195 1820 2221 πιστοῦν-

1035 2250 1080 2268 ται
1109 2242 1160 2276 τὴν
1183 2240 1350 2276 μαρτυρίαν,
1378 2240 1416 2272 ὡς
1432 2241 1480 2267 καὶ
1505 2241 1538 2276 τῇ
1567 2241 1691 2276 πολιτείᾳ
1715 2241 1763 2266 τοῦ
1783 2242 1820 2266 ἱε-

1037 2286 1135 2320 ρᾶσθαι
1151 2286 1226 2320 ἄξιός
1241 2286 1311 2318 ἐστι,
1327 2286 1375 2313 καὶ
1393 2285 1433 2320 τῷ
1457 2285 1547 2320 χρόνῳ
1569 2285 1672 2316 τέλειος
1696 2284 1743 2311 τοῦ
1763 2285 1820 2312 δια-

1036 2333 1134 2360 κονετν.

1321 2467 1448 2494 ΚΕΦΑΛ.
1467 2467 1549 2494 ΡΞΘ¹.

1266 2514 1436 2548 Χειροτονία
1448 2513 1601 2540 διακόνου.

1075 2560 1129 2587 Καὶ
1143 2561 1167 2586 εί
1198 2560 1248 2594 μὲν
1273 2560 1350 2586 οὒπω
1371 2559 1550 2590 ὐποδιάκονος
1571 2559 1678 2593 γέγονε,
1703 2559 1820 2586 τελεῖται

1039 2606 1181 2640 πρότερον,
1193 2605 1230 2636 ὡς
1250 2605 1366 2640 ἔφημεν,
1382 2606 1422 2636 είς
1440 2605 1628 2637 ὑποδιάκονον,
1645 2604 1698 2640 πρὸ
1713 2605 1760 2631 τοῦ
1773 2607 1821 2640 τῆς

1040 2650 1197 2686 ἱερουργίας
1212 2650 1387 2685 ἐνάρξασθαι,
1401 2650 1524 2677 κάτωθεν
1536 2651 1564 2676 ὲν
1578 2651 1638 2682 ταῖς
1653 2650 1751 2682 πύλαις
1767 2659 1821 2684 χει-

1041 2696 1239 2731 ροθετήσαντος
1250 2696 1331 2723 αὑτὸν
1343 2697 1390 2724 καὶ
1409 2697 1569 2728 τελέσαντος
1586 2696 1634 2723 τοῦ
1657 2697 1819 2731 ἀρχιερέως.

1045 2743 1123 2770 Ἐπεὶ
1139 2743 1186 2769 καὶ
1206 2743 1235 2769 οὺ
1260 2744 1320 2774 ταῖς
1345 2743 1510 2778 προσευχαῖς
1537 2743 1585 2769 τοῦ
1614 2742 1820 2777 θυσιαστηρίου,

1040 2788 1108 2815 ἀλλὰ
1130 2789 1188 2820 τοῖς
1204 2788 1304 2821 ἔξωθεν
1325 2788 1373 2815 καὶ
1390 2789 1446 2820 τοῖς
1471 2788 1542 2815 κατὰ
1563 2787 1657 2823 χρείαν
1670 2788 1760 2819 ἄλλοις
1776 2787 1822 2823 ἔρ-

1041 2842 1099 2867 γοις
1134 2835 1276 2869 ὑπηρετεῖ.
1303 2834 1333 2860 EI
1360 2834 1387 2860 δὲ
1405 2834 1692 2869 προκεχειροτόνητειι,
1709 2833 1820 2867 ἕτοιμος

1041 2879 1089 2913 ὢν,
1110 2880 1179 2914 μετὰ
1194 2880 1307 2913 τὴντῶν
1330 2879 1410 2906 θεεων
1428 2879 1522 2909 δώρων
1539 2879 1677 2905 τελείωσιν
1694 2879 1748 2911 πρὸ
1771 2878 1821 2909 τῆς
