1941 3040
118 119 184 148 3Ἰ3

666 122 713 152 DE
736 121 876 152 SACRIS
891 121 1132 152 OﬂDlNATlON
1143 122 1240 153 lBUS.

1705 121 1761 154 37L

120 179 295 210 τελευταίας
312 180 406 215 εὐχῆς,
421 181 502 216 σιγῆς
528 182 689 217 γινομένης,
719 183 779 217 ἦτοι
802 184 856 218 πρὸ
870 183 917 211 τοῦ

976 184 1137 214 postremam
1150 181 1305 208 orationem
1323 181 1434 209 silentio
1447 180 1530 213 facto,
1548 180 1605 209 sive
1616 186 1761 215 antequam

121 225 221 251 εἰπεῖν
238 225 285 252 τὸν
297 225 432 260 διάκονον,
461 236 471 253 ι
491 228 605 255 Πάντων
615 229 669 255 τῶν
695 229 782 262 ἁγίων
817 238 924 264 μνημοο

122 271 292 303 νεύσαντες.
311 281 320 298 ι
340 272 394 308 πρὸ
410 273 507 300 τούτου
520 275 582 309 τρὶς
601 274 667 306 στὰς
684 276 713 302 ὲν
723 275 763 310 τῷ
776 276 864 310 μέσῳ,
875 277 923 303 καὶ

122 318 192 352 τρὶς
206 317 332 345 ἀνειπὼν
343 319 475 355 ὲκφώνως
486 321 527 351 τὺ,
552 330 561 347 ι
580 321 659 348 Ὅσοι
678 323 780 355 πιστοὶ,
797 332 807 348 ι
824 323 855 350 τὸ
873 324 924 358 μὲν

77 372 88 378 ι
123 364 282 399 ἐκπληρῶν
304 366 356 400 τὴν
382 365 430 392 τοῦ
456 366 636 394 ὐποδιακόνου
658 368 832 403 λειτουργίαν
859 370 924 402 τοὺς

125 411 362 445 πατηχουμένους
378 411 558 444 ὲκόάλλοντος
575 415 622 439 καὶ
637 413 701 445 τοὺς
733 414 848 446 πιστοὺς
877 415 925 449 μό-

124 464 192 487 νους
205 457 246 488 είς
263 457 315 492 τὴν
340 458 498 493 ἱερουργίαν
516 460 562 485 καὶ
580 459 723 486 κοινωνίαν
741 459 868 493 ἀφιέντος
894 468 923 486 τε

127 502 179 528 καὶ
196 502 433 537 συγκαλουμένου,
450 503 464 531 ὃ
494 505 542 532 καὶ
558 504 634 531 ἔστιν
661 506 674 531 ό
692 505 866 541 βεδαιότερος
882 505 924 532 λο-

128 548 236 582 γισμός
249 557 257 564 ·
276 549 382 584 μέλλων
397 551 452 586 γὰρ
477 552 690 586 χειροτονεῖσθαι
709 552 844 584 διάκονος,
867 549 923 579 οἷον

128 593 283 620 ἀποδίδωσι
298 595 329 621 τὸ
345 594 390 622 τοῦ
406 595 586 622 ὑποδιακόνου
601 596 691 630 ἔργον,
707 597 745 628 ὡς
760 597 807 623 καὶ
828 598 842 623 ό
864 606 924 632 χει-

131 640 307 673 ροτονεῖσθαι
336 640 442 676 μέλλων
470 642 658 678 πρεσϐύτερος
682 643 868 678 ἀναγινώσκει
892 645 924 671 τδ

131 686 316 719 Εὖαγγέλιον,
335 688 382 714 καὶ
407 688 442 714 τὰ
468 689 535 722 ἅγια
560 690 608 716 ἐπὶ
629 690 754 724 κεφαλῆς
778 691 850 725 κατὰ
873 692 924 726 τὴν

131 730 241 756 εἴσοδον
270 731 368 767 φέρει·
401 732 431 759 τδ
463 732 492 759 δὲ
526 734 675 770 μαρτυρῶν
715 735 783 762 πᾶσι
816 737 924 769 πιστοῖς

128 776 233 803 ἑαυτὸν
265 778 279 804 ό
297 780 511 814 χειροτονεῖσθαι
543 781 649 816 μέλλων
678 782 856 815 ὐποδιάκονος
884 784 924 815 εἰς

129 822 274 856 διάκονον,
302 825 340 857 ὡς
363 826 482 862 καθαρὸς
509 828 548 856 ὢν
569 830 617 856 ἐπὶ
637 831 759 865 μάρτυσι
787 826 923 859 ﬁdat-mi.

130 868 256 903 μάλιστα
269 869 308 906 τῷ
324 871 394 906 Θεῷ,
416 874 639 910 χειροτονηθῆναι
656 876 849 912 προσέρχεται.

167 914 269 941 Τοίνυν
283 917 351 950 μετὰ
366 917 416 953 τὴν
434 919 527 954 εὐχὴν,
546 930 556 946 ι
571 921 628 948 Καὶ
641 922 719 948 ἔσται
732 923 767 950 τὰ
794 923 856 958 έλέη
873 923 922 950 τοῦ

131 961 253 994 μεγάλου
270 962 352 995 Θεοῦ,
374 973 383 990 ι
411 965 536 992 κελεύσει
559 966 606 994 τοῦ
629 967 781 1003 ἀρχιερέως
798 969 851 996 ὑπὸ
877 969 923 996 δύο

129 1006 268 1034 διακόνων
284 1009 323 1040 είς
338 1010 368 1036 τδ
385 1010 462 1046 βῆμα
486 1012 639 1047 εἰσάγεται.
658 1014 712 1042 Καὶ
727 1015 922 1050 ἁναπτομένων

131 1052 232 1085 φώτων
245 1055 285 1084 εἰς
299 1055 378 1087 δόξαν
392 1056 459 1083 Θεοῦ
474 1058 521 1084 τοῦ
549 1059 658 1093 πρώτου
687 1061 786 1094 φωτὸς,
809 1061 856 1087 καὶ
869 1061 922 1088 δεῖ·

131 1107 191 1134 γμα
206 1100 256 1127 τοῦ
269 1101 344 1128 θείου
356 1104 513 1139 φωτισμοῦ,
538 1106 599 1139 τρὶς
616 1107 646 1132 τὺ
663 1106 857 1142 θυσιαστήριον
875 1117 924 1134 πε-

133 1147 288 1182 ριέρχεται,
316 1151 568 1185 παρακρατούντων
593 1153 673 1179 αὑτὸν
699 1154 753 1180 τῶν
779 1154 921 1188 διακόνων,

131 1194 180 1220 καὶ
196 1194 302 1230 ἑτέρων
328 1198 561 1232 προηγουμένων,
582 1199 630 1225 καὶ
652 1200 762 1235 χορείαν
776 1201 923 1227 συνιστών-

132 1248 198 1274 των,
211 1242 260 1268 καὶ
278 1243 318 1272 τὸ,
333 1251 342 1268 ι
367 1243 456 1276 Ἀγιοι
479 1245 627 1280 μάρτυρες,
654 1255 663 1272 ι
687 1245 819 1280 ἐκφώνως
844 1247 922 1282 ᾀδόν-

131 1295 198 1319 των,
214 1288 318 1321 καὶτὸ,
338 1297 348 1314 ι
368 1290 438 1323 Δόξα
452 1299 506 1324 σοι,
527 1291 630 1326 Χριστὲ
647 1291 756 1323 ὁ·Θεδς,
772 1302 781 1317 ι
801 1292 848 1319 καὶ
863 1293 922 1327 τρὶς

133 1332 364 1367 προσκυνούντων
381 1335 410 1360 ἔν
428 1337 462 1370 τῇ
479 1337 603 1371 τραπέζῃ
621 1336 695 1368 ἅπαξ
710 1337 784 1363 κατὰ.
800 1337 922 1371 χορείαν,

133 1378 172 1410 ὡς
185 1379 214 1404 ὲν
228 1379 268 1413 τῷ
283 1379 330 1406 τοῦ
344 1380 411 1408 Θεοῦ
430 1382 529 1417 θρόνῳ,
552 1382 637 1409 αὐτοῦ
651 1382 699 1409 τοῦ
723 1383 842 1418 Χριστοῦ
866 1385 922 1415 τοῖς

136 1425 299 1460 μυστηρίοις
313 1427 403 1453 ἐκεῖσε
415 1428 599 1462 προκειμένου
609 1428 658 1455 καὶ
670 1428 841 1463 καθημένου.
854 1429 921 1464 Τρὶς

136 1471 186 1506 μὲν
200 1469 247 1498 οὖν
263 1472 398 1499 κυκλοῦσι
413 1473 456 1500 διὰ
473 1475 523 1509 τὴν
545 1475 630 1508 τιμὴν
644 1475 694 1508 τῆς
711 1475 844 1509 Τριάδος’
863 1476 921 1502 διά-

976 226 1109 255 diaconus
1136 228 1220 260 dicat,
1252 227 1375 255 omnium
1414 232 1574 256 sanctorum
1601 228 1761 254 memoriam

976 276 1098 307 agentes.
1109 277 1148 300 ter
1164 273 1190 299 in
1215 273 1305 300 medio
1322 277 1408 306 stans,
1427 277 1468 300 ter
1490 273 1560 300 eluta
1593 280 1659 299 voce
1692 273 1761 299 dit-at

976 318 1058 345 illud:
1072 319 1247 354 «Quicunque
1257 319 1377 347 ﬁdeles.»
1389 319 1449 352 Quo
1459 319 1568 354 quidem
1579 327 1612 346 ex
1622 327 1680 346 una.
1688 324 1762 352 parte

975 364 1134 398 exsequitur
1145 373 1253 393 sacrum
1274 365 1434 393 subdiaconi
1462 365 1657 396 ministerium,
1691 365 1762 399 ipsos

975 411 1187 439 catechumenos
1204 411 1341 446 ejiciente,
1359 416 1386 438 et
1405 411 1497 438 ﬁdeles
1515 411 1590 438 solos
1604 411 1635 437 ad
1653 418 1761 437 sacram

976 460 1166 493 mysteriorum
1182 459 1392 487 celebrationem
1425 463 1453 486 et
1465 458 1688 486 communionem
1714 457 1761 483 ad-

976 504 1101 532 mittente
1126 510 1153 532 et
1166 510 1345 533 convocante.
1365 505 1431 538 Quae
1457 504 1573 540 hujusce
1593 504 1631 531 rei
1658 503 1761 530 [irmior

974 555 1001 578 et
1014 551 1127 578 solidior
1141 551 1211 579 ratio
1220 555 1272 578 est.
1293 551 1433 578 Diaconns
1449 551 1522 578 enim
1547 549 1659 584 jamjam
1689 549 1761 576 ortli-

974 596 1083 624 nandus
1103 597 1186 625 veluti
1202 597 1291 625 reddit
1305 602 1332 624 et
1350 597 1462 624 exhibet
1485 597 1648 624 subdiaconi
1680 603 1759 629 opus.

975 650 1028 670 non
1044 650 1123 671 secus
1136 651 1168 671 ac.
1183 644 1326 678 presbyter
1350 643 1520 671 ordinandus
1550 643 1615 678 legit
1641 641 1761 675 Evange-

975 689 1051 722 lium,
1065 693 1213 724 sanctaque
1222 697 1302 723 super
1320 693 1401 721 caput
1413 689 1437 715 in
1473 689 1585 715 introitu
1607 691 1707 722 gestat.
1721 687 1759 713 ita

974 743 1084 770 quoque
1098 737 1145 770 qui
1162 744 1196 763 ex
1215 735 1385 763 subdiacono
1402 737 1427 761 in
1444 736 1590 761 diaconum
1607 734 1760 764 ordinatur,

974 782 1104 810 omnibus
1119 781 1245 809 ﬁdelibus
1256 786 1375 809 testatur
1391 789 1420 807 se
1437 788 1532 813 purum
1546 786 1573 806 et
1601 777 1757 806 immacula~

975 832 1059 855 tuma
1078 833 1116 856 tot
1132 828 1247 856 testibus
1272 831 1298 855 et
1329 835 1343 854 a
1373 826 1429 854 Deo
1459 827 1576 853 maxime
1598 825 1760 860 iudicatum.

975 875 1142 903 consecrari.

1009 921 1075 949 Post
1090 922 1239 949 orationem
1257 922 1350 956 igitur,
1370 926 1397 949 et
1410 924 1554 956 postquam
1579 920 1682 948 dictum
1695 923 1734 945 est
1753 927 1759 944 ι

977 977 986 994 ι
998 967 1031 995 Ει
1041 973 1121 996 erunt
1135 968 1329 995 misericoridae
1342 967 1433 1003 magni
1451 967 1507 1000 Dei,
1522 976 1531 992 ι
1544 967 1622 1001 jussu
1639 965 1758 1000 episcopi

974 1013 1119 1041 adducitur
1135 1021 1150 1040 a
1166 1013 1276 1041 duobus
1304 1013 1438 1045 diaconis,
1475 1018 1501 1040 et
1519 1013 1560 1040 in'
1574 1011 1760 1040 sanctuariurn

974 1059 1158 1087 introducitur
1173 1068 1180 1093 ;
1194 1059 1373 1094 accensisque
1399 1058 1582 1086 luminaribus
1601 1058 1628 1084 in
1646 1056 1760 1091 gloriam

975 1107 1021 1134 Dei
1038 1107 1119 1142 primi
1138 1106 1263 1139 luminis.
1275 1111 1302 1133 et
1316 1105 1577 1133 demonstrationem
1588 1104 1686 1131 divina:
1700 1104 1761 1130 iliu-

975 1153 1142 1185 minationis,
1154 1157 1195 1180 ter
1209 1152 1295 1179 altare
1306 1151 1550 1183 cireumamhulat,
1566 1150 1721 1177 tenentibus
1733 1152 1760 1175 et

973 1199 1136 1227 ducentibus
1165 1206 1228 1226 eum
1255 1199 1379 1226 diaconis
1407 1197 1525 1232 aliisque
1542 1196 1761 1232 praecedentibus

972 1246 1102 1273 choream
1114 1245 1358 1280 componentibus,
1377 1250 1403 1272 et
1423 1244 1495 1272 elata
1525 1250 1592 1270 voce
1618 1244 1760 1278 hymnum,

976 1302 986 1318 ι
1004 1292 1096 1320 Sancti
1113 1296 1257 1327 martyres,
1270 1302 1278 1317 ι
1291 1292 1462 1324 canentibus,
1473 1296 1556 1326 atque
1569 1291 1662 1321 etiam,
1679 1298 1687 1314 ι
1697 1289 1762 1316 Glo-

973 1338 1012 1364 ria
1030 1338 1089 1370 tibi,
1107 1334 1215 1365 Christe
1230 1338 1321 1371 Deus;
1343 1349 1352 1364 r
1369 1342 1410 1365 ter
1437 1339 1519 1366 etiam
1538 1337 1718 1365 reverentiam
1735 1340 1761 1362 ιιι

973 1383 1179 1411 inclinationem
1201 1388 1304 1411 sanctae
1326 1391 1426 1411 mensae
1449 1383 1624 1415 facientibus,
1634 1382 1718 1410 semel
1735 1381 1760 1409 in

975 1437 1138 1464 unaquaque
1152 1430 1264 1462 chorea,
1277 1430 1335 1457 sive
1352 1430 1446 1457 altaris
1461 1430 1652 1457 circumitione
1679 1427 1761 1456 veluti

972 1474 1080 1503 Christo
1096 1476 1158 1510 ipso
1172 1476 1198 1502 in
1214 1476 1312 1502 throno
1326 1475 1372 1502 Dei
1390 1476 1445 1503 illic
1469 1475 1639 1503 consistente
1667 1479 1694 1502 et
1719 1481 1762 1500 se-

135 1526 209 1544 κονοι
225 1517 254 1544 δὲ
273 1520 512 1553 παρακρατοῦσιν,
526 1520 622 1555 ἐπειδὴ
644 1520 737 1555 μέλλει
752 1521 792 1550 είς
809 1521 858 1554 τὴν
874 1521 921 1547 τά-

976 1521 1054 1549 dente
1069 1529 1131 1549 cum
1145 1521 1271 1556 mysteria
1285 1521 1468 1549 celebrantur.
1481 1520 1534 1548 Ter
1548 1521 1630 1555 igitur
1646 1520 1764 1547 circum-

137 1564 178 1596 ξιν
193 1565 284 1592 αὐτῶν
304 1565 390 1592 ὲλθεῖν
403 1574 411 1582 ⁸
424 1564 501 1601 ᾆσμα
517 1566 545 1593 δὲ
563 1567 658 1602 ᾄδεται
684 1567 739 1594 τῶν
762 1566 922 1602 μαρτύρων,

136 1611 177 1638 ὅτι
191 1612 240 1638 καὶ
250 1612 264 1638 ό
282 1612 491 1647 προσαγόμενος
505 1613 608 1648 ἧθλησε
629 1613 729 1648 βιώσας
745 1613 848 1646 καλῶς,
877 1614 923 1641 καὶ

136 1658 184 1692 τὴν
197 1659 292 1685 πίστιν
311 1659 441 1693 ἐτήρησε,
459 1660 508 1686 καὶ
528 1660 578 1693 τὴν
593 1659 707 1693 ἁγνείαν
734 1659 861 1694 ἐφύλαξε,
877 1660 924 1687 καὶ

136 1705 180 1732 διὰ
194 1705 276 1732 τοῦτο
303 1702 500 1739 στεφανοῦται.
530 1706 612 1733 Ὅθεν
628 1706 678 1732 καὶ
698 1706 761 1737 τοὺς
778 1705 923 1741 μάρτυρας

137 1753 324 1787 συγχορευτὰς
336 1752 397 1778 τότε
412 1753 428 1787 ἡ
441 1753 592 1787 Ἐκκλησία
608 1753 795 1786 ἐπικαλεῖται,
814 1754 861 1779 καὶ.
877 1753 923 1779 τδν

138 1799 210 1825 θεῖον
229 1799 304 1825 ἔλεον
317 1799 348 1825 δα
358 1798 436 1829 too;
447 1799 512 1833 ἡμῖν
524 1799 649 1825 ἐπελθεῖν
666 1798 832 1825 ἐκδυσωπεῖ.
841 1798 923 1825 Ἀλλὰ

139 1844 243 1870 καὶτὸν
257 1843 424 1878 τελετάρχην
442 1843 570 1878 Χριστὸν,
585 1843 616 1869 τδ
631 1843 686 1869 τῶν
701 1843 860 1870 ἀποστόλων
876 1845 923 1870 καὶ

138 1890 192 1915 τῶν
211 1889 360 1924 μαρτύρων
373 1888 544 1923 ἀγαλλίαμα,
571 1888 707 1923 λαμπρῶς
727 1889 774 1915 καὶ
798 1889 922 1920 δικαίως,

138 1935 178 1961 ὅτι
191 1934 242 1968 τῆς
260 1935 337 1968 νίκης
355 1934 467 1961 καὶτῶν
479 1934 622 1968 στεφάνων
639 1930 717 1965 οὗτος
732 1935 746 1961 ό
761 1934 881 1969 ἀρχηγός
892 1942 922 1960 τε

138 1981 184 2008 καὶ
214 1981 317 2013 αἴτιος,
347 1980 384 2012 ὡς
403 1981 460 2006 ὥκαὶ.
483 1980 627 2006 ἀποθανὼν
656 1980 726 2015 ὑπὲρ
748 1981 838 2015 ἡμῶν,
876 1980 923 2006 καὶ

137 2026 330 2062 ὗπερυψωθεὶς
345 2026 382 2061 τῷ
400 2026 521 2060 νικῆσαι,
535 2026 684 2060 δοξολογεῖ.
702 2026 785 2052 Ἀλλὰ
803 2026 850 2052 καὶ
872 2026 922 2060 τῆς

138 2072 252 2107 Τριάδος
277 2071 307 2098 τὸ
329 2071 474 2106 ὁμοούσιον
498 2072 539 2098 δεῖ
569 2071 718 2107 κηρύττειν
737 2078 744 2088 ’
768 2071 838 2107 αὕτη
867 2071 922 2107 γὰρ

137 2119 152 2152 ἡ
175 2117 260 2149 ὅντως
279 2117 443 2152 ἀγαλλίασις
471 2118 520 2144 καὶ
533 2118 606 2153 χαρὰ
620 2119 654 2153 τῇ
669 2118 724 2144 τῶν
738 2117 922 2152 ἑορταζόντων

137 2165 166 2190 ὲν
183 2165 310 2199 οὐρανοῖς
324 2165 429 2199 χορείᾳ,
446 2165 495 2190 καὶ
510 2164 628 2199 μάλιστα
639 2165 685 2191 ἐπὶ
702 2164 923 2199 καθιερώσειάν-

137 2210 197 2245 δρὸς
214 2210 288 2245 ἱεροῦ
303 2211 350 2237 καὶ
360 2211 499 2245 ὑπηρέτου
515 2211 571 2237 τῶν
587 2210 655 2237 ἄνω.

974 1573 1041 1595 eunt
1063 1568 1092 1594 in
1114 1567 1244 1594 honorem
1265 1567 1419 1594 Trinitatis.
1437 1566 1548 1593 Diaconi
1579 1569 1670 1593 autem
1698 1571 1760 1592 eum

975 1615 1078 1645 tenent,
1096 1619 1128 1639 eo
1145 1612 1217 1647 quod
1234 1612 1266 1639 ad
1283 1619 1378 1639 eorum
1396 1611 1520 1639 ordinem
1550 1615 1578 1638 et
1600 1611 1760 1645 dignitatem

975 1659 1159 1686 accerseutlus
1169 1663 1219 1686 est.
1240 1658 1384 1686 Canticum
1399 1662 1489 1686 autem
1521 1664 1671 1693 martyrum
1686 1657 1762 1684 cani-

975 1709 1029 1735 tur.
1046 1712 1078 1731 eo
1092 1704 1165 1739 quod
1180 1705 1225 1739 qui
1250 1705 1407 1736 adducitur,
1429 1705 1509 1738 lutjus
1533 1705 1595 1731 vita:
1623 1709 1761 1732 certamen

975 1751 1088 1786 pulchre
1103 1751 1219 1785 peregit,
1233 1752 1312 1778 iidem
1326 1752 1457 1784 servavit,
1471 1751 1623 1778 castitatem
1640 1751 1761 1778 Custodi-

974 1798 1023 1829 vit,
1039 1801 1066 1824 et
1084 1804 1226 1831 propterea
1244 1802 1405 1825 coronatur.
1419 1798 1490 1825 llinc
1503 1802 1558 1824 tum
1572 1797 1692 1824 Ecclesia
1707 1804 1760 1824 non

975 1844 1062 1870 solum
1075 1849 1208 1878 martyres
1226 1843 1333 1870 choreae
1345 1845 1436 1871 socios
1448 1843 1566 1875 invocat,
1587 1842 1762 1876 divinamque

975 1890 1193 1916 misericordiam
1210 1889 1288 1916 nobis
1301 1890 1396 1916 adesse
1415 1893 1441 1915 et
1458 1889 1568 1924 largiter
1585 1889 1695 1916 alIluere
1711 1888 1757 1914 iut-

974 1939 1073 1969 ραι-ιη,
1093 1943 1185 1962 verum
1201 1936 1282 1962 etiam
1298 1935 1488 1969 mysteriorum
1517 1934 1667 1968 principem
1679 1933 1760 1960 Chri-

975 1985 1058 2012 stum,
1074 1981 1258 2014 apostolornm
1276 1985 1302 2006 rt
1318 1985 1466 2015 martyrum
1480 1979 1607 2014 gaudium
1632 1978 1762 2013 praeclare

974 2032 1000 2054 et
1014 2027 1087 2062 juste
1102 2027 1231 2054 laudatet
1249 2027 1381 2058 celebrat,
1394 2027 1522 2061 quoniam
1542 2026 1599 2060 ipse
1614 2031 1655 2053 est
1675 2026 1761 2052 victo—

974 2073 1021 2100 rite
1038 2079 1064 2100 et
1081 2079 1244 2100 coronarunt
1263 2080 1361 2107 praeses
1383 2076 1410 2099 et
1427 2078 1532 2104 auctor,
1546 2076 1638 2106 utpote
1650 2072 1695 2106 qui
1714 2079 1762 2106 pro

975 2118 1054 2145 nobis
1075 2122 1199 2145 mortuus
1218 2122 1270 2149 est,
1288 2122 1370 2152 atque
1393 2122 1421 2144 ut
1438 2118 1580 2145 vincamus
1606 2117 1763 2150 supercxal-

977 2169 1060 2192 tatus.
1078 2164 1132 2191 Nec
1147 2166 1198 2191 hoc
1218 2169 1335 2196 tantum,
1353 2165 1398 2191 sed
1411 2165 1492 2191 etiam
1523 2164 1692 2198 praedicanda
1720 2168 1762 2190 ε>ῑ

977 2213 1114 2239 insautrta
1143 2210 1276 2237 Triuitate
1301 2211 1578 2238 consubstantialitas.
1605 2211 1663 2244 Ipsa
1690 2210 1761 2237 enim

134 2264 202 2299 vrere
217 2261 260 2284 est
278 2256 422 2284 exsultatio
444 2260 471 2284 et
488 2257 617 2292 gaudium
646 2257 753 2284 chorea:
780 2253 932 2285 festum'iu
961 2258 1036 2286 ccelis
1059 2258 1267 2290 celebrantium,
1296 2259 1412 2285 maxime
1428 2266 1489 2285 eum
1508 2257 1635 2284 sacerdos
1650 2262 1676 2284 ct
1698 2264 1762 2284 san~

140 2310 244 2332 ciorum
262 2304 388 2332 minister
408 2309 595 2332 consecratur.

174 2351 252 2378 Μετὰ
264 2352 314 2386 τὴν
330 2353 442 2387 τριττὴν
456 2350 504 2379 οὖν
517 2353 638 2387 χορείαν,
652 2354 680 2379 ὲν
745 2354 791 2379 καὶ
812 2354 924 2388 ἄγγελοι

143 2397 218 2433 143
237 2397 438 2431 συγχορεύουσι
469 2399 571 2433 μᾶλλον
599 2399 679 2433 ἡμῶν
702 2400 921 2434 εὐφραινόμενοι,

142 2443 210 2476 ὑπὲρ
225 2443 299 2477 ἡμᾶς
316 2443 370 2477 γάρ
387 2443 441 2469 sic:
458 2444 490 2478 τῇ
506 2443 619 2477 γνώσει,
632 2443 746 2474 καὶτοῖς
768 2446 921 2478 γινομένοις

142 2489 296 2520 ἐξίστανται
317 2489 399 2515 πλέον
410 2489 490 2523 ἡμῶν
508 2489 711 2523 αἰσθανόμενοι,
727 2491 895 2524 προσάγεται
911 2492 924 2517 ό

142 2535 381 2569 χειροτονούμενος
395 2534 434 2569 τῷ
451 2536 587 2570 ἀρχιερεῖ,
605 2536 758 2565 δεικνύντος
767 2536 814 2562 τοῦ
831 2536 924 2570 ἔργου,

142 2581 178 2611 ὡς
196 2580 308 2614 tantm
324 2589 352 2606 τε
369 2581 416 2606 καὶ
437 2580 527 2611 ἱκανὸς
542 2581 658 2616 δειχθεὶς
675 2581 712 2615 τῷ
726 2581 786 2615 Θεῷ
806 2581 926 2615 λειτουρ-

142 2626 199 2659 γεῖν
216 2626 443 2660 προσκομίζεται.
465 2626 621 2653 ’Υποκλίνει
649 2627 741 2653 τοίνυν
761 2627 811 2662 τὴν
838 2636 924 2660 κεφα-

142 2671 201 2705 λὴν,
219 2671 326 2702 δεικνὺς
341 2672 392 2706 τὴν
405 2672 538 2704 δουλείαν,
554 2673 599 2699 καὶ
613 2672 651 2704 ὡς
676 2673 735 2707 μετ’
750 2673 924 2708 εὐχαριστίας

145 2715 190 2741 καὶ
219 2715 412 2746 ταπεινώσεως
442 2716 549 2751 δέχεται
578 2717 613 2743 τὰ
640 2717 691 2751 τῆς
720 2717 841 2752 χάριτος.
870 2718 926 2744 Καὶ

145 2759 325 2796 σφραγίζεται
341 2761 435 2795 τρίτον
464 2762 513 2796 τὴν
535 2762 660 2796 κεφαλὴν
688 2763 736 2797 τῆς
756 2763 926 2797 χειροτονίας

145 2807 182 2837 είς
193 2805 331 2840 ἀπαρχὴν,
347 2806 398 2840 τῆς
413 2808 522 2842 τριττῆς
536 2808 610 2839 θείας
626 2809 800 2839 ὑποστάσεως
813 2809 928 2836 ἐπιϐοω-

149 2852 230 2886 μένης
243 2851 330 2886 αὐτῷ,
347 2852 388 2879 ὅτι
404 2853 457 2880 πᾶν
472 2853 586 2890 δώρημα
603 2855 632 2887 ἐξ
648 2855 733 2889 αὐτῆς
747 2855 789 2882 διὰ
805 2856 852 2882 τοῦ
868 2857 927 2883 ἐνὸ-

1018 2353 1082 2380 Post
1099 2353 1206 2380 tertiam
1227 2351 1446 2386 igiturchorram
1462 2358 1542 2384 quam
1555 2350 1642 2383 angeli
1653 2358 1762 2384 quoque

978 2405 1060 2434 agunt
1074 2399 1176 2432 majore
1195 2405 1276 2432 quam
1294 2405 1343 2424 nos
1361 2397 1451 2423 ltrtitia
1469 2397 1529 2430 (nos
1543 2396 1616 2422 cnim
1631 2396 1761 2429 cognitio-

977 2455 1010 2473 ne
1026 2445 1204 2474 antecedunt,
1225 2449 1251 2470 et
1266 2451 1325 2476 qute
1346 2443 1413 2468 iiunt
1431 2443 1515 2475 magis
1531 2450 1611 2476 quant
1628 2450 1677 2476 nos
1701 2450 1762 2468 scn-

977 2494 1073 2519 lientus
1089 2498 1182 2517 eorum
1196 2490 1377 2516 admiratione
1395 2488 1551 2523 capiuntur)
1569 2498 1574 2515 :
1593 2489 1762 2515 ordinandus

977 2539 1002 2565 in
1016 2542 1190 2572 conspectum
1207 2536 1326 2569 episcopi
1344 2535 1491 2561 adducitur
1508 2542 1590 2569 opere
1602 2535 1761 2560 estcndcnle

977 2583 1048 2617 quod
1063 2583 1166 2609 electus
1193 2586 1244 2613 cst,
1260 2586 1286 2607 et
1319 2583 1499 2614 prtesentatur
1524 2584 1602 2606 antca
1631 2579 1761 2613 probatus

977 2629 1092 2655 idoneus
1110 2631 1137 2653 ut
1155 2626 1208 2652 Deo
1224 2625 1371 2653 ministret.
1388 2626 1506 2652 inclinat
1527 2626 1608 2659 igitur
1632 2629 1713 2658 caput
1730 2625 1756 2650 in

976 2674 1116 2700 sorritulis
1130 2677 1331 2706 argumentum,
1344 2677 1426 2706 atque
1438 2677 1466 2698 ut
1480 2672 1649 2698 demonstret
1660 2679 1688 2696 sv
1698 2679 1758 2696 ιιι-ιιι

976 2718 1123 2753 gratiarum
1134 2719 1275 2746 actionect
1285 2719 1438 2745 humilitate
1447 2717 1539 2751 gratia:
1551 2717 1618 2742 dona
1630 2715 1759 2749 recipere.

978 2764 1031 2792 Ter
1046 2765 1072 2791 in
1084 2766 1171 2798 capite
1189 2772 1270 2792 cruce
1283 2765 1407 2797 signatur
1429 2764 1455 2790 in
1487 2762 1621 2797 primitias
1648 2762 1759 2789 ordina-

979 2811 1073 2841 tionis,
1093 2811 1180 2838 tribus
1197 2811 1296 2837 divinis
1314 2809 1457 2836 Trinitatis
1483 2808 1605 2842 personis
1626 2808 1760 2843 supr-rip-

980 2864 1039 2883 sum
1057 2857 1125 2883 elata
1146 2863 1210 2883 voce
1229 2855 1373 2888 invocatis,
1393 2855 1456 2889 quia
1477 2862 1508 2882 ex
1524 2855 1582 2890 ipsa
1604 2861 1684 2883 omne
1712 2855 1761 2881 do-
