1941 3040
211 101 264 131 3Ἦ)
614 102 804 133 SYMEONIS
835 100 1217 132 TIIESSALONICENSIS
1237 101 1407 131 ARClllEP
1794 97 1877 129 380

212 158 267 184 bus
285 157 408 185 ﬁdelibus
422 165 511 188 orare.
534 163 561 187 et
592 167 686 187 eormn
708 159 868 187 memoriam
898 158 996 186 facere.

1068 158 1164 189 ύλεως,
1181 158 1229 185 καὶ
1253 158 1354 188 παντὸς
1377 156 1425 183 τοῦ
1450 157 1652 191 Χριττωνὺμου
1671 157 1752 184 λαοῦ.
1767 167 1776 182 ι
1808 155 1880 182 Δεῖ

213 202 291 230 Tunc
304 203 378 230 enim
394 203 517 239 locuples
539 205 658 240 Spiritus
687 205 802 233 donatio
820 204 947 232 omnibus
973 205 1000 232 in

1068 204 1107 239 ’ὰρ
1127 204 1162 239 τῇ
1186 203 1358 238 ἐπιφοιτήσει
1380 202 1433 237 τῆς
1463 203 1576 238 χάριτος
1602 203 1715 230 πάντων
1740 202 1879 230 πιστῶν

214 248 373 276 certaminis
384 250 525 285 praemium
550 250 736 286 dispensatur.

478 353 595 382 CAPUT
624 354 732 382 CLXX.

215 406 292 446 Quod
308 409 472 446 ordinandus
487 411 594 446 quando
621 410 764 438 ordinatur
777 419 865 445 precer
885 419 933 446 pro
947 420 1002 438 om-

249 443 325 512 }?qu
343 443 454 478 fundere
470 443 555 479 debet,
573 453 670 481 easque
686 450 748 473 tunc
762 443 948 474 maxime'esae
963 447 1003 482 ef-

271 486 356 506 caces.

271 486 356 506 εοεαε.

251 523 342 558 Ipsum
359 533 469 562 quoque
485 526 671 555 ordinandum
701 532 765 555 lunt:
779 532 886 562 oportet
903 528 1004 556 arden-

218 569 272 596 tius
289 578 337 604 pro
352 572 480 600 nantibus
496 573 678 601 intercedere.
701 572 770 600 Nam
794 578 822 600 ut
838 580 852 600 a
875 572 1003 601 Patribns

218 615 376 650 didicimus,
389 626 559 654 quaecunque
568 619 735 647 ordinandus
751 619 901 647 secundum
919 619 1003 646 Deum

217 667 285 690 tunc
301 669 428 698 precatus
443 664 536 698 fuerit,
555 665 667 700 accipit,
682 671 710 693 et
733 674 782 700 pro
795 666 895 701 quibus
921 665 1004 692 ratio-

217 708 347 736 nabiliter
363 710 481 744 petierit,
505 699 624 744 obtinet,
645 712 718 739 velut
734 699 1004 739 tumvsanctiiicatus

218 758 246 780 et
265 756 351 789 gratia
368 757 496 783 donatus.
510 757 575 784 ldeo
587 758 688 791 swpius
699 758 801 785 multos
813 757 928 784 fratrum
957 756 1004 792 qui

219 800 420 828 ordinabantur
446 803 551 836 rogavi,
581 806 611 830 ut
638 810 700 830 cum
727 803 929 834 ordinarentur,
956 811 1004 835 pro

221 853 265 873 me
279 852 401 879 orarent.
419 852 447 875 et
464 848 517 875 mei
546 849 768 881 recordarentur,
787 854 816 877 ut
848 850 1004 877 misericor—
1019 839 1043 869 Β

222 892 296 919 diam
310 900 324 919 a
342 893 395 920 Deo
410 901 603 929 censequerer.
618 894 771 929 Episcopus
783 896 865 930 igitur
884 897 1006 925 recitatis

220 939 412 974 rogationibus
428 948 538 968 manum
556 941 659 969 habens
676 942 758 976 capiti
787 943 874 977 ipsius
891 943 1006 978 imposi-

220 990 288 1017 tam,
306 993 355 1020 per
370 993 430 1013 eam
442 987 515 1014 enim
536 988 624 1022 gratia
643 993 784 1022 operatur,
805 988 953 1016 secundam
966 989 1008 1016 di-

220 1032 258 1059 cit
270 1033 435 1067 orationem,
448 1040 502 1068 qua
515 1034 636 1069 postulat
653 1034 833 1062 ordinandum
846 1042 895 1070 per
907 1035 1009 1062 adven-

220 1083 278 1105 tum
297 1079 386 1106 sancti
401 1079 522 1114 Spiritus
541 1080 641 1115 rcpleri
667 1081 731 1114 ﬁde,
743 1081 890 1116 sapientia,
905 1082 1008 1109 virtute

220 1128 248 1150 et
264 1124 494 1153 sanctificatione.
510 1125 573 1153 Haec
586 1131 678 1154 autent
695 1134 759 1154 vera
775 1134 838 1154 cum
853 1127 1009 1155 humilitate

221 1169 270 1202 ait,
283 1170 390 1203 dicens,
409 1178 440 1198 sc
452 1179 583 1200 manuum
608 1180 722 1201 suarum
751 1173 922 1208 impositioni
953 1182 1008 1201 non

221 1217 370 1252 conlidere,
387 1219 435 1247 sed
463 1228 511 1255 per
538 1221 636 1248 divinae
663 1221 858 1249 misericordia:
875 1222 1009 1250 visitatio-

222 1271 284 1291 nem
314 1264 404 1299 dignis
430 1266 545 1300 gratiam
563 1266 729 1300 donari;ita
756 1271 785 1295 ut
809 1275 857 1302 per
878 1275 1009 1295 manuum

225 1310 430 1343 impositioncm
442 1311 541 1339 divinae
555 1313 754 1341 misericordiae
773 1313 893 1342 visitatio
906 1313 1010 1349 signiﬁ-

225 1360 314 1387 cetur,
329 1360 356 1383 et
381 1357 468 1391 gratia
487 1358 610 1394 indignis
637 1359 777 1388 adveniat.
797 1360 901 1388 Deinde
926 1361 1011 1389 vehe-

225 1406 329 1430 menter
345 1404 414 1437 petit
430 1410 494 1432 eum
510 1405 544 1433 ab
565 1407 640 1433 omni
655 1411 769 1440 peccato
794 1414 856 1435 esse
872 1407 1009 1440 alienum,

225 1448 290 1479 quia
302 1449 393 1477 nullus
408 1455 451 1478 est
465 1459 479 1478 a
505 1451 613 1479 macula
633 1459 732 1487 purus,
753 1453 901 1488 nullusque
937 1454 1011 1482 suﬂi-

225 1494 302 1522 niens
316 1496 349 1522 ad
374 1496 535 1530 ltujusmodi
552 1497 717 1526 ministeria.
740 1499 811 1527 Petit
838 1500 954 1536 insuper
980 1505 1010 1528 ut
1024 1511 1046 1541 α

225 1548 288 1568 cum
307 1541 376 1569 bene
394 1542 593 1570 ministraverit
609 1543 711 1572 laboris
721 1545 875 1572 mercedem
895 1553 910 1572 a
931 1545 1011 1574 Chri~

224 1593 268 1615 sto
281 1588 408 1622 accipiat.
426 1589 527 1624 Sicque
540 1588 595 1617 Deo
611 1589 667 1617 alta
682 1597 748 1618 voce
764 1591 875 1619 laudato
891 1592 1013 1626 (oportet

223 1633 298 1660 enim
318 1634 420 1669 gratias
432 1634 472 1662 illi
483 1642 566 1670 agere
583 1643 634 1670 pro
649 1636 779 1664 omnibus
791 1636 891 1665 divinis
906 1637 1013 1671 donis).

224 1684 267 1706 ter
281 1680 380 1707 iterum
398 1680 475 1708 illum
504 1681 639 1715 signando
656 1683 779 1718 mysterii
795 1683 1014 1710 consummatio-

225 1733 288 1752 nem
308 1726 456 1762 adimplet;
472 1727 572 1755 deinde
597 1728 753 1756 ordinatum
768 1736 784 1756 e
800 1736 897 1757 mensa
920 1729 1012 1765 erigit.

491 1870 609 1899 CAPUT
630 1871 748 1900 CLXXI.

227 1913 305 1947 Quod
322 1914 458 1950 episcopus
477 1916 503 1943 in
526 1918 694 1945 ordinatione
710 1919 890 1946 ordinandum
918 1921 1015 1954 triplici

469 1953 606 1987 signaculo
624 1960 770 1981 cunaecral.

262 1997 362 2031 Aspice
379 2003 472 2026 autent
488 2003 516 2026 et
529 2000 640 2027 attende
653 2000 814 2029 Trinitatem
829 2002 930 2037 ubique
943 2010 1012 2037 prae-

226 2042 356 2077 dicatam,
376 2048 404 2071 et
421 2050 579 2079 operantem
592 2046 619 2073 in
636 2047 725 2083 nobis,
738 2052 820 2082 atque
834 2048 926 2076 divina
944 2050 1015 2077 dona

226 2095 479 2118 ronsummantem.
498 2091 652 2127 Episcopus
665 2094 738 2121 enim
751 2094 902 2122 adductum
918 2096 1013 2124 statim

227 2138 270 2162 ter
281 2142 363 2163 cruce
391 2136 492 2171 signat,
511 2137 538 2164 in
570 2138 709 2172 primitias
738 2141 958 2168 consecrationis
985 2146 1013 2169 et

1054 249 1254 284 δπερεὺχεσθαι
1280 249 1327 276 καὶ
1354 249 1516 284 μεμνῆσθαι
1530 257 1538 264 ⁸
1559 249 1677 275 πἹουσία
1702 249 1758 283 γὰρ
1781 248 1876 275 τότε

1053 297 1071 331 ή
1082 297 1173 332 δωρεὰ
1186 296 1233 324 τοῦ
1251 296 1410 331 Πνεύματος
1425 297 1509 322 πᾶσιν
1532 295 1759 331 ὲπιΰραὸεύεται.

1339 353 1465 380 ΚΕΦΑΔ.
1482 353 1542 380 ΡΟ’.

1055 409 1121 437 Ὀτι
1136 411 1171 437 ἐν
1189 409 1229 442 τῷ
1251 409 1488 444 χειροτονεῖσθαι
1507 409 1559 436 τὸν
1579 411 1876 444 χειροτονῶμεν-ον

1089 445 1138 472 δεῖ
1147 446 1270 472 πάντων
1278 444 1509 479 ὑπερεύχεσθιιι·
1522 445 1676 480 ἀνύσιμον
1688 446 1746 480 γὰρ
1757 446 1874 473 τοῦτο

1090 481 1157 508 τότε
1167 480 1314 514 μᾶλλον..

1090 527 1146 553 Kal
1168 527 1249 553 αὑτὸν
1273 526 1302 553 δὲ
1323 527 1370 554 τδν
1386 526 1628 562 χειροτονούμενον
1654 527 1709 561 χρὴ
1733 525 1871 552 πάντων

1055 572 1256 608 ὐπερεύχεσθαι
1279 573 1447 608 θερμότερον
1462 573 1533 600 τότε.
1553 572 1598 604 Ὦς
1619 573 1674 606 γὰρ
1688 573 1768 607 παρὰ
1791 573 1870 598 Πα-

1054 618 1142 653 τέρων
1158 619 1309 654 ἐμάθομεν,
1323 619 1374 646 ὅσα
1390 619 1423 646 ἂν
1438 619 1499 645 τότε
1523 618 1593 645 κατὰ
1612 619 1679 645 Θεὸν
1693 620 1709 645 ό
1722 626 1870 653 χειροτο-

1056 665 1187 700 νούμενος
1211 664 1329 699 εὔξαιτο,
1348 664 1482 700 λαμϐάνει
1507 663 1583 698 παρὰ
1602 663 1670 690 Θεοῧ
1684 672 1692 679 ο
1707 665 1757 689 καὶ
1775 663 1866 698 ὑπὲρ

1054 708 1094 741 ὧν
1111 712 1218 746 αἰτήσει
1234 712 1306 738 κατὰ
1328 711 1408 745 λόγον
1423 711 1558 746 εὑρίσκει,
1579 710 1616 742 ὠς
1639 709 1832 744 ἀγιαζόμενος
1850 728 1864 741 ,

1056 760 1105 785 καὶ
1123 759 1172 794 τὴν
1187 759 1266 793 χάριν
1283 758 1439 793 δεχόμενος.
1471 758 1517 784 Διδ
1541 755 1620 790 κάγὼ
1635 755 1768 786 πολλάκις
1783 755 1868 781 πολ-

1055 804 1130 836 λοὺς,
1149 805 1260 838 ἁδελφὲ,
1273 804 1328 830 τῶν
1341 804 1592 839 χειροτονουμένων
1619 803 1737 838 ἠξίωσα,
1759 803 1790 828 ἐν
1809 801 1865 835 τῷ

1058 850 1270 885 χειροτονεῖσθαι
1285 849 1416 885 ἐὔχεσθαι
1440 849 1511 885 ὑπὲρ
1529 848 1607 883 ἐμοῦ,
1624 849 1672 875 καὶ
1692 848 1869 884 μνησθῆναί

1060 907 1111 933 μου
1138 899 1198 926 τότε
1211 918 1219 931 ,
1237 898 1308 926 ὥστε
1331 898 1488 934 ἐλεηθῆναι,
1514 898 1544 924 '0
1562 896 1708 932 ἀρχιερεὺς
1733 894 1782 923 οὖν
1803 896 1868 922 καὶ

1058 945 1113 972 τῶν
1126 946 1262 980 αἰτήσεων
1275 945 1443 980 λεγομένων,
1457 945 1507 980 τήν
1521 945 1601 979 χεῖρα
1615 944 1685 978 ἔχων
1703 943 1867 976 ὲπικειμέσ

1059 1002 1109 1028 νην
1124 994 1156 1028 τῇ
1172 991 1257 1019 αὑτοῦ
1278 992 1399 1026 κεφαλῇ,
1415 992 1450 1019 δι’
1465 991 1550 1025 αὐτῆς
1565 989 1622 1025 γὰρ
1636 991 1652 1025 ή
1674 989 1757 1024 χάρις
1773 990 1866 1024 ὲνερο

1051 1039 1112 1074 ’γεῖ.
1133 1039 1181 1066 καὶ
1202 1038 1253 1073 τὴν
1275 1038 1408 1072 δευτέραν
1433 1038 1503 1072 μετὰ
1519 1037 1569 1068 τὰς
1585 1037 1708 1071 αἰτήσεις
1726 1036 1864 1070 ἐπιλέγει

1059 1085 1155 1120 εὐχήν.
1171 1083 1226 1110 Kal
1245 1081 1425 1118 πληρωθῆναι
1450 1082 1599 1115 ὲξαιτεῖται
1612 1083 1658 1108 τὸν
1677 1081 1865 1117 χειροτονούο

1062 1139 1142 1165 μενον
1156 1129 1275 1160 πίστεως
1292 1129 1340 1156 καὶ
1364 1129 1462 1162 σοφίας
1487 1128 1534 1154 καὶ
1549 1127 1691 1161 δυνάμεως
1708 1127 1756 1154 καὶ
1770 1127 1863 1161 ἁγια-

1061 1177 1130 1211 σμοῦ
1143 1177 1176 1211 τῇ
1190 1175 1363 1211 ἐπιφοιτήσει
1389 1175 1434 1201 τοῦ
1466 1175 1539 1201 θείου
1555 1174 1726 1208 Πνεύματος.
1746 1174 1805 1202 Kal
1822 1174 1862 1200 ὲν

1061 1222 1156 1257 ἁληθεῖ
1168 1221 1333 1248 ταπεινώσει
1345 1220 1425 1257 145
1442 1220 1530 1247 ταῦτα
1548 1229 1615 1254 φησι
1629 1220 1728 1254 λέγων,
1743 1220 1786 1247 δτι
1801 1221 1859 1247 οὐκ

1060 1268 1090 1294 ὲν
1105 1269 1138 1302 τῇ
1155 1267 1277 1294 ὲπιθὲσει
1294 1266 1349 1293 τῶν
1373 1265 1456 1293 αὐτοῦ
1480 1266 1579 1302 χειρῶν
1604 1266 1713 1301 θαῤῥεϊ,
1743 1265 1806 1293 ἀλλ’
1823 1266 1860 1292 ἐν

1061 1315 1094 1349 τῇ
1114 1314 1252 1348 ἐπισκοπῇ
1269 1312 1321 1339 τοῦι
1340 1312 1415 1339 θείου
1432 1312 1538 1343 ἐλέους.
1555 1312 1675 1339 δίδοσθαι
1694 1311 1777 1346 χάριν
1794 1312 1859 1342 τοῖς

1062 1361 1149 1392 ἀξίοις
1166 1369 1174 1376 ·
1191 1359 1262 1386 ὥστε
1281 1359 1327 1386 διὰ
1341 1358 1393 1391 τῆς
1417 1358 1567 1389 ἐπιθέσεως
1577 1358 1632 1385 τῶν
1654 1358 1756 1393 χειρῶν
1769 1359 1787 1393 ή
1803 1357 1857 1384 τοῦ

1062 1407 1134 1434 θείου
1158 1406 1249 1438 ἐλέους
1274 1405 1412 1440 ὲπισκοπὴ
1439 1404 1578 1440 δηλοῦται,
1601 1404 1648 1432 καὶ
1669 1405 1710 1431 ὅτι
1728 1405 1744 1438 ή
1766 1405 1856 1439 χάρις

1062 1453 1118 1484 τοῖς
1135 1452 1221 1484 ἀξίοις
1236 1452 1376 1487 ἐπιφοιτᾷ.
1397 1449 1464 1478 Εἶτα
1482 1453 1529 1477 καὶ
1553 1451 1645 1486 πάσης
1662 1450 1744 1477 αὑτὸν
1758 1451 1858 1486 ἀμαρ-

1063 1496 1123 1527 τίας
1139 1496 1220 1527 ικτδς
1234 1496 1362 1530 γενέσθαι
1391 1495 1527 1522 δυσωπεῖ·
1543 1496 1585 1523 ὅτι
1614 1495 1704 1527 οὐδεὶς
1730 1495 1859 1530 καθαρὸς

1064 1542 1119 1569 ἀπὸ
1133 1541 1231 1577 ῥύπου,
1254 1542 1301 1569 καὶ
1316 1541 1405 1573 οὐδεὶς
1437 1541 1530 1572 ἱκανὺς
1553 1541 1621 1576 πρδς
1644 1540 1775 1572 τοιαύτας
1796 1541 1859 1568 δια-

1064 1588 1172 1620 κονίας·
1195 1588 1242 1614 καὶ
1266 1586 1357 1619 καλῶς
1379 1587 1580 1622 διακονήσαντα
1610 1587 1657 1614 τὸν
1682 1587 1780 1622 μισθὸν
1805 1587 1858 1614 τοῦ

1065 1633 1150 1660 κόπου
1168 1633 1262 1660 λαϐεῖν
1280 1633 1357 1668 παρὰ
1369 1633 1417 1660 τοῦ
1435 1632 1568 1669 Χριστοῦ.
1584 1632 1640 1660 Καὶ
1653 1632 1740 1664 οὕτως
1763 1633 1858 1667 ὲκφὼ-

1064 1688 1118 1711 νως
1139 1680 1185 1707 τὸν
1200 1679 1267 1707 Θεὸν
1281 1680 1443 1715 ἀνυμνήσας
1462 1679 1651 1714 (εὐχαριστεῖν
1666 1678 1721 1714 γὰρ
1744 1678 1786 1705 δεῖ
1807 1679 1858 1705 ἐπὶ

1065 1726 1133 1752 πᾶσι
1146 1726 1202 1757 τοῖς
1218 1725 1303 1757 eum;
1319 1724 1438 1761 δώροις),
1456 1725 1518 1760 τρὶς
1532 1725 1613 1752 πάλιν
1627 1725 1787 1761 σφραγίζει,
1805 1725 1859 1760 τήν

1065 1772 1205 1800 τελείωσιν
1222 1772 1359 1807 ἐνεργῶνι
1386 1772 1434 1799 καὶ
1462 1772 1558 1807 ἁνιστᾷ
1576 1771 1627 1807 τῆς
1650 1772 1793 1808 τραπέζης
1809 1773 1859 1799 τὸν

1065 1818 1305 1854 χειροτονηθέντα.

1343 1875 1469 1902 ΚΕΦΑΛ.
1487 1874 1570 1902 POA'.

1067 1921 1133 1949 ’Ὅτι
1151 1921 1215 1957 τρίς
1232 1921 1268 1948 ἐν
1291 1920 1330 1954 τῇ
1350 1922 1519 1956 χειροτονίᾳ
1536 1922 1639 1956 τριττῇ
1667 1923 1811 1957 σφραγῖδι
1842 1925 1860 1951 ὁ

1144 1956 1286 1991 ίεράρχης
1298 1965 1330 1983 τε
1338 1957 1411 1983 laici
1423 1957 1476 1984 τὸν
1496 1956 1774 1992 χειροτονοῦμεν-ον.

1103 2002 1159 2028 Καὶ
1179 2001 1231 2036 ὅρα
1247 2001 1381 2028 πάντοθεν
1401 2002 1451 2037 τὴν
1477 2002 1581 2036 Τριάδα
1600 2005 1813 2039 κηρυσσομένην
1827 2013 1858 2032 τε

1067 2048 1115 2075 καὶ
1141 2046 1309 2083 ἐνεργοῦσαν
1337 2048 1366 2075 ὲν
1391 2048 1459 2082 ήμῖν
1484 2049 1531 2074 καὶ
1555 2048 1713 2076 τελειοῦσαν
1738 2050 1774 2076 τὰ
1798 2050 1858 2077 θεῖα

1067 2094 1228 2129 δωρήματα.
1255 2093 1367 2129 Πρῶτον
1401 2094 1450 2128 μὲν
1477 2094 1533 2128 γὰρ
1559 2094 1640 2126 εὐθὺς
1665 2095 1858 2130 προσαχθέντα

1069 2140 1217 2176 σφραγίζει
1239 2141 1300 2175 τρὶς
1321 2140 1390 2175 ὅπερ
1423 2140 1498 2167 ἐστὶν
1519 2141 1633 2176 ἀπαρχὴ
1648 2141 1698 2175 τῆς
1725 2141 1860 2176 καθιερώ-

226 2180 423 2210 ordinationis.
451 2181 555 2210 Deinde
581 2185 703 2212 secundo
718 2185 818 2213 iterum
838 2194 900 2214 eum
925 2187 1011 2222 signal

1068 2194 1138 2217 σεως
1152 2185 1200 2212 καὶ
1212 2185 1393 2220 χειροτονίας*
1411 2182 1471 2212 εἶτα
1491 2185 1619 2220 δεύτερον
1639 2185 1721 2213 πάλιν
1738 2187 1859 2222 σφραγί-

227 2230 271 2253 tcr
290 2232 353 2261 post
367 2227 571 2256 invocationem
585 2230 683 2259 divinae
703 2233 812 2267 gratiae,
826 2237 853 2261 et
872 2233 899 2260 in
914 2241 946 2261 eo
966 2241 1016 2269 per

227 2280 340 2300 trucem
355 2280 486 2309 operatur
514 2275 615 2304 donum
628 2279 722 2312 gratia:
734 2279 761 2305 in
776 2279 867 2307 medio
885 2280 1016 2315 mysterio

228 2326 280 2353 per
291 2318 420 2347 virtutem
435 2319 592 2354 Trinitatis,
608 2323 738 2351 omnibus
754 2331 816 2351 cum
827 2328 910 2351 cantu
922 2325 1017 2352 dicen-

227 2365 303 2393 tibus
315 2375 323 2392 ι
336 2365 417 2401 Kyrie
427 2366 540 2396 eleison.
548 2377 558 2394 ι
569 2367 663 2396 Tertio
674 2370 789 2404 denique
799 2375 861 2405 post
873 2371 1015 2399 orationes

227 2411 420 2444 pronuntiatus
431 2412 529 2440 iterum
545 2413 621 2441 illum
643 2419 684 2442 ter
698 2423 781 2442 cruce
796 2415 896 2450 signat,
914 2421 943 2442 ut
960 2417 1016 2451 jam

229 2464 279 2492 per
295 2456 416 2484 divinam
433 2459 560 2487 virtutem
577 2468 591 2487 a
615 2468 644 2488 se
660 2461 765 2496 integre
780 2466 972 2489 consecratum
989 2466 1017 2489 et

227 2505 412 2533 constitutum
435 2507 476 2534 vel
494 2507 654 2539 diaconum,
683 2508 725 2534 vel
753 2507 953 2543 presbyterum,
978 2509 1018 2536 \el

228 2552 403 2587 episcopum.
422 2554 450 2580 ln
465 2554 520 2581 illis
535 2554 607 2581 enim
639 2559 681 2581 ter
697 2554 825 2581 similiter
861 2554 886 2581 id
919 2555 960 2588 ﬁt,
989 2560 1018 2583 ut

232 2600 361 2628 laudetur
375 2607 402 2629 et
417 2602 573 2630 celebretur
590 2601 723 2634 Trinitas,
740 2607 823 2637 atque
834 2602 913 2638 signo
927 2604 1019 2631 crucis

229 2646 340 2680 operari
351 2647 526 2679 ostendatur,
542 2647 568 2674 in
589 2647 724 2681 principio
739 2648 843 2675 scilicet
862 2649 963 2683 operis,
992 2650 1018 2675 in

233 2692 334 2726 nte-lio,
352 2696 379 2720 et
396 2693 423 2719 in
447 2693 501 2719 line
519 2700 527 2718 :
546 2692 677 2727 quoniam
694 2700 724 2719 ea
747 2693 804 2719 sola
831 2701 914 2721 causa
938 2699 977 2721 cst
993 2699 1020 2721 ct

232 2739 330 2774 empti,
354 2744 382 2766 ct
409 2739 560 2774 profectus,
584 2744 612 2766 ct
633 2739 830 2772 cxsccutionis,
845 2749 904 2775 qme
937 2741 1018 2768 etiam

233 2784 357 2813 Trinitas
374 2785 447 2813 Deus
463 2789 515 2818 est,
526 2785 650 2812 omnium
669 2793 758 2812 rerum
772 2793 866 2813 causa.
886 2786 1020 2813 Pra-tcrca

237 2840 300 2860 cum
329 2833 384 2859 sint
417 2836 472 2859 tres
498 2832 613 2866 horum,
641 2836 670 2859 ut
692 2831 866 2867 angelorum,
899 2833 1018 2865 crdincs,

1068 2231 1109 2264 ζει
1137 2233 1199 2266 τρὶς
1224 2231 1294 2267 μετὰ
1319 2231 1369 2266 τὴν
1398 2231 1544 2266 ἐπίκλησιν
1566 2233 1616 2266 τῆς
1639 2231 1716 2264 θείας
1734 2234 1858 2268 χάριτος,

1068 2277 1188 2312 ἐνεργῶν
1206 2277 1235 2304 ὲν
1250 2276 1324 2311 αρτᾦ
1342 2277 1386 2303 διὰ
1409 2277 1457 2303 τοῦ
1483 2277 1604 2312 σταυροῦ
1630 2279 1703 2304 κατὰ
1724 2278 1755 2305 τὸ
1775 2280 1858 2313 μέσον

1067 2323 1117 2358 τῆς
1135 2323 1246 2358 τελετῆς
1274 2323 1303 2348 ὲν
1324 2324 1358 2358 τῇ
1384 2323 1481 2357 Τριάδι
1496 2323 1527 2349 τὺ
1541 2322 1668 2358 δώρημα,
1684 2323 1796 2350 πάντων
1816 2324 1858 2350 λε-

1067 2370 1171 2403 γόντων
1186 2368 1227 2400 τὸ,
1246 2377 1256 2393 ι
1277 2367 1373 2402 Κύριε,
1389 2367 1513 2402 ἐλέησον,
1533 2376 1542 2392 ι
1563 2367 1621 2402 μετ’
1638 2366 1721 2402 ᾠδῆς·
1738 2368 1787 2393 καὶ
1803 2368 1857 2402 τρί-

1067 2422 1113 2441 τον
1133 2414 1183 2449 ήδη
1208 2413 1277 2448 μετὰ
1293 2414 1342 2444 τὰς
1359 2413 1441 2448 εὐχὰς
1464 2414 1523 2447 τρὶς
1541 2413 1621 2440 πάλιν
1636 2412 1798 2447 σῳραγίζει,
1814 2414 1852 2444 ὡς

1068 2459 1215 2490 τελειώσας
1242 2459 1289 2484 καὶ
1318 2458 1548 2492 ἀποκαταστήσας
1565 2458 1627 2493 θείᾳ
1652 2458 1765 2493 δυνάμει
1796 2459 1856 2485 ὀλο-

1068 2506 1154 2537 τε).ὦς
1181 2505 1197 2540 ἢ
1214 2505 1412 2540 λειτουργὸν,ἢ
1436 2504 1635 2538 πρεσϐύτερον,
1653 2504 1668 2539 ἢ
1692 2505 1856 2532 ἐπίσκοπον.

1070 2553 1125 2579 Kal
1146 2552 1190 2579 ἐπ’
1207 2551 1322 2583 ἐκείνοις
1344 2551 1398 2586 γὰρ
1416 2551 1516 2585 ὁμοίως
1531 2551 1636 2584 γίνεται
1660 2551 1722 2585 τρὶς
1737 2551 1752 2585 ή
1771 2551 1856 2585 Τριὰς

1071 2601 1229 2634 ὑμνουμένη
1244 2599 1291 2626 καὶ
1308 2598 1458 2633 ὲνεργοῦσα
1479 2600 1512 2633 τῇ
1532 2598 1673 2632 σφραγῖδι,
1691 2598 1719 2624 ὲν
1740 2599 1812 2633 ἀρχῇ
1827 2607 1855 2624 τε

1070 2647 1117 2673 τοῦ
1134 2646 1225 2680 ἔργον,
1243 2646 1291 2672 καὶ
1304 2646 1337 2679 τῇ
1366 2645 1505 2679 μεσότητι,
1528 2645 1576 2670 καὶ
1593 2643 1631 2677 τῷ
1655 2644 1738 2669 τέλει·
1753 2644 1796 2670 δτι
1812 2645 1857 2670 καὶ

1072 2692 1118 2719 τεῦ
1136 2692 1270 2728 ἄρξασθαι
1292 2689 1372 2722 εἶναι,
1392 2690 1438 2716 καὶ
1456 2689 1503 2716 τοῦ
1529 2690 1698 2723 προκόπτειν
1712 2709 1718 2720 ,
1737 2689 1786 2716 καὶ
1812 2689 1857 2716 τοῦ

1073 2741 1112 2770 εἰς
1133 2739 1207 2769 τέλος
1232 2738 1330 2769 ἐλθεῖν,
1354 2736 1425 2770 αὕτη
1443 2736 1510 2771 μόνη
1530 2736 1604 2762 αἰτία
1614 2757 1621 2768 ,
1634 2736 1650 2770 ή
1662 2737 1710 2762 καὶ
1724 2736 1780 2762 τῶν
1793 2737 1857 2762 ὅλων

1073 2785 1147 2814 αἱνία
1163 2785 1176 2810 ὁ
1186 2785 1252 2815 Θεὸς
1268 2783 1380 2818 ήΤρεάς
1395 2784 1480 2809 ἐστιν.
1495 2782 1578 2808 Ἀλλὰ
1594 2781 1642 2809 καὶ
1655 2782 1692 2813 ὼς
1705 2782 1857 2816 ἀγγελικιῖνε

1074 2832 1186 2859 τουτωνὶ
1202 2831 1255 2858 τῶν
1265 2831 1348 2867 τριῶν
1365 2829 1451 2856 οὐσῶν
1464 2829 1722 2862 τάξεωνβιακόνου,
1741 2829 1856 2862 πρεσϐυ-
