1941 3040
211 117 265 149 383

213 180 319 203 tantum
345 182 391 203 sex
405 175 454 203 alae
465 174 630 210 signiﬁcant,
644 183 738 203 verum
754 175 836 202 etiam
861 173 990 202 Crucilixi
1007 175 1028 201 Δ

213 226 304 256 typum
320 227 426 256 gerunt.
443 222 499 249 Alm
514 221 587 248 enim
601 229 727 256 supernas
747 225 774 249 et
786 221 901 248 inferum
918 224 994 251 sunt.

211 267 294 294 veluti
312 267 412 302 lignum
427 268 518 295 crucis
534 271 654 296 erectum
668 276 675 301 ;
691 275 752 302 qua:
766 275 830 295 vero
853 275 886 293 ex
902 266 994 293 lateri-

211 313 263 340 bus
278 320 362 340 cornu
388 318 587 348 reprasentant
610 319 637 341 et
663 313 767 348 lignum
796 317 992 340 transversum.

211 357 274 384 ldeo
288 357 412 385 diaconis
430 362 459 385 ut
487 358 630 392 Scraphim
649 357 830 392 figurantihus
856 357 993 384 ﬂabellum

210 410 225 429 a
239 402 365 437 pontifice
384 403 513 430 traditur.
534 402 604 429 lllnd
633 406 724 429 autem
751 402 809 429 alas
835 401 994 435 angelorum

209 447 344 482 designat,
361 449 420 482 ipsa
434 456 544 483 quoque
558 448 705 475 Cherubim
722 451 749 475 et
761 447 919 482 Seraphim,
931 454 994 474 cum

208 497 237 521 et
259 494 403 528 Seraphim
417 494 554 521 ﬂabellum
567 494 703 528 depictum
718 493 846 525 habeant,
876 500 937 528 qua:
954 500 995 527 ty-

210 547 273 572 pum
311 544 411 573 gerunt
435 547 530 566 eorum
563 546 624 574 quae
647 539 673 565 in
703 539 762 574 lege
791 538 994 567 obumbrahant

208 592 312 616 arcam,
326 589 353 612 et
371 593 402 613 ea
423 593 484 624 quae
509 585 610 613 Sancta
631 589 790 612 sanctorum
818 585 992 613 dicebantur.

207 629 275 657 Nam
300 631 324 658 si
354 631 411 658 haec
427 635 491 658 tunc
518 631 635 658 erantin
653 631 762 662 umbra,
791 631 879 658 multo
907 631 993 665 magis

208 678 325 704 veritate
341 682 516 712 comparenle
533 678 622 705 locum
652 677 752 705 habere
782 678 892 705 debent.
924 677 994 704 Sunt

210 723 292 749 etiam
313 722 357 749 hic
375 731 441 750 vere
461 723 623 758 angelorum
640 723 841 756 multitudines,
868 727 896 750 et
917 723 994 750 tnulti

211 768 323 795 l‘atrum
355 772 513 796 nostrorum
533 776 580 796 eos
608 769 737 795 viderunt
763 773 790 796 et
816 768 993 803 contemplati

211 817 275 841 sunt
288 814 399 841 domum
414 814 564 848 replentes.
576 814 742 848 Angelornm
763 818 852 841 autem
869 814 992 841 ordinem

209 863 238 885 et
257 859 331 886 vices
345 860 495 893 sustinent,
509 860 555 893 qui
567 859 601 887 ad
612 867 721 887 sacrum
742 860 828 887 altare
844 860 990 894 pertinent.
1010 845 1030 874 Β

211 904 362 938 nojiciendi
376 909 465 932 tamen
483 913 537 932 non
553 910 619 932 sunt
635 913 726 933 rerum
756 905 910 933 divinarum
937 906 992 941 typi

208 955 237 977 et
251 950 394 985 imagines,
410 950 509 986 quippe
525 951 570 986 qui
601 958 652 979 nos
668 950 701 978 ad
726 954 870 987 prototypa
897 958 993 978 manu-

211 997 328 1026 ducunt.

473 1041 588 1070 CAPUT
602 1042 731 1071 CLXXV.

209 1098 280 1131 Quid
312 1099 441 1135 signiﬁcet
466 1101 536 1135 quod
561 1100 689 1127 diaconus
722 1101 859 1128 osculatur
885 1109 992 1128 narrem

243 1143 370 1168 mensam,
396 1143 555 1170 manumque
576 1140 600 1163 et
615 1144 709 1171 genam
732 1137 846 1171 episcopi
859 1141 883 1163 et
899 1136 992 1163 diaco-

250 1177 308 1198 7108.

244 1227 367 1255 Tradens
380 1228 464 1263 igitur
478 1228 623 1262 episcopus
639 1228 756 1255 diacono
768 1228 915 1261 ﬂabellum,
928 1236 991 1256 eum

205 1273 284 1307 jubet
310 1274 428 1308 primum
451 1274 570 1301 osculari
600 1281 705 1301 sacram
739 1281 873 1306 mensam,
899 1279 992 1309 utpotc

207 1319 254 1353 qui
272 1318 301 1345 in
321 1326 351 1346 ea
370 1318 483 1354 gratiam
511 1319 674 1354 susceperit,
687 1319 786 1347 deinde
808 1327 918 1346 manum
935 1320 993 1354 epi-

208 1366 356 1400 scopalem,
376 1365 449 1394 velut
468 1373 517 1400 per
533 1366 620 1400 ipsam
636 1365 806 1393 ordinatum.
825 1365 919 1393 Tertio
947 1372 992 1399 ge-

208 1419 270 1438 nam
300 1416 413 1446 propter
432 1412 608 1443 charitatem,
625 1417 654 1439 et
674 1413 702 1439 in
719 1411 820 1439 divinis
838 1411 990 1443 unionem;

206 1463 235 1484 et
250 1457 323 1491 quod
338 1457 465 1484 amabilis
486 1458 522 1484 sit
534 1457 560 1484 in
578 1457 687 1484 Christo
701 1457 747 1491 qui
766 1457 835 1484 bona
851 1464 898 1491 per
911 1457 992 1491 spiri-

207 1508 264 1530 tum
275 1503 427 1535 distribuit,
443 1508 470 1530 et
485 1503 603 1530 dilectus
629 1503 675 1537 qui
694 1503 811 1538 accepit.
839 1503 938 1530 Postea
963 1509 990 1531 et
1002 1512 1024 1542 ο

206 1549 338 1576 diaconos
346 1549 499 1580 osculatur,
517 1548 594 1583 prius
610 1548 832 1584 uniuscujusque
847 1549 987 1576 horarinm

206 1594 385 1628 deosculans;
401 1596 593 1623 demonstrans
609 1595 659 1622 hac
670 1595 789 1627 actione,
806 1599 832 1622 et
849 1596 930 1623 veluti
949 1596 989 1622 di-

206 1646 283 1671 cens,
297 1638 350 1666 Pcr
365 1639 418 1667 hoc
434 1639 537 1667 donum
554 1640 632 1668 vobis
645 1648 705 1668 sum
721 1641 826 1668 unitus.
839 1644 865 1666 et
876 1641 989 1673 aequalis

208 1685 308 1718 factus,
321 1690 348 1713 et
363 1694 447 1714 unum
471 1687 624 1720 vobiscum,
652 1687 829 1721 ejusdemque
848 1687 988 1714 vobiscum

206 1730 322 1758 ordinis.
339 1731 378 1758 llli
392 1738 456 1758 vero
471 1731 571 1759 invidia
596 1731 691 1766 procul
719 1731 745 1758 in
762 1731 898 1759 charilate
927 1739 989 1758 eum

207 1775 368 1810 res-alutam,
383 1784 497 1812 seseque
513 1778 703 1805 demonstrant
721 1777 789 1804 socii
802 1777 843 1804 sui
860 1781 885 1804 ct
899 1784 987 1811 :eqna-

207 1821 241 1848 lis
256 1825 393 1849 amatores
411 1822 445 1849 ab
470 1822 530 1858 ipso
556 1822 583 1849 in
604 1822 700 1857 spiritu
727 1822 822 1854 amati,
852 1826 879 1849 et
903 1822 990 1857 ipsius

208 1871 341 1896 amantes.
358 1867 492 1895 Diaconos
513 1868 595 1903 igitur
610 1868 650 1895 sic
677 1872 856 1895 consecratus
870 1871 898 1894 et
924 1875 990 1895 con-

207 1918 358 1940 summatus
375 1918 429 1941 stat
452 1913 485 1940 ad
504 1913 724 1946 ministrandum,
743 1913 877 1940 ﬂabellum
907 1921 988 1940 manu

207 1960 315 1990 tenens,
337 1958 424 1986 donec
449 1964 542 1986 sancta
564 1959 732 1987 extollantur
755 1964 782 1986 et
801 1959 990 1986 demonstren-

208 2007 261 2030 tur.
280 2003 357 2031 Tunc
384 2004 452 2031 illud
468 2004 583 2039 deponit
607 2004 684 2032 ﬁnito
703 2005 866 2035 ministerio,
883 2004 989 2032 accedit

206 2050 278 2076 enim
297 2050 499 2078 communionis
513 2054 630 2085 tempus.
647 2051 709 2078 [dco
726 2056 868 2085 postquam
880 2048 989 2085 episcs.

207 2103 257 2129 pus
282 2101 310 2122 et
333 2097 488 2132 presbyteri
521 2097 809 2129 communicaverunt,
838 2097 896 2131 ipse
925 2101 990 2124 ante

205 2141 329 2173 quemvis
341 2141 423 2167 alium
448 2141 592 2168 diaconum
608 2150 669 2169 cum
694 2143 738 2177 pio
757 2142 854 2170 timore
870 2142 988 2174 accedit,

207 2190 232 2212 τι
246 2185 368 2212 divinum
382 2193 490 2220 panem,
508 2187 630 2214 ntmoris
640 2192 682 2214 est
695 2187 830 2219 diaconis,
848 2195 930 2214 manu
955 2187 988 2215 ab
1005 2189 1026 2216 Ι)

205 2232 336 2266 episcopo
363 2231 472 2266 accipit,
487 2236 514 2259 ct
529 2233 623 2260 ealicis
640 2233 744 2267 aliquid
770 2233 849 2260 labiis
864 2233 989 2268 degustat

206 2281 269 2303 ante
291 2283 388 2304 omnes
417 2276 505 2310 alios;
537 2285 592 2311 pra;
617 2278 722 2304 cmteris
748 2278 868 2305 enimut
895 2285 989 2306 recens

206 2325 384 2349 consecratus
414 2321 564 2349 honoratur
589 2326 700 2356 propter
712 2322 813 2350 divina:
841 2323 935 2358 gratiae
960 2324 988 2350 in

206 2367 266 2402 ipso
282 2367 484 2395 innovationem
500 2372 527 2395 et
544 2368 790 2397 consecrationem.

453 2423 567 2452 CAPUT
595 2424 736 2452 CLXXVI.

208 2469 296 2502 Quare
311 2470 450 2501 diaconus,
468 2479 514 2497 nec
531 2479 582 2498 non
597 2472 730 2506 presbyter
743 2478 844 2506 septem
858 2472 913 2500 dies
926 2481 987 2500 cott-

364 2506 450 2531 tinuox
462 2514 538 2532 sacro
554 2506 636 2540 ofﬁcio
654 2507 831 2541 perfurit/itur.

243 2550 275 2577 Et
287 2554 390 2585 septem
405 2551 502 2578 diebus
515 2551 655 2579 continuis
671 2559 734 2579 cum
748 2555 890 2580 sacerdote
907 2553 989 2579 mini-

207 2601 286 2629 strat,
308 2602 364 2624 tum
393 2597 428 2624 ob
454 2597 612 2624 honoranda
633 2597 752 2631 Spiritus
768 2598 887 2632 gratuita
904 2599 987 2632 dona,

206 2648 263 2670 tum
282 2647 310 2670 ut
332 2643 422 2678 operis
445 2643 566 2670 habitum
590 2643 759 2677 contrahat,
780 2648 836 2670 tum
855 2644 936 2671 etiam
955 2651 989 2672 ne

207 2689 291 2716 divini
307 2690 398 2723 operis
410 2688 500 2722 aliqua
516 2689 561 2715 liat
579 2688 746 2722 interruptio
761 2689 866 2724 integra
880 2689 987 2716 dierum

207 2734 388 2766 hebdomade,
405 2741 463 2768 qua:
480 2737 630 2768 presentem
646 2737 766 2760 nostram
785 2734 866 2760 vitam
885 2734 989 2768 signiti-

206 2787 248 2808 rat
261 2780 477 2814 septimanarum
495 2787 569 2807 more
581 2780 898 2815 prmtereuntcm,inqua
919 2780 987 2808 inte—

207 2831 252 2857 κιο
269 2825 314 2852 Dei
329 2832 397 2858 opus
427 2824 613 2852 indesinenter
633 2823 722 2852 facere
749 2825 891 2853 debemus.
919 2825 984 2853 Nam

617 116 805 147 SYMEONIS
825 114 1203 145 THESSALONICENSIS
1237 115 1415 146 ARCHIEP.

1778 115 1843 147 384

1047 181 1056 198 ‹
1075 171 1181 206 Ἀγιος,
1195 172 1283 206 ἅγιος,
1302 172 1389 206 ἅγιος,
1408 181 1417 198 ι
1438 172 1581 200 ἐκόοῶσιν.
1602 172 1683 199 Ἀλλὰ
1710 174 1759 200 καὶ
1778 174 1835 200 τοῦ

1045 218 1251 252 σταυρωθέντος
1268 219 1296 245 ὲν
1310 218 1398 251 τούτῳ
1415 218 1506 253 ἔχουσι
1527 218 1614 246 τύπον
1628 219 1663 246 τὰ
1676 219 1838 254 ἰξαπτέρυ-

1044 271 1091 296 γα.
1115 263 1156 290 Τὰ
1182 263 1238 290 ἄνω
1265 263 1314 297 μὲν
1329 264 1383 298 γὰρ
1397 264 1444 290 καὶ
1471 264 1549 291 κάτω
1571 265 1660 298 πτερὰ
1686 265 1782 300 ὥσπερ
1798 266 1838 293 τὸ

1046 308 1132 343 ίκρίον
1157 309 1217 334 ἐστὶ
1237 308 1284 336 τοῦ
1311 309 1428 344 σταυροῦ
1441 317 1448 325 δ
1462 309 1496 336 τὰ
1512 310 1541 336 δὲ
1555 310 1586 336 ἐκ
1601 310 1728 344 πλαγίων
1742 313 1841 347 πτερὰ

1043 355 1074 382 τὸ
1096 355 1191 390 κέρας.
1217 356 1262 382 Διὸ
1288 357 1334 382 καὶ
1353 357 1410 387 τοῖς
1431 357 1567 388 διακόνοις
1591 357 1629 388 ὡς
1645 357 1681 383 τὰ
1704 358 1841 392 Σεραφὶμ.

1044 400 1208 433 ὲκτυποῦσι,
1225 401 1273 427 καὶ
1289 402 1408 436 ριπὶδιον
1436 402 1538 429 δίδοται
1565 402 1642 438 παρὰ
1661 403 1709 429 τοῦ
1738 404 1839 438 ἀρχιε-

1045 446 1116 481 ρέως
1129 454 1136 462 ·
1153 447 1219 474 αὐτὸ
1242 448 1269 474 δὲ
1285 448 1334 477 τὰς
1353 448 1492 482 πτέρυγας
1509 448 1584 483 δη)ιοῖ
1611 450 1666 476 τῶν
1687 450 1813 483 ἀγγέλων
1825 458 1838 464 -

1045 492 1091 518 καὶ
1115 492 1185 518 αὐτὰ
1207 493 1242 519 τὰ
1265 493 1408 528 Χερουϐὶμ
1430 502 1460 520 τε
1479 494 1527 520 καὶ
1551 494 1677 528 Σεραφὶμ
1699 494 1839 528 ἑξεικονι-

1045 536 1133 571 σμένα
1147 536 1216 572 ἔχει’
1235 538 1283 564 καὶ
1301 538 1413 564 ἐκείνων
1430 539 1543 573 φέρουσι
1570 539 1656 565 τύπον
1671 539 1727 565 τῶν
1744 540 1774 566 ἐν
1794 540 1836 574 τῷ

1044 582 1130 618 νόμῳ,
1145 583 1361 615 ὲπισκιαζόντων
1375 584 1424 618 τὴν
1438 583 1553 611 κιὸωτὸν
1575 585 1622 610 καὶ
1639 585 1673 611 τὰ
1693 585 1836 618 λεγόμενα

1045 629 1130 662 ’Δγια
1153 628 1207 654 τῶν
1231 628 1327 662 ἁγίων.
1348 629 1379 655 Et
1394 630 1448 664 γὰρ
1465 630 1526 656 τότε
1552 628 1586 666 ἦν
1603 631 1630 656 ὲν
1644 632 1677 665 τῇ
1699 632 1777 666 σκιᾷ,
1793 631 1837 656 δεῖ

1046 675 1146 708 μᾶλλον
1165 674 1285 702 ἐνταῦθα
1301 673 1382 707 εῐναι,
1399 675 1531 709 φανείσης
1546 676 1595 710 τῆς
1608 677 1752 710 ἀληθείας.
1769 677 1833 703 Εἰσὶ

1043 719 1072 746 δὶ
1087 720 1134 746 καὶ
1149 719 1257 754 ἀληθῶς
1272 720 1362 755 πλήθη
1389 717 1440 748 ὧδε
1468 721 1604 754 ἀγγέλων.
1627 722 1682 748 Καὶ
1708 722 1831 748 πλεῖστοι

1044 764 1157 796 τούτους
1180 765 1351 800 πληροῦντας
1365 766 1411 792 τὸν
1436 764 1511 792 οἷκον
1529 766 1584 792 τῶν
1602 767 1736 801 Πατέρων
1751 767 1832 801 ἡμῶν

1046 809 1212 836 ἐθεάσαντο·
1247 811 1294 837 καὶ
1316 811 1394 838 αὐτοὶ
1421 811 1449 837 δὲ
1476 812 1501 838 οἱ
1527 811 1574 838 τοῦ
1601 812 1675 847 ίεροῦ
1704 812 1830 847 βήματος

1044 855 1122 889 τάξιν
1136 857 1227 892 ἔχουσι
1241 857 1296 884 τῶν
1320 858 1445 892 ἀγγέλων
1457 867 1464 875 ·
1483 859 1557 894 ὅμως
1571 859 1598 886 δὲ
1613 860 1662 885 οὐκ
1678 859 1832 894 ἀπόὸλητοι

1043 902 1091 928 καὶ
1115 902 1140 928 οἱ
1164 903 1219 928 τῶν
1239 903 1319 930 θείων
1340 903 1432 937 τύποι,
1451 904 1489 936 ὡς
1506 904 1746 940 χειραγωγοῦντες
1760 904 1832 939 πρὸς

1042 948 1077 974 τὰ
1103 949 1279 982 πρωτότυπα.

1322 1030 1447 1068 suam.
1465 1041 1549 1069 POE'.

1046 1095 1076 1122 Τί
1102 1095 1135 1133 τὸ
1159 1096 1346 1133 ἁρπάζεσθαι
1360 1098 1412 1124 τὸν
1436 1098 1580 1126 διάκονον
1597 1099 1655 1133 τὴν
1669 1100 1831 1131 τράπεζαν.

1078 1130 1137 1170 τὴν
1156 1131 1252 1170 lenam
1265 1133 1314 1159 καὶ
1342 1133 1469 1167 παρειὰν
1494 1134 1548 1161 τοῦ
1572 1130 1732 1170 ἀρχιερέως
1746 1156 1754 1167 ,
1770 1130 1834 1163 Vrat

1078 1166 1148 1198 τοὺς
1164 1166 1335 1200 διακόνους.

1079 1221 1232 1255 Παρασχὼν
1245 1223 1335 1248 τοίνυν
1357 1223 1370 1248 ὁ
1386 1224 1517 1259 ίεράρχης
1534 1224 1573 1260 τῷ
1592 1224 1710 1260 διακόνῳ
1735 1233 1783 1253 και
1799 1227 1833 1254 τδ

1043 1266 1172 1300 ριπίδιον,
1189 1267 1296 1294 κελεύει
1323 1268 1416 1295 τοῦτον
1443 1270 1621 1297 ἀσπάσασθαι
1642 1272 1756 1306 πρῶτον
1778 1273 1831 1308 τὴν

1044 1311 1120 1346 ἱερὰν
1139 1313 1281 1345 τράπεζαν
1298 1314 1335 1345 ὡς
1351 1315 1379 1340 ὲν
1397 1314 1465 1350 αὖτῇ
1491 1315 1540 1350 τὴν
1561 1316 1642 1351 χάριν
1657 1317 1808 1351 δεξάμενον
1821 1328 1829 1334 ·

1043 1355 1105 1384 εἶτα
1121 1359 1168 1385 καὶ
1185 1358 1234 1393 τὴν
1254 1360 1451 1395 ἀρχιερατικὴν
1465 1362 1544 1396 χετρα
1557 1362 1595 1393 ὡς
1615 1363 1647 1390 δι’
1667 1363 1756 1398 αὐτῆς
1771 1373 1832 1398 χει-

1043 1405 1241 1440 ροτονηθέντα·
1258 1408 1306 1433 καὶ
1325 1407 1415 1441 τρίτον
1429 1407 1479 1442 τὴν
1497 1408 1616 1444 παρειὰν
1635 1409 1679 1436 διὰ
1693 1410 1743 1445 τὴν
1759 1411 1831 1444 ἀγά-

1042 1458 1097 1484 πην
1116 1451 1162 1477 καὶ
1180 1451 1278 1478 ἕνωσιν
1294 1449 1362 1486 πρὶς
1383 1452 1417 1478 τὰ
1436 1453 1505 1479 θεῖα·
1531 1455 1578 1480 καὶ
1601 1455 1642 1482 ὅτι
1668 1456 1786 1490 ὲραστδς
1800 1457 1831 1484 ὲν

1041 1496 1151 1531 Χριστῷ
1168 1498 1182 1523 ὀ
1202 1498 1236 1524 τὰ
1257 1499 1349 1531 ἀγαθὰ
1372 1499 1508 1534 πνεύματι
1532 1501 1631 1535 νέμων,
1649 1503 1696 1528 καὶ
1717 1504 1830 1538 ἀγαπη-

1039 1542 1084 1574 τὸς
1100 1544 1114 1568 ὁ
1129 1543 1227 1571 λαϐὼν.
1246 1542 1313 1572 Εἶτα
1347 1545 1394 1571 καὶ
1420 1546 1482 1577 τοὺς
1505 1547 1645 1579 διακόνους
1673 1549 1831 1582 ἀσπάζεται

1040 1588 1183 1623 πρότερον;
1201 1590 1230 1616 ἐν
1253 1590 1360 1625 ἑκάστῳ
1376 1591 1424 1617 καὶ
1437 1592 1468 1617 τὸ
1483 1591 1603 1626 ὼράριον
1622 1594 1830 1628 ἀσπαζόμενος,

1040 1634 1148 1666 δεικνὺς
1170 1635 1217 1661 καὶ
1242 1636 1324 1663 οἱονεὶ
1357 1636 1454 1670 λέγων,
1476 1638 1517 1664 ὅτι
1540 1639 1589 1665 Διὰ
1613 1639 1708 1666 τούτου
1724 1641 1756 1675 δὴ
1778 1641 1829 1668 τοῦ

1041 1679 1213 1714 χαρίσματος
1227 1681 1292 1715 ὑμῖν
1305 1681 1426 1716 ὴνώϐην,
1442 1683 1487 1710 καὶ
1502 1684 1640 1720 ὁμοταγὴς
1652 1685 1765 1719 γέγονα,
1782 1689 1829 1713 καὶ

1039 1725 1069 1751 ἓν
1094 1727 1152 1760 ειμι
1170 1727 1228 1761 μεθ’
1253 1727 1339 1761 ὑμῶν,
1364 1730 1410 1755 καὶ
1437 1730 1486 1763 τῆς
1509 1730 1594 1765 αὐτῆς
1618 1731 1683 1766 ὑμῖν
1707 1734 1826 1765 τάξεως.

1040 1771 1071 1797 Οἱ
1087 1771 1116 1798 δὲ
1138 1772 1236 1806 φθόνου
1255 1774 1338 1808 χωρὶς
1353 1775 1382 1800 ὲν
1401 1775 1496 1811 ἀγάπῃ
1520 1777 1742 1810 ἀντασπάζου-ται
1760 1779 1826 1808 τοῦ-

1039 1826 1095 1849 τον,
1114 1818 1160 1844 καὶ
1172 1820 1284 1853 ἐρασταὶ
1308 1820 1354 1846 τοῦ
1377 1821 1531 1856 ὁμοταγοῦς
1549 1824 1596 1849 καί¹
1621 1824 1761 1859 ἀγαπητοὶ
1777 1827 1828 1854 καὶ

1039 1864 1201 1898 ἀγαπῶντες
1222 1867 1251 1893 ἐν
1275 1866 1412 1902 πνεύματι
1425 1867 1591 1896 δείκνυνται.
1608 1870 1702 1902 Οὕτως
1717 1870 1766 1899 οὗν
1782 1882 1827 1899 τε·

1039 1911 1162 1943 tamen;
1187 1912 1201 1938 ὀ
1223 1912 1356 1946 διάκονος,
1375 1914 1443 1948 πρὸς
1459 1915 1489 1941 τὸ
1513 1915 1691 1950 ἐξυπηρετεῖν
1702 1918 1824 1951 ἵσταται,

1039 1957 1070 1984 τὸ
1086 1958 1204 1993 ριπίδιον
1233 1959 1356 1993 κατέχων
1369 1961 1400 1994 τῇ
1414 1961 1495 1996 χειρὶ,
1511 1962 1564 1992 ἕως
1580 1958 1610 1988 οὗ
1637 1963 1767 1997 ὑψωθώσι
1789 1967 1824 1992 τὰ

1040 2002 1115 2037 ἅγια.
1132 2004 1198 2030 Τότε
1215 2005 1242 2031 δὲ
1258 2005 1349 2040 τίθησι
1366 2006 1443 2032 τοῦτο
1456 2007 1505 2040 τῆς
1522 2006 1674 2042 ὑπηρεσίας
1688 2011 1825 2037 τελεσθεί-

1041 2058 1100 2084 σης·
1115 2051 1225 2085 ἔρχεται
1245 2051 1298 2086 γὰρ
1316 2052 1332 2085 ἡ
1348 2052 1486 2079 κοινωνία.
1505 2053 1550 2079 Διὸ
1568 2054 1614 2079 καὶ
1626 2053 1672 2080 τοῦ
1693 2054 1821 2090 ιεραρχου

1041 2096 1087 2122 καὶ
1099 2095 1153 2122 τῶν
1168 2096 1264 2131 ἱερέων
1281 2098 1483 2132 μετασχόντων,
1502 2099 1550 2125 καὶ
1572 2098 1649 2130 οὗτος
1665 2101 1724 2134 μετ’
1739 2102 1823 2127 εὐλα-

1041 2141 1117 2172 ϐείας
1134 2141 1291 2176 προσελθὼν
1322 2144 1373 2177 πρὸ
1398 2144 1498 2175 παντὸς
1519 2143 1599 2170 ἄλλοι)
1623 2145 1758 2178 διακόνου,
1778 2148 1824 2173 τὸν

1042 2187 1112 2213 Θεῖον
1129 2187 1210 2222 ἄρτον
1234 2187 1368 2222 λαμϐάνει
1384 2190 1459 2223 παρὰ
1485 2189 1533 2216 τοῦ
1547 2191 1674 2225 ἱεράρχου
1689 2193 1721 2225 τῇ
1738 2194 1823 2227 χειρὶ,

1040 2232 1077 2263 ὡς
1092 2232 1153 2264 ἔθος
1179 2235 1233 2265 τοῖς
1251 2235 1395 2266 διακόνοις.
1411 2235 1458 2262 καὶ
1475 2236 1522 2262 τοῦ
1541 2237 1671 2270 ποτηρίου
1697 2239 1753 2268 τοῖς
1767 2239 1825 2271 χείρ

1040 2277 1098 2303 λεσι
1128 2278 1182 2312 πρὸ
1206 2279 1259 2305 τῶν
1283 2279 1370 2305 ἄλλων
1388 2287 1395 2295 ·
1410 2279 1447 2311 ὡς
1473 2280 1536 2315 ἄρτι
1561 2281 1615 2315 γὰρ
1631 2281 1823 2316 καθιερωθεὶς,

1040 2324 1208 2357 προτιμᾶται
1225 2324 1270 2350 διὰ
1285 2324 1332 2351 τὸν
1349 2325 1378 2350 ἐν
1394 2324 1469 2360 αὐτῷ
1491 2326 1540 2360 τῆς
1553 2325 1628 2357 οείας
1645 2327 1824 2362 ἐγκαινισμὺν

1040 2368 1163 2402 χάριτος.

1254 2424 1331 2460 147
1361 2425 1487 2452 ΚΕΦΑΛ.
1515 2426 1606 2459 roq'.

1040 2471 1121 2506 Διί-ιτ(
1145 2470 1219 2497 ἑπτὰ
1231 2471 1342 2504 ἡμέρας
1358 2471 1556 2504 ἀδιαλείπτως
1573 2473 1590 2498 ό
1603 2473 1823 2506 χειροτονηθεὶς

1109 2505 1248 2537 διάκονος
1264 2506 1440 2540 λῃτουργεῖ,
1461 2507 1510 2532 καὶ
1538 2508 1750 2540 πρεσϐύτερος.

1075 2553 1131 2578 Καὶ
1153 2553 1199 2578 ἐπὶ
1217 2552 1325 2587 ἡμέρας
1341 2552 1369 2578 δὲ
1392 2552 1463 2579 ἑπτὰ
1481 2554 1602 2588 συνεχῶς
1618 2554 1668 2580 σὺν
1690 2555 1729 2589 τῷ
1756 2556 1825 2590 ἱερεῖ

1039 2598 1195 2633 λειτουργεῖ
1207 2598 1253 2624 καὶ
1264 2598 1308 2624 διὰ
1323 2598 1372 2633 τὴν
1387 2599 1478 2633 *τιμὴν
1493 2599 1546 2625 τῶν
1569 2601 1751 2634 χαρισμάτων
1774 2601 1822 2628 τοῦ

1042 2644 1212 2679 Πνεύματος,
1233 2645 1281 2671 καὶ
1294 2644 1331 2674 ὡς
1346 2644 1378 2670 ἂν
1403 2645 1444 2675 είς
1456 2644 1512 2676 ἕξιν
1524 2644 1588 2680 ἔλθῃ
1604 2645 1650 2671 τοῦ
1667 2645 1760 2680 ἔργου,
1776 2647 1823 2673 καὶ

1039 2690 1083 2716 ἵνα
1110 2690 1148 2725 μὴ
1165 2690 1281 2724 διακοπὴ
1313 2698 1356 2721 τις
1381 2690 1428 2716 τοῦ
1448 2690 1520 2717 θείου
1548 2690 1629 2726 ἔργου
1647 2691 1759 2725 γένηται
1789 2693 1821 2725 τῇ

1040 2736 1168 2769 ὲΰδομάδι
1191 2735 1246 2762 τῶν
1273 2735 1395 2770 ἡμερῶν,
1412 2736 1473 2770 ἣτις
1503 2736 1578 2770 δη).οῖ
1605 2737 1653 2772 τὴν
1680 2736 1822 2771 παροῦσαν

1039 2779 1228 2815 ἑϐδοματικῶς
1244 2780 1420 2814 διερχομένην
1433 2780 1511 2814 ἡμῶν
1520 2781 1604 2816 ζωὴν,
1623 2782 1651 2807 ἐν
1666 2778 1682 2818 ᾖ
1700 2781 1774 2816 πάσῃ
1791 2783 1822 2808 τὸ

1040 2826 1118 2859 ἔργον
1135 2826 1181 2852 τοῦ
1200 2825 1268 2852 Θεοῦ
1293 2826 1472 2858 ἀδιαλείπτως
1490 2828 1577 2853 ποιεῖν
1595 2827 1748 2861 ὀφείλομεν.
1773 2826 1819 2853 Ἐν
