1941 3040
213 71 265 103 ἓ8Ἱ

213 135 274 155 rum
286 127 430 156 exsoltatio
445 134 451 152 :
468 134 584 161 quorum
608 126 766 161 praedicatio
793 131 852 152 erat
881 125 1000 150 Trinitas
1013 127 1039 155 Α

213 172 453 211 consubstantialis
464 180 523 207 qua:
537 179 632 199 omnes
643 171 788 207 gloriticat.

250 263 296 290 Sic
310 263 378 290 facta
398 261 497 289 chorea
522 264 549 288 et
569 259 666 287 altaris
679 257 808 290 circuitu,
828 257 974 285 adducitur
987 264 1000 282 a

215 309 382 344 presbyteris
405 309 478 336 Velut
500 307 615 339 electus,
635 309 662 333 et
685 305 719 332 ad
743 304 865 332 divinum
884 309 953 336 opus
977 305 1002 327 rt

212 356 348 390 gratiam,
361 358 494 390 quantum
510 352 641 387 possibile
654 355 709 382 cst,
730 350 847 377 idoneus
867 351 1000 382 repertus.

215 403 367 437 Episcopus
379 405 469 428 autem
486 399 613 426 alacriter
631 397 729 431 surgit.
744 395 804 423 Non
820 394 893 421 enim
908 393 1003 420 tardus

215 454 257 478 est
272 450 346 477 circa
374 448 420 475 Dei
448 447 531 477 dona.
555 445 601 473 sed
633 447 800 479 pra-paratus
834 445 861 468 et
881 440 1004 474 gaudens

215 495 308 522 statim
323 493 415 527 signat
430 489 575 518 ordinandi
594 493 687 524 caput.
705 486 839 522 primitias
848 485 1000 511 ordinatio-

215 541 259 568 nis
294 548 341 575 per
368 538 464 573 triplex
498 537 588 563 crucis
622 533 793 568 signaculum
835 531 996 565 decerpens.

216 587 319 614 Deinde
327 583 497 612 ordinandus
511 581 605 608 ambos
619 579 703 614 pedes
712 578 797 605 ﬂectit
812 581 924 612 propter
942 582 999 602 ser-

216 633 376 664 vitutemret
393 629 424 656 ad
443 628 528 655 Deum
543 632 683 654 accessum
699 633 706 651 :
732 627 911 651 consecratur
930 621 1004 648 enim

216 679 250 707 ad
267 677 382 713 majora.
400 675 534 709 Quoniam
554 676 645 699 autem
660 670 738 705 prius
761 669 924 697 diaconatus
941 674 1005 702 gra-

217 727 282 753 tiam
299 722 431 757 suscepit,
448 725 475 747 ct
488 719 614 746 minister
629 721 782 748 erat,nunc
794 721 860 742 vero
874 713 1005 740 sacerdos

216 777 244 799 et
256 770 378 798 initiator
398 772 539 794 sacrorum
555 762 762 797 mysteriorum,
785 764 812 788 et
837 759 1004 789 orationum,

217 821 246 844 et
260 813 446 850 baptismatis,
462 815 490 839 et
521 809 648 837 sacriﬁcii
669 806 859 837 conSLituitur,
886 804 1003 832 frontem

219 860 298 888 altari
323 857 437 893 imponit
451 859 478 884 et
492 856 567 883 velut
581 853 674 888 attigit.
688 853 782 879 Altare
796 851 869 878 enim
885 854 928 878 est
942 857 1004 886 gra-

219 908 264 934 tia:
280 904 414 933 donorum
430 902 588 930 thesaurus.
609 899 764 935 Episcopus
781 903 870 925 autem
891 904 1003 924 manum

219 952 363 985 imponens
378 948 447 984 (ipsa
460 953 502 975 est
517 946 589 974 enim
601 943 832 973 communieativa
844 942 1004 970 donationis

219 995 306 1029 divini
335 992 492 1024 sacerdotii,
518 995 546 1019 et
572 991 694 1018 imitatur
718 988 944 1023 omnipotentem,
977 991 1006 1015 et

220 1041 313 1069 omnia
332 1043 502 1074 operantem,
531 1039 730 1071 protegentem,
747 1033 895 1068 omniaque
917 1032 1005 1067 inspi—

221 1086 340 1114 cientem
351 1088 378 1112 et
389 1083 576 1111 moderantem
590 1081 638 1110 Dei
652 1080 818 1115 dexteram),
832 1080 944 1107 invocat
962 1078 1005 1105 di-

221 1133 312 1160 vinam
328 1131 455 1168 gratiam,
467 1136 494 1158 et
507 1128 722 1158 consecrandum
734 1135 750 1156 e
762 1127 879 1155 diacono
891 1126 1006 1162 presby-

223 1186 309 1208 terum
325 1182 412 1212 creat,
433 1177 550 1214 gratiam
578 1176 698 1213 Spiritus
711 1175 863 1203 ordinando
879 1173 1006 1202 advenire

222 1227 384 1262 deprecans.
393 1225 525 1251 Omnibus
537 1222 694 1250 dicentibus
703 1226 757 1254 ter,
767 1220 864 1256 «Kyrie
875 1220 1004 1254 elcison,»

223 1272 282 1305 ipse
299 1270 445 1305 cpiscopus
463 1273 504 1296 ter
520 1269 611 1302 signat
628 1266 774 1294 ordinandi
792 1269 883 1300 caput,
900 1266 1006 1301 signum

224 1317 315 1345 crucis
331 1315 492 1350 imprimens
509 1313 686 1349 perfectionis
701 1312 884 1348 operativum.
908 1311 953 1339 Sic
968 1311 1007 1338 fa-

224 1367 267 1390 cta
279 1362 365 1397 prima
382 1368 462 1396 prece
474 1364 502 1388 et
526 1359 726 1387 exclamatione
755 1357 790 1385 ad
816 1357 914 1389 Deum,
945 1361 1008 1392 post

225 1409 380 1445 rogationes
394 1415 409 1435 a
425 1407 515 1443 primo
529 1407 690 1442 presbytero
706 1405 844 1436 recitatas,
862 1408 889 1430 et
908 1410 1008 1430 secun-

223 1455 285 1482 dam
303 1461 422 1489 precem,
433 1453 548 1488 ejusque
562 1451 791 1480 exclamationem
805 1449 887 1484 erigit
898 1449 1008 1476 ordina-

223 1471 285 1482 υ-ιιι
304 1471 422 1489 μιειιῠιιι,
433 1471 548 1488 erat“...
562 1471 791 1480 ..-υ...........,.......
807 1471 887 1484 -..οη
900 1471 994 1476 -._..._
1022 1471 1045 1503 ε

223 1505 283 1528 tum
302 1508 317 1527 e
334 1507 414 1528 sacra
432 1505 546 1531 mensa;
564 1498 601 1524 ita
615 1498 820 1527 demonstrans,
835 1499 864 1522 ut
879 1494 1008 1527 diximus,

224 1544 346 1574 divinum
370 1551 516 1572 ascensum
539 1543 599 1577 ejus
626 1542 660 1569 ab
677 1540 873 1569 humilioribus
888 1540 921 1568 ad
938 1540 1010 1567 divi-

225 1589 314 1622 niora,
328 1593 356 1616 et
380 1588 487 1621 altiora,
517 1587 714 1622 melioremque
743 1590 770 1613 et
791 1585 1010 1620 praestantiorem

225 1639 344 1664 statum:
358 1635 550 1661 demonstrans
564 1639 674 1668 quoque
688 1632 761 1666 quod
775 1630 856 1659 Jesus
869 1630 1012 1658 descendit

225 1688 241 1707 e
251 1679 340 1711 caelis,
351 1683 378 1706 et
394 1679 476 1706 homo
492 1678 580 1705 tactus
592 1677 733 1705 descendit
746 1685 795 1712 per
806 1683 1011 1710 crucemusquc

225 1726 260 1752 ad
275 1725 390 1757 inferos,
405 1729 431 1752 et
444 1724 597 1751 suscitatus
612 1727 640 1750 ct
665 1723 798 1750 exaltatus
813 1741 820 1755 ,
846 1729 896 1749 nos
919 1729 1009 1748 secum

228 1771 383 1803 suscitavit,
402 1773 429 1797 et
445 1772 582 1796 suscitans
597 1769 709 1795 exaltat.
724 1767 781 1794 Hoc
796 1768 879 1802 igitur
898 1767 924 1794 in
935 1766 1011 1794 omni

227 1817 385 1845 ndoratione
397 1819 423 1844 et
443 1814 628 1851 prostratione
642 1813 840 1849 signiﬁcaturus,
854 1820 916 1840 curn
931 1812 1010 1840 incli-

227 1872 325 1892 nanms
349 1871 400 1891 nos
416 1867 443 1890 et
458 1861 603 1896 erigimus,
616 1860 753 1888 Christum
775 1859 961 1890 descendisse,
985 1864 1012 1886 et

226 1918 257 1938 se
285 1909 444 1943 suscitasse,
470 1915 521 1936 nos
533 1913 644 1942 quoque
670 1905 763 1941 lapsos
794 1912 889 1933 secum
917 1904 1010 1932 susci-

227 1961 310 1984 13588.

492 2055 606 2084 CAPUT
616 2054 746 2083 CLXXX.

229 2104 319 2137 Quare
336 2102 471 2138 presbyter
493 2101 630 2127 hor-arium
649 2101 702 2138 u'tte
720 2098 817 2138 stolam
841 2102 924 2133 gestat
943 2097 1012 2124 velut

360 2137 392 2164 de
405 2135 473 2163 ὁοιίο
492 2141 552 2162 ante
569 2140 660 2170 pectus
676 2135 873 2169 dependentem.

263 2183 361 2211 Postea
379 2182 518 2209 ltorarium
531 2189 545 2207 a
561 2180 675 2208 sinistro
691 2180 806 2207 humero
821 2179 848 2206 in
871 2179 1012 2206 dexterum

229 2228 373 2260 transfert,
389 2227 462 2262 quod
479 2226 614 2261 posterius
629 2229 670 2253 est
680 2225 802 2252 anterius
815 2232 910 2259 agens,
922 2229 949 2250 et
962 2225 1014 2250 hoc

231 2275 311 2303 modo
329 2273 402 2301 velut
416 2273 467 2300 sub
483 2273 578 2308 jugum
592 2272 673 2299 mittit
688 2271 886 2298 ordinandum.
901 2270 1015 2304 Conspi-

205 2349 208 2354 ,
230 2327 293 2348 cere
301 2320 374 2347 enim
389 2319 469 2346 debet
491 2322 517 2344 et
530 2317 703 2345 considerare
718 2323 765 2351 per
778 2315 913 2351 symbola,
927 2321 1013 2349 quam

230 2366 368 2401 acceperit
392 2364 528 2400 gratiam;
560 2368 587 2391 et
615 2364 734 2398 primum
762 2361 836 2398 quod
861 2361 1014 2390 secundum

232 2419 316 2439 unum
332 2415 359 2438 et
374 2412 461 2438 solum
477 2410 641 2437 diaconatus
655 2416 724 2444 opus
750 2408 918 2436 contraxerit
942 2407 1016 2434 delii-

233 2462 290 2484 tutn
309 2465 315 2483 :
334 2464 407 2483 nunc
421 2463 487 2483 vero
512 2456 547 2482 ad
566 2455 694 2491 mysteria
709 2458 735 2482 et
750 2453 935 2482 sacerdotium
955 2452 1016 2478 uni-

237 2510 358 2536 rcrsum,
383 2501 454 2529 unde
471 2502 559 2536 majus
587 2502 625 2529 illi
654 2501 790 2536 impendet
805 2501 910 2536 jugum,
926 2500 963 2526 ita
987 2505 1016 2526 ut

237 2551 323 2577 totius
359 2549 449 2583 operis
474 2548 571 2576 debeat
595 2555 656 2576 esse
684 2547 809 2575 minister
834 2551 861 2574 et
895 2551 1014 2572 curator.

232 2595 295 2623 ldco
324 2595 444 2624 secundo
468 2596 597 2631 cingitur,
621 2594 696 2623 velut
725 2597 839 2621 vocatus
867 2592 900 2619 ad
928 2591 1016 2625 majus

233 2650 314 2678 opus.

483 2685 598 2714 CAPUT
622 2684 765 2712 CLXXXI.

459 2732 529 2765 Quid
553 2731 648 2766 penula
674 2731 788 2758 denotet.

270 2779 406 2806 l‘ltatnolio
429 2784 536 2813 quoque
562 2777 705 2804 induitur:
731 2776 802 2812 quod
826 2775 1014 2803 indumentum

626 67 816 99 SYMEONIS
831 65 1209 97 TllESSALONlCENSlS
1226 65 1406 96 ARClIlEP.

1025 2147 1051 2176 D

1783 62 1878 96 $88

1054 123 1217 156 τελευταῖον,
1233 123 1287 149 τῶν
1303 123 1460 150 ἀποστόλων
1476 123 1511 154 ὼ;
1531 123 1675 158 mximas,
1692 125 1740 150 καὶ
1753 125 1874 157 ἀθλη-

1051 170 1105 196 τῶν
1114 169 1283 203 ἁγαλλίαμα,
1296 165 1332 195 ὧν
1348 169 1375 195 τὺ
1388 169 1519 204 κήρυγμα
1530 167 1564 203 ἦν
1581 170 1597 203 ἡ
1609 169 1697 203 Τριὰς
1711 170 1728 203 ἡ
1741 169 1821 202 ὁμφσ
1828 168 1872 194 ὑι-

1053 223 1120 246 σιος,
1139 215 1220 250 15,8
1236 215 1297 250 ἥτις
1312 215 1361 242 καὶ
1375 214 1482 246 πάντας
1494 214 1612 247 δοξάζει.

1089 260 1142 286 Καὶ
1163 260 1236 286 οὕτω
1252 261 1302 295 τῆς
1331 260 1440 295 χορείας
1473 261 1672 295 γεγενημένης,
1701 260 1754 286 ὑπδ
1781 259 1869 287 τῶν

1053 305 1248 340 πρεσϐυτέρων
1277 306 1459 340 προσάγεται,
1480 305 1518 337 ὡς
1543 306 1677 339 ἐκλεγεὶς,
1703 306 1751 331 καὶ
1773 305 1876 339 πρὸς

1053 350 1083 376 τὺ
1101 350 1172 376 θεῖον
1195 351 1276 384 ἔργον
1300 351 1349 377 καὶ
1374 351 1422 385 τὴν
1448 351 1530 385 χάριν
1547 351 1638 381 ἱκανὸς
1663 350 1785 384 εὑρεθελς
1809 349 1875 381 ὡς

1053 398 1183 431 ἐγχωρεῖ.
1214 396 1245 422 ’0
1259 396 1405 432 ἀρχιερεὺς
1428 397 1457 423 δὲ
1479 397 1597 431 ἑτοίμως
1621 397 1787 423 ἀνίσταται·
1820 396 1873 422 οὗ

1054 444 1109 478 γὰρ
1120 443 1261 476 διαμέλλει
1279 443 1387 475 περὶτὰ
1400 443 1446 469 τοῦ
1461 443 1529 469 Θεοῦ
1542 443 1629 478 δῶρα,
1645 443 1706 470 ἀλλ’
1731 443 1871 477 ἕτοιμος

1055 489 1104 514 καὶ
1122 488 1225 522 χαίρων
1239 487 1309 514 ἐστί.
1332 488 1385 514 Καὶ
1402 487 1483 519 εὐθὺς
1510 488 1657 522 σφραγίζει
1683 488 1731 514 τοῦ
1754 495 1875 523 χειρο-

1056 535 1220 565 τονουμένου
1239 533 1289 569 τὴν
1305 533 1436 568 κεφαλὴν,
1456 534 1506 568 τὴν
1531 535 1660 569 ἀπαρχὴν
1685 534 1731 560 διὰ
1755 542 1871 568 σφρα-

1055 580 1129 614 γῖδος
1156 579 1277 615 τρισσῶς
1302 580 1351 614 τῆς
1376 579 1546 614 χειροτονίας
1575 579 1750 612 ποιούμενος.
1780 575 1871 605 Εἶτά

1055 626 1117 657 τοὺς
1130 616 1177 652 δύο
1202 625 1287 657 πόδας
1310 627 1323 652 ὸ
1352 626 1592 661 χειροτονούμενος
1619 626 1727 657 κλίνας.
1746 627 1791 656 διά
1821 634 1869 652 τι

1055 671 1105 705 τὴν
1115 670 1238 698 δουλείαν
1252 672 1299 698 καὶ
1311 671 1361 706 τὴν
1379 672 1574 706 προσαγωγὴν,
1596 672 1774 706 καθιεροῦται
1790 673 1866 706 γὰρ

1057 716 1126 751 πρὸς
1138 715 1173 742 τὰ
1186 715 1283 751 μείζω,
1296 718 1343 743 καὶ
1360 717 1401 742 ὅτι
1425 717 1475 752 τὴν
1492 717 1542 750 τῆς
1557 717 1698 748 διακονίας
1710 717 1868 752 πρότερον

1056 761 1148 787 λαϐὼν
1173 761 1256 796 χάριν
1276 762 1323 789 χαὶ
1351 761 1509 797 λειτουργὸς
1537 762 1586 795 ὢν,
1614 763 1661 788 νῦν
1687 765 1735 789 καὶ
1754 763 1868 797 ἱερεῦς

1057 807 1105 833 καὶ
1125 807 1255 841 τελεστὴς
1272 808 1328 834 τῶν
1345 808 1426 844 ἱερῶν
1451 808 1578 840 τελετῶν,
1594 809 1647 835 τῶν
1671 809 1865 843 προσευχῶν,

1059 853 1105 880 καὶ
1122 853 1169 879 τοῦ
1186 853 1385 888 βαπτίσματος,
1401 855 1448 881 καὶ
1459 854 1508 890 τῆς
1533 855 1690 890 ἱερουργίας
1711 855 1866 881 καθίστα-

1057 907 1113 931 ται,
1129 900 1158 925 τὸ
1171 898 1300 933 μέτωπον
1310 900 1482 934 προσερείδει
1493 900 1533 935 τῷ
1545 901 1753 936 θυσιαστηρίῳἶ
1766 900 1866 927 τοῦτο

1058 944 1113 978 γὰρ
1129 943 1183 974 τῶν
1201 943 1381 978 χαρισμάτων
1402 945 1415 970 ὀ
1431 943 1580 980 θησαυρός.
1606 945 1637 973 ’0
1662 947 1801 981 ίεράρχης
1822 947 1865 973 δὲ

1059 989 1108 1024 τὴν
1123 991 1201 1024 χεῖρα
1219 990 1336 1022 ἐπιθεὶς,
1354 989 1426 1024 αὕτη
1441 991 1495 1025 γὰρ
1520 992 1537 1026 ἡ
1557 992 1608 1026 τῆς
1636 992 1742 1027 δωρεᾶς
1760 1001 1864 1027 μετει-

1058 1035 1153 1071 δοτικὴ
1168 1036 1217 1071 τῆς
1230 1036 1306 1068 θείας
1321 1036 1483 1072 ιερωσύντις,
1497 1038 1513 1072 ή
1535 1038 1584 1064 καὶ
1606 1039 1653 1064 τὸν
1672 1039 1861 1074 παντουργὸν

1058 1088 1088 1108 τε
1102 1081 1150 1107 καὶ
1162 1081 1370 1117 παντοδύναμον
1383 1082 1575 1118 ἑκμιμουμένη
1592 1084 1639 1110 καὶ
1651 1085 1860 1119 σκιπαστικὴν

1059 1127 1107 1154 καὶ
1122 1128 1347 1154 παντεπίσκοπον
1377 1129 1480 1162 δεξιὰν,
1505 1129 1678 1158 ἐπικαλεῖται
1697 1131 1748 1166 τὴν
1769 1131 1859 1158 θείαν

1059 1172 1150 1208 χάριν,
1165 1173 1213 1199 καὶ
1231 1173 1285 1200 ἀπὸ
1309 1174 1436 1203 διακόνου
1461 1175 1648 1210 πρεσϐύτερον
1663 1176 1783 1211 nam;
1803 1177 1861 1203 τὸν

1058 1219 1221 1253 τελούμενον
1234 1228 1241 1236 ·
1259 1220 1306 1247 καὶ
1319 1220 1369 1255 τὴν
1386 1220 1468 1256 χάριν
1488 1221 1613 1248 ἐπελθεῖν
1626 1217 1665 1256 τῷ
1677 1230 1859 1257 χειροτονου-

1061 1265 1136 1300 μένῳ
1148 1265 1194 1291 τοῦ
1209 1265 1371 1301 Πνεύματος
1396 1267 1594 1302 ἐπευξάμενος,
1618 1269 1727 1295 πάντων
1754 1269 1860 1302 λεγόν-

1064 1318 1119 1337 των
1135 1311 1176 1343 τὸ,
1194 1320 1203 1337 t
1223 1312 1322 1348 Κύριε,
1335 1313 1458 1348 ἐλέησον,
1478 1323 1487 1340 ι
1505 1314 1576 1349 τρὶς,
1589 1315 1668 1346 αὐτὸς
1684 1315 1698 1341 ὁ
1715 1315 1859 1351 ίεράρχης

1062 1356 1207 1391 σφραγίζει
1218 1360 1279 1392 τρὶς
1293 1359 1343 1394 τὴν
1358 1358 1404 1385 τοῦ
1420 1359 1643 1394 χειροτονομένου
1661 1361 1785 1396 κεφαλὴν
1798 1362 1855 1396 τὴν

1060 1403 1225 1430 τελειοποιὺν
1239 1405 1360 1445 ἐνεργῶν
1384 1405 1534 1440 σφραγῖδα.
1553 1406 1608 1432 Καὶ
1618 1405 1690 1433 οὕτω
1706 1406 1756 1441 τὴν
1772 1409 1856 1442 πρώ-

1062 1457 1112 1483 την
1130 1449 1212 1484 εὐχὴν
1228 1450 1428 1485 ποιησάμενος,
1455 1452 1503 1477 καὶ
1523 1451 1686 1485 ἐκφωνήσεις
1713 1451 1783 1486 μετὰ
1799 1453 1857 1484 τὰς

1063 1494 1184 1528 αἰτήσεις
1200 1494 1253 1521 ὑπὸ
1277 1496 1463 1530 πρεσὸυτέρου
1487 1496 1536 1522 τοῦ
1561 1496 1671 1531 πρώτου
1696 1497 1855 1532 γενομένας

1062 1541 1110 1567 καὶ
1130 1541 1179 1576 τὴν
1193 1541 1323 1576 δευτέραν
1336 1542 1418 1577 εὐχὴν
1431 1542 1478 1568 καὶ
1502 1541 1670 1577 ἑκφὼνησιν,
1686 1543 1786 1578 ἀνιστᾴ
1802 1544 1856 1570 τὸν

1061 1586 1285 1621 χειροτονηθέντα
1309 1588 1341 1613 ἐκ
1370 1589 1420 1622 τῆς
1440 1587 1516 1622 ἱερᾶς
1545 1587 1709 1623 τραπέζης·
1738 1589 1855 1620 δεικνὺς

1062 1632 1143 1659 αὺτοῦ
1157 1633 1205 1667 τὴν
1216 1632 1270 1658 ἀπὸ
1280 1632 1335 1659 τῶν
1344 1633 1543 1667 ταπεινοτέρων
1558 1634 1604 1660 ἐπὶ
1617 1635 1651 1660 τὰ
1665 1633 1791 1668 OEL/nep:
1801 1635 1854 1661 καὶ

1062 1678 1218 1713 ὑψηλότερα
1232 1677 1309 1705 θείαν
1320 1679 1465 1711 ἀνάϐασιν,
1484 1680 1523 1712 ὡς
1540 1680 1705 1715 εἰρήκαμεν,
1722 1681 1771 1707 καὶ
1796 1681 1853 1714 τὴν

1062 1724 1131 1757 πρὸς
1145 1724 1179 1750 τὰ
1191 1724 1309 1758 κρείττω
1327 1726 1423 1752 στάσιν
1437 1733 1444 1741 ’
1457 1727 1505 1753 καὶ
1519 1727 1560 1752 ὅτι
1570 1727 1583 1752 ό
1597 1725 1735 1753 κατελθὼν
1749 1727 1782 1753 ἐκ
1793 1728 1853 1754 τῶν

1061 1771 1184 1805 οὐρανῶν
1198 1772 1247 1799 καὶ
1260 1772 1478 1807 ἐνανθρωπήσας
1501 1773 1606 1807 Ἰησοῦς
1623 1773 1688 1808 ἄχρι
1703 1774 1752 1800 τοῦ
1783 1774 1850 1809 ᾅδου

1061 1815 1105 1842 διὰ
1127 1816 1246 1852 σταυροῦ
1262 1818 1392 1852 κατῆλθε,
1417 1819 1466 1845 καὶ
1483 1819 1605 1851 ἀναστὰς
1631 1821 1679 1846 καὶ
1692 1820 1852 1854 ἀνυψωθεὶς

1062 1863 1136 1897 ἡμᾶς
1151 1864 1343 1898 συνανέστησε,
1369 1864 1416 1890 καὶ
1443 1864 1561 1891 ἀνιοτῶν
1585 1865 1684 1900 ἁνυψοῖ
1701 1865 1850 1900 διηνεκῶς.

1064 1908 1151 1935 Τοῦτο
1165 1908 1211 1935 οὖν
1224 1910 1273 1937 καὶ
1283 1910 1328 1935 ἐπὶ
1341 1910 1416 1946 πάσῃ
1431 1911 1618 1946 προσκυνήσει
1631 1910 1778 1945 δηλοῦμεν,
1792 1911 1852 1938 χλί-

1063 1954 1157 1986 νοντές
1173 1961 1204 1980 τε
1226 1954 1273 1981 καὶ
1288 1955 1476 1990 ἀνιστάμενοι,
1489 1956 1530 1982 ὅτι
1545 1955 1663 1989 κατῆλθε
1679 1956 1727 1983 καὶ
1747 1956 1852 1992 ἀνῇλῦιι

1064 1999 1194 2035 Χριστὸς,
1211 2000 1258 2026 καὶ
1274 2001 1349 2036 ἡμᾶς
1361 1999 1495 2032 πεσόντας
1502 2002 1660 2037 ἀνήγειρεν.

1347 2056 1474 2084 ΚΕΦᾹΛ.
1497 2058 1563 2085 ΡΠ’.

1064 2101 1147 2140 Amet
1161 2101 1194 2128 τὸ
1210 2101 1338 2140 ὠι-ἀριογ
1347 2103 1396 2129 ἐπὶ
1409 2103 1464 2130 τὸν
1483 2103 1638 2140 τράχηλον
1656 2105 1763 2137 αὐτοῦ,
1778 2106 1798 2140 ἢ
1816 2107 1852 2134 τὸ

1133 2137 1351 2171 ἐπιτραχήλιον
1365 2139 1381 2164 ό
1397 2137 1601 2173 πρεσϐύτὲρος
1622 2141 1777 2174 λαμϐάνει.

1100 2179 1169 2208 Εἶτα
1180 2182 1228 2208 καὶ
1243 2182 1273 2208 τὸ
1287 2181 1408 2218 ὡράριον
1423 2183 1479 2209 ἀπὸ
1492 2183 1538 2210 τοῦ
1556 2185 1703 2220 ἀριστεροῦ
1714 2185 1792 2221 ὤμου
1803 2187 1851 2214 ἐπὶ

1063 2226 1110 2252 τὸν
1128 2226 1216 2259 δεξιὸν
1230 2227 1392 2262 μεταφέρει,
1406 2228 1437 2254 τὸ
1453 2228 1567 2255 ὄπισθεν
1590 2230 1666 2263 ἄγων
1679 2231 1848 2266 ἔμπροσθεν,

1065 2273 1112 2300 καὶ
1131 2273 1169 2304 ὡς
1187 2273 1239 2299 ὑπὸ
1257 2273 1339 2307 ζυγὸν
1354 2274 1399 2300 τὸν
1423 2275 1664 2310 χειροτονούμενον
1681 2277 1779 2306 ποιῶν.
1795 2279 1850 2305 Καὶ

1065 2318 1119 2352 γὰρ
1129 2319 1195 2354 ὀρᾷν
1207 2319 1309 2353 ὀφείλει
1321 2320 1369 2347 καὶ
1381 2319 1425 2347 διὰ
1435 2321 1490 2347 τῶν
1505 2321 1658 2356 συμὸόλων,
1668 2323 1758 2358 ἥνπερ
1769 2323 1850 2350 ἔλασε

1065 2364 1144 2400 χάριν
1157 2372 1163 2378 '
1181 2365 1229 2392 καὶ
1247 2365 1290 2392 δτι
1316 2367 1426 2401 πρῶτον
1447 2367 1498 2401 μὲν
1513 2368 1575 2394 καθ’
1592 2367 1622 2395 ἓν
1639 2369 1686 2395 καὶ
1703 2369 1785 2404 μόνον
1802 2370 1850 2403 τῆς

1064 2410 1203 2442 διακονίας
1220 2411 1301 2446 ἔργον
1327 2412 1434 2447 ὑπῆρχε
1454 2413 1624 2448 κεκτημένος
1648 2415 1698 2448 τὴν
1722 2414 1850 2450 ὀφειλὴν,

1066 2455 1114 2482 νῦν
1127 2456 1156 2482 δὲ
1173 2456 1241 2490 πρὸς
1255 2457 1305 2488 τὰς
1320 2457 1430 2488 τελετὰς
1456 2460 1504 2484 καὶ
1520 2458 1568 2492 τὴν
1587 2458 1739 2493 ἱερωσύνην
1764 2459 1830 2493 ὃλην
1841 2466 1848 2473 ⁸

1066 2501 1114 2527 καὶ
1128 2501 1228 2537 μείζων
1246 2501 1320 2537 αὐτῷ
1335 2502 1349 2528 ὁ
1361 2502 1443 2537 ζυγὸς
1454 2505 1502 2530 καὶ
1516 2504 1578 2530 ὅλον
1591 2505 1637 2530 τοῦ
1649 2504 1733 2539 ἔργου
1748 2504 1849 2538 ὀφείλει

1067 2545 1137 2573 εἶναι
1154 2547 1294 2583 ὑπηρέτης
1309 2548 1356 2575 καὶ
1371 2550 1548 2586 φροντιστής.
1566 2550 1612 2576 Διὸ
1623 2551 1671 2576 καὶ
1681 2551 1712 2576 ὲκ
1722 2549 1848 2585 δευτέρου

1067 2591 1210 2625 ζώννυται,
1228 2592 1266 2625 ὡς
1283 2593 1352 2629 πρὸς
1375 2595 1467 2629 μεῖζον
1486 2595 1597 2630 κληθεὶς
1613 2595 1706 2630 ἔργον.

1352 2687 1480 2714 ΚΕΦΑΛ.
1496 2685 1584 2714 Pl'l.\'.

1249 2734 1279 2760 Τί
1291 2734 1432 2768 σημαίνει
1448 2734 1480 2760 τὸ
1495 2734 1664 2768 φαινόλιον.

1106 2777 1159 2804 Καὶ
1175 2779 1314 2813 φαινόλιον
1332 2779 1522 2813 περιϐάλλεται
1540 2787 1547 2795 ·
1575 2780 1643 2808 ὅπερ
1671 2778 1773 2812 ἔνδυμα
1790 2778 1850 2806 λευ·
