1941 3040
46 93 107 126 389

607 93 654 123 DE
674 92 766 122 SACR
773 93 809 122 IS
830 91 879 121 0Ιῖ
887 93 907 121 D
914 92 921 120 l
929 91 1003 121 NAT
1010 92 1179 126 [ONlBUS.

1648 97 1702 128 390

50 153 103 179 κόν
122 153 194 177 ἐστι
210 150 275 185 δίχα
293 150 440 184 μανικίων,
452 149 512 176 ὅλον
525 150 702 185 περιστέλλον
714 150 745 176 ea
762 150 842 185 σῶμα
852 157 860 166 ⁸

917 154 955 177 est
970 150 1062 178 album
1090 151 1149 179 sine
1164 152 1279 180 manicis
1295 157 1380 180 totum
1395 154 1572 180 circumdans
1586 160 1610 181 ct
1636 163 1698 189 ope—

52 196 163 224 λευκῦν
196 195 260 230 μὲν,
274 195 324 221 ,διὰ
346 196 395 229 τὴν
415 195 591 230 καθαρότητα
617 196 667 221 καὶ
697 195 864 228 ἁγιωσύνην,

918 195 993 223 riens
1019 203 1129 231 corpus.
1158 197 1257 224 Album
1286 203 1326 224 cst
1351 204 1462 233 propter
1493 199 1649 233 puritatem,
1676 206 1702 226 tl

54 243 108 270 καὶ
131 243 191 278 τὴν
211 242 262 275 τῆς
279 242 356 272 θείας
367 240 447 276 δόξης
467 241 626 276 περιϐολὴν,
643 242 682 268 ὃτι
695 242 708 267 ὸ
728 241 795 273 Θεὸς
808 241 864 276 φῶς

917 241 1101 274 sanctitatem,
1114 247 1140 270 et
1155 242 1252 269 divina:
1267 244 1359 278 gloria:
1377 244 1505 271 amictum
1520 253 1527 277 ;
1546 244 1617 272 Deus
1627 245 1700 271 enim

54 291 133 319 ἐστι,
165 289 221 314 καὶ
248 288 470 321 ἀναϐαλλόμενος
489 288 547 322 φῶς
576 289 614 319 ὡς
637 288 758 322 ἱμάτιον,
774 288 821 314 καὶ
840 287 865 313 οι

54 335 184 369 ἄγγελοι
214 334 318 369 λευκὴν
346 334 447 369 ἐσθῆτα
476 333 709 369 περιῦεϐλημένοι
735 334 864 364 πολλάκις

55 382 224 416 ὤφθησαν*
240 382 291 408 οὐκ
304 382 364 416 ἕχον
379 382 407 408 δὲ
426 381 539 416 μανίκια
556 381 601 408 διὰ
617 382 648 407 re
664 381 802 408 ὲκτυποῦν
818 381 865 407 τὸν

58 428 186 459 σάκκον,
207 427 238 454 ὄν
251 428 266 452 ὁ
279 428 376 462 Σωτὴρ
393 427 596 462 ἒμπσιζόμενος
608 427 765 453 ἐνεδύσατο·
786 435 865 461 περι-

58 474 191 500 στέλλων
209 473 237 499 δὲ
257 474 319 500 ὅλον
332 473 362 500 τὺ
379 473 459 507 σῶμα
474 473 538 508 ἄχρι
554 473 601 499 καὶ
625 473 679 500 τῶν
703 473 792 499 ποδῶν
809 472 863 499 ἀπὸ

56 519 194 553 κεφαλῆς
212 519 257 545 διὰ
271 519 321 554 τὴν
336 519 440 546 ἄνωθεν
456 520 521 554 περὶ
539 520 612 554 ἡμᾶς
625 520 765 554 πρόνοιαν,
776 519 863 546 καὶτὸ

57 565 234 591 συνεκτικὸν
245 564 295 591 τοῦ
306 564 376 590 Θεοῦ
389 565 437 591 καὶ
452 565 629 599 φυλακτικόν.
645 565 757 600 Αίρεται
768 566 795 592 δὲ
812 565 864 593 ὑπὸ

57 609 116 636 τῶν
132 609 245 644 χειρῶν
261 611 295 636 ἐκ
307 610 422 644 πλαγίου
436 611 464 636 ὲν
480 610 519 642 τῷ
535 611 624 646 καιρῷ
638 611 692 638 τῶν
719 612 801 646 ἱερῶν
817 612 863 648 ἔρ-

58 664 132 688 γων,
150 653 214 681 οἷον
229 656 266 687 ὡς
285 656 373 690 πτερὰ
385 656 529 689 γινόμενον
546 657 590 683 διὰ
603 658 633 683 τὸ
653 658 800 692 ἀγγελικδν
814 659 863 692 τῆς

59 699 167 730 ἀξίας·
184 700 236 726 καὶ
256 700 298 726 ὅτι
323 701 352 727 al.
375 702 465 734 χεῖρες
490 701 524 727 δι’
549 701 632 727 αὑτοῦ
652 702 816 737 φαινόμεναι
833 703 862 729 τὸ

59 745 227 778 πρακτικὸν
242 745 408 780 ἐμφαίνουσι
435 746 482 772 καὶ
496 746 609 781 ἐνεργὸν
624 747 671 773 τοῦ
685 748 765 780 Θεοῦ,
780 749 809 774 ὲν
822 746 863 780 οἷς

59 792 75 818 ὸ
92 792 197 826 ἱερεὺς
216 792 334 826 ἐνεργεῖ.
350 792 463 827 Πρῶτον
484 792 534 826 μὲν
548 792 595 819 οὖν
617 793 780 829 ἀναγορεύει
801 794 863 821 τοῦ-

917 286 1035 313 amictus
1048 291 1089 314 est
1107 287 1207 315 lumine
1219 294 1246 314 ut
1264 289 1436 322 vestimento,
1451 294 1474 316 et
1490 289 1578 323 angeli
1595 293 1697 316 vestem

916 331 1005 358 albam
1020 333 1112 360 amicti
1128 334 1228 368 saepius
1243 339 1436 368 apparuerunt.
1464 334 1578 362 Manicis
1607 340 1698 361 autem

915 381 1003 410 caret,
1033 383 1062 405 ιιι
1097 384 1308 413 repraesentetur
1336 389 1435 408 saccus
1461 389 1541 416 quem
1574 380 1700 408 Salvator

916 424 999 457 pedes
1015 424 1066 451 iter
1080 425 1182 453 faciens
1194 426 1335 453 induebat.
1352 427 1479 462 Coeperit
1504 432 1594 454 autem
1610 431 1696 454 totum

914 475 1014 500 corpus
1027 477 1041 496 a
1059 471 1148 505 capite
1163 472 1196 498 ad
1214 473 1295 506 pedes
1312 480 1400 507 usque
1427 478 1538 507 propter
1551 480 1695 507 supernam

915 521 978 549 erga
992 522 1042 542 nos
1065 516 1275 550 providentiam,
1291 522 1319 545 et
1341 518 1399 545 Dei.
1417 519 1545 546 virtutem
1571 526 1625 553 qua
1649 527 1698 546 nos

915 561 1035 588 continet
1045 565 1072 588 et
1085 567 1239 590 conservat.
1256 564 1381 591 Manibus
1395 572 1460 592 vero
1479 565 1614 592 attollitur
1630 572 1643 591 a
1659 565 1698 591 la-

916 608 971 632 tere
996 605 1059 632 dum
1080 613 1158 633 sacra
1178 607 1247 634 fiunt
1264 616 1364 643 opera;
1383 617 1437 644 quo
1463 610 1515 637 alis
1533 611 1579 637 iiat
1608 611 1699 638 consi-

915 650 978 677 mile
989 655 1099 686 propter
1109 652 1315 688 signiﬁcandam
1327 655 1474 689 angelicam
1487 663 1567 690 quam
1582 656 1697 690 adeptus

914 701 956 723 est
969 695 1148 731 dignitatem;
1176 701 1259 733 atque
1293 700 1375 726 etiam
1392 707 1425 727 eo
1439 700 1512 735 quod
1537 701 1590 728 ista
1606 701 1697 727 eleva—

915 742 989 769 tione
1006 750 1102 771 manus
1127 744 1213 778 ipsius
1240 751 1402 779 apparentes
1421 747 1590 781 operationis
1608 748 1696 774 virtu-

918 792 970 815 tem
987 788 1137 821 declarant,
1160 794 1187 817 et
1202 789 1335 818 internam
1353 792 1400 819 Dei
1427 793 1645 827 cooperationem
1671 794 1698 820 in

60 837 138 863 τονό
155 837 295 872 ίεράρχης
312 837 342 862 ἐν
352 837 392 871 τῷ
415 837 446 864 τὸ
469 837 589 872 ὼράριον
614 826 763 872 λαμϐάνειν
783 839 862 875 149

917 833 948 860 iis
959 841 1020 868 quae
1035 834 1163 862 sacerdos
1179 839 1319 870 operatur.
1350 837 1470 865 Primum
1480 826 1569 873 igitur
1591 840 1700 874 cpisco-

62 883 96 908 ἐκ
111 882 166 908 τοῦ
180 882 331 917 ἀριστεροῦ
355 881 433 916 ὤμου
448 883 572 914 ὄπισθεν,
592 883 641 909 καὶ
669 884 710 915 είς
730 885 760 910 τὸ
776 885 863 916 δεξιὸν

63 929 226 960 ἐπιθεῖναι,
249 929 304 954 τῶν
331 929 378 955 δύο
394 929 487 964 μερῶν
510 929 668 963 γενομένων
683 929 839 965 ἔμπροσθεν
855 939 862 945 ·

64 974 139 1009 ὅπερ
152 974 218 1000 τότε
232 975 305 1000 ἐστὶν
319 975 511 1009 ἑπιτραχήλιον
523 975 721 1010 ἐκτελούμενον
731 977 779 1002 καὶ
793 976 864 1002 οὕτω

66 1020 244 1055 καλούμενον
259 1028 266 1036 ·
283 1021 359 1055 δηλοῖ
376 1020 404 1047 δὲ
431 1021 481 1055 τὴν
509 1021 615 1048 ἄνωθεν
637 1021 787 1048 κατιοῦσαν
808 1022 863 1049 ἀπὸ

67 1066 200 1100 κεφαλῆς
227 1066 320 1101 χάριν.
343 1066 381 1097 ὡς
409 1066 494 1102 μύρον
519 1067 566 1093 ἐπὶ
590 1066 726 1101 κεφαλῆς,
749 1067 834 1102 φησὶν
850 1068 864 1094 ὁ

67 1111 167 1143 Δαθιδ,
183 1112 215 1138 τὺ
236 1112 401 1139 καταϐαῖνον
419 1113 466 1139 ἐπὶ
479 1112 530 1148 τὴν
545 1112 603 1140 ὥαν
624 1113 672 1140 τοῦ
700 1113 863 1149 ἐνδύματος,

69 1158 118 1183 καὶ
135 1157 185 1183 τὴν
200 1157 321 1192 χρηστὸν
336 1157 419 1191 ζυγὸν
431 1157 481 1193 τῆς
496 1157 647 1193 ἱερωσύνης
661 1159 710 1186 τοῦ
725 1159 860 1194 Χριστοῦ,

69 1203 120 1229 καὶ
138 1202 179 1234 ὥς
211 1203 280 1236 φασί
293 1212 376 1235 τινες,
401 1203 432 1230 τὸ
450 1203 616 1239 ἑλκυσθῆναι
637 1204 706 1240 πρὸς
733 1204 763 1231 τὸ
777 1205 865 1236 πάθος

73 1249 160 1276 αὑτὸν
173 1250 222 1275 τὸν
239 1250 358 1284 σταυρὸν
381 1249 425 1275 ἐπ’
439 1248 524 1284 ὤμων
546 1250 714 1285 κατέχοντα·
733 1251 795 1278 ἐπεὶ
817 1251 865 1277 καὶ

73 1295 157 1326 αὐτὸς
173 1296 187 1322 ὁ
205 1295 295 1331 ἱερεὺς
323 1295 358 1322 τὰ
379 1295 427 1322 τοῦ
452 1295 556 1328 πάθους
577 1297 718 1331 μυστήρια
742 1297 865 1331 ἐνεργεῖν

74 1342 258 1376 κατηξὶωται.
270 1341 355 1368 Τοῦτο
363 1343 454 1369 τοίνυν
469 1342 569 1369 ὲνὸύων
586 1342 668 1369 αὑτὸν
680 1344 694 1369 ὁ
706 1343 862 1378 ἀρχιερεὺς,

74 1388 161 1422 φησιν
173 1396 183 1413 α
198 1388 302 1421 Ἄξιος.
320 1396 331 1414 ›
343 1388 397 1414 Καὶ
409 1387 547 1422 φαινόλιον
562 1387 576 1414 δ
587 1388 740 1423 εἰρήκαμεν
755 1389 866 1417 ἐπιῦάλ-

74 1435 129 1461 λων
145 1433 218 1461 οὕτω
233 1435 328 1469 φησὶν,
348 1443 357 1460 ι
377 1434 470 1466 ’Δξιος
482 1441 489 1449 ·
510 1443 519 1459 ι
538 1434 686 1468 εὐχόμενος
697 1435 777 1462 τοῦτο
793 1433 864 1462 εἶναι

917 887 968 913 pus
982 879 1055 907 hunc
1071 881 1211 907 renuntiat
1231 885 1258 908 et
1278 882 1457 916 depraadicat,
1473 892 1534 911 cum
1559 884 1698 912 horarium

915 926 1024 960 accipit.
1037 930 1063 954 et
1075 934 1107 953 ex
1135 928 1290 962 posteriore
1303 933 1380 963 parte
1408 930 1512 958 sinistri
1544 932 1649 959 humeri
1671 933 1699 959 in

915 972 1055 999 dexteram
1076 973 1202 1008 imponit,
1217 974 1326 1003 duabus
1356 977 1480 1010 partibus
1496 979 1616 1006 anterius
1633 987 1700 1014 pcn-

915 1018 1054 1051 dentibus,
1071 1019 1143 1054 quod
1167 1025 1231 1048 tunc
1253 1026 1296 1048 est
1323 1022 1474 1056 perfectum
1494 1024 1700 1060 ἐπιτραχήλιον,

916 1065 1113 1100 supercollare,
1128 1069 1155 1093 et
1169 1066 1205 1093 ita
1220 1071 1346 1095 vocatur.
1362 1067 1464 1096 [ndicat
1478 1074 1568 1098 autem
1584 1072 1698 1105 gratiam

916 1109 1034 1144 desuper
1056 1118 1071 1137 a
1092 1112 1180 1146 capite
1193 1112 1414 1146 descendentem,
1429 1118 1460 1141 ut
1484 1115 1574 1149 inquit
1602 1116 1699 1148 David,

914 1156 990 1183 velut
1011 1160 1180 1191 unguentum
1197 1165 1278 1192 super
1296 1163 1377 1192 caput
1394 1159 1562 1188 descendens
1578 1161 1611 1187 ad
1638 1162 1699 1188 lim-

915 1201 1003 1230 briam
1034 1202 1200 1236 vestimenti,
1227 1208 1255 1231 et
1279 1203 1381 1231 bonum
1411 1205 1560 1233 sacerdotii
1594 1206 1698 1234 Christi

913 1248 1027 1283 jugum;
1047 1253 1085 1280 et,
1106 1253 1136 1276 ut
1154 1249 1250 1277 dicunt
1261 1249 1383 1284 quidam,
1403 1254 1432 1277 ut
1458 1250 1629 1287 signiﬁcetur
1638 1259 1700 1280 eum

915 1298 1066 1328 gestantem
1081 1294 1206 1323 humeris
1229 1302 1340 1324 crucem
1367 1296 1402 1324 ad
1428 1297 1584 1332 passionem
1615 1298 1699 1331 trahi,

916 1347 977 1367 cum
994 1340 1053 1374 ipse
1079 1341 1210 1368 sacerdos
1239 1341 1376 1376 passionis
1403 1343 1532 1378 mysteria
1560 1348 1698 1378 operetur.

917 1385 1031 1413 Horario
1043 1385 1126 1420 igitur
1136 1392 1197 1413 eum
1209 1386 1326 1414 induens
1335 1388 1475 1420 sacerdos,
1486 1389 1533 1420 ait,
1547 1397 1556 1414 ι
1568 1389 1678 1424 Dignus.
1687 1398 1696 1414 ι

917 1431 949 1458 Ει
961 1431 1124 1466 phamolion,
1138 1435 1168 1458 ut
1182 1431 1312 1465 diximus,
1327 1432 1378 1467 ipsi
1394 1433 1536 1467 imponens
1550 1435 1617 1461 dicit
1632 1443 1702 1469 quu-

75 1480 159 1507 αὖτδν
183 1479 259 1513 ἄξιον
274 1480 321 1506 καὶ
336 1479 383 1506 ἐπὶ
397 1480 482 1507 πᾶσιν
504 1480 644 1515 ὁμολογῶν
657 1500 664 1511 ,
695 1483 742 1509 καὶ
764 1482 805 1508 ὂτι
825 1481 862 1513 ὡς

918 1485 991 1512 que:
1007 1486 1016 1503 ι
1031 1478 1143 1513 Dignus.
1159 1486 1169 1503 ι
1185 1478 1268 1513 Optat
1281 1486 1343 1506 eum
1360 1485 1422 1507 esse
1432 1479 1554 1514 dignum,
1568 1485 1594 1507 ct
1605 1488 1697 1508 coram

76 1527 151 1559 ἄξιος
175 1526 285 1554 ἔλασεν.
309 1525 353 1552 Ἐν
372 1524 413 1558 οἷς
432 1527 481 1553 καὶ
509 1527 708 1554 ταπεινοῦσθαι
736 1527 789 1563 χρὴ
817 1529 863 1555 τὸν

75 1573 254 1609 λαμϐάνοντα
265 1581 273 1588 ·
289 1573 332 1604 τίς
342 1574 396 1608 γὰρ
410 1573 503 1605 ﬁte“
520 1573 606 1599 Τοῦτο
622 1574 674 1608 γὰρ
691 1574 738 1600 καὶ
752 1574 776 1600 oi
787 1573 863 1605 me;

77 1619 210 1655 ψάλλουσι
227 1619 275 1646 τιιῦ
291 1619 415 1654 βήματος
430 1619 478 1645 καὶ
501 1619 592 1651 ἐκτὸς,
611 1620 656 1645 τὸν
673 1619 804 1654 ἀρχιερέα
821 1628 865 1654 μι-

80 1665 223 1700 μούμενοι.
237 1662 305 1691 Εἶτα
319 1664 503 1699 προτρέπεται
522 1665 572 1699 τὴν
589 1665 669 1699 ίερὰν
688 1664 863 1691 ἀσπάσασθαι

79 1708 219 1744 τράπεζαν
240 1709 279 1740 ὡς
302 1708 393 1744 πλήρη
416 1708 538 1744 χάριτος,
557 1710 603 1736 καὶ
616 1709 653 1741 ὡς
667 1710 697 1736 ὲν
714 1710 781 1745 αὐτῇ
798 1710 864 1736 me.

80 1755 239 1790 αγιασθείς·
271 1753 330 1781 εἶτα
356 1756 406 1790 τὴν
431 1755 628 1790 ἀρχιερατικὴν
651 1755 753 1788 δεξιὰν,
767 1755 806 1787 ὡς
829 1755 863 1782 δι’

80 1801 162 1835 αὐτῆς
177 1800 376 1836 χειροτονηθείς
390 1809 398 1817 ·
411 1802 458 1828 καὶ
471 1801 511 1828 ἔτι
530 1801 580 1837 τὴν
594 1801 713 1836 παρειὰν
724 1821 731 1833 ,
746 1801 791 1828 διὰ
814 1802 863 1836 τὴν

82 1847 156 1873 θείαν
170 1847 281 1881 ἀγάπην
296 1854 326 1872 τε
352 1847 399 1873 καί
413 1847 526 1882 εἰρήνην
540 1867 547 1879 ,
577 1849 625 1874 καὶ
650 1849 691 1874 ὅτι
710 1847 826 1884 ὄργανον
845 1850 862 1883 ή

82 1892 180 1925 παρςιὰ
194 1892 249 1918 τῶν
269 1892 357 1926 εὐχῶν
370 1899 378 1906 ·
398 1893 445 1919 καὶ
459 1892 501 1919 ὅτι
517 1893 632 1927 ἀγαπῶν
649 1893 697 1920 καὶ
722 1894 863 1928 ἀγαπητὸς

84 1938 129 1964 καὶ
144 1937 158 1963 ό
172 1937 257 1964 τελῶν
273 1939 321 1964 καὶ
334 1939 348 1964 ὁ
360 1937 532 1973 τελούμενος.
546 1939 596 1965 Διὰ
611 1938 691 1966 τοῦτο
703 1940 751 1965 καὶ
762 1940 863 1971 πάντες

84 1983 261 2018 πρεσϐύτεροι
273 1984 415 2018 χαίροντες
431 1983 600 2016 ἀσπάζονται
623 1983 720 2010 τοῦτον
740 1984 778 2016 ὡς
799 1985 864 2019 ὁμο-

85 2031 150 2065 ταγῆ
163 2030 307 2064 γεγονότα,
321 2029 368 2056 καὶ
381 2030 411 2056 τὸ
426 2029 476 2065 τῆς
492 2029 605 2064 ἀγάπης
619 2030 666 2056 καὶ
678 2029 727 2065 τῆς
738 2029 863 2061 ἐνώσεως

86 2077 283 2103 ἐπιδείκνυνται
297 2084 305 2092 ο
322 2077 370 2103 καὶ
385 2075 467 2106 εὐθὺς
487 2076 596 2102 ἵσταται
612 2076 821 2110 ὲπικλινόμενος
833 2077 864 2102 ἐκ

87 2123 193 2157 πλαγίου
206 2124 241 2158 τῇ
257 2121 395 2158 τραπέζῃ,
422 2122 484 2148 καθ’
510 2122 608 2148 ἑαυτὸν
630 2121 787 2156 εὐχόμενος,
811 2122 864 2152 ἓως

915 1525 1043 1552 omnibus
1057 1525 1167 1558 fatetur,
1182 1529 1209 1553 et
1222 1526 1296 1552 velut
1312 1526 1424 1560 dignum
1443 1528 1581 1561 accepisse
1609 1528 1698 1562 digni-

916 1575 1008 1598 tatem.
1023 1571 1081 1603 Qua
1097 1571 1122 1598 in
1139 1579 1169 1598 re
1179 1573 1333 1598 modestum
1349 1580 1411 1600 esse
1424 1577 1451 1600 et
1472 1573 1603 1601 humilem
1618 1582 1698 1609 opor-

916 1620 953 1643 tet
964 1617 1154 1650 accipientem.
1171 1616 1239 1649 Quis
1250 1617 1323 1644 enim
1337 1617 1458 1652 dignus?
1472 1619 1529 1646 Hoc
1548 1619 1619 1646 idem
1635 1628 1701 1646 cau-

915 1665 976 1689 tant
993 1663 1038 1696 qui
1057 1667 1122 1689 sunt
1138 1663 1208 1689 intra
1228 1667 1254 1689 et
1277 1667 1354 1690 extra
1366 1664 1575 1696 lsanctuarium,
1593 1665 1700 1699 episeo-

917 1715 980 1744 pum
997 1708 1147 1736 imitantes.
1158 1707 1260 1735 Deinde
1269 1709 1431 1737 admonetur
1443 1710 1562 1737 osculari
1575 1715 1698 1737 sanctam

916 1761 1049 1786 mensam,
1064 1759 1095 1780 ut
1110 1754 1204 1788 gratiae
1214 1754 1331 1789 plenam,
1342 1759 1424 1790 atque
1440 1760 1469 1783 ut
1483 1756 1509 1783 in
1524 1756 1581 1790 ipsa
1596 1757 1699 1784 sancti-

917 1799 1015 1826 iic.Itus
1033 1807 1040 1825 :
1058 1805 1150 1834 postea
1165 1800 1347 1835 episcopalem
1366 1802 1518 1834 dexteram,
1535 1805 1565 1828 ut
1578 1810 1626 1836 per
1637 1809 1697 1829 eam

916 1845 1070 1879 ordinatus,
1089 1851 1116 1873 et
1129 1847 1239 1881 insuper
1253 1854 1336 1881 genas
1359 1853 1469 1882 propter
1486 1848 1606 1875 divinam
1635 1849 1700 1876 cha-

916 1891 1026 1919 ritatem
1049 1897 1076 1919 et
1102 1899 1206 1925 pacem.
1225 1896 1251 1919 et
1274 1900 1307 1920 eo
1330 1893 1401 1928 quod
1426 1900 1502 1928 gena:
1516 1901 1627 1928 precum
1644 1895 1700 1922 sint

916 1944 1050 1972 organon,
1060 1942 1087 1965 et
1103 1938 1231 1972 quoniam
1243 1943 1317 1965 amat
1339 1943 1366 1965 et
1382 1944 1499 1972 amatur,
1518 1946 1661 1967 consecrat
1675 1947 1701 1967 ct

916 1988 1101 2012 consecratur.
1118 1984 1235 2020 Propter
1251 1984 1302 2012 hoc
1319 1983 1414 2012 omnes
1427 1986 1576 2020 presbyteri
1604 1987 1700 2014 laetan-

915 2034 957 2057 tes
969 2037 1030 2057 eum
1049 2034 1079 2057 ut
1096 2030 1227 2064 aequalem
1242 2034 1269 2057 et
1284 2029 1405 2065 ejusdem
1416 2031 1520 2058 ordinis
1532 2031 1634 2059 factum
1654 2040 1700 2060 sa-

917 2075 1017 2107 lutant,
1033 2075 1128 2110 illique
1141 2076 1332 2102 demonstrant
1363 2076 1506 2104 charitatis
1532 2080 1560 2104 et
1589 2077 1700 2104 unionis

917 2121 1066 2149 vinculum.
1083 2121 1131 2149 His
1145 2122 1264 2156 peractis
1279 2121 1351 2149 illico
1367 2123 1539 2150 statalatere
1551 2122 1700 2150 inclinatus

88 2170 152 2204 ἀρθῇ
165 2169 195 2195 τὸ
214 2167 429 2202 καταπέτασμα,
447 2166 494 2193 καὶ
521 2168 535 2193 ὁ
552 2167 622 2199 θεῖος
645 2168 759 2202 γένηται
775 2168 864 2194 ἀσπα-

918 2175 1028 2200 mensae,
1041 2172 1067 2195 et
1083 2168 1108 2194 in
1126 2168 1218 2202 seipse
1242 2168 1401 2196 oratdonec
1430 2168 1542 2196 tollatur
1557 2169 1657 2202 velum,
1675 2177 1702 2197 et

90 2217 160 2249 σμὸς.
176 2214 245 2242 Τότε
263 2214 319 2249 γὰρ
337 2213 416 2245 αὖθις
432 2213 487 2248 πρὸ
500 2213 556 2239 τῶν
569 2213 658 2240 ἄλλων
668 2212 865 2248 πρεσϐυτέρων

89 2263 239 2296 ἐρχόμενος.
258 2260 331 2286 ποιεῖ
346 2259 381 2286 τὰ
393 2259 440 2286 τοῦ
454 2258 615 2294 ἀσπασμοῦ.
629 2260 681 2285 Καὶ
697 2259 777 2285 πάλιν
789 2259 866 2286 ἵστα-

90 2316 128 2333 ται
142 2306 351 2340 ὐποκλινόμενος
373 2307 406 2341 τῇ
425 2305 486 2341 θείᾳ
510 2304 647 2340 τραπέζῃ,
679 2305 728 2332 καὶ
753 2305 801 2332 τὸν
816 2305 864 2332 τοῦ

91 2352 152 2380 Θεοῦ
168 2350 370 2386 ἐκκαλούμενος
391 2351 477 2377 ἔλεον.

357 2408 483 2435 ΚΕΦΔΔ.
501 2408 589 2435 PﬂB’.

92 2455 179 2488 ὀπως
194 2455 211 2482 ό
238 2456 316 2487 tis/oc
335 2453 481 2490 amomo
508 2455 764 2490 χειροτονουμένη)
796 2455 867 2490 ἱερεῖ

151 2489 381 2524 παρακαταθήκη
394 2489 519 2516 δίδοται.
535 2490 569 2515 ‘0
587 2489 635 2516 καί
652 2491 794 2525 φρικτόν.

129 2537 220 2563 Ἠνίκα
237 2535 266 2562 δὲ
286 2536 300 2562 ὁ
322 2537 467 2571 ἀρχιερεὺς
481 2536 621 2570 σφραγισῃ
645 2536 692 2562 καὶ
711 2537 809 2572 τελέσῃ
833 2537 868 2563 τὰ

94 2584 160 2618 δῶρα
174 2584 206 2618 τῇ
231 2582 376 2617 ἐπικλήσει
399 2581 447 2608 τοῦ
473 2582 546 2609 θείου
565 2581 733 2617 Πνεύματος,
751 2583 813 2608 τότε
835 2583 866 2617 δὴ

95 2629 281 2665 προσκαλεῖται
296 2628 376 2655 πάλιν
390 2629 404 2655 ό
423 2627 638 2664 χειροτονηθείς.
655 2627 811 2655 Keil/16de
823 2628 868 2654 τὴν

95 2677 209 2711 δεύτερον
227 2675 392 2710 ἡγιασμένον
402 2675 504 2702 τέλειον
517 2675 602 2709 ἄρτον
620 2676 654 2709 τῇ
667 2675 765 2710 δεξιᾷό
777 2675 869 2710 ἀρχιε-

97 2723 163 2759 ρεὺς,
176 2722 267 2749 δίδωσι
282 2721 376 2748 τοῦτον
391 2721 430 2756 τῷ
449 2721 678 2756 χειροτονηθέντι,
703 2721 752 2753 τὰς
778 2722 870 2748 παλά-

98 2777 145 2807 μας
157 2768 332 2800 σταυροειδῶς
345 2767 514 2794 ἐκτυποῦντι
530 2767 570 2799 είς
594 2767 644 2802 τὴν
655 2767 702 2794 τοῦ
720 2767 792 2794 θείου
818 2767 871 2794 πά-

100 2815 153 2846 θους
174 2815 287 2846 ἔνδειξιν
299 2822 306 2830 ”
332 2815 379 2841 καὶ
395 2814 436 2841 ὅτι
451 2814 500 2846 τὰς
519 2814 647 2853 παλάμας
663 2814 769 2849 ἐτρώθη
796 2815 867 2849 ὑπὲρ

917 2211 1008 2239 divina
1037 2212 1084 2239 ﬂat
1107 2213 1246 2240 salutatio.
1280 2213 1349 2241 Tum
1377 2213 1450 2241 enim
1477 2214 1699 2250 presbyterorum

917 2257 1023 2291 primus
1051 2258 1136 2291 venit,
1160 2262 1187 2286 et.
1213 2266 1272 2293 quae
1297 2264 1360 2286 sunt
1386 2261 1560 2287 salutationis
1585 2261 1702 2295 peragit.

917 2304 1073 2339 iterumque
1098 2309 1153 2333 stat
1176 2305 1275 2334 divina:
1294 2314 1394 2334 mensa:
1410 2307 1571 2338 inclinatus,
1600 2312 1626 2334 et
1652 2307 1700 2334 Dei

917 2349 1133 2378 misericordiam
1151 2352 1293 2380 invocans.

1182 2408 1296 2436 CAPUT
1335 2408 1487 2436 CLXXXII.

919 2453 978 2486 Qua
995 2454 1098 2480 ratione
1113 2454 1217 2480 divinus
1244 2455 1322 2489 panis
1344 2455 1470 2481 tremendi
1487 2455 1598 2490 depositi
1614 2457 1701 2484 instar

1109 2493 1190 2516 datur
1206 2492 1330 2516 ordinata
1349 2491 1510 2524 presbytero.

953 2535 1022 2563 Cum
1041 2540 1132 2563 autem
1148 2536 1293 2570 episcopus
1305 2536 1465 2570 signaverit,
1482 2543 1508 2564 et
1524 2545 1701 2565 consumma-

920 2583 989 2608 verit
1004 2581 1075 2608 dona
1094 2581 1269 2609 invocatione
1283 2582 1369 2609 divini
1389 2582 1528 2617 Spiritus;
1546 2588 1609 2610 tunc
1622 2583 1704 2611 advo-

919 2632 997 2654 eatur
1031 2628 1128 2654 iterum
1154 2628 1308 2660 ordinatus,
1334 2631 1361 2655 et
1385 2629 1531 2663 episcopus
1567 2629 1704 2662 accipicne

921 2674 1032 2701 dextera
1053 2681 1134 2700 manu
1148 2675 1297 2702 secundum
1312 2682 1410 2710 panem
1427 2675 1561 2710 integrum
1579 2675 1703 2702 sanctiﬁ-

921 2725 1011 2747 catum
1028 2720 1054 2747 ei
1070 2719 1163 2753 tradit,
1177 2718 1282 2755 palmas
1299 2721 1324 2747 in
1354 2722 1463 2748 modum
1477 2720 1568 2747 crucis
1593 2727 1703 2754 compn-

921 2766 997 2793 nenti
1016 2766 1042 2792 in
1057 2765 1155 2793 divina:
1167 2766 1304 2800 passionis
1324 2766 1599 2800 demonstrationem,
1623 2770 1704 2800 atque

925 2813 1004 2841 ctiam
1018 2821 1050 2841 eo
1064 2813 1136 2847 quod
1151 2813 1178 2840 in
1198 2813 1294 2848 palmis
1307 2812 1466 2840 vulneratus
1480 2817 1523 2840 cst
1546 2820 1595 2847 pro
1623 2814 1702 2840 nobis
