1941 3040
208 76 259 108 391

597 76 785 106 SYMEONIS
804 74 1181 106 TIIESSALONICENSIS
1203 74 1379 104 ARCHIEP.

1811 63 1907 98 392

202 134 362 166 cruciﬁxus,
379 134 403 160 ei
421 133 466 168 qui
486 133 550 160 dicit
567 140 574 158 ι
599 142 608 158 ‹
627 133 729 167 Accipe
757 132 809 159 hoc
824 131 990 166 depositum,

1046 133 1120 167 ἡμῶν
1135 134 1148 159 ό
1166 133 1347 166 σταυρωῠείς.
1367 132 1422 158 Καί
1441 139 1519 167 φησι,
1539 141 1548 157 ι
1567 130 1640 158 Λάϐε
1662 129 1780 164 ταύτην
1810 125 1903 160 τὴν

203 179 327 214 illudque
338 179 445 206 custodi
466 179 498 205 ad
515 178 661 206 adventum
683 177 804 210 Domini,
818 185 879 204 curn
896 177 962 204 illud
975 185 990 204 ιι

205 232 231 251 te
248 224 430 259 requisiturus
445 227 496 252 est.
513 233 522 250 ›
546 223 598 251 Res
613 224 671 250 haec
694 227 812 250 tremore
825 227 852 250 et
879 223 992 250 horrore

203 270 315 296 omnino
329 269 408 303 plena
424 274 476 296 est.
491 268 617 296 Ostendit
636 268 710 295 enim
725 275 786 295 cum
800 267 991 303 mysteriorum

204 314 252 341 Dei
263 321 435 342 wconomnm
456 314 570 346 factum,
587 321 671 348 seque
685 313 898 340 sacriﬁcandum
913 319 993 339 acce-

204 360 376 396 pisseJcsum
400 361 488 395 ipsum
502 367 598 394 panem
616 360 761 391 viventem,
775 362 802 386 et
821 366 874 385 non
887 357 969 385 alium
984 366 991 391 ;

204 407 347 440 ipsumque
363 411 389 432 et
412 405 482 431 illius
507 404 693 431 sacerdotium
710 408 740 430 ut
762 403 916 437 depositum
942 403 992 437 ipsi

204 451 338 478 creditum
359 458 430 482 esse,
447 457 534 484 eaque
550 450 636 477 teneri
656 456 785 482 servare;
805 448 991 476 sacerdotium

201 497 340 528 videlicet,
356 501 384 523 et
400 503 507 524 sacram
519 495 856 526 actionemimmaculata,
874 501 906 521 eo
920 494 992 528 quod

204 544 334 571 Dominus
352 543 484 570 rationem
503 541 753 570 administrationis
774 540 891 568 istorum
907 539 940 567 ab
959 547 992 567 eo

204 591 334 625 requiret.

447 644 561 673 CAPUT
592 644 760 671 CLXXXIII.

241 693 316 726 Quod
331 692 440 728 periculi
454 691 560 726 plenum
575 695 613 749 eis!
631 697 715 716 suane
738 689 825 716 missw
846 688 958 722 ofﬁciunt

532 733 579 749 ιιεη
596 732 675 749 mere.

532 732 675 759 negligere.

238 773 290 801 Ubi
310 780 383 800 nunc
401 776 466 799 sunt
494 771 541 806 qui
577 770 726 798 sacardotii
754 770 841 804 gratia
871 772 991 802 accepta,

1043 178 1293 212 παρακαταθήκην,
1313 179 1362 204 καὶ
1379 177 1497 212 φύλαξον
1519 177 1607 212 αὐτὴν
1623 177 1687 210 ἄχρι
1705 177 1754 210 τῆς
1808 180 1902 198 πα-

1044 224 1157 257 ρουσίας
1174 223 1222 249 τοῦ
1240 223 1356 258 Κυρίου,
1371 223 1416 249 ὅτε
1435 221 1502 257 παρ’
1525 221 1609 249 αὐτοῦ
1626 221 1732 256 μέλλεις
1746 221 1902 247 ἀπα-ι·-

1042 269 1149 296 τείσθαι
1167 269 1264 303 αὐτήν.
1281 271 1301 294 ἰ
1334 268 1420 295 Τοῦτο
1450 267 1552 302 φρίκης
1580 268 1692 301 ἀπάσης
1721 263 1895 300 μεστόν.

1042 315 1168 341 Δείκνυσι
1187 315 1253 350 γὰρ,
1276 316 1314 346 ὡς
1330 315 1471 348 οἰκονόμος
1491 315 1546 340 τῶν
1565 313 1613 340 τοῦ
1636 312 1705 340 θεοῦ
1727 320 1896 347 μυστη-

1044 360 1111 395 ρίων
1126 361 1243 394 γίνεται,
1265 361 1312 386 καὶ
1330 360 1380 386 οὐκ
1394 360 1484 392 ἄλλον,
1508 359 1576 386 ἀλλὰ
1593 359 1638 385 τὸν
1664 359 1774 393 Ἰησοῦν
1806 359 1889 383 τὸν

1044 405 1135 438 ζῶντα
1155 406 1237 441 ἄρτον
1261 406 1399 440 λαμῦάνει
1418 406 1586 441 ἱερουργεῖν,
1613 405 1660 431 καὶ
1677 404 1726 438 τὴν
1751 405 1887 437 ἱερω-

1045 451 1129 486 σύνην
1144 451 1227 477 αὐτοῦ
1242 451 1289 477 καὶ
1307 451 1388 477 αὐτὸν
1402 450 1440 482 ὡς
1453 449 1691 485 παρακαταθήκην
1705 447 1887 479 πιστεύε-

1043 507 1088 525 ται
1102 507 1108 513 ·
1127 497 1175 525 καὶ
1192 498 1296 532 ὀφείλει
1316 498 1409 533 τηρεῖν
1435 497 1531 530 ταῦτα,
1549 496 1598 531 τὴν
1627 495 1784 529 ἱερωσύνην

1046 545 1092 571 καὶ
1121 544 1217 570 ἑαυτὸν
1243 543 1402 578 ἀμώμητα⁶
1430 543 1471 569 ὅτι
1488 543 1535 569 καὶ
1561 543 1627 577 παρ’
1646 541 1731 569 αὑτοῦ
1748 541 1881 567 ταῦτα

1043 589 1282 624 ἀπαιτηοήσονται
1297 588 1345 614 τοῦ
1364 589 1480 623 Κυρίου.

1315 643 1441 670 ΚΕΦΔΛ.
1461 641 1546 670 ΡΠΓ¹.

1081 690 1140 717 Ὅτι
1155 690 1353 717 ἐπικίνδυνον
1366 689 1399 716 τὸ
1410 688 1537 723 ἀμελεῖν
1548 687 1604 723 τῆς
1617 688 1802 723 ιερουργίας.

1833 503 1883 518 τε

1081 769 1136 796 Ποὖ
1152 769 1206 804 ἄρα
1228 769 1296 796 εἰσὶν
1312 769 1375 804 ἄρτι
1397 769 1421 795 oi
1438 768 1487 802 τὴν
1502 768 1586 803 χάριν
1610 769 1660 803 τῆς
1677 768 1863 803 ἱερωσύνης

203 820 292 847 ollicia
307 818 489 847 sacerdotalia
507 817 673 852 quibusdam
699 815 896 844 occasionibus
932 815 990 849 pie-

1046 815 1183 847 λαεόντες,
1203 816 1250 842 καὶ
1266 816 1314 843 ἐπὶ
1339 816 1494 850 προφάσεσι
1513 822 1581 847 τισι,
1599 815 1646 842 καὶ
1660 816 1693 849 τῇ
1717 815 1860 850 ὼκοὺεῃ

204 866 268 893 tatis
301 864 419 899 speciem
437 868 464 891 et
493 863 663 898 opinionem,
684 869 776 889 revera
803 866 894 888 autem
923 858 991 886 nihil

204 910 313 946 pietatis
329 909 492 938 trahentibus
520 909 673 943 negligant,
700 912 727 934 et
754 906 853 941 supine
879 906 991 938 habent,

204 957 288 985 semel
298 960 401 983 tantum
427 955 511 990 idque
537 953 723 989 perfunctorie
744 960 776 980 ea
800 953 993 988 contingentes

204 1009 231 1030 et
245 1002 424 1030 exercentes?
441 1000 602 1036 llujusmodi
619 1000 754 1027 rationem
769 999 882 1027 incuria;
896 1005 994 1034 postu-

206 1050 346 1081 labuntur,
360 1047 490 1082 quidnam
519 1046 602 1074 fuerit
625 1046 698 1080 quod
716 1052 765 1072 eos
782 1045 816 1072 ab
836 1044 992 1072 exercendo

205 1102 318 1122 munere
335 1093 516 1128 prohibuerit.
532 1092 601 1119 Tum
613 1092 686 1119 enim
703 1091 892 1125 paenitentiam
911 1098 993 1125 agen-

206 1147 245 1167 tes
271 1148 286 1166 a
317 1139 464 1167 sacerdotii
492 1138 625 1166 exercitio
655 1137 764 1172 penitus
787 1143 992 1164 removeantur.

204 1186 330 1220 Quamdiu
351 1189 442 1212 autem
460 1184 647 1212 sacerdotium
660 1184 771 1215 retines,
787 1187 814 1210 et
830 1189 882 1210 non
899 1182 992 1216 prohi-

205 1234 290 1265 heris,
306 1232 382 1267 operi
396 1239 476 1260 sacro
501 1235 636 1266 quantum
666 1229 770 1256 homini
803 1228 861 1256 lit-ri
892 1228 993 1263 poterit

205 1281 315 1308 insiste.
336 1279 385 1306 Est
396 1271 469 1305 enim
481 1284 549 1311 opus
563 1275 629 1304 illud
640 1275 735 1303 mundi
750 1274 826 1302 salus
839 1278 865 1302 et
881 1281 992 1302 conscr-

206 1323 292 1351 vatio.

241 1369 388 1403 Postquam
407 1367 491 1402 igitur
504 1365 625 1402 episcopi
645 1372 755 1393 manum
771 1366 911 1394 osculatus
938 1370 991 1397 est,

204 1421 232 1443 et
261 1422 333 1443 cum.
350 1413 442 1442 cordis
469 1413 636 1440 contritione
662 1420 790 1447 egressus
808 1418 861 1445 est,
892 1412 991 1445 defert,

205 1462 290 1489 elatas
302 1468 399 1488 manus
413 1459 528 1492 habens,
543 1465 653 1486 sacrum
682 1465 781 1493 panem
796 1458 830 1486 ad
855 1466 989 1491 mensam,

203 1510 231 1532 ct
244 1505 333 1540 capite
344 1504 469 1532 manibus
492 1503 667 1530 incumbente
678 1508 748 1536 orat,
777 1504 938 1531 memoriam
953 1504 992 1531 fa-
1007 1496 1028 1526 ο

205 1551 280 1578 tiens
295 1554 321 1577 et
335 1550 379 1576 sui
397 1549 482 1583 ipsius
494 1553 520 1575 et
537 1548 657 1583 episcopi
672 1549 718 1583 qui
739 1549 826 1583 ipsum
844 1549 992 1582 ordinavit,

205 1597 382 1630 omniumque
401 1594 565 1622 clericorum
582 1599 609 1622 et
635 1594 779 1627 laicorum.
809 1595 994 1630 omnibusque

205 1642 320 1669 salutent
344 1641 494 1676 deposcit:
519 1641 669 1668 viventium
687 1648 797 1676 quoque
822 1641 994 1669 orthodoxo-

206 1695 266 1715 rum
284 1691 310 1715 et
325 1692 495 1714 mortuorum
512 1687 683 1715 recordatur.
709 1686 800 1721 Ipsum
815 1687 887 1714 enim
900 1687 993 1714 Domi-

206 1741 270 1761 nutn
292 1732 420 1760 manibus
438 1735 522 1764 leuet,
554 1732 669 1767 ejusque
695 1740 793 1761 manus
809 1740 875 1760 vasa
902 1737 990 1766 sunt;

206 1780 266 1813 ipse
289 1778 333 1813 qui
350 1782 458 1805 tenetur
472 1776 551 1805 Jesus
575 1777 712 1810 Christus,
730 1782 772 1805 est
787 1778 812 1806 ei
825 1783 851 1806 et
867 1779 993 1806 manibus

205 1831 232 1852 ct
248 1824 329 1858 capiti
345 1823 447 1851 unctio.
463 1823 527 1850 ideo
539 1823 583 1850 hic
601 1828 630 1850 ut
643 1827 670 1850 et
684 1823 712 1850 in
722 1823 848 1851 omnibus
863 1824 994 1852 innovaut

207 1871 295 1898 Latini
319 1871 494 1905 presbyteros
528 1876 594 1897 suos
626 1869 705 1904 legali
742 1877 818 1897 more
849 1876 993 1905 tingentes,

205 1919 278 1951 quod
300 1916 446 1951 Dionysius
463 1922 516 1942 non
532 1915 608 1942 dicit.
626 1914 666 1942 Ita
681 1919 760 1943 stans
774 1916 919 1951 presbyter
933 1923 994 1951 post

205 1961 303 1996 capitis
320 1961 536 1994 inclinationem,
549 1964 576 1987 et
587 1961 738 1988 orationem
751 1970 758 1988 :
776 1971 785 1986 ι
798 1961 925 1996 Attende,
939 1961 992 1990 Do-

205 2008 278 2034 mine
292 2007 356 2035 Jcsu
373 2006 492 2039 Christe,
507 2016 517 2032 ι
533 2006 696 2034 admonetur
714 2007 824 2041 iterum,
841 2014 867 2036 et
882 2009 935 2036 fert
951 2009 994 2037 di-

205 2054 295 2082 vinum
315 2060 424 2088 panem,
445 2056 472 2080 et
489 2053 515 2079 in
537 2052 615 2080 disco
635 2053 722 2087 ponit,
741 2061 804 2081 cum
818 2055 854 2082 sit
872 2055 994 2082 exaltan-

205 2100 267 2126 dus.
289 2098 358 2126 Tum
375 2100 448 2126 enim
469 2099 614 2132 cpiscopus
647 2099 768 2127 divinum
788 2107 884 2135 panem
902 2101 930 2128 in
947 2101 991 2129 di-

205 2153 251 2173 sco
267 2146 382 2179 positum
414 2145 511 2177 elevat,
532 2149 559 2171 ct
584 2144 656 2171 hunc
673 2145 754 2172 simul
771 2153 814 2179 eo,
835 2145 923 2174 Unum
952 2153 994 2175 est
1008 2161 1034 2191 D

204 2191 278 2218 enim
297 2189 400 2217 Christi
425 2196 538 2223 corpus.
566 2188 612 2216 Sic
627 2197 688 2217 eum
706 2191 802 2218 hostiae
828 2192 990 2220 divisionem

206 2237 319 2270 peregit,
334 2243 395 2270 qua:
411 2240 537 2270 spectant
550 2235 583 2262 ad
596 2236 720 2263 unionem
743 2238 827 2272 partis
847 2239 908 2273 ejus
930 2247 991 2266 eum

205 2282 301 2314 calice,
313 2285 338 2307 et
353 2288 411 2314 (μιαν
428 2278 462 2306 ad
478 2280 698 2307 communionem
712 2288 761 2315 pro
784 2289 861 2309 more
875 2283 992 2317 perlicit.

206 2328 352 2362 Postquam
369 2327 451 2361 igitur
468 2327 652 2355 sanctissimis
679 2328 818 2362 mysteriis
840 2329 994 2355 communi-

206 2375 277 2402 carit
288 2374 445 2409 cpiscopus,
455 2377 517 2400 ante
534 2377 647 2401 caeteros
674 2374 848 2408 presbyteros
862 2375 935 2401 venit
946 2382 993 2401 or-

205 2421 325 2452 dinatus,
343 2420 446 2446 honore
459 2427 513 2453 prae
524 2419 631 2446 caeteris
646 2419 756 2446 habitus
769 2423 880 2453 propter
897 2427 993 2448 recens

205 2470 344 2500 acceptant
360 2466 485 2500 gratiam,
500 2471 526 2493 et
555 2466 759 2492 renovationem
776 2472 791 2490 a
812 2465 905 2492 divino
930 2464 993 2500 Spi-

205 2515 258 2539 ritu
274 2512 328 2546 jam
345 2511 454 2538 iactant.
477 2511 640 2545 Undejuxta
666 2510 891 2538 cousttetudiuem
925 2511 992 2538 vivi—

206 2558 247 2586 lici
260 2559 338 2594 panis
357 2558 494 2593 particeps
515 2564 562 2591 per
574 2558 734 2591 episcopum
753 2556 854 2590 factus,
883 2561 910 2584 et
925 2557 992 2584 dex-

205 2609 289 2631 teram
308 2608 335 2630 et
352 2610 448 2638 genam
463 2602 521 2635 ejus
545 2602 696 2634 osculatur,
722 2601 821 2629 deinde
850 2603 990 2629 tremendo

207 2650 287 2677 calici
314 2649 509 2677 nouimunicat.
541 2647 674 2674 Redditus
695 2649 734 2674 sic
756 2654 819 2674 vere
842 2647 991 2682 perfectus,

204 2703 231 2724 et
251 2696 391 2723 tremenda
414 2695 609 2722 communione
637 2694 774 2728 sigillantc
789 2700 816 2721 et
830 2694 990 2729 obsignautc

204 2748 404 2771 sacramentum
423 2742 615 2774 ordinationis,
635 2742 662 2769 in
682 2742 798 2776 quodam
815 2742 874 2769 loco
897 2742 990 2769 altaris

205 2789 340 2822 subsistit,
354 2793 380 2816 et
391 2787 608 2816 sacratissimum
623 2787 736 2815 calicem
754 2788 879 2815 manibus
892 2791 988 2815 tenens

1047 861 1106 897 μὲν,
1123 862 1161 897 μὴ
1186 862 1253 897 οὒσῃ
1269 861 1296 888 δὲ
1314 861 1456 896 εὖλαὸείᾳ,
1471 862 1558 896 οἰήσει
1570 861 1599 887 δὲ
1617 861 1719 896 μᾶλλον
1733 862 1854 892 εἰπεῖν,

1043 909 1098 935 τῶν
1115 909 1164 941 τῆς
1183 907 1336 943 ἱερωσύνης
1349 907 1571 942 καταμελοῦντες
1587 908 1634 933 καὶ
1649 907 1746 941 ἀργῶς
1762 908 1856 942 Elav-

1043 964 1101 987 τες,
1125 955 1198 988 ἅπαξ
1214 955 1241 981 δὲ
1259 955 1340 989 μόνον
1356 951 1412 981 οἷον
1427 954 1587 988 ἁπτόμενοι,
1605 955 1654 980 καὶ
1668 955 1706 985 ὡς
1721 955 1751 980 ἐν
1768 963 1851 988 παρ-

1044 1000 1119 1035 έργῳ
1130 1000 1270 1031 ποιοῦντες
1281 1009 1289 1034 ;
1304 997 1385 1027 Οὗτοι
1395 1000 1442 1027 τδν
1454 1000 1533 1034 λόγον
1546 1001 1596 1035 τῆς
1607 999 1740 1034 ἀμελείας
1752 1000 1826 1027 άπαι

1043 1046 1219 1082 τηθήσονται,
1237 1047 1262 1073 εί
1281 1047 1317 1082 μή
1333 1055 1387 1073 που
1402 1046 1432 1072 τὸ
1447 1046 1553 1073 κωλύον
1571 1047 1630 1073 ἐστι
1643 1055 1670 1072 τι
1683 1054 1690 1062 ”
1704 1047 1768 1073 τότε
1781 1046 1847 1080 γὰρ

1044 1092 1099 1118 τῶν
1114 1093 1163 1127 τῆς
1179 1092 1332 1127 ἱερωσύνης
1350 1092 1464 1118 καθόλου
1483 1091 1680 1127 μετανοοῦντες
1708 1092 1845 1127 ἀποστή-

1044 1147 1146 1165 τωσαν.
1171 1138 1229 1172 Ἐφ’
1247 1139 1308 1166 ὅσον
1322 1139 1351 1165 δὲ
1367 1139 1466 1173 ἀντέχῃ
1482 1139 1585 1173 ταύτης
1597 1158 1604 1171 ,
1618 1139 1664 1164 καὶ
1679 1139 1711 1164 οὐ
1732 1138 1842 1165 κωλύει

1043 1183 1081 1214 ὡς
1100 1184 1213 1211 δυνατὸν
1243 1183 1380 1220 ἀνθρώπῳ
1409 1184 1486 1218 παρά
1501 1192 1575 1215 τινος
1599 1183 1646 1210 τοῦ
1664 1185 1836 1219 ἱερουργεῖν,

1045 1228 1109 1264 ἔχου
1125 1229 1173 1256 τοῦ
1191 1229 1284 1265 ἔργου,
1299 1231 1341 1256 ὅτι
1360 1229 1405 1256 τοῦ
1423 1231 1525 1265 κόσμου
1541 1230 1600 1256 ἐστὶ
1615 1231 1762 1265 σωτήριον.

1085 1364 1296 1400 Ἀσπαπάμενος
1310 1363 1356 1391 οὖν
1378 1363 1428 1400 τὴν
1452 1365 1533 1399 χεῖρα.
1547 1364 1595 1391 τοῦ
1624 1364 1768 1400 ίεράρχου,
1788 1366 1836 1392 καὶ

1046 1411 1116 1446 μετὰ
1131 1410 1278 1445 συντρισῆς
1293 1410 1429 1442 ἀπελθὼν,
1447 1411 1503 1438 ἄνω
1517 1411 1566 1442 τὰς
1588 1412 1682 1445 χεῖρας
1703 1411 1776 1446 ἔχων
1804 1412 1836 1438 ἐν

1045 1458 1079 1492 ’τῇ
1096 1456 1221 1492 τραπέζῃ
1235 1456 1281 1483 τὸν
1296 1457 1378 1492 ἄρτον
1406 1456 1496 1492 φέρων
1511 1457 1558 1484 τὸν
1586 1457 1670 1492 ίερδν,
1696 1458 1744 1484 καὶ
1771 1461 1834 1491 ταῖς

1045 1502 1138 1538 χερσὶν
1150 1503 1328 1537 ἐπικειμένην
1339 1504 1389 1538 τὴν
1400 1503 1533 1538 κεφαλὴν,
1551 1503 1671 1538 εὔχεται,
1686 1506 1835 1539 μεμνημέ-

1046 1556 1089 1579 νος
1103 1548 1150 1575 καὶ
1164 1548 1234 1583 ὑπὲρ
1249 1548 1348 1575 ἑαυτοῦ
1366 1549 1414 1575 καὶ
1431 1549 1479 1575 τοῦ
1495 1551 1734 1585 χειροτονήσαντος
1754 1550 1836 1586 150

1044 1593 1125 1620 αὑτὸν
1143 1594 1284 1629 ίεράρχου,
1304 1594 1350 1622 καὶ
1368 1595 1479 1622 πάντων
1498 1595 1647 1629 ίερατικῶν
1661 1604 1690 1622 τε
1707 1597 1756 1623 καὶ
1771 1597 1834 1622 λαῖ-

1044 1639 1101 1666 κῶν
1111 1647 1118 1654 ·
1127 1641 1172 1666 καὶ
1185 1640 1234 1673 τὴν
1253 1640 1392 1675 σωτηρίαν
1410 1641 1513 1667 ἅπασιν
1524 1642 1687 1674 ὲξαιτεῖταιο
1703 1643 1751 1669 καὶ
1766 1642 1835 1675 ζών-

1044 1694 1100 1712 των
1114 1685 1264 1720 ὸρθοδόξων
1278 1688 1327 1713 καὶ
1339 1687 1496 1714 τεθνεώτων
1512 1688 1666 1724 μέμνηται·
1678 1689 1763 1716 αὐτὸν
1779 1690 1833 1725 γὰρ

1044 1731 1104 1762 ταῖς
1119 1732 1197 1766 χερσὶ
1211 1731 1321 1766 κατέχει
1332 1733 1378 1759 τὸν
1401 1733 1504 1769 Κύριον
1515 1742 1522 1750 ·
1536 1734 1582 1760 καί
1600 1735 1628 1760 αι
1639 1735 1731 1770 χεῖρες
1743 1736 1831 1762 αὑτοῦ

1046 1775 1118 1811 ὑπὲρ
1132 1776 1167 1802 τὰ
1192 1777 1251 1811 ἱερά,
1265 1777 1318 1804 εἱσι
1340 1777 1424 1812 σκεύη
1439 1785 1446 1793 ⁸
1464 1780 1512 1804 καὶ
1537 1779 1551 1805 ὁ
1575 1780 1760 1814 κατεχόμενος
1780 1781 1833 1815 Ὶη-

1045 1821 1110 1853 σοῦς
1125 1821 1253 1856 Χριστὸς,
1271 1819 1349 1853 οὗτος
1379 1823 1485 1858 χρίσμα
1504 1823 1579 1858 αὐτῷ
1599 1825 1646 1850 καὶ
1672 1826 1734 1857 ταῖς
1752 1826 1833 1861 χερσὶ

1045 1867 1092 1893 καὶ
1103 1868 1135 1902 τῇ
1150 1868 1268 1902 κεφαλῇ.
1285 1868 1330 1894 Διὸ
1343 1869 1392 1894 καὶ
1403 1865 1453 1895 ὦδε
1464 1869 1502 1898 ὡς
1516 1869 1563 1896 καὶ
1581 1870 1610 1896 ὲν
1624 1871 1692 1896 πᾶσι
1707 1879 1834 1898 καινοτο-

1047 1913 1129 1947 μοῦσι
1153 1914 1274 1947 Λατῖνοι,
1292 1916 1356 1945 τοὺς
1374 1915 1465 1941 αὐτῶν
1490 1915 1694 1950 πρεσϐυτέρους
1710 1918 1834 1951 νομικῶς

1045 1959 1168 1994 χρίοντες
1182 1967 1189 1974 ·
1213 1959 1283 1994 ὅπερ
1300 1959 1331 1986 οὖ
1349 1968 1416 1995 φησι
1441 1961 1589 1993 Διονύσιος.
1607 1961 1688 1989 Οὕτω
1710 1963 1740 1989 δὲ
1758 1965 1834 1990 tard-

1047 2013 1136 2039 μενος,
1157 2006 1226 2041 μετὰ
1253 2007 1304 2041 τὴν
1329 2007 1540 2041 κεφαλοκλισίαν
1561 2008 1575 2034 ὀ
1601 2008 1693 2044 ίερεὺς
1720 2010 1767 2035 καὶ
1784 2011 1833 2044 τὴν

1045 2051 1127 2087 εὐχὴν
1136 2051 1176 2084 τὸ,
1195 2061 1203 2076 ι
1218 2052 1367 2087 Πρόσσχες,
1381 2053 1467 2087 Κύριε
1489 2053 1578 2088 Ἰησοῦ
1588 2054 1702 2095 ξριστὲ,
1717 2064 1726 2080 ι
1745 2063 1832 2090 προσ-

1045 2096 1168 2122 καλεῖται
1199 2097 1299 2123 πάλιν·
1324 2098 1370 2124 xa‘t
1391 2098 1469 2132 φέρει
1502 2099 1548 2125 τὸν
1571 2099 1644 2126 θεῖον
1660 2100 1755 2135 ἄρτον,
1784 2102 1832 2127 κιὶ
1878 2123 1881 2125 ,

1046 2142 1154 2177 τίθησιν
1171 2143 1251 2169 αὐτὸν
1267 2145 1296 2169 ὲν
1314 2144 1352 2179 τῷ
1375 2145 1471 2179 δίσκῳ,
1485 2145 1547 2172 ἐπεὶ
1563 2146 1656 2180 μέλλει
1683 2147 1829 2181 ὑψοῦσθαι.

1048 2189 1115 2216 Τότε
1136 2189 1188 2224 γὰρ
1206 2191 1220 2216 ὁ
1237 2190 1368 2225 ίεράρχης
1395 2191 1441 2216 τόν
1465 2199 1495 2217 τε
1510 2192 1539 2218 ὲν
1555 2191 1595 2226 τῷ
1607 2191 1692 2226 δίσκῳ
1718 2194 1832 2226 προκεί-

1045 2243 1125 2269 μενον
1144 2235 1215 2261 θεῖον
1232 2236 1313 2270 ἄρτον
1341 2236 1388 2262 καὶ
1413 2237 1495 2263 αὑτὸν
1511 2237 1608 2271 ἀνυψοῖ
1623 2237 1691 2271 ὁμοῦ
1703 2245 1711 2254 η
1730 2238 1760 2263 ὃν
1774 2239 1828 2273 γάρ

1044 2281 1102 2306 ἐστι
1127 2280 1157 2307 τὸ
1177 2281 1256 2316 σῶμα
1281 2282 1413 2316 Χριστοῦ.
1433 2283 1488 2310 Καὶ
1508 2282 1579 2309 οὕτω
1602 2283 1714 2318 μελίσας
1731 2284 1765 2310 τὰ
1781 2285 1828 2318 τῆς

1044 2326 1167 2357 ἑνώσεως
1180 2328 1226 2353 τοῦ
1243 2329 1386 2363 ποτηρίου,
1403 2330 1450 2355 καὶ
1467 2329 1502 2355 τὰ
1519 2330 1569 2364 τῆς
1596 2332 1738 2361 κοινωνίας
1759 2332 1829 2356 κατὰ

1043 2373 1074 2399 τὸ
1089 2373 1149 2404 ἔθος
1164 2374 1269 2400 ἑκτελεῖ
1279 2381 1285 2388 ’
1303 2376 1517 2410 κοινωνήσαντος
1533 2375 1580 2402 οὖν
1595 2375 1651 2402 τῶν
1666 2376 1829 2409 ἁγιωτάτων

1044 2417 1089 2444 τοῦ
1105 2418 1233 2453 ίεράρχου
1252 2419 1306 2454 πρὸ
1322 2419 1376 2446 τῶν
1400 2419 1487 2447 ἄλλων
1514 2420 1721 2454 πρεσὸλτέρων,
1739 2423 1752 2447 ὸ
1768 2430 1825 2456 χει-

1045 2464 1199 2499 ροτονηοεις
1215 2465 1325 2500 ἔρχεται
1335 2465 1542 2500 προτιμώμενος
1554 2467 1618 2501 ἄρτι
1629 2466 1673 2492 διὰ
1683 2466 1734 2500 τὴν
1746 2468 1838 2502 χάρ.νν

1043 2510 1092 2536 καὶ
1116 2510 1146 2536 τὸ
1162 2511 1367 2545 ἐγκαινισῦῆναι
1393 2511 1442 2546 ἤδη
1463 2511 1515 2538 ὑπὸ
1535 2511 1582 2537 τοῦ
1606 2511 1681 2537 θείου
1698 2512 1826 2546 Πνεύμα-

1043 2564 1097 2586 τος.
1115 2555 1195 2582 Ὅθεν
1220 2557 1266 2582 καὶ
1288 2557 1359 2583 κατὰ
1376 2558 1405 2582 τὸ
1426 2556 1497 2589 ἔθος,
1522 2557 1569 2583 τοῦ
1587 2557 1722 2588 ξωοποιοῦ
1744 2566 1827 2591 μεται

1043 2602 1115 2636 σχὼν
1134 2602 1230 2637 ἄρτου,
1257 2602 1347 2628 λαϐὼν
1362 2603 1437 2637 παρὰ
1462 2603 1508 2630 τοῦ
1527 2603 1690 2638 ἀρχιερέως,
1707 2605 1754 2631 καὶ
1779 2604 1826 2639 τὴν

1042 2648 1132 2680 δεξιὰν
1157 2649 1204 2674 καὶ
1221 2647 1270 2682 τὴν
1297 2649 1414 2684 παρειὰν
1441 2649 1525 2675 αὑτοῦ
1551 2650 1760 2684 ἀσπασάμενος,
1778 2651 1825 2676 καὶ

1043 2695 1213 2729 κοινωνήσας
1228 2694 1275 2721 τοῦ
1288 2694 1403 2729 φρικτοῦ
1419 2696 1564 2730 ποτηρίου,
1580 2695 1626 2722 καὶ
1640 2695 1712 2722 οὓτω
1720 2695 1824 2727 τέλειος

1042 2740 1125 2772 ὅντως
1148 2740 1279 2774 γεγονὼς,
1295 2742 1345 2776 τῆς
1362 2742 1481 2776 φρικτῆς
1499 2741 1643 2772 κοινωνίας
1657 2743 1824 2775 ἐπισφραγι-

1043 2786 1143 2821 ζούσης
1160 2788 1208 2821 τὴν
1222 2788 1333 2820 τελετὴν
1349 2788 1399 2821 τῆς
1427 2788 1605 2822 χειροτονίας,
1634 2787 1662 2816 ἐν
1679 2796 1731 2814 τινι
1747 2788 1823 2820 τόπῳ
