  <div class='ocr_page' id='page_1' title='image "/cluster/home/n/w/nwhite01/storage/ocr_20150623/155/njp.32101010943494/227.png"; bbox 0 0 1941 3040; ppageno 0'>
   <div class='ocr_carea' id='block_1_1' title="bbox 223 95 274 126">
    <p class='ocr_par' dir='ltr' id='par_1_1' title="bbox 223 95 274 126">
     <span class='ocr_line' id='line_1_1' title="bbox 223 95 274 126; baseline 0 -1"><span class='ocrx_word' id='word_1_1' title='bbox 223 95 274 126; x_wconf 83' lang='lat'><strong>391</strong></span> 
     </span>
    </p>
   </div>
   <div class='ocr_carea' id='block_1_2' title="bbox 612 93 1395 125">
    <p class='ocr_par' dir='ltr' id='par_1_2' title="bbox 612 93 1395 125">
     <span class='ocr_line' id='line_1_2' title="bbox 612 93 1395 125; baseline 0 -1"><span class='ocrx_word' id='word_1_2' title='bbox 612 95 801 125; x_wconf 71' lang='lat' dir='ltr'><strong>SYMEONIS</strong></span> <span class='ocrx_word' id='word_1_3' title='bbox 820 93 1197 125; x_wconf 72' lang='lat' dir='ltr'><strong>TIIESSALONICENSIS</strong></span> <span class='ocrx_word' id='word_1_4' title='bbox 1219 94 1395 124; x_wconf 75' lang='lat' dir='ltr'><strong>ARCIIIEP.</strong></span> 
     </span>
    </p>
   </div>
   <div class='ocr_carea' id='block_1_3' title="bbox 1799 85 1872 119">
    <p class='ocr_par' dir='ltr' id='par_1_3' title="bbox 1799 85 1872 119">
     <span class='ocr_line' id='line_1_3' title="bbox 1799 85 1872 119; baseline -0.041 0"><span class='ocrx_word' id='word_1_5' title='bbox 1799 85 1872 119; x_wconf 86' lang='lat'><strong>392</strong></span> 
     </span>
    </p>
   </div>
   <div class='ocr_carea' id='block_1_4' title="bbox 218 146 1014 187">
    <p class='ocr_par' dir='ltr' id='par_1_4' title="bbox 218 151 1006 187">
     <span class='ocr_line' id='line_1_4' title="bbox 218 151 1006 187; baseline -0.001 -8"><span class='ocrx_word' id='word_1_6' title='bbox 218 152 378 185; x_wconf 69' lang='lat' dir='ltr'><strong>crucifixus,</strong></span> <span class='ocrx_word' id='word_1_7' title='bbox 395 153 419 179; x_wconf 89' lang='lat' dir='ltr'><strong>ei</strong></span> <span class='ocrx_word' id='word_1_8' title='bbox 437 151 482 187; x_wconf 87' lang='lat' dir='ltr'><strong>qui</strong></span> <span class='ocrx_word' id='word_1_9' title='bbox 501 151 566 178; x_wconf 91' lang='lat' dir='ltr'><strong>dicit</strong></span> <span class='ocrx_word' id='word_1_10' title='bbox 582 159 590 177; x_wconf 85' lang='lat'><strong>:</strong></span> <span class='ocrx_word' id='word_1_11' title='bbox 615 161 624 177; x_wconf 74' lang='grc' dir='ltr'>ί</span> <span class='ocrx_word' id='word_1_12' title='bbox 643 152 745 186; x_wconf 82' lang='lat' dir='ltr'><strong>Accipe</strong></span> <span class='ocrx_word' id='word_1_13' title='bbox 773 151 824 178; x_wconf 91' lang='lat' dir='ltr'><strong>hoc</strong></span> <span class='ocrx_word' id='word_1_14' title='bbox 840 151 1006 186; x_wconf 86' lang='lat' dir='ltr'><strong>depositum,</strong></span> 
     </span>
    </p>
   </div>
   <div class='ocr_carea' id='block_1_5' title="bbox 1061 146 1871 187">
    <p class='ocr_par' dir='ltr' id='par_1_5' title="bbox 1061 146 1871 187">
     <span class='ocr_line' id='line_1_5' title="bbox 1061 146 1871 187; baseline -0.009 -9"><span class='ocrx_word' id='word_1_15' title='bbox 1061 152 1136 187; x_wconf 72' lang='grc' dir='ltr'><strong>ἡμῶν</strong></span> <span class='ocrx_word' id='word_1_16' title='bbox 1151 153 1164 178; x_wconf 82' lang='grc' dir='ltr'>ὁ</span> <span class='ocrx_word' id='word_1_17' title='bbox 1182 152 1363 185; x_wconf 63' lang='grc' dir='ltr'><strong>σταυμωῠείς.</strong></span> <span class='ocrx_word' id='word_1_18' title='bbox 1383 151 1438 177; x_wconf 81' lang='grc' dir='ltr'><strong>Καί</strong></span> <span class='ocrx_word' id='word_1_19' title='bbox 1456 158 1535 186; x_wconf 76' lang='grc' dir='ltr'><strong>φησι,</strong></span> <span class='ocrx_word' id='word_1_20' title='bbox 1555 159 1564 176; x_wconf 88' lang='grc'><strong><em>‹</em></strong></span> <span class='ocrx_word' id='word_1_21' title='bbox 1582 150 1655 177; x_wconf 78' lang='grc' dir='ltr'><strong>Λάϐε</strong></span> <span class='ocrx_word' id='word_1_22' title='bbox 1678 148 1781 183; x_wconf 80' lang='grc' dir='ltr'><strong>ταύτην</strong></span> <span class='ocrx_word' id='word_1_23' title='bbox 1800 146 1871 181; x_wconf 74' lang='grc' dir='ltr'><strong>τὴν</strong></span> 
     </span>
    </p>
   </div>
   <div class='ocr_carea' id='block_1_6' title="bbox 219 196 1006 232">
    <p class='ocr_par' dir='ltr' id='par_1_6' title="bbox 219 196 1006 232">
     <span class='ocr_line' id='line_1_6' title="bbox 219 196 1006 232; baseline -0.003 -7"><span class='ocrx_word' id='word_1_24' title='bbox 219 198 342 232; x_wconf 90' lang='lat' dir='ltr'><strong>illudque</strong></span> <span class='ocrx_word' id='word_1_25' title='bbox 353 197 461 224; x_wconf 85' lang='lat' dir='ltr'><strong>custodi</strong></span> <span class='ocrx_word' id='word_1_26' title='bbox 481 198 514 224; x_wconf 86' lang='lat' dir='ltr'><strong>ad</strong></span> <span class='ocrx_word' id='word_1_27' title='bbox 531 197 677 224; x_wconf 75' lang='lat' dir='ltr'><strong>adventum</strong></span> <span class='ocrx_word' id='word_1_28' title='bbox 698 196 820 229; x_wconf 87' lang='lat' dir='ltr'><strong>Domini,</strong></span> <span class='ocrx_word' id='word_1_29' title='bbox 833 204 895 224; x_wconf 90' lang='lat' dir='ltr'><strong>cum</strong></span> <span class='ocrx_word' id='word_1_30' title='bbox 912 196 978 223; x_wconf 89' lang='lat' dir='ltr'><strong>illud</strong></span> <span class='ocrx_word' id='word_1_31' title='bbox 991 204 1006 223; x_wconf 91' lang='lat' dir='ltr'><strong>a</strong></span> 
     </span>
    </p>
   </div>
   <div class='ocr_carea' id='block_1_7' title="bbox 220 241 1008 278">
    <p class='ocr_par' dir='ltr' id='par_1_7' title="bbox 220 241 1008 278">
     <span class='ocr_line' id='line_1_7' title="bbox 220 241 1008 278; baseline -0.003 -8"><span class='ocrx_word' id='word_1_32' title='bbox 220 250 247 270; x_wconf 80' lang='lat' dir='ltr'><strong>re</strong></span> <span class='ocrx_word' id='word_1_33' title='bbox 264 243 446 278; x_wconf 73' lang='lat' dir='ltr'><strong>requisiturus</strong></span> <span class='ocrx_word' id='word_1_34' title='bbox 460 246 512 271; x_wconf 90' lang='lat' dir='ltr'><strong>est.</strong></span> <span class='ocrx_word' id='word_1_35' title='bbox 529 252 538 268; x_wconf 74' lang='grc' dir='ltr'><strong>ι</strong></span> <span class='ocrx_word' id='word_1_36' title='bbox 562 242 614 270; x_wconf 74' lang='lat' dir='ltr'><strong>Res</strong></span> <span class='ocrx_word' id='word_1_37' title='bbox 629 242 687 270; x_wconf 69' lang='lat' dir='ltr'><strong>hiec</strong></span> <span class='ocrx_word' id='word_1_38' title='bbox 710 247 828 270; x_wconf 85' lang='lat' dir='ltr'><strong>tremore</strong></span> <span class='ocrx_word' id='word_1_39' title='bbox 841 246 868 269; x_wconf 91' lang='lat' dir='ltr'><strong>et</strong></span> <span class='ocrx_word' id='word_1_40' title='bbox 895 241 1008 269; x_wconf 85' lang='lat' dir='ltr'><strong>horrore</strong></span> 
     </span>
    </p>
   </div>
   <div class='ocr_carea' id='block_1_8' title="bbox 219 286 1007 322">
    <p class='ocr_par' dir='ltr' id='par_1_8' title="bbox 219 286 1007 322">
     <span class='ocr_line' id='line_1_8' title="bbox 219 286 1007 322; baseline -0.003 -8"><span class='ocrx_word' id='word_1_41' title='bbox 219 289 330 314; x_wconf 91' lang='lat' dir='ltr'><strong>omnino</strong></span> <span class='ocrx_word' id='word_1_42' title='bbox 345 288 424 322; x_wconf 85' lang='lat' dir='ltr'><strong>plena</strong></span> <span class='ocrx_word' id='word_1_43' title='bbox 439 293 491 315; x_wconf 89' lang='lat' dir='ltr'><strong>est.</strong></span> <span class='ocrx_word' id='word_1_44' title='bbox 506 287 633 315; x_wconf 91' lang='lat' dir='ltr'><strong>Ostendit</strong></span> <span class='ocrx_word' id='word_1_45' title='bbox 651 287 726 314; x_wconf 90' lang='lat' dir='ltr'><strong>enim</strong></span> <span class='ocrx_word' id='word_1_46' title='bbox 741 294 802 314; x_wconf 85' lang='lat' dir='ltr'><strong>cum</strong></span> <span class='ocrx_word' id='word_1_47' title='bbox 816 286 1007 322; x_wconf 79' lang='lat' dir='ltr'><strong>mysteriorum</strong></span> 
     </span>
    </p>
   </div>
   <div class='ocr_carea' id='block_1_9' title="bbox 220 331 1009 367">
    <p class='ocr_par' dir='ltr' id='par_1_9' title="bbox 220 331 1009 367">
     <span class='ocr_line' id='line_1_9' title="bbox 220 331 1009 367; baseline -0.004 -7"><span class='ocrx_word' id='word_1_48' title='bbox 220 332 267 360; x_wconf 84' lang='lat' dir='ltr'><strong>Dei</strong></span> <span class='ocrx_word' id='word_1_49' title='bbox 279 341 451 360; x_wconf 76' lang='lat' dir='ltr'><strong>(economum</strong></span> <span class='ocrx_word' id='word_1_50' title='bbox 472 333 586 364; x_wconf 80' lang='lat' dir='ltr'><strong>factum,</strong></span> <span class='ocrx_word' id='word_1_51' title='bbox 603 339 687 367; x_wconf 87' lang='lat' dir='ltr'><strong>seque</strong></span> <span class='ocrx_word' id='word_1_52' title='bbox 701 331 914 360; x_wconf 82' lang='lat' dir='ltr'><strong>sacrificandum</strong></span> <span class='ocrx_word' id='word_1_53' title='bbox 929 339 1009 358; x_wconf 76' lang='lat' dir='ltr'><strong>acce-</strong></span> 
     </span>
    </p>
   </div>
   <div class='ocr_carea' id='block_1_10' title="bbox 219 376 1007 414">
    <p class='ocr_par' dir='ltr' id='par_1_10' title="bbox 219 376 1007 414">
     <span class='ocr_line' id='line_1_10' title="bbox 219 376 1007 414; baseline -0.005 -8"><span class='ocrx_word' id='word_1_54' title='bbox 219 378 392 414; x_wconf 80' lang='lat' dir='ltr'><strong>pisseJcsum</strong></span> <span class='ocrx_word' id='word_1_55' title='bbox 415 380 504 413; x_wconf 85' lang='lat' dir='ltr'><strong>ipsum</strong></span> <span class='ocrx_word' id='word_1_56' title='bbox 518 385 614 413; x_wconf 91' lang='lat' dir='ltr'><strong>panem</strong></span> <span class='ocrx_word' id='word_1_57' title='bbox 632 379 777 410; x_wconf 81' lang='lat' dir='ltr'><strong>viventem,</strong></span> <span class='ocrx_word' id='word_1_58' title='bbox 791 381 818 405; x_wconf 89' lang='lat' dir='ltr'><strong>et</strong></span> <span class='ocrx_word' id='word_1_59' title='bbox 837 385 891 404; x_wconf 90' lang='lat' dir='ltr'><strong>non</strong></span> <span class='ocrx_word' id='word_1_60' title='bbox 903 376 986 404; x_wconf 82' lang='lat' dir='ltr'><strong>alium</strong></span> <span class='ocrx_word' id='word_1_61' title='bbox 999 385 1007 410; x_wconf 84' lang='lat'><strong>;</strong></span> 
     </span>
    </p>
   </div>
   <div class='ocr_carea' id='block_1_11' title="bbox 219 422 1008 459">
    <p class='ocr_par' dir='ltr' id='par_1_11' title="bbox 219 422 1008 459">
     <span class='ocr_line' id='line_1_11' title="bbox 219 422 1008 459; baseline -0.004 -8"><span class='ocrx_word' id='word_1_62' title='bbox 219 426 363 459; x_wconf 87' lang='lat' dir='ltr'><strong>ipsumque</strong></span> <span class='ocrx_word' id='word_1_63' title='bbox 378 430 405 451; x_wconf 91' lang='lat' dir='ltr'><strong>et</strong></span> <span class='ocrx_word' id='word_1_64' title='bbox 427 424 498 450; x_wconf 85' lang='lat' dir='ltr'><strong>illius</strong></span> <span class='ocrx_word' id='word_1_65' title='bbox 522 423 709 451; x_wconf 83' lang='lat' dir='ltr'><strong>sacerdotium</strong></span> <span class='ocrx_word' id='word_1_66' title='bbox 726 427 755 449; x_wconf 91' lang='lat' dir='ltr'><strong>ut</strong></span> <span class='ocrx_word' id='word_1_67' title='bbox 778 422 932 456; x_wconf 88' lang='lat' dir='ltr'><strong>depositum</strong></span> <span class='ocrx_word' id='word_1_68' title='bbox 958 422 1008 456; x_wconf 82' lang='lat' dir='ltr'><strong>ipsi</strong></span> 
     </span>
    </p>
   </div>
   <div class='ocr_carea' id='block_1_12' title="bbox 219 467 1007 503">
    <p class='ocr_par' dir='ltr' id='par_1_12' title="bbox 219 467 1007 503">
     <span class='ocr_line' id='line_1_12' title="bbox 219 467 1007 503; baseline -0.004 -7"><span class='ocrx_word' id='word_1_69' title='bbox 219 469 354 497; x_wconf 89' lang='lat' dir='ltr'><strong>creditum</strong></span> <span class='ocrx_word' id='word_1_70' title='bbox 375 477 446 500; x_wconf 84' lang='lat' dir='ltr'><strong>esse,</strong></span> <span class='ocrx_word' id='word_1_71' title='bbox 462 477 549 503; x_wconf 86' lang='lat' dir='ltr'><strong>caque</strong></span> <span class='ocrx_word' id='word_1_72' title='bbox 565 469 652 496; x_wconf 88' lang='lat' dir='ltr'><strong>teneri</strong></span> <span class='ocrx_word' id='word_1_73' title='bbox 671 475 801 501; x_wconf 85' lang='lat' dir='ltr'><strong>servare;</strong></span> <span class='ocrx_word' id='word_1_74' title='bbox 820 467 1007 495; x_wconf 84' lang='lat' dir='ltr'><strong>sacerdotium</strong></span> 
     </span>
    </p>
   </div>
   <div class='ocr_carea' id='block_1_13' title="bbox 218 513 1009 548">
    <p class='ocr_par' dir='ltr' id='par_1_13' title="bbox 218 513 1009 548">
     <span class='ocr_line' id='line_1_13' title="bbox 218 513 1009 548; baseline -0.003 -6"><span class='ocrx_word' id='word_1_75' title='bbox 218 516 356 546; x_wconf 79' lang='lat' dir='ltr'><strong>videlicet,</strong></span> <span class='ocrx_word' id='word_1_76' title='bbox 372 520 400 542; x_wconf 91' lang='lat' dir='ltr'><strong>et</strong></span> <span class='ocrx_word' id='word_1_77' title='bbox 415 522 522 542; x_wconf 81' lang='lat' dir='ltr'><strong>sacram</strong></span> <span class='ocrx_word' id='word_1_78' title='bbox 535 515 673 542; x_wconf 86' lang='lat' dir='ltr'><strong>actionem</strong></span> <span class='ocrx_word' id='word_1_79' title='bbox 687 513 872 545; x_wconf 85' lang='lat' dir='ltr'><strong>immaculata,</strong></span> <span class='ocrx_word' id='word_1_80' title='bbox 890 520 922 540; x_wconf 90' lang='lat' dir='ltr'><strong>eo</strong></span> <span class='ocrx_word' id='word_1_81' title='bbox 936 513 1009 548; x_wconf 87' lang='lat' dir='ltr'><strong>quod</strong></span> 
     </span>
    </p>
   </div>
   <div class='ocr_carea' id='block_1_14' title="bbox 219 559 1008 590">
    <p class='ocr_par' dir='ltr' id='par_1_14' title="bbox 219 559 1008 590">
     <span class='ocr_line' id='line_1_14' title="bbox 219 559 1008 590; baseline -0.004 -1"><span class='ocrx_word' id='word_1_82' title='bbox 219 563 350 590; x_wconf 83' lang='lat' dir='ltr'><strong>Dominus</strong></span> <span class='ocrx_word' id='word_1_83' title='bbox 368 562 499 589; x_wconf 87' lang='lat' dir='ltr'><strong>rationem</strong></span> <span class='ocrx_word' id='word_1_84' title='bbox 518 559 769 589; x_wconf 63' lang='lat' dir='ltr'><strong>administrationis</strong></span> <span class='ocrx_word' id='word_1_85' title='bbox 790 559 907 587; x_wconf 89' lang='lat' dir='ltr'><strong>istorum</strong></span> <span class='ocrx_word' id='word_1_86' title='bbox 923 559 957 586; x_wconf 88' lang='lat' dir='ltr'><strong>ab</strong></span> <span class='ocrx_word' id='word_1_87' title='bbox 975 566 1008 586; x_wconf 82' lang='lat' dir='ltr'><strong>eo</strong></span> 
     </span>
    </p>
   </div>
   <div class='ocr_carea' id='block_1_15' title="bbox 220 610 350 643">
    <p class='ocr_par' dir='ltr' id='par_1_15' title="bbox 220 610 350 643">
     <span class='ocr_line' id='line_1_15' title="bbox 220 610 350 643; baseline 0 -8"><span class='ocrx_word' id='word_1_88' title='bbox 220 610 350 643; x_wconf 76' lang='lat' dir='ltr'><strong>requiret.</strong></span> 
     </span>
    </p>
   </div>
   <div class='ocr_carea' id='block_1_16' title="bbox 463 663 776 692">
    <p class='ocr_par' dir='ltr' id='par_1_16' title="bbox 463 663 776 692">
     <span class='ocr_line' id='line_1_16' title="bbox 463 663 776 692; baseline -0.006 0"><span class='ocrx_word' id='word_1_89' title='bbox 463 663 577 692; x_wconf 78' lang='lat' dir='ltr'><strong>CAPUT</strong></span> <span class='ocrx_word' id='word_1_90' title='bbox 607 663 776 690; x_wconf 72' lang='lat' dir='ltr'><strong>CLXXXIII.</strong></span> 
     </span>
    </p>
   </div>
   <div class='ocr_carea' id='block_1_17' title="bbox 256 707 974 768">
    <p class='ocr_par' dir='ltr' id='par_1_17' title="bbox 256 707 974 768">
     <span class='ocr_line' id='line_1_17' title="bbox 256 707 974 768; baseline -0.01 -29"><span class='ocrx_word' id='word_1_91' title='bbox 256 712 332 745; x_wconf 81' lang='lat' dir='ltr'><strong>Quod</strong></span> <span class='ocrx_word' id='word_1_92' title='bbox 347 711 456 747; x_wconf 81' lang='lat' dir='ltr'><strong>periculi</strong></span> <span class='ocrx_word' id='word_1_93' title='bbox 469 710 575 745; x_wconf 86' lang='lat' dir='ltr'><strong>plenum</strong></span> <span class='ocrx_word' id='word_1_94' title='bbox 591 714 629 768; x_wconf 62' lang='lat' dir='ltr'><strong>elst</strong></span> <span class='ocrx_word' id='word_1_95' title='bbox 647 716 731 734; x_wconf 73' lang='lat' dir='ltr'><strong>sacrm</strong></span> <span class='ocrx_word' id='word_1_96' title='bbox 754 707 841 735; x_wconf 72' lang='lat' dir='ltr'><strong>niissw</strong></span> <span class='ocrx_word' id='word_1_97' title='bbox 862 707 974 741; x_wconf 79' lang='lat' dir='ltr'><strong>olﬂcium</strong></span> 
     </span>
     <span class='ocr_line' id='line_1_18' title="bbox 547 751 690 768; baseline 0 0"><span class='ocrx_word' id='word_1_98' title='bbox 547 752 595 768; x_wconf 74' lang='grc' dir='ltr'><strong>ηεα</strong></span> <span class='ocrx_word' id='word_1_99' title='bbox 611 751 690 768; x_wconf 82' lang='lat' dir='ltr'><strong>mere.</strong></span> 
     </span>
    </p>
   </div>
   <div class='ocr_carea' id='block_1_18' title="bbox 547 751 690 778">
    <p class='ocr_par' dir='ltr' id='par_1_18' title="bbox 547 751 690 778">
     <span class='ocr_line' id='line_1_19' title="bbox 547 751 690 778; baseline -0.007 -8"><span class='ocrx_word' id='word_1_100' title='bbox 547 751 690 778; x_wconf 77' lang='lat' dir='ltr'><strong>negligere.</strong></span> 
     </span>
    </p>
   </div>
   <div class='ocr_carea' id='block_1_19' title="bbox 254 789 1007 825">
    <p class='ocr_par' dir='ltr' id='par_1_19' title="bbox 254 789 1007 825">
     <span class='ocr_line' id='line_1_20' title="bbox 254 789 1007 825; baseline -0.007 -6"><span class='ocrx_word' id='word_1_101' title='bbox 254 792 306 820; x_wconf 90' lang='lat' dir='ltr'><strong>Ubi</strong></span> <span class='ocrx_word' id='word_1_102' title='bbox 325 799 398 819; x_wconf 90' lang='lat' dir='ltr'><strong>nunc</strong></span> <span class='ocrx_word' id='word_1_103' title='bbox 416 795 481 818; x_wconf 88' lang='lat' dir='ltr'><strong>sunt</strong></span> <span class='ocrx_word' id='word_1_104' title='bbox 509 790 556 825; x_wconf 90' lang='lat' dir='ltr'><strong>qni</strong></span> <span class='ocrx_word' id='word_1_105' title='bbox 593 789 742 817; x_wconf 73' lang='lat' dir='ltr'><strong>sacerdotii</strong></span> <span class='ocrx_word' id='word_1_106' title='bbox 769 789 857 823; x_wconf 78' lang='lat' dir='ltr'><strong>gratia</strong></span> <span class='ocrx_word' id='word_1_107' title='bbox 886 791 1007 822; x_wconf 79' lang='lat' dir='ltr'><strong>accepta,</strong></span> 
     </span>
    </p>
   </div>
   <div class='ocr_carea' id='block_1_20' title="bbox 219 834 1006 871">
    <p class='ocr_par' dir='ltr' id='par_1_20' title="bbox 219 834 1006 871">
     <span class='ocr_line' id='line_1_21' title="bbox 219 834 1006 871; baseline -0.009 -5"><span class='ocrx_word' id='word_1_108' title='bbox 219 839 308 866; x_wconf 75' lang='lat' dir='ltr'><strong>cilicia</strong></span> <span class='ocrx_word' id='word_1_109' title='bbox 322 837 505 866; x_wconf 78' lang='lat' dir='ltr'><strong>sacerdotalia</strong></span> <span class='ocrx_word' id='word_1_110' title='bbox 522 836 689 871; x_wconf 83' lang='lat' dir='ltr'><strong>quibusdam</strong></span> <span class='ocrx_word' id='word_1_111' title='bbox 715 834 912 862; x_wconf 82' lang='lat' dir='ltr'><strong>occasionibus</strong></span> <span class='ocrx_word' id='word_1_112' title='bbox 948 834 1006 868; x_wconf 91' lang='lat' dir='ltr'><strong>pie-</strong></span> 
     </span>
    </p>
   </div>
   <div class='ocr_carea' id='block_1_21' title="bbox 219 877 1007 918">
    <p class='ocr_par' dir='ltr' id='par_1_21' title="bbox 219 877 1007 918">
     <span class='ocr_line' id='line_1_22' title="bbox 219 877 1007 918; baseline -0.01 -6"><span class='ocrx_word' id='word_1_113' title='bbox 219 885 284 912; x_wconf 90' lang='lat' dir='ltr'><strong>tatis</strong></span> <span class='ocrx_word' id='word_1_114' title='bbox 317 883 434 918; x_wconf 85' lang='lat' dir='ltr'><strong>speciem</strong></span> <span class='ocrx_word' id='word_1_115' title='bbox 452 887 480 910; x_wconf 87' lang='lat' dir='ltr'><strong>et</strong></span> <span class='ocrx_word' id='word_1_116' title='bbox 508 881 678 917; x_wconf 83' lang='lat' dir='ltr'><strong>opinionem,</strong></span> <span class='ocrx_word' id='word_1_117' title='bbox 699 888 792 908; x_wconf 82' lang='lat' dir='ltr'><strong>revera</strong></span> <span class='ocrx_word' id='word_1_118' title='bbox 819 885 909 907; x_wconf 89' lang='lat' dir='ltr'><strong>autem</strong></span> <span class='ocrx_word' id='word_1_119' title='bbox 939 877 1007 906; x_wconf 85' lang='lat' dir='ltr'><strong>nihil</strong></span> 
     </span>
    </p>
   </div>
   <div class='ocr_carea' id='block_1_22' title="bbox 219 925 1007 966">
    <p class='ocr_par' dir='ltr' id='par_1_22' title="bbox 219 925 1007 966">
     <span class='ocr_line' id='line_1_23' title="bbox 219 925 1007 966; baseline -0.009 -8"><span class='ocrx_word' id='word_1_120' title='bbox 219 930 328 966; x_wconf 80' lang='lat' dir='ltr'><strong>pietatis</strong></span> <span class='ocrx_word' id='word_1_121' title='bbox 344 929 507 957; x_wconf 82' lang='lat' dir='ltr'><strong>habentibus</strong></span> <span class='ocrx_word' id='word_1_122' title='bbox 535 927 689 962; x_wconf 72' lang='lat' dir='ltr'><strong>negligunl,</strong></span> <span class='ocrx_word' id='word_1_123' title='bbox 716 931 743 953; x_wconf 86' lang='lat' dir='ltr'><strong>et</strong></span> <span class='ocrx_word' id='word_1_124' title='bbox 770 925 869 960; x_wconf 86' lang='lat' dir='ltr'><strong>supine</strong></span> <span class='ocrx_word' id='word_1_125' title='bbox 895 925 1007 956; x_wconf 81' lang='lat' dir='ltr'><strong>habent,</strong></span> 
     </span>
    </p>
   </div>
   <div class='ocr_carea' id='block_1_23' title="bbox 219 971 1008 1009">
    <p class='ocr_par' dir='ltr' id='par_1_23' title="bbox 219 971 1008 1009">
     <span class='ocr_line' id='line_1_24' title="bbox 219 971 1008 1009; baseline -0.006 -6"><span class='ocrx_word' id='word_1_126' title='bbox 219 976 417 1004; x_wconf 81' lang='lat' dir='ltr'><strong>semeltantum</strong></span> <span class='ocrx_word' id='word_1_127' title='bbox 443 974 526 1009; x_wconf 90' lang='lat' dir='ltr'><strong>idque</strong></span> <span class='ocrx_word' id='word_1_128' title='bbox 552 972 738 1008; x_wconf 78' lang='lat' dir='ltr'><strong>perfunctorie</strong></span> <span class='ocrx_word' id='word_1_129' title='bbox 759 979 791 999; x_wconf 81' lang='lat' dir='ltr'><strong>ea</strong></span> <span class='ocrx_word' id='word_1_130' title='bbox 816 971 1008 1006; x_wconf 71' lang='lat' dir='ltr'><strong>contingentes</strong></span> 
     </span>
    </p>
   </div>
   <div class='ocr_carea' id='block_1_24' title="bbox 219 1018 1009 1054">
    <p class='ocr_par' dir='ltr' id='par_1_24' title="bbox 219 1018 1009 1054">
     <span class='ocr_line' id='line_1_25' title="bbox 219 1018 1009 1054; baseline -0.006 -4"><span class='ocrx_word' id='word_1_131' title='bbox 219 1028 247 1050; x_wconf 91' lang='lat' dir='ltr'><strong>et</strong></span> <span class='ocrx_word' id='word_1_132' title='bbox 260 1021 439 1049; x_wconf 77' lang='lat' dir='ltr'><strong>exercentes?</strong></span> <span class='ocrx_word' id='word_1_133' title='bbox 456 1019 618 1054; x_wconf 88' lang='lat' dir='ltr'><strong>IIujusmodi</strong></span> <span class='ocrx_word' id='word_1_134' title='bbox 634 1019 769 1046; x_wconf 79' lang='lat' dir='ltr'><strong>rationem</strong></span> <span class='ocrx_word' id='word_1_135' title='bbox 785 1018 898 1046; x_wconf 65' lang='lat' dir='ltr'><strong>incuria:</strong></span> <span class='ocrx_word' id='word_1_136' title='bbox 911 1024 1009 1053; x_wconf 90' lang='lat' dir='ltr'><strong>postu-</strong></span> 
     </span>
    </p>
   </div>
   <div class='ocr_carea' id='block_1_25' title="bbox 221 1063 1007 1101">
    <p class='ocr_par' dir='ltr' id='par_1_25' title="bbox 221 1063 1007 1101">
     <span class='ocr_line' id='line_1_26' title="bbox 221 1063 1007 1101; baseline -0.008 -5"><span class='ocrx_word' id='word_1_137' title='bbox 221 1069 361 1099; x_wconf 89' lang='lat' dir='ltr'><strong>labuntur,</strong></span> <span class='ocrx_word' id='word_1_138' title='bbox 375 1067 505 1101; x_wconf 84' lang='lat' dir='ltr'><strong>quidnam</strong></span> <span class='ocrx_word' id='word_1_139' title='bbox 534 1065 617 1092; x_wconf 79' lang='lat' dir='ltr'><strong>fuerit</strong></span> <span class='ocrx_word' id='word_1_140' title='bbox 640 1065 714 1099; x_wconf 89' lang='lat' dir='ltr'><strong>quod</strong></span> <span class='ocrx_word' id='word_1_141' title='bbox 731 1071 780 1091; x_wconf 86' lang='lat' dir='ltr'><strong>eos</strong></span> <span class='ocrx_word' id='word_1_142' title='bbox 797 1064 832 1091; x_wconf 86' lang='lat' dir='ltr'><strong>ab</strong></span> <span class='ocrx_word' id='word_1_143' title='bbox 852 1063 1007 1091; x_wconf 71' lang='lat' dir='ltr'><strong>exercendo</strong></span> 
     </span>
    </p>
   </div>
   <div class='ocr_carea' id='block_1_26' title="bbox 220 1109 1008 1146">
    <p class='ocr_par' dir='ltr' id='par_1_26' title="bbox 220 1109 1008 1146">
     <span class='ocr_line' id='line_1_27' title="bbox 220 1109 1008 1146; baseline -0.006 -5"><span class='ocrx_word' id='word_1_144' title='bbox 220 1121 334 1141; x_wconf 88' lang='lat' dir='ltr'><strong>munere</strong></span> <span class='ocrx_word' id='word_1_145' title='bbox 350 1112 531 1146; x_wconf 84' lang='lat' dir='ltr'><strong>prohibuerit.</strong></span> <span class='ocrx_word' id='word_1_146' title='bbox 547 1111 617 1138; x_wconf 83' lang='lat' dir='ltr'><strong>Tum</strong></span> <span class='ocrx_word' id='word_1_147' title='bbox 629 1111 702 1138; x_wconf 88' lang='lat' dir='ltr'><strong>enim</strong></span> <span class='ocrx_word' id='word_1_148' title='bbox 718 1109 908 1144; x_wconf 65' lang='lat' dir='ltr'><strong>paenitentiam</strong></span> <span class='ocrx_word' id='word_1_149' title='bbox 926 1117 1008 1144; x_wconf 72' lang='lat' dir='ltr'><strong>agen-</strong></span> 
     </span>
    </p>
   </div>
   <div class='ocr_carea' id='block_1_27' title="bbox 221 1156 1007 1191">
    <p class='ocr_par' dir='ltr' id='par_1_27' title="bbox 221 1156 1007 1191">
     <span class='ocr_line' id='line_1_28' title="bbox 221 1156 1007 1191; baseline -0.005 -5"><span class='ocrx_word' id='word_1_150' title='bbox 221 1166 261 1186; x_wconf 90' lang='lat' dir='ltr'><strong>tes</strong></span> <span class='ocrx_word' id='word_1_151' title='bbox 287 1166 302 1185; x_wconf 91' lang='lat' dir='ltr'><strong>a</strong></span> <span class='ocrx_word' id='word_1_152' title='bbox 332 1158 479 1186; x_wconf 86' lang='lat' dir='ltr'><strong>sacerdotii</strong></span> <span class='ocrx_word' id='word_1_153' title='bbox 507 1157 640 1185; x_wconf 77' lang='lat' dir='ltr'><strong>exercitio</strong></span> <span class='ocrx_word' id='word_1_154' title='bbox 670 1156 780 1191; x_wconf 85' lang='lat' dir='ltr'><strong>penitus</strong></span> <span class='ocrx_word' id='word_1_155' title='bbox 802 1162 1007 1183; x_wconf 80' lang='lat' dir='ltr'><strong>rcnmveautur.</strong></span> 
     </span>
    </p>
   </div>
   <div class='ocr_carea' id='block_1_28' title="bbox 219 1201 1007 1239">
    <p class='ocr_par' dir='ltr' id='par_1_28' title="bbox 219 1201 1007 1239">
     <span class='ocr_line' id='line_1_29' title="bbox 219 1201 1007 1239; baseline -0.005 -7"><span class='ocrx_word' id='word_1_156' title='bbox 219 1205 345 1239; x_wconf 82' lang='lat' dir='ltr'><strong>Qnandiu</strong></span> <span class='ocrx_word' id='word_1_157' title='bbox 367 1208 458 1231; x_wconf 87' lang='lat' dir='ltr'><strong>autem</strong></span> <span class='ocrx_word' id='word_1_158' title='bbox 475 1203 662 1231; x_wconf 86' lang='lat' dir='ltr'><strong>sacerdotium</strong></span> <span class='ocrx_word' id='word_1_159' title='bbox 675 1203 786 1234; x_wconf 79' lang='lat' dir='ltr'><strong>retines,</strong></span> <span class='ocrx_word' id='word_1_160' title='bbox 802 1206 830 1229; x_wconf 92' lang='lat' dir='ltr'><strong>ct</strong></span> <span class='ocrx_word' id='word_1_161' title='bbox 845 1209 898 1228; x_wconf 92' lang='lat' dir='ltr'><strong>non</strong></span> <span class='ocrx_word' id='word_1_162' title='bbox 914 1201 1007 1236; x_wconf 88' lang='lat' dir='ltr'><strong>prohi-</strong></span> 
     </span>
    </p>
   </div>
   <div class='ocr_carea' id='block_1_29' title="bbox 221 1247 1009 1286">
    <p class='ocr_par' dir='ltr' id='par_1_29' title="bbox 221 1247 1009 1286">
     <span class='ocr_line' id='line_1_30' title="bbox 221 1247 1009 1286; baseline -0.008 -7"><span class='ocrx_word' id='word_1_163' title='bbox 221 1252 305 1284; x_wconf 77' lang='lat' dir='ltr'><strong>heris,</strong></span> <span class='ocrx_word' id='word_1_164' title='bbox 321 1251 397 1286; x_wconf 89' lang='lat' dir='ltr'><strong>operi</strong></span> <span class='ocrx_word' id='word_1_165' title='bbox 411 1257 491 1278; x_wconf 83' lang='lat' dir='ltr'><strong>sacro</strong></span> <span class='ocrx_word' id='word_1_166' title='bbox 516 1253 651 1284; x_wconf 83' lang='lat' dir='ltr'><strong>quantum</strong></span> <span class='ocrx_word' id='word_1_167' title='bbox 681 1248 785 1276; x_wconf 89' lang='lat' dir='ltr'><strong>homini</strong></span> <span class='ocrx_word' id='word_1_168' title='bbox 818 1247 877 1274; x_wconf 79' lang='lat' dir='ltr'><strong>ﬁeri</strong></span> <span class='ocrx_word' id='word_1_169' title='bbox 907 1247 1009 1282; x_wconf 90' lang='lat' dir='ltr'><strong>poterit</strong></span> 
     </span>
    </p>
   </div>
   <div class='ocr_carea' id='block_1_30' title="bbox 221 1290 1007 1330">
    <p class='ocr_par' dir='ltr' id='par_1_30' title="bbox 221 1290 1007 1330">
     <span class='ocr_line' id='line_1_31' title="bbox 221 1290 1007 1330; baseline -0.006 -4"><span class='ocrx_word' id='word_1_170' title='bbox 221 1299 331 1326; x_wconf 84' lang='lat' dir='ltr'><strong>insiste.</strong></span> <span class='ocrx_word' id='word_1_171' title='bbox 352 1298 400 1325; x_wconf 85' lang='lat' dir='ltr'><strong>Est</strong></span> <span class='ocrx_word' id='word_1_172' title='bbox 411 1290 485 1324; x_wconf 73' lang='lat' dir='ltr'><strong>enim</strong></span> <span class='ocrx_word' id='word_1_173' title='bbox 496 1303 565 1330; x_wconf 85' lang='lat' dir='ltr'><strong>opus</strong></span> <span class='ocrx_word' id='word_1_174' title='bbox 578 1295 644 1323; x_wconf 90' lang='lat' dir='ltr'><strong>illud</strong></span> <span class='ocrx_word' id='word_1_175' title='bbox 655 1294 750 1322; x_wconf 90' lang='lat' dir='ltr'><strong>mundi</strong></span> <span class='ocrx_word' id='word_1_176' title='bbox 765 1293 842 1321; x_wconf 87' lang='lat' dir='ltr'><strong>salus</strong></span> <span class='ocrx_word' id='word_1_177' title='bbox 854 1297 880 1321; x_wconf 89' lang='lat' dir='ltr'><strong>et</strong></span> <span class='ocrx_word' id='word_1_178' title='bbox 896 1301 1007 1322; x_wconf 85' lang='lat' dir='ltr'><strong>conser-</strong></span> 
     </span>
    </p>
   </div>
   <div class='ocr_carea' id='block_1_31' title="bbox 221 1342 308 1370">
    <p class='ocr_par' dir='ltr' id='par_1_31' title="bbox 221 1342 308 1370">
     <span class='ocr_line' id='line_1_32' title="bbox 221 1342 308 1370; baseline -0.023 0"><span class='ocrx_word' id='word_1_179' title='bbox 221 1342 308 1370; x_wconf 81' lang='lat' dir='ltr'><strong>vatio.</strong></span> 
     </span>
    </p>
   </div>
   <div class='ocr_carea' id='block_1_32' title="bbox 257 1384 1006 1422">
    <p class='ocr_par' dir='ltr' id='par_1_32' title="bbox 257 1384 1006 1422">
     <span class='ocr_line' id='line_1_33' title="bbox 257 1384 1006 1422; baseline -0.003 -7"><span class='ocrx_word' id='word_1_180' title='bbox 257 1388 404 1422; x_wconf 84' lang='lat' dir='ltr'><strong>Postquam</strong></span> <span class='ocrx_word' id='word_1_181' title='bbox 422 1385 506 1421; x_wconf 79' lang='lat' dir='ltr'><strong>igitur</strong></span> <span class='ocrx_word' id='word_1_182' title='bbox 519 1384 641 1421; x_wconf 79' lang='lat' dir='ltr'><strong>episcopi</strong></span> <span class='ocrx_word' id='word_1_183' title='bbox 661 1392 770 1412; x_wconf 88' lang='lat' dir='ltr'><strong>manum</strong></span> <span class='ocrx_word' id='word_1_184' title='bbox 786 1384 927 1413; x_wconf 84' lang='lat' dir='ltr'><strong>osculatus</strong></span> <span class='ocrx_word' id='word_1_185' title='bbox 953 1390 1006 1417; x_wconf 89' lang='lat' dir='ltr'><strong>est,</strong></span> 
     </span>
    </p>
   </div>
   <div class='ocr_carea' id='block_1_33' title="bbox 219 1431 1007 1466">
    <p class='ocr_par' dir='ltr' id='par_1_33' title="bbox 219 1431 1007 1466">
     <span class='ocr_line' id='line_1_34' title="bbox 219 1431 1007 1466; baseline -0.004 -5"><span class='ocrx_word' id='word_1_186' title='bbox 219 1439 248 1462; x_wconf 91' lang='lat' dir='ltr'><strong>et</strong></span> <span class='ocrx_word' id='word_1_187' title='bbox 276 1441 349 1461; x_wconf 89' lang='lat' dir='ltr'><strong>cum.</strong></span> <span class='ocrx_word' id='word_1_188' title='bbox 365 1432 457 1461; x_wconf 82' lang='lat' dir='ltr'><strong>cordis</strong></span> <span class='ocrx_word' id='word_1_189' title='bbox 485 1432 651 1459; x_wconf 86' lang='lat' dir='ltr'><strong>contritione</strong></span> <span class='ocrx_word' id='word_1_190' title='bbox 677 1439 805 1466; x_wconf 71' lang='lat' dir='ltr'><strong>egressus</strong></span> <span class='ocrx_word' id='word_1_191' title='bbox 823 1437 877 1464; x_wconf 80' lang='lat' dir='ltr'><strong>est,</strong></span> <span class='ocrx_word' id='word_1_192' title='bbox 907 1431 1007 1464; x_wconf 79' lang='lat' dir='ltr'><strong>defert,</strong></span> 
     </span>
    </p>
   </div>
   <div class='ocr_carea' id='block_1_34' title="bbox 220 1477 1004 1512">
    <p class='ocr_par' dir='ltr' id='par_1_34' title="bbox 220 1477 1004 1512">
     <span class='ocr_line' id='line_1_35' title="bbox 220 1477 1004 1512; baseline -0.004 -5"><span class='ocrx_word' id='word_1_193' title='bbox 220 1481 305 1507; x_wconf 65' lang='lat' dir='ltr'><strong>«latas</strong></span> <span class='ocrx_word' id='word_1_194' title='bbox 318 1486 414 1507; x_wconf 78' lang='lat' dir='ltr'><strong>manus</strong></span> <span class='ocrx_word' id='word_1_195' title='bbox 428 1478 543 1511; x_wconf 76' lang='lat' dir='ltr'><strong>habens,</strong></span> <span class='ocrx_word' id='word_1_196' title='bbox 558 1484 669 1505; x_wconf 85' lang='lat' dir='ltr'><strong>sacrum</strong></span> <span class='ocrx_word' id='word_1_197' title='bbox 697 1484 796 1512; x_wconf 85' lang='lat' dir='ltr'><strong>panem</strong></span> <span class='ocrx_word' id='word_1_198' title='bbox 812 1477 846 1504; x_wconf 87' lang='lat' dir='ltr'><strong>ad</strong></span> <span class='ocrx_word' id='word_1_199' title='bbox 870 1485 1004 1510; x_wconf 78' lang='lat' dir='ltr'><strong>mensam,</strong></span> 
     </span>
    </p>
   </div>
   <div class='ocr_carea' id='block_1_35' title="bbox 1059 196 1872 231">
    <p class='ocr_par' dir='ltr' id='par_1_35' title="bbox 1059 196 1872 231">
     <span class='ocr_line' id='line_1_36' title="bbox 1059 196 1872 231; baseline -0.004 -9"><span class='ocrx_word' id='word_1_200' title='bbox 1059 197 1309 231; x_wconf 75' lang='grc' dir='ltr'><strong>παρακαταθήκην,</strong></span> <span class='ocrx_word' id='word_1_201' title='bbox 1329 198 1378 223; x_wconf 72' lang='grc' dir='ltr'><strong>καὶ</strong></span> <span class='ocrx_word' id='word_1_202' title='bbox 1395 196 1513 231; x_wconf 74' lang='grc' dir='ltr'><strong>φύλαξον</strong></span> <span class='ocrx_word' id='word_1_203' title='bbox 1535 196 1622 230; x_wconf 77' lang='grc' dir='ltr'><strong>αὐτὴν</strong></span> <span class='ocrx_word' id='word_1_204' title='bbox 1639 196 1703 230; x_wconf 70' lang='grc' dir='ltr'><strong>ἄχρι</strong></span> <span class='ocrx_word' id='word_1_205' title='bbox 1721 196 1771 229; x_wconf 76' lang='grc' dir='ltr'><strong>τῆς</strong></span> <span class='ocrx_word' id='word_1_206' title='bbox 1799 201 1872 220; x_wconf 81' lang='grc' dir='ltr'><strong>πα-</strong></span> 
     </span>
    </p>
   </div>
   <div class='ocr_carea' id='block_1_36' title="bbox 1060 240 1873 278">
    <p class='ocr_par' dir='ltr' id='par_1_36' title="bbox 1060 240 1873 278">
     <span class='ocr_line' id='line_1_37' title="bbox 1060 240 1873 278; baseline -0.005 -10"><span class='ocrx_word' id='word_1_207' title='bbox 1060 243 1173 277; x_wconf 79' lang='grc' dir='ltr'><strong>ρουσίας</strong></span> <span class='ocrx_word' id='word_1_208' title='bbox 1189 242 1237 268; x_wconf 83' lang='grc' dir='ltr'><strong>τοῦ</strong></span> <span class='ocrx_word' id='word_1_209' title='bbox 1256 243 1372 278; x_wconf 77' lang='grc' dir='ltr'><strong>Κυρίου,</strong></span> <span class='ocrx_word' id='word_1_210' title='bbox 1387 242 1432 268; x_wconf 79' lang='grc' dir='ltr'><strong>ὅτε</strong></span> <span class='ocrx_word' id='word_1_211' title='bbox 1451 241 1518 276; x_wconf 86' lang='grc' dir='ltr'><strong>παρ’</strong></span> <span class='ocrx_word' id='word_1_212' title='bbox 1542 240 1625 268; x_wconf 82' lang='grc' dir='ltr'><strong>αὐτοῦ</strong></span> <span class='ocrx_word' id='word_1_213' title='bbox 1641 240 1749 275; x_wconf 74' lang='grc' dir='ltr'><strong>μέλλεις</strong></span> <span class='ocrx_word' id='word_1_214' title='bbox 1764 241 1873 266; x_wconf 75' lang='grc' dir='ltr'><strong>ἀπαι-</strong></span> 
     </span>
    </p>
   </div>
   <div class='ocr_carea' id='block_1_37' title="bbox 1058 284 1869 323">
    <p class='ocr_par' dir='ltr' id='par_1_37' title="bbox 1058 284 1869 323">
     <span class='ocr_line' id='line_1_38' title="bbox 1058 284 1869 323; baseline -0.006 -9"><span class='ocrx_word' id='word_1_215' title='bbox 1058 288 1164 315; x_wconf 79' lang='grc' dir='ltr'><strong>τεῖσθαι</strong></span> <span class='ocrx_word' id='word_1_216' title='bbox 1183 288 1280 323; x_wconf 83' lang='grc' dir='ltr'><strong>αὐτήν.</strong></span> <span class='ocrx_word' id='word_1_217' title='bbox 1297 291 1317 314; x_wconf 74' lang='grc' dir='ltr'><strong>ἰ</strong></span> <span class='ocrx_word' id='word_1_218' title='bbox 1350 287 1435 314; x_wconf 82' lang='grc' dir='ltr'><strong>Τοῦτο</strong></span> <span class='ocrx_word' id='word_1_219' title='bbox 1466 287 1568 321; x_wconf 80' lang='grc' dir='ltr'><strong>φρίκης</strong></span> <span class='ocrx_word' id='word_1_220' title='bbox 1596 287 1707 320; x_wconf 77' lang='grc' dir='ltr'><strong>ἁπάσης</strong></span> <span class='ocrx_word' id='word_1_221' title='bbox 1738 284 1869 320; x_wconf 76' lang='grc' dir='ltr'><strong>μεστόν.</strong></span> 
     </span>
    </p>
   </div>
   <div class='ocr_carea' id='block_1_38' title="bbox 1059 331 1871 370">
    <p class='ocr_par' dir='ltr' id='par_1_38' title="bbox 1059 331 1871 370">
     <span class='ocr_line' id='line_1_39' title="bbox 1059 331 1871 370; baseline -0.002 -10"><span class='ocrx_word' id='word_1_222' title='bbox 1059 333 1183 360; x_wconf 81' lang='grc' dir='ltr'><strong>Δείκνυσι</strong></span> <span class='ocrx_word' id='word_1_223' title='bbox 1203 334 1269 370; x_wconf 78' lang='grc' dir='ltr'><strong>γὰρ,</strong></span> <span class='ocrx_word' id='word_1_224' title='bbox 1293 334 1330 365; x_wconf 80' lang='grc' dir='ltr'><strong>ὡς</strong></span> <span class='ocrx_word' id='word_1_225' title='bbox 1345 334 1487 368; x_wconf 81' lang='grc' dir='ltr'><strong>οίκονόμος</strong></span> <span class='ocrx_word' id='word_1_226' title='bbox 1507 333 1562 360; x_wconf 85' lang='grc' dir='ltr'><strong>τῶν</strong></span> <span class='ocrx_word' id='word_1_227' title='bbox 1581 332 1629 359; x_wconf 74' lang='grc' dir='ltr'><strong>τοῦ</strong></span> <span class='ocrx_word' id='word_1_228' title='bbox 1651 331 1721 359; x_wconf 70' lang='grc' dir='ltr'><strong>Θεοῦ</strong></span> <span class='ocrx_word' id='word_1_229' title='bbox 1743 340 1871 366; x_wconf 68' lang='grc' dir='ltr'><strong>μυστη-</strong></span> 
     </span>
    </p>
   </div>
   <div class='ocr_carea' id='block_1_39' title="bbox 1060 378 1867 414">
    <p class='ocr_par' dir='ltr' id='par_1_39' title="bbox 1060 378 1867 414">
     <span class='ocr_line' id='line_1_40' title="bbox 1060 378 1867 414; baseline -0.004 -8"><span class='ocrx_word' id='word_1_230' title='bbox 1060 379 1127 414; x_wconf 80' lang='grc' dir='ltr'><strong>ρίων</strong></span> <span class='ocrx_word' id='word_1_231' title='bbox 1142 379 1259 413; x_wconf 80' lang='grc' dir='ltr'><strong>γίνεται,</strong></span> <span class='ocrx_word' id='word_1_232' title='bbox 1281 380 1328 406; x_wconf 77' lang='grc' dir='ltr'><strong>καὶ</strong></span> <span class='ocrx_word' id='word_1_233' title='bbox 1346 379 1396 406; x_wconf 71' lang='grc' dir='ltr'><strong>οὐκ</strong></span> <span class='ocrx_word' id='word_1_234' title='bbox 1410 379 1500 411; x_wconf 78' lang='grc' dir='ltr'><strong>ἄλλον,</strong></span> <span class='ocrx_word' id='word_1_235' title='bbox 1524 379 1592 405; x_wconf 65' lang='grc' dir='ltr'><strong>ἀλλὰ</strong></span> <span class='ocrx_word' id='word_1_236' title='bbox 1609 379 1654 405; x_wconf 81' lang='grc' dir='ltr'><strong>τὸν</strong></span> <span class='ocrx_word' id='word_1_237' title='bbox 1679 378 1787 413; x_wconf 80' lang='grc' dir='ltr'><strong>Ἰησοῦν</strong></span> <span class='ocrx_word' id='word_1_238' title='bbox 1802 379 1867 404; x_wconf 62' lang='grc' dir='ltr'><strong>τὸν</strong></span> 
     </span>
    </p>
   </div>
   <div class='ocr_carea' id='block_1_40' title="bbox 1059 423 1866 460">
    <p class='ocr_par' dir='ltr' id='par_1_40' title="bbox 1059 423 1866 460">
     <span class='ocr_line' id='line_1_41' title="bbox 1059 423 1866 460; baseline -0.005 -8"><span class='ocrx_word' id='word_1_239' title='bbox 1059 425 1151 456; x_wconf 83' lang='grc' dir='ltr'><strong>ζῶντα</strong></span> <span class='ocrx_word' id='word_1_240' title='bbox 1171 426 1253 460; x_wconf 80' lang='grc' dir='ltr'><strong>ἄρτον</strong></span> <span class='ocrx_word' id='word_1_241' title='bbox 1278 425 1415 460; x_wconf 70' lang='grc' dir='ltr'><strong>λαμϐάνει</strong></span> <span class='ocrx_word' id='word_1_242' title='bbox 1434 425 1603 460; x_wconf 77' lang='grc' dir='ltr'><strong>ἱερουργεῖν,</strong></span> <span class='ocrx_word' id='word_1_243' title='bbox 1628 423 1676 450; x_wconf 68' lang='grc' dir='ltr'><strong>καὶ</strong></span> <span class='ocrx_word' id='word_1_244' title='bbox 1693 423 1742 457; x_wconf 81' lang='grc' dir='ltr'><strong>τὴν</strong></span> <span class='ocrx_word' id='word_1_245' title='bbox 1767 424 1866 457; x_wconf 67' lang='grc' dir='ltr'><strong>ἱερωι</strong></span> 
     </span>
    </p>
   </div>
   <div class='ocr_carea' id='block_1_41' title="bbox 1061 467 1868 505">
    <p class='ocr_par' dir='ltr' id='par_1_41' title="bbox 1061 467 1868 505">
     <span class='ocr_line' id='line_1_42' title="bbox 1061 467 1868 505; baseline -0.005 -9"><span class='ocrx_word' id='word_1_246' title='bbox 1061 470 1145 505; x_wconf 80' lang='grc' dir='ltr'><strong>σύνην</strong></span> <span class='ocrx_word' id='word_1_247' title='bbox 1159 470 1243 496; x_wconf 77' lang='grc' dir='ltr'><strong>αὑτοῦ</strong></span> <span class='ocrx_word' id='word_1_248' title='bbox 1259 470 1305 496; x_wconf 73' lang='grc' dir='ltr'><strong>καὶ</strong></span> <span class='ocrx_word' id='word_1_249' title='bbox 1323 469 1404 496; x_wconf 66' lang='grc' dir='ltr'><strong>αὑτὸν</strong></span> <span class='ocrx_word' id='word_1_250' title='bbox 1418 469 1456 501; x_wconf 87' lang='grc' dir='ltr'><strong>ὡς</strong></span> <span class='ocrx_word' id='word_1_251' title='bbox 1469 468 1706 504; x_wconf 78' lang='grc' dir='ltr'><strong>παρακαταθήκην</strong></span> <span class='ocrx_word' id='word_1_252' title='bbox 1721 467 1868 498; x_wconf 77' lang='grc' dir='ltr'><strong>πιστεύε-</strong></span> 
     </span>
    </p>
   </div>
   <div class='ocr_carea' id='block_1_42' title="bbox 1059 515 1865 552">
    <p class='ocr_par' dir='ltr' id='par_1_42' title="bbox 1059 515 1865 552">
     <span class='ocr_line' id='line_1_43' title="bbox 1059 515 1865 552; baseline -0.006 -8"><span class='ocrx_word' id='word_1_253' title='bbox 1059 526 1124 544; x_wconf 89' lang='grc' dir='ltr'><strong>ται·</strong></span> <span class='ocrx_word' id='word_1_254' title='bbox 1143 516 1191 544; x_wconf 79' lang='grc' dir='ltr'><strong>καὶ</strong></span> <span class='ocrx_word' id='word_1_255' title='bbox 1207 517 1312 552; x_wconf 69' lang='grc' dir='ltr'><strong>ὀφείλει</strong></span> <span class='ocrx_word' id='word_1_256' title='bbox 1332 517 1425 552; x_wconf 84' lang='grc' dir='ltr'><strong>τηρεῖν</strong></span> <span class='ocrx_word' id='word_1_257' title='bbox 1450 516 1548 549; x_wconf 82' lang='grc' dir='ltr'><strong>ταῦτα,</strong></span> <span class='ocrx_word' id='word_1_258' title='bbox 1565 515 1614 550; x_wconf 74' lang='grc' dir='ltr'><strong>τὴν</strong></span> <span class='ocrx_word' id='word_1_259' title='bbox 1643 515 1798 549; x_wconf 72' lang='grc' dir='ltr'><strong>ἱερωσύνην</strong></span> <span class='ocrx_word' id='word_1_260' title='bbox 1825 523 1865 539; x_wconf 80' lang='grc' dir='ltr'><strong>τε</strong></span> 
     </span>
    </p>
   </div>
   <div class='ocr_carea' id='block_1_43' title="bbox 1062 561 1865 597">
    <p class='ocr_par' dir='ltr' id='par_1_43' title="bbox 1062 561 1865 597">
     <span class='ocr_line' id='line_1_44' title="bbox 1062 561 1865 597; baseline -0.005 -7"><span class='ocrx_word' id='word_1_261' title='bbox 1062 564 1109 590; x_wconf 71' lang='grc' dir='ltr'><strong>καὶ</strong></span> <span class='ocrx_word' id='word_1_262' title='bbox 1137 563 1234 590; x_wconf 78' lang='grc' dir='ltr'><strong>ἑαυτὸν</strong></span> <span class='ocrx_word' id='word_1_263' title='bbox 1258 562 1418 597; x_wconf 77' lang='grc' dir='ltr'><strong>ἁμώμητα⁸</strong></span> <span class='ocrx_word' id='word_1_264' title='bbox 1446 562 1486 588; x_wconf 83' lang='grc' dir='ltr'><strong>ὃτι</strong></span> <span class='ocrx_word' id='word_1_265' title='bbox 1503 562 1551 588; x_wconf 73' lang='grc' dir='ltr'><strong>καὶ</strong></span> <span class='ocrx_word' id='word_1_266' title='bbox 1577 562 1643 596; x_wconf 81' lang='grc' dir='ltr'><strong>παρ’</strong></span> <span class='ocrx_word' id='word_1_267' title='bbox 1661 561 1745 588; x_wconf 74' lang='grc' dir='ltr'><strong>αὑτοῦ</strong></span> <span class='ocrx_word' id='word_1_268' title='bbox 1763 561 1865 587; x_wconf 61' lang='grc' dir='ltr'><strong>ταῦτα</strong></span> 
     </span>
    </p>
   </div>
   <div class='ocr_carea' id='block_1_44' title="bbox 1059 607 1496 644">
    <p class='ocr_par' dir='ltr' id='par_1_44' title="bbox 1059 607 1496 644">
     <span class='ocr_line' id='line_1_45' title="bbox 1059 607 1496 644; baseline -0.002 -8"><span class='ocrx_word' id='word_1_269' title='bbox 1059 608 1298 644; x_wconf 77' lang='grc' dir='ltr'><strong>ἀπαιτηθὴσονται</strong></span> <span class='ocrx_word' id='word_1_270' title='bbox 1313 607 1361 634; x_wconf 81' lang='grc' dir='ltr'><strong>τοῦ</strong></span> <span class='ocrx_word' id='word_1_271' title='bbox 1380 608 1496 642; x_wconf 80' lang='grc' dir='ltr'><strong>Κυρίου.</strong></span> 
     </span>
    </p>
   </div>
   <div class='ocr_carea' id='block_1_45' title="bbox 1330 660 1562 689">
    <p class='ocr_par' dir='ltr' id='par_1_45' title="bbox 1330 660 1562 689">
     <span class='ocr_line' id='line_1_46' title="bbox 1330 660 1562 689; baseline -0.004 0"><span class='ocrx_word' id='word_1_272' title='bbox 1330 662 1458 689; x_wconf 75' lang='grc' dir='ltr'><strong>ΚΕΦΑΛ.</strong></span> <span class='ocrx_word' id='word_1_273' title='bbox 1477 660 1562 689; x_wconf 83' lang='grc' dir='ltr'><strong>ΡΠΓ¹.</strong></span> 
     </span>
    </p>
   </div>
   <div class='ocr_carea' id='block_1_46' title="bbox 1097 707 1816 742">
    <p class='ocr_par' dir='ltr' id='par_1_46' title="bbox 1097 707 1816 742">
     <span class='ocr_line' id='line_1_47' title="bbox 1097 707 1816 742; baseline -0.001 -6"><span class='ocrx_word' id='word_1_274' title='bbox 1097 709 1156 736; x_wconf 82' lang='grc' dir='ltr'><strong>Ὀτι</strong></span> <span class='ocrx_word' id='word_1_275' title='bbox 1171 709 1369 736; x_wconf 66' lang='grc' dir='ltr'><strong>ἐπικίνδυνοι·</strong></span> <span class='ocrx_word' id='word_1_276' title='bbox 1381 708 1414 735; x_wconf 85' lang='grc' dir='ltr'><strong>τὸ</strong></span> <span class='ocrx_word' id='word_1_277' title='bbox 1426 707 1552 742; x_wconf 80' lang='grc' dir='ltr'><strong>ἀμελεῖν</strong></span> <span class='ocrx_word' id='word_1_278' title='bbox 1564 707 1619 742; x_wconf 84' lang='grc' dir='ltr'><strong>τῆς</strong></span> <span class='ocrx_word' id='word_1_279' title='bbox 1633 707 1816 742; x_wconf 75' lang='grc' dir='ltr'><strong>ιερουργίιις.</strong></span> 
     </span>
    </p>
   </div>
   <div class='ocr_carea' id='block_1_47' title="bbox 1096 787 1857 824">
    <p class='ocr_par' dir='ltr' id='par_1_47' title="bbox 1096 787 1857 824">
     <span class='ocr_line' id='line_1_48' title="bbox 1096 787 1857 824; baseline -0.001 -10"><span class='ocrx_word' id='word_1_280' title='bbox 1096 788 1152 815; x_wconf 86' lang='grc' dir='ltr'><strong>1Ιοῦ</strong></span> <span class='ocrx_word' id='word_1_281' title='bbox 1168 789 1222 823; x_wconf 80' lang='grc' dir='ltr'><strong>ἄρα</strong></span> <span class='ocrx_word' id='word_1_282' title='bbox 1243 789 1312 815; x_wconf 76' lang='grc' dir='ltr'><strong>εἰσὶν</strong></span> <span class='ocrx_word' id='word_1_283' title='bbox 1328 788 1391 824; x_wconf 79' lang='grc' dir='ltr'><strong>ἄρτι</strong></span> <span class='ocrx_word' id='word_1_284' title='bbox 1413 788 1437 814; x_wconf 77' lang='lat' dir='ltr'><strong>oi</strong></span> <span class='ocrx_word' id='word_1_285' title='bbox 1454 787 1503 822; x_wconf 81' lang='grc' dir='ltr'><strong>τὴν</strong></span> <span class='ocrx_word' id='word_1_286' title='bbox 1518 787 1602 822; x_wconf 84' lang='grc' dir='ltr'><strong>χάριν</strong></span> <span class='ocrx_word' id='word_1_287' title='bbox 1625 788 1676 822; x_wconf 82' lang='grc' dir='ltr'><strong>τῆς</strong></span> <span class='ocrx_word' id='word_1_288' title='bbox 1692 787 1857 822; x_wconf 65' lang='grc' dir='ltr'><strong>ἱερωσύνης</strong></span> 
     </span>
    </p>
   </div>
   <div class='ocr_carea' id='block_1_48' title="bbox 1026 825 1856 869">
    <p class='ocr_par' dir='ltr' id='par_1_48' title="bbox 1026 825 1856 869">
     <span class='ocr_line' id='line_1_49' title="bbox 1026 825 1856 869; baseline -0.002 -8"><span class='ocrx_word' id='word_1_289' title='bbox 1026 825 1045 854; x_wconf 71' lang='grc' dir='ltr'><strong><em>Β</em></strong></span> <span class='ocrx_word' id='word_1_290' title='bbox 1060 834 1198 866; x_wconf 72' lang='grc' dir='ltr'><strong>λαϐόντες,</strong></span> <span class='ocrx_word' id='word_1_291' title='bbox 1219 835 1266 861; x_wconf 73' lang='grc' dir='ltr'><strong>καὶ</strong></span> <span class='ocrx_word' id='word_1_292' title='bbox 1282 835 1330 862; x_wconf 73' lang='grc' dir='ltr'><strong>ἐπὶ</strong></span> <span class='ocrx_word' id='word_1_293' title='bbox 1355 835 1510 869; x_wconf 78' lang='grc' dir='ltr'><strong>προφάσεσι</strong></span> <span class='ocrx_word' id='word_1_294' title='bbox 1529 841 1597 867; x_wconf 84' lang='grc' dir='ltr'><strong>τισι,</strong></span> <span class='ocrx_word' id='word_1_295' title='bbox 1614 835 1662 861; x_wconf 74' lang='grc' dir='ltr'><strong>καὶ</strong></span> <span class='ocrx_word' id='word_1_296' title='bbox 1675 835 1708 869; x_wconf 82' lang='grc' dir='ltr'><strong>τῇ</strong></span> <span class='ocrx_word' id='word_1_297' title='bbox 1732 834 1856 869; x_wconf 60' lang='grc' dir='ltr'><strong>δοκούσῃ</strong></span> 
     </span>
    </p>
   </div>
   <div class='ocr_carea' id='block_1_49' title="bbox 1062 879 1853 916">
    <p class='ocr_par' dir='ltr' id='par_1_49' title="bbox 1062 879 1853 916">
     <span class='ocr_line' id='line_1_50' title="bbox 1062 879 1853 916; baseline -0.001 -9"><span class='ocrx_word' id='word_1_298' title='bbox 1062 880 1122 916; x_wconf 84' lang='grc' dir='ltr'><strong>μὲν,</strong></span> <span class='ocrx_word' id='word_1_299' title='bbox 1139 881 1176 915; x_wconf 85' lang='grc' dir='ltr'><strong>μὴ</strong></span> <span class='ocrx_word' id='word_1_300' title='bbox 1202 881 1269 916; x_wconf 71' lang='grc' dir='ltr'><strong>οὖσῃ</strong></span> <span class='ocrx_word' id='word_1_301' title='bbox 1284 881 1312 907; x_wconf 71' lang='grc' dir='ltr'><strong>δὲ</strong></span> <span class='ocrx_word' id='word_1_302' title='bbox 1330 880 1471 916; x_wconf 76' lang='grc' dir='ltr'><strong>εὐλαϐείᾳ,</strong></span> <span class='ocrx_word' id='word_1_303' title='bbox 1486 881 1573 915; x_wconf 81' lang='grc' dir='ltr'><strong>οἰήσει</strong></span> <span class='ocrx_word' id='word_1_304' title='bbox 1586 879 1614 907; x_wconf 80' lang='grc' dir='ltr'><strong>δὲ</strong></span> <span class='ocrx_word' id='word_1_305' title='bbox 1632 880 1734 915; x_wconf 77' lang='grc' dir='ltr'><strong>μᾶλλον</strong></span> <span class='ocrx_word' id='word_1_306' title='bbox 1747 881 1853 912; x_wconf 68' lang='grc' dir='ltr'><strong>εἰπεῖν,</strong></span> 
     </span>
    </p>
   </div>
   <div class='ocr_carea' id='block_1_50' title="bbox 1059 926 1855 962">
    <p class='ocr_par' dir='ltr' id='par_1_50' title="bbox 1059 926 1855 962">
     <span class='ocr_line' id='line_1_51' title="bbox 1059 926 1855 962; baseline -0.003 -8"><span class='ocrx_word' id='word_1_307' title='bbox 1059 927 1114 954; x_wconf 84' lang='grc' dir='ltr'><strong>τῶν</strong></span> <span class='ocrx_word' id='word_1_308' title='bbox 1131 928 1180 960; x_wconf 84' lang='grc' dir='ltr'><strong>τῆς</strong></span> <span class='ocrx_word' id='word_1_309' title='bbox 1199 926 1352 962; x_wconf 71' lang='grc' dir='ltr'><strong>ἱερωσύνης</strong></span> <span class='ocrx_word' id='word_1_310' title='bbox 1365 926 1587 961; x_wconf 82' lang='grc' dir='ltr'><strong>καταμελοῦντες</strong></span> <span class='ocrx_word' id='word_1_311' title='bbox 1603 926 1650 952; x_wconf 76' lang='grc' dir='ltr'><strong>καὶ</strong></span> <span class='ocrx_word' id='word_1_312' title='bbox 1665 926 1760 961; x_wconf 77' lang='grc' dir='ltr'>ἀργῶς</span> <span class='ocrx_word' id='word_1_313' title='bbox 1776 927 1855 961; x_wconf 77' lang='grc' dir='ltr'><strong>ἔχον-</strong></span> 
     </span>
    </p>
   </div>
   <div class='ocr_carea' id='block_1_51' title="bbox 1059 971 1853 1008">
    <p class='ocr_par' dir='ltr' id='par_1_51' title="bbox 1059 971 1853 1008">
     <span class='ocr_line' id='line_1_52' title="bbox 1059 971 1853 1008; baseline -0.004 -7"><span class='ocrx_word' id='word_1_314' title='bbox 1059 983 1117 1006; x_wconf 87' lang='grc' dir='ltr'><strong>τες,</strong></span> <span class='ocrx_word' id='word_1_315' title='bbox 1140 973 1214 1007; x_wconf 74' lang='grc' dir='ltr'><strong>ἅπαξ</strong></span> <span class='ocrx_word' id='word_1_316' title='bbox 1230 973 1257 1000; x_wconf 81' lang='grc' dir='ltr'><strong>δὲ</strong></span> <span class='ocrx_word' id='word_1_317' title='bbox 1275 974 1356 1008; x_wconf 85' lang='grc' dir='ltr'><strong>μόνον</strong></span> <span class='ocrx_word' id='word_1_318' title='bbox 1372 971 1428 1000; x_wconf 75' lang='grc' dir='ltr'><strong>οἷον</strong></span> <span class='ocrx_word' id='word_1_319' title='bbox 1443 973 1603 1008; x_wconf 80' lang='grc' dir='ltr'><strong>ἁπτόμενοι,</strong></span> <span class='ocrx_word' id='word_1_320' title='bbox 1620 975 1669 999; x_wconf 73' lang='grc' dir='ltr'><strong>καὶ</strong></span> <span class='ocrx_word' id='word_1_321' title='bbox 1682 974 1721 1004; x_wconf 76' lang='grc' dir='ltr'>ὡς</span> <span class='ocrx_word' id='word_1_322' title='bbox 1735 974 1765 999; x_wconf 79' lang='grc' dir='ltr'><strong>ἐν</strong></span> <span class='ocrx_word' id='word_1_323' title='bbox 1782 983 1853 1008; x_wconf 79' lang='grc' dir='ltr'><strong>παρ-</strong></span> 
     </span>
    </p>
   </div>
   <div class='ocr_carea' id='block_1_52' title="bbox 1059 1016 1840 1054">
    <p class='ocr_par' dir='ltr' id='par_1_52' title="bbox 1059 1016 1840 1054">
     <span class='ocr_line' id='line_1_53' title="bbox 1059 1016 1840 1054; baseline 0.001 -9"><span class='ocrx_word' id='word_1_324' title='bbox 1059 1019 1134 1054; x_wconf 74' lang='grc' dir='ltr'><strong>έργῳ</strong></span> <span class='ocrx_word' id='word_1_325' title='bbox 1146 1019 1286 1050; x_wconf 79' lang='grc' dir='ltr'><strong>ποιοῦντες</strong></span> <span class='ocrx_word' id='word_1_326' title='bbox 1297 1028 1304 1053; x_wconf 88' lang='grc'><strong>;</strong></span> <span class='ocrx_word' id='word_1_327' title='bbox 1320 1016 1401 1046; x_wconf 69' lang='grc' dir='ltr'><strong>Οὗτοι</strong></span> <span class='ocrx_word' id='word_1_328' title='bbox 1411 1019 1458 1046; x_wconf 78' lang='grc' dir='ltr'><strong>τὸν</strong></span> <span class='ocrx_word' id='word_1_329' title='bbox 1470 1019 1549 1053; x_wconf 82' lang='grc' dir='ltr'><strong>λόγον</strong></span> <span class='ocrx_word' id='word_1_330' title='bbox 1561 1020 1611 1054; x_wconf 82' lang='grc' dir='ltr'><strong>τῆς</strong></span> <span class='ocrx_word' id='word_1_331' title='bbox 1623 1018 1754 1053; x_wconf 77' lang='grc' dir='ltr'><strong>ἀμελείας</strong></span> <span class='ocrx_word' id='word_1_332' title='bbox 1767 1019 1840 1046; x_wconf 72' lang='grc' dir='ltr'><strong>ἁπαι</strong></span> 
     </span>
    </p>
   </div>
   <div class='ocr_carea' id='block_1_53' title="bbox 1059 1065 1854 1101">
    <p class='ocr_par' dir='ltr' id='par_1_53' title="bbox 1059 1065 1854 1101">
     <span class='ocr_line' id='line_1_54' title="bbox 1059 1065 1854 1101; baseline 0 -10"><span class='ocrx_word' id='word_1_333' title='bbox 1059 1065 1234 1101; x_wconf 85' lang='grc' dir='ltr'><strong>τηθήσονται,</strong></span> <span class='ocrx_word' id='word_1_334' title='bbox 1253 1066 1277 1092; x_wconf 86' lang='grc' dir='ltr'><strong>ει</strong></span> <span class='ocrx_word' id='word_1_335' title='bbox 1296 1066 1333 1101; x_wconf 85' lang='grc' dir='ltr'><strong>μή</strong></span> <span class='ocrx_word' id='word_1_336' title='bbox 1349 1073 1402 1092; x_wconf 85' lang='grc' dir='ltr'><strong>που</strong></span> <span class='ocrx_word' id='word_1_337' title='bbox 1418 1066 1449 1092; x_wconf 85' lang='grc' dir='ltr'><strong>τδ</strong></span> <span class='ocrx_word' id='word_1_338' title='bbox 1464 1066 1569 1092; x_wconf 72' lang='grc' dir='ltr'><strong>κωλῦον</strong></span> <span class='ocrx_word' id='word_1_339' title='bbox 1587 1066 1645 1092; x_wconf 75' lang='grc' dir='ltr'><strong>ἐστι</strong></span> <span class='ocrx_word' id='word_1_340' title='bbox 1658 1073 1685 1092; x_wconf 84' lang='grc' dir='ltr'><strong>τι</strong></span> <span class='ocrx_word' id='word_1_341' title='bbox 1698 1073 1704 1081; x_wconf 92' lang='grc'><strong>·</strong></span> <span class='ocrx_word' id='word_1_342' title='bbox 1719 1066 1782 1092; x_wconf 82' lang='grc' dir='ltr'><strong>τότε</strong></span> <span class='ocrx_word' id='word_1_343' title='bbox 1796 1066 1854 1100; x_wconf 74' lang='grc' dir='ltr'><strong>γὰρ</strong></span> 
     </span>
    </p>
   </div>
   <div class='ocr_carea' id='block_1_54' title="bbox 1059 1110 1854 1146">
    <p class='ocr_par' dir='ltr' id='par_1_54' title="bbox 1059 1110 1854 1146">
     <span class='ocr_line' id='line_1_55' title="bbox 1059 1110 1854 1146; baseline 0 -9"><span class='ocrx_word' id='word_1_344' title='bbox 1059 1111 1114 1138; x_wconf 69' lang='grc' dir='ltr'><strong>τῶν</strong></span> <span class='ocrx_word' id='word_1_345' title='bbox 1129 1112 1179 1146; x_wconf 83' lang='grc' dir='ltr'><strong>τῆς</strong></span> <span class='ocrx_word' id='word_1_346' title='bbox 1195 1111 1348 1146; x_wconf 72' lang='grc' dir='ltr'><strong>ἱερωσύνης</strong></span> <span class='ocrx_word' id='word_1_347' title='bbox 1365 1111 1480 1138; x_wconf 78' lang='grc' dir='ltr'><strong>καθόλου</strong></span> <span class='ocrx_word' id='word_1_348' title='bbox 1499 1110 1694 1146; x_wconf 73' lang='grc' dir='ltr'><strong>μετανοοῦντες</strong></span> <span class='ocrx_word' id='word_1_349' title='bbox 1723 1112 1854 1146; x_wconf 71' lang='grc' dir='ltr'><strong>ἀποστήο</strong></span> 
     </span>
    </p>
   </div>
   <div class='ocr_carea' id='block_1_55' title="bbox 1059 1157 1854 1192">
    <p class='ocr_par' dir='ltr' id='par_1_55' title="bbox 1059 1157 1854 1192">
     <span class='ocr_line' id='line_1_56' title="bbox 1059 1157 1854 1192; baseline 0.001 -9"><span class='ocrx_word' id='word_1_350' title='bbox 1059 1165 1162 1184; x_wconf 81' lang='grc' dir='ltr'><strong>τωσαν.</strong></span> <span class='ocrx_word' id='word_1_351' title='bbox 1186 1157 1244 1191; x_wconf 81' lang='grc' dir='ltr'><strong>Ἐφ’</strong></span> <span class='ocrx_word' id='word_1_352' title='bbox 1262 1158 1324 1185; x_wconf 84' lang='grc' dir='ltr'><strong>ὅσον</strong></span> <span class='ocrx_word' id='word_1_353' title='bbox 1338 1158 1366 1184; x_wconf 70' lang='grc' dir='ltr'><strong>δὲ</strong></span> <span class='ocrx_word' id='word_1_354' title='bbox 1383 1158 1482 1192; x_wconf 78' lang='grc' dir='ltr'><strong>ἀντέχῃ</strong></span> <span class='ocrx_word' id='word_1_355' title='bbox 1497 1157 1600 1192; x_wconf 61' lang='grc' dir='ltr'><strong>ταί-της</strong></span> <span class='ocrx_word' id='word_1_356' title='bbox 1612 1177 1619 1190; x_wconf 92' lang='grc'><strong>,</strong></span> <span class='ocrx_word' id='word_1_357' title='bbox 1633 1159 1680 1183; x_wconf 78' lang='grc' dir='ltr'><strong>καὶ</strong></span> <span class='ocrx_word' id='word_1_358' title='bbox 1695 1158 1725 1184; x_wconf 80' lang='grc' dir='ltr'><strong>οὐ</strong></span> <span class='ocrx_word' id='word_1_359' title='bbox 1746 1157 1854 1184; x_wconf 71' lang='grc' dir='ltr'><strong>κωλύει</strong></span> 
     </span>
    </p>
   </div>
   <div class='ocr_carea' id='block_1_56' title="bbox 1058 1202 1851 1238">
    <p class='ocr_par' dir='ltr' id='par_1_56' title="bbox 1058 1202 1851 1238">
     <span class='ocr_line' id='line_1_57' title="bbox 1058 1202 1851 1238; baseline 0.001 -9"><span class='ocrx_word' id='word_1_360' title='bbox 1058 1202 1096 1234; x_wconf 80' lang='grc' dir='ltr'>ὡς</span> <span class='ocrx_word' id='word_1_361' title='bbox 1116 1203 1229 1230; x_wconf 70' lang='grc' dir='ltr'><strong>δυνατὸν</strong></span> <span class='ocrx_word' id='word_1_362' title='bbox 1258 1203 1396 1238; x_wconf 81' lang='grc' dir='ltr'><strong>ἀνθρώπῳ</strong></span> <span class='ocrx_word' id='word_1_363' title='bbox 1426 1203 1502 1238; x_wconf 84' lang='grc' dir='ltr'><strong>παρά</strong></span> <span class='ocrx_word' id='word_1_364' title='bbox 1517 1212 1591 1234; x_wconf 80' lang='grc' dir='ltr'><strong>τινος</strong></span> <span class='ocrx_word' id='word_1_365' title='bbox 1615 1202 1662 1229; x_wconf 83' lang='grc' dir='ltr'><strong>τοῦ</strong></span> <span class='ocrx_word' id='word_1_366' title='bbox 1679 1204 1851 1238; x_wconf 76' lang='grc' dir='ltr'><strong>ἱερουργεῖν,</strong></span> 
     </span>
    </p>
   </div>
   <div class='ocr_carea' id='block_1_57' title="bbox 1060 1247 1776 1284">
    <p class='ocr_par' dir='ltr' id='par_1_57' title="bbox 1060 1247 1776 1284">
     <span class='ocr_line' id='line_1_58' title="bbox 1060 1247 1776 1284; baseline 0.003 -10"><span class='ocrx_word' id='word_1_367' title='bbox 1060 1247 1125 1283; x_wconf 78' lang='grc' dir='ltr'><strong>ἔχου</strong></span> <span class='ocrx_word' id='word_1_368' title='bbox 1141 1249 1189 1276; x_wconf 77' lang='grc' dir='ltr'><strong>τοῦ</strong></span> <span class='ocrx_word' id='word_1_369' title='bbox 1206 1249 1300 1284; x_wconf 79' lang='grc' dir='ltr'><strong>ἔργον,</strong></span> <span class='ocrx_word' id='word_1_370' title='bbox 1315 1249 1357 1276; x_wconf 80' lang='grc' dir='ltr'><strong>ὅτι</strong></span> <span class='ocrx_word' id='word_1_371' title='bbox 1376 1248 1420 1276; x_wconf 71' lang='grc' dir='ltr'><strong>¹τοῦ</strong></span> <span class='ocrx_word' id='word_1_372' title='bbox 1439 1250 1542 1284; x_wconf 82' lang='grc' dir='ltr'><strong>κόσμου</strong></span> <span class='ocrx_word' id='word_1_373' title='bbox 1557 1249 1616 1275; x_wconf 71' lang='grc' dir='ltr'><strong>ἐστὶ</strong></span> <span class='ocrx_word' id='word_1_374' title='bbox 1630 1250 1776 1284; x_wconf 80' lang='grc' dir='ltr'><strong>σωτήριον.</strong></span> 
     </span>
    </p>
   </div>
   <div class='ocr_carea' id='block_1_58' title="bbox 1101 1383 1852 1419">
    <p class='ocr_par' dir='ltr' id='par_1_58' title="bbox 1101 1383 1852 1419">
     <span class='ocr_line' id='line_1_59' title="bbox 1101 1383 1852 1419; baseline 0.001 -9"><span class='ocrx_word' id='word_1_375' title='bbox 1101 1383 1312 1419; x_wconf 74' lang='grc' dir='ltr'><strong>’Λσπασάμενος</strong></span> <span class='ocrx_word' id='word_1_376' title='bbox 1326 1383 1372 1410; x_wconf 77' lang='grc' dir='ltr'><strong>οὖν</strong></span> <span class='ocrx_word' id='word_1_377' title='bbox 1394 1383 1444 1418; x_wconf 79' lang='grc' dir='ltr'><strong>τήν</strong></span> <span class='ocrx_word' id='word_1_378' title='bbox 1467 1384 1549 1418; x_wconf 79' lang='grc' dir='ltr'><strong>χεῖρα</strong></span> <span class='ocrx_word' id='word_1_379' title='bbox 1563 1383 1610 1410; x_wconf 83' lang='grc' dir='ltr'><strong>τοῦ</strong></span> <span class='ocrx_word' id='word_1_380' title='bbox 1640 1383 1782 1419; x_wconf 75' lang='grc' dir='ltr'><strong>ῑεράρχου,</strong></span> <span class='ocrx_word' id='word_1_381' title='bbox 1801 1385 1852 1411; x_wconf 67' lang='grc' dir='ltr'><strong>καὶ</strong></span> 
     </span>
    </p>
   </div>
   <div class='ocr_carea' id='block_1_59' title="bbox 1062 1429 1852 1465">
    <p class='ocr_par' dir='ltr' id='par_1_59' title="bbox 1062 1429 1852 1465">
     <span class='ocr_line' id='line_1_60' title="bbox 1062 1429 1852 1465; baseline 0.001 -9"><span class='ocrx_word' id='word_1_382' title='bbox 1062 1430 1131 1465; x_wconf 85' lang='grc' dir='ltr'><strong>μετὰ</strong></span> <span class='ocrx_word' id='word_1_383' title='bbox 1147 1429 1294 1464; x_wconf 78' lang='grc' dir='ltr'><strong>συντριὸῆς</strong></span> <span class='ocrx_word' id='word_1_384' title='bbox 1308 1429 1445 1462; x_wconf 76' lang='grc' dir='ltr'><strong>ἀπελθὼν,</strong></span> <span class='ocrx_word' id='word_1_385' title='bbox 1462 1430 1519 1456; x_wconf 74' lang='grc' dir='ltr'><strong>ἄνω</strong></span> <span class='ocrx_word' id='word_1_386' title='bbox 1533 1431 1582 1461; x_wconf 75' lang='grc' dir='ltr'><strong>τὰς</strong></span> <span class='ocrx_word' id='word_1_387' title='bbox 1603 1431 1697 1465; x_wconf 81' lang='grc' dir='ltr'><strong>χεῖρας</strong></span> <span class='ocrx_word' id='word_1_388' title='bbox 1718 1431 1790 1465; x_wconf 75' lang='grc' dir='ltr'><strong>ἔχων</strong></span> <span class='ocrx_word' id='word_1_389' title='bbox 1818 1432 1852 1458; x_wconf 84' lang='grc' dir='ltr'><strong>ὲν</strong></span> 
     </span>
    </p>
   </div>
   <div class='ocr_carea' id='block_1_60' title="bbox 1061 1475 1851 1512">
    <p class='ocr_par' dir='ltr' id='par_1_60' title="bbox 1061 1475 1851 1512">
     <span class='ocr_line' id='line_1_61' title="bbox 1061 1475 1851 1512; baseline 0.003 -10"><span class='ocrx_word' id='word_1_390' title='bbox 1061 1477 1095 1511; x_wconf 82' lang='grc' dir='ltr'><strong>τῇ</strong></span> <span class='ocrx_word' id='word_1_391' title='bbox 1112 1476 1237 1511; x_wconf 72' lang='grc' dir='ltr'><strong>τραπέζῃ</strong></span> <span class='ocrx_word' id='word_1_392' title='bbox 1250 1476 1296 1502; x_wconf 68' lang='grc' dir='ltr'><strong>τὸν</strong></span> <span class='ocrx_word' id='word_1_393' title='bbox 1312 1476 1394 1510; x_wconf 81' lang='grc' dir='ltr'><strong>ἄρτον</strong></span> <span class='ocrx_word' id='word_1_394' title='bbox 1421 1475 1512 1511; x_wconf 73' lang='grc' dir='ltr'><strong>φέρων</strong></span> <span class='ocrx_word' id='word_1_395' title='bbox 1527 1477 1573 1503; x_wconf 79' lang='grc' dir='ltr'><strong>τὸν</strong></span> <span class='ocrx_word' id='word_1_396' title='bbox 1601 1477 1685 1512; x_wconf 73' lang='grc' dir='ltr'><strong>ἱερὸν,</strong></span> <span class='ocrx_word' id='word_1_397' title='bbox 1711 1477 1758 1504; x_wconf 82' lang='grc' dir='ltr'><strong>καὶ</strong></span> <span class='ocrx_word' id='word_1_398' title='bbox 1786 1480 1851 1510; x_wconf 75' lang='grc' dir='ltr'><strong>ταῖς</strong></span> 
     </span>
    </p>
   </div>
   <div class='ocr_carea' id='block_1_61' title="bbox 219 1515 1014 1559">
    <p class='ocr_par' dir='ltr' id='par_1_61' title="bbox 219 1522 1007 1559">
     <span class='ocr_line' id='line_1_62' title="bbox 219 1522 1007 1559; baseline 0 -9"><span class='ocrx_word' id='word_1_399' title='bbox 219 1528 246 1550; x_wconf 81' lang='lat' dir='ltr'><strong>ct</strong></span> <span class='ocrx_word' id='word_1_400' title='bbox 260 1524 348 1559; x_wconf 81' lang='lat' dir='ltr'><strong>capite</strong></span> <span class='ocrx_word' id='word_1_401' title='bbox 360 1523 485 1550; x_wconf 86' lang='lat' dir='ltr'><strong>manibus</strong></span> <span class='ocrx_word' id='word_1_402' title='bbox 507 1522 682 1549; x_wconf 83' lang='lat' dir='ltr'><strong>incumbente</strong></span> <span class='ocrx_word' id='word_1_403' title='bbox 693 1527 763 1555; x_wconf 84' lang='lat' dir='ltr'><strong>orat,</strong></span> <span class='ocrx_word' id='word_1_404' title='bbox 792 1523 954 1550; x_wconf 87' lang='lat' dir='ltr'><strong>memoriam</strong></span> <span class='ocrx_word' id='word_1_405' title='bbox 968 1523 1007 1550; x_wconf 80' lang='lat' dir='ltr'><strong>ra-</strong></span> 
     </span>
    </p>
   </div>
   <div class='ocr_carea' id='block_1_62' title="bbox 1061 1515 1851 1559">
    <p class='ocr_par' dir='ltr' id='par_1_62' title="bbox 1061 1521 1851 1559">
     <span class='ocr_line' id='line_1_63' title="bbox 1061 1521 1851 1559; baseline 0.004 -11"><span class='ocrx_word' id='word_1_406' title='bbox 1061 1521 1154 1557; x_wconf 73' lang='grc' dir='ltr'><strong>χερσὶν</strong></span> <span class='ocrx_word' id='word_1_407' title='bbox 1165 1522 1343 1556; x_wconf 77' lang='grc' dir='ltr'><strong>ἐπικειμένην</strong></span> <span class='ocrx_word' id='word_1_408' title='bbox 1354 1523 1404 1558; x_wconf 78' lang='grc' dir='ltr'><strong>τὴν</strong></span> <span class='ocrx_word' id='word_1_409' title='bbox 1416 1522 1549 1558; x_wconf 80' lang='grc' dir='ltr'><strong>κεφαλὴν,</strong></span> <span class='ocrx_word' id='word_1_410' title='bbox 1566 1522 1686 1558; x_wconf 77' lang='grc' dir='ltr'><strong>εὒχεται,</strong></span> <span class='ocrx_word' id='word_1_411' title='bbox 1701 1532 1792 1558; x_wconf 84' lang='grc' dir='ltr'><strong>μεμνη</strong></span> <span class='ocrx_word' id='word_1_412' title='bbox 1799 1525 1851 1559; x_wconf 78' lang='grc' dir='ltr'><strong>μὲ-</strong></span> 
     </span>
    </p>
   </div>
   <div class='ocr_carea' id='block_1_63' title="bbox 219 1567 1007 1602">
    <p class='ocr_par' dir='ltr' id='par_1_63' title="bbox 219 1567 1007 1602">
     <span class='ocr_line' id='line_1_64' title="bbox 219 1567 1007 1602; baseline 0 -7"><span class='ocrx_word' id='word_1_413' title='bbox 219 1570 295 1597; x_wconf 73' lang='lat' dir='ltr'><strong>iiens</strong></span> <span class='ocrx_word' id='word_1_414' title='bbox 311 1573 337 1596; x_wconf 86' lang='lat' dir='ltr'><strong>et</strong></span> <span class='ocrx_word' id='word_1_415' title='bbox 350 1569 394 1595; x_wconf 90' lang='lat' dir='ltr'><strong>sui</strong></span> <span class='ocrx_word' id='word_1_416' title='bbox 412 1568 498 1602; x_wconf 86' lang='lat' dir='ltr'><strong>ipsius</strong></span> <span class='ocrx_word' id='word_1_417' title='bbox 509 1572 536 1594; x_wconf 92' lang='lat' dir='ltr'><strong>et</strong></span> <span class='ocrx_word' id='word_1_418' title='bbox 553 1567 672 1602; x_wconf 85' lang='lat' dir='ltr'><strong>episcopi</strong></span> <span class='ocrx_word' id='word_1_419' title='bbox 687 1567 733 1602; x_wconf 92' lang='lat' dir='ltr'><strong>qui</strong></span> <span class='ocrx_word' id='word_1_420' title='bbox 754 1568 841 1602; x_wconf 89' lang='lat' dir='ltr'><strong>ipsum</strong></span> <span class='ocrx_word' id='word_1_421' title='bbox 859 1568 1007 1602; x_wconf 80' lang='lat' dir='ltr'><strong>ordinavit,</strong></span> 
     </span>
    </p>
   </div>
   <div class='ocr_carea' id='block_1_64' title="bbox 220 1613 1009 1650">
    <p class='ocr_par' dir='ltr' id='par_1_64' title="bbox 220 1613 1009 1650">
     <span class='ocr_line' id='line_1_65' title="bbox 220 1613 1009 1650; baseline 0 -8"><span class='ocrx_word' id='word_1_422' title='bbox 220 1615 398 1649; x_wconf 86' lang='lat' dir='ltr'><strong>omniumque</strong></span> <span class='ocrx_word' id='word_1_423' title='bbox 416 1613 580 1641; x_wconf 87' lang='lat' dir='ltr'><strong>clericorum</strong></span> <span class='ocrx_word' id='word_1_424' title='bbox 598 1617 624 1640; x_wconf 91' lang='lat' dir='ltr'><strong>et</strong></span> <span class='ocrx_word' id='word_1_425' title='bbox 650 1613 795 1646; x_wconf 88' lang='lat' dir='ltr'><strong>laicorum,</strong></span> <span class='ocrx_word' id='word_1_426' title='bbox 824 1614 1009 1650; x_wconf 86' lang='lat' dir='ltr'><strong>omnibusque</strong></span> 
     </span>
    </p>
   </div>
   <div class='ocr_carea' id='block_1_65' title="bbox 220 1659 1009 1694">
    <p class='ocr_par' dir='ltr' id='par_1_65' title="bbox 220 1659 1009 1694">
     <span class='ocr_line' id='line_1_66' title="bbox 220 1659 1009 1694; baseline 0 -6"><span class='ocrx_word' id='word_1_427' title='bbox 220 1661 335 1688; x_wconf 86' lang='lat' dir='ltr'><strong>salutem</strong></span> <span class='ocrx_word' id='word_1_428' title='bbox 359 1659 509 1694; x_wconf 88' lang='lat' dir='ltr'><strong>deposcit:</strong></span> <span class='ocrx_word' id='word_1_429' title='bbox 534 1659 684 1687; x_wconf 80' lang='lat' dir='ltr'><strong>viventium</strong></span> <span class='ocrx_word' id='word_1_430' title='bbox 702 1666 812 1694; x_wconf 89' lang='lat' dir='ltr'><strong>quoque</strong></span> <span class='ocrx_word' id='word_1_431' title='bbox 837 1660 1009 1688; x_wconf 81' lang='lat' dir='ltr'><strong>orthodoxa-</strong></span> 
     </span>
    </p>
   </div>
   <div class='ocr_carea' id='block_1_66' title="bbox 222 1705 1008 1740">
    <p class='ocr_par' dir='ltr' id='par_1_66' title="bbox 222 1705 1008 1740">
     <span class='ocr_line' id='line_1_67' title="bbox 222 1705 1008 1740; baseline 0.001 -8"><span class='ocrx_word' id='word_1_432' title='bbox 222 1714 281 1733; x_wconf 87' lang='lat' dir='ltr'><strong>rum</strong></span> <span class='ocrx_word' id='word_1_433' title='bbox 299 1710 325 1733; x_wconf 92' lang='lat' dir='ltr'><strong>et</strong></span> <span class='ocrx_word' id='word_1_434' title='bbox 340 1711 510 1733; x_wconf 90' lang='lat' dir='ltr'><strong>mortuorum</strong></span> <span class='ocrx_word' id='word_1_435' title='bbox 527 1706 698 1733; x_wconf 86' lang='lat' dir='ltr'><strong>recordatur.</strong></span> <span class='ocrx_word' id='word_1_436' title='bbox 724 1705 815 1740; x_wconf 84' lang='lat' dir='ltr'><strong>Ipsum</strong></span> <span class='ocrx_word' id='word_1_437' title='bbox 830 1706 902 1732; x_wconf 91' lang='lat' dir='ltr'><strong>enim</strong></span> <span class='ocrx_word' id='word_1_438' title='bbox 916 1706 1008 1733; x_wconf 83' lang='lat' dir='ltr'><strong>Domi-</strong></span> 
     </span>
    </p>
   </div>
   <div class='ocr_carea' id='block_1_67' title="bbox 221 1751 1005 1786">
    <p class='ocr_par' dir='ltr' id='par_1_67' title="bbox 221 1751 1005 1786">
     <span class='ocr_line' id='line_1_68' title="bbox 221 1751 1005 1786; baseline 0 -7"><span class='ocrx_word' id='word_1_439' title='bbox 221 1760 285 1779; x_wconf 90' lang='lat' dir='ltr'><strong>num</strong></span> <span class='ocrx_word' id='word_1_440' title='bbox 307 1751 436 1778; x_wconf 82' lang='lat' dir='ltr'><strong>manibus</strong></span> <span class='ocrx_word' id='word_1_441' title='bbox 453 1754 537 1783; x_wconf 90' lang='lat' dir='ltr'><strong>tenet,</strong></span> <span class='ocrx_word' id='word_1_442' title='bbox 569 1751 685 1786; x_wconf 87' lang='lat' dir='ltr'><strong>ejusque</strong></span> <span class='ocrx_word' id='word_1_443' title='bbox 709 1759 808 1779; x_wconf 75' lang='lat' dir='ltr'><strong>manus</strong></span> <span class='ocrx_word' id='word_1_444' title='bbox 824 1759 890 1780; x_wconf 81' lang='lat' dir='ltr'><strong>vasa</strong></span> <span class='ocrx_word' id='word_1_445' title='bbox 917 1756 1005 1785; x_wconf 90' lang='lat' dir='ltr'><strong>sunt;</strong></span> 
     </span>
    </p>
   </div>
   <div class='ocr_carea' id='block_1_68' title="bbox 221 1795 1009 1832">
    <p class='ocr_par' dir='ltr' id='par_1_68' title="bbox 221 1795 1009 1832">
     <span class='ocr_line' id='line_1_69' title="bbox 221 1795 1009 1832; baseline 0.001 -8"><span class='ocrx_word' id='word_1_446' title='bbox 221 1799 281 1832; x_wconf 85' lang='lat' dir='ltr'><strong>ipse</strong></span> <span class='ocrx_word' id='word_1_447' title='bbox 303 1797 348 1832; x_wconf 87' lang='lat' dir='ltr'><strong>qui</strong></span> <span class='ocrx_word' id='word_1_448' title='bbox 365 1801 473 1824; x_wconf 85' lang='lat' dir='ltr'><strong>tenetur</strong></span> <span class='ocrx_word' id='word_1_449' title='bbox 487 1795 566 1824; x_wconf 85' lang='lat' dir='ltr'><strong>Jesus</strong></span> <span class='ocrx_word' id='word_1_450' title='bbox 589 1796 728 1829; x_wconf 78' lang='lat' dir='ltr'><strong>Christus,</strong></span> <span class='ocrx_word' id='word_1_451' title='bbox 745 1801 787 1824; x_wconf 87' lang='lat' dir='ltr'><strong>est</strong></span> <span class='ocrx_word' id='word_1_452' title='bbox 801 1797 826 1825; x_wconf 83' lang='lat' dir='ltr'><strong>ei</strong></span> <span class='ocrx_word' id='word_1_453' title='bbox 840 1803 867 1825; x_wconf 93' lang='lat' dir='ltr'><strong>ct</strong></span> <span class='ocrx_word' id='word_1_454' title='bbox 882 1797 1009 1826; x_wconf 85' lang='lat' dir='ltr'><strong>manibus</strong></span> 
     </span>
    </p>
   </div>
   <div class='ocr_carea' id='block_1_69' title="bbox 220 1841 1008 1877">
    <p class='ocr_par' dir='ltr' id='par_1_69' title="bbox 220 1841 1008 1877">
     <span class='ocr_line' id='line_1_70' title="bbox 220 1841 1008 1877; baseline 0.001 -7"><span class='ocrx_word' id='word_1_455' title='bbox 220 1850 247 1870; x_wconf 78' lang='lat' dir='ltr'><strong>ut</strong></span> <span class='ocrx_word' id='word_1_456' title='bbox 263 1843 344 1877; x_wconf 80' lang='lat' dir='ltr'><strong>capiti</strong></span> <span class='ocrx_word' id='word_1_457' title='bbox 359 1841 462 1870; x_wconf 56' lang='lat' dir='ltr'><strong>unctio.</strong></span> <span class='ocrx_word' id='word_1_458' title='bbox 479 1842 542 1869; x_wconf 71' lang='lat' dir='ltr'><strong>ideo</strong></span> <span class='ocrx_word' id='word_1_459' title='bbox 554 1841 598 1869; x_wconf 91' lang='lat' dir='ltr'><strong>hic</strong></span> <span class='ocrx_word' id='word_1_460' title='bbox 616 1848 645 1869; x_wconf 91' lang='lat' dir='ltr'><strong>ut</strong></span> <span class='ocrx_word' id='word_1_461' title='bbox 658 1846 685 1869; x_wconf 91' lang='lat' dir='ltr'><strong>et</strong></span> <span class='ocrx_word' id='word_1_462' title='bbox 699 1842 727 1869; x_wconf 91' lang='lat' dir='ltr'><strong>in</strong></span> <span class='ocrx_word' id='word_1_463' title='bbox 737 1842 862 1870; x_wconf 86' lang='lat' dir='ltr'><strong>omnibus</strong></span> <span class='ocrx_word' id='word_1_464' title='bbox 877 1844 1008 1871; x_wconf 84' lang='lat' dir='ltr'><strong>innovant</strong></span> 
     </span>
    </p>
   </div>
   <div class='ocr_carea' id='block_1_70' title="bbox 222 1889 1007 1925">
    <p class='ocr_par' dir='ltr' id='par_1_70' title="bbox 222 1889 1007 1925">
     <span class='ocr_line' id='line_1_71' title="bbox 222 1889 1007 1925; baseline 0.003 -9"><span class='ocrx_word' id='word_1_465' title='bbox 222 1890 310 1917; x_wconf 80' lang='lat' dir='ltr'><strong>Latini</strong></span> <span class='ocrx_word' id='word_1_466' title='bbox 333 1889 510 1924; x_wconf 84' lang='lat' dir='ltr'><strong>presbyteros</strong></span> <span class='ocrx_word' id='word_1_467' title='bbox 543 1895 609 1916; x_wconf 88' lang='lat' dir='ltr'><strong>suos</strong></span> <span class='ocrx_word' id='word_1_468' title='bbox 641 1889 719 1923; x_wconf 76' lang='lat' dir='ltr'><strong>legali</strong></span> <span class='ocrx_word' id='word_1_469' title='bbox 757 1896 833 1916; x_wconf 85' lang='lat' dir='ltr'><strong>more</strong></span> <span class='ocrx_word' id='word_1_470' title='bbox 864 1896 1007 1925; x_wconf 72' lang='lat' dir='ltr'><strong>tingentes.</strong></span> 
     </span>
    </p>
   </div>
   <div class='ocr_carea' id='block_1_71' title="bbox 220 1933 1010 1971">
    <p class='ocr_par' dir='ltr' id='par_1_71' title="bbox 220 1933 1010 1971">
     <span class='ocr_line' id='line_1_72' title="bbox 220 1933 1010 1971; baseline 0.003 -9"><span class='ocrx_word' id='word_1_471' title='bbox 220 1938 293 1970; x_wconf 88' lang='lat' dir='ltr'><strong>quod</strong></span> <span class='ocrx_word' id='word_1_472' title='bbox 316 1935 461 1970; x_wconf 82' lang='lat' dir='ltr'><strong>Dionysius</strong></span> <span class='ocrx_word' id='word_1_473' title='bbox 478 1941 532 1961; x_wconf 89' lang='lat' dir='ltr'><strong>non</strong></span> <span class='ocrx_word' id='word_1_474' title='bbox 547 1934 623 1961; x_wconf 88' lang='lat' dir='ltr'><strong>dicit.</strong></span> <span class='ocrx_word' id='word_1_475' title='bbox 641 1933 680 1961; x_wconf 88' lang='lat' dir='ltr'><strong>Ita</strong></span> <span class='ocrx_word' id='word_1_476' title='bbox 696 1938 774 1962; x_wconf 85' lang='lat' dir='ltr'><strong>stans</strong></span> <span class='ocrx_word' id='word_1_477' title='bbox 788 1935 934 1970; x_wconf 83' lang='lat' dir='ltr'><strong>presbyter</strong></span> <span class='ocrx_word' id='word_1_478' title='bbox 948 1942 1010 1971; x_wconf 79' lang='lat' dir='ltr'><strong>past</strong></span> 
     </span>
    </p>
   </div>
   <div class='ocr_carea' id='block_1_72' title="bbox 220 1979 1007 2015">
    <p class='ocr_par' dir='ltr' id='par_1_72' title="bbox 220 1979 1007 2015">
     <span class='ocr_line' id='line_1_73' title="bbox 220 1979 1007 2015; baseline 0.004 -9"><span class='ocrx_word' id='word_1_479' title='bbox 220 1980 318 2015; x_wconf 87' lang='lat' dir='ltr'><strong>capitis</strong></span> <span class='ocrx_word' id='word_1_480' title='bbox 335 1979 551 2013; x_wconf 85' lang='lat' dir='ltr'><strong>inclinationem,</strong></span> <span class='ocrx_word' id='word_1_481' title='bbox 564 1983 591 2006; x_wconf 89' lang='lat' dir='ltr'><strong>et</strong></span> <span class='ocrx_word' id='word_1_482' title='bbox 602 1980 752 2007; x_wconf 89' lang='lat' dir='ltr'><strong>orationem</strong></span> <span class='ocrx_word' id='word_1_483' title='bbox 766 1989 774 2008; x_wconf 91' lang='lat'><strong>:</strong></span> <span class='ocrx_word' id='word_1_484' title='bbox 791 1990 800 2006; x_wconf 74' lang='grc' dir='ltr'><strong>ι</strong></span> <span class='ocrx_word' id='word_1_485' title='bbox 813 1981 940 2015; x_wconf 83' lang='lat' dir='ltr'><strong>Attende,</strong></span> <span class='ocrx_word' id='word_1_486' title='bbox 953 1981 1007 2009; x_wconf 90' lang='lat' dir='ltr'><strong>Do-</strong></span> 
     </span>
    </p>
   </div>
   <div class='ocr_carea' id='block_1_73' title="bbox 220 2025 1008 2060">
    <p class='ocr_par' dir='ltr' id='par_1_73' title="bbox 220 2025 1008 2060">
     <span class='ocr_line' id='line_1_74' title="bbox 220 2025 1008 2060; baseline 0.003 -7"><span class='ocrx_word' id='word_1_487' title='bbox 220 2027 293 2053; x_wconf 86' lang='lat' dir='ltr'><strong>mine</strong></span> <span class='ocrx_word' id='word_1_488' title='bbox 307 2026 371 2054; x_wconf 83' lang='lat' dir='ltr'><strong>Jcsu</strong></span> <span class='ocrx_word' id='word_1_489' title='bbox 388 2025 507 2058; x_wconf 80' lang='lat' dir='ltr'><strong>Christe,</strong></span> <span class='ocrx_word' id='word_1_490' title='bbox 522 2035 532 2051; x_wconf 80' lang='grc'><strong>›</strong></span> <span class='ocrx_word' id='word_1_491' title='bbox 548 2025 711 2053; x_wconf 85' lang='lat' dir='ltr'><strong>admonetur</strong></span> <span class='ocrx_word' id='word_1_492' title='bbox 729 2026 839 2060; x_wconf 86' lang='lat' dir='ltr'><strong>iterum,</strong></span> <span class='ocrx_word' id='word_1_493' title='bbox 855 2033 882 2055; x_wconf 90' lang='lat' dir='ltr'><strong>et</strong></span> <span class='ocrx_word' id='word_1_494' title='bbox 897 2028 950 2055; x_wconf 76' lang='lat' dir='ltr'><strong>fert</strong></span> <span class='ocrx_word' id='word_1_495' title='bbox 965 2028 1008 2055; x_wconf 83' lang='lat' dir='ltr'><strong>di-</strong></span> 
     </span>
    </p>
   </div>
   <div class='ocr_carea' id='block_1_74' title="bbox 220 2071 1008 2107">
    <p class='ocr_par' dir='ltr' id='par_1_74' title="bbox 220 2071 1008 2107">
     <span class='ocr_line' id='line_1_75' title="bbox 220 2071 1008 2107; baseline 0.001 -8"><span class='ocrx_word' id='word_1_496' title='bbox 220 2073 310 2100; x_wconf 84' lang='lat' dir='ltr'><strong>vinum</strong></span> <span class='ocrx_word' id='word_1_497' title='bbox 330 2079 439 2107; x_wconf 80' lang='lat' dir='ltr'><strong>panem,</strong></span> <span class='ocrx_word' id='word_1_498' title='bbox 460 2075 488 2099; x_wconf 85' lang='lat' dir='ltr'><strong>et</strong></span> <span class='ocrx_word' id='word_1_499' title='bbox 504 2072 531 2098; x_wconf 86' lang='lat' dir='ltr'><strong>in</strong></span> <span class='ocrx_word' id='word_1_500' title='bbox 552 2071 630 2099; x_wconf 88' lang='lat' dir='ltr'><strong>disco</strong></span> <span class='ocrx_word' id='word_1_501' title='bbox 650 2072 737 2106; x_wconf 90' lang='lat' dir='ltr'><strong>ponit,</strong></span> <span class='ocrx_word' id='word_1_502' title='bbox 756 2080 819 2100; x_wconf 88' lang='lat' dir='ltr'><strong>eum</strong></span> <span class='ocrx_word' id='word_1_503' title='bbox 833 2074 869 2101; x_wconf 89' lang='lat' dir='ltr'><strong>sit</strong></span> <span class='ocrx_word' id='word_1_504' title='bbox 886 2073 1008 2101; x_wconf 82' lang='lat' dir='ltr'><strong>exaltan-</strong></span> 
     </span>
    </p>
   </div>
   <div class='ocr_carea' id='block_1_75' title="bbox 220 2117 1006 2153">
    <p class='ocr_par' dir='ltr' id='par_1_75' title="bbox 220 2117 1006 2153">
     <span class='ocr_line' id='line_1_76' title="bbox 220 2117 1006 2153; baseline 0.001 -8"><span class='ocrx_word' id='word_1_505' title='bbox 220 2119 282 2146; x_wconf 84' lang='lat' dir='ltr'><strong>dus.</strong></span> <span class='ocrx_word' id='word_1_506' title='bbox 304 2117 373 2145; x_wconf 88' lang='lat' dir='ltr'><strong>Tum</strong></span> <span class='ocrx_word' id='word_1_507' title='bbox 390 2119 463 2145; x_wconf 85' lang='lat' dir='ltr'><strong>enim</strong></span> <span class='ocrx_word' id='word_1_508' title='bbox 484 2117 629 2152; x_wconf 81' lang='lat' dir='ltr'><strong>cpiscopus</strong></span> <span class='ocrx_word' id='word_1_509' title='bbox 661 2118 783 2145; x_wconf 86' lang='lat' dir='ltr'><strong>divinum</strong></span> <span class='ocrx_word' id='word_1_510' title='bbox 803 2126 899 2153; x_wconf 84' lang='lat' dir='ltr'><strong>panem</strong></span> <span class='ocrx_word' id='word_1_511' title='bbox 917 2120 944 2146; x_wconf 93' lang='lat' dir='ltr'><strong>in</strong></span> <span class='ocrx_word' id='word_1_512' title='bbox 961 2119 1006 2146; x_wconf 63' lang='lat' dir='ltr'><strong>dio</strong></span> 
     </span>
    </p>
   </div>
   <div class='ocr_carea' id='block_1_76' title="bbox 1061 1567 1852 1605">
    <p class='ocr_par' dir='ltr' id='par_1_76' title="bbox 1061 1567 1852 1605">
     <span class='ocr_line' id='line_1_77' title="bbox 1061 1567 1852 1605; baseline 0.003 -11"><span class='ocrx_word' id='word_1_513' title='bbox 1061 1575 1105 1599; x_wconf 76' lang='grc' dir='ltr'><strong>νος</strong></span> <span class='ocrx_word' id='word_1_514' title='bbox 1118 1568 1166 1594; x_wconf 79' lang='grc' dir='ltr'><strong>καὶ</strong></span> <span class='ocrx_word' id='word_1_515' title='bbox 1180 1567 1250 1602; x_wconf 69' lang='grc' dir='ltr'><strong>ὑπὲρ</strong></span> <span class='ocrx_word' id='word_1_516' title='bbox 1265 1567 1363 1594; x_wconf 80' lang='grc' dir='ltr'><strong>ἑαυτοῦ</strong></span> <span class='ocrx_word' id='word_1_517' title='bbox 1382 1568 1429 1595; x_wconf 71' lang='grc' dir='ltr'><strong>καὶ</strong></span> <span class='ocrx_word' id='word_1_518' title='bbox 1447 1568 1494 1594; x_wconf 80' lang='grc' dir='ltr'><strong>τοῦ</strong></span> <span class='ocrx_word' id='word_1_519' title='bbox 1510 1570 1749 1604; x_wconf 70' lang='grc' dir='ltr'><strong>χειροτονήσαντος</strong></span> <span class='ocrx_word' id='word_1_520' title='bbox 1768 1569 1852 1605; x_wconf 78' lang='lat'><strong>150</strong></span> 
     </span>
    </p>
   </div>
   <div class='ocr_carea' id='block_1_77' title="bbox 1060 1612 1850 1648">
    <p class='ocr_par' dir='ltr' id='par_1_77' title="bbox 1060 1612 1850 1648">
     <span class='ocr_line' id='line_1_78' title="bbox 1060 1612 1850 1648; baseline 0.005 -10"><span class='ocrx_word' id='word_1_521' title='bbox 1060 1612 1140 1639; x_wconf 80' lang='grc' dir='ltr'><strong>αὑτὸν</strong></span> <span class='ocrx_word' id='word_1_522' title='bbox 1158 1613 1299 1648; x_wconf 79' lang='grc' dir='ltr'><strong>ίεράρχου,</strong></span> <span class='ocrx_word' id='word_1_523' title='bbox 1319 1613 1366 1640; x_wconf 75' lang='grc' dir='ltr'><strong>καὶ</strong></span> <span class='ocrx_word' id='word_1_524' title='bbox 1383 1614 1494 1640; x_wconf 81' lang='grc' dir='ltr'><strong>πάντων</strong></span> <span class='ocrx_word' id='word_1_525' title='bbox 1514 1615 1662 1648; x_wconf 83' lang='grc' dir='ltr'><strong>ίερατικῶν</strong></span> <span class='ocrx_word' id='word_1_526' title='bbox 1676 1623 1705 1642; x_wconf 81' lang='grc' dir='ltr'><strong>τε</strong></span> <span class='ocrx_word' id='word_1_527' title='bbox 1722 1615 1771 1642; x_wconf 74' lang='grc' dir='ltr'><strong>καὶ</strong></span> <span class='ocrx_word' id='word_1_528' title='bbox 1786 1617 1850 1642; x_wconf 64' lang='grc' dir='ltr'><strong>λαῖ-</strong></span> 
     </span>
    </p>
   </div>
   <div class='ocr_carea' id='block_1_78' title="bbox 1060 1658 1851 1694">
    <p class='ocr_par' dir='ltr' id='par_1_78' title="bbox 1060 1658 1851 1694">
     <span class='ocr_line' id='line_1_79' title="bbox 1060 1658 1851 1694; baseline 0.005 -10"><span class='ocrx_word' id='word_1_529' title='bbox 1060 1658 1116 1685; x_wconf 88' lang='grc' dir='ltr'><strong>κῶν</strong></span> <span class='ocrx_word' id='word_1_530' title='bbox 1126 1667 1132 1674; x_wconf 93' lang='grc'>·</span> <span class='ocrx_word' id='word_1_531' title='bbox 1142 1660 1188 1685; x_wconf 79' lang='grc' dir='ltr'><strong>καὶ</strong></span> <span class='ocrx_word' id='word_1_532' title='bbox 1200 1659 1250 1692; x_wconf 84' lang='grc' dir='ltr'><strong>τὴν</strong></span> <span class='ocrx_word' id='word_1_533' title='bbox 1268 1659 1406 1694; x_wconf 79' lang='grc' dir='ltr'><strong>σωτηρίαν</strong></span> <span class='ocrx_word' id='word_1_534' title='bbox 1426 1660 1528 1686; x_wconf 77' lang='grc' dir='ltr'><strong>ἅπασιν</strong></span> <span class='ocrx_word' id='word_1_535' title='bbox 1539 1661 1702 1693; x_wconf 82' lang='grc' dir='ltr'><strong>ἑξαιτεῑται·</strong></span> <span class='ocrx_word' id='word_1_536' title='bbox 1718 1663 1765 1688; x_wconf 78' lang='grc' dir='ltr'><strong>καὶ</strong></span> <span class='ocrx_word' id='word_1_537' title='bbox 1780 1662 1851 1694; x_wconf 80' lang='grc' dir='ltr'><strong>ζών-</strong></span> 
     </span>
    </p>
   </div>
   <div class='ocr_carea' id='block_1_79' title="bbox 1059 1705 1849 1745">
    <p class='ocr_par' dir='ltr' id='par_1_79' title="bbox 1059 1705 1849 1745">
     <span class='ocr_line' id='line_1_80' title="bbox 1059 1705 1849 1745; baseline 0.006 -15"><span class='ocrx_word' id='word_1_538' title='bbox 1059 1713 1115 1732; x_wconf 77' lang='grc' dir='ltr'><strong>των</strong></span> <span class='ocrx_word' id='word_1_539' title='bbox 1129 1705 1279 1739; x_wconf 78' lang='grc' dir='ltr'><strong>ὀρθοδόξων</strong></span> <span class='ocrx_word' id='word_1_540' title='bbox 1294 1707 1342 1732; x_wconf 72' lang='grc' dir='ltr'><strong>καὶ</strong></span> <span class='ocrx_word' id='word_1_541' title='bbox 1354 1706 1511 1734; x_wconf 73' lang='grc' dir='ltr'><strong>τεθνεώτων</strong></span> <span class='ocrx_word' id='word_1_542' title='bbox 1528 1707 1680 1743; x_wconf 70' lang='grc' dir='ltr'><strong>μέμνηται·</strong></span> <span class='ocrx_word' id='word_1_543' title='bbox 1693 1709 1776 1735; x_wconf 48' lang='grc' dir='ltr'><strong>αὐτὴν</strong></span> <span class='ocrx_word' id='word_1_544' title='bbox 1792 1709 1849 1745; x_wconf 76' lang='grc' dir='ltr'><strong>γὰρ</strong></span> 
     </span>
    </p>
   </div>
   <div class='ocr_carea' id='block_1_80' title="bbox 1058 1750 1846 1789">
    <p class='ocr_par' dir='ltr' id='par_1_80' title="bbox 1058 1750 1846 1789">
     <span class='ocr_line' id='line_1_81' title="bbox 1058 1750 1846 1789; baseline 0.008 -14"><span class='ocrx_word' id='word_1_545' title='bbox 1058 1750 1119 1781; x_wconf 82' lang='grc' dir='ltr'><strong>ταῖς</strong></span> <span class='ocrx_word' id='word_1_546' title='bbox 1134 1751 1212 1785; x_wconf 75' lang='grc' dir='ltr'><strong>χερσὶ</strong></span> <span class='ocrx_word' id='word_1_547' title='bbox 1226 1750 1336 1785; x_wconf 81' lang='grc' dir='ltr'><strong>κατέχει</strong></span> <span class='ocrx_word' id='word_1_548' title='bbox 1347 1752 1392 1778; x_wconf 76' lang='grc' dir='ltr'><strong>τὸν</strong></span> <span class='ocrx_word' id='word_1_549' title='bbox 1415 1753 1520 1788; x_wconf 81' lang='grc' dir='ltr'><strong>Κύριον</strong></span> <span class='ocrx_word' id='word_1_550' title='bbox 1531 1761 1538 1769; x_wconf 75' lang='grc'><strong><em>⁸</em></strong></span> <span class='ocrx_word' id='word_1_551' title='bbox 1552 1754 1597 1779; x_wconf 74' lang='grc' dir='ltr'><strong>καὶ</strong></span> <span class='ocrx_word' id='word_1_552' title='bbox 1615 1754 1643 1779; x_wconf 86' lang='grc' dir='ltr'><strong>αι</strong></span> <span class='ocrx_word' id='word_1_553' title='bbox 1654 1755 1745 1789; x_wconf 73' lang='grc' dir='ltr'><strong>χεῖρες</strong></span> <span class='ocrx_word' id='word_1_554' title='bbox 1757 1755 1846 1782; x_wconf 84' lang='grc' dir='ltr'><strong>αὐτοῦ</strong></span> 
     </span>
    </p>
   </div>
   <div class='ocr_carea' id='block_1_81' title="bbox 1061 1794 1848 1835">
    <p class='ocr_par' dir='ltr' id='par_1_81' title="bbox 1061 1794 1848 1835">
     <span class='ocr_line' id='line_1_82' title="bbox 1061 1794 1848 1835; baseline 0.008 -15"><span class='ocrx_word' id='word_1_555' title='bbox 1061 1794 1133 1830; x_wconf 79' lang='grc' dir='ltr'><strong>ὑπὲρ</strong></span> <span class='ocrx_word' id='word_1_556' title='bbox 1147 1796 1182 1822; x_wconf 84' lang='grc' dir='ltr'><strong>τὰ</strong></span> <span class='ocrx_word' id='word_1_557' title='bbox 1207 1796 1266 1830; x_wconf 75' lang='grc' dir='ltr'><strong>ίερά</strong></span> <span class='ocrx_word' id='word_1_558' title='bbox 1280 1797 1334 1823; x_wconf 85' lang='grc' dir='ltr'><strong>είσι</strong></span> <span class='ocrx_word' id='word_1_559' title='bbox 1355 1796 1439 1832; x_wconf 84' lang='grc' dir='ltr'><strong>σκεύη</strong></span> <span class='ocrx_word' id='word_1_560' title='bbox 1454 1804 1461 1812; x_wconf 88' lang='grc'>·</span> <span class='ocrx_word' id='word_1_561' title='bbox 1479 1799 1528 1824; x_wconf 78' lang='grc' dir='ltr'><strong>καὶ</strong></span> <span class='ocrx_word' id='word_1_562' title='bbox 1552 1798 1566 1824; x_wconf 83' lang='grc' dir='ltr'>ὁ</span> <span class='ocrx_word' id='word_1_563' title='bbox 1590 1800 1773 1833; x_wconf 73' lang='grc' dir='ltr'><strong>κατεχόμενος</strong></span> <span class='ocrx_word' id='word_1_564' title='bbox 1793 1800 1848 1835; x_wconf 85' lang='grc' dir='ltr'><strong>Ἰη-</strong></span> 
     </span>
    </p>
   </div>
   <div class='ocr_carea' id='block_1_82' title="bbox 1060 1839 1849 1880">
    <p class='ocr_par' dir='ltr' id='par_1_82' title="bbox 1060 1839 1849 1880">
     <span class='ocr_line' id='line_1_83' title="bbox 1060 1839 1849 1880; baseline 0.008 -14"><span class='ocrx_word' id='word_1_565' title='bbox 1060 1839 1124 1872; x_wconf 85' lang='grc' dir='ltr'><strong>σοῦς</strong></span> <span class='ocrx_word' id='word_1_566' title='bbox 1141 1840 1268 1875; x_wconf 77' lang='grc' dir='ltr'><strong>Χριστὸς,</strong></span> <span class='ocrx_word' id='word_1_567' title='bbox 1286 1839 1364 1872; x_wconf 74' lang='grc' dir='ltr'><strong>οὗτος</strong></span> <span class='ocrx_word' id='word_1_568' title='bbox 1394 1842 1500 1877; x_wconf 87' lang='grc' dir='ltr'><strong>χρίσμα</strong></span> <span class='ocrx_word' id='word_1_569' title='bbox 1519 1842 1594 1877; x_wconf 82' lang='grc' dir='ltr'><strong>αύτῷ</strong></span> <span class='ocrx_word' id='word_1_570' title='bbox 1614 1845 1662 1870; x_wconf 83' lang='grc' dir='ltr'><strong>καὶ</strong></span> <span class='ocrx_word' id='word_1_571' title='bbox 1687 1845 1749 1876; x_wconf 71' lang='grc' dir='ltr'><strong>ταῖς</strong></span> <span class='ocrx_word' id='word_1_572' title='bbox 1766 1845 1849 1880; x_wconf 78' lang='grc' dir='ltr'><strong>χερσὶ</strong></span> 
     </span>
    </p>
   </div>
   <div class='ocr_carea' id='block_1_83' title="bbox 1060 1885 1849 1921">
    <p class='ocr_par' dir='ltr' id='par_1_83' title="bbox 1060 1885 1849 1921">
     <span class='ocr_line' id='line_1_84' title="bbox 1060 1885 1849 1921; baseline 0.008 -10"><span class='ocrx_word' id='word_1_573' title='bbox 1060 1886 1107 1911; x_wconf 68' lang='grc' dir='ltr'><strong>καὶ</strong></span> <span class='ocrx_word' id='word_1_574' title='bbox 1118 1887 1150 1921; x_wconf 83' lang='grc' dir='ltr'><strong>τῇ</strong></span> <span class='ocrx_word' id='word_1_575' title='bbox 1165 1887 1283 1921; x_wconf 71' lang='grc' dir='ltr'><strong>κεφαλῇ.</strong></span> <span class='ocrx_word' id='word_1_576' title='bbox 1300 1887 1345 1913; x_wconf 70' lang='grc' dir='ltr'><strong>Διὸ</strong></span> <span class='ocrx_word' id='word_1_577' title='bbox 1358 1888 1406 1914; x_wconf 70' lang='grc' dir='ltr'><strong>καὶ</strong></span> <span class='ocrx_word' id='word_1_578' title='bbox 1418 1885 1468 1914; x_wconf 81' lang='grc' dir='ltr'><strong>ὦδε</strong></span> <span class='ocrx_word' id='word_1_579' title='bbox 1480 1888 1517 1917; x_wconf 70' lang='grc' dir='ltr'><strong>ὡς</strong></span> <span class='ocrx_word' id='word_1_580' title='bbox 1532 1888 1579 1915; x_wconf 66' lang='grc' dir='ltr'><strong>καὶ</strong></span> <span class='ocrx_word' id='word_1_581' title='bbox 1596 1889 1625 1915; x_wconf 79' lang='grc' dir='ltr'><strong>ὲν</strong></span> <span class='ocrx_word' id='word_1_582' title='bbox 1639 1890 1706 1916; x_wconf 80' lang='grc' dir='ltr'><strong>πᾶσι</strong></span> <span class='ocrx_word' id='word_1_583' title='bbox 1721 1898 1849 1917; x_wconf 80' lang='grc' dir='ltr'><strong>καινοτο-</strong></span> 
     </span>
    </p>
   </div>
   <div class='ocr_carea' id='block_1_84' title="bbox 1062 1931 1849 1971">
    <p class='ocr_par' dir='ltr' id='par_1_84' title="bbox 1062 1931 1849 1971">
     <span class='ocr_line' id='line_1_85' title="bbox 1062 1931 1849 1971; baseline 0.008 -14"><span class='ocrx_word' id='word_1_584' title='bbox 1062 1931 1144 1966; x_wconf 84' lang='grc' dir='ltr'><strong>μοῦσι</strong></span> <span class='ocrx_word' id='word_1_585' title='bbox 1167 1932 1289 1965; x_wconf 81' lang='grc' dir='ltr'><strong>Λατῖνοι,</strong></span> <span class='ocrx_word' id='word_1_586' title='bbox 1306 1935 1371 1964; x_wconf 69' lang='grc' dir='ltr'><strong>τοὺς</strong></span> <span class='ocrx_word' id='word_1_587' title='bbox 1389 1934 1480 1960; x_wconf 85' lang='grc' dir='ltr'><strong>αὐτῶν</strong></span> <span class='ocrx_word' id='word_1_588' title='bbox 1505 1934 1710 1969; x_wconf 72' lang='grc' dir='ltr'><strong>πρεσϐυτέρους</strong></span> <span class='ocrx_word' id='word_1_589' title='bbox 1725 1937 1849 1971; x_wconf 72' lang='grc' dir='ltr'><strong>νομικῶς</strong></span> 
     </span>
    </p>
   </div>
   <div class='ocr_carea' id='block_1_85' title="bbox 1060 1978 1849 2015">
    <p class='ocr_par' dir='ltr' id='par_1_85' title="bbox 1060 1978 1849 2015">
     <span class='ocr_line' id='line_1_86' title="bbox 1060 1978 1849 2015; baseline 0.009 -13"><span class='ocrx_word' id='word_1_590' title='bbox 1060 1978 1183 2012; x_wconf 84' lang='grc' dir='ltr'><strong>χρίοντες</strong></span> <span class='ocrx_word' id='word_1_591' title='bbox 1196 1985 1204 1993; x_wconf 87' lang='grc'><strong>·</strong></span> <span class='ocrx_word' id='word_1_592' title='bbox 1228 1978 1298 2013; x_wconf 81' lang='grc' dir='ltr'><strong>ὅπερ</strong></span> <span class='ocrx_word' id='word_1_593' title='bbox 1315 1978 1346 2006; x_wconf 75' lang='grc' dir='ltr'><strong>οὖ</strong></span> <span class='ocrx_word' id='word_1_594' title='bbox 1364 1988 1431 2015; x_wconf 83' lang='grc' dir='ltr'><strong>φησι</strong></span> <span class='ocrx_word' id='word_1_595' title='bbox 1455 1981 1604 2012; x_wconf 79' lang='grc' dir='ltr'><strong>Διονύσιος.</strong></span> <span class='ocrx_word' id='word_1_596' title='bbox 1622 1980 1702 2008; x_wconf 83' lang='grc' dir='ltr'><strong>Οὕτω</strong></span> <span class='ocrx_word' id='word_1_597' title='bbox 1725 1982 1754 2008; x_wconf 76' lang='grc' dir='ltr'><strong>δὲ</strong></span> <span class='ocrx_word' id='word_1_598' title='bbox 1772 1983 1849 2009; x_wconf 72' lang='lat' dir='ltr'><strong>tard-</strong></span> 
     </span>
    </p>
   </div>
   <div class='ocr_carea' id='block_1_86' title="bbox 1062 2025 1848 2063">
    <p class='ocr_par' dir='ltr' id='par_1_86' title="bbox 1062 2025 1848 2063">
     <span class='ocr_line' id='line_1_87' title="bbox 1062 2025 1848 2063; baseline 0.008 -14"><span class='ocrx_word' id='word_1_599' title='bbox 1062 2032 1151 2058; x_wconf 84' lang='grc' dir='ltr'><strong>μενος,</strong></span> <span class='ocrx_word' id='word_1_600' title='bbox 1171 2025 1241 2059; x_wconf 81' lang='grc' dir='ltr'><strong>μετὰ</strong></span> <span class='ocrx_word' id='word_1_601' title='bbox 1268 2026 1319 2060; x_wconf 81' lang='grc' dir='ltr'><strong>τὴν</strong></span> <span class='ocrx_word' id='word_1_602' title='bbox 1344 2026 1555 2060; x_wconf 75' lang='grc' dir='ltr'><strong>κεφαλοκλισίαν</strong></span> <span class='ocrx_word' id='word_1_603' title='bbox 1576 2027 1590 2053; x_wconf 85' lang='grc' dir='ltr'><strong>ό</strong></span> <span class='ocrx_word' id='word_1_604' title='bbox 1617 2027 1708 2062; x_wconf 72' lang='grc' dir='ltr'><strong>ἱερεὺς</strong></span> <span class='ocrx_word' id='word_1_605' title='bbox 1735 2029 1780 2055; x_wconf 74' lang='grc' dir='ltr'><strong>καὶ</strong></span> <span class='ocrx_word' id='word_1_606' title='bbox 1797 2030 1848 2063; x_wconf 74' lang='grc' dir='ltr'><strong>τὴν</strong></span> 
     </span>
    </p>
   </div>
   <div class='ocr_carea' id='block_1_87' title="bbox 1060 2069 1847 2114">
    <p class='ocr_par' dir='ltr' id='par_1_87' title="bbox 1060 2069 1847 2114">
     <span class='ocr_line' id='line_1_88' title="bbox 1060 2069 1847 2114; baseline 0.006 -19"><span class='ocrx_word' id='word_1_607' title='bbox 1060 2069 1142 2105; x_wconf 81' lang='grc' dir='ltr'><strong>εὐχὴν</strong></span> <span class='ocrx_word' id='word_1_608' title='bbox 1151 2070 1191 2103; x_wconf 76' lang='grc' dir='ltr'><strong>τὺ,</strong></span> <span class='ocrx_word' id='word_1_609' title='bbox 1209 2080 1218 2095; x_wconf 79' lang='grc' dir='ltr'><strong>ι</strong></span> <span class='ocrx_word' id='word_1_610' title='bbox 1233 2071 1382 2106; x_wconf 80' lang='grc' dir='ltr'><strong>Πρόσσχες,</strong></span> <span class='ocrx_word' id='word_1_611' title='bbox 1396 2072 1482 2106; x_wconf 85' lang='grc' dir='ltr'><strong>Κύριε</strong></span> <span class='ocrx_word' id='word_1_612' title='bbox 1504 2072 1593 2107; x_wconf 80' lang='grc' dir='ltr'><strong>Ἰησοῦ</strong></span> <span class='ocrx_word' id='word_1_613' title='bbox 1603 2073 1716 2114; x_wconf 50' lang='grc' dir='ltr'><strong>ξριστὲ,</strong></span> <span class='ocrx_word' id='word_1_614' title='bbox 1731 2083 1741 2100; x_wconf 77' lang='grc' dir='ltr'><strong>ι</strong></span> <span class='ocrx_word' id='word_1_615' title='bbox 1759 2083 1847 2109; x_wconf 69' lang='grc' dir='ltr'><strong>προσ-</strong></span> 
     </span>
    </p>
   </div>
   <div class='ocr_carea' id='block_1_88' title="bbox 1060 2114 1847 2154">
    <p class='ocr_par' dir='ltr' id='par_1_88' title="bbox 1060 2114 1847 2154">
     <span class='ocr_line' id='line_1_89' title="bbox 1060 2114 1847 2154; baseline 0.009 -15"><span class='ocrx_word' id='word_1_616' title='bbox 1060 2114 1183 2141; x_wconf 73' lang='grc' dir='ltr'><strong>καλεῖται</strong></span> <span class='ocrx_word' id='word_1_617' title='bbox 1214 2115 1314 2142; x_wconf 74' lang='grc' dir='ltr'><strong>πάλινι</strong></span> <span class='ocrx_word' id='word_1_618' title='bbox 1338 2117 1385 2143; x_wconf 74' lang='grc' dir='ltr'><strong>καὶ</strong></span> <span class='ocrx_word' id='word_1_619' title='bbox 1406 2117 1484 2151; x_wconf 82' lang='grc' dir='ltr'><strong>φέρει</strong></span> <span class='ocrx_word' id='word_1_620' title='bbox 1517 2117 1564 2144; x_wconf 80' lang='grc' dir='ltr'><strong>τὸν</strong></span> <span class='ocrx_word' id='word_1_621' title='bbox 1586 2118 1658 2145; x_wconf 83' lang='grc' dir='ltr'><strong>θεῖον</strong></span> <span class='ocrx_word' id='word_1_622' title='bbox 1675 2119 1768 2154; x_wconf 79' lang='grc' dir='ltr'><strong>ἄρτον,</strong></span> <span class='ocrx_word' id='word_1_623' title='bbox 1798 2121 1847 2146; x_wconf 67' lang='lat' dir='ltr'><strong>aui.</strong></span> 
     </span>
    </p>
   </div>
   <div class='ocr_carea' id='block_1_89' title="bbox 220 2161 1014 2209">
    <p class='ocr_par' dir='ltr' id='par_1_89' title="bbox 220 2163 1009 2198">
     <span class='ocr_line' id='line_1_90' title="bbox 220 2163 1009 2198; baseline 0.001 -6"><span class='ocrx_word' id='word_1_624' title='bbox 220 2172 266 2192; x_wconf 89' lang='lat' dir='ltr'><strong>sco</strong></span> <span class='ocrx_word' id='word_1_625' title='bbox 282 2165 397 2198; x_wconf 82' lang='lat' dir='ltr'><strong>positum</strong></span> <span class='ocrx_word' id='word_1_626' title='bbox 429 2164 526 2196; x_wconf 82' lang='lat' dir='ltr'><strong>elevat,</strong></span> <span class='ocrx_word' id='word_1_627' title='bbox 547 2169 574 2190; x_wconf 92' lang='lat' dir='ltr'><strong>et</strong></span> <span class='ocrx_word' id='word_1_628' title='bbox 599 2163 671 2190; x_wconf 92' lang='lat' dir='ltr'><strong>hunc</strong></span> <span class='ocrx_word' id='word_1_629' title='bbox 688 2163 769 2191; x_wconf 88' lang='lat' dir='ltr'><strong>simul</strong></span> <span class='ocrx_word' id='word_1_630' title='bbox 785 2172 829 2197; x_wconf 81' lang='lat' dir='ltr'><strong>eo.</strong></span> <span class='ocrx_word' id='word_1_631' title='bbox 849 2163 938 2192; x_wconf 88' lang='lat' dir='ltr'><strong>Unum</strong></span> <span class='ocrx_word' id='word_1_632' title='bbox 967 2170 1009 2194; x_wconf 89' lang='lat' dir='ltr'><strong>est</strong></span> 
     </span>
    </p>
   </div>
   <div class='ocr_carea' id='block_1_90' title="bbox 1061 2161 1844 2209">
    <p class='ocr_par' dir='ltr' id='par_1_90' title="bbox 1061 2161 1844 2200">
     <span class='ocr_line' id='line_1_91' title="bbox 1061 2161 1844 2200; baseline 0.008 -13"><span class='ocrx_word' id='word_1_633' title='bbox 1061 2161 1169 2196; x_wconf 89' lang='grc' dir='ltr'><strong>τίθησιν</strong></span> <span class='ocrx_word' id='word_1_634' title='bbox 1185 2162 1266 2188; x_wconf 77' lang='grc' dir='ltr'><strong>αὐτὸν</strong></span> <span class='ocrx_word' id='word_1_635' title='bbox 1282 2163 1311 2188; x_wconf 79' lang='grc' dir='ltr'><strong>ὲν</strong></span> <span class='ocrx_word' id='word_1_636' title='bbox 1329 2163 1367 2198; x_wconf 83' lang='grc' dir='ltr'><strong>τῷ</strong></span> <span class='ocrx_word' id='word_1_637' title='bbox 1390 2164 1486 2198; x_wconf 84' lang='grc' dir='ltr'><strong>δίσκῳ,</strong></span> <span class='ocrx_word' id='word_1_638' title='bbox 1500 2164 1561 2190; x_wconf 77' lang='grc' dir='ltr'><strong>ἐπεὶ</strong></span> <span class='ocrx_word' id='word_1_639' title='bbox 1577 2165 1671 2199; x_wconf 68' lang='grc' dir='ltr'><strong>μέλλοι</strong></span> <span class='ocrx_word' id='word_1_640' title='bbox 1699 2166 1844 2200; x_wconf 79' lang='grc' dir='ltr'><strong>ὐψοῦσθαι.</strong></span> 
     </span>
    </p>
   </div>
   <div class='ocr_carea' id='block_1_91' title="bbox 219 2208 1005 2243">
    <p class='ocr_par' dir='ltr' id='par_1_91' title="bbox 219 2208 1005 2243">
     <span class='ocr_line' id='line_1_92' title="bbox 219 2208 1005 2243; baseline 0.003 -7"><span class='ocrx_word' id='word_1_641' title='bbox 219 2211 292 2237; x_wconf 92' lang='lat' dir='ltr'><strong>enim</strong></span> <span class='ocrx_word' id='word_1_642' title='bbox 312 2208 415 2236; x_wconf 78' lang='lat' dir='ltr'><strong>Christi</strong></span> <span class='ocrx_word' id='word_1_643' title='bbox 440 2216 552 2243; x_wconf 87' lang='lat' dir='ltr'><strong>corpus.</strong></span> <span class='ocrx_word' id='word_1_644' title='bbox 580 2209 626 2236; x_wconf 90' lang='lat' dir='ltr'><strong>Sic</strong></span> <span class='ocrx_word' id='word_1_645' title='bbox 641 2217 703 2236; x_wconf 87' lang='lat' dir='ltr'><strong>cuin</strong></span> <span class='ocrx_word' id='word_1_646' title='bbox 721 2209 816 2236; x_wconf 78' lang='lat' dir='ltr'><strong>hostia:</strong></span> <span class='ocrx_word' id='word_1_647' title='bbox 842 2210 1005 2238; x_wconf 84' lang='lat' dir='ltr'><strong>divisionem</strong></span> 
     </span>
    </p>
   </div>
   <div class='ocr_carea' id='block_1_92' title="bbox 221 2255 1006 2291">
    <p class='ocr_par' dir='ltr' id='par_1_92' title="bbox 221 2255 1006 2291">
     <span class='ocr_line' id='line_1_93' title="bbox 221 2255 1006 2291; baseline 0.004 -9"><span class='ocrx_word' id='word_1_648' title='bbox 221 2256 334 2290; x_wconf 78' lang='lat' dir='ltr'><strong>peregit,</strong></span> <span class='ocrx_word' id='word_1_649' title='bbox 349 2263 410 2290; x_wconf 76' lang='lat' dir='ltr'><strong>qua:</strong></span> <span class='ocrx_word' id='word_1_650' title='bbox 426 2260 552 2290; x_wconf 72' lang='lat' dir='ltr'><strong>spectant</strong></span> <span class='ocrx_word' id='word_1_651' title='bbox 565 2255 597 2281; x_wconf 89' lang='lat' dir='ltr'><strong>ad</strong></span> <span class='ocrx_word' id='word_1_652' title='bbox 610 2255 735 2282; x_wconf 90' lang='lat' dir='ltr'><strong>unionem</strong></span> <span class='ocrx_word' id='word_1_653' title='bbox 758 2255 842 2290; x_wconf 90' lang='lat' dir='ltr'><strong>partis</strong></span> <span class='ocrx_word' id='word_1_654' title='bbox 861 2257 922 2291; x_wconf 86' lang='lat' dir='ltr'><strong>ejus</strong></span> <span class='ocrx_word' id='word_1_655' title='bbox 944 2265 1006 2285; x_wconf 86' lang='lat' dir='ltr'><strong>cuni</strong></span> 
     </span>
    </p>
   </div>
   <div class='ocr_carea' id='block_1_93' title="bbox 219 2298 1006 2335">
    <p class='ocr_par' dir='ltr' id='par_1_93' title="bbox 219 2298 1006 2335">
     <span class='ocr_line' id='line_1_94' title="bbox 219 2298 1006 2335; baseline 0.001 -8"><span class='ocrx_word' id='word_1_656' title='bbox 219 2302 315 2333; x_wconf 83' lang='lat' dir='ltr'><strong>calice,</strong></span> <span class='ocrx_word' id='word_1_657' title='bbox 328 2305 353 2327; x_wconf 87' lang='lat' dir='ltr'><strong>et</strong></span> <span class='ocrx_word' id='word_1_658' title='bbox 368 2308 426 2334; x_wconf 70' lang='lat' dir='ltr'><strong>quat-</strong></span> <span class='ocrx_word' id='word_1_659' title='bbox 443 2298 477 2326; x_wconf 87' lang='lat' dir='ltr'><strong>ad</strong></span> <span class='ocrx_word' id='word_1_660' title='bbox 492 2299 712 2326; x_wconf 85' lang='lat' dir='ltr'><strong>communionem</strong></span> <span class='ocrx_word' id='word_1_661' title='bbox 726 2306 776 2333; x_wconf 92' lang='lat' dir='ltr'><strong>pro</strong></span> <span class='ocrx_word' id='word_1_662' title='bbox 798 2307 875 2327; x_wconf 89' lang='lat' dir='ltr'><strong>more</strong></span> <span class='ocrx_word' id='word_1_663' title='bbox 889 2301 1006 2335; x_wconf 82' lang='lat' dir='ltr'><strong>perﬁcit.</strong></span> 
     </span>
    </p>
   </div>
   <div class='ocr_carea' id='block_1_94' title="bbox 197 2345 1008 2382">
    <p class='ocr_par' dir='ltr' id='par_1_94' title="bbox 197 2345 1008 2382">
     <span class='ocr_line' id='line_1_95' title="bbox 197 2345 1008 2382; baseline 0 -8"><span class='ocrx_word' id='word_1_664' title='bbox 197 2355 204 2379; x_wconf 68' lang='grc' dir='ltr'><strong>,ξ</strong></span> <span class='ocrx_word' id='word_1_665' title='bbox 221 2347 367 2382; x_wconf 72' lang='lat' dir='ltr'><strong>l&#39;ostquam</strong></span> <span class='ocrx_word' id='word_1_666' title='bbox 384 2347 466 2381; x_wconf 74' lang='lat' dir='ltr'><strong>igitur</strong></span> <span class='ocrx_word' id='word_1_667' title='bbox 483 2345 666 2372; x_wconf 78' lang='lat' dir='ltr'><strong>sanctissimis</strong></span> <span class='ocrx_word' id='word_1_668' title='bbox 694 2346 832 2379; x_wconf 78' lang='lat' dir='ltr'><strong>mysteriis</strong></span> <span class='ocrx_word' id='word_1_669' title='bbox 854 2348 1008 2374; x_wconf 85' lang='lat' dir='ltr'><strong>communi-</strong></span> 
     </span>
    </p>
   </div>
   <div class='ocr_carea' id='block_1_95' title="bbox 221 2391 1008 2428">
    <p class='ocr_par' dir='ltr' id='par_1_95' title="bbox 221 2391 1008 2428">
     <span class='ocr_line' id='line_1_96' title="bbox 221 2391 1008 2428; baseline 0 -8"><span class='ocrx_word' id='word_1_670' title='bbox 221 2394 292 2420; x_wconf 65' lang='lat' dir='ltr'><strong>cavit</strong></span> <span class='ocrx_word' id='word_1_671' title='bbox 304 2394 460 2428; x_wconf 83' lang='lat' dir='ltr'><strong>episcopus,</strong></span> <span class='ocrx_word' id='word_1_672' title='bbox 470 2395 532 2418; x_wconf 88' lang='lat' dir='ltr'><strong>ante</strong></span> <span class='ocrx_word' id='word_1_673' title='bbox 549 2394 662 2418; x_wconf 63' lang='lat' dir='ltr'><strong>exteros</strong></span> <span class='ocrx_word' id='word_1_674' title='bbox 688 2391 862 2427; x_wconf 78' lang='lat' dir='ltr'><strong>presbyteros</strong></span> <span class='ocrx_word' id='word_1_675' title='bbox 876 2393 950 2420; x_wconf 83' lang='lat' dir='ltr'><strong>venit</strong></span> <span class='ocrx_word' id='word_1_676' title='bbox 960 2401 1008 2420; x_wconf 79' lang='lat' dir='ltr'><strong>or-</strong></span> 
     </span>
    </p>
   </div>
   <div class='ocr_carea' id='block_1_96' title="bbox 220 2436 1008 2472">
    <p class='ocr_par' dir='ltr' id='par_1_96' title="bbox 220 2436 1008 2472">
     <span class='ocr_line' id='line_1_97' title="bbox 220 2436 1008 2472; baseline 0.003 -7"><span class='ocrx_word' id='word_1_677' title='bbox 220 2439 340 2471; x_wconf 79' lang='lat' dir='ltr'><strong>ditmlus,</strong></span> <span class='ocrx_word' id='word_1_678' title='bbox 359 2439 461 2465; x_wconf 87' lang='lat' dir='ltr'><strong>honore</strong></span> <span class='ocrx_word' id='word_1_679' title='bbox 475 2444 528 2471; x_wconf 68' lang='grc' dir='ltr'><strong>[πίε</strong></span> <span class='ocrx_word' id='word_1_680' title='bbox 540 2436 646 2464; x_wconf 68' lang='lat' dir='ltr'><strong>caeteris</strong></span> <span class='ocrx_word' id='word_1_681' title='bbox 661 2437 771 2464; x_wconf 84' lang='lat' dir='ltr'><strong>habitus</strong></span> <span class='ocrx_word' id='word_1_682' title='bbox 783 2441 895 2472; x_wconf 90' lang='lat' dir='ltr'><strong>propter</strong></span> <span class='ocrx_word' id='word_1_683' title='bbox 911 2446 1008 2467; x_wconf 85' lang='lat' dir='ltr'><strong>recens</strong></span> 
     </span>
    </p>
   </div>
   <div class='ocr_carea' id='block_1_97' title="bbox 220 2483 1007 2519">
    <p class='ocr_par' dir='ltr' id='par_1_97' title="bbox 220 2483 1007 2519">
     <span class='ocr_line' id='line_1_98' title="bbox 220 2483 1007 2519; baseline 0.001 -8"><span class='ocrx_word' id='word_1_684' title='bbox 220 2489 359 2518; x_wconf 80' lang='lat' dir='ltr'><strong>acceptam</strong></span> <span class='ocrx_word' id='word_1_685' title='bbox 376 2483 501 2518; x_wconf 73' lang='lat' dir='ltr'><strong>gratiam,</strong></span> <span class='ocrx_word' id='word_1_686' title='bbox 515 2488 541 2510; x_wconf 90' lang='lat' dir='ltr'><strong>et</strong></span> <span class='ocrx_word' id='word_1_687' title='bbox 570 2484 773 2510; x_wconf 84' lang='lat' dir='ltr'><strong>renovatioucm</strong></span> <span class='ocrx_word' id='word_1_688' title='bbox 791 2491 805 2510; x_wconf 88' lang='lat' dir='ltr'><strong>a</strong></span> <span class='ocrx_word' id='word_1_689' title='bbox 826 2484 920 2512; x_wconf 82' lang='lat' dir='ltr'><strong>divino</strong></span> <span class='ocrx_word' id='word_1_690' title='bbox 944 2484 1007 2519; x_wconf 89' lang='lat' dir='ltr'><strong>Spi-</strong></span> 
     </span>
    </p>
   </div>
   <div class='ocr_carea' id='block_1_98' title="bbox 221 2528 1007 2564">
    <p class='ocr_par' dir='ltr' id='par_1_98' title="bbox 221 2528 1007 2564">
     <span class='ocr_line' id='line_1_99' title="bbox 221 2528 1007 2564; baseline -0.001 -6"><span class='ocrx_word' id='word_1_691' title='bbox 221 2535 273 2558; x_wconf 73' lang='lat' dir='ltr'><strong>ritu</strong></span> <span class='ocrx_word' id='word_1_692' title='bbox 288 2530 344 2564; x_wconf 87' lang='lat' dir='ltr'><strong>jam</strong></span> <span class='ocrx_word' id='word_1_693' title='bbox 361 2528 470 2556; x_wconf 75' lang='lat' dir='ltr'><strong>factum.</strong></span> <span class='ocrx_word' id='word_1_694' title='bbox 493 2529 654 2564; x_wconf 82' lang='lat' dir='ltr'><strong>Undejuxta</strong></span> <span class='ocrx_word' id='word_1_695' title='bbox 679 2530 905 2558; x_wconf 87' lang='lat' dir='ltr'><strong>consuetudinem</strong></span> <span class='ocrx_word' id='word_1_696' title='bbox 940 2530 1007 2557; x_wconf 79' lang='lat' dir='ltr'><strong>viri~</strong></span> 
     </span>
    </p>
   </div>
   <div class='ocr_carea' id='block_1_99' title="bbox 221 2575 1006 2612">
    <p class='ocr_par' dir='ltr' id='par_1_99' title="bbox 221 2575 1006 2612">
     <span class='ocr_line' id='line_1_100' title="bbox 221 2575 1006 2612; baseline -0.001 -8"><span class='ocrx_word' id='word_1_697' title='bbox 221 2577 263 2604; x_wconf 82' lang='lat' dir='ltr'><strong>tici</strong></span> <span class='ocrx_word' id='word_1_698' title='bbox 276 2577 353 2612; x_wconf 72' lang='lat' dir='ltr'><strong>[NIMIS</strong></span> <span class='ocrx_word' id='word_1_699' title='bbox 373 2575 509 2611; x_wconf 88' lang='lat' dir='ltr'><strong>particeps</strong></span> <span class='ocrx_word' id='word_1_700' title='bbox 530 2583 577 2610; x_wconf 84' lang='lat' dir='ltr'><strong>per</strong></span> <span class='ocrx_word' id='word_1_701' title='bbox 589 2577 748 2611; x_wconf 82' lang='lat' dir='ltr'><strong>cpiscOpum</strong></span> <span class='ocrx_word' id='word_1_702' title='bbox 767 2576 868 2609; x_wconf 80' lang='lat' dir='ltr'><strong>Iactus,</strong></span> <span class='ocrx_word' id='word_1_703' title='bbox 898 2580 925 2604; x_wconf 92' lang='lat' dir='ltr'><strong>ct</strong></span> <span class='ocrx_word' id='word_1_704' title='bbox 940 2576 1006 2603; x_wconf 78' lang='lat' dir='ltr'><strong>dex-</strong></span> 
     </span>
    </p>
   </div>
   <div class='ocr_carea' id='block_1_100' title="bbox 221 2620 1005 2656">
    <p class='ocr_par' dir='ltr' id='par_1_100' title="bbox 221 2620 1005 2656">
     <span class='ocr_line' id='line_1_101' title="bbox 221 2620 1005 2656; baseline -0.001 -7"><span class='ocrx_word' id='word_1_705' title='bbox 221 2627 305 2649; x_wconf 80' lang='lat' dir='ltr'><strong>lct‘aln</strong></span> <span class='ocrx_word' id='word_1_706' title='bbox 323 2626 350 2649; x_wconf 88' lang='lat' dir='ltr'><strong>et</strong></span> <span class='ocrx_word' id='word_1_707' title='bbox 367 2628 463 2656; x_wconf 75' lang='lat' dir='ltr'><strong>genam</strong></span> <span class='ocrx_word' id='word_1_708' title='bbox 477 2621 535 2655; x_wconf 86' lang='lat' dir='ltr'><strong>ejus</strong></span> <span class='ocrx_word' id='word_1_709' title='bbox 560 2622 710 2653; x_wconf 87' lang='lat' dir='ltr'><strong>osculatur,</strong></span> <span class='ocrx_word' id='word_1_710' title='bbox 737 2620 836 2648; x_wconf 86' lang='lat' dir='ltr'><strong>deinde</strong></span> <span class='ocrx_word' id='word_1_711' title='bbox 863 2622 1005 2648; x_wconf 82' lang='lat' dir='ltr'><strong>tremen-io</strong></span> 
     </span>
    </p>
   </div>
   <div class='ocr_carea' id='block_1_101' title="bbox 222 2666 1006 2700">
    <p class='ocr_par' dir='ltr' id='par_1_101' title="bbox 222 2666 1006 2700">
     <span class='ocr_line' id='line_1_102' title="bbox 222 2666 1006 2700; baseline -0.003 -4"><span class='ocrx_word' id='word_1_712' title='bbox 222 2668 303 2696; x_wconf 82' lang='lat' dir='ltr'><strong>calici</strong></span> <span class='ocrx_word' id='word_1_713' title='bbox 329 2668 523 2696; x_wconf 79' lang='lat' dir='ltr'><strong>communicat.</strong></span> <span class='ocrx_word' id='word_1_714' title='bbox 555 2667 688 2694; x_wconf 74' lang='lat' dir='ltr'><strong>Redditus</strong></span> <span class='ocrx_word' id='word_1_715' title='bbox 709 2668 748 2693; x_wconf 88' lang='lat' dir='ltr'><strong>sic</strong></span> <span class='ocrx_word' id='word_1_716' title='bbox 770 2673 833 2693; x_wconf 84' lang='lat' dir='ltr'><strong>vere</strong></span> <span class='ocrx_word' id='word_1_717' title='bbox 857 2666 1006 2700; x_wconf 81' lang='lat' dir='ltr'><strong>perfectus,</strong></span> 
     </span>
    </p>
   </div>
   <div class='ocr_carea' id='block_1_102' title="bbox 219 2712 1005 2747">
    <p class='ocr_par' dir='ltr' id='par_1_102' title="bbox 219 2712 1005 2747">
     <span class='ocr_line' id='line_1_103' title="bbox 219 2712 1005 2747; baseline -0.003 -5"><span class='ocrx_word' id='word_1_718' title='bbox 219 2721 246 2742; x_wconf 87' lang='lat' dir='ltr'><strong>et</strong></span> <span class='ocrx_word' id='word_1_719' title='bbox 267 2715 406 2742; x_wconf 83' lang='lat' dir='ltr'><strong>tremenda</strong></span> <span class='ocrx_word' id='word_1_720' title='bbox 428 2715 623 2741; x_wconf 77' lang='lat' dir='ltr'><strong>communione</strong></span> <span class='ocrx_word' id='word_1_721' title='bbox 651 2712 788 2747; x_wconf 78' lang='lat' dir='ltr'><strong>sigillante</strong></span> <span class='ocrx_word' id='word_1_722' title='bbox 803 2718 830 2740; x_wconf 91' lang='lat' dir='ltr'><strong>et</strong></span> <span class='ocrx_word' id='word_1_723' title='bbox 844 2712 1005 2747; x_wconf 77' lang='lat' dir='ltr'><strong>obsignaute</strong></span> 
     </span>
    </p>
   </div>
   <div class='ocr_carea' id='block_1_103' title="bbox 219 2760 1005 2795">
    <p class='ocr_par' dir='ltr' id='par_1_103' title="bbox 219 2760 1005 2795">
     <span class='ocr_line' id='line_1_104' title="bbox 219 2760 1005 2795; baseline -0.001 -6"><span class='ocrx_word' id='word_1_724' title='bbox 219 2767 419 2790; x_wconf 75' lang='lat' dir='ltr'><strong>sacramentum</strong></span> <span class='ocrx_word' id='word_1_725' title='bbox 437 2762 630 2792; x_wconf 84' lang='lat' dir='ltr'><strong>ordinationis,</strong></span> <span class='ocrx_word' id='word_1_726' title='bbox 649 2761 676 2787; x_wconf 91' lang='lat' dir='ltr'><strong>in</strong></span> <span class='ocrx_word' id='word_1_727' title='bbox 696 2760 812 2795; x_wconf 81' lang='lat' dir='ltr'><strong>quodam</strong></span> <span class='ocrx_word' id='word_1_728' title='bbox 829 2761 888 2788; x_wconf 90' lang='lat' dir='ltr'><strong>Ioco</strong></span> <span class='ocrx_word' id='word_1_729' title='bbox 911 2761 1005 2788; x_wconf 86' lang='lat' dir='ltr'><strong>altaris</strong></span> 
     </span>
    </p>
   </div>
   <div class='ocr_carea' id='block_1_104' title="bbox 219 2806 1002 2841">
    <p class='ocr_par' dir='ltr' id='par_1_104' title="bbox 219 2806 1002 2841">
     <span class='ocr_line' id='line_1_105' title="bbox 219 2806 1002 2841; baseline -0.003 -6"><span class='ocrx_word' id='word_1_730' title='bbox 219 2808 355 2841; x_wconf 85' lang='lat' dir='ltr'><strong>subsistit,</strong></span> <span class='ocrx_word' id='word_1_731' title='bbox 369 2812 395 2835; x_wconf 84' lang='lat' dir='ltr'><strong>et</strong></span> <span class='ocrx_word' id='word_1_732' title='bbox 406 2807 622 2835; x_wconf 79' lang='lat' dir='ltr'><strong>sacratissimum</strong></span> <span class='ocrx_word' id='word_1_733' title='bbox 638 2806 750 2834; x_wconf 66' lang='lat' dir='ltr'><strong>caliwar</strong></span> <span class='ocrx_word' id='word_1_734' title='bbox 767 2806 893 2834; x_wconf 82' lang='lat' dir='ltr'><strong>manibus</strong></span> <span class='ocrx_word' id='word_1_735' title='bbox 906 2810 1002 2834; x_wconf 75' lang='lat' dir='ltr'><strong>tenens</strong></span> 
     </span>
    </p>
   </div>
   <div class='ocr_carea' id='block_1_105' title="bbox 1063 2207 1847 2246">
    <p class='ocr_par' dir='ltr' id='par_1_105' title="bbox 1063 2207 1847 2246">
     <span class='ocr_line' id='line_1_106' title="bbox 1063 2207 1847 2246; baseline 0.006 -13"><span class='ocrx_word' id='word_1_736' title='bbox 1063 2207 1130 2234; x_wconf 73' lang='grc' dir='ltr'><strong>Τότε</strong></span> <span class='ocrx_word' id='word_1_737' title='bbox 1151 2209 1204 2242; x_wconf 85' lang='grc' dir='ltr'><strong>γὰρ</strong></span> <span class='ocrx_word' id='word_1_738' title='bbox 1221 2209 1235 2235; x_wconf 84' lang='grc' dir='ltr'><strong><em>ὁ</em></strong></span> <span class='ocrx_word' id='word_1_739' title='bbox 1252 2209 1384 2244; x_wconf 75' lang='grc' dir='ltr'><strong>ίερόιρχης</strong></span> <span class='ocrx_word' id='word_1_740' title='bbox 1410 2210 1456 2236; x_wconf 78' lang='grc' dir='ltr'><strong>τόν</strong></span> <span class='ocrx_word' id='word_1_741' title='bbox 1480 2218 1509 2236; x_wconf 84' lang='grc' dir='ltr'><strong>τε</strong></span> <span class='ocrx_word' id='word_1_742' title='bbox 1524 2211 1554 2236; x_wconf 72' lang='grc' dir='ltr'><strong>ὲν</strong></span> <span class='ocrx_word' id='word_1_743' title='bbox 1570 2211 1609 2245; x_wconf 74' lang='grc' dir='ltr'><strong>τῷ</strong></span> <span class='ocrx_word' id='word_1_744' title='bbox 1622 2210 1706 2244; x_wconf 79' lang='grc' dir='ltr'><strong>δίσκῳ</strong></span> <span class='ocrx_word' id='word_1_745' title='bbox 1732 2213 1847 2246; x_wconf 82' lang='grc' dir='ltr'><strong>προκεί-</strong></span> 
     </span>
    </p>
   </div>
   <div class='ocr_carea' id='block_1_106' title="bbox 1061 2253 1843 2292">
    <p class='ocr_par' dir='ltr' id='par_1_106' title="bbox 1061 2253 1843 2292">
     <span class='ocr_line' id='line_1_107' title="bbox 1061 2253 1843 2292; baseline 0.005 -13"><span class='ocrx_word' id='word_1_746' title='bbox 1061 2262 1140 2288; x_wconf 79' lang='grc' dir='ltr'><strong>μενον</strong></span> <span class='ocrx_word' id='word_1_747' title='bbox 1159 2253 1230 2280; x_wconf 79' lang='grc' dir='ltr'><strong>θεῖον</strong></span> <span class='ocrx_word' id='word_1_748' title='bbox 1246 2255 1329 2290; x_wconf 73' lang='grc' dir='ltr'><strong>ἄρτον</strong></span> <span class='ocrx_word' id='word_1_749' title='bbox 1356 2255 1403 2281; x_wconf 81' lang='grc' dir='ltr'><strong>καὶ</strong></span> <span class='ocrx_word' id='word_1_750' title='bbox 1428 2255 1510 2282; x_wconf 67' lang='grc' dir='ltr'><strong>αὑτὸν</strong></span> <span class='ocrx_word' id='word_1_751' title='bbox 1525 2256 1623 2290; x_wconf 80' lang='grc' dir='ltr'><strong>ἁνυψοῖ</strong></span> <span class='ocrx_word' id='word_1_752' title='bbox 1638 2257 1706 2291; x_wconf 80' lang='grc' dir='ltr'><strong>ὀμοῦ</strong></span> <span class='ocrx_word' id='word_1_753' title='bbox 1717 2265 1725 2273; x_wconf 90' lang='grc'>·</span> <span class='ocrx_word' id='word_1_754' title='bbox 1744 2257 1773 2283; x_wconf 76' lang='grc' dir='ltr'><strong>ἓν</strong></span> <span class='ocrx_word' id='word_1_755' title='bbox 1788 2258 1843 2292; x_wconf 86' lang='grc' dir='ltr'><strong>γάρ</strong></span> 
     </span>
    </p>
   </div>
   <div class='ocr_carea' id='block_1_107' title="bbox 1059 2300 1844 2337">
    <p class='ocr_par' dir='ltr' id='par_1_107' title="bbox 1059 2300 1844 2337">
     <span class='ocr_line' id='line_1_108' title="bbox 1059 2300 1844 2337; baseline 0.005 -12"><span class='ocrx_word' id='word_1_756' title='bbox 1059 2300 1117 2326; x_wconf 78' lang='grc' dir='ltr'><strong>ἐστι</strong></span> <span class='ocrx_word' id='word_1_757' title='bbox 1141 2300 1172 2326; x_wconf 78' lang='grc' dir='ltr'><strong>τὸ</strong></span> <span class='ocrx_word' id='word_1_758' title='bbox 1192 2300 1271 2335; x_wconf 81' lang='grc' dir='ltr'><strong>σῶμα</strong></span> <span class='ocrx_word' id='word_1_759' title='bbox 1296 2301 1428 2335; x_wconf 84' lang='grc' dir='ltr'><strong>Χριστοῦ.</strong></span> <span class='ocrx_word' id='word_1_760' title='bbox 1448 2302 1503 2329; x_wconf 69' lang='grc' dir='ltr'><strong>Καὶ</strong></span> <span class='ocrx_word' id='word_1_761' title='bbox 1523 2301 1594 2328; x_wconf 78' lang='grc' dir='ltr'><strong>οὕτω</strong></span> <span class='ocrx_word' id='word_1_762' title='bbox 1617 2302 1728 2337; x_wconf 75' lang='grc' dir='ltr'><strong>μελίσας</strong></span> <span class='ocrx_word' id='word_1_763' title='bbox 1745 2303 1778 2329; x_wconf 79' lang='grc' dir='ltr'><strong>τὰ</strong></span> <span class='ocrx_word' id='word_1_764' title='bbox 1795 2305 1844 2337; x_wconf 77' lang='grc' dir='ltr'><strong>τῆς</strong></span> 
     </span>
    </p>
   </div>
   <div class='ocr_carea' id='block_1_108' title="bbox 1058 2345 1845 2382">
    <p class='ocr_par' dir='ltr' id='par_1_108' title="bbox 1058 2345 1845 2382">
     <span class='ocr_line' id='line_1_109' title="bbox 1058 2345 1845 2382; baseline 0.004 -10"><span class='ocrx_word' id='word_1_765' title='bbox 1058 2345 1182 2377; x_wconf 77' lang='grc' dir='ltr'><strong>ἑνώσεως</strong></span> <span class='ocrx_word' id='word_1_766' title='bbox 1195 2347 1242 2372; x_wconf 82' lang='grc' dir='ltr'><strong>τοῦ</strong></span> <span class='ocrx_word' id='word_1_767' title='bbox 1257 2347 1402 2382; x_wconf 76' lang='grc' dir='ltr'><strong>ποτηρίου,</strong></span> <span class='ocrx_word' id='word_1_768' title='bbox 1418 2349 1465 2374; x_wconf 76' lang='grc' dir='ltr'><strong>καὶ</strong></span> <span class='ocrx_word' id='word_1_769' title='bbox 1483 2348 1517 2374; x_wconf 85' lang='grc' dir='ltr'><strong>τὰ</strong></span> <span class='ocrx_word' id='word_1_770' title='bbox 1535 2348 1583 2382; x_wconf 81' lang='grc' dir='ltr'><strong>τῆς</strong></span> <span class='ocrx_word' id='word_1_771' title='bbox 1611 2351 1753 2380; x_wconf 78' lang='grc' dir='ltr'><strong>κοινωνίας</strong></span> <span class='ocrx_word' id='word_1_772' title='bbox 1773 2351 1845 2376; x_wconf 66' lang='grc' dir='ltr'><strong>κατὰ</strong></span> 
     </span>
    </p>
   </div>
   <div class='ocr_carea' id='block_1_109' title="bbox 1058 2392 1844 2428">
    <p class='ocr_par' dir='ltr' id='par_1_109' title="bbox 1058 2392 1844 2428">
     <span class='ocr_line' id='line_1_110' title="bbox 1058 2392 1844 2428; baseline 0.004 -10"><span class='ocrx_word' id='word_1_773' title='bbox 1058 2392 1089 2418; x_wconf 85' lang='grc' dir='ltr'><strong>τὸ</strong></span> <span class='ocrx_word' id='word_1_774' title='bbox 1104 2392 1164 2423; x_wconf 76' lang='grc' dir='ltr'><strong>ἔθος</strong></span> <span class='ocrx_word' id='word_1_775' title='bbox 1179 2393 1284 2419; x_wconf 71' lang='grc' dir='ltr'><strong>ὲκνελεῖ</strong></span> <span class='ocrx_word' id='word_1_776' title='bbox 1294 2400 1300 2407; x_wconf 85' lang='grc'>·</span> <span class='ocrx_word' id='word_1_777' title='bbox 1318 2395 1532 2428; x_wconf 76' lang='grc' dir='ltr'><strong>κοινωνήσαντος</strong></span> <span class='ocrx_word' id='word_1_778' title='bbox 1548 2394 1594 2421; x_wconf 80' lang='grc' dir='ltr'><strong>οὖν</strong></span> <span class='ocrx_word' id='word_1_779' title='bbox 1610 2394 1666 2420; x_wconf 83' lang='grc' dir='ltr'><strong>τῶν</strong></span> <span class='ocrx_word' id='word_1_780' title='bbox 1681 2395 1844 2428; x_wconf 73' lang='grc' dir='ltr'><strong>ἁγιωτάτων</strong></span> 
     </span>
    </p>
   </div>
   <div class='ocr_carea' id='block_1_110' title="bbox 1058 2436 1841 2475">
    <p class='ocr_par' dir='ltr' id='par_1_110' title="bbox 1058 2436 1841 2475">
     <span class='ocr_line' id='line_1_111' title="bbox 1058 2436 1841 2475; baseline 0.004 -12"><span class='ocrx_word' id='word_1_781' title='bbox 1058 2436 1104 2463; x_wconf 79' lang='grc' dir='ltr'><strong>τοῦ</strong></span> <span class='ocrx_word' id='word_1_782' title='bbox 1120 2438 1248 2472; x_wconf 84' lang='grc' dir='ltr'><strong>ίεράρχου</strong></span> <span class='ocrx_word' id='word_1_783' title='bbox 1267 2437 1321 2473; x_wconf 64' lang='grc' dir='ltr'><strong>προ</strong></span> <span class='ocrx_word' id='word_1_784' title='bbox 1336 2438 1390 2465; x_wconf 87' lang='grc' dir='ltr'><strong>τῶν</strong></span> <span class='ocrx_word' id='word_1_785' title='bbox 1415 2439 1502 2466; x_wconf 82' lang='grc' dir='ltr'><strong>ἄλλων</strong></span> <span class='ocrx_word' id='word_1_786' title='bbox 1528 2439 1735 2473; x_wconf 66' lang='grc' dir='ltr'><strong>πρεσὸδτέρων,</strong></span> <span class='ocrx_word' id='word_1_787' title='bbox 1753 2442 1766 2466; x_wconf 81' lang='grc' dir='ltr'><strong>ὸ</strong></span> <span class='ocrx_word' id='word_1_788' title='bbox 1781 2449 1841 2475; x_wconf 88' lang='grc' dir='ltr'><strong>χει-</strong></span> 
     </span>
    </p>
   </div>
   <div class='ocr_carea' id='block_1_111' title="bbox 1059 2483 1854 2520">
    <p class='ocr_par' dir='ltr' id='par_1_111' title="bbox 1059 2483 1854 2520">
     <span class='ocr_line' id='line_1_112' title="bbox 1059 2483 1854 2520; baseline 0.005 -12"><span class='ocrx_word' id='word_1_789' title='bbox 1059 2483 1214 2518; x_wconf 79' lang='grc' dir='ltr'><strong>ροτονηθεὶς</strong></span> <span class='ocrx_word' id='word_1_790' title='bbox 1230 2484 1340 2519; x_wconf 76' lang='grc' dir='ltr'><strong>ἔρχεται</strong></span> <span class='ocrx_word' id='word_1_791' title='bbox 1349 2484 1556 2519; x_wconf 79' lang='grc' dir='ltr'><strong>προτιμώμενος</strong></span> <span class='ocrx_word' id='word_1_792' title='bbox 1569 2486 1633 2520; x_wconf 76' lang='grc' dir='ltr'><strong>ἄρτι</strong></span> <span class='ocrx_word' id='word_1_793' title='bbox 1643 2485 1688 2512; x_wconf 78' lang='grc' dir='ltr'><strong>διὰ</strong></span> <span class='ocrx_word' id='word_1_794' title='bbox 1698 2485 1748 2520; x_wconf 77' lang='grc' dir='ltr'><strong>τὴν</strong></span> <span class='ocrx_word' id='word_1_795' title='bbox 1760 2487 1854 2520; x_wconf 64' lang='grc' dir='ltr'><strong>χάριν</strong></span> 
     </span>
    </p>
   </div>
   <div class='ocr_carea' id='block_1_112' title="bbox 1058 2529 1841 2565">
    <p class='ocr_par' dir='ltr' id='par_1_112' title="bbox 1058 2529 1841 2565">
     <span class='ocr_line' id='line_1_113' title="bbox 1058 2529 1841 2565; baseline 0.004 -11"><span class='ocrx_word' id='word_1_796' title='bbox 1058 2529 1106 2556; x_wconf 77' lang='grc' dir='ltr'><strong>καὶ</strong></span> <span class='ocrx_word' id='word_1_797' title='bbox 1131 2529 1160 2555; x_wconf 79' lang='grc' dir='ltr'><strong>τὸ</strong></span> <span class='ocrx_word' id='word_1_798' title='bbox 1176 2530 1382 2564; x_wconf 81' lang='grc' dir='ltr'><strong>ὲγκαινισθῆναι</strong></span> <span class='ocrx_word' id='word_1_799' title='bbox 1407 2530 1457 2565; x_wconf 79' lang='grc' dir='ltr'><strong>’ήδη</strong></span> <span class='ocrx_word' id='word_1_800' title='bbox 1478 2530 1530 2556; x_wconf 66' lang='grc' dir='ltr'><strong>ὑπὸ</strong></span> <span class='ocrx_word' id='word_1_801' title='bbox 1550 2529 1597 2556; x_wconf 62' lang='lat' dir='ltr'><strong>toi</strong></span> <span class='ocrx_word' id='word_1_802' title='bbox 1621 2530 1696 2556; x_wconf 78' lang='grc' dir='ltr'><strong>θείου</strong></span> <span class='ocrx_word' id='word_1_803' title='bbox 1712 2531 1841 2565; x_wconf 70' lang='grc' dir='ltr'><strong>Πνεῦμα-</strong></span> 
     </span>
    </p>
   </div>
   <div class='ocr_carea' id='block_1_113' title="bbox 1058 2575 1843 2610">
    <p class='ocr_par' dir='ltr' id='par_1_113' title="bbox 1058 2575 1843 2610">
     <span class='ocr_line' id='line_1_114' title="bbox 1058 2575 1843 2610; baseline 0.003 -10"><span class='ocrx_word' id='word_1_804' title='bbox 1058 2583 1112 2606; x_wconf 65' lang='grc' dir='ltr'><strong>τος.</strong></span> <span class='ocrx_word' id='word_1_805' title='bbox 1130 2575 1210 2601; x_wconf 81' lang='grc' dir='ltr'><strong>Ὅθεν</strong></span> <span class='ocrx_word' id='word_1_806' title='bbox 1235 2576 1281 2602; x_wconf 78' lang='grc' dir='ltr'><strong>καὶ</strong></span> <span class='ocrx_word' id='word_1_807' title='bbox 1303 2576 1374 2602; x_wconf 84' lang='grc' dir='ltr'><strong>κατὰ</strong></span> <span class='ocrx_word' id='word_1_808' title='bbox 1390 2577 1420 2602; x_wconf 80' lang='grc' dir='ltr'><strong>τὸ</strong></span> <span class='ocrx_word' id='word_1_809' title='bbox 1441 2575 1512 2608; x_wconf 74' lang='grc' dir='ltr'><strong>ἔθος,</strong></span> <span class='ocrx_word' id='word_1_810' title='bbox 1536 2576 1584 2602; x_wconf 80' lang='grc' dir='ltr'><strong>τοῦ</strong></span> <span class='ocrx_word' id='word_1_811' title='bbox 1601 2576 1737 2608; x_wconf 58' lang='lat' dir='ltr'><strong>(mortem?)</strong></span> <span class='ocrx_word' id='word_1_812' title='bbox 1758 2585 1843 2610; x_wconf 83' lang='grc' dir='ltr'><strong>μετα-</strong></span> 
     </span>
    </p>
   </div>
   <div class='ocr_carea' id='block_1_114' title="bbox 1058 2621 1842 2658">
    <p class='ocr_par' dir='ltr' id='par_1_114' title="bbox 1058 2621 1842 2658">
     <span class='ocr_line' id='line_1_115' title="bbox 1058 2621 1842 2658; baseline 0.003 -11"><span class='ocrx_word' id='word_1_813' title='bbox 1058 2621 1130 2655; x_wconf 82' lang='grc' dir='ltr'><strong>σχὼν</strong></span> <span class='ocrx_word' id='word_1_814' title='bbox 1148 2621 1244 2656; x_wconf 79' lang='grc' dir='ltr'><strong>ἄρτου,</strong></span> <span class='ocrx_word' id='word_1_815' title='bbox 1271 2621 1362 2648; x_wconf 77' lang='grc' dir='ltr'><strong>λαϐὼν</strong></span> <span class='ocrx_word' id='word_1_816' title='bbox 1376 2622 1452 2657; x_wconf 75' lang='grc' dir='ltr'><strong>παρὰ</strong></span> <span class='ocrx_word' id='word_1_817' title='bbox 1477 2622 1524 2649; x_wconf 74' lang='grc' dir='ltr'><strong>τοῦ</strong></span> <span class='ocrx_word' id='word_1_818' title='bbox 1542 2622 1705 2657; x_wconf 77' lang='grc' dir='ltr'><strong>ἀρχιερέως,</strong></span> <span class='ocrx_word' id='word_1_819' title='bbox 1721 2625 1768 2650; x_wconf 77' lang='grc' dir='ltr'><strong>καὶ</strong></span> <span class='ocrx_word' id='word_1_820' title='bbox 1793 2623 1842 2658; x_wconf 72' lang='grc' dir='ltr'><strong>τήν</strong></span> 
     </span>
    </p>
   </div>
   <div class='ocr_carea' id='block_1_115' title="bbox 1057 2667 1841 2703">
    <p class='ocr_par' dir='ltr' id='par_1_115' title="bbox 1057 2667 1841 2703">
     <span class='ocr_line' id='line_1_116' title="bbox 1057 2667 1841 2703; baseline 0.003 -11"><span class='ocrx_word' id='word_1_821' title='bbox 1057 2667 1147 2700; x_wconf 78' lang='grc' dir='ltr'><strong>δεξιὰν</strong></span> <span class='ocrx_word' id='word_1_822' title='bbox 1172 2668 1219 2694; x_wconf 75' lang='grc' dir='ltr'><strong>καὶ</strong></span> <span class='ocrx_word' id='word_1_823' title='bbox 1235 2667 1285 2701; x_wconf 83' lang='grc' dir='ltr'><strong>τὴν</strong></span> <span class='ocrx_word' id='word_1_824' title='bbox 1311 2669 1428 2703; x_wconf 81' lang='grc' dir='ltr'><strong>παρειὰν</strong></span> <span class='ocrx_word' id='word_1_825' title='bbox 1456 2667 1539 2694; x_wconf 81' lang='grc' dir='ltr'><strong>αὑτοῦ</strong></span> <span class='ocrx_word' id='word_1_826' title='bbox 1566 2669 1774 2703; x_wconf 74' lang='grc' dir='ltr'><strong>ἀσπασάμενος,</strong></span> <span class='ocrx_word' id='word_1_827' title='bbox 1792 2671 1841 2694; x_wconf 71' lang='grc' dir='ltr'><strong>καὶ</strong></span> 
     </span>
    </p>
   </div>
   <div class='ocr_carea' id='block_1_116' title="bbox 1057 2713 1840 2749">
    <p class='ocr_par' dir='ltr' id='par_1_116' title="bbox 1057 2713 1840 2749">
     <span class='ocr_line' id='line_1_117' title="bbox 1057 2713 1840 2749; baseline 0.003 -10"><span class='ocrx_word' id='word_1_828' title='bbox 1057 2715 1228 2748; x_wconf 73' lang='grc' dir='ltr'><strong>κοινωνήσας</strong></span> <span class='ocrx_word' id='word_1_829' title='bbox 1242 2713 1289 2740; x_wconf 83' lang='grc' dir='ltr'><strong>τοῦ</strong></span> <span class='ocrx_word' id='word_1_830' title='bbox 1302 2713 1419 2748; x_wconf 84' lang='grc' dir='ltr'><strong>φρικτοῦ</strong></span> <span class='ocrx_word' id='word_1_831' title='bbox 1435 2715 1579 2749; x_wconf 74' lang='grc' dir='ltr'><strong>ποτηρίου,</strong></span> <span class='ocrx_word' id='word_1_832' title='bbox 1595 2715 1642 2741; x_wconf 68' lang='grc' dir='ltr'><strong>καὶ</strong></span> <span class='ocrx_word' id='word_1_833' title='bbox 1655 2714 1727 2741; x_wconf 72' lang='grc' dir='ltr'><strong>οὕτω</strong></span> <span class='ocrx_word' id='word_1_834' title='bbox 1735 2713 1840 2746; x_wconf 72' lang='grc' dir='ltr'><strong>τέλειος</strong></span> 
     </span>
    </p>
   </div>
   <div class='ocr_carea' id='block_1_117' title="bbox 1056 2758 1840 2795">
    <p class='ocr_par' dir='ltr' id='par_1_117' title="bbox 1056 2758 1840 2795">
     <span class='ocr_line' id='line_1_118' title="bbox 1056 2758 1840 2795; baseline 0.003 -10"><span class='ocrx_word' id='word_1_835' title='bbox 1056 2758 1139 2790; x_wconf 70' lang='grc' dir='ltr'><strong>ὄντως</strong></span> <span class='ocrx_word' id='word_1_836' title='bbox 1162 2759 1294 2793; x_wconf 78' lang='grc' dir='ltr'><strong>γεγονὼς,</strong></span> <span class='ocrx_word' id='word_1_837' title='bbox 1309 2761 1360 2795; x_wconf 83' lang='grc' dir='ltr'><strong>τῆς</strong></span> <span class='ocrx_word' id='word_1_838' title='bbox 1377 2760 1496 2795; x_wconf 75' lang='grc' dir='ltr'><strong>φρικτῆς</strong></span> <span class='ocrx_word' id='word_1_839' title='bbox 1514 2761 1658 2791; x_wconf 72' lang='grc' dir='ltr'><strong>κοινωνίας</strong></span> <span class='ocrx_word' id='word_1_840' title='bbox 1673 2762 1840 2794; x_wconf 72' lang='grc' dir='ltr'><strong>ἐπισφραγι-</strong></span> 
     </span>
    </p>
   </div>
   <div class='ocr_carea' id='block_1_118' title="bbox 1057 2805 1839 2840">
    <p class='ocr_par' dir='ltr' id='par_1_118' title="bbox 1057 2805 1839 2840">
     <span class='ocr_line' id='line_1_119' title="bbox 1057 2805 1839 2840; baseline 0 -8"><span class='ocrx_word' id='word_1_841' title='bbox 1057 2805 1157 2840; x_wconf 74' lang='grc' dir='ltr'><strong>ζοὺσης</strong></span> <span class='ocrx_word' id='word_1_842' title='bbox 1174 2806 1223 2840; x_wconf 87' lang='grc' dir='ltr'><strong>τὴν</strong></span> <span class='ocrx_word' id='word_1_843' title='bbox 1237 2806 1347 2839; x_wconf 83' lang='grc' dir='ltr'><strong>τελετὴν</strong></span> <span class='ocrx_word' id='word_1_844' title='bbox 1364 2807 1414 2840; x_wconf 80' lang='grc' dir='ltr'><strong>τῆς</strong></span> <span class='ocrx_word' id='word_1_845' title='bbox 1442 2807 1620 2840; x_wconf 71' lang='grc' dir='ltr'><strong>χειροτονίας,</strong></span> <span class='ocrx_word' id='word_1_846' title='bbox 1649 2806 1677 2835; x_wconf 75' lang='grc' dir='ltr'><strong>ἐν</strong></span> <span class='ocrx_word' id='word_1_847' title='bbox 1694 2815 1745 2834; x_wconf 80' lang='grc' dir='ltr'><strong>τινι</strong></span> <span class='ocrx_word' id='word_1_848' title='bbox 1762 2807 1839 2839; x_wconf 75' lang='grc' dir='ltr'><strong>τόπῳ</strong></span> 
     </span>
    </p>
   </div>
  </div>
