1941 3040
79 82 133 115 425

609 84 658 115 DE
680 84 813 116 SACRIS
831 82 1179 117 ORDINATIONIBUS.

1657 79 1710 113 ινδ

77 138 280 175 χειροτονηθεὶς
296 139 468 175 πατριάρχης
482 139 601 168 ποιεῖται
616 141 654 173 εἰς
667 141 716 177 τὴν
728 143 808 177 χεῖρα
822 141 870 168 τοῦ

931 150 1035 170 nanum
1050 142 1270 170 ordinantisnec
1284 146 1369 176 genas
1397 138 1552 171 osculatur,
1574 138 1622 166 sed
1650 138 1710 172 pri-

77 186 321 220 χειροτονήσαντος
341 186 389 212 καὶ
406 186 456 221 τὴν
476 186 594 221 παρειάν
606 194 613 202 ·
634 186 692 214 ἀλλ’
705 187 870 222 ἀσπασάμε-

77 239 124 262 νος
141 231 253 265 πρῶτον
269 231 318 266 τὴν
336 231 412 258 θείαν
430 232 586 267 τράπεζαν,
603 233 748 268 ἀνέρχεται
765 234 805 266 εἰς
821 234 872 269 τὴν

76 277 203 312 κρηπῖδα
214 285 221 293 ⁸
239 278 285 304 καὶ
300 278 347 304 τὸν
363 278 509 313 ἀσπασμὸν
524 279 643 306 ποιεῖται
661 279 733 306 κατὰ
749 280 779 306 τὸ
799 280 870 313 ἔθος,

75 323 126 350 τοῦ
145 325 198 358 μὲν
214 325 455 360 χειροτονήσαντος
472 325 554 352 αὐτὸν
571 325 620 360 τὴν
639 326 715 360 ίεράν
731 326 871 360 τράπεζαν

77 369 275 405 ἀσπαζομένου
290 370 434 405 πρότερον,
447 370 485 402 ὡς
498 370 553 398 τῶν
569 370 650 406 ἱερῶν
663 371 752 406 ἔργων
767 372 869 406 πηγὴν,

77 415 138 443 εἶτα
151 417 202 452 τὴν
219 417 298 453 χεῖρα
313 417 360 444 τοῦ
375 417 613 453 χειροτονηθέντας
628 418 799 453 πατριάρχου
810 438 818 449 .
834 417 871 450 ὡς

78 462 191 496 πρώτου
203 462 389 494 καταστάντος
401 462 440 497 τῷ
451 463 516 498 θείῳ
528 463 666 498 Πνεύματι
678 464 725 490 καὶ
736 464 871 499 πατριάρ-

77 515 127 542 χου
145 508 254 541 αὐτῶν,
271 510 317 535 καὶ
332 509 376 535 διὰ
392 507 442 543 τὴν
457 508 555 536 ἕνωσιν
569 510 608 540 εἰς
623 509 655 535 τὸ
671 510 775 543 στόμα,
791 509 807 543 ἢ
823 508 872 544 τὴν

77 554 199 588 παρειάν
215 554 259 580 διὰ.
272 555 321 590 τὴν
338 555 479 590 ὑποταγήν
492 562 499 570 ·
519 555 621 590 ὁμοίως
635 554 663 581 δὲ
680 555 727 582 καὶ
742 555 766 581 οἱ
783 555 872 581 λοιποὶ

77 600 220 635 ἀρχιερεῖς
234 601 258 627 οἱ
275 600 324 627 σὺν
338 600 412 636 αὐτῷ
429 600 524 627 τοῦτον
539 601 789 636 χειροτονήσαντες.

368 658 494 685 ΚΕΦΑΛ.
515 657 588 684 ΣΙΒ.

78 715 149 748 Περὶ
176 714 292 747 τάξεως
318 714 519 749 πατριαρχῶν,
547 714 796 748 ἀρχιεπισκόπων
821 714 871 741 καὶ

383 750 570 777 ἐπισκόπων.

114 807 148 832 Εἰ
166 807 223 840 γὰρ
238 806 287 832 καὶ
303 806 351 841 μία
367 806 383 840 ή
397 806 446 839 τῆς
462 806 618 841 ἐπισκοπῆς
633 806 714 841 χάρις
729 806 776 833 καὶ
793 806 872 833 δύνα-

80 853 125 886 μίς
139 861 170 878 τε
185 852 233 878 καὶ
246 852 324 885 τάξις
338 853 370 879 ἐκ
383 853 432 878 τοῦ
446 852 526 884 θεοῦ,
539 852 585 878 τοῦ
600 853 709 886 πρώτου
725 852 772 879 καὶ
790 852 871 887 μόνου

79 899 188 931 Πατρὺς
203 898 252 924 καὶ
268 897 417 924 ἐπισκόπου
429 917 436 928 ,
453 897 521 923 ἀλλὰ
536 898 581 924 καὶ
595 897 716 933 πατριὰς
743 897 799 932 ἔχει
819 897 873 924 υῐό-

79 945 164 979 τητάς
179 952 210 971 τε
226 945 273 970 καὶ
288 945 405 979 χάριτας
420 944 577 979 διαφόρους,
591 944 629 975 ὡς
644 945 691 970 καὶ
707 944 811 978 ἑκάστη
824 944 874 971 τά-

80 990 138 1024 ξις,
155 991 220 1017 ἐπεὶ
239 990 334 1025 Πατὴρ
350 991 397 1016 καὶ
413 989 477 1021 Υἱὸς
492 990 541 1016 καὶ
555 989 633 1023 ἅγιον
649 989 762 1024 Πνεῦμα
776 991 792 1024 ὴ
809 989 874 1015 Θεό-

80 1046 140 1071 της.
156 1037 212 1063 Καὶ
230 1037 280 1072 μία
297 1037 347 1071 μὲν
359 1038 393 1071 τῇ
407 1036 503 1071 Τριάδι
518 1036 533 1070 ἡ
548 1036 646 1070 φύσιςο
661 1035 690 1062 ἓν
702 1037 731 1063 δὲ
743 1036 774 1062 τὸ
788 1036 874 1062 αἴτιον

81 1084 95 1109 ὸ
112 1083 226 1118 Πατὴρ,
244 1080 322 1116 ᾧπερ
338 1082 353 1108 ό
369 1082 434 1113 Υἱὸς
453 1082 501 1108 καὶ
517 1082 547 1108 τὸ
564 1081 678 1115 Πνεῦμα
698 1082 768 1109 κατὰ
785 1082 875 1109 πάντα

83 1131 191 1158 ὑπείκει
204 1137 212 1145 ·
229 1131 278 1157 καὶ
292 1129 321 1156 ἓν
338 1129 444 1165 θέλημα
458 1129 562 1156 τούτων
572 1151 579 1161 ,
596 1129 645 1155 καὶ
660 1129 710 1163 μία
724 1129 831 1162 κίνησίς
845 1138 875 1156 τε

83 1176 130 1202 καὶ
148 1176 276 1210 δύναμις.
297 1175 346 1201 Ἐκ
360 1175 411 1210 τῆς
426 1175 542 1210 Τριάδος
560 1174 588 1201 δὲ
606 1175 656 1201 καὶ
671 1175 747 1201 πᾶσα
764 1175 875 1208 εὐταξία

82 1223 139 1249 ἄνω
155 1230 185 1248 τε
204 1222 253 1248 καὶ
273 1221 348 1248 κάτω
367 1221 436 1248 ἐστι.
456 1220 503 1247 Διδ
522 1221 570 1248 καὶ
589 1220 702 1255 πρώτην
723 1221 811 1256 μέσην
829 1221 876 1248 καὶ

82 1266 245 1294 τελευταίαν
261 1267 340 1301 τάξιν
355 1267 458 1302 ἑκάστη
475 1266 531 1294 τῶν
548 1266 605 1293 ἄνω
621 1266 725 1298 τάξεων
743 1267 772 1292 ἐν
790 1266 875 1301 ἑαυτῇ

83 1315 218 1349 κέκτηται
231 1321 238 1329 ·
255 1314 303 1340 καὶ
315 1313 486 1340 διδασκάλων
500 1313 555 1340 alat
568 1312 617 1340 καὶ
632 1313 662 1340 ἐν
676 1313 792 1345 ἐκείνοις
805 1312 877 1340 διδά-

83 1360 180 1387 σκαλοι
195 1359 243 1387 καὶ
256 1356 388 1395 Πατέρων
404 1358 536 1394 Πατέρες.

375 1462 501 1489 ΚΕΦΑΛ.
521 1461 591 1490 Σ1Γ’.

82 1521 163 1550 Κατὰ
185 1519 339 1553 Λατίνων,
364 1519 409 1546 ὅτι
432 1519 466 1546 ἓν
486 1519 584 1554 μόνον·
605 1519 639 1546 τὸ
663 1519 762 1554 αἴτιον
783 1519 818 1546 ἐν
840 1518 878 1554 τῇ

103 1557 204 1591 Τριάδι
221 1556 237 1582 ὁ
255 1551 367 1589 Πατὴρ,
386 1555 436 1582 ἵνα
451 1551 493 1589 μῆ
511 1554 648 1589 διάφοροι
664 1551 741 1581 ὦσιν
757 1554 858 1589 ἀρχαι.

124 1613 206 1640 Ἐπεὶ⁸
227 1613 276 1638 καὶ
299 1612 328 1638 ἐν
349 1612 382 1646 τῇ
405 1611 553 1645 ἀσυγχύτῳ
575 1611 622 1637 καὶ
644 1610 809 1645 προανάρχῳ
832 1610 879 1637 καὶ

84 1659 208 1693 συμφυεῖ
232 1659 281 1684 καὶ
303 1657 423 1693 ὁμοδόξῳ
448 1656 546 1692 Τριάδι
571 1655 649 1688 τάξις
674 1657 757 1689 ἐστὶν,
784 1656 878 1692 ὥσπερ

84 1705 192 1740 ἔφημεν
202 1713 210 1720 ·
226 1704 273 1730 καὶ
288 1705 301 1730 ὁ
316 1703 366 1738 μὲν
380 1703 476 1737 Πατὴρ
491 1704 538 1728 καὶ
553 1702 686 1735 ἀναίτιος,
699 1702 732 1728 τὰ
746 1701 774 1728 δὲ
789 1703 818 1734 ἐξ
832 1702 880 1728 αὑ-

83 1748 130 1775 τοῦ
152 1748 202 1774 καὶ
223 1747 334 1774 αίτιατά
347 1755 354 1762 ·
376 1747 425 1774 καὶ
442 1746 546 1773 τούτων
564 1747 594 1773 τὸ
618 1746 667 1781 μὲν
685 1746 816 1781 γεννητὸν
833 1749 879 1773 καὶ

84 1795 160 1827 Υἱὸς,
174 1794 206 1820 τὸ
219 1793 247 1820 δὲ
261 1793 426 1828 ὲκπορευτδν
439 1793 487 1819 καὶ
502 1793 580 1827 ἅγιον
596 1792 708 1826 Πνεῦμα
722 1801 727 1807 ·
743 1793 792 1819 καὶ
805 1793 880 1826 ὅμως

84 1840 238 1875 ἀδιαίρετος
254 1840 272 1874 ή
288 1839 374 1874 Τριάς
386 1859 394 1872 ,
411 1839 459 1866 καὶ
477 1839 526 1874 μία
540 1838 641 1873 ταύτης
655 1838 692 1869 ὡς
708 1839 754 1864 καὶ
770 1839 786 1873 ἡ
801 1838 880 1864 οὐσία

85 1886 145 1912 ἐστὶ
160 1886 210 1912 καὶ
224 1885 241 1918 ἠ
258 1884 371 1919 δύναμις
381 1893 388 1898 ·
405 1884 435 1916 ἐξ
451 1884 536 1919 αὐτῆς
549 1882 597 1911 οὖν
612 1885 659 1910 καὶ
675 1884 750 1910 πᾶσα
766 1885 879 1918 πάτριά,

87 1932 194 1962 Παῦλός
210 1939 298 1966 φησι·
315 1931 364 1957 καὶ
377 1931 454 1964 τάξις
468 1931 498 1957 ἐν
513 1931 621 1965 οὐρανῷ
635 1939 665 1956 τε
681 1931 729 1957 καὶ
745 1930 790 1956 ἐπὶ
817 1930 879 1964 γῆς.

89 1979 171 2005 Ἐπεὶ
188 1978 217 2004 δὲ
234 1978 339 2012 ἥκομεν
355 1974 406 2004 ὦδε
423 1977 471 2004 σὺν
479 1976 551 2011 Θεῷ,
570 1977 667 2012 μικρὸν
684 1976 879 2011 θεωρήσωμεν,

87 2026 163 2056 ὅπως
187 2025 236 2051 καὶ
261 2024 277 2058 ἡ
299 2022 347 2050 τοῦ
371 2023 544 2058 πατριάρχου
569 2022 721 2057 χειροτονία
742 2022 878 2048 τελεῖται·

89 2072 138 2098 καὶ
153 2071 178 2097 εί
194 2069 344 2100 ὲπίσκοπός
361 2069 453 2102 ἐστιν,
471 2069 545 2100 ὅπως
562 2068 725 2095 καθίσταται
744 2068 881 2102 πατριάρ-

87 2125 150 2153 χης,
168 2117 213 2143 καὶ
228 2117 253 2142 εί
270 2116 308 2151 μὴ
324 2115 398 2142 ἐστιν
410 2114 572 2147 ἐπίσκοπος,
587 2115 650 2148 ἄξια
664 2115 719 2150 γὰρ
734 2116 781 2141 καὶ
795 2114 881 2141 ταῦτα

924 196 999 215 mum
1016 187 1135 215 divinam
1164 194 1286 214 mensam
1304 185 1446 213 osculatus
1463 184 1587 213 ascendit
1611 182 1645 210 ad
1672 183 1712 209 al-

924 233 993 262 taris
1019 233 1204 268 crepidinem,
1223 237 1250 260 et
1276 239 1352 259 more
1369 234 1500 258 consueto
1519 228 1602 257 tradit
1628 235 1712 256 oscu-

926 280 993 307 lum.
1012 279 1161 314 Postquam
1179 279 1267 314 ipsius
1290 277 1433 306 ordinator
1450 283 1558 304 sacram
1587 281 1711 302 mensam

926 325 1043 360 primum
1072 325 1213 352 osculatus
1232 324 1325 356 fuerit,
1349 327 1377 350 ut
1403 329 1546 350 sacrarum
1574 320 1712 355 operatio-

926 379 992 398 num
1019 371 1140 404 fontem,
1164 371 1307 398 osculatur
1322 369 1441 397 ordinati
1471 368 1635 403 patriarcha:
1658 374 1682 393 m
1701 379 1715 385 -

926 425 991 444 num
1004 437 1012 450 ,
1031 421 1060 444 ut
1076 417 1169 445 divino
1195 417 1299 452 Spiritu
1331 415 1481 443 secundum
1498 414 1590 441 omnia
1618 410 1713 447 primi,

926 467 953 490 et
972 463 1092 497 ipsorum
1109 463 1283 498 patriarchae,
1297 469 1328 490 os
1342 469 1451 497 quoque
1465 461 1551 495 ipsius
1570 458 1712 486 osculatur

926 514 1038 544 propter
1053 509 1194 541 unionem,
1209 509 1251 537 vel
1265 516 1361 544 genam
1376 513 1488 544 propter
1503 505 1713 540 subiectionem;

925 555 1052 583 similiter
1071 555 1176 583 faciunt
1192 556 1283 583 caeteri
1312 555 1454 590 episcopi,
1483 553 1530 588 qui
1559 559 1622 580 cum
1653 551 1714 586 ipso

926 601 1001 628 hunc
1021 601 1230 628 ordinaverunt.

1209 657 1324 686 CAPUT
1345 657 1448 685 CCXII.

979 714 1018 741 De
1030 715 1122 742 ordine
1137 716 1351 756 patriam/mrum
1368 735 1375 745 .
1394 716 1662 750 archiepiscoporum,

1221 759 1412 785 episcoporum.

963 804 1019 838 Etsi
1049 806 1122 833 enim
1139 814 1194 833 una
1215 812 1256 834 est
1271 808 1445 841 episcopatus
1457 807 1555 842 gratia,
1571 810 1598 833 et
1615 806 1715 836 virtus,

924 855 950 878 et
963 850 1031 878 ordo
1048 859 1081 879 ex
1101 852 1167 884 Deo,
1183 852 1272 887 primo
1289 857 1316 880 et
1344 854 1401 879 solo
1427 853 1508 880 Patre
1536 857 1565 879 et
1588 852 1718 887 episcopo

924 904 1067 931 emanans,
1085 899 1189 933 patrias
1206 903 1298 925 tamen
1326 899 1419 932 habet,
1449 898 1598 925 liliationes
1613 902 1640 925 et
1656 905 1719 933 gra-

926 944 978 971 tias
997 943 1159 971 differentes
1171 964 1178 975 .
1197 948 1227 971 ut
1254 945 1446 979 unusquisque
1474 945 1543 971 ordo
1573 944 1695 978 postulat
1707 961 1716 976 ,

926 997 988 1017 cum
1006 989 1098 1023 Pater,
1118 995 1144 1018 et
1163 990 1248 1017 Filius
1266 996 1293 1018 et
1310 990 1430 1025 Spiritus
1455 996 1569 1018 sanctus
1585 997 1639 1017 una
1662 989 1718 1016 sint

926 1035 954 1063 in
971 1035 1108 1064 Trinitate
1127 1037 1258 1064 divinitas
1280 1041 1307 1063 et
1318 1041 1427 1063 natura.
1448 1036 1538 1063 Unutn
1559 1039 1651 1063 autem
1675 1039 1719 1063 est

926 1082 1094 1118 principium
1113 1083 1204 1116 Pater,
1235 1083 1464 1117 quemadmodum
1481 1082 1566 1110 Filius
1586 1086 1613 1109 et
1631 1080 1720 1117 Spiri-

926 1131 982 1160 tus,
995 1129 1146 1156 sccnnttum
1165 1129 1257 1156 omnia
1272 1129 1472 1161 consentiens;
1491 1135 1544 1155 una
1560 1135 1655 1155 eorum
1673 1134 1720 1154 vo-

927 1174 1028 1205 luntas.
1047 1181 1071 1202 et
1084 1182 1138 1202 una
1156 1175 1240 1202 motio
1255 1179 1282 1202 et
1294 1176 1396 1202 virtus.
1414 1175 1452 1201 Ex
1465 1174 1602 1202 Trinitate
1624 1176 1718 1201 autem

928 1228 1010 1248 omne
1026 1221 1111 1248 decus
1129 1226 1155 1248 et
1175 1221 1263 1248 bonus
1276 1221 1343 1248 ordo
1367 1225 1422 1248 tam
1438 1228 1530 1248 rerum
1545 1220 1720 1255 superiorum

929 1273 1009 1301 quam
1033 1266 1196 1293 inferiorum
1215 1267 1349 1300 procedit.
1371 1267 1433 1293 Ideo
1458 1266 1649 1301 unusquisque
1673 1272 1721 1292 su-

928 1314 1068 1348 periorum
1096 1313 1223 1340 ordinum
1253 1314 1280 1340 in
1311 1321 1340 1340 se
1356 1313 1479 1348 possidet
1499 1313 1638 1348 primum,
1664 1319 1722 1339 me-

929 1359 1004 1387 dium
1033 1365 1060 1387 et
1076 1365 1246 1394 postremum
1269 1360 1404 1392 ordinem,
1421 1363 1504 1394 atque
1524 1367 1540 1386 θ
1561 1359 1721 1388 doctoribus

929 1408 982 1437 cst,
1002 1408 1030 1432 et
1048 1405 1074 1431 in
1091 1404 1124 1431 iis
1137 1409 1202 1431 sunt
1219 1405 1355 1437 doctores,
1372 1410 1399 1431 et
1413 1403 1523 1431 Patrum
1541 1404 1649 1432 Patres.

1195 1461 1310 1489 CAPUT
1331 1461 1447 1489 CCXIII.

930 1520 1028 1548 Contra
1044 1518 1165 1548 Latinos.
1182 1527 1262 1545 unum
1280 1523 1384 1544 tantum
1398 1526 1510 1545 causam
1523 1518 1550 1545 in
1564 1517 1615 1545 SS.
1630 1518 1720 1546 Trini-

957 1560 1010 1582 lale
1021 1563 1077 1581 esse
1092 1554 1210 1585 Patrem,
1228 1561 1259 1580 ne
1273 1553 1352 1588 plura
1368 1554 1501 1588 principia
1513 1554 1684 1581 inducantur.

966 1610 1207 1646 Quandoquidem.
1225 1615 1255 1638 ut
1270 1610 1390 1638 diximus
1404 1629 1411 1640 .
1429 1610 1498 1638 ordo
1514 1615 1555 1638 est
1579 1611 1606 1638 in
1633 1609 1725 1638 Trini-

931 1663 986 1686 tate
1002 1657 1157 1689 inconfusa,
1175 1656 1415 1687 consubstantiali,
1429 1664 1476 1690 per
1490 1657 1582 1683 omnia
1594 1657 1646 1684 sibi
1658 1664 1724 1684 con-

931 1705 1076 1735 sentiente,
1093 1712 1154 1738 qua:
1170 1704 1230 1730 sine
1252 1703 1389 1738 principio
1412 1707 1455 1730 est
1479 1708 1506 1730 et
1522 1710 1604 1730 omne
1620 1703 1724 1738 princi-

931 1750 1005 1785 pium
1021 1750 1195 1780 antecedens.
1214 1749 1292 1776 I’ater
1301 1749 1410 1783 quidem
1428 1748 1488 1776 sine
1508 1749 1644 1783 principio
1660 1755 1722 1783 cst;

932 1805 991 1832 qua:
1007 1804 1071 1824 vero
1091 1804 1122 1823 ex
1144 1797 1213 1830 ipso.
1233 1795 1395 1830 print-ipiata
1419 1796 1558 1826 dicuntur,
1575 1799 1602 1821 et
1623 1794 1721 1821 horum

933 1850 1015 1869 unum
1031 1847 1074 1870 est
1089 1842 1333 1876 genitum,nempc
1349 1839 1571 1871 Filius,alterum
1588 1839 1724 1874 procedit,

932 1897 1028 1923 nempe
1047 1887 1168 1922 Spiritus
1195 1891 1319 1914 sanctus.
1346 1886 1395 1913 Est
1424 1892 1514 1912 tamen
1547 1885 1724 1914 indivisibilis

932 1935 1064 1965 Trinitas.
1083 1940 1193 1968 tntaque
1208 1937 1250 1959 est
1267 1932 1341 1959 illius
1354 1940 1384 1958 ιιι
1396 1931 1562 1963 substantia,
1577 1931 1614 1958 ita
1627 1936 1655 1959 et
1669 1932 1726 1959 vir-

933 1985 987 2008 tus.
1003 1981 1040 2007 Ex
1060 1980 1117 2014 ipsa
1135 1980 1218 2014 igitur
1235 1983 1277 2006 est
1290 1997 1298 2011 ,
1318 1983 1347 2004 ut
1366 1978 1405 2005 ait
1431 1977 1542 2010 Paulus,
1560 1978 1650 2006 omnis
1675 1986 1724 2013 pa-

933 2028 1048 2054 ternitas
1069 2031 1096 2054 et
1118 2026 1186 2053 ordo
1212 2025 1240 2052 in
1263 2024 1333 2052 rmlo
1351 2028 1377 2051 et
1392 2024 1418 2051 in
1441 2029 1524 2052 terra.
1539 2024 1607 2051 Cum
1628 2024 1723 2059 igitur,

934 2073 988 2099 Deo
1002 2072 1120 2104 favente,
1138 2071 1191 2098 huc
1211 2071 1413 2101 dcvenerimus,
1431 2070 1526 2105 paucis
1542 2071 1725 2098 cdissercmus

934 2126 987 2153 qua
1008 2119 1114 2144 ratione
1130 2117 1291 2152 patriarcha:
1303 2116 1442 2144 ordinatio
1468 2117 1630 2151 perﬁcitur;
1655 2121 1682 2144 et
1700 2117 1725 2145 si

89 2163 219 2198 Θεωρίας.
234 2162 310 2197 Πλὴν
323 2162 358 2188 τὰ
373 2160 420 2188 τοῦ
438 2161 592 2187 ἐπισκόπου
608 2161 635 2187 ἐν
649 2160 750 2194 ὀλίγοις
766 2160 876 2186 τελέσω-

935 2164 1083 2199 episcopus
1097 2167 1147 2196 est,
1165 2171 1217 2198 qua
1233 2164 1341 2190 ratione
1356 2163 1534 2190 constituitur
1557 2164 1724 2198 patriarcha;

90 2219 151 2245 μεν.
167 2209 244 2237 Μετὰ
257 2209 303 2236 τὸν
315 2208 462 2244 ἀσπασμὸν
474 2208 552 2239 οὗτος
563 2208 609 2234 τὸν
623 2208 711 2243 ἱερὸν,
727 2208 771 2234 τοῦ
786 2207 879 2242 ιεράρ-

89 2263 138 2290 χου
153 2253 353 2288 ἀσπασαμένου
370 2253 448 2284 αὖθις
461 2252 510 2288 τὴν
525 2252 602 2287 ἱερὰν
616 2252 765 2287 τράπεζαν,
782 2252 829 2278 καὶ
841 2253 881 2281 εἰς

89 2299 120 2325 τὸ
141 2298 288 2333 σύνθρονον
309 2297 468 2329 ἀνελθόντος
489 2297 584 2332 ὥσπερ
604 2297 644 2328 εἰς
664 2297 710 2323 τὸν
732 2297 847 2331 οὐρανὸν
868 2296 882 2322 ό

89 2345 229 2381 Χριστὸς,
246 2344 295 2371 καὶ
310 2345 324 2371 ὸ
341 2343 545 2378 χειροτονηθεὶς
562 2343 647 2378 αὐτὴν
665 2343 862 2377 ἀσπασάμενος
874 2362 882 2374 ,

90 2392 238 2427 ἀνέρχεται
251 2399 258 2407 ν
276 2391 323 2417 καὶ
343 2391 375 2416 ὲκ
394 2389 491 2423 δεξιῶν
508 2389 618 2416 ἵσταται
635 2389 681 2416 τοῦ
703 2390 814 2424 πρώτου
835 2390 884 2423 ἁρ-

88 2438 207 2472 χιερέως
218 2457 226 2470 ,
242 2436 281 2468 ὡς
294 2436 343 2471 τὴν
359 2435 472 2470 πρώτην
487 2435 565 2468 τάξιν
579 2434 649 2469 ἔχων
668 2435 742 2469 παρὰ
758 2435 820 2466 τοὺς
836 2434 883 2460 ἀλ-

89 2484 155 2516 λους
169 2484 232 2510 τότε
248 2482 427 2515 ἐπισκόπους,
443 2481 494 2517 ήδη
510 2482 542 2516 τῇ
559 2481 653 2516 χάριτι
669 2480 881 2516 χειροτονηθεὶς,

90 2531 138 2558 καὶ
149 2529 200 2564 τῆς
215 2529 310 2564 φήμης
325 2528 379 2554 τῶν
395 2527 529 2562 βασιλέων
544 2527 592 2554 καὶ
606 2527 653 2553 τοῦ
667 2527 776 2562 πρώτου
789 2527 884 2562 ἀρχιε-

92 2578 161 2613 ρέως
173 2576 330 2611 γινομένης,
343 2575 451 2602 ῐσταται
465 2574 535 2609 μετὰ
545 2574 600 2601 τῶν
612 2574 714 2602 λοιπῶν
726 2574 883 2601 ἐπισκόπων

91 2624 145 2651 ὑπὸ
156 2625 239 2660 χεῖρα
251 2621 290 2649 ῶν
304 2622 350 2648 καὶ
365 2621 457 2653 αὑτός.

222 2844 361 2874 Panos.
379 2839 440 2871 Gn.
470 2835 553 2869 CLV.

937 2215 965 2237 et
984 2218 1038 2245 qua
1055 2209 1170 2241 ratione,
1183 2209 1206 2236 si
1229 2216 1285 2236 non
1310 2213 1352 2236 est
1378 2209 1534 2244 episcopus.
1556 2208 1626 2236 Sunt
1652 2209 1724 2236 enim

935 2256 992 2283 haec
1016 2256 1249 2290 contemplatione
1266 2259 1293 2282 et
1314 2255 1533 2283 consideratione
1554 2256 1635 2290 digna
1655 2264 1662 2281 ι
1680 2263 1726 2283 ναι

935 2309 995 2329 rum
1023 2310 1084 2336 quae
1101 2307 1167 2329 sunt
1192 2301 1315 2336 episcopi
1332 2302 1429 2335 paucis
1453 2302 1635 2336 perliciemus.
1661 2301 1726 2329 Post

936 2355 1045 2374 sacram
1063 2348 1144 2375 istam
1173 2348 1367 2375 salutationem
1394 2347 1630 2382 archiepiscopus,
1647 2355 1728 2374 Oscu-

936 2393 1006 2420 latus
1021 2394 1119 2421 iterum
1135 2401 1239 2421 sacram
1257 2400 1392 2425 mensam,
1413 2392 1440 2419 in
1459 2393 1586 2419 thronum
1601 2400 1728 2420 commu-

937 2447 1000 2466 nem
1030 2439 1166 2471 ascendit,
1196 2443 1225 2465 ut
1254 2439 1382 2466 Christus
1411 2438 1437 2465 in
1455 2439 1560 2470 caelos;
1579 2439 1726 2468 ordinatus

938 2494 1047 2520 quoque
1064 2486 1187 2514 eamdem
1205 2485 1346 2513 osculatus
1367 2485 1502 2518 ascendit,
1529 2490 1557 2512 et
1583 2493 1598 2512 a
1623 2486 1727 2513 dextris

938 2533 1018 2569 primi
1036 2532 1159 2567 episcopi
1178 2532 1279 2565 adstat,
1300 2536 1381 2567 atque
1402 2536 1432 2558 ut
1457 2539 1520 2558 mox
1547 2537 1728 2560 consecratus

937 2578 1056 2613 primum
1092 2578 1163 2604 inter
1202 2579 1349 2613 episcopos
1382 2578 1473 2605 locum
1512 2582 1578 2604 tunc
1609 2577 1726 2606 obtinet.

938 2624 1042 2651 Deinde
1067 2625 1140 2650 laeta
1156 2623 1353 2658 imperatorum
1374 2628 1403 2651 ct
1419 2624 1501 2659 primi
1525 2623 1727 2658 archiepiscopi

940 2670 1031 2698 fausta
1056 2670 1273 2704 acclamatione,
1301 2675 1355 2698 stat
1369 2673 1397 2699 et
1416 2670 1476 2706 ipse
1493 2670 1545 2698 sub
1561 2677 1643 2698 manu
1664 2677 1727 2697 cum

939 2716 1046 2744 caeteris
1067 2716 1217 2752 episcopis.

1493 2829 1531 2860 ιι
