1941 3040
88 126 146 158 420

623 124 673 158 DE
687 121 821 153 SACBIS
842 119 1194 158 0RDINATIONIBUS.

1666 127 1727 160 ’430

90 185 220 220 ρασμοῐς,
242 184 290 210 καὶ
314 183 373 215 ταῖς
403 183 549 218 ταραχαῖς.
584 174 629 210 Ἐν
652 183 686 218 τῇ
712 182 827 218 Μεγάλῃ
851 180 874 206 δὲ

933 177 979 205 illa
996 179 1126 212 cessavit,
1143 185 1171 208 et
1186 180 1214 208 in
1229 181 1288 210 sola
1309 181 1406 218 Magna
1439 183 1555 211 ecclesia
1585 185 1728 221 peragitur

89 230 172 264 μόνον
194 229 300 263 γίνεται
321 228 466 264 ἐκκλησίᾳ.
498 228 554 255 Καὶ
578 228 756 264 προτεθέντος
784 227 881 262 Θρόνου

88 276 119 302 ἐν
137 271 160 309 ᾦ
183 275 301 309 κάθηται
319 276 334 301 ὁ
350 275 578 310 ἁρχιεπίσκοπος,
597 274 644 301 καὶ
669 274 773 301 πέπλου
800 272 881 307 συνή-

79 322 164 357 νθους,
181 322 234 348 ὑπὸ
257 321 353 357 ἱερέως
370 321 455 356 εὐχῆς
478 322 625 356 γινομένης
652 321 700 346 καὶ
716 319 879 354 Τρισιγιου,

86 370 143 396 τῶν
167 368 385 396 ὲπισκοπειανῶν
402 368 556 402 παρόντων,
572 369 619 394 καὶ
635 366 882 401 λαμπαδηφορούν-

86 423 142 441 των
165 414 306 446 ἁπάντων,
326 413 491 443 κυκλοῦντος
517 414 566 440 καὶ
587 412 634 439 τοῦ
662 412 741 444 λαοῦ,
759 413 881 447 impavi—

87 461 166 493 ζεται
191 462 267 494 παρά
281 469 311 486 τε
326 460 374 486 τοῦ
389 458 499 494 πρώτου
523 460 577 486 ¹ζῶν
604 459 700 493 ιερέων
722 458 769 484 καὶ
788 458 881 484 δευτε-

87 507 216 541 ρεύοντος
240 507 255 533 ὀ
279 505 479 541 χειροτονηθεὶς
508 505 666 540 ἀρχιερεὺς,
698 505 758 539 τρὶς
787 504 816 530 ἐν
841 503 880 538 τῷ

87 552 178 588 θρόνῳ
201 553 239 583 ὡς
265 552 314 579 καὶ
336 552 382 578 τὸν
413 552 586 587 πατριάρχην
616 552 645 577 ἐν
672 551 711 585 τῷ
740 550 879 584 συνορόνῳ

86 599 287 633 ὲγκαῦιζόντων
312 599 394 626 αὐτὸν
409 598 464 625 τῶν
488 599 594 634 ἱερέων,
610 599 657 624 καὶ
684 596 880 630 ἐκφωνούντων

84 646 118 673 τὸ
133 655 142 672 ι
164 646 276 678 Ἀξιος·
296 655 305 671 ι
329 643 388 671 εἶτα
417 645 576 679 καθημένου
599 643 694 676 αὐτοῦ,
722 641 878 677 εὐφημοῦσι

85 692 152 723 τοὺς
167 691 292 723 εὐσεϐεῖς
309 691 440 726 βασιλεῖς,
454 690 502 717 τὸν
523 689 752 725 ἀρχιεπισκοττον,
767 689 814 715 καὶ
831 688 880 714 αὐ·-

83 737 133 764 τδν
156 737 204 764 τὸν
229 736 476 772 χειροτονηθέντα·
505 737 553 762 καὶ
584 735 672 766 οὓτως
700 734 878 762 ἀπολύουσιν.

89 784 122 810 '0
137 783 166 810 δέ
186 791 219 817 γε
238 784 303 813 λαὸς
327 782 560 817 προσερχόμενος,
576 782 645 809 ἀλλὰ
666 781 698 817 δὴ
726 782 774 808 καὶ
797 783 877 816 ἱερω-

85 830 176 866 μένοι,
200 829 368 862 ἀσπάζονται
395 829 445 863 τὴν
459 828 505 855 τοῦ
523 827 759 863 χειροτονηθέντος
785 828 874 862 χεῖρα,

935 223 962 251 in
977 223 1051 252 hunc
1067 226 1176 253 modum
1190 227 1365 261 :Przeparato
1380 234 1407 256 et
1423 231 1564 264 proposito
1577 231 1677 260 throno
1700 234 1726 261 in

935 274 990 302 quo
1015 268 1092 296 sedet
1121 271 1364 306 archiepiscopus.
1395 278 1422 300 et
1452 275 1531 308 pcplo
1563 275 1646 303 solito
1675 277 1728 312 ipsi

935 313 1076 348 adaptato,
1096 315 1225 351 factaque
1240 325 1320 352 prece
1338 327 1353 346 a
1381 320 1554 356 presbytero,
1568 326 1594 349 et
1612 331 1729 356 ptmsen-

935 358 1010 387 tibus
1032 360 1218 395 cpiscopianis
1233 364 1363 392 omnibus
1383 366 1515 401 trisagiun
1549 369 1727 396 cantantibus

934 411 962 433 et
974 415 1068 435 cereos
1085 407 1280 443 deiet-cutibus,
1305 415 1334 438 et
1365 412 1551 440 circumtlaule
1577 415 1655 448 plebe
1684 416 1727 442 in-

935 452 1107 482 thronizatur
1145 456 1292 484 ordinatus
1321 458 1466 494 cpiscopus
1503 467 1517 486 a
1551 461 1725 488 sacerdotum

935 500 1034 532 prium.
1052 505 1080 528 et
1096 508 1128 528 eo
1144 503 1190 536 qui
1209 508 1272 538 post
1291 505 1379 539 ipsum
1397 506 1535 534 secundus
1549 510 1615 541 agit,
1629 513 1725 542 terque

936 554 949 572 ιι
967 547 1135 583 presbyteris
1148 550 1176 577 in
1193 551 1293 579 throno
1307 553 1468 585 collocatur,
1495 555 1723 589 exclatnantilnis,

937 602 946 618 ι
966 593 1077 628 Dignus.
1095 604 1104 621 ι
1124 595 1226 624 Deinde
1240 605 1274 625 eo
1288 599 1400 626 sedente
1424 600 1522 628 faustis
1548 603 1725 629 aCt'IﬂlnalItl—

934 639 1027 671 nibus,
1057 641 1235 676 imperatores
1262 650 1468 680 prosequuntur
1487 648 1725 684 archiepiscopum

934 689 962 712 et
979 687 1067 720 ipsum
1081 687 1251 720 ordinatum,
1268 695 1293 717 et
1309 690 1349 718 sic
1378 693 1545 721 celebratum
1571 695 1724 724 dimittunt.

935 733 1054 767 Populus
1066 741 1156 762 autem
1175 737 1322 770 accedens,
1337 743 1419 772 atque
1447 740 1528 778 etiam
1559 741 1652 769 clerici
1677 750 1724 769 sa-

934 779 1002 806 crati
1017 780 1179 806 osculantur
1192 781 1310 809 ordinati
1326 790 1450 816 mauum,
1464 789 1492 811 et
1521 785 1723 813 benedicuntur

934 824 981 858 qui
1002 832 1064 852 cum
1083 825 1134 852 nde
1149 832 1330 854 concurrunt.
1351 827 1421 855 Cum
1435 830 1507 857 enirn
1522 830 1557 857 sit
1571 838 1667 859 recens
1682 840 1724 860 or-

84 859 135 904 ;tal.
162 859 351 909 εὐλογοῦνται,
376 859 447 910 μετὰ
476 859 594 906 πίστεως
620 875 785 909 τρέχοντες·
804 875 874 900 ἔπει-

933 870 1054 902 dinatus,
1070 866 1145 899 totus
1160 876 1203 900 est
1219 880 1351 909 purgatus
1366 879 1392 902 et
1419 875 1598 909 illuminatus,
1617 879 1722 913 gratia-

81 924 174 959 δήπερ
190 924 287 950 νεωστὶ
300 923 503 958 χειροτονηθεὶς
519 923 579 954 ὅλος
593 922 651 948 ἐστὶ
669 922 877 955 κεκαθαρμένος

81 978 114 996 τε
137 971 186 996 καὶ
213 971 431 1005 πεφωτισμένος.
445 970 492 997 καὶ
512 969 550 1004 τῷ
565 969 737 1003 ἐγκαινισέλῷ
762 969 777 1003 ὴ
796 969 876 1003 χάρις

85 1015 166 1051 165
185 1016 379 1051 δαψιλέστερον
393 1017 552 1050 χορηγεῖται
569 1015 645 1050 παρὰ
669 1015 724 1041 τῶν
738 1016 876 1041 λαϐόντων

82 1062 169 1096 αὐτὴν
183 1061 296 1089 ἄνωθεν.
309 1062 374 1089 Τότε
384 1062 412 1089 δὲ
427 1062 488 1088 οὐδὲ
503 1061 639 1089 κωλύεται
653 1062 775 1095 εὐλογεῖν
792 1061 876 1095 ἄλλης

80 1108 120 1133 ὢν
139 1108 292 1139 ἐπίσκοπος
309 1108 414 1139 πόλεως
426 1129 433 1141 ,
451 1108 512 1134 ἐπεὶ
539 1108 569 1134 τὸ
593 1108 734 1141 ἐνδόσιμον
754 1107 821 1142 ἔχει,
838 1107 876 1139 ὡς

81 1153 145 1187 ἄρτι
170 1153 383 1188 χειροτονηθείς.
398 1153 541 1188 Λαμὸἀ-ιει
568 1154 597 1179 δὲ
620 1155 667 1180 καὶ
689 1154 735 1180 τὸν
752 1153 874 1188 μανδύαν

83 1199 155 1232 μετὰ
181 1199 236 1225 τῶν
259 1199 389 1233 ποταμῶν
405 1199 443 1229 ὡς
462 1199 632 1232 διδάσκαλος,
652 1199 710 1230 τοῦ,
732 1208 741 1225 ι
763 1199 810 1226 Ἐκ
821 1198 876 1225 τῶν

80 1243 207 1278 οὐρανῶν
230 1244 312 1276 ἐδέξω
327 1245 376 1280 τὴν
392 1244 468 1271 θείαν
492 1244 585 1280 χάριν,
610 1254 619 1270 ›
638 1244 787 1279 λεγομένου
801 1251 808 1259 ³
832 1245 875 1271 ὅτι

80 1290 128 1317 καὶ
148 1290 205 1316 ἀπὸ
218 1290 275 1316 τῶν
299 1291 422 1325 οὐρανῶν
435 1291 452 1324 ἡ
468 1292 549 1326 χάρις
562 1291 628 1326 ἡμῖν
641 1291 787 1326 ἐκκέχυται
799 1299 807 1308 ο
826 1291 875 1317 καὶ

80 1337 113 1363 τὸ
143 1337 290 1371 ὲγκόλπιον
316 1337 355 1369 ὡς
386 1337 477 1364 ἔνθεον
506 1337 676 1373 ἁῤῥαϐῶναυ
699 1338 741 1364 δτι
768 1338 816 1364 καὶ
843 1338 875 1364 τὸ

81 1381 233 1417 πρόσωπον
251 1382 329 1418 φέρει
344 1382 474 1418 Χριστοῦ,
488 1383 536 1410 καὶ
553 1383 582 1409 ὲν
605 1382 717 1418 Χριστῷ
734 1382 783 1409 τοῦ
798 1382 875 1418 πρώ-

79 1436 130 1454 του
145 1428 299 1463 ἀρχιερέως
310 1436 318 1444 ·
333 1429 378 1455 καὶ
393 1428 434 1455 ὅτι
450 1429 568 1463 νυμφίος
583 1429 679 1462 γέγονε
693 1429 743 1464 τῆς
760 1429 875 1464 Ἐκκλη-

82 1473 144 1505 σίας
173 1474 304 1509 Χριστοῦ,
317 1475 366 1501 καὶ
389 1475 418 1501 ὲν
445 1475 485 1510 τῷ
501 1474 591 1510 καιρῷ
618 1474 668 1509 τῆς
693 1475 874 1510 νυμφεύσεως

82 1520 174 1546 πᾶσαν
201 1520 332 1554 κέκτηται
359 1520 408 1554 τὴν
433 1519 525 1547 ἄδειαν
560 1520 684 1554 εὐλογεῖν
709 1529 739 1546 τε
766 1522 814 1547 καὶ
829 1520 875 1547 εὕ-
890 1539 911 1567 c

82 1567 190 1601 χεσθαι,
204 1566 239 1602 ῆν
253 1566 301 1592 καὶ
322 1567 336 1593 ὁ
356 1566 470 1602 γνήσιος
495 1566 576 1598 αὐτὸς
594 1566 739 1602 ἀρχιερεύς
752 1573 759 1580 ·
773 1567 804 1593 οὐ
821 1567 875 1602 μὴν

81 1612 110 1639 δὲ
129 1612 306 1647 χειροτονεῖν.
321 1612 375 1638 Καὶ
390 1611 498 1646 εὐλογεῖ
512 1611 539 1638 δὲ
552 1612 696 1647 παρρησίᾳ
711 1613 771 1639 κατ’
789 1612 875 1646 αὐτὴν

83 1658 169 1693 μένην
184 1657 233 1693 τὴν
246 1657 366 1694 ἡμέραν.

369 1711 494 1741 ΚΕΦᾹΛ.
517 1713 588 1742 Σ1Ζ¹.

32 1784 43 1793 ,
81 1758 165 1785 Atat!
178 1757 385 1793 προπέμπεται
403 1760 439 1786 ἐν
467 1759 506 1794 τῇ
528 1761 625 1794 πόλει,
646 1761 695 1788 καὶ
725 1762 848 1796 εὐλογεῖ
857 1763 873 1788 d

361 1797 594 1829 χειροτονηθείς.

116 1840 163 1867 Διδ
180 1840 228 1867 καὶ
240 1841 310 1876 μετὰ
324 1841 374 1877 τὴν
386 1842 528 1876 τράπεζαν
540 1842 771 1877 ἑπικαθιζόμενος
785 1844 871 1879 ἵππῳ,

80 1887 177 1914 κυκλοῖ
206 1886 256 1923 τὴν
274 1887 352 1914 πόλιν
377 1887 630 1923 δορυφορούμενος·
647 1890 696 1916 καὶ
725 1891 871 1924 σφραγίζει

80 1933 186 1965 πάντας
200 1934 247 1959 καὶ
263 1933 380 1967 εὐλογεί,
398 1933 519 1967 ἁγιάζων
530 1935 564 1969 τῇ
581 1936 709 1970 σφραγῖδι
720 1935 769 1970 τὴν
782 1936 870 1970 πόλιν,

79 1980 128 2008 καὶ
141 1981 323 2016 ἐπευχόμενος
336 1981 373 2013 ὡς
391 1982 484 2012 καινὸς
506 1981 628 2016 γεγονὼς
651 1983 806 2018 ἀρχιερεὺς,
821 1984 872 2016 τῆς

80 2027 306 2062 ὲγκαινισθείσης
320 2027 396 2062 αὐτῷ
417 2027 574 2062 μεταδιδοὺς
588 2028 663 2060 θείας
678 2029 802 2064 χάριτος,
823 2030 871 2056 καὶ

79 2073 217 2109 ἁγιασμδν
231 2074 266 2109 τῇ
286 2073 397 2110 εὐλογίᾳ
412 2075 550 2111 χορηγῶν,

364 2220 491 2248 ΚΕΦΑΛ.
524 2221 598 2248 ΣῙΙΥ.

83 2276 115 2303 TI
128 2277 162 2303 τὸ
175 2276 320 2304 ἀπελθεῖν
331 2278 375 2310 εις
385 2278 439 2304 τὸν
449 2278 584 2309 βασιλέα
597 2278 806 2311 καὶιεῦξασθαι
815 2280 870 2307 τὸν

117 2313 225 2349 νεωστὶ
257 2313 505 2349 χριροτονηθέντα
532 2314 682 2348 ἀρχιερέα.
715 2316 764 2342 καὶ
788 2315 870 2349 ὅπως

116 2346 207 2373 τοῦτο
222 2346 340 2380 πρῶτον
353 2348 481 2382 ἐγίνετο.

115 2391 161 2417 Διὸ
173 2391 205 2426 δὴ
220 2392 266 2418 καὶ
277 2392 315 2423 ὡς
328 2393 397 2427 πρὸς
410 2392 477 2419 Θεὸν
499 2394 659 2429 παρρησίαν
674 2395 742 2429 ἔχων
765 2397 814 2422 καὶ
835 2397 868 2432 τῇ

80 2438 234 2472 χειροτονίᾳ
246 2437 405 2472 δυνάμενος,
423 2438 469 2465 καὶ
485 2439 524 2473 τῷ
542 2439 648 2473 βασιλεῖ
665 2441 804 2474 πέμπεται
822 2441 868 2467 εὐ-

80 2481 193 2516 ξάμενος
206 2482 276 2516 ὑπὲρ
286 2482 380 2513 αὐτοῦ,
401 2484 449 2511 καὶ
461 2483 520 2518 ἅμα
533 2484 570 2515 ὡς
584 2485 695 2519 χριστὸς
712 2486 814 2520 Κυρίου
829 2486 869 2521 τῷ

79 2527 231 2562 Πνεύματι,
255 2528 302 2554 τὸν
323 2529 433 2563 χριστὸν
459 2530 560 2564 Κυρίου
579 2531 617 2565 τῷ
645 2531 723 2566 μύρῳ
747 2531 869 2565 εὐλογῶν

79 2574 128 2601 καὶ
140 2573 273 2609 ἐνισχύων
288 2576 345 2606 ταῖς
360 2575 465 2609 εὐχαῖς.
484 2576 566 2602 Ὅθεν
583 2578 630 2603 καὶ
646 2577 772 2604 ἀπελθὼν
790 2577 869 2612 εὐχε-

79 2628 124 2646 ται
143 2620 176 2646 τὰ
194 2621 262 2654 πρὸς
278 2622 415 2655 σωτηρίαν
429 2621 515 2656 αὐτῷ’
548 2623 592 2649 ὅτε
610 2624 656 2649 καὶ
672 2624 803 2658 πρότερον
820 2625 869 2658 μὲν

79 2665 184 2699 ιγίνετο
199 2662 333 2700 ’θεοφιλῶς
357 2674 385 2692 τε
410 2667 457 2693 καὶ
475 2667 589 2699 δεόντως
613 2669 732 2703 ήτάξις,
753 2670 792 2696 διδ
821 2671 868 2696 καὶ

78 2712 211 2747 ἀνύσιμος
226 2710 260 2747 ἦν
274 2713 290 2747 ἡ
308 2711 354 2738 τοῦ
371 2712 522 2748 ἀρχιερέως
539 2714 606 2749 εὐχή
623 2722 630 2729 ·
645 2715 692 2741 νῦν
705 2716 734 2742 δὲ
757 2716 869 2743 τούναν-

77 2759 136 2785 τίον
152 2758 307 2793 γινόμενον,
325 2759 465 2793 ἄπρακτον
484 2759 533 2794 τὴν
547 2760 629 2795 εὐχὴν
654 2762 813 2797 ἀποφαίνει.
832 2763 868 2789 Τὸ

78 2805 192 2840 ἀρχαῖον
201 2805 257 2838 γὰρ
276 2804 338 2836 ἔθος
362 2803 408 2839 ἦν,
422 2805 463 2831 ὅτι
480 2806 715 2841 ἁποστελλομένου
742 2808 790 2835 τοῦ
809 2810 869 2843 ῥαι-

78 2850 258 2886 φερενδαρίου
274 2851 344 2886 μετὰ
367 2851 415 2878 τοῦ
432 2852 583 2888 ἀρχιερέως
607 2853 648 2886 είς
671 2855 705 2882 τὰ
730 2854 865 2889 βασίλεια,

930 924 984 948 que
1000 917 1025 942 in
1042 916 1093 944 hac
1110 925 1179 944 nova
1193 921 1402 948 consecratione
1416 921 1604 951 abundantius
1629 924 1663 952 ab
1688 925 1722 953 iis

931 961 1120 994 suppeditatur
1137 962 1182 996 qui
1197 970 1257 990 eam
1284 972 1403 999 superne
1422 973 1598 1002 acceperunt.
1626 969 1722 1005 Neque

930 1006 1012 1033 etiam
1026 1011 1092 1034 tunc
1106 1008 1270 1037 benedicere
1285 1011 1457 1046 prohibetur.
1478 1014 1543 1042 licet
1560 1015 1672 1044 alterius
1686 1018 1723 1045 sit

931 1051 1008 1078 urbis
1023 1052 1180 1088 episcopus,
1195 1062 1258 1081 cum
1276 1056 1357 1090 hujus
1375 1059 1426 1090 rei,
1446 1064 1475 1087 ut
1493 1067 1589 1088 recens
1606 1063 1722 1089 ordina-

931 1101 993 1128 tus.
1014 1102 1178 1132 potestatem
1192 1100 1304 1129 habent.
1320 1103 1428 1139 Accipit
1444 1113 1554 1141 quoque
1577 1109 1723 1143 mandyam

929 1143 988 1170 sive
1005 1144 1116 1178 pallium
1133 1146 1294 1175 undulatum
1312 1149 1384 1177 velut
1397 1151 1504 1185 doctor,
1517 1152 1582 1179 dum
1600 1154 1699 1182 dicitur
1713 1164 1722 1183 :

932 1199 943 1216 ι
959 1190 998 1218 De
1009 1192 1086 1220 ctelis
1105 1194 1234 1228 accepisti
1252 1195 1372 1224 divinam
1393 1198 1530 1233 gratiam;
1547 1209 1556 1226 ι
1584 1201 1648 1235 quia
1661 1209 1723 1236 gra-

929 1235 965 1262 tia
985 1243 1002 1264 e
1016 1237 1094 1270 caelis
1107 1238 1134 1265 in
1149 1246 1198 1266 nos
1213 1240 1298 1268 eﬂusa
1313 1246 1366 1274 est,
1382 1246 1410 1269 et
1422 1250 1471 1278 per
1481 1245 1651 1281 encolpium,
1662 1235 1722 1276 sive

929 1288 978 1315 per
993 1284 1084 1311 crucis
1101 1285 1225 1320 reliquiis
1234 1287 1353 1321 gravidae
1368 1296 1430 1322 qua:
1457 1290 1529 1317 collo
1556 1293 1722 1327 appenditur

929 1328 1118 1362 traditionem,
1136 1336 1167 1358 ut
1194 1339 1244 1367 per
1260 1333 1384 1362 divinum
1416 1335 1599 1366 arrbabonem
1621 1339 1723 1367 conﬁr-

929 1379 1038 1402 matur:
1055 1377 1187 1411 quoniam
1207 1378 1291 1406 etiam
1306 1387 1450 1415 personam
1465 1381 1569 1410 Christi
1591 1385 1721 1420 sustinet,

928 1424 956 1447 et
972 1420 999 1448 in
1013 1421 1125 1450 Christo
1140 1425 1221 1458 primi
1237 1425 1450 1460 episcopi.Quia
1467 1427 1587 1464 denique
1601 1438 1721 1465 sponsus

929 1465 1057 1495 Ecclesiae
1073 1467 1175 1496 Christi
1191 1469 1281 1498 factus
1304 1474 1355 1503 est,
1377 1476 1404 1499 et
1431 1472 1481 1500 bac
1493 1473 1601 1503 ratiOne
1611 1483 1721 1506 omnem

930 1510 1011 1538 habet
1029 1516 1189 1546 potestatem
1208 1515 1397 1548 benediccudi.
1422 1521 1450 1545 et
1477 1520 1607 1553 precandi
1636 1529 1719 1557 quam

928 1564 1076 1593 germanus
1092 1559 1165 1586 illitis
1177 1561 1253 1588 urbis
1269 1563 1425 1597 episcopus,
1453 1571 1507 1591 non
1523 1569 1615 1593 tamen
1642 1567 1721 1594 ordi-

930 1603 1023 1631 nandi.
1040 1603 1183 1632 Bcncdicit
1199 1611 1290 1635 autent
1308 1609 1418 1642 publice
1429 1614 1456 1637 et
1473 1611 1643 1640 conﬁdenter
1671 1621 1721 1649 per

929 1650 1002 1677 hunc
1013 1651 1100 1678 solum
1114 1651 1198 1680 diem.

1192 1710 1309 1738 CAPUT
1328 1711 1454 1741 CCXVII.

928 1753 1017 1786 Quare
1029 1755 1161 1783 civitatem
1177 1759 1323 1792 perequitat
1336 1767 1424 1786 recens
1437 1761 1578 1789 ordinatus
1597 1767 1622 1789 et
1637 1762 1718 1790 bette-

1111 1792 1253 1819 dictionem
1269 1795 1384 1828 impertit
1399 1796 1532 1825 omnibus.

963 1835 1026 1863 Ideo
1042 1842 1186 1872 postquam
1203 1838 1238 1865 ab
1254 1839 1334 1866 altari
1350 1842 1473 1875 recessit,
1492 1850 1564 1877 equo
1594 1843 1718 1873 insidens

926 1886 1004 1916 gyrat
1021 1883 1114 1910 urbem
1123 1904 1132 1917 ,
1144 1884 1291 1911 satellitum
1306 1890 1474 1913 armatorum
1487 1895 1588 1915 corona
1598 1890 1718 1925 cinctus.

926 1928 1072 1961 crucisque
1089 1928 1168 1963 signo
1183 1929 1275 1964 signat
1294 1937 1401 1963 omnes,
1430 1936 1459 1958 et
1486 1932 1642 1962 benedicit:
1669 1943 1717 1962 ur-

926 1973 987 2000 bem
1014 1981 1124 2008 quoque
1151 1975 1231 2009 signo
1258 1976 1349 2004 crucis
1368 1977 1542 2012 sanctificat;
1560 1985 1588 2007 et
1619 1987 1716 2014 preces

926 2018 1031 2046 faciens
1043 2024 1072 2045 ut
1086 2027 1174 2046 novus
1190 2020 1281 2048 factus
1300 2021 1449 2057 episcopus
1463 2024 1583 2052 divinam
1602 2025 1716 2062 insuper

925 2065 1040 2098 gratiam
1061 2073 1114 2100 qua
1139 2073 1186 2099 per
1211 2074 1310 2094 novatn
1333 2069 1568 2096 consecrationem
1598 2070 1716 2099 donatus

924 2115 978 2143 est,
991 2111 1186 2145 communicat,
1205 2117 1232 2140 et
1256 2113 1502 2142 sanctiﬁcationem
1525 2117 1717 2146 benedictione

925 2156 1052 2192 largitur.
1092 2148 1098 2155 ’

1188 2215 1302 2244 CAPUT
1317 2215 1457 2246 CCXVIII.

923 2273 1012 2307 Quare
1040 2282 1128 2301 recem
1147 2275 1287 2302 ordinatus
1311 2277 1453 2310 episcopus.
1475 2277 1530 2304 abit
1551 2277 1587 2303 ad
1598 2278 1714 2311 impera-

957 2313 1039 2346 I_orem
1052 2315 1075 2336 ει
1091 2318 1138 2344 pro
1149 2318 1179 2336 eo
1196 2317 1328 2342 precatur,
1343 2316 1370 2338 et
1388 2312 1518 2346 quantodo
1539 2313 1588 2340 liae
1611 2314 1714 2346 pridem

955 2343 1056 2377 factum
1075 2345 1166 2379 fuerit.

957 2387 1138 2423 Quapropter.
1157 2394 1186 2416 ut
1210 2390 1281 2424 apud
1299 2389 1384 2419 Deum
1401 2392 1594 2420 confidentiam
1612 2400 1710 2420 conse-

921 2440 1014 2467 cutus,
1030 2441 1056 2463 et
1073 2436 1247 2464 ordinatione
1263 2446 1312 2464 sua
1331 2443 1441 2472 potens,
1457 2440 1490 2467 ad
1518 2440 1709 2473 imperatorem

922 2482 1041 2509 tuittitur
1056 2483 1114 2517 ipse
1134 2483 1203 2510 bene
1227 2489 1401 2516 precaturus.
1417 2491 1443 2512 et
1473 2486 1556 2513 simul
1585 2492 1614 2513 ιιι
1640 2487 1712 2514 citri-

922 2533 981 2555 stus
997 2528 1101 2555 Domini
1120 2537 1166 2563 per
1184 2529 1326 2564 Spiritum.
1339 2531 1471 2558 cbristnm
1496 2532 1600 2559 Dtllllilll
1621 2533 1710 2559 chris-

921 2580 993 2603 mate
1020 2576 1121 2603 factum
1149 2576 1295 2606 beuetlicit.
1325 2582 1351 2604 et
1381 2578 1508 2610 precibus
1537 2580 1708 2607 corroborat.

923 2621 1000 2650 Uutle
1017 2623 1050 2650 ad
1066 2631 1128 2650 eum
1147 2624 1263 2659 accedit,
1286 2628 1312 2651 ct
1335 2633 1395 2659 qua!
1422 2626 1553 2652 salutaria
1579 2631 1652 2658 sunt.
1685 2626 1711 2655 ci

921 2674 1059 2703 precatur.
1086 2671 1136 2697 llic
1161 2672 1228 2698 ordo
1252 2672 1327 2706 prius
1350 2673 1480 2698 tlt-ccntcr
1502 2677 1529 2698 et
1556 2673 1709 2698 secundum

921 2715 1004 2743 Deum
1022 2721 1145 2744 amanter
1157 2718 1375 2751 observabatur;
1393 2718 1455 2744 ideo
1469 2718 1590 2752 episcopi
1619 2719 1709 2744 oratio

920 2762 1068 2797 plurimum
1084 2767 1143 2789 erat
1156 2763 1230 2790 utilis
1242 2768 1268 2791 et
1283 2765 1390 2791 emcax.
1402 2763 1481 2791 Nunc
1506 2771 1570 2790 vero
1600 2765 1710 2790 contra-

920 2811 992 2836 rittm
1008 2809 1183 2836 observatum
1200 2809 1351 2836 orationem
1370 2810 1459 2837 reddit
1473 2810 1609 2837 inutilem.
1631 2810 1708 2837 Auti-

919 2857 1012 2891 quitus
1024 2863 1083 2884 mos
1099 2861 1158 2883 erat
1175 2861 1204 2883 ut
1230 2856 1386 2883 mitteretur
1398 2856 1618 2890 Vri-ferentlarius
1648 2865 1708 2885 cunt
