1941 3040
229 123 280 158 131

639 119 834 155 SYMEONIS
855 121 1238 155 THESSALONICENSIS
1258 123 1439 154 ARCHIEP.

1806 119 1864 153 432

228 181 359 217 episcopo
373 180 400 208 in
412 179 529 208 Cmsaris
545 179 691 214 palatium,
723 180 840 215 piusque
869 179 1017 214 imperator

1078 179 1156 206 ιποίει
1183 180 1356 215 παράστασιν
1376 180 1390 205 ὁ
1407 176 1525 212 εὐσεϐὴς
1542 175 1685 212 βασιλεὺς,
1704 176 1753 203 καὶ
1782 177 1864 211 ἐρχό-

228 228 375 255 stationem
391 227 492 254 laceret
507 226 596 254 donec
613 227 719 254 veniret
731 226 887 260 episcopus.
901 224 940 253 Eo
962 225 1015 260 igi-

229 278 274 301 tur
287 273 432 301 accedente
450 272 558 300 dicebat
570 271 723 300 diaconus:
739 281 748 298 ι
765 271 911 299 Dominum
923 271 1018 306 deprc-

230 327 350 351 eemur,»
365 323 393 346 et
407 314 552 353 episcopus
563 317 717 345 orationem
732 316 847 352 legebat,
865 321 1019 352 praestoque

230 369 288 394 erat
298 364 483 396 thuribulum,
501 368 529 390 ut
541 363 676 391 scribitur
692 363 718 390 in
733 362 794 389 Vita
804 362 890 389 sancti
905 361 1017 396 Amphi-

229 411 324 439 lochii.
344 409 401 438 lloc
417 417 490 437 nunc
502 408 567 436 facit
580 407 736 444 patriarcha
758 407 853 442 quinta
865 407 909 435 die
925 413 1015 434 nova:

230 459 375 493 episcOpus
393 455 669 490 acceptotburibulo,
686 455 768 482 thure
792 454 906 481 incenso
933 454 1017 487 impe-

229 509 346 531 ratorem
365 502 512 538 perfundit,
528 507 555 529 et
569 509 630 529 cum
645 501 705 535 ipso
729 500 915 528 communicat
946 499 1017 526 divi-

229 559 291 578 nam
309 551 424 585 gratiam
440 554 468 577 et
481 548 736 576 sanctiﬁcationem.
750 547 906 574 lnclinante
934 550 1018 581 caput

228 599 406 632 imperatore,
424 601 453 622 ut
464 594 632 630 signiﬁcatur
646 593 672 620 in
689 593 751 621 Vita
780 591 868 619 sancti
898 591 1016 618 Ambro-

229 644 274 675 iii,
297 642 472 677 impertiebat
498 640 537 667 illi
561 638 780 667 benedictionem
805 637 962 671 episcopus,
989 640 1018 662 ut

229 697 324 718 recens
338 687 495 719 ordinatus,
513 689 541 713 et
559 684 615 719 jam
632 683 736 718 Spiritu
749 683 906 714 innovatus,
922 686 950 708 et
973 689 1018 707 va-

228 738 287 765 lens
302 736 330 763 in
346 734 458 762 Christo
471 732 636 760 benedicere
665 733 692 756 et
719 728 900 756 sanctiﬁcare.
921 726 1018 754 Postea

229 784 422 817 imperatorem
438 779 465 806 in
479 785 527 805 ore
543 776 720 805 osculabatur
737 778 848 810 propter
869 781 929 800 eam
958 779 1018 807 quae

229 827 257 854 in
282 826 393 854 Christo
403 828 446 851 est
462 830 568 858 pacem,
587 821 748 848 charitatem
775 823 802 846 et
824 819 1019 846 sanctiﬁcatio-

1071 234 1151 261 μενος
1167 226 1182 252 δ
1205 225 1362 261 ἀρχιερεὺς,
1389 223 1439 251 τοῦ
1463 223 1588 251 διακόνου
1617 223 1758 257 λέγοντος,
1779 231 1789 248 ι
1807 221 1865 250 Τοῦ

1069 272 1173 308 Κυρίου
1182 272 1333 307 δεηθῶμεν,
1350 281 1360 298 ο
1380 270 1551 305 ἀνεγίνωσκε
1574 270 1624 304 τὴν
1640 269 1736 304 εὐχὴν,
1750 269 1800 295 καὶ
1817 268 1865 295 δν,

1067 327 1113 350 τος
1128 317 1273 353 θυμιατοῧ,
1289 318 1326 348 ὡς
1343 318 1391 344 καὶ
1403 318 1431 344 ὲν
1449 316 1489 352 τῷ
1503 316 1553 351 βίῳ
1568 315 1616 342 τοῦ
1632 315 1706 342 θείου
1731 314 1866 350 Ἀμφιλο-

1068 364 1129 399 χίου
1141 365 1307 399 γέγραπται,
1320 362 1401 389 τοῦτο
1413 362 1441 389 δὲ
1456 361 1504 388 νῦν
1523 362 1537 388 ό
1557 361 1733 395 πατριάρχης
1755 361 1790 395 τῇ
1814 360 1867 393 νέᾳ

1068 410 1186 445 Πέμπτῃ
1203 410 1285 440 ποιεῖ,
1309 408 1458 443 λαμϐάνων
1474 408 1489 434 ὀ
1503 407 1650 442 ἀρχιερεὺς
1671 406 1701 432 τὺ
1716 405 1864 440 θυμιατὸν,

1069 454 1170 489 ὲθυμία
1184 454 1231 480 τὸν
1249 453 1373 488 βασιλέα,
1395 451 1553 487 μεταδιδοὺς
1567 451 1642 485 αὐτῷ
1659 450 1735 480 θείας
1749 450 1866 485 χάριτος

1069 501 1117 529 καὶ
1133 500 1285 535 ἁγιασμοῦ,
1304 500 1352 526 καὶ
1377 498 1569 528 ὐποκλίνοντος
1584 497 1630 523 τοῦ
1656 496 1794 532 βασιλέως
1815 496 1867 529 τὴν

1069 547 1201 582 κεφαλὴν,
1225 546 1263 578 ὡς
1292 546 1339 572 καὶ
1365 545 1394 571 ὲν
1409 543 1448 578 τῷ
1475 544 1525 578 βίῳ
1549 543 1598 570 τοῦ
1631 543 1710 576 ἁγίου
1734 540 1867 575 δηλοῦται

1076 592 1251 627 Ἃμϐροσίοο,
1269 591 1356 617 ἐδίδου
1382 589 1510 623 εὐλογίαν
1524 588 1599 622 αὐτῷ
1615 588 1629 614 ὸ
1653 587 1814 622 ἀρχιερεὺς,
1829 585 1867 616 ὡς

1069 637 1168 664 νεωστὶ
1180 635 1381 671 χειροτονηθεὶς
1398 635 1446 661 καὶ
1459 633 1644 668 ὲγκαινισοεὶς
1657 633 1708 668 ἤδη
1719 632 1760 666 τῷ
1779 632 1868 658 Πνεύ·

1071 691 1147 718 ματι,
1166 683 1213 709 καὶ
1227 681 1365 716 ίσχύωνὲν
1378 680 1490 715 Χριστῷ
1507 681 1620 715 ειρήνην
1648 687 1678 705 τε
1690 679 1737 704 καὶ
1751 678 1867 712 ἀγάπην

1070 729 1117 756 καὶ
1128 729 1174 754 τὸν
1190 728 1327 762 ἁγιασμόν
1340 734 1347 742 ·
1365 727 1444 760 ἅγιος
1466 727 1521 760 γὰρ
1536 727 1569 760 τῇ
1594 723 1722 752 κοινωνία
1739 724 1796 750 τῶν
1814 732 1868 757 μυ-

1071 772 1190 806 στηρίων
1207 772 1255 798 καὶ
1267 772 1300 806 τῇ
1324 769 1479 806 χειροτονίᾳ
1504 771 1518 796 ὁ
1533 769 1692 805 ἀρχιερεύς.
1721 769 1806 795 Ἀλλὰ
1818 769 1868 794 καὶ

1069 819 1107 851 ὡς
1116 818 1258 845 κοινωνίαν
1270 817 1338 852 μετὰ
1348 817 1395 843 τοῦ
1409 816 1540 852 βασιλέως
1555 816 1625 851 ἔχων
1638 817 1671 850 τῇ
1681 814 1840 850 χειροτονία
1855 815 1869 841 ὁ

229 879 303 900 nem.
320 870 436 898 Sanctus
453 854 525 896 enim
541 871 582 894 est
597 866 746 901 episcopus
778 872 832 892 non
858 864 940 892 modo
963 871 1022 900 my-

1078 864 1221 899 ἀρχιερεὺς
1231 863 1310 889 τοῦτο
1322 863 1420 889 ὲποὶει¹
1430 863 1471 889 ὅτι
1483 863 1497 889 ὸ
1513 862 1561 897 μὲν
1573 861 1613 896 τῷ
1627 861 1760 896 χρίσματι
1775 861 1868 894 ἅγιος.

231 918 377 945 steriorum
388 913 581 942 communione
592 916 620 940 et
637 912 822 943 ordinatione.
833 917 928 938 verum
937 910 1019 938 etiam

229 963 284 990 hoc
296 962 361 990 facit
378 965 408 988 ut
421 960 526 988 habens
541 959 715 986 ordinatione
731 965 780 985 sua
808 964 870 984 cum
895 957 1017 992 impera.

231 1014 290 1037 tore
315 1007 546 1035 communionem.
578 1004 646 1031 Nam
684 1003 833 1039 religiOsus
870 1003 1019 1037 imperator

230 1054 381 1082 chrismate
416 1051 527 1087 quidem
557 1054 669 1078 sanctus
700 1054 752 1082 est,
779 1050 925 1083 episcopus
953 1055 1018 1075 vero

229 1100 412 1128 ordinatione.
426 1097 491 1124 Post
505 1096 629 1124 osculum
642 1095 794 1123 honorabat
809 1096 957 1128 episcopus
977 1093 1020 1120 in-

230 1146 380 1172 clinatione
391 1142 488 1177 capitis
509 1142 701 1176 imperatorem
716 1143 826 1175 propter
848 1139 1017 1166 mundanam

230 1195 405 1226 potestatem,
419 1193 446 1216 et
460 1187 630 1216 discedebat.
646 1186 721 1213 Multi
749 1185 937 1220 religiosorum
967 1185 1019 1210 im-

230 1242 388 1274 peratorum
401 1244 462 1264 eum
475 1235 636 1263 muneribus
653 1233 804 1272 donabant!
822 1236 854 1258 nt
873 1240 922 1267 pro
951 1231 1019 1265 ipsis

230 1289 384 1320 precatum,
400 1288 428 1310 et
440 1282 589 1309 honoriﬁce
602 1280 785 1311 dimittebant.
805 1285 835 1306 ut
861 1278 1018 1306 sanctiﬁca-

233 1337 301 1361 tum.
318 1332 364 1358 Sic
384 1337 500 1364 ina-gnus
511 1328 712 1356 Constantinus
728 1333 783 1354 non
801 1326 882 1353 modo
895 1325 1018 1352 divinum

1069 911 1128 947 ἦτοι
1152 912 1166 938 ὁ
1191 911 1305 946 εὐσεϐὴς
1335 910 1472 945 βασιλεὺς,
1504 911 1518 937 ὁ
1535 910 1564 936 δέ
1577 918 1609 944 γε
1622 909 1773 945 ἀρχιερεὺς
1788 908 1871 941 ἅγιος

1067 958 1100 992 τῇ
1112 957 1274 992 χειροτονία.
1308 957 1384 984 Μετὰ
1402 956 1488 983 δὲτδν
1527 956 1674 990 ἀσπισμὴν
1703 954 1872 989 προσκυνῶν

1068 1004 1100 1037 τῇ
1115 1002 1223 1037 κεφαλῇ
1239 1002 1285 1028 τὸν
1305 1001 1418 1036 βασιλέα
1435 1002 1479 1028 διὰ
1495 1001 1546 1037 τὴν
1574 1001 1713 1036 κοσμικὴν
1727 999 1871 1032 ἐξουσίαν,

1067 1048 1209 1083 ἀπήρχετο
1221 1049 1236 1074 δ
1253 1048 1410 1083 ἀρχιερεύς.
1429 1047 1525 1074 Πολλοὶ
1541 1047 1571 1074 δὲ
1584 1047 1637 1074 τῶν
1654 1045 1777 1073 εὐσεϐῶν
1792 1045 1827 1080 βα
1834 1053 1874 1072 σι-

1073 1092 1142 1120 λὲων
1158 1093 1205 1120 καὶ
1214 1093 1364 1129 ἐδωροῦντο
1373 1093 1461 1128 τούτῳ
1473 1093 1510 1125 ὡς
1520 1093 1664 1128 εὐξαμένῳ
1681 1092 1752 1126 ὑπὲρ
1763 1090 1871 1123 αὐτῶν,

1072 1141 1120 1168 καὶ
1136 1142 1316 1176 προέπεμπον
1338 1141 1376 1172 ὡς
1401 1141 1581 1176 ἡγιασμένον,
1601 1141 1639 1172 ὡς
1653 1141 1701 1167 καὶ
1716 1141 1870 1166 Κωνσταν-

1072 1188 1144 1218 τίνος
1157 1187 1171 1213 ὁ
1186 1187 1292 1221 Μέγας,
1309 1186 1339 1213 οὑ
1353 1187 1399 1213 τὸν
1414 1187 1484 1213 Θεῖον
1506 1187 1669 1221 Σίλϐεστρον
1685 1187 1778 1220 μόνον,
1795 1185 1871 1212 ἀλλὰ

1077 1233 1125 1259 καὶ
1142 1233 1206 1264 τοὺς
1224 1233 1252 1259 ὲν
1280 1234 1315 1267 τῇ
1341 1232 1444 1266 συνόδῳ
1461 1233 1566 1264 πάντας
1582 1232 1675 1267 σχεδὸν
1690 1231 1872 1266 προπέμπων

1073 1278 1172 1309 αὐτοὺς
1192 1279 1240 1305 καὶ
1261 1278 1350 1312 τιμῶν
1378 1279 1425 1304 καὶ
1449 1277 1619 1314 δωρούμενος
1633 1277 1807 1312 καθεωρᾶτο,
1821 1278 1871 1303 καὶ

1073 1324 1107 1350 τὰ
1120 1323 1166 1350 διὰ
1194 1324 1314 1358 Χριστὸν
1330 1324 1453 1350 παθόντα
1469 1324 1547 1358 τίμια
1562 1323 1666 1350 τούτων
1684 1324 1753 1358 μέλη
1769 1323 1871 1357 τιμῶν.

232 1380 413 1415 Sylvestrum,
426 1376 473 1404 sed
487 1376 567 1403 etiam
582 1375 726 1409 episcopos
743 1380 828 1407 prope
851 1379 948 1399 omnes
971 1370 1018 1404 qui
1037 1374 1118 1397 erant
1135 1370 1164 1396 in
1183 1369 1287 1405 synodo
1302 1369 1453 1398 honoriﬁce
1485 1370 1671 1398 comitabatur
1690 1375 1717 1397 et
1748 1370 1873 1398 deduce-

231 1428 288 1460 bat,
308 1431 335 1454 ct
363 1424 587 1460 conspiciebatur
615 1421 807 1456 largitionibus
839 1427 887 1447 eos
939 1427 1119 1454 prosequens,
1145 1422 1173 1446 et
1217 1419 1338 1446 membra
1363 1425 1460 1446 eorum
1484 1418 1532 1453 qui
1572 1423 1685 1454 propter
1727 1419 1871 1447 Christum

231 1475 305 1510 passi
332 1474 458 1504 fuerant,
488 1475 516 1497 ut
533 1469 640 1497 caeteris
654 1468 754 1502 magis
785 1466 916 1502 pretiosa,
932 1468 1080 1493 hunorans.

505 1528 620 1556 CAPUT
636 1528 750 1556 CCXIX.

233 1578 309 1612 Quod
323 1576 478 1612 episcopalis
500 1576 617 1612 dig/nitus
631 1583 682 1612 non
698 1576 736 1601 ita
749 1580 775 1601 ut
790 1576 862 1609 prius
875 1575 1023 1601 honoratur

352 1621 367 1638 α
387 1611 501 1646 regibus,
527 1610 596 1637 unde
613 1612 654 1636 ira
671 1610 717 1637 Dei
731 1615 900 1644 provocatur.

273 1703 352 1730 Nunc
364 1706 452 1728 autem
471 1701 499 1727 ﬁt
513 1700 626 1726 omnino
642 1699 821 1726 contrarium.
843 1697 1024 1733 Exspectatur

236 1749 345 1784 quidem
359 1748 514 1783 episcopus,
533 1746 617 1778 venit,
636 1749 778 1780 precatur;
808 1744 909 1771 nullius
933 1748 1023 1770 tamen

236 1794 349 1822 honoris
367 1796 478 1828 propter
493 1792 632 1818 Christum
663 1790 762 1824 dignus
793 1789 944 1823 judicatur,
976 1787 1021 1815 sed

199 1845 204 1850 ‘
236 1842 326 1877 potius
340 1834 533 1870 dedecoratur,
552 1842 578 1864 et
607 1845 639 1864 eo
655 1836 702 1871 qui
731 1835 905 1863 bcnedicitur
938 1835 1024 1862 multo

236 1889 327 1916 minor
341 1885 469 1915 habetur,
486 1889 512 1911 et
529 1884 602 1910 illius
624 1881 779 1910 secundum
794 1881 952 1908 servitutem
974 1880 1026 1906 mi-

238 1935 322 1962 nister
338 1931 486 1960 lectoribus
500 1930 590 1962 vilior,
608 1929 654 1963 qui
673 1928 718 1955 die
744 1927 842 1962 quinto
865 1934 936 1954 novo
962 1933 1024 1953 cum

236 1979 390 2015 patriarcha
403 1983 429 2005 et
445 1975 551 2004 caeteris
577 1974 687 2002 clericis
709 1973 885 2007 imperatoris
914 1978 1025 1999 manum

235 2032 375 2060 genasque
388 2023 560 2050 osculantur.
577 2020 717 2048 Accedens
731 2020 804 2047 enim
823 2027 916 2047 coram
938 2019 1024 2054 impe-

237 2076 330 2098 ratore
342 2076 403 2097 sese
423 2067 584 2104 prosternit,
598 2072 624 2094 et
642 2071 768 2101 precatus
795 2065 870 2093 illius
885 2065 1024 2093 dexteram

237 2119 386 2145 oswlatur.

517 2214 632 2243 CAPUT
651 2213 754 2241 CCXX.

237 2276 314 2308 Quod
331 2274 466 2302 canonicis
481 2272 720 2308 constitutionibus
736 2271 876 2308 adversum
892 2274 940 2301 cst,
966 2269 1022 2302 epi-

271 2319 360 2344 scopos
372 2311 490 2337 dextrum
504 2309 570 2342 regis
586 2307 714 2344 ostjttlai'i,
724 2313 746 2333 ct
758 2307 896 2344 _episcopos
909 2312 939 2331 ac
955 2312 1024 2338 prte-

270 2341 369 2382 ,ioaito:
385 2354 400 2371 α
419 2353 477 2379 rege
495 2341 631 2378 transponi
645 2344 671 2368 in
685 2343 740 2369 alia
754 2341 823 2368 locu.

272 2433 415 2467 Quomodo
446 2433 491 2468 qui
509 2438 637 2468 precatus
651 2438 693 2459 est
710 2432 762 2458 hoc
791 2430 872 2457 facit?
884 2430 1023 2463 Quamob-

239 2488 295 2509 rem
317 2481 465 2514 imperator
477 2478 630 2506 sacerdotis
646 2483 756 2503 manum
778 2476 934 2507 osculatur.
951 2477 1026 2503 ordi-

239 2530 321 2554 natus
337 2533 400 2552 vero
415 2526 558 2560 cpiscopus
575 2527 639 2557 post
652 2522 808 2550 ouationem
834 2522 955 2549 habitam
973 2523 1025 2549 im-

240 2572 373 2606 peratoris
393 2569 591 2598 manum?lloc
608 2569 636 2596 ﬁt
663 2569 740 2603 plane
766 2572 865 2602 praeter
891 2568 1025 2595 rationem

241 2625 268 2644 ct
282 2618 526 2651 inconsequenter.
538 2614 604 2642 Vide
622 2622 686 2642 vero
704 2619 835 2649 quantum
853 2619 881 2641 et
895 2615 975 2649 quale
991 2615 1028 2642 sit

240 2663 265 2690 id
276 2663 349 2698 quod
361 2664 399 2690 ﬁt.
409 2661 602 2690 Sanctiﬁcatus
612 2659 726 2693 Spiritu.
737 2664 914 2687 consecratus
923 2660 1031 2693 episco-

242 2697 356 2743 pus,qui
373 2713 483 2733 manum
497 2705 577 2731 habet
590 2704 801 2735 sanctiﬁcatum,
815 2705 851 2731 ita
867 2698 895 2730 u't
906 2697 990 2738 possit
1001 2708 1029 2731 et

242 2754 380 2785 ordinate,
389 2757 415 2778 et
425 2750 596 2783 benedicere,
608 2754 636 2777 et
652 2757 733 2777 cruce
746 2750 854 2784 signare
870 2750 944 2777 viros
958 2751 1027 2785 pios.

240 2799 299 2833 ipse
323 2797 450 2824 tinnitibus
466 2795 574 2830 ligatur.
592 2796 686 2822 Manus
697 2803 760 2822 vero
770 2796 802 2823 ad
815 2796 1027 2823 benedicendum

242 2852 295 2871 non
311 2846 495 2876 consecratas,
512 2842 558 2871 sed
576 2842 728 2870 mundanas
739 2847 764 2870 et
777 2841 933 2874 bellicosas,
951 2842 1029 2870 labiis

1304 1528 1384 1563 166
1407 1527 1533 1555 KEMA.
1560 1528 1632 1554 Σιθι.

1076 1573 1141 1601 Ὅτι
1164 1574 1199 1601 οὐ
1216 1573 1333 1610 τιμᾶται
1352 1575 1410 1601 νῦν
1437 1575 1456 1608 ὴ
1482 1575 1690 1609 ἀρχιερωσύνη
1712 1576 1795 1610 παρὰ
1813 1576 1872 1603 τῶν

1107 1609 1266 1671 ῧέἓέέιέων
1280 1610 1320 1642 ὡς
1338 1609 1486 1643 πρότερον
1498 1618 1504 1625 ·
1528 1610 1578 1636 διὰ
1603 1610 1692 1637 τοῦτο
1722 1609 1872 1646 ὀργίζὲται

1171 1655 1196 1677 ς.

1110 1700 1166 1726 Νῦν
1182 1700 1210 1726 δὲ
1226 1699 1382 1727 τούναντίον
1398 1701 1505 1734 γίνεται
1521 1701 1611 1728 ἅπαν·
1627 1702 1674 1729 καὶ
1688 1704 1704 1737 ἡ
1728 1704 1873 1738 παράστα-

1077 1754 1118 1778 σις
1133 1745 1182 1780 μὲν
1192 1745 1321 1778 τελεῖται,
1337 1746 1384 1772 καὶ
1397 1747 1411 1772 ὸ
1425 1747 1571 1781 ἀρχιερεὺς
1583 1748 1731 1782 ἐρχόμενος
1744 1748 1871 1784 εὔχεται·

1075 1791 1105 1818 οὺ
1123 1792 1207 1826 τιμῆς
1221 1792 1249 1817 δέ
1264 1799 1336 1823 τινος
1350 1792 1394 1818 διὰ
1407 1792 1528 1826 Χριστὸν
1541 1793 1675 1825 ἀξιοῦται,
1692 1793 1750 1821 ἀλλ’
1769 1795 1873 1829 ἀτιμά-

1076 1838 1152 1869 ζεται
1167 1837 1279 1871 μᾶλλον,
1295 1838 1343 1864 καὶ
1360 1838 1396 1868 ὡς
1412 1838 1533 1865 ἐλάττων
1554 1839 1624 1866 κατὰ
1640 1840 1708 1866 πολὺ
1729 1840 1871 1868 δείκνυται

1075 1882 1124 1909 τοῦ
1137 1882 1343 1918 εὐλογηθέντος,
1359 1884 1406 1910 καὶ
1424 1884 1495 1911 κατὰ
1509 1884 1633 1911 δουλείαν
1651 1886 1804 1921 ὑπηρέτης,
1824 1888 1872 1913 καὶ

1075 1929 1130 1956 τῶν
1149 1929 1332 1964 ἁναγνωστῶν
1350 1930 1552 1965 εὐτελέστερος,
1576 1931 1630 1957 τῶν
1651 1934 1722 1958 κατὰ
1739 1934 1791 1966 τὴν
1807 1934 1871 1959 νέειν

1077 1975 1208 2011 Πέμπτην
1224 1976 1426 2011 ἀσπαζομένων
1442 1977 1486 2003 τὸν
1501 1977 1612 2012 βασιλέα
1624 1978 1663 2009 εἰς
1683 1986 1713 2004 τε
1728 1978 1779 2014 τὴν
1789 1981 1870 2014 χεῖρα

1077 2021 1124 2047 καὶ
1140 2021 1189 2056 τὴν
1203 2022 1321 2056 παρειὰν
1340 2022 1410 2056 μετὰ.
1435 2022 1490 2048 τῶν
1515 2022 1655 2058 κληρικῶν
1682 2024 1730 2050 καὶ
1745 2024 1794 2051 τοῦ
1819 2033 1872 2050 πα-

1077 2067 1219 2103 τριάρχου.
1245 2067 1406 2102 Προσελθὼν
1433 2068 1487 2102 γὰρ
1511 2069 1550 2104 τῷ
1578 2068 1686 2103 βασιλεί
1709 2072 1870 2104 προσκυνεῖ,

1077 2113 1124 2139 καὶ
1138 2113 1187 2147 τὴν
1200 2112 1283 2140 αὑτοῦ
1301 2112 1347 2140 τοῦ
1363 2113 1496 2147 βασιλέως
1512 2115 1668 2147 ἀσπάζεται
1691 2117 1773 2151 χεῖρα
1799 2116 1871 2146 μετὰ

1077 2159 1107 2185 τὺ
1129 2158 1270 2191 εὔξασθαι.

1368 2216 1493 2244 ΚΕΦΑΛ.
1520 2217 1582 2244 ΣΚ¹.

1079 2272 1190 2313 Ὀιιητὸ
1202 2272 1388 2313 ἀσπᾴζεᾳθαι
1400 2274 1547 2313 ἀρχιερεῖς
1565 2274 1624 2313 τῂν
1640 2274 1694 2302 τοῦ
1711 2276 1870 2313 ,βασιλέως

1113 2308 1199 2345 χεῖρα
1208 2309 1286 2345 παρὰ
1300 2308 1358 2342 τὴν
1370 2310 1537 2345 κανονικὴν
1553 2310 1652 2341 τάξιν·
1670 2312 1717 2336 καί
1736 2311 1770 2337 τὸ
1780 2308 1869 2345 usta;

1114 2343 1404 2380 (gemmantem:er
1414 2344 1464 2371 καί
1485 2345 1662 2380 ἡγουμένων
1690 2343 1790 2372 ποιεῖῦ
1815 2348 1869 2374 τὸν

1111 2378 1251 2408 βασιλέα.

1115 2434 1170 2461 Καὶ
1198 2435 1256 2467 πῶς
1283 2435 1297 2462 ὁ
1322 2436 1468 2471 εὐχόμενος
1493 2436 1572 2463 τοῦτο
1599 2439 1687 2471 ποιεῖ;
1715 2438 1771 2464 Καὶ
1796 2438 1867 2465 amt

1078 2478 1267 2514 πρεσϐυτέρου
1285 2480 1335 2515 μὲν
1359 2481 1408 2512 τὰς
1431 2482 1526 2516 χεῖρας
1543 2482 1698 2514 ἀσπάζεται
1728 2484 1866 2518 βασιλεὺς,

1078 2524 1224 2560 ἀρχιερεὺς
1238 2524 1268 2553 ,δὲ
1284 2527 1486 2561 χειροτονηθεὶς
1499 2529 1545 2554 καὶ
1557 2529 1715 2563 εὐχόμενος,
1725 2530 1775 2564 τὴν
1792 2531 1870 2564 χεῖρα

1079 2569 1127 2596 τοῦ
1145 2570 1276 2604 βασιλέως
1289 2579 1296 2603 ;
1311 2571 1397 2598 Τοῦτο
1410 2572 1488 2607 παρὰ
1504 2574 1595 2600 πᾶσαν
1619 2574 1782 2600 ἀκολουθίαν
1800 2575 1867 2602 ἐστί.

1082 2616 1136 2641 Καὶ
1150 2616 1200 2650 ὅρα
1214 2615 1244 2642 τὸ
1261 2617 1404 2651 γινόμενον
1420 2618 1531 2646 δσον.⁹0
1546 2620 1715 2654 ἡγιασμένος
1730 2620 1768 2655 τῷ
1784 2621 1868 2647 Ilva-J-

1083 2669 1160 2694 ματι,
1176 2662 1190 2687 ό
1206 2661 1384 2696 καθιερωοεὶς
1405 2664 1561 2698 ἀρχιερεὺς,
1588 2665 1602 2691 ὁ
1617 2665 1666 2699 τὴν
1694 2666 1774 2700 χεῖρα
1791 2666 1870 2700 ἁγισ-

1083 2706 1167 2738 σοεῒς,
1183 2705 1253 2733 ὥστε
1279 2709 1446 2742 χειροτονεῖν
1456 2709 1588 2737 δύνασθαι
1613 2712 1660 2737 καὶ
1686 2711 1810 2745 εὐλογεῖν
1826 2712 1869 2737 καὶ

1083 2750 1247 2785 σφραγίζειν
1265 2752 1328 2782 τοὺς
1343 2752 1476 2786 εὐσεϐεῖς,
1492 2754 1572 2785 αὐτὸς
1590 2755 1686 2790 δεσμεῖ
1701 2756 1751 2786 τὰς
1764 2758 1868 2790 χεῖρας,

1082 2799 1131 2826 καὶ
1145 2800 1194 2831 τὰς
1208 2800 1245 2837 μὴ
1262 2801 1467 2837 καθιερωμένας
1479 2804 1519 2834 είς
1531 2802 1561 2830 τὺ
1576 2803 1706 2836 εὐλογεῖν,
1723 2801 1793 2828 ἀλλὰ
1809 2809 1871 2827 κοσ-

1085 2843 1168 2878 μικὰς
1181 2845 1228 2871 καὶ
1244 2847 1430 2880 στρατηγικὰς
1448 2848 1554 2880 χεῖρας,
1572 2847 1725 2878 ἀσπάζεται
1740 2845 1872 2875 δουλικῶς
