1941 3040
78 91 133 125 433

619 95 669 125 ηε
686 93 821 125 SACRIS
839 95 1183 131 ORDINATIONIBUS.

1660 101 1712 133 436

75 151 198 187 χείλεσιν
210 150 232 177 ιε
238 151 293 185 ροϊς
307 150 354 177 καὶ
366 151 554 186 ἡγιασμένοις,
565 150 628 186 χοὲς
642 151 692 187 ήδη
707 151 755 178 καὶ
770 151 831 179 καθ’
843 151 872 183 1'1-

930 154 1012 181 ;acris
1028 160 1055 181 et
1076 156 1265 189 sanetilicatis,
1283 163 1343 192 quae
1356 157 1409 193 jam
1429 155 1487 184 beri
1500 162 1527 184 et
1549 165 1713 192 unoquoque

77 197 168 232 μέραν
184 198 216 232 τῇ
237 197 338 232 φρικτῇ
357 197 547 232 προσψαύουσι
564 197 702 232 κοινωνίᾳ.
725 197 806 224 Ἀλλὰ
825 197 871 224 καὶ

75 243 238 279 καθημένου
251 243 297 270 τοῦ
313 243 447 279 βασιλέως
470 245 649 280 παρίσταται.
674 244 766 271 Ταῦτα
782 245 806 271 εί
822 245 872 279 μὲν

77 290 190 324 ἰδιώτης
205 287 239 325 ἦν
254 290 319 316 ἔδειθ
337 290 399 316 ἐπεὶ
419 290 474 323 καὶ,
501 300 510 316 ι
527 290 579 317 Τὸν
593 291 706 325 βασιλέα
732 292 841 325 τιμᾶτε,
859 299 867 316 ι

77 336 163 372 φησὶν
177 337 191 362 ὁ
226 336 388 367 ’Λπόστολος
400 344 406 352 ·
434 337 458 363 εί
481 337 509 363 δὲ
524 336 644 371 Χριστοῦ
660 336 806 372 ἀρχιερεὺς
825 337 872 362 καὶ

77 383 124 410 τὸν
139 382 224 409 τόπον
241 382 288 409 τοῦ
300 382 420 417 Χριστοῦ
437 383 620 418 κεκτημένος,
638 383 669 409 οὐ
683 383 723 410 δεῖ
745 383 815 409 οὕτω
828 383 870 417 γί-

77 428 185 456 νεσθαι⁶
198 431 238 457 είς
256 429 374 463 Χριστὸν
389 429 443 463 γὰρ
463 430 607 465 ἀνατρέχει
624 430 640 464 ἠ
658 430 754 464 ἀτιμία
765 438 771 444 “
786 430 827 456 ὅτι
840 430 871 456 οὐ

75 476 133 502 τῶν
155 475 262 502 πολλῶν
274 473 313 506 εἷς
330 477 413 507 ἐστιν,
436 476 504 502 ἀλλὰ
518 476 572 502 τῶν
597 476 806 510 ἀφιερωμένων,
823 476 871 502 καὶ

76 522 133 548 τῶν
148 524 198 556 τὴν
213 522 398 557 ἀποστολικὴν
414 522 624 557 πὶουτησὰντων
642 522 768 557 δύναμιν.
790 523 872 549 ’Δλλὰ

77 567 178 596 ταῦτα,
191 566 222 592 οὐ
238 566 366 593 τοσοῦτον
383 567 437 593 ἀπὸ
451 566 504 593 τῶν
516 566 661 602 βασιλέων,
681 567 743 593 ὅσον
756 567 809 593 ἀπὸ
824 575 872 592 κο-

51 612 54 614 ’
77 613 173 638 λάκων
200 612 354 646 ἀνθρώπων
378 614 487 646 γέγονε,
515 614 746 647 παραπειςάντων
772 613 872 643 αὐτοὺς

79 657 265 692 ἀνθρωπίνοις
278 657 369 692 λόγοις
384 659 505 692 ἐνεργεῖν
520 657 566 684 καὶ
583 658 617 684 τὰ
633 657 729 692 μείζω,
741 657 809 683 ὧετε
825 658 872 684 καὶ

79 703 261 738 προϐιϐάζειν
278 705 456 736 ἐπισκόπους,
471 705 517 731 καὶ
535 704 693 738 μεταθέσεις
710 705 805 730 ποιεῖν.
821 704 872 730 Da-

80 749 145 777 ϐαίί
160 751 206 777 τὸν
220 751 476 787 κεχειροτονημέκον
496 751 534 786 τῷ
549 751 688 785 Πνεὺματι
713 750 796 784 τῆσδε
824 751 872 784 τῆς

86 795 253 830 Ἐκκλησίας
273 796 401 830 ποιμένα,
428 795 522 830 ἐτέρας
553 795 670 829 ποιμένα
692 794 871 821 καθίστασθαι

79 842 158 875 παρὰ
176 842 231 868 τῶν
258 841 295 876 μὴ
317 842 433 877 ἐχόντων
451 843 499 876 τὴν
517 842 566 875 τῆς
590 842 741 877 ἱερωσύνης
758 841 873 876 δυνάμιν

79 888 127 914 καὶ
155 888 311 923 ἐνέργειαν,
344 887 392 914 καὶ
420 887 496 922 παρὰ
522 888 636 922 γνώμην
673 887 719 914 τοῦ
748 887 874 918 Πνεῦμα-

79 942 126 965 το;
149 933 157 959 ι

359 991 483 1018 ΚΕΦΛΛ.
506 991 580 1018 ΣΚΑί
590 1011 598 1018 .

82 1047 149 1075 ὀτι
160 1048 196 1074 οὐ
211 1047 257 1083 δεῖ
267 1047 339 1081 τοὺς
355 1048 432 1074 κατὰ
449 1049 568 1082 κόσμον
587 1048 737 1083 ἄρχοντας
761 1049 796 1076 τὰ
812 1048 874 1079 ιερὰ

115 1082 301 1118 οἰκειοῦσθαι
317 1105 323 1116 ,
339 1084 575 1118 καὶῗλογιζεσθαι
591 1082 759 1118 κερδαίνειν
769 1084 803 1111 ἐκ
815 1083 875 1111 τῶν

116 1117 356 1152 ἀνατεθειμένων
372 1117 412 1150 τῷ
427 1118 498 1151 Θεῷ.

116 1164 149 1189 Et
162 1163 202 1190 δεῖ
226 1164 294 1199 πρὸς
315 1163 461 1198 οἰκοδομὴν
490 1166 662 1200 καταστῆναι
691 1166 760 1201 πρὸς
788 1167 875 1201 μείζω

80 1209 174 1242 πόλιν,
191 1209 268 1244 παρὰ
284 1209 330 1235 τοῦ
348 1209 506 1243 Πνεύματος
522 1210 600 1246 ἔσται
615 1211 704 1243 τοῦτο,
718 1212 782 1246 παρ’
801 1209 830 1238 οὐ
843 1212 874 1247 δὴ

81 1256 130 1284 καὶ
144 1255 376 1291 κεχειροτόνηται,
389 1256 420 1283 οὐ
436 1256 514 1291 παρὰ
527 1256 577 1291 τῆς
590 1258 726 1292 κοσμικῆς
740 1258 874 1289 ἐξουσίας.

87 1303 172 1329 Ἀλλὰ
188 1302 236 1329 καὶ
249 1302 453 1338 καθηγούμενοι
469 1302 574 1338 ἀνδρῶν
593 1304 735 1337 μοναστῶν
751 1305 797 1331 καὶ
816 1304 876 1339 Θεῷ

84 1349 307 1383 καθιερωμένων,
326 1349 373 1375 καὶ
384 1349 477 1384 ψυχῶν
487 1349 577 1384 χάριτι
590 1348 658 1375 Θεοῦ
692 1349 875 1384 προεστῶτες,

81 1396 156 1422 οὕτω
178 1395 255 1431 παρὰ
270 1395 300 1422 τὸ
326 1395 373 1422 τοῦ
393 1395 551 1433 Πνεῦματος
569 1395 677 1430 θέλημα
703 1395 797 1421 πολλοὶ
824 1396 877 1422 δεί-

83 1450 198 1469 κνυνται
212 1450 219 1458 ·
240 1442 288 1468 καὶ
301 1441 396 1468 λύουσι
414 1441 473 1479 καὶ,
486 1441 630 1476 δεσμοῦσι,
655 1441 782 1473 λαϐόντες
798 1442 877 1470 τοῦτο

85 1489 160 1524 παρὰ
167 1488 224 1514 τῶν
234 1487 272 1522 μὴ
282 1487 421 1514 λαϐόντων
432 1488 479 1521 τὴν
494 1487 541 1513 τοῦ
558 1487 729 1522 χαρίσματος
746 1487 875 1522 δύναμιν
890 1508 912 1537 c

82 1536 131 1562 καὶ
142 1533 361 1570 χειροτονοῦνται
375 1533 422 1559 καὶ
435 1532 540 1559 πολλῶν
553 1533 678 1567 ἄρχουσι,
695 1533 779 1566 μηδὲν
794 1542 875 1568 φρον-

81 1580 204 1613 τίζοντες
218 1579 286 1611 ὂλως
302 1579 356 1605 τῶν
380 1579 496 1614 ἐχόντων
511 1579 543 1605 τὸ
563 1579 696 1614 χάρισμα.
719 1579 764 1605 Διὸ
779 1580 824 1606 καὶ
841 1579 876 1606 τὰ

83 1626 279 1660 συντρίμματα
294 1623 373 1659 ἡμῶν
394 1624 481 1650 πολλὰ
495 1624 602 1658 γέγονε,
622 1625 670 1650 καὶ
690 1623 875 1659 ὲσμικρύνθη-

83 1670 210 1707 μεν,,καὶ
220 1669 357 1702 όλιγοστοὶ
372 1668 449 1702 παρά
465 1669 554 1696 πάντα
572 1669 606 1695 τὰ
623 1668 686 1704 ἔθνη
707 1669 874 1704 γεγόναμεν’

81 1717 130 1744 καὶ
149 1717 196 1752 βίᾳ
209 1715 381 1743 σπευδόντων
394 1715 450 1741 τῶν
477 1715 515 1750 μὴ
530 1715 707 1748 καθηκόντων
733 1715 830 1750 ἄρχειν
847 1724 876 1742 τε

83 1764 132 1790 καὶ
151 1762 334 1798 ἐφάπτεσθαι,
364 1760 550 1795 κατάρχουσιν
562 1760 642 1795 ἡμῶν
670 1761 696 1786 οἱ
714 1760 851 1796 ἀλλότριοι
867 1768 875 1776 ·

83 1811 131 1837 καὶ
143 1809 178 1836 τὰ
196 1809 233 1844 μὴ
250 1808 313 1844 φίλα
326 1807 394 1834 Θεοῦ
405 1806 565 1838 ποιούντων,
578 1807 603 1832 οι
623 1805 717 1841 ἐχθροὶ
734 1806 813 1840 ἡμῶν
830 1807 877 1833 καὶ

83 1854 131 1882 τοῦ
147 1855 216 1881 Θεοῦ
231 1853 388 1884 ἀκολούθως
411 1852 477 1887 ἡμῖν
493 1851 756 1886 κατεπεμϐαίνουσι.
775 1853 829 1879 Καὶ
845 1853 878 1878 τὰ

84 1903 149 1937 ιερὰ
163 1900 348 1935 οἰκειούμενοι
365 1900 414 1926 καὶ.
426 1899 593 1932 κοινοῦντες,
610 1899 642 1925 ὲκ
666 1899 722 1926 τῶν
740 1899 878 1925 ἀνατεθει-

86 1949 176 1984 μένων
195 1947 235 1982 τῷ
251 1947 310 1981 Θεῷ
336 1945 509 1980 λογιζόμενοι
537 1945 599 1979 (φεῦ
614 1945 633 1980 l)
665 1945 827 1980 κερδαίνειν,
845 1946 879 1972 τὰ

84 1994 140 2021 [δια
155 1993 237 2028 ἡμῶν
247 1991 443 2026 ἀπωλέσαμεν·
453 1990 500 2017 καὶ
514 1989 686 2026 καρποῦνται
700 1989 735 2015 τὰ
745 1989 878 2024 ἡμέτερα,

183 2039 231 2066 καὶ
245 2038 349 2065 ἔδονται
365 2037 482 2064 ἐνώπιον
495 2036 574 2072 ἡμῶν
584 2036 609 2062 οἱ
621 2036 788 2063 ὑπεναντίοι.
809 2036 879 2062 ’Λλλ’

83 2087 141 2114 εῐθε
155 2085 263 2120 γένοιτό
276 2094 317 2116 τις
328 2084 463 2118 θεραπεία
479 2083 525 2109 τοῦ
542 2082 630 2108 δεινοῦ
645 2082 752 2115 τούτου,
766 2082 880 2117 καὶεῖη-

83 2141 135 2160 σαν
152 2132 203 2166 μὲν
219 2130 253 2157 τὰ
263 2130 309 2157 τοῦ
326 2130 464 2164 Καίσαρος
488 2128 639 2162 Καίσαρος,
651 2128 686 2153 τὰ
697 2126 743 2153 τοῦ
765 2127 834 2153 Θεοῦ
851 2127 878 2153 δὲ

81 2178 131 2205 τοῦ
141 2177 223 2210 Θεοῦ,
231 2177 266 2208 ῶς
277 2177 310 2202 ἂν
319 2176 368 2202 καὶ
376 2174 515 2210 ἠξιωμένα
523 2174 632 2201 ἅπαντα
644 2174 748 2207 γένοιτο
758 2173 880 2207 εὐλογίας

82 2224 130 2250 τοῦ
147 2223 228 2256 Θεοῦ,
242 2222 289 2249 καὶ
304 2223 339 2248 τὰ
352 2221 412 2255 ἱερὰ
432 2219 630 2254 συνιστάμενα,
649 2219 695 2246 καὶ
706 2218 741 2244 τὰ
756 2219 879 2254 κοσμικὰ

83 2268 270 2303 αὐξανόμενα,
286 2267 333 2294 καὶ
351 2267 389 2301 μὴ
400 2265 567 2297 τούναντίον,
584 2265 631 2291 ὑπ’
656 2264 780 2300 ἀλλήλων
805 2266 880 2299 φθει-

83 2315 200 2351 ρόμεναο
215 2315 256 2340 ὅτι
277 2313 324 2340 καὶ
340 2314 354 2340 ὁ
384 2311 506 2347 ἀρχῆθεν
530 2311 661 2346 πολέμιος
689 2313 736 2338 καὶ
762 2311 879 2346 φθορεὺς

82 2361 172 2392 δεινδς
189 2361 217 2386 ὲν
229 2359 335 2389 τούτοις
351 2358 473 2390 σπεύδει,
488 2358 562 2389 ὅπως
579 2358 627 2384 καὶ
646 2357 800 2392 ἱεροσυλίαν
823 2358 880 2388 τοῖς

84 2406 215 2434 εὐσεϐέσι
227 2404 397 2441 προστρίψῃ,
420 2404 467 2430 καὶ
485 2403 540 2430 τῶν
566 2403 646 2438 ἱερῶν
674 2403 721 2429 καὶ
736 2402 817 2429 θείων
831 2402 881 2436 τὴν

83 2452 250 2487 καθαίρεσιν
274 2451 424 2486 ὲνεργήσῃ,
444 2449 512 2476 ἀλλὰ
525 2448 703 2484 καθαιρεθείη
720 2449 795 2484 παρὰ
813 2448 880 2475 Θεοῦ

83 2500 99 2526 ό
116 2497 250 2532 πονηρὸς,
271 2497 319 2524 καὶ
343 2496 460 2531 ζήσαιεν
486 2495 609 2527 εὐσεϐῶς
636 2495 683 2522 καὶ
711 2495 843 2529 θεοφιλῶς
857 2496 881 2521 οἱ

84 2545 182 2573 πιστοί
197 2553 227 2571 τε
239 2543 286 2570 καὶ
301 2542 436 2575 εὐσεϐεῖς,
451 2543 498 2570 καὶ
513 2541 612 2578 μισθὸν
632 2542 682 2577 τῆς
707 2540 881 2576 φιλοχρίστου

83 2591 201 2627 γνώμης
215 2590 310 2625 εἴησαν
324 2587 502 2624 κομιζόμενοι
516 2589 546 2614 ὲν
557 2587 680 2623 Χριστῷ,
696 2587 746 2622 τὴν
760 2587 815 2614 τῶν
829 2587 881 2614 δει-

84 2638 140 2666 νῶν
153 2635 324 2672 ἐλευθερίαν,
339 2636 387 2663 καὶ
396 2635 445 2670 τὴν
456 2635 510 2662 τῶν
521 2634 634 2669 ἀγαθῶν
650 2633 782 2661 παντοίαν
796 2632 882 2660 ἐπαύ-

85 2685 177 2720 ξησιν,
200 2683 229 2712 ’0
249 2681 450 2718 χειροτονηθεὶς
461 2680 490 2708 δὲ
501 2680 651 2716 ἀρχιερεὺς
667 2680 713 2707 καὶ
727 2680 773 2707 τὸν
787 2680 881 2707 τελευ-

83 2731 163 2758 ταῖον
175 2730 205 2756 ὲν
219 2730 253 2765 τῇ
271 2728 373 2764 συνόδῳ
389 2727 509 2763 ποιήσας
529 2726 690 2762 ἀσπασμὸν,
718 2725 765 2753 καὶ
784 2726 828 2753 τὸν
843 2727 884 2754 οἱα

84 2778 161 2805 κεῖον
174 2776 258 2803 τόπον
279 2774 380 2807 λαϐὼν,
395 2773 489 2800 οὐκέτι
505 2772 601 2808 χρείαν
622 2773 723 2808 ἑτέρων
738 2771 792 2799 τῶν
812 2772 883 2799 κατὰ

86 2823 174 2851 τύπον
186 2821 255 2858 ἔχει’
273 2820 331 2852 ἀλλ’
347 2819 384 2852 ὡς
397 2819 544 2856 ἀρχιερεὺς
561 2818 610 2853 ὢν,
625 2818 682 2846 τῶν
694 2818 744 2854 τῆς
769 2817 881 2855 Ἐκκλη-

925 200 969 227 die
985 202 1157 229 tremendam
1175 202 1395 230 communionem
1414 203 1561 239 attingunt,
1580 211 1633 231 non
1653 209 1713 230 tan-

924 250 982 274 tunt
999 248 1136 275 serviliter
1147 249 1297 282 osculatur,
1309 249 1355 277 sed
1371 250 1452 277 etiam
1470 250 1575 277 sedenti
1594 250 1712 284 impera-

923 293 976 320 tori
994 295 1095 320 adstat.
1110 294 1137 321 Si
1153 294 1258 329 privata
1275 303 1390 329 persona
1413 299 1497 326 esset.
1516 296 1574 323 haec
1602 296 1710 330 quidem

923 339 964 366 sic
979 339 1035 366 ﬁeri
1049 344 1197 373 oporteret,
1209 347 1271 367 cum
1286 341 1385 368 dixerit
1396 341 1557 375 Apostolus:
1577 350 1587 367 ι
1611 340 1711 375 Regem

925 384 1069 412 honorate.
1093 395 1102 411 ι
1124 386 1152 413 Si
1168 393 1232 413 vero
1247 386 1346 414 Christi
1362 391 1405 415 est
1418 387 1576 422 episcopus.
1589 392 1616 414 ct
1634 385 1714 412 Chri-

924 431 958 457 sti
973 430 1064 457 locum
1080 436 1185 464 tenens,
1202 433 1241 459 sic
1260 433 1316 460 lieri
1335 441 1388 461 non
1413 437 1543 468 oportet;
1572 433 1598 459 in
1630 431 1712 458 Chri-

924 479 995 501 stum
1012 475 1083 501 enim
1101 477 1218 503 recurrit
1234 477 1366 509 dedecus,
1382 478 1512 512 quoniam
1526 485 1580 504 non
1597 484 1611 504 e
1631 476 1712 510 vulgo

925 518 968 546 ille
993 525 1046 552 est,
1069 521 1115 548 sed
1145 529 1160 549 e
1188 523 1312 556 personis
1339 524 1519 554 consecratis,
1535 525 1562 550 ‘et
1583 523 1711 549 virtutem

925 567 1103 600 apostolicam
1120 568 1232 603 copiose
1249 569 1456 603 possidentibus
1482 568 1581 596 Verum
1593 567 1643 594 ista
1659 575 1711 594 non

924 616 979 638 tam
993 613 1027 639 ab
1044 613 1258 647 imperatoribus
1274 622 1355 648 quam
1370 615 1405 642 ab
1428 614 1618 641 adulatoribus
1632 613 1712 645 liunt,

924 657 970 691 qui
991 665 1038 684 eos
1054 659 1183 686 humanis
1202 660 1291 687 verbis
1310 660 1375 687 falsa
1398 659 1575 694 persuasione
1593 666 1713 685 commo-

925 706 987 730 vent
1013 703 1046 730 ad
1074 704 1177 738 majora
1206 706 1429 739 perpetrandum,
1450 705 1487 732 ita
1506 709 1535 732 ut
1551 705 1669 732 audeant
1687 707 1714 731 et

925 756 1088 783 promovere
1108 751 1262 785 episcopos,
1278 756 1304 778 et
1322 752 1515 779 translationes
1542 751 1642 778 facere.
1664 752 1715 777 Pa—

926 795 984 829 pm!
1002 795 1157 822 ordinatum
1184 804 1230 830 per
1249 797 1380 831 Spiritum
1406 803 1531 825 sanctum
1555 797 1637 832 hujus
1664 797 1715 824 Ec-

892 838 910 865 l!
925 840 1018 867 clesia:
1039 848 1176 876 pasmrcm
1195 842 1230 868 ab
1244 843 1277 869 iis
1301 843 1429 870 constitui
1447 844 1560 871 alterius
1576 847 1714 878 pastorem

925 887 971 921 qtti
987 895 1039 914 non
1060 888 1159 914 habent
1175 889 1323 915 sacerdotii
1341 894 1504 923 potestatem
1534 893 1561 917 et
1574 890 1716 920 virtutem.

925 937 950 958 et
966 938 1066 967 praeter
1080 932 1200 968 Spiritus
1217 935 1400 961 sententiam!

1202 1025 1319 1053 CAPUT
1336 1025 1450 1054 CCXXI.

927 1084 1005 1117 Quod
1029 1084 1160 1119 principes
1177 1085 1317 1111 stecttlares
1337 1092 1387 1111 non
1405 1086 1497 1112 debent
1519 1093 1596 1112 sacra
1611 1091 1715 1117 curare.

980 1125 1057 1155 atque
1070 1128 1102 1147 ea;
1116 1121 1193 1147 rebus
1208 1120 1262 1147 Deo
1273 1120 1433 1147 consecratis
1448 1121 1552 1147 lucrum
1562 1125 1658 1154 petere.

965 1210 994 1237 Si
1010 1209 1200 1238 aedilicationis
1219 1209 1350 1238 Ecclesia:
1369 1216 1450 1237 causa
1462 1213 1568 1244 oportet
1597 1209 1716 1243 aliquem

928 1257 1088 1290 episeopnrn
1106 1256 1249 1292 in‘majori
1265 1257 1332 1284 urbe
1345 1256 1487 1289 constitui,
1504 1256 1555 1283 hoc
1571 1263 1586 1284 ιι
1614 1256 1717 1291 Spiritu

928 1302 1105 1330 statuendum
1126 1306 1178 1335 est,
1191 1309 1205 1329 a
1221 1310 1276 1337 quo
1287 1308 1314 1329 et
1327 1302 1470 1329 ordinatus
1489 1306 1541 1333 est,
1559 1310 1612 1329 nun
1626 1306 1716 1329 autem

928 1356 942 1375 a
960 1349 1098 1375 mundana
1117 1352 1260 1383 potestate.
1275 1348 1351 1375 Multi
1366 1349 1449 1375 etiam
1466 1348 1551 1375 dttces
1564 1352 1590 1375 et
1606 1348 1718 1375 abbates

929 1395 1138 1428 monachorum,
1156 1395 1203 1430 qui
1236 1394 1290 1422 Deo
1310 1394 1462 1422 consecrati
1478 1398 1552 1425 sunt,
1575 1399 1602 1421 et
1629 1393 1719 1428 gratia

929 1440 976 1468 Dei
993 1442 1140 1470 animabus
1156 1445 1290 1476 praesunt,
1303 1441 1345 1468 sic
1364 1445 1461 1475 praeter
1483 1440 1602 1475 Spiritus
1623 1440 1719 1466 volun-

930 1490 1011 1514 tatem
1028 1494 1108 1521 agere
1126 1487 1344 1521 convincuntur;
1358 1487 1467 1514 solvunt
1485 1487 1556 1513 enim
1569 1490 1596 1513 et
1622 1485 1719 1520 ligant,

930 1532 1008 1560 abiis
1026 1537 1160 1567 potestate
1173 1537 1297 1567 accepta,
1318 1533 1364 1567 qui
1392 1531 1485 1566 gratiae
1508 1531 1634 1558 virtutem
1664 1537 1717 1557 non

931 1583 1105 1613 acceperunt.
1120 1578 1287 1606 Ordinantur
1314 1586 1433 1612 quoque,
1452 1577 1601 1612 multisque
1630 1577 1717 1610 impe-

931 1629 1001 1656 rant.
1021 1625 1086 1652 nihil
1102 1625 1214 1652 omnino
1247 1629 1376 1651 curantes
1399 1631 1447 1652 eos
1480 1624 1526 1658 qui
1553 1622 1646 1655 gratiae
1671 1621 1720 1649 do-

932 1679 995 1699 num
1009 1671 1159 1705 possident.
1176 1670 1238 1698 ldeo
1261 1670 1423 1698 alllictiones
1438 1673 1465 1697 et
1478 1669 1656 1696 contusiones
1671 1675 1721 1695 n0-

932 1721 996 1744 διε-ιε
1013 1716 1104 1743 multa:
1117 1715 1194 1743 factae
1217 1719 1291 1747 sunt,
1315 1721 1341 1743 et
1366 1723 1421 1750 prae
1440 1715 1568 1742 erunibus
1594 1713 1720 1748 gentibus

931 1763 1162 1798 contemptibiles,
1175 1768 1202 1790 et
1230 1762 1334 1789 minimi
1364 1762 1450 1789 Itabiti
1469 1769 1575 1793 sumus,
1602 1765 1630 1788 et.
1655 1760 1719 1787 dum

926 1808 1065 1840 violenter
1076 1807 1238 1835 festinamus
1254 1815 1284 1835 ea
1297 1815 1355 1842 quae
1370 1815 1425 1834 non
1441 1807 1518 1834 decet
1534 1806 1677 1840 attingere,
1694 1809 1720 1833 et

933 1853 966 1880 iis
986 1859 1057 1887 quos
1083 1860 1136 1880 non
1156 1856 1264 1887 oportet
1292 1852 1438 1885 imperare,
1461 1851 1540 1878 nobis
1562 1850 1721 1885 alienigenae

933 1899 1113 1925 dominantur
1124 1905 1133 1931 ;
1146 1898 1263 1932 dumque
1280 1897 1395 1924 facimus
1411 1903 1472 1931 quae
1488 1896 1543 1923 Deo
1562 1895 1718 1929 displicent,

934 1944 1038 1971 iniruici
1060 1943 1148 1971 nostri
1167 1943 1499 1977 Deique-consequenter
1527 1941 1603 1968 nobis
1633 1941 1721 1967 insul-

934 1995 1004 2021 tant.
1016 1994 1043 2017 ct
1056 1997 1117 2022 qua:
1131 1989 1210 2016 nobis
1224 1995 1301 2015 sacra
1331 1993 1406 2018 sunt,
1435 1987 1586 2021 possident,
1613 1987 1722 2021 Deoqtte

934 2036 1102 2064 consecratis
1122 2035 1283 2070 potiuntur;
1301 2035 1368 2061 eheu
1383 2033 1390 2060 ι
1404 2033 1592 2060 existimantes
1615 2032 1720 2059 luerunt

934 2082 1044 2117 aliquod
1058 2081 1158 2112 facere.
1176 2079 1285 2115 propria
1303 2085 1395 2107 nostra
1408 2079 1588 2114 perdidimus.
1619 2079 1720 2107 Messes

934 2134 961 2156 et
977 2128 1085 2155 fruetus
1104 2132 1215 2154 nostros
1230 2126 1365 2161 colligunt
1391 2125 1500 2153 inimici.
1524 2126 1623 2158 nostri,
1634 2133 1721 2160 eaque

899 2186 919 2212 ι)
936 2179 998 2201 ante
1018 2173 1113 2204 oculos
1136 2176 1246 2199 nostros
1277 2171 1434 2199 comedunt.
1462 2170 1513 2198 Sed
1539 2171 1641 2198 utinam
1675 2172 1721 2198 tiat

934 2220 1014 2253 hujus
1029 2218 1186 2254 gravissimi
1203 2218 1267 2245 ntali
1282 2218 1405 2252 quaedam
1420 2217 1537 2248 sanatio.
1552 2221 1577 2244 et
1589 2225 1647 2251 qua:
1656 2222 1721 2244 sunt

932 2266 1053 2295 Cmsaris
1069 2265 1246 2292 dimittantur
1262 2264 1374 2297 Caesari,
1388 2268 1415 2291 et
1444 2271 1506 2297 quae
1530 2263 1577 2291 Dei
1599 2264 1664 2295 Deo,
1692 2268 1722 2290 ut

932 2313 1023 2340 omnia
1043 2312 1108 2338 ﬁant.
1131 2310 1177 2338 Dei
1194 2309 1385 2337 benedictione
1405 2309 1496 2343 digna,
1515 2309 1721 2343 consistantqne

932 2364 1010 2385 sacra
1036 2361 1064 2384 et
1083 2360 1294 2386 conserventur,
1321 2359 1348 2381 et
1371 2354 1515 2381 saecularia
1545 2358 1720 2388 augeantur;

932 2411 987 2432 non
1005 2406 1096 2430 autem
1117 2402 1298 2433 contrarium,
1314 2405 1340 2426 ut
1354 2400 1388 2427 ab
1403 2399 1521 2427 invicem
1542 2406 1722 2434 corrumpan-

933 2455 988 2478 tur.
1001 2449 1136 2483 Qnoniam
1153 2448 1200 2483 qui
1228 2455 1242 2474 a
1260 2447 1395 2483 principio
1421 2446 1548 2474 inimicus
1563 2451 1657 2475 noster
1679 2450 1721 2474 est

933 2502 960 2525 et
989 2497 1122 2524 molestus
1139 2500 1296 2529 corruptor,
1314 2494 1340 2520 in
1371 2494 1505 2529 ejusmodi
1531 2495 1613 2522 rebus
1643 2494 1721 2522 lesti-

935 2547 992 2576 nat,
1008 2547 1038 2570 ιιι
1052 2542 1237 2571 sacerdotium
1251 2548 1312 2567 cum
1342 2540 1410 2568 viris
1427 2540 1479 2575 piis
1509 2541 1672 2572 committat,
1690 2539 1721 2567 il-

934 2589 1034 2624 ludque
1059 2592 1170 2621 atterat,
1193 2594 1327 2621 sacraque
1351 2591 1379 2614 et
1404 2586 1498 2614 divina
1523 2589 1637 2614 evertat.
1667 2584 1719 2612 Sed

933 2636 1100 2660 evertatttra
1131 2631 1245 2658 Domino
1275 2631 1374 2665 malus,
1395 2635 1542 2665 Vtvantque
1570 2633 1666 2658 sancte
1694 2634 1721 2657 et

934 2677 992 2705 Deo
1012 2680 1136 2704 atuanter
1151 2676 1244 2704 lideles
1259 2683 1287 2704 et
1310 2677 1419 2710 pietatis
1442 2676 1569 2709 studiosi,
1600 2680 1627 2704 et
1647 2683 1719 2703 mer-

935 2724 1028 2752 cedem
1046 2721 1190 2750 sentcntiae
1204 2722 1315 2750 Christo
1329 2723 1437 2750 dilectae
1452 2726 1602 2756 reportent,
1636 2722 1722 2754 liber-

936 2774 1075 2804 tatemque
1087 2775 1136 2803 per
1151 2768 1293 2796 Christum
1317 2768 1351 2796 ab
1367 2768 1409 2795 bi
1424 2768 1554 2804 gravibus
1576 2767 1721 2801 molestiis,

935 2815 1173 2851 omnifariumque
1202 2813 1337 2843 bonorum
1368 2818 1556 2852 augmentum.
1574 2814 1723 2845 Ordinatus
