1941 3040
204 111 255 136 435

625 110 814 140 SYMEONIS
832 108 1207 140 THESSALONICENSIS
1227 108 1405 139 ARCHIEP.

1796 96 1856 132 436

204 167 297 190 autem
315 164 472 199 episcopus,
487 169 680 200 postremaque
695 166 864 194 salutatione
892 167 919 194 in
948 174 994 202 sy-
1011 193 1013 197 ,

1062 167 1111 198 ’ίας
1128 165 1211 193 αὑτοῦ
1234 164 1393 199 φροντίζει·
1411 155 1544 198 συνεργοί
1559 161 1589 188 δὲ
1615 160 1663 187 καὶ
1683 160 1743 190 τοῖς
1760 157 1856 193 legat;

207 210 279 237 nodo
296 210 408 238 functus
423 211 563 245 proprium
587 211 677 239 locum
701 217 828 248 occupat,
852 221 905 240 non
937 221 995 240 am-

206 255 280 289 plius
293 261 352 290 eget
365 257 472 283 actoris
499 264 559 292 qua:
587 261 651 292 typo
678 258 865 290 continemur,
893 257 939 285 sed
966 262 996 284 ut

1049 213 1142 248 ἔργοις
1158 211 1341 246 παραϐάλλων
1353 211 1386 245 τῇ
1404 209 1517 244 συνόδῳ,
1537 208 1586 235 καὶ
1600 205 1648 242 ἀφ’
1669 203 1790 237 ἑαυτοῦ,
1804 204 1854 230 ὅτε

1049 259 1140 295 χρεία,
1158 259 1206 285 καὶ
1219 256 1472 292 προσκαλούμενος.

205 303 352 337 θριεεοριιε
366 303 502 331 rxsislcns
517 311 578 338 quae
594 303 626 330 ad
651 311 728 330 suam
745 303 896 330 Ecclesiam
917 307 1154 338 spectant,-curat.
1183 304 1354 339 Cooperatur
1387 308 1498 338 quoque
1527 299 1616 329 sacris
1645 298 1787 334 operibus
1807 303 1857 324 ac-

205 351 304 378 cedens
321 351 353 378 ad
366 352 501 387 synodum
513 359 528 378 a
541 353 643 386 seipse,
665 360 727 380 cum
744 360 813 387 opus
826 357 879 385 est,
899 357 927 379 et
941 353 1101 381 advocatus.

469 410 585 440 CAPUT
604 411 735 440 CCXXII.

207 457 284 491 Quod
313 459 449 493 episcopus
477 459 574 486 electu:
597 463 636 486 ter
657 459 776 494 osculum
803 459 871 494 ﬁgit,
888 463 912 486 et
933 467 998 494 quo~

381 494 460 521 modo
484 494 603 520 osculum
623 495 743 529 quodque
758 493 819 527 ﬁat.

240 538 373 567 Osculum
386 544 435 568 'ter
446 540 529 568 datur
543 540 699 568 ordinando
711 545 812 576 printer
831 541 898 568 illud
923 541 996 576 quod

207 585 236 613 ﬁt
247 585 274 613 in
288 586 459 614 sanctuario.
475 586 596 613 Primum
626 586 737 622 quidem
763 591 826 622 post
849 586 997 614 indicatio-

207 639 280 664 nem,
295 636 389 666 utpote
406 636 464 658 tum
490 631 580 659 factus
606 631 738 659 Ecclesiae
770 639 890 667 sponsus
915 631 995 667 cujus

206 677 411 711 possessionem
428 677 596 712 aggreditur.
610 677 678 705 Cum
703 677 831 705 videlicet
856 678 932 705 nullo
948 685 996 705 ex-

207 722 323 750 sistentc
346 723 524 750 suaveolente
541 723 632 751 sullitu
649 724 690 750 vel
708 724 902 758 roscoliquore
913 724 998 751 addu-

209 769 279 795 citur
293 769 465 796 ordinandus
480 769 514 796 ad
537 769 777 804 archiepiscopum
802 771 953 802 sedentem,
971 775 998 798 et

209 814 242 840 ad
260 814 405 849 episcopos
421 815 492 842 circa
510 815 598 849 ipsum
616 823 650 842 ex
665 820 781 850 utraque
805 821 884 851 parte
899 818 998 844 seden-

210 864 262 891 tes,
278 865 373 894 terque
387 867 448 888 sese
459 861 620 894 prosternit,
637 866 664 888 et
679 862 823 889 osculatur
839 870 921 897 genu,
939 870 997 889 mas
1015 874 1036 901 υ

210 913 276 932 num
305 911 331 932 et
347 913 444 940 genam
464 907 612 941 pomiltcis,
625 912 653 934 et
671 907 697 934 in
717 915 763 934 ore
777 908 922 943 episeopos
940 913 998 936 tum

211 952 335 979 sedentes
350 962 357 984 ;
377 952 498 979 nondum
515 953 588 979 enim
605 958 647 981 est
661 954 817 988 episcopus,
830 954 924 988 jussus
951 963 1000 982 au-

211 1003 264 1025 tem
285 999 373 1031 sedet,
389 1006 442 1025 non
460 999 486 1025 in
500 999 599 1026 throno
617 1000 774 1034 episcopali,
796 1001 843 1028 sed
873 1001 1000 1035 privatim

212 1043 339 1076 inferius,
360 1044 386 1071 in
404 1044 465 1071 loco
480 1045 671 1079 depressiore:
689 1048 743 1080 quo
754 1045 923 1080 significatur
938 1054 999 1073 eum

212 1089 364 1117 Ecclesium
380 1095 485 1117 tantum
500 1090 691 1125 despondisse,
708 1096 734 1117 et
749 1091 918 1125 sponsalium
943 1090 1001 1125 pii-

212 1135 306 1163 mitias
321 1136 473 1170 accepisse,
491 1135 613 1162 nondum
630 1135 703 1162 enim
726 1135 766 1162 \‘ir
794 1135 854 1170 ejus
882 1140 935 1166 est,
959 1134 1002 1162 vel

213 1181 340 1208 maritus.
353 1180 416 1208 Ideo
431 1180 505 1208 velut
518 1179 567 1215 qui
582 1185 688 1207 tantum
701 1180 806 1208 dederit
822 1180 946 1216 symbola
974 1184 1003 1207 et

214 1227 402 1255 arrhabonum
431 1228 567 1263 primitias
596 1235 660 1255 cum
688 1227 784 1254 amicis
813 1231 840 1254 et
870 1226 1003 1254 fratribus

212 1281 320 1308 sponsa:
336 1281 367 1301 ea
379 1274 488 1308 peragit
499 1273 606 1309 quaead
623 1273 772 1300 amicitiam
785 1272 1002 1300 continuandam

214 1319 387 1352 inserviunt;
404 1319 477 1347 unde
489 1326 537 1347 eos
547 1319 689 1347 osculatur
705 1324 736 1346 ut
760 1319 816 1354 jam
842 1319 961 1350 amicus,
977 1323 1005 1346 et

214 1366 291 1394 sedet
305 1373 368 1394 cum
384 1366 434 1399 eis,
452 1372 479 1394 et
504 1365 624 1394 consulit
644 1373 707 1393 cum
735 1366 795 1399 eis;
828 1373 882 1393 non
913 1371 1004 1392 tamen

216 1412 354 1445 considet,
368 1419 431 1440 eum
449 1412 580 1440 thronum
597 1412 719 1440 nondum
740 1417 885 1440 assecutus
910 1411 1004 1445 fuerit,

216 1464 266 1485 nec
285 1457 417 1485 honorem
433 1461 460 1485 et
473 1456 636 1492 dignitatem
662 1456 751 1485 Patris
779 1456 927 1489 Ecclesiae;
954 1463 1005 1483 nec

215 1503 288 1530 enim
302 1503 371 1538 ipsis
390 1507 566 1537 eooperatur,
583 1510 645 1530 cum
663 1502 794 1530 ordinare
826 1510 881 1530 non
905 1503 1004 1537 possit.

216 1550 370 1577 Consilium
383 1556 447 1577 vero
458 1548 506 1576 dat
521 1549 624 1581 solum,
642 1550 702 1576 sive
712 1550 877 1577 sententiam
889 1549 967 1581 dicit,
977 1552 1007 1576 et
1019 1548 1043 1581 C

217 1603 312 1623 eorum
333 1603 394 1629 quae
421 1599 486 1623 sunt
505 1602 614 1631 sponsae
628 1603 723 1623 curam
749 1596 829 1631 gerit.
857 1596 1008 1630 possessio-

217 1651 283 1670 num
299 1643 406 1671 scilicet
422 1648 449 1670 et
465 1644 638 1679 negotiorum
656 1642 690 1670 ad
698 1642 851 1670 Ecclesiam
881 1646 1009 1676 spectan-

217 1691 301 1717 tium.
317 1689 444 1717 Secunda
462 1689 594 1718 salutatio
611 1689 641 1716 lit
655 1696 718 1716 eum
734 1689 914 1724 peuliciuntur
923 1695 1008 1723 span.

218 1736 298 1768 satia,
328 1735 467 1771 traditque
494 1743 615 1771 sponsus
646 1741 674 1763 et
701 1735 802 1770 accipit
836 1736 951 1770 pignora
982 1741 1010 1763 et

218 1788 328 1811 mutuas
343 1783 507 1810 donationes
521 1787 586 1810 ante
602 1782 808 1810 matrimonium
828 1781 884 1810 ﬁeri
902 1782 1008 1816 solitas,

218 1837 306 1864 eaque
318 1830 373 1863 agit
385 1836 446 1864 quae
462 1829 536 1857 Patri
551 1829 731 1859 conveniunt,
747 1833 774 1855 et
798 1829 830 1856 ad
852 1830 940 1864 ipsum
967 1836 1010 1856 rc-

219 1876 357 1908 leruntur,
376 1876 460 1903 veluti
486 1875 557 1911 quod
588 1880 691 1903 rectam
711 1875 791 1902 [idem
814 1875 969 1907 confessus,
984 1881 1011 1902 et

218 1922 400 1950 oeconomiam
414 1921 466 1950 sibi
481 1922 614 1949 creditam
629 1929 658 1949 se
671 1922 739 1948 bene
751 1920 1009 1948 administraturum

218 1968 328 1996 sincere
346 1967 487 2002 pollicitus
499 1967 636 2002 primitias
652 1965 822 1993 matrimonii
839 1965 967 2000 accipiat,
984 1969 1011 1992 et

219 2015 246 2041 in
267 2014 341 2042 illius
359 2014 563 2049 possessionem
585 2020 634 2048 per
655 2020 769 2047 parvum
788 2012 909 2047 sigillum
927 2012 1010 2040 Veluti

219 2068 268 2094 per
280 2059 461 2087 arrhabonem
489 2059 625 2086 mittatur.
661 2058 738 2086 Tunc
767 2060 841 2085 enim
870 2058 931 2086 sine
957 2066 1009 2085 uu-

221 2112 323 2141 guento
342 2111 369 2133 ct
385 2106 478 2133 sumtu
495 2106 621 2133 osculum
635 2105 710 2132 facit.
730 2104 863 2132 Osculum
875 2111 940 2132 vero
967 2112 1012 2132 or-

220 2153 374 2180 dinationis
389 2152 462 2186 quod
479 2151 547 2180 litin
570 2151 731 2179 sanctuario
762 2151 1009 2189 consummativum

220 2204 262 2226 est
277 2198 521 2226 ctmatrimoniiet
547 2197 669 2230 unionis,
686 2197 751 2232 quia
778 2197 820 2224 vir
843 2200 870 2224 et
895 2197 1011 2224 maritus

221 2246 351 2273 Ecclesiae
371 2245 562 2273 constituitur.
583 2243 636 2271 Sed
651 2244 684 2272 de
705 2251 736 2271 eo
757 2244 860 2272 dictum
876 2249 930 2276 est,
950 2251 1012 2271 cum

221 2293 254 2319 de
264 2291 442 2319 ordinatione
458 2291 541 2318 verba
558 2290 722 2318 faceremus.
741 2289 820 2317 Nunc
845 2294 938 2317 autem
959 2294 1013 2317 ter—

221 2339 288 2365 tium
305 2337 423 2365 dicimus
436 2337 503 2364 illud
513 2337 587 2372 quod
602 2337 631 2364 lit
642 2342 720 2364 extra
742 2335 944 2368 sanctuarium,
956 2336 1013 2364 sic-

221 2389 250 2412 ut
265 2389 294 2412 et
310 2383 365 2411 alia
390 2383 495 2417 oscula,
513 2383 579 2411 illud
601 2390 699 2418 nempe
710 2383 781 2417 quod
795 2382 825 2409 iit
855 2383 881 2409 in
899 2382 1013 2417 synodo,

221 2435 321 2466 etpost
341 2429 556 2463 ordinationem,
582 2437 644 2458 cum
670 2436 767 2457 recens
795 2428 939 2456 ordinatus
967 2437 1014 2456 ve-

223 2477 301 2504 niens
319 2475 481 2504 sedentibus
507 2476 718 2511 archiepiscopo
748 2479 776 2502 et
806 2475 943 2509 episcopis
972 2478 1015 2501 ter

221 2529 283 2551 sese
296 2522 448 2557 prosternit
462 2530 557 2550 coram
575 2529 675 2555 magno
692 2520 833 2555 pontifice,
852 2525 882 2548 ut
897 2521 1015 2556 subjec-

223 2570 324 2597 Iionem
356 2576 435 2597 suam
456 2570 640 2599 demonstret,
656 2574 683 2595 et
706 2567 868 2595 Trinitatem
886 2566 1013 2595 honoret.

223 2618 323 2644 Postea
340 2621 470 2651 surgente
488 2615 629 2650 paululum
645 2613 864 2648 archiepiscopo,
884 2620 912 2642 ut
926 2615 1014 2649 ipsum

223 2665 338 2691 honoret
351 2664 424 2691 velut
441 2662 614 2697 episcopum,
631 2660 772 2688 stantibus
786 2668 852 2688 vero
867 2661 929 2688 aliis
959 2661 1016 2695 cpi-

222 2713 327 2745 sc0pis,
343 2709 458 2745 aequalis
473 2709 546 2735 enim
560 2712 603 2734 est
617 2707 670 2739 eis,
691 2713 718 2734 et
745 2706 867 2742 ejusdem
893 2707 1016 2741 honoris,

223 2757 330 2785 accedit
356 2761 383 2784 et
403 2759 564 2783 consuetam
591 2753 657 2781 facit
681 2753 893 2787 salutationem;
911 2755 1018 2782 archic-

223 2804 327 2839 piscopi
345 2803 453 2830 scilicet
470 2808 553 2836 genu,
575 2807 685 2828 manum
703 2806 730 2828 et
744 2809 840 2836 genam
858 2802 1015 2835 osculatur;

225 2851 370 2886 episcopos
386 2856 450 2877 vero
462 2854 568 2879 Stantcs
585 2849 613 2877 in
629 2856 686 2878 ore.
705 2847 761 2877 iloc
780 2853 890 2884 peracto
917 2849 1016 2877 iterum

1327 409 1455 437 ΚΕΦΑΛ.
1473 408 1559 436 ΣΚΒ’.

1050 459 1118 486 Ὀτι
1144 459 1209 493 τρὶς
1247 457 1374 484 ποιεῖται
1392 457 1447 493 τὸξ-
1469 454 1637 493 ἁσνςασμὸν
1650 454 1667 481 ὁ
1683 451 1858 493 ᾀρχιερεὺς

1103 489 1338 529 χειροὲονυηθιείςμ
1360 491 1410 518 και
1427 491 1507 524 ὅπως
1521 490 1651 522 ἕκαστος
1662 489 1798 523 γίνεται.

1089 538 1120 564 '0
1145 537 1292 572 ἀσπασμὸς
1310 537 1339 563 δὲ
1359 535 1398 571 τῷ
1419 533 1652 571 χειροτονουμένῳ
1665 553 1672 567 ,
1696 531 1777 567 πλὴν
1803 531 1856 558 τοῦ

1047 585 1078 612 ὲν
1095 584 1134 620 τῷ
1145 583 1249 619 βήματι
1266 583 1444 618 τελουμένου,
1458 581 1563 615 γίνεται
1578 580 1649 615 τρίς·
1665 578 1781 615 πρῶτον
1801 577 1856 612 μὲν

1053 631 1123 665 μετὰ
1142 631 1172 657 τὸ
1189 630 1303 666 μήνυμα
1315 629 1353 660 ὡς
1364 627 1507 663 γεγονότος
1523 626 1607 654 αὑτοῦ
1621 625 1789 660 μνηστῆρος
1803 624 1858 657 τῆς

1050 677 1209 712 ἐκκλησίας,
1226 674 1260 713 ἧς
1280 676 1331 712 τὴν
1345 675 1501 711 ὲγχείρισαν
1519 674 1638 708 δέχεται,
1655 672 1699 699 ὅτε
1715 671 1758 706 μὴ
1773 670 1858 696 εὐόσ-

1053 732 1104 759 μου
1120 723 1196 754 ὄντος
1216 723 1301 754 τινὸς,
1325 721 1498 757 θυμιάματος
1524 719 1646 754 δηλονότι
1659 718 1676 753 ἦ
1696 717 1857 753 ροδοστᾶιγ-

1055 778 1153 804 ματος,
1170 769 1331 804 καθημένου
1346 768 1394 795 τοῦ
1410 766 1628 803 ἀρχιεπισκόπου
1655 765 1703 792 καὶ
1724 764 1786 790 τῶν
1805 764 1858 798 ἀρ-

1052 815 1168 850 χιερέων
1184 814 1366 850 ἑκατέρωθεν,
1379 813 1584 849 προσαγόμενος
1599 811 1753 847 προσκυνεῖ
1772 809 1855 844 τρίς·

1051 862 1099 889 καὶ
1114 861 1307 895 ἀσπαζόμενος
1328 861 1394 894 γόνυ
1418 859 1466 886 καὶ
1489 860 1570 894 χεῖρα
1586 859 1633 884 καὶ
1656 857 1782 892 παρειὰν
1807 854 1858 881 τοῦ

1053 908 1192 943 ίεράρχου,
1205 908 1253 934 καὶ
1268 907 1336 938 τοὺς
1353 907 1494 941 ἀρχιερεῖς
1509 905 1549 936 είς
1566 904 1597 931 τὸ
1617 904 1705 938 στόμα
1723 901 1858 936 καθημέ-

1053 963 1115 985 νους
1129 953 1178 981 καὶ
1195 954 1307 986 αὐτοὺς,
1323 953 1352 980 οὐ
1371 953 1426 986 γὰρ
1437 951 1585 982 ἐπισκοπός
1597 951 1670 977 ἐστιν
1684 950 1737 982 ἔτι,
1754 949 1858 976 κελευ-

1053 1001 1129 1032 σθεὶς
1147 999 1277 1033 κάθηται,
1301 999 1352 1025 οὐκ
1367 999 1396 1024 ὲν
1411 997 1499 1033 θρόνῳ
1514 997 1569 1023 τῶν
1595 996 1770 1026 ἐπισκόπων,
1793 994 1858 1020 ἀλλ’

1055 1046 1121 1081 ἰδίᾳ,
1136 1045 1259 1072 κάτωθεν
1273 1045 1301 1071 ὲν
1320 1043 1461 1079 ὑφειμένῳ
1477 1043 1542 1076 τινὶ,
1560 1041 1728 1077 δηλουμένου
1745 1041 1781 1066 ὲκ
1795 1039 1860 1066 τού-

1053 1101 1112 1124 του,
1137 1092 1175 1121 ὡς
1196 1091 1338 1126 ἡρμόσατο
1364 1090 1444 1126 μόνον
1468 1089 1519 1124 τὴν
1544 1087 1709 1122 ἐκκλησίαν,
1728 1087 1782 1113 καὶ
1803 1085 1858 1119 τῆς

1056 1139 1203 1173 μνηστείας
1214 1137 1295 1164 ἔλαϐε
1312 1136 1362 1172 τὴν
1374 1135 1513 1170 ἀπαρχὴν,
1530 1135 1638 1161 οὐδέπω
1650 1133 1678 1160 δέ
1692 1134 1770 1160 ἐστιν
1785 1131 1858 1167 ἀνὴρ

1054 1186 1070 1216 ἦ
1095 1184 1223 1220 νυμφίος.
1249 1183 1294 1210 Διὺ
1313 1183 1351 1215 ὡς
1370 1182 1451 1218 μόνον
1467 1182 1502 1208 τὰ.
1528 1181 1682 1215 συμεόλαισ.
1701 1180 1781 1211 δοὺς,
1808 1179 1858 1205 καὶ

1055 1232 1111 1259 τῶν
1123 1231 1293 1267 ἀῤῥαὸώνων
1312 1231 1363 1261 τὰς
1383 1229 1524 1264 ἀπαρχὰς,
1542 1227 1611 1262 μετὰ
1626 1227 1681 1253 τῶν
1699 1226 1791 1267 φίλων
1808 1224 1858 1260 τῆς

1056 1265 1166 1312 νύμφης
1179 1276 1228 1304 καὶ
1240 1275 1366 1310 ἀδελφῶν
1376 1275 1496 1301 ποιεῖται
1509 1273 1543 1300 τὰ
1551 1273 1602 1307 τῆς
1611 1272 1703 1307 φιλίας
1717 1265 1855 1306 ἐνέχυρα.

1055 1325 1110 1352 Καὶ
1127 1323 1282 1355 ἀσπάζεται
1298 1322 1335 1354 ὡς
1358 1321 1434 1357 φίλος
1449 1321 1512 1356 ἤδη,
1531 1320 1579 1347 καὶ
1601 1318 1721 1353 κάθηται
1739 1319 1793 1345 σὺν
1808 1318 1857 1343 αὺ-

1056 1371 1125 1403 τοῖς,
1147 1369 1194 1397 καὶ
1215 1368 1376 1404 βουλεύεται
1401 1368 1461 1402 μετ’
1485 1367 1587 1394 αὐτῶν.
1611 1365 1650 1393 Οὐ
1674 1364 1856 1398 συγκάθηται

1055 1417 1094 1451 δι,
1111 1416 1173 1443 ἐπεὶ
1190 1415 1253 1443 οὐδὲ
1267 1415 1315 1442 τοῦ
1331 1414 1428 1449 θρόνου
1442 1415 1603 1449 τετύχηκεν,
1620 1412 1682 1439 οὐδὲ
1695 1412 1748 1446 τῆς
1768 1410 1854 1444 τιμῆς

1056 1464 1104 1492 τοῦ
1119 1463 1227 1498 Πατρὺς
1244 1462 1329 1497 αὐτῆς
1348 1461 1395 1489 καὶ
1415 1461 1505 1494 ἀξίας·
1520 1459 1581 1487 οὐδέ
1597 1467 1630 1493 γε
1655 1457 1834 1492 συμπράττει
1846 1475 1854 1487 ,

1059 1510 1100 1538 ’ὁτι
1116 1509 1178 1538 οὐδὲ
1201 1509 1368 1545 χειροτονεῖν
1394 1506 1523 1534 δύναται·
1556 1504 1712 1540 συμϐουλὴν
1736 1503 1768 1529 δὲ
1795 1502 1855 1537 ἤτοι

1057 1556 1172 1593 γνώμην
1186 1555 1234 1583 καὶ
1247 1555 1331 1592 μόνον
1343 1554 1446 1586 δίδωσι,
1457 1553 1505 1580 καὶ
1520 1552 1575 1579 τῶν
1585 1552 1634 1586 τῆς
1646 1550 1759 1585 νύμφης
1772 1556 1857 1583 φρον-

1058 1605 1128 1635 τίζει
1145 1603 1296 1638 κτημάτων
1315 1601 1416 1638 δηλαδὴ
1430 1599 1479 1629 καὶ
1492 1599 1666 1637 πραγμάτων
1680 1597 1732 1634 τῆς
1750 1597 1856 1634 ἐκκλη-

1060 1651 1132 1682 σίας.
1168 1650 1199 1677 '0
1228 1649 1357 1683 δεύτερος
1380 1648 1409 1675 δὲ
1437 1648 1594 1682 ἀσπασμὸς,
1621 1647 1667 1673 ὅτε
1702 1645 1856 1673 τελεσθῶσι

1059 1697 1094 1723 τὰ
1111 1696 1250 1731 μνῆστρα,
1270 1695 1318 1722 καὶ
1335 1695 1397 1726 δοὺς
1420 1694 1483 1726 τοὺς
1502 1693 1666 1729 ἀρῤαὸὦνας
1688 1693 1735 1719 καὶ
1749 1691 1856 1722 λαϐὼν,

1060 1743 1109 1770 καὶ
1125 1742 1175 1774 τὰς
1191 1742 1246 1777 πρὸ
1265 1741 1312 1768 τοῦ
1328 1741 1418 1775 γάμου
1433 1739 1539 1774 δωρεὰς
1551 1739 1597 1766 καὶ
1613 1740 1647 1766 τὰ
1662 1738 1802 1773 σύμφωνα
1818 1736 1856 1772 τῷ

1061 1780 1159 1824 Ilani,
1185 1786 1242 1814 οἷον
1260 1788 1310 1822 τὴν
1337 1787 1429 1814 πίστιν
1454 1786 1536 1821 ὀρθὴν
1553 1785 1782 1821 άνομολογήσας,
1809 1784 1855 1810 καὶ

1060 1834 1181 1869 γνησίως
1196 1833 1246 1868 τὴν
1261 1832 1491 1868 ἐμπιστευθεῖσαν
1502 1827 1664 1866 ὀἰκονομεῖν
1678 1831 1854 1865 καθυποσχε-

1061 1881 1128 1912 θεὶς,
1154 1881 1204 1912 τὰς
1226 1880 1353 1914 ἀπαρχὰς
1373 1879 1422 1913 τῆς
1448 1879 1626 1914 νυμφεύσεως
1649 1877 1731 1913 λάῦῃ,
1757 1879 1806 1904 καὶ
1823 1877 1856 1910 τῇ

1063 1927 1149 1962 μικρᾷ
1166 1925 1298 1960 σφραγῖδι
1312 1925 1414 1960 ταύτην
1426 1924 1463 1956 ὡς
1479 1923 1508 1951 ἐν
1523 1924 1666 1959 ἀρῤαὸὦνι
1681 1922 1854 1958 ὲγχειρισϐᾒ.

1061 1974 1117 2000 Καὶ
1134 1973 1195 2000 τότε
1214 1972 1269 2007 γὰρ
1289 1971 1351 2006 δίχα
1373 1970 1462 2005 μύρου
1479 1970 1526 1997 καὶ
1542 1970 1716 2005 θυμιάματος
1737 1969 1856 1995 ποιεῖται

1060 2020 1107 2046 τὸν
1122 2018 1281 2053 ἀσπασμόν.
1305 2016 1413 2043 Γίνεται
1440 2015 1468 2042 δὲ
1493 2015 1542 2042 καὶ
1560 2015 1574 2042 ό
1590 2015 1640 2049 τῆς
1665 2014 1853 2049 χειροτονίας.

1061 2064 1091 2096 ὃς
1105 2064 1181 2095 ἐντός
1196 2064 1253 2090 ἐστι
1267 2062 1315 2088 καὶ
1326 2061 1480 2092 meaan
1492 2060 1539 2087 καὶ
1553 2060 1604 2095 τῆς
1617 2059 1797 2094 νυμφεύσεως
1808 2057 1853 2084 καὶ

1063 2110 1198 2141 ένώσεως·
1214 2109 1256 2136 ὅτι
1272 2108 1341 2142 ἀνὴρ
1356 2107 1403 2134 καὶ
1416 2106 1531 2142 νυμφίος
1546 2108 1596 2140 τῆς
1612 2105 1762 2140 ἐκκλησίας
1774 2103 1854 2131 κατέ-

1064 2165 1127 2191 στη.
1152 2155 1224 2182 Ἀλλ’
1241 2155 1255 2181 ό
1272 2155 1336 2189 περὶ
1356 2153 1453 2180 τούτου
1476 2153 1504 2179 ὲν
1527 2153 1560 2188 τῇ
1582 2152 1733 2187 χειροτονίᾳ
1757 2149 1854 2187 ἐρρέθη

1065 2202 1154 2235 λόγος.
1182 2200 1237 2227 Νῦν
1262 2199 1290 2226 δὲ
1308 2199 1400 2234 τρίτον
1420 2199 1511 2234 φαμὲν
1526 2199 1572 2224 τὸν
1585 2198 1687 2230 ἔξωθεν
1701 2197 1748 2223 τοῦ
1768 2197 1853 2231 βήμα-

1065 2255 1121 2278 τος,
1148 2246 1186 2277 ὡς
1214 2246 1262 2272 καὶ
1291 2245 1354 2276 τοὺς
1383 2244 1479 2275 ἄλλους
1505 2243 1680 2278 ἀσπασμοὺς,
1706 2243 1751 2268 τὸν
1770 2244 1798 2268 ὲν
1822 2240 1853 2275 τῇ

1067 2292 1183 2325 συνόδῳ,
1213 2290 1262 2317 καὶ
1280 2290 1351 2324 μετὰ
1377 2289 1426 2326 τὴν
1453 2289 1638 2325 χειροτονίανθ
1663 2289 1707 2315 ὅτε
1735 2287 1819 2314 ἐλθὼν
1840 2285 1854 2311 ό

1066 2340 1165 2366 νεωστὶ
1180 2337 1394 2373 χειροτονηθεὶς,
1419 2336 1465 2363 τοῦ
1494 2335 1712 2371 ἀρχιεπισκόπου
1737 2334 1783 2361 καὶ
1804 2333 1853 2360 τῶν

1066 2385 1220 2420 ἀρχιερέων
1233 2383 1408 2419 καθημένων,
1431 2382 1583 2419 προσκυνεῖ
1604 2381 1664 2416 τρὶς
1689 2380 1728 2416 τῷ
1747 2377 1854 2416 μεγάλῳ

1067 2432 1204 2467 ἀρχιερεῖ,
1222 2430 1272 2465 τὴν
1293 2422 1433 2464 ὑτιοταγὴν
1451 2428 1535 2456 αὐτοῦ
1551 2427 1671 2459 δεικνὺς,
1697 2427 1746 2454 καὶ
1769 2425 1853 2460 τιμῶν

1066 2479 1116 2514 τὴν
1136 2477 1250 2513 Τριάδα.
1275 2474 1341 2503 Εἶτα
1367 2474 1538 2511 προσελθὼν,
1564 2475 1790 2509 ὐπανισταμένου
1810 2471 1854 2498 καὶ

1067 2526 1114 2552 τοῦ
1133 2524 1352 2560 ὰρχιεπισκόπου
1367 2524 1478 2559 μικρὸν,
1502 2523 1638 2558 τιμῶντος
1652 2523 1732 2549 αὑτὸν
1755 2521 1791 2553 ὡς
1808 2521 1854 2554 ἀρ-

1069 2571 1175 2607 χιερέα,
1200 2569 1318 2597 καὶτῶν
1334 2570 1422 2597 ἄλλων
1447 2570 1477 2596 δὲ
1502 2570 1658 2605 ἱσταμένων
1686 2567 1874 2616 ἀρχιερέωνὝ

1069 2619 1126 2648 ἴσος
1144 2617 1199 2652 γάρ
1232 2618 1306 2642 ἐστιν
1321 2615 1414 2648 αὐτοῖς
1430 2616 1477 2643 καὶ
1492 2615 1650 2651 ὀματαγὴς,
1676 2615 1795 2641 ποιεῖται
1810 2612 1852 2638 τὸν

1070 2663 1218 2698 ἀσπασμὸν
1234 2660 1369 2697 συνήθως·
1388 2663 1435 2689 καὶ
1454 2661 1500 2689 τὸν
1520 2661 1570 2697 μὲν
1586 2662 1802 2698 ἀρχιεπίσκοπον
1817 2658 1852 2688 εἷς

1070 2710 1103 2736 τὸ·
1115 2709 1178 2743 γόνυ
1196 2708 1242 2735 καὶ
1267 2709 1318 2744 τὴν
1334 2709 1413 2743 χεῖρα
1429 2708 1476 2735 καὶ
1491 2709 1541 2743 τὴν
1559 2708 1678 2743 παρειὰν
1694 2706 1850 2739 ἀσπάζεται,

1070 2757 1133 2788 τοὺς
1150 2755 1290 2790 ἀρχιερεῖς
1310 2754 1338 2780 δὲ
1363 2754 1528 2789 ἱσταμένους
1551 2754 1633 2790 168
1652 2754 1692 2785 είς
1715 2753 1746 2780 τὸ
1762 2751 1851 2786 στόμα-

1072 2803 1125 2828 Καὶ
1137 2801 1208 2828 οὕτω
1223 2800 1304 2826 πάλιν
1319 2800 1401 2834 μέσον
1419 2800 1496 2832 στᾶς,
1514 2800 1560 2826 καὶ
1574 2800 1620 2826 τὸν
1642 2799 1853 2834 ἀρχιεπίσκοπον

1071 2847 1278 2884 προσκυνήσας,
1303 2845 1444 2873 κῖλεύεται
1469 2846 1646 2883 καθεσθῆναι·
1663 2847 1718 2883 ,καὶ
1743 2844 1853 2880 κάθηται
