1941 3040
74 93 128 125 437

583 100 593 102 '
617 96 665 125 DE
689 95 825 132 SACRIS
839 95 1186 137 ORDINATIONIBUS.

1661 99 1722 131 438'

72 153 115 183 Il;
128 152 176 179 τὸν
188 153 272 179 τόπον
286 153 335 188 τῆς
349 153 436 187 αὐτῆς
456 154 635 188 Ἐκκλπησίειις1
650 155 701 189 ἤδη
714 155 762 182 καὶ
777 155 871 182 τοῦτον

937 168 952 186 n
968 161 1058 188 medio
1071 165 1137 193 stat,
1150 166 1177 189 et
1194 165 1339 196 postquam
1371 168 1432 189 sese
1455 168 1548 188 coram
1578 159 1716 194 archirpi-

72 198 260 233 παραλαϐών.
280 199 325 225 Διὸ
346 199 394 225 καὶ
416 199 430 225 ὀ
453 199 600 234 ἀσπασμὸς
623 200 738 233 γίνεται,
756 199 799 226 ἵνα
823 200 871 227 καὶ

73 245 123 271 τὸν
135 245 234 278 Θρόνωι
247 244 330 271 αὑτοῦ
350 244 420 281 λάϐῃ
443 245 492 272 καὶ
516 245 703 281 συγκάθεδρος
719 246 871 281 ἀναγορευ-

73 291 108 326 Θῇ
135 293 186 325 τῆς
214 291 324 318 συνόδου
344 292 391 318 καὶ
419 292 581 327 συγκριτής.
601 293 657 319 Καὶ
680 293 712 328 δὴ
737 293 808 319 κατὰ
823 293 873 328 τὴν

74 338 154 371 τάξιν
165 338 214 365 τοῦ
224 338 319 374 θρόνου
329 338 411 365 αὐτοῦ
424 340 472 366 καὶ
483 339 532 374 τὴν
546 339 630 374 τιμὴν
642 339 708 374 ἔχει·
723 342 772 366 καὶ
785 339 873 375 κάθη-

74 392 122 411 ται
141 384 189 410 καὶ
202 384 382 420 γνωμοδοτεί,
404 385 452 412 καὶ
464 385 499 411 τά
514 385 597 411 λοιπὰ
611 384 731 419 ἐνεργεῖ.

363 530 488 559 ΚΕΦΑΛ.
508 529 593 557 ΣΚΓ.

77 589 163 617 Atat!
182 590 217 615 ἐν
229 588 270 621 τῷ
294 587 382 622 τρίτῳ
399 588 450 616 καὶ
473 588 637 619 τελευταίῳ
652 586 806 621 ασπασμῷ
826 587 877 622 θυτ

116 625 215 658 plaga
228 623 303 658 μετὰ
311 621 564 658 ξροδοστάγματρς
588 623 809 658 προσφέρεταιῇ
828 621 877 648 καὶ

117 656 188 693 kept
208 656 260 697 τῆς
279 656 621 697 λεγομένης-ὀτράερωςὶ
648 657 715 697 ῇτρι
743 656 878 692 γράμμα-

115 692 180 727 τος,
199 694 234 725 τὰ
250 693 315 728 περὶ
333 693 389 727 τῆς
403 694 594 727 χειροτονίας
604 692 787 727 δηλοῦντος.

123 752 204 778 Ἐπεὶ
219 751 247 778 δὲ
269 751 356 790 ταῦτα
378 751 422 777 διὰ
446 752 497 785 τῆς
513 750 625 785 χάριτος
639 749 732 781 ἔλαϐε,
753 749 802 776 καὶ
824 748 878 775 τῶν

79 799 210 833 εὐόσμων
225 796 412 832 προσφέρεται
438 805 476 830 τι,
494 793 550 822 οἷον
569 796 753 831 ροδόσταγμα,
768 795 815 821 καὶ
831 794 879 820 Θυ-

83 845 180 880 μιαμα
193 844 237 870 διὰ
247 843 294 870 τοῦ
308 845 354 870 ἐπὶ
367 843 419 878 τῆς
437 843 577 876 εὐταξίας,
592 842 622 874 ὃς
637 842 685 868 καὶ
700 841 877 876 προηγεῖται,
895 838 916 866 Β

81 891 132 917 καὶ
151 891 198 916 sint
216 890 443 925 χειροτονηθέντα
458 890 487 915 ἐν
500 889 607 920 τούτοις
623 888 691 914 πᾶσι
707 887 878 922 προπέμπει.

81 937 179 968 οὕτως
210 935 257 963 οὖν
281 939 295 963 ὸ
329 936 533 972 χειροτονηθεὶς
562 935 710 970 ἀρχιερεὺς
741 933 880 964 καταστὰς

81 985 176 1011 πάντα
188 984 224 1010 1‘1
240 984 425 1018 νενομισμένα
437 983 591 1009 τετέλεκεν.
608 982 656 1012 Ὃς
668 980 717 1007 καὶ
733 979 880 1015 ἐγγράφως

80 1030 221 1065 λαμϐάνει
246 1029 282 1056 τά
299 1029 364 1064 περὶ
390 1028 474 1056 αὑτοῦ
498 1028 684 1063 ὑπομνήματα
705 1028 745 1059 εἰς
761 1027 880 1062 δήλωσιν

82 1075 250 1111 ἀσφαλείας,
268 1075 388 1111 γράμμα
400 1074 490 1102 λαϐὼν
504 1075 592 1101 πάντα
607 1075 734 1109 περιέχον
749 1075 799 1106 τὴν
813 1073 881 1100 ἀνα-

81 1123 182 1158 γωγὴν
201 1122 296 1154 αὑτοῦ,
309 1123 359 1156 τὴν
375 1121 537 1157 ἱερωσύνην,
550 1122 595 1147 τὸν
609 1120 677 1156 βίον,
688 1114 743 1151 ’τὰς
756 1119 875 1155 ψήφους,

83 1168 134 1194 καὶ
148 1168 202 1193 ὑπὸ
217 1167 302 1194 τινων
314 1167 477 1202 ἐψήφισται,
492 1167 539 1192 καὶ
555 1167 630 1197 ὅπως
646 1165 695 1201 τὴν
711 1164 880 1200 ἀρχιερωσύ-

83 1221 135 1247 νην
151 1212 305 1244 κανονικῶς
320 1213 427 1239 ἐλαϐεν.
457 1213 489 1239 '0
514 1211 546 1247 δὴ
571 1211 619 1238 καλ⁸
636 1211 649 1237 ό
666 1210 881 1246 άρχιεπίσκοπος

83 1258 259 1294 ὑπογράφει,
275 1258 323 1285 καὶ
340 1257 438 1294 βούλλῃ
462 1257 551 1290 οἰκείᾳ
580 1255 740 1291 σφραγίζει,
759 1255 796 1286 ὡς
813 1255 846 1282 ἂν
863 1256 880 1289 ἡ

82 1305 126 1337 εἰς
136 1304 187 1341 τὴν
203 1305 360 1340 ἐπισκοπὴν
371 1304 539 1336 κατάστασις
551 1303 730 1339 ὲμμάρτυρος
745 1301 839 1328 τούτου

367 1449 491 1481 ΚΕΦΔΛ.
512 1448 599 1476 ΣΚΔ¹.

86 1497 156 1532 Περὶ
176 1497 393 1529 καταστάσεως
406 1495 456 1523 καὶ
469 1495 668 1530 χειροτονίας,
684 1495 880 1530 πατριάρχου.
894 1507 916 1539 c

128 1543 208 1571 Ἐπεὶ
233 1543 262 1570 δὲ
288 1543 337 1570 καὶ
358 1543 373 1569 ὸ
398 1543 573 1577 πατριάρχης
592 1542 753 1573 ἐπίσκοπος,
778 1540 880 1575 ῐδωμεν

87 1590 137 1618 καὶ
149 1590 187 1617 τὰ
199 1589 262 1616 κατ’
275 1589 358 1615 αὑτὸν
374 1589 403 1615 ὲν
420 1589 453 1623 τῇ
472 1587 628 1623 χειροτονίᾳ
645 1586 692 1614 τοῦ
716 1585 879 1614 ἐπισκόπου.

88 1636 267 1671 Πατριάρχου
294 1635 363 1670 πρὸς
390 1633 456 1661 Θεὸν
482 1634 688 1669 μεταστάντος,
714 1632 802 1663 οὐδεὶς
827 1632 882 1658 τῶν

87 1683 245 1719 ἀρχιερέων
259 1683 293 1717 τῇ
310 1681 423 1717 Μεγάλῃ
438 1681 507 1719 ᾷλως
538 1680 675 1716 ἐκκλησίᾳ
699 1679 881 1715 παραϐάλλει,

89 1730 136 1757 ἵνα
154 1729 192 1764 μὴ
211 1728 250 1761 ὡς
267 1728 400 1763 ἐπιϐάτης
423 1727 547 1763 λογισθῇ.
565 1726 619 1764 Τοῦ
643 1726 778 1761 βασιλέως
793 1725 828 1752 δὲ
845 1724 883 1756 ὼς

90 1778 204 1804 ὲκδίκου
220 1774 271 1810 τῆς
290 1770 463 1810 Ἐκκλησῑας
479 1773 640 1809 προτροπὴν
656 1773 760 1800 ἄνωθεν
775 1772 882 1807 ἔχοντος

90 1824 146 1850 τῶν
159 1822 242 1849 θείων
263 1821 405 1855 Πατέρων,
434 1820 543 1847 σύνοδον
570 1819 646 1854 ἱερὰν
677 1818 773 1845 τούτου
802 1818 883 1852 χάριν

93 1869 222 1902 συνάγειν
247 1867 419 1902 ἀρχιερέων,
449 1865 530 1897 αὐτὸς
558 1865 591 1900 δὴ
618 1865 632 1891 ό
655 1864 782 1900 βασιλεὺς
820 1863 884 1894 τοὺς

92 1914 305 1949 πλησιοχώρους
322 1912 519 1948 προσκαλεῖται
534 1912 580 1939 διὰ
596 1911 818 1947 προσταγμάτων
833 1910 884 1944 ἁρ-

92 1961 209 1995 χιερείς.
223 1957 279 1993 Καὶ
296 1956 485 1992 συναχθέντων
503 1956 604 1988 αὐτῶν,
621 1955 722 1987 πάντες
736 1955 763 1981 οἵ
773 1964 802 1981 τε
818 1956 885 1988 πρό-

93 2014 176 2040 τερον
190 1995 267 2034 ὕντες
280 2004 309 2029 ὲν
324 2004 357 2038 τῇ
371 2002 477 2038 μεγάλῃ
493 2002 581 2034 πόλει,
594 2001 621 2028 οῖ
630 2011 660 2028 τε
676 2000 886 2036 συναθροισθέν-

93 2058 140 2081 τες
169 2048 270 2080 ἑξιυθεν
296 2047 354 2073 ὅσοι
378 2047 491 2074 δυνατὸν
518 2046 616 2078 ἐλθεῖν,
644 2046 707 2072 ἐπεὶ
732 2045 778 2072 καὶ
806 2045 885 2079 εἴπερ

95 2097 200 2125 πάντες
214 2091 285 2129 ἦσαν
304 2093 453 2125 κανονικοὶ,
471 2092 518 2119 τοῦ
543 2092 675 2128 βασιλέως
693 2092 886 2129 προστάγματι

95 2140 166 2177 ὁμοῦ
183 2141 347 2173 συνάγονται
373 2140 403 2166 ὲν
428 2137 492 2173 ἱερῷ
514 2137 590 2173 τόπῳ
612 2138 663 2165 ἐνί.
689 2138 744 2164 Καὶ
765 2137 843 2163 τοῦτο
858 2137 886 2164 δὲ

924 214 1008 242 scopo
1026 207 1179 241 inclinavit,
1192 208 1317 236 assidere
1331 207 1456 243 jubetur.
1474 207 1557 237 Sedet
1582 211 1670 234 autem
1687 206 1722 233 inv

925 253 986 288 loco
998 254 1122 281 ecclesia:
1144 262 1201 282 sua:
1218 246 1311 282 debito
1324 276 1332 289 ,
1346 255 1403 290 jam
1415 254 1489 282 illius
1504 258 1633 289 capturus
1649 261 1714 288 pos-

925 299 1095 334 sessionem;
1111 301 1173 329 ideo
1184 301 1257 329 enim
1276 301 1362 328 ﬁtilla
1379 301 1521 332 salutatio.
1538 305 1568 328 ut
1583 300 1715 328 thronum

926 353 1008 373 suum
1020 347 1152 381 accipiat,
1169 351 1197 374 et
1211 347 1310 381 synodi
1327 347 1516 382 promulgetur
1536 353 1669 376 assessor.
1687 350 1714 372 et

926 400 988 420 cum
1004 393 1066 420 aliis
1089 392 1183 428 iudex.
1200 392 1267 419 Nam
1297 392 1448 421 secundum
1473 392 1595 420 ordinem
1623 392 1715 420 throni

926 438 969 466 sui
987 443 1013 466 et
1027 439 1189 471 honoratur.
1205 443 1232 466 et
1248 439 1334 473 sedet,
1356 444 1384 467 et
1408 439 1572 468 sententiam
1598 438 1674 470 dicit,
1691 441 1718 464 et

926 489 1026 512 caetera
1039 492 1182 520 operatur.

1191 542 1307 571 CAPUT
1321 543 1460 572 CCXXIII.

932 599 1024 633 Quare
1041 600 1076 627 ad
1089 601 1198 628 tertium
1216 605 1241 627 et
1259 601 1384 628 ultimum
1399 601 1517 629 osculum
1543 602 1643 636 stt/litus
1659 609 1717 627 cum

967 643 1039 670 aqua
1058 644 1166 663 rosatca
1186 636 1309 670 o/fertur,
1323 643 1348 664 et
1368 637 1400 663 de
1425 638 1529 665 actione
1553 639 1607 665 sive
1622 638 1720 670 scripto

970 678 1020 704 quo
1038 670 1137 706 singuli
1158 672 1333 699 ordinationis
1349 673 1417 699 ritus
1428 679 1607 707 exponuntur.

966 757 1034 785 Cum
1053 762 1143 786 autem
1168 767 1216 794 per
1231 760 1348 795 gratiam
1379 761 1437 788 lucc
1470 763 1618 796 acceperit,
1640 763 1720 790 offert

932 803 1036 839 aliquid
1065 805 1242 839 suaveolens,
1270 806 1355 833 veluti
1379 815 1490 836 roseum
1518 809 1664 843 liquorem,
1693 814 1720 837 et

930 857 990 884 quae
1005 849 1126 878 sutlitum
1142 855 1205 885 apta
1219 856 1283 879 sunt
1300 852 1400 885 facere,
1415 861 1463 888 per
1476 861 1540 881 eum
1568 855 1616 889 qui
1636 862 1721 882 curre-

931 896 1034 924 moniis
1050 899 1148 928 ordine
1163 898 1277 933 agendis
1294 900 1458 937 praepesitus
1472 904 1524 933 est,
1540 901 1588 936 qui
1615 901 1643 928 in
1671 902 1721 929 hu-

930 941 1052 976 jusmodi
1067 947 1095 971 et
1107 944 1196 978 praeit,
1221 949 1248 972 et
1260 945 1417 973 ordinatum
1425 946 1547 974 deducit.
1558 947 1626 975 Cum
1640 947 1722 982 igitur

931 988 972 1016 sic
986 988 1130 1024 episcopus
1151 990 1300 1019 institutus
1320 992 1414 1019 omnia
1442 1001 1502 1026 qua:
1530 993 1635 1027 legibus
1661 1000 1721 1022 sta-

933 1038 990 1061 tuta
1009 1039 1072 1062 sunt
1088 1035 1245 1070 perfecerit.
1260 1037 1365 1073 scripto
1380 1039 1463 1066 etiam
1482 1039 1580 1074 accipit
1592 1039 1723 1067 testiﬁca-

932 1080 1033 1107 tionem
1049 1081 1205 1110 securitatis
1217 1090 1300 1110 causa
1313 1091 1409 1118 eorum
1429 1093 1489 1120 quas
1508 1087 1541 1113 de
1565 1086 1625 1121 ipso
1648 1087 1722 1114 dicta

932 1125 1038 1154 factave
1061 1131 1146 1161 sunt;
1175 1127 1294 1162 diploma
1322 1137 1419 1166 nempe
1445 1132 1539 1158 omnia
1564 1132 1722 1165 continens,

932 1172 1132 1201 institutionem
1151 1174 1250 1209 ipsius,
1267 1183 1372 1208 mores,
1399 1178 1596 1210 sacerdotium,
1624 1179 1722 1206 sull‘ra-

932 1219 986 1253 gis.
1002 1223 1029 1246 et
1044 1227 1059 1256 a
1074 1220 1174 1254 quibus
1190 1221 1319 1257 snﬂragia
1336 1224 1463 1258 Taecepit.
1490 1231 1579 1258 quave
1614 1225 1721 1253 ratione

932 1259 1122 1299 episcopatum
1141 1266 1274 1294 canonice
1298 1268 1429 1302 suscepit.
1448 1267 1505 1296 Hoc
1533 1269 1718 1297 testimonium

933 1309 1159 1345 archiepiscopus
1177 1311 1327 1340 subscribit
1341 1317 1368 1340 et
1381 1313 1452 1341 bulla
1463 1315 1573 1349 propria
1585 1316 1721 1350 obsignat,

933 1358 963 1380 ut
977 1353 1012 1380 sit
1027 1354 1065 1381 illi
1083 1356 1268 1389 promotionis
1281 1362 1309 1385 et
1324 1357 1509 1387 institutionis
1531 1360 1564 1387 ad
1580 1361 1724 1396 episcopa—

934 1404 990 1427 tum
1002 1400 1167 1428 testiﬁcatio.

1192 1446 1306 1476 CAPUT
1325 1447 1466 1479 CCXVXIV.

987 1492 1026 1520 De
1051 1494 1241 1522 constitutione
1265 1500 1290 1522 et
1314 1495 1482 1523 ordinatione
1495 1497 1666 1531 patriai-clue.

968 1538 1037 1566 Cum
1057 1544 1148 1568 autem
1165 1541 1313 1576 episcopus
1340 1541 1370 1569 ﬁt
1387 1542 1559 1576 patriarcha,
1580 1544 1722 1572 videamus

932 1585 997 1619 quid
1016 1584 1043 1612 in
1056 1585 1117 1620 ejus
1135 1587 1346 1615 consecratione
1372 1588 1515 1616 observari
1545 1590 1642 1628 soleat.
1670 1590 1722 1617 Pa-

933 1631 1052 1658 triarclta
1066 1639 1100 1658 ex
1121 1631 1172 1659 bac
1188 1632 1242 1659 vita
1258 1632 1291 1659 ad
1312 1633 1396 1660 Deum
1409 1634 1534 1669 profecto
1555 1626 1647 1664 nullus
1664 1644 1725 1663 om-

933 1677 1000 1704 ninu
1014 1677 1206 1712 episcoporum
1219 1678 1253 1705 ad
1276 1678 1398 1714 Magnam
1432 1680 1576 1708 ecclesiam
1606 1682 1722 1723 accedit,

934 1730 968 1750 ne
980 1723 1071 1750 sedem
1091 1723 1162 1751 hanc
1178 1724 1308 1752 invadere
1320 1724 1390 1754 velle
1403 1727 1529 1755 videatur
1543 1737 1550 1756 :
1562 1728 1610 1756 sed
1638 1719 1724 1767 impe-

934 1772 1048 1796 ratores
1062 1768 1095 1796 de
1123 1777 1205 1797 causa
1227 1777 1333 1798 sacram
1366 1772 1557 1808 episcoporum
1586 1774 1722 1812 synodum

934 1818 1078 1848 convocat,
1094 1822 1126 1843 ea
1153 1821 1235 1844 utens
1268 1818 1433 1846 auctoritate
1459 1819 1511 1847 sibi
1529 1811 1680 1854 antiquitus
1708 1829 1723 1849 a

934 1860 1036 1888 divinis
1057 1861 1186 1890 Patribus
1213 1868 1242 1890 ut
1258 1863 1389 1891 Ecclesiae
1410 1864 1551 1893 defensori
1582 1874 1724 1894 concessa.

934 1905 1056 1933 Advocat
1071 1907 1154 1942 igitur
1164 1907 1190 1934 in
1206 1908 1312 1941 urbem,
1331 1909 1414 1944 regiis
1428 1910 1486 1937 suis
1496 1910 1605 1943 litteris,
1619 1911 1725 1940 vicinos

935 1953 1079 1987 episcopos
1103 1957 1235 1988 quantum
1261 1954 1319 1981 ﬁeri
1350 1958 1462 1989 potest;
1490 1963 1553 1982 nam
1579 1956 1603 1984 si
1630 1965 1724 1984 omnes

937 1998 1074 2031 adessent,
1085 2006 1130 2026 res
1141 2004 1215 2026 esset
1230 1999 1309 2034 plane
1322 2002 1465 2028 canonica.
1474 2000 1515 2028 Illi
1532 2002 1614 2037 igitur
1628 2011 1726 2031 secun-

937 2045 1000 2071 dum
1019 2045 1111 2080 regias
1123 2045 1230 2077 litteras
1249 2039 1331 2075 simul
1347 2053 1409 2074 cum
1431 2047 1465 2074 iis
1481 2047 1570 2082 qui-in
1586 2050 1652 2075 urbe
1668 2053 1725 2075 tum

936 2094 1083 2118 versantur
1094 2090 1121 2125 in
1138 2090 1199 2118 loco
1214 2097 1294 2118 sacro
1320 2096 1534 2128 congregantur.
1550 2093 1588 2120 Ex
1613 2094 1726 2128 antiqua

939 2141 1030 2164 autem
1057 2137 1258 2179 consuetudine
1284 2138 1336 2166 soli
1367 2146 1422 2166 non
1445 2145 1667 2175 congregantur,
1694 2147 1728 2167 ne

96 2188 214 2225 ἀρχαῖον
239 2185 300 2217 ἑοος
325 2185 355 2211 τὸ
381 2184 420 2219 μὴ
451 2184 549 2218 μόνους
574 2183 750 2218 συνάγεσθαι,
777 2183 820 2210 ῐνα
849 2183 883 2219 μὴ

939 2182 1087 2219 schismata
1102 2178 1175 2211 inter
1193 2191 1240 2212 eos
1255 2190 1282 2212 et
1306 2185 1442 2214 tmnultus
1459 2186 1629 2221 ccutingaut'.
1654 2187 1727 2214 Con-

97 2233 240 2269 σχὶσματά
252 2240 313 2259 τινα
328 2231 449 2267 συμϐαίη
462 2230 588 2264 γενέσθαι
600 2231 647 2257 καὶ
658 2231 792 2265 ταραχάς.
804 2230 888 2259 Συνά-

97 2289 195 2315 γονται
210 2280 239 2305 δὲ
255 2279 304 2305 οὐκ
320 2279 348 2304 ἐν
362 2277 401 2312 τῷ
418 2277 530 2312 μεγάλῳ
548 2276 602 2311 ναῷ
614 2277 660 2303 1:03
676 2276 888 2312 πατριαρχειου,

98 2328 141 2355 ὃτι
161 2326 336 2360 πατριάρχης
357 2324 407 2352 οὐκ
430 2323 498 2355 ἔστι,
519 2325 566 2349 καὶ
593 2322 678 2349 οὖτινι
697 2323 772 2349 ἄδεια
799 2324 889 2349 ἐκεῖσε

100 2371 282 2407 παραϐαλεῖν,
294 2370 350 2397 ἀλλ’
365 2371 394 2396 ὲν
412 2370 451 2405 τῷ
466 2370 520 2396 τῶν
537 2370 621 2403 ἁγίων
640 2370 809 2396 Ἀποατόλων
826 2369 891 2404 θείῳ

102 2418 193 2455 σηκῷ,
211 2417 255 2444 διὰ
270 2417 320 2451 τὴν
335 2417 414 2451 χάριν
432 2416 486 2442 τῶν
510 2415 677 2447 ἁποδτὰλων,
696 2415 743 2442 καὶ
764 2416 805 2442 ὅτι
825 2416 891 2450 ᾁπο-

102 2465 226 2491 στολικὸν
240 2465 270 2488 τὸ
283 2463 484 2497 λειτούργημα,
511 2464 558 2488 καὶ
581 2462 675 2498 κύκλῳ
691 2462 719 2488 ὁὶ
739 2463 769 2489 αἱ
785 2463 891 2493 εἰκόνες

101 2511 157 2537 τῶν
171 2509 338 2540 ἀποστόλων,
351 2508 388 2540 ὡς
404 2509 451 2534 καὶ
467 2509 496 2534 ὲν
510 2507 548 2542 τῷ
562 2507 722 2543 ψηφιφορίῳ
735 2508 759 2534 οἱ
776 2508 893 2534 ἀπόστο-

101 2559 145 2584 λοι
162 2556 357 2590 ἀνιστόρηνται
372 2555 476 2581 ἄνωθεν
496 2555 527 2580 τὸ
541 2554 653 2589 Πνεῦμα
669 2555 820 2589 δεχόμενοι.
837 2555 893 2590 Τῆς

103 2603 189 2638 εὐχῆς
206 2600 264 2634 οὖν,
282 2601 392 2628 καὶτῶν
408 2600 490 2635 τριῶν
505 2600 603 2634 φώτων
625 2601 672 2627 καὶ
688 2601 735 2628 τοῦ
752 2601 895 2637 θυμιάμα-

103 2658 162 2683 τος,
176 2650 224 2675 καὶ
237 2648 284 2674 τοῦ
300 2645 488 2682 μνημοσύνου,
509 2646 556 2673 καὶ
571 2646 620 2681 τῆς
638 2646 796 2679 ἀπολύσεως
818 2648 894 2683 παρὰ

105 2696 153 2724 τοῦ
171 2694 282 2730 πρώτου
297 2693 448 2728 ἀρχιερέως
461 2692 642 2719 τελεσθέντων
654 2714 662 2726 ,
681 2693 904 2728 συμψοιλλόντων

107 2743 156 2770 καὶ
185 2740 393 2775 συνευχομένων
424 2740 470 2765 καὶ
500 2739 555 2765 τῶν
581 2738 694 2772 λοιπῶν,
724 2740 795 2767 κατὰ
818 2741 896 2774 τάξιν

107 2791 254 2825 κάθηνται,
272 2788 353 2824 μόνον
366 2786 412 2813 τοῦ
429 2786 637 2822 χαρτοφύλακος
657 2787 748 2818 αὐτοῖς
762 2796 895 2822 συμπαρ-

109 2837 196 2873 όντος,
212 2835 260 2862 καὶ
281 2833 318 2865 ὡς
343 2832 403 2864 ἔθος
424 2833 452 2859 αἱ
477 2831 562 2867 ψῆφοι
585 2833 615 2860 ἐν
630 2833 704 2868 τρισὶ
728 2832 897 2868 προσώποις,

940 2235 1090 2266 gregantur
1105 2234 1198 2258 autem
1226 2238 1282 2258 non
1302 2231 1329 2258 in
1351 2239 1450 2266 magno
1475 2233 1631 2266 patriarohii
1663 2238 1729 2260 tem-

941 2276 996 2311 plo,
1009 2283 1041 2303 eo
1060 2276 1131 2310 quod
1148 2283 1202 2303 non
1216 2281 1257 2307 est
1284 2276 1452 2310 patriarcha,
1484 2278 1642 2312 neminiquc
1667 2278 1729 2305 licet

941 2322 1007 2350 illud
1024 2321 1165 2354 accedere,
1177 2322 1223 2349 sed
1243 2322 1270 2349 in
1290 2322 1381 2349 divina
1401 2323 1562 2350 Sanctorum
1586 2323 1729 2358 Apostolo-

941 2377 1003 2396 rum
1029 2369 1156 2402 ecclesia,
1186 2373 1242 2396 tum
1265 2372 1376 2404 propter
1400 2369 1516 2404 gratiam
1539 2370 1727 2402 apostolicam,

943 2420 1001 2443 tum
1019 2420 1131 2450 propter
1163 2415 1348 2442 ministerium
1368 2415 1557 2449 apostolicum.
1580 2415 1660 2442 Circa
1682 2423 1730 2443 et-s

943 2470 1069 2497 appensa:
1086 2466 1152 2489 sunt
1166 2461 1358 2496 apostolorum
1374 2460 1517 2495 imagines,
1532 2461 1606 2488 velut
1627 2462 1655 2488 in
1672 2461 1730 2488 loco

944 2509 1136 2543 suﬁragiorum
1149 2507 1326 2534 ferendorum
1345 2506 1459 2533 historia
1474 2507 1661 2541 apostolorum
1675 2514 1732 2534 cte-

944 2556 1011 2582 litus
1022 2546 1155 2589 Spiritum
1174 2552 1365 2588 recipientium
1383 2553 1494 2587 depingi
1521 2557 1653 2580 consueta
1677 2558 1728 2580 est.

945 2601 1074 2628 Oratione
1089 2600 1170 2634 igitur
1184 2603 1211 2627 et
1226 2599 1315 2626 tribus
1332 2599 1493 2631 luminibus,
1508 2603 1536 2626 et
1551 2599 1641 2626 thuris
1656 2599 1731 2626 suni-

946 2651 987 2679 tu,
1003 2650 1031 2672 et
1045 2646 1223 2677 munumento,
1239 2649 1266 2671 et
1289 2644 1463 2672 absolutionc
1490 2646 1524 2671 ab
1541 2644 1730 2678 episcoporum

946 2692 1034 2728 printo
1064 2690 1194 2725 perfectis
1211 2709 1219 2723 ,
1248 2690 1355 2717 caeteris
1385 2690 1469 2718 simul
1497 2690 1678 2724 psallentibus
1705 2694 1733 2717 et

948 2735 1186 2771 comprecanlibus
1201 2735 1298 2762 ordine
1312 2735 1417 2767 sedent,
1435 2736 1495 2763 solo
1520 2736 1734 2770 cbartophylace

949 2783 1016 2818 ipsis
1046 2781 1217 2809 considente.
1264 2780 1397 2814 Sutl'ragia
1444 2784 1536 2807 autem
1583 2781 1733 2807 secundum

951 2827 1205 2859 consuetudinem,
1239 2833 1269 2854 ut.
1298 2826 1427 2858 diximus,
1457 2826 1484 2854 in
1512 2831 1568 2855 tres
1605 2833 1736 2861 personas
