  <div class='ocr_page' id='page_1' title='image "/cluster/home/n/w/nwhite01/storage/ocr_20150623/155/njp.32101010943494/251.png"; bbox 0 0 1941 3040; ppageno 0'>
   <div class='ocr_carea' id='block_1_1' title="bbox 209 110 263 142">
    <p class='ocr_par' dir='ltr' id='par_1_1' title="bbox 209 110 263 142">
     <span class='ocr_line' id='line_1_1' title="bbox 209 110 263 142; baseline -0.037 0"><span class='ocrx_word' id='word_1_1' title='bbox 209 110 263 142; x_wconf 73' lang='grc'><strong>439</strong></span> 
     </span>
    </p>
   </div>
   <div class='ocr_carea' id='block_1_2' title="bbox 616 111 1404 147">
    <p class='ocr_par' dir='ltr' id='par_1_2' title="bbox 616 111 1404 147">
     <span class='ocr_line' id='line_1_2' title="bbox 616 111 1404 147; baseline 0.006 -6"><span class='ocrx_word' id='word_1_2' title='bbox 616 112 806 144; x_wconf 83' lang='lat' dir='ltr'><strong>SYMEONIS</strong></span> <span class='ocrx_word' id='word_1_3' title='bbox 822 111 1046 142; x_wconf 83' lang='lat' dir='ltr'><strong>THESSALON</strong></span> <span class='ocrx_word' id='word_1_4' title='bbox 1052 111 1201 143; x_wconf 80' lang='lat' dir='ltr'><strong>ICENSIS</strong></span> <span class='ocrx_word' id='word_1_5' title='bbox 1224 112 1404 147; x_wconf 79' lang='lat' dir='ltr'><strong>ARCHiEP.</strong></span> 
     </span>
    </p>
   </div>
   <div class='ocr_carea' id='block_1_3' title="bbox 1777 111 1842 142">
    <p class='ocr_par' dir='ltr' id='par_1_3' title="bbox 1777 111 1842 142">
     <span class='ocr_line' id='line_1_3' title="bbox 1777 111 1842 142; baseline 0.015 -1"><span class='ocrx_word' id='word_1_6' title='bbox 1777 111 1842 142; x_wconf 66' lang='grc'><strong>440</strong></span> 
     </span>
    </p>
   </div>
   <div class='ocr_carea' id='block_1_4' title="bbox 211 167 1009 204">
    <p class='ocr_par' dir='ltr' id='par_1_4' title="bbox 211 169 1009 204">
     <span class='ocr_line' id='line_1_4' title="bbox 211 169 1009 204; baseline 0.001 -10"><span class='ocrx_word' id='word_1_7' title='bbox 211 169 346 201; x_wconf 79' lang='lat' dir='ltr'><strong>feruntur,</strong></span> <span class='ocrx_word' id='word_1_8' title='bbox 358 169 466 204; x_wconf 80' lang='lat' dir='ltr'><strong>lataque</strong></span> <span class='ocrx_word' id='word_1_9' title='bbox 483 169 516 196; x_wconf 89' lang='lat' dir='ltr'><strong>ad</strong></span> <span class='ocrx_word' id='word_1_10' title='bbox 534 169 725 203; x_wconf 74' lang='lat' dir='ltr'><strong>imperatorem</strong></span> <span class='ocrx_word' id='word_1_11' title='bbox 750 176 764 195; x_wconf 88' lang='lat' dir='ltr'><strong>a</strong></span> <span class='ocrx_word' id='word_1_12' title='bbox 780 169 1009 203; x_wconf 35' lang='lat' dir='ltr'><strong>chartophylace,</strong></span> 
     </span>
    </p>
   </div>
   <div class='ocr_carea' id='block_1_5' title="bbox 1055 167 1843 204">
    <p class='ocr_par' dir='ltr' id='par_1_5' title="bbox 1055 167 1843 204">
     <span class='ocr_line' id='line_1_5' title="bbox 1055 167 1843 204; baseline -0.003 -9"><span class='ocrx_word' id='word_1_13' title='bbox 1055 169 1081 200; x_wconf 72' lang='grc' dir='ltr'><strong>υς</strong></span> <span class='ocrx_word' id='word_1_14' title='bbox 1096 169 1260 204; x_wconf 72' lang='grc' dir='ltr'>εἰρήκαμεν,</span> <span class='ocrx_word' id='word_1_15' title='bbox 1278 169 1410 203; x_wconf 87' lang='grc' dir='ltr'>γίνονται.</span> <span class='ocrx_word' id='word_1_16' title='bbox 1436 168 1492 196; x_wconf 82' lang='grc' dir='ltr'><strong>Καὶ</strong></span> <span class='ocrx_word' id='word_1_17' title='bbox 1513 168 1562 200; x_wconf 84' lang='grc' dir='ltr'><strong>τὰς</strong></span> <span class='ocrx_word' id='word_1_18' title='bbox 1579 168 1685 202; x_wconf 80' lang='grc' dir='ltr'>ψήφους</span> <span class='ocrx_word' id='word_1_19' title='bbox 1702 167 1801 199; x_wconf 82' lang='grc' dir='ltr'>ταύτας</span> <span class='ocrx_word' id='word_1_20' title='bbox 1821 169 1843 194; x_wconf 81' lang='grc' dir='ltr'><strong><em>ὁ</em></strong></span> 
     </span>
    </p>
   </div>
   <div class='ocr_carea' id='block_1_6' title="bbox 211 214 994 249">
    <p class='ocr_par' dir='ltr' id='par_1_6' title="bbox 211 214 994 249">
     <span class='ocr_line' id='line_1_6' title="bbox 211 214 994 249; baseline -0.001 -8"><span class='ocrx_word' id='word_1_21' title='bbox 211 219 239 241; x_wconf 87' lang='lat' dir='ltr'><strong>ct</strong></span> <span class='ocrx_word' id='word_1_22' title='bbox 256 214 363 242; x_wconf 86' lang='lat' dir='ltr'><strong>duobus</strong></span> <span class='ocrx_word' id='word_1_23' title='bbox 377 215 514 249; x_wconf 84' lang='lat' dir='ltr'><strong>episcopis</strong></span> <span class='ocrx_word' id='word_1_24' title='bbox 525 214 697 242; x_wconf 83' lang='lat' dir='ltr'><strong>deferuntur.</strong></span> <span class='ocrx_word' id='word_1_25' title='bbox 714 215 802 242; x_wconf 83' lang='lat' dir='ltr'><strong>Unius</strong></span> <span class='ocrx_word' id='word_1_26' title='bbox 816 214 849 242; x_wconf 88' lang='lat' dir='ltr'><strong>de</strong></span> <span class='ocrx_word' id='word_1_27' title='bbox 867 214 954 242; x_wconf 83' lang='lat' dir='ltr'><strong>tribus</strong></span> <span class='ocrx_word' id='word_1_28' title='bbox 979 220 994 240; x_wconf 72' lang='grc' dir='ltr'><strong>τι</strong></span> 
     </span>
    </p>
   </div>
   <div class='ocr_carea' id='block_1_7' title="bbox 204 259 997 294">
    <p class='ocr_par' dir='ltr' id='par_1_7' title="bbox 204 259 997 294">
     <span class='ocr_line' id='line_1_7' title="bbox 204 259 997 294; baseline 0 -8"><span class='ocrx_word' id='word_1_29' title='bbox 204 260 331 286; x_wconf 76' lang='lat' dir='ltr'><strong>concilio</strong></span> <span class='ocrx_word' id='word_1_30' title='bbox 376 260 523 287; x_wconf 86' lang='lat' dir='ltr'><strong>nominatis</strong></span> <span class='ocrx_word' id='word_1_31' title='bbox 555 260 654 288; x_wconf 76' lang='lat' dir='ltr'><strong>electio</strong></span> <span class='ocrx_word' id='word_1_32' title='bbox 680 260 840 294; x_wconf 81' lang='lat' dir='ltr'><strong>antiquitus</strong></span> <span class='ocrx_word' id='word_1_33' title='bbox 880 259 997 294; x_wconf 84' lang='lat' dir='ltr'><strong>impera-</strong></span> 
     </span>
    </p>
   </div>
   <div class='ocr_carea' id='block_1_8' title="bbox 206 304 996 340">
    <p class='ocr_par' dir='ltr' id='par_1_8' title="bbox 206 304 996 340">
     <span class='ocr_line' id='line_1_8' title="bbox 206 304 996 340; baseline 0.001 -10"><span class='ocrx_word' id='word_1_34' title='bbox 206 304 277 337; x_wconf 76' lang='lat' dir='ltr'><strong>&#39;t0ri,</strong></span> <span class='ocrx_word' id='word_1_35' title='bbox 298 304 327 331; x_wconf 67' lang='lat' dir='ltr'><strong>ui.</strong></span> <span class='ocrx_word' id='word_1_36' title='bbox 344 307 435 337; x_wconf 82' lang='lat' dir='ltr'><strong>tincto,</strong></span> <span class='ocrx_word' id='word_1_37' title='bbox 451 313 465 331; x_wconf 91' lang='lat' dir='ltr'><strong>a</strong></span> <span class='ocrx_word' id='word_1_38' title='bbox 483 305 611 332; x_wconf 75' lang='lat' dir='ltr'><strong>i‘atribus</strong></span> <span class='ocrx_word' id='word_1_39' title='bbox 641 305 773 340; x_wconf 88' lang='lat' dir='ltr'><strong>permissa</strong></span> <span class='ocrx_word' id='word_1_40' title='bbox 794 309 846 337; x_wconf 85' lang='lat' dir='ltr'><strong>est,</strong></span> <span class='ocrx_word' id='word_1_41' title='bbox 874 312 906 331; x_wconf 87' lang='lat' dir='ltr'><strong>eo</strong></span> <span class='ocrx_word' id='word_1_42' title='bbox 924 305 996 339; x_wconf 85' lang='lat' dir='ltr'><strong>quod</strong></span> 
     </span>
    </p>
   </div>
   <div class='ocr_carea' id='block_1_9' title="bbox 206 347 997 386">
    <p class='ocr_par' dir='ltr' id='par_1_9' title="bbox 206 347 997 386">
     <span class='ocr_line' id='line_1_9' title="bbox 206 347 997 386; baseline 0.001 -10"><span class='ocrx_word' id='word_1_43' title='bbox 206 352 383 377; x_wconf 78' lang='lat' dir='ltr'><strong>&#39;Omnessunt</strong></span> <span class='ocrx_word' id='word_1_44' title='bbox 400 354 418 377; x_wconf 80' lang='lat' dir='ltr'><strong>&#39;a</strong></span> <span class='ocrx_word' id='word_1_45' title='bbox 451 351 557 386; x_wconf 85' lang='lat' dir='ltr'><strong>synodo</strong></span> <span class='ocrx_word' id='word_1_46' title='bbox 578 351 667 384; x_wconf 72' lang='lat' dir='ltr'><strong>electi,</strong></span> <span class='ocrx_word' id='word_1_47' title='bbox 685 356 713 378; x_wconf 90' lang='lat' dir='ltr'><strong>et</strong></span> <span class='ocrx_word' id='word_1_48' title='bbox 742 351 814 386; x_wconf 77' lang='lat' dir='ltr'><strong>digni</strong></span> <span class='ocrx_word' id='word_1_49' title='bbox 834 357 866 378; x_wconf 91' lang='lat' dir='ltr'><strong>eo</strong></span> <span class='ocrx_word' id='word_1_50' title='bbox 895 347 997 378; x_wconf 90' lang='lat' dir='ltr'><strong>hono&#39;re</strong></span> 
     </span>
    </p>
   </div>
   <div class='ocr_carea' id='block_1_10' title="bbox 209 394 333 429">
    <p class='ocr_par' dir='ltr' id='par_1_10' title="bbox 209 394 333 429">
     <span class='ocr_line' id='line_1_10' title="bbox 209 394 333 429; baseline 0.008 -8"><span class='ocrx_word' id='word_1_51' title='bbox 209 394 333 429; x_wconf 70' lang='lat' dir='ltr'><strong>iudicati.</strong></span> 
     </span>
    </p>
   </div>
   <div class='ocr_carea' id='block_1_11' title="bbox 470 452 733 481">
    <p class='ocr_par' dir='ltr' id='par_1_11' title="bbox 470 452 733 481">
     <span class='ocr_line' id='line_1_11' title="bbox 470 452 733 481; baseline 0.004 -2"><span class='ocrx_word' id='word_1_52' title='bbox 470 452 586 480; x_wconf 84' lang='lat' dir='ltr'><strong>CAPUT</strong></span> <span class='ocrx_word' id='word_1_53' title='bbox 608 453 733 481; x_wconf 74' lang='lat' dir='ltr'><strong>CCXXV.</strong></span> 
     </span>
    </p>
   </div>
   <div class='ocr_carea' id='block_1_12' title="bbox 265 509 944 546">
    <p class='ocr_par' dir='ltr' id='par_1_12' title="bbox 265 509 944 546">
     <span class='ocr_line' id='line_1_12' title="bbox 265 509 944 546; baseline 0.003 -10"><span class='ocrx_word' id='word_1_54' title='bbox 265 509 342 542; x_wconf 82' lang='lat' dir='ltr'><strong>Quod</strong></span> <span class='ocrx_word' id='word_1_55' title='bbox 354 510 385 536; x_wconf 88' lang='lat' dir='ltr'><strong>ab</strong></span> <span class='ocrx_word' id='word_1_56' title='bbox 397 511 556 544; x_wconf 74' lang='lat' dir='ltr'><strong>imperatore</strong></span> <span class='ocrx_word' id='word_1_57' title='bbox 575 513 632 546; x_wconf 82' lang='lat' dir='ltr'><strong>ipso</strong></span> <span class='ocrx_word' id='word_1_58' title='bbox 645 518 771 545; x_wconf 72' lang='lat' dir='ltr'><strong>prwsenle</strong></span> <span class='ocrx_word' id='word_1_59' title='bbox 786 511 944 546; x_wconf 82' lang='lat' dir='ltr'><strong>dignitatem</strong></span> 
     </span>
    </p>
   </div>
   <div class='ocr_carea' id='block_1_13' title="bbox 401 546 806 581">
    <p class='ocr_par' dir='ltr' id='par_1_13' title="bbox 401 546 806 581">
     <span class='ocr_line' id='line_1_13' title="bbox 401 546 806 581; baseline 0.005 -10"><span class='ocrx_word' id='word_1_60' title='bbox 401 546 555 580; x_wconf 80' lang='lat' dir='ltr'><strong>patriarcha</strong></span> <span class='ocrx_word' id='word_1_61' title='bbox 572 549 668 573; x_wconf 78' lang='lat' dir='ltr'><strong>electus</strong></span> <span class='ocrx_word' id='word_1_62' title='bbox 685 548 806 581; x_wconf 73' lang='lat' dir='ltr'><strong>suscipit.</strong></span> 
     </span>
    </p>
   </div>
   <div class='ocr_carea' id='block_1_14' title="bbox 246 591 998 627">
    <p class='ocr_par' dir='ltr' id='par_1_14' title="bbox 246 591 998 627">
     <span class='ocr_line' id='line_1_14' title="bbox 246 591 998 627; baseline 0.001 -8"><span class='ocrx_word' id='word_1_63' title='bbox 246 591 298 625; x_wconf 86' lang='lat' dir='ltr'><strong>Qui</strong></span> <span class='ocrx_word' id='word_1_64' title='bbox 315 592 397 627; x_wconf 81' lang='lat' dir='ltr'><strong>igitur</strong></span> <span class='ocrx_word' id='word_1_65' title='bbox 411 600 426 620; x_wconf 79' lang='grc' dir='ltr'><strong>ο</strong></span> <span class='ocrx_word' id='word_1_66' title='bbox 442 593 530 619; x_wconf 90' lang='lat' dir='ltr'><strong>tribus</strong></span> <span class='ocrx_word' id='word_1_67' title='bbox 545 592 649 620; x_wconf 88' lang='lat' dir='ltr'><strong>electus</strong></span> <span class='ocrx_word' id='word_1_68' title='bbox 662 599 716 624; x_wconf 82' lang='lat' dir='ltr'><strong>est.</strong></span> <span class='ocrx_word' id='word_1_69' title='bbox 742 598 768 620; x_wconf 91' lang='lat' dir='ltr'><strong>et</strong></span> <span class='ocrx_word' id='word_1_70' title='bbox 787 593 951 624; x_wconf 77' lang='lat' dir='ltr'><strong>declaratus.</strong></span> <span class='ocrx_word' id='word_1_71' title='bbox 971 597 998 620; x_wconf 88' lang='lat' dir='ltr'><strong>et</strong></span> 
     </span>
    </p>
   </div>
   <div class='ocr_carea' id='block_1_15' title="bbox 211 638 998 674">
    <p class='ocr_par' dir='ltr' id='par_1_15' title="bbox 211 638 998 674">
     <span class='ocr_line' id='line_1_15' title="bbox 211 638 998 674; baseline 0.001 -9"><span class='ocrx_word' id='word_1_72' title='bbox 211 638 245 665; x_wconf 80' lang='lat' dir='ltr'><strong>ab</strong></span> <span class='ocrx_word' id='word_1_73' title='bbox 261 639 319 673; x_wconf 91' lang='lat' dir='ltr'><strong>ipso</strong></span> <span class='ocrx_word' id='word_1_74' title='bbox 336 640 503 673; x_wconf 75' lang='lat' dir='ltr'><strong>imperatore</strong></span> <span class='ocrx_word' id='word_1_75' title='bbox 514 644 648 673; x_wconf 76' lang='lat' dir='ltr'><strong>prmsenle</strong></span> <span class='ocrx_word' id='word_1_76' title='bbox 669 639 767 672; x_wconf 82' lang='lat' dir='ltr'><strong>dignus</strong></span> <span class='ocrx_word' id='word_1_77' title='bbox 791 640 998 674; x_wconf 74' lang='lat' dir='ltr'><strong>pronuntiatus,</strong></span> 
     </span>
    </p>
   </div>
   <div class='ocr_carea' id='block_1_16' title="bbox 211 683 997 719">
    <p class='ocr_par' dir='ltr' id='par_1_16' title="bbox 211 683 997 719">
     <span class='ocr_line' id='line_1_16' title="bbox 211 683 997 719; baseline 0 -9"><span class='ocrx_word' id='word_1_78' title='bbox 211 684 263 711; x_wconf 91' lang='lat' dir='ltr'><strong>hoc</strong></span> <span class='ocrx_word' id='word_1_79' title='bbox 277 683 350 711; x_wconf 93' lang='lat' dir='ltr'><strong>enim</strong></span> <span class='ocrx_word' id='word_1_80' title='bbox 371 684 399 710; x_wconf 83' lang='lat' dir='ltr'><strong>tit</strong></span> <span class='ocrx_word' id='word_1_81' title='bbox 416 689 446 711; x_wconf 88' lang='grc' dir='ltr'><strong>ιιι</strong></span> <span class='ocrx_word' id='word_1_82' title='bbox 464 685 610 719; x_wconf 91' lang='lat' dir='ltr'><strong>plurimum</strong></span> <span class='ocrx_word' id='word_1_83' title='bbox 624 688 736 719; x_wconf 87' lang='lat' dir='ltr'><strong>propter</strong></span> <span class='ocrx_word' id='word_1_84' title='bbox 751 684 842 719; x_wconf 86' lang='lat' dir='ltr'><strong>operis</strong></span> <span class='ocrx_word' id='word_1_85' title='bbox 860 685 997 718; x_wconf 77' lang='lat' dir='ltr'><strong>magnitu-</strong></span> 
     </span>
    </p>
   </div>
   <div class='ocr_carea' id='block_1_17' title="bbox 211 729 999 764">
    <p class='ocr_par' dir='ltr' id='par_1_17' title="bbox 211 729 999 764">
     <span class='ocr_line' id='line_1_17' title="bbox 211 729 999 764; baseline 0 -9"><span class='ocrx_word' id='word_1_86' title='bbox 211 729 302 756; x_wconf 91' lang='lat' dir='ltr'><strong>dinem</strong></span> <span class='ocrx_word' id='word_1_87' title='bbox 321 734 348 756; x_wconf 89' lang='lat' dir='ltr'><strong>et</strong></span> <span class='ocrx_word' id='word_1_88' title='bbox 371 737 454 764; x_wconf 75' lang='lat' dir='ltr'><strong>grave</strong></span> <span class='ocrx_word' id='word_1_89' title='bbox 468 730 586 757; x_wconf 91' lang='lat' dir='ltr'><strong>actionis</strong></span> <span class='ocrx_word' id='word_1_90' title='bbox 602 734 779 762; x_wconf 86' lang='lat' dir='ltr'><strong>momentum,</strong></span> <span class='ocrx_word' id='word_1_91' title='bbox 796 730 867 764; x_wconf 80' lang='lat' dir='ltr'><strong>quod</strong></span> <span class='ocrx_word' id='word_1_92' title='bbox 891 729 938 763; x_wconf 87' lang='lat' dir='ltr'><strong>qui</strong></span> <span class='ocrx_word' id='word_1_93' title='bbox 951 737 999 755; x_wconf 82' lang='lat' dir='ltr'><strong>no-</strong></span> 
     </span>
    </p>
   </div>
   <div class='ocr_carea' id='block_1_18' title="bbox 213 773 998 808">
    <p class='ocr_par' dir='ltr' id='par_1_18' title="bbox 213 773 998 808">
     <span class='ocr_line' id='line_1_18' title="bbox 213 773 998 808; baseline 0.003 -9"><span class='ocrx_word' id='word_1_94' title='bbox 213 777 321 805; x_wconf 87' lang='lat' dir='ltr'><strong>verunt,</strong></span> <span class='ocrx_word' id='word_1_95' title='bbox 337 778 508 805; x_wconf 85' lang='lat' dir='ltr'><strong>reveremur,</strong></span> <span class='ocrx_word' id='word_1_96' title='bbox 529 773 653 800; x_wconf 87' lang='lat' dir='ltr'><strong>electioni</strong></span> <span class='ocrx_word' id='word_1_97' title='bbox 667 774 823 801; x_wconf 82' lang='lat' dir='ltr'><strong>consentire</strong></span> <span class='ocrx_word' id='word_1_98' title='bbox 839 781 998 808; x_wconf 86' lang='lat' dir='ltr'><strong>persuasus,</strong></span> 
     </span>
    </p>
   </div>
   <div class='ocr_carea' id='block_1_19' title="bbox 212 817 997 852">
    <p class='ocr_par' dir='ltr' id='par_1_19' title="bbox 212 817 997 852">
     <span class='ocr_line' id='line_1_19' title="bbox 212 817 997 852; baseline 0 -9"><span class='ocrx_word' id='word_1_99' title='bbox 212 823 298 850; x_wconf 82' lang='lat' dir='ltr'><strong>eaque</strong></span> <span class='ocrx_word' id='word_1_100' title='bbox 331 823 453 851; x_wconf 83' lang='lat' dir='ltr'><strong>accepta,</strong></span> <span class='ocrx_word' id='word_1_101' title='bbox 471 817 573 844; x_wconf 90' lang='lat' dir='ltr'><strong>indicta</strong></span> <span class='ocrx_word' id='word_1_102' title='bbox 597 818 640 844; x_wconf 85' lang='lat' dir='ltr'><strong>die</strong></span> <span class='ocrx_word' id='word_1_103' title='bbox 662 818 873 844; x_wconf 88' lang='lat' dir='ltr'><strong>declarationem</strong></span> <span class='ocrx_word' id='word_1_104' title='bbox 888 818 997 852; x_wconf 79' lang='lat' dir='ltr'><strong>excipit,</strong></span> 
     </span>
    </p>
   </div>
   <div class='ocr_carea' id='block_1_20' title="bbox 211 862 995 898">
    <p class='ocr_par' dir='ltr' id='par_1_20' title="bbox 211 862 995 898">
     <span class='ocr_line' id='line_1_20' title="bbox 211 862 995 898; baseline 0.001 -9"><span class='ocrx_word' id='word_1_105' title='bbox 211 862 370 889; x_wconf 84' lang='lat' dir='ltr'><strong>convoeatis</strong></span> <span class='ocrx_word' id='word_1_106' title='bbox 389 863 517 890; x_wconf 81' lang='lat' dir='ltr'><strong>omnibus</strong></span> <span class='ocrx_word' id='word_1_107' title='bbox 534 863 579 897; x_wconf 80' lang='lat' dir='ltr'><strong>qui</strong></span> <span class='ocrx_word' id='word_1_108' title='bbox 596 863 649 889; x_wconf 89' lang='lat' dir='ltr'><strong>illic</strong></span> <span class='ocrx_word' id='word_1_109' title='bbox 664 868 738 895; x_wconf 90' lang='lat' dir='ltr'><strong>sunt,</strong></span> <span class='ocrx_word' id='word_1_110' title='bbox 755 864 902 898; x_wconf 75' lang='lat' dir='ltr'><strong>episcopis,</strong></span> <span class='ocrx_word' id='word_1_111' title='bbox 919 871 995 897; x_wconf 82' lang='lat' dir='ltr'><strong>pres-</strong></span> 
     </span>
    </p>
   </div>
   <div class='ocr_carea' id='block_1_21' title="bbox 212 906 999 943">
    <p class='ocr_par' dir='ltr' id='par_1_21' title="bbox 212 906 999 943">
     <span class='ocr_line' id='line_1_21' title="bbox 212 906 999 943; baseline 0 -9"><span class='ocrx_word' id='word_1_112' title='bbox 212 906 325 942; x_wconf 81' lang='lat' dir='ltr'><strong>byteris,</strong></span> <span class='ocrx_word' id='word_1_113' title='bbox 342 907 574 940; x_wconf 85' lang='lat' dir='ltr'><strong>archimandritis,</strong></span> <span class='ocrx_word' id='word_1_114' title='bbox 587 908 758 942; x_wconf 81' lang='lat' dir='ltr'><strong>hegumenis,</strong></span> <span class='ocrx_word' id='word_1_115' title='bbox 772 909 855 940; x_wconf 85' lang='lat' dir='ltr'><strong>clero,</strong></span> <span class='ocrx_word' id='word_1_116' title='bbox 869 914 895 936; x_wconf 87' lang='lat' dir='ltr'><strong>et</strong></span> <span class='ocrx_word' id='word_1_117' title='bbox 908 908 999 943; x_wconf 88' lang='lat' dir='ltr'><strong>populi</strong></span> 
     </span>
    </p>
   </div>
   <div class='ocr_carea' id='block_1_22' title="bbox 213 953 1000 988">
    <p class='ocr_par' dir='ltr' id='par_1_22' title="bbox 213 953 1000 988">
     <span class='ocr_line' id='line_1_22' title="bbox 213 953 1000 988; baseline 0 -9"><span class='ocrx_word' id='word_1_118' title='bbox 213 959 312 988; x_wconf 76' lang='lat' dir='ltr'><strong>magna</strong></span> <span class='ocrx_word' id='word_1_119' title='bbox 328 957 415 987; x_wconf 85' lang='lat' dir='ltr'><strong>parte,</strong></span> <span class='ocrx_word' id='word_1_120' title='bbox 434 953 508 979; x_wconf 88' lang='lat' dir='ltr'><strong>velut</strong></span> <span class='ocrx_word' id='word_1_121' title='bbox 537 959 662 988; x_wconf 86' lang='lat' dir='ltr'><strong>promoto</strong></span> <span class='ocrx_word' id='word_1_122' title='bbox 680 954 817 980; x_wconf 88' lang='lat' dir='ltr'><strong>communi</strong></span> <span class='ocrx_word' id='word_1_123' title='bbox 833 954 924 986; x_wconf 85' lang='lat' dir='ltr'><strong>Patre,</strong></span> <span class='ocrx_word' id='word_1_124' title='bbox 942 961 1000 980; x_wconf 72' lang='lat' dir='ltr'><strong>om~</strong></span> 
     </span>
    </p>
   </div>
   <div class='ocr_carea' id='block_1_23' title="bbox 213 998 997 1035">
    <p class='ocr_par' dir='ltr' id='par_1_23' title="bbox 213 998 997 1035">
     <span class='ocr_line' id='line_1_23' title="bbox 213 998 997 1035; baseline 0.004 -11"><span class='ocrx_word' id='word_1_125' title='bbox 213 998 295 1025; x_wconf 87' lang='lat' dir='ltr'><strong>nibus</strong></span> <span class='ocrx_word' id='word_1_126' title='bbox 323 1006 430 1033; x_wconf 83' lang='lat' dir='ltr'><strong>quoque</strong></span> <span class='ocrx_word' id='word_1_127' title='bbox 463 998 631 1033; x_wconf 85' lang='lat' dir='ltr'><strong>principibus</strong></span> <span class='ocrx_word' id='word_1_128' title='bbox 657 1000 795 1034; x_wconf 80' lang='lat' dir='ltr'><strong>lampades</strong></span> <span class='ocrx_word' id='word_1_129' title='bbox 810 1000 997 1035; x_wconf 73' lang='lat' dir='ltr'><strong>gestantibus,</strong></span> 
     </span>
    </p>
   </div>
   <div class='ocr_carea' id='block_1_24' title="bbox 214 1043 1001 1079">
    <p class='ocr_par' dir='ltr' id='par_1_24' title="bbox 214 1043 1001 1079">
     <span class='ocr_line' id='line_1_24' title="bbox 214 1043 1001 1079; baseline 0.003 -9"><span class='ocrx_word' id='word_1_130' title='bbox 214 1043 285 1070; x_wconf 82' lang='lat' dir='ltr'><strong>facta</strong></span> <span class='ocrx_word' id='word_1_131' title='bbox 302 1051 392 1078; x_wconf 84' lang='lat' dir='ltr'><strong>prece,</strong></span> <span class='ocrx_word' id='word_1_132' title='bbox 409 1049 439 1070; x_wconf 95' lang='lat' dir='ltr'><strong>ut</strong></span> <span class='ocrx_word' id='word_1_133' title='bbox 453 1043 556 1070; x_wconf 87' lang='lat' dir='ltr'><strong>dictum</strong></span> <span class='ocrx_word' id='word_1_134' title='bbox 571 1048 622 1077; x_wconf 87' lang='lat' dir='ltr'><strong>est,</strong></span> <span class='ocrx_word' id='word_1_135' title='bbox 639 1045 673 1071; x_wconf 86' lang='lat' dir='ltr'><strong>ab</strong></span> <span class='ocrx_word' id='word_1_136' title='bbox 689 1045 776 1072; x_wconf 80' lang='lat' dir='ltr'><strong>electo</strong></span> <span class='ocrx_word' id='word_1_137' title='bbox 790 1045 958 1079; x_wconf 87' lang='lat' dir='ltr'><strong>patriarcha,</strong></span> <span class='ocrx_word' id='word_1_138' title='bbox 973 1049 1001 1072; x_wconf 82' lang='lat' dir='ltr'><strong>et</strong></span> 
     </span>
    </p>
   </div>
   <div class='ocr_carea' id='block_1_25' title="bbox 214 1089 1001 1124">
    <p class='ocr_par' dir='ltr' id='par_1_25' title="bbox 214 1089 1001 1124">
     <span class='ocr_line' id='line_1_25' title="bbox 214 1089 1001 1124; baseline 0.003 -9"><span class='ocrx_word' id='word_1_139' title='bbox 214 1089 386 1122; x_wconf 82' lang='lat' dir='ltr'><strong>dimissione,</strong></span> <span class='ocrx_word' id='word_1_140' title='bbox 408 1090 538 1117; x_wconf 85' lang='lat' dir='ltr'><strong>solemnis</strong></span> <span class='ocrx_word' id='word_1_141' title='bbox 558 1089 604 1116; x_wconf 90' lang='lat' dir='ltr'><strong>illa</strong></span> <span class='ocrx_word' id='word_1_142' title='bbox 618 1090 779 1124; x_wconf 65' lang='lat' dir='ltr'><strong>patriarchae</strong></span> <span class='ocrx_word' id='word_1_143' title='bbox 797 1090 878 1117; x_wconf 82' lang='lat' dir='ltr'><strong>electi</strong></span> <span class='ocrx_word' id='word_1_144' title='bbox 909 1090 1001 1118; x_wconf 86' lang='lat' dir='ltr'><strong>decla-</strong></span> 
     </span>
    </p>
   </div>
   <div class='ocr_carea' id='block_1_26' title="bbox 213 1134 1000 1170">
    <p class='ocr_par' dir='ltr' id='par_1_26' title="bbox 213 1134 1000 1170">
     <span class='ocr_line' id='line_1_26' title="bbox 213 1134 1000 1170; baseline 0.003 -9"><span class='ocrx_word' id='word_1_145' title='bbox 213 1135 285 1162; x_wconf 86' lang='lat' dir='ltr'><strong>ratio</strong></span> <span class='ocrx_word' id='word_1_146' title='bbox 301 1135 358 1162; x_wconf 88' lang='lat' dir='ltr'><strong>sive</strong></span> <span class='ocrx_word' id='word_1_147' title='bbox 378 1134 509 1162; x_wconf 86' lang='lat' dir='ltr'><strong>indicatio</strong></span> <span class='ocrx_word' id='word_1_148' title='bbox 526 1143 540 1162; x_wconf 93' lang='lat' dir='ltr'><strong>a</strong></span> <span class='ocrx_word' id='word_1_149' title='bbox 559 1136 688 1163; x_wconf 78' lang='lat' dir='ltr'><strong>maximis</strong></span> <span class='ocrx_word' id='word_1_150' title='bbox 705 1136 852 1163; x_wconf 78' lang='lat' dir='ltr'><strong>senatoriis</strong></span> <span class='ocrx_word' id='word_1_151' title='bbox 867 1135 1000 1170; x_wconf 88' lang='lat' dir='ltr'><strong>principi-</strong></span> 
     </span>
    </p>
   </div>
   <div class='ocr_carea' id='block_1_27' title="bbox 214 1180 1000 1214">
    <p class='ocr_par' dir='ltr' id='par_1_27' title="bbox 214 1180 1000 1214">
     <span class='ocr_line' id='line_1_27' title="bbox 214 1180 1000 1214; baseline 0 -8"><span class='ocrx_word' id='word_1_152' title='bbox 214 1180 266 1207; x_wconf 82' lang='lat' dir='ltr'><strong>bus</strong></span> <span class='ocrx_word' id='word_1_153' title='bbox 284 1181 491 1214; x_wconf 85' lang='lat' dir='ltr'><strong>pronuntiatur.</strong></span> <span class='ocrx_word' id='word_1_154' title='bbox 509 1180 684 1214; x_wconf 84' lang='lat' dir='ltr'><strong>Imperatoris</strong></span> <span class='ocrx_word' id='word_1_155' title='bbox 700 1180 771 1206; x_wconf 90' lang='lat' dir='ltr'><strong>cnim</strong></span> <span class='ocrx_word' id='word_1_156' title='bbox 790 1186 932 1214; x_wconf 81' lang='lat' dir='ltr'><strong>personam</strong></span> <span class='ocrx_word' id='word_1_157' title='bbox 953 1187 1000 1214; x_wconf 82' lang='lat' dir='ltr'><strong>ge-</strong></span> 
     </span>
    </p>
   </div>
   <div class='ocr_carea' id='block_1_28' title="bbox 213 1225 999 1260">
    <p class='ocr_par' dir='ltr' id='par_1_28' title="bbox 213 1225 999 1260">
     <span class='ocr_line' id='line_1_28' title="bbox 213 1225 999 1260; baseline -0.003 -8"><span class='ocrx_word' id='word_1_158' title='bbox 213 1230 289 1257; x_wconf 87' lang='lat' dir='ltr'><strong>runt,</strong></span> <span class='ocrx_word' id='word_1_159' title='bbox 306 1225 456 1260; x_wconf 83' lang='lat' dir='ltr'><strong>imperator</strong></span> <span class='ocrx_word' id='word_1_160' title='bbox 470 1233 535 1252; x_wconf 85' lang='lat' dir='ltr'><strong>vero</strong></span> <span class='ocrx_word' id='word_1_161' title='bbox 553 1233 613 1260; x_wconf 81' lang='lat' dir='ltr'><strong>quae</strong></span> <span class='ocrx_word' id='word_1_162' title='bbox 629 1225 726 1260; x_wconf 83' lang='lat' dir='ltr'><strong>synodi</strong></span> <span class='ocrx_word' id='word_1_163' title='bbox 740 1230 804 1252; x_wconf 91' lang='lat' dir='ltr'><strong>sunt</strong></span> <span class='ocrx_word' id='word_1_164' title='bbox 817 1225 999 1257; x_wconf 87' lang='lat' dir='ltr'><strong>administrat,</strong></span> 
     </span>
    </p>
   </div>
   <div class='ocr_carea' id='block_1_29' title="bbox 214 1268 999 1304">
    <p class='ocr_par' dir='ltr' id='par_1_29' title="bbox 214 1268 999 1304">
     <span class='ocr_line' id='line_1_29' title="bbox 214 1268 999 1304; baseline -0.003 -6"><span class='ocrx_word' id='word_1_165' title='bbox 214 1275 244 1298; x_wconf 91' lang='lat' dir='ltr'><strong>ut</strong></span> <span class='ocrx_word' id='word_1_166' title='bbox 262 1275 362 1298; x_wconf 84' lang='lat' dir='ltr'><strong>unctus</strong></span> <span class='ocrx_word' id='word_1_167' title='bbox 377 1271 496 1303; x_wconf 87' lang='lat' dir='ltr'><strong>Domini,</strong></span> <span class='ocrx_word' id='word_1_168' title='bbox 514 1275 540 1297; x_wconf 78' lang='lat' dir='ltr'><strong>ct</strong></span> <span class='ocrx_word' id='word_1_169' title='bbox 560 1269 687 1297; x_wconf 81' lang='lat' dir='ltr'><strong>defensor</strong></span> <span class='ocrx_word' id='word_1_170' title='bbox 699 1274 782 1304; x_wconf 84' lang='lat' dir='ltr'><strong>atque</strong></span> <span class='ocrx_word' id='word_1_171' title='bbox 808 1269 932 1296; x_wconf 79' lang='lat' dir='ltr'><strong>minister</strong></span> <span class='ocrx_word' id='word_1_172' title='bbox 946 1268 999 1296; x_wconf 89' lang='lat' dir='ltr'><strong>Ec-</strong></span> 
     </span>
    </p>
   </div>
   <div class='ocr_carea' id='block_1_30' title="bbox 213 1314 1000 1351">
    <p class='ocr_par' dir='ltr' id='par_1_30' title="bbox 213 1314 1000 1351">
     <span class='ocr_line' id='line_1_30' title="bbox 213 1314 1000 1351; baseline -0.004 -7"><span class='ocrx_word' id='word_1_173' title='bbox 213 1316 306 1344; x_wconf 74' lang='lat' dir='ltr'><strong>clesia:</strong></span> <span class='ocrx_word' id='word_1_174' title='bbox 317 1324 380 1344; x_wconf 92' lang='lat' dir='ltr'><strong>cum</strong></span> <span class='ocrx_word' id='word_1_175' title='bbox 397 1321 497 1344; x_wconf 83' lang='lat' dir='ltr'><strong>unctus</strong></span> <span class='ocrx_word' id='word_1_176' title='bbox 519 1320 570 1350; x_wconf 89' lang='lat' dir='ltr'><strong>est,</strong></span> <span class='ocrx_word' id='word_1_177' title='bbox 586 1317 761 1347; x_wconf 77' lang='lat' dir='ltr'><strong>consututus,</strong></span> <span class='ocrx_word' id='word_1_178' title='bbox 775 1315 858 1351; x_wconf 87' lang='lat' dir='ltr'><strong>idque</strong></span> <span class='ocrx_word' id='word_1_179' title='bbox 871 1319 926 1341; x_wconf 89' lang='lat' dir='ltr'><strong>tum</strong></span> <span class='ocrx_word' id='word_1_180' title='bbox 941 1314 1000 1350; x_wconf 87' lang='lat' dir='ltr'><strong>pol-</strong></span> 
     </span>
    </p>
   </div>
   <div class='ocr_carea' id='block_1_31' title="bbox 214 1361 317 1389">
    <p class='ocr_par' dir='ltr' id='par_1_31' title="bbox 214 1361 317 1389">
     <span class='ocr_line' id='line_1_31' title="bbox 214 1361 317 1389; baseline 0.01 -1"><span class='ocrx_word' id='word_1_181' title='bbox 214 1361 317 1389; x_wconf 83' lang='lat' dir='ltr'><strong>licitus.</strong></span> 
     </span>
    </p>
   </div>
   <div class='ocr_carea' id='block_1_32' title="bbox 460 1406 748 1442">
    <p class='ocr_par' dir='ltr' id='par_1_32' title="bbox 460 1406 748 1442">
     <span class='ocr_line' id='line_1_32' title="bbox 460 1406 748 1442; baseline -0.003 -7"><span class='ocrx_word' id='word_1_182' title='bbox 460 1406 574 1435; x_wconf 80' lang='lat' dir='ltr'><strong>CAPUT</strong></span> <span class='ocrx_word' id='word_1_183' title='bbox 605 1406 748 1442; x_wconf 24' lang='lat' dir='ltr'><strong>,ccxxvr.</strong></span> 
     </span>
    </p>
   </div>
   <div class='ocr_carea' id='block_1_33' title="bbox 287 1463 928 1500">
    <p class='ocr_par' dir='ltr' id='par_1_33' title="bbox 287 1463 928 1500">
     <span class='ocr_line' id='line_1_33' title="bbox 287 1463 928 1500; baseline -0.002 -8"><span class='ocrx_word' id='word_1_184' title='bbox 287 1464 427 1498; x_wconf 82' lang='lat' dir='ltr'><strong>Quomodo</strong></span> <span class='ocrx_word' id='word_1_185' title='bbox 442 1465 491 1500; x_wconf 76' lang='lat' dir='ltr'><strong>ﬁat</strong></span> <span class='ocrx_word' id='word_1_186' title='bbox 506 1464 639 1491; x_wconf 81' lang='lat' dir='ltr'><strong>decretum</strong></span> <span class='ocrx_word' id='word_1_187' title='bbox 659 1465 691 1490; x_wconf 84' lang='lat' dir='ltr'><strong>de</strong></span> <span class='ocrx_word' id='word_1_188' title='bbox 713 1463 770 1499; x_wconf 73' lang='lat' dir='ltr'><strong>ejus</strong></span> <span class='ocrx_word' id='word_1_189' title='bbox 791 1464 928 1492; x_wconf 83' lang='lat' dir='ltr'><strong>electione.</strong></span> 
     </span>
    </p>
   </div>
   <div class='ocr_carea' id='block_1_34' title="bbox 250 1511 1001 1547">
    <p class='ocr_par' dir='ltr' id='par_1_34' title="bbox 250 1511 1001 1547">
     <span class='ocr_line' id='line_1_34' title="bbox 250 1511 1001 1547; baseline 0 -8"><span class='ocrx_word' id='word_1_190' title='bbox 250 1511 423 1547; x_wconf 86' lang='lat' dir='ltr'><strong>Quapropter</strong></span> <span class='ocrx_word' id='word_1_191' title='bbox 439 1512 487 1546; x_wconf 89' lang='lat' dir='ltr'><strong>qui</strong></span> <span class='ocrx_word' id='word_1_192' title='bbox 511 1511 721 1538; x_wconf 75' lang='lat' dir='ltr'><strong>declarationem</strong></span> <span class='ocrx_word' id='word_1_193' title='bbox 745 1512 933 1546; x_wconf 89' lang='lat' dir='ltr'><strong>pronuntiant,</strong></span> <span class='ocrx_word' id='word_1_194' title='bbox 960 1511 1001 1539; x_wconf 87' lang='lat' dir='ltr'><strong>sic</strong></span> 
     </span>
    </p>
   </div>
   <div class='ocr_carea' id='block_1_35' title="bbox 215 1557 1003 1595">
    <p class='ocr_par' dir='ltr' id='par_1_35' title="bbox 215 1557 1003 1595">
     <span class='ocr_line' id='line_1_35' title="bbox 215 1557 1003 1595; baseline -0.004 -8"><span class='ocrx_word' id='word_1_195' title='bbox 215 1559 366 1595; x_wconf 88' lang='lat' dir='ltr'><strong>loquuntur</strong></span> <span class='ocrx_word' id='word_1_196' title='bbox 381 1567 387 1585; x_wconf 91' lang='lat'><strong>:</strong></span> <span class='ocrx_word' id='word_1_197' title='bbox 407 1567 416 1584; x_wconf 80' lang='grc' dir='ltr'><strong>ι</strong></span> <span class='ocrx_word' id='word_1_198' title='bbox 437 1557 527 1585; x_wconf 83' lang='lat' dir='ltr'><strong>Fortis</strong></span> <span class='ocrx_word' id='word_1_199' title='bbox 546 1561 573 1585; x_wconf 87' lang='lat' dir='ltr'><strong>et</strong></span> <span class='ocrx_word' id='word_1_200' title='bbox 598 1561 709 1585; x_wconf 81' lang='lat' dir='ltr'><strong>sanctus</strong></span> <span class='ocrx_word' id='word_1_201' title='bbox 723 1557 854 1585; x_wconf 89' lang='lat' dir='ltr'><strong>Dominus</strong></span> <span class='ocrx_word' id='word_1_202' title='bbox 870 1561 962 1585; x_wconf 86' lang='lat' dir='ltr'><strong>noster</strong></span> <span class='ocrx_word' id='word_1_203' title='bbox 975 1561 1003 1584; x_wconf 92' lang='lat' dir='ltr'><strong>et</strong></span> 
     </span>
    </p>
   </div>
   <div class='ocr_carea' id='block_1_36' title="bbox 215 1601 1002 1638">
    <p class='ocr_par' dir='ltr' id='par_1_36' title="bbox 215 1601 1002 1638">
     <span class='ocr_line' id='line_1_36' title="bbox 215 1601 1002 1638; baseline -0.004 -7"><span class='ocrx_word' id='word_1_204' title='bbox 215 1604 374 1638; x_wconf 86' lang='lat' dir='ltr'><strong>imperator,</strong></span> <span class='ocrx_word' id='word_1_205' title='bbox 393 1609 420 1630; x_wconf 88' lang='lat' dir='ltr'><strong>et</strong></span> <span class='ocrx_word' id='word_1_206' title='bbox 448 1603 539 1629; x_wconf 88' lang='lat' dir='ltr'><strong>divina</strong></span> <span class='ocrx_word' id='word_1_207' title='bbox 554 1609 688 1637; x_wconf 80' lang='lat' dir='ltr'><strong>sacraque</strong></span> <span class='ocrx_word' id='word_1_208' title='bbox 703 1607 729 1630; x_wconf 85' lang='lat' dir='ltr'><strong>et</strong></span> <span class='ocrx_word' id='word_1_209' title='bbox 753 1609 850 1637; x_wconf 81' lang='lat' dir='ltr'><strong>magna</strong></span> <span class='ocrx_word' id='word_1_210' title='bbox 880 1601 1002 1637; x_wconf 85' lang='lat' dir='ltr'><strong>synodus</strong></span> 
     </span>
    </p>
   </div>
   <div class='ocr_carea' id='block_1_37' title="bbox 217 1642 1001 1678">
    <p class='ocr_par' dir='ltr' id='par_1_37' title="bbox 217 1642 1001 1678">
     <span class='ocr_line' id='line_1_37' title="bbox 217 1642 1001 1678; baseline -0.004 -1"><span class='ocrx_word' id='word_1_211' title='bbox 217 1650 354 1678; x_wconf 81' lang='lat' dir='ltr'><strong>advocant</strong></span> <span class='ocrx_word' id='word_1_212' title='bbox 394 1642 567 1677; x_wconf 76' lang='lat' dir='ltr'><strong>sanctiiatcm</strong></span> <span class='ocrx_word' id='word_1_213' title='bbox 599 1654 673 1676; x_wconf 84' lang='lat' dir='ltr'><strong>tuam</strong></span> <span class='ocrx_word' id='word_1_214' title='bbox 709 1649 744 1675; x_wconf 84' lang='lat' dir='ltr'><strong>ad</strong></span> <span class='ocrx_word' id='word_1_215' title='bbox 783 1647 1001 1675; x_wconf 72' lang='lat' dir='ltr'><strong>excelsissimum</strong></span> 
     </span>
    </p>
   </div>
   <div class='ocr_carea' id='block_1_38' title="bbox 216 1693 1002 1731">
    <p class='ocr_par' dir='ltr' id='par_1_38' title="bbox 216 1693 1002 1731">
     <span class='ocr_line' id='line_1_38' title="bbox 216 1693 1002 1731; baseline -0.004 -8"><span class='ocrx_word' id='word_1_216' title='bbox 216 1697 349 1725; x_wconf 85' lang='lat' dir='ltr'><strong>thronum</strong></span> <span class='ocrx_word' id='word_1_217' title='bbox 366 1695 523 1731; x_wconf 85' lang='lat' dir='ltr'><strong>patriarclni</strong></span> <span class='ocrx_word' id='word_1_218' title='bbox 537 1693 850 1729; x_wconf 71' lang='lat' dir='ltr'><strong>Constantinopolitani:</strong></span> <span class='ocrx_word' id='word_1_219' title='bbox 867 1702 876 1718; x_wconf 76' lang='grc' dir='ltr'><strong>ι</strong></span> <span class='ocrx_word' id='word_1_220' title='bbox 900 1698 1002 1720; x_wconf 86' lang='lat' dir='ltr'><strong>testan-</strong></span> 
     </span>
    </p>
   </div>
   <div class='ocr_carea' id='block_1_39' title="bbox 217 1737 1003 1777">
    <p class='ocr_par' dir='ltr' id='par_1_39' title="bbox 217 1737 1003 1777">
     <span class='ocr_line' id='line_1_39' title="bbox 217 1737 1003 1777; baseline -0.008 -7"><span class='ocrx_word' id='word_1_221' title='bbox 217 1746 260 1770; x_wconf 80' lang='lat' dir='ltr'><strong>tes</strong></span> <span class='ocrx_word' id='word_1_222' title='bbox 270 1741 344 1777; x_wconf 87' lang='lat' dir='ltr'><strong>quod</strong></span> <span class='ocrx_word' id='word_1_223' title='bbox 359 1742 506 1776; x_wconf 87' lang='lat' dir='ltr'><strong>imperator</strong></span> <span class='ocrx_word' id='word_1_224' title='bbox 531 1748 585 1766; x_wconf 91' lang='lat' dir='ltr'><strong>non</strong></span> <span class='ocrx_word' id='word_1_225' title='bbox 603 1747 617 1766; x_wconf 90' lang='lat' dir='ltr'><strong>a</strong></span> <span class='ocrx_word' id='word_1_226' title='bbox 628 1739 729 1774; x_wconf 82' lang='lat' dir='ltr'><strong>seipso,</strong></span> <span class='ocrx_word' id='word_1_227' title='bbox 745 1738 795 1767; x_wconf 85' lang='lat' dir='ltr'><strong>sed</strong></span> <span class='ocrx_word' id='word_1_228' title='bbox 811 1746 871 1773; x_wconf 85' lang='lat' dir='ltr'><strong>quae</strong></span> <span class='ocrx_word' id='word_1_229' title='bbox 881 1737 1003 1773; x_wconf 81' lang='lat' dir='ltr'><strong>synodus</strong></span> 
     </span>
    </p>
   </div>
   <div class='ocr_carea' id='block_1_40' title="bbox 217 1783 1002 1821">
    <p class='ocr_par' dir='ltr' id='par_1_40' title="bbox 217 1783 1002 1821">
     <span class='ocr_line' id='line_1_40' title="bbox 217 1783 1002 1821; baseline -0.006 -7"><span class='ocrx_word' id='word_1_230' title='bbox 217 1787 314 1814; x_wconf 75' lang='lat' dir='ltr'><strong>statuit</strong></span> <span class='ocrx_word' id='word_1_231' title='bbox 328 1786 410 1815; x_wconf 82' lang='lat' dir='ltr'><strong>simul</strong></span> <span class='ocrx_word' id='word_1_232' title='bbox 435 1793 496 1813; x_wconf 89' lang='lat' dir='ltr'><strong>cum</strong></span> <span class='ocrx_word' id='word_1_233' title='bbox 522 1785 626 1821; x_wconf 83' lang='lat' dir='ltr'><strong>synodo</strong></span> <span class='ocrx_word' id='word_1_234' title='bbox 651 1785 820 1819; x_wconf 86' lang='lat' dir='ltr'><strong>pronuntiat,</strong></span> <span class='ocrx_word' id='word_1_235' title='bbox 854 1789 881 1812; x_wconf 85' lang='lat' dir='ltr'><strong>et</strong></span> <span class='ocrx_word' id='word_1_236' title='bbox 915 1783 1002 1811; x_wconf 86' lang='lat' dir='ltr'><strong>solum</strong></span> 
     </span>
    </p>
   </div>
   <div class='ocr_carea' id='block_1_41' title="bbox 219 1833 601 1867">
    <p class='ocr_par' dir='ltr' id='par_1_41' title="bbox 219 1833 601 1867">
     <span class='ocr_line' id='line_1_41' title="bbox 219 1833 601 1867; baseline -0.005 -6"><span class='ocrx_word' id='word_1_237' title='bbox 219 1833 402 1861; x_wconf 81' lang='lat' dir='ltr'><strong>ministerium</strong></span> <span class='ocrx_word' id='word_1_238' title='bbox 419 1833 463 1860; x_wconf 92' lang='lat' dir='ltr'><strong>hic</strong></span> <span class='ocrx_word' id='word_1_239' title='bbox 491 1835 601 1867; x_wconf 65' lang='lat' dir='ltr'><strong>pratbct.</strong></span> 
     </span>
    </p>
   </div>
   <div class='ocr_carea' id='block_1_42' title="bbox 460 1888 743 1918">
    <p class='ocr_par' dir='ltr' id='par_1_42' title="bbox 460 1888 743 1918">
     <span class='ocr_line' id='line_1_42' title="bbox 460 1888 743 1918; baseline -0.011 0"><span class='ocrx_word' id='word_1_240' title='bbox 460 1889 572 1918; x_wconf 78' lang='lat' dir='ltr'><strong>CAPUT</strong></span> <span class='ocrx_word' id='word_1_241' title='bbox 593 1888 743 1918; x_wconf 75' lang='lat' dir='ltr'><strong>CCXXVII.</strong></span> 
     </span>
    </p>
   </div>
   <div class='ocr_carea' id='block_1_43' title="bbox 221 1947 1002 2019">
    <p class='ocr_par' dir='ltr' id='par_1_43' title="bbox 221 1947 1002 2019">
     <span class='ocr_line' id='line_1_43' title="bbox 221 1947 1002 2019; baseline -0.005 -41"><span class='ocrx_word' id='word_1_242' title='bbox 221 1951 320 1979; x_wconf 83' lang='lat' dir='ltr'><strong>Contra</strong></span> <span class='ocrx_word' id='word_1_243' title='bbox 336 1958 379 1978; x_wconf 72' lang='lat' dir='ltr'><strong>eos</strong></span> <span class='ocrx_word' id='word_1_244' title='bbox 395 1951 441 1986; x_wconf 79' lang='lat' dir='ltr'><strong>qui</strong></span> <span class='ocrx_word' id='word_1_245' title='bbox 456 1950 547 1976; x_wconf 83' lang='lat' dir='ltr'><strong>dicunt</strong></span> <span class='ocrx_word' id='word_1_246' title='bbox 563 1950 632 2019; x_wconf 60' lang='lat' dir='ltr'><strong>qfuod</strong></span> <span class='ocrx_word' id='word_1_247' title='bbox 655 1951 800 1983; x_wconf 82' lang='lat' dir='ltr'><strong>imperator</strong></span> <span class='ocrx_word' id='word_1_248' title='bbox 819 1947 1002 1982; x_wconf 70' lang='lat' dir='ltr'><strong>patriai-altam</strong></span> 
     </span>
     <span class='ocr_line' id='line_1_44' title="bbox 589 1991 787 2013; baseline 0 -3"><span class='ocrx_word' id='word_1_249' title='bbox 589 1991 652 2013; x_wconf 71' lang='lat' dir='ltr'><strong>aut.</strong></span> <span class='ocrx_word' id='word_1_250' title='bbox 783 2006 787 2010; x_wconf 95' lang='lat'><strong>.</strong></span> 
     </span>
    </p>
   </div>
   <div class='ocr_carea' id='block_1_44' title="bbox 589 1991 652 2013">
    <p class='ocr_par' dir='ltr' id='par_1_44' title="bbox 589 1991 652 2013">
     <span class='ocr_line' id='line_1_45' title="bbox 589 1991 652 2013; baseline 0.048 -3"><span class='ocrx_word' id='word_1_251' title='bbox 589 1991 652 2013; x_wconf 71' lang='lat' dir='ltr'><strong>aut.</strong></span> 
     </span>
    </p>
   </div>
   <div class='ocr_carea' id='block_1_45' title="bbox 259 2045 1004 2083">
    <p class='ocr_par' dir='ltr' id='par_1_45' title="bbox 259 2045 1004 2083">
     <span class='ocr_line' id='line_1_46' title="bbox 259 2045 1004 2083; baseline -0.007 -8"><span class='ocrx_word' id='word_1_252' title='bbox 259 2048 430 2083; x_wconf 82' lang='lat' dir='ltr'><strong>Quapropter</strong></span> <span class='ocrx_word' id='word_1_253' title='bbox 457 2049 593 2080; x_wconf 78' lang='lat' dir='ltr'><strong>nugantur</strong></span> <span class='ocrx_word' id='word_1_254' title='bbox 621 2045 732 2079; x_wconf 79' lang='lat' dir='ltr'><strong>quidam</strong></span> <span class='ocrx_word' id='word_1_255' title='bbox 747 2052 838 2073; x_wconf 92' lang='lat' dir='ltr'><strong>rerum</strong></span> <span class='ocrx_word' id='word_1_256' title='bbox 873 2051 1004 2072; x_wconf 87' lang='lat' dir='ltr'><strong>novarum</strong></span> 
     </span>
    </p>
   </div>
   <div class='ocr_carea' id='block_1_46' title="bbox 222 2090 1006 2126">
    <p class='ocr_par' dir='ltr' id='par_1_46' title="bbox 222 2090 1006 2126">
     <span class='ocr_line' id='line_1_47' title="bbox 222 2090 1006 2126; baseline -0.009 -2"><span class='ocrx_word' id='word_1_257' title='bbox 222 2097 380 2124; x_wconf 85' lang='lat' dir='ltr'><strong>inventores</strong></span> <span class='ocrx_word' id='word_1_258' title='bbox 392 2093 495 2121; x_wconf 84' lang='lat' dir='ltr'><strong>invidia</strong></span> <span class='ocrx_word' id='word_1_259' title='bbox 509 2091 630 2126; x_wconf 86' lang='lat' dir='ltr'><strong>impulsi,</strong></span> <span class='ocrx_word' id='word_1_260' title='bbox 646 2098 706 2118; x_wconf 87' lang='lat' dir='ltr'><strong>cum</strong></span> <span class='ocrx_word' id='word_1_261' title='bbox 722 2091 817 2118; x_wconf 90' lang='lat' dir='ltr'><strong>dicunt</strong></span> <span class='ocrx_word' id='word_1_262' title='bbox 835 2100 841 2117; x_wconf 89' lang='lat'><strong>:</strong></span> <span class='ocrx_word' id='word_1_263' title='bbox 856 2090 1006 2126; x_wconf 85' lang='lat' dir='ltr'><strong>imperator</strong></span> 
     </span>
    </p>
   </div>
   <div class='ocr_carea' id='block_1_47' title="bbox 224 2136 1004 2176">
    <p class='ocr_par' dir='ltr' id='par_1_47' title="bbox 224 2136 1004 2176">
     <span class='ocr_line' id='line_1_48' title="bbox 224 2136 1004 2176; baseline -0.006 -7"><span class='ocrx_word' id='word_1_264' title='bbox 224 2141 406 2176; x_wconf 84' lang='lat' dir='ltr'><strong>patriarcham</strong></span> <span class='ocrx_word' id='word_1_265' title='bbox 420 2143 506 2166; x_wconf 84' lang='lat' dir='ltr'><strong>creat.</strong></span> <span class='ocrx_word' id='word_1_266' title='bbox 524 2137 602 2164; x_wconf 87' lang='lat' dir='ltr'><strong>Nullo</strong></span> <span class='ocrx_word' id='word_1_267' title='bbox 617 2137 697 2164; x_wconf 89' lang='lat' dir='ltr'><strong>modo</strong></span> <span class='ocrx_word' id='word_1_268' title='bbox 717 2136 744 2163; x_wconf 90' lang='lat' dir='ltr'><strong>id</strong></span> <span class='ocrx_word' id='word_1_269' title='bbox 762 2136 828 2164; x_wconf 83' lang='lat' dir='ltr'><strong>facit</strong></span> <span class='ocrx_word' id='word_1_270' title='bbox 846 2137 1004 2171; x_wconf 87' lang='lat' dir='ltr'><strong>imperator,</strong></span> 
     </span>
    </p>
   </div>
   <div class='ocr_carea' id='block_1_48' title="bbox 223 2183 1004 2221">
    <p class='ocr_par' dir='ltr' id='par_1_48' title="bbox 223 2183 1004 2221">
     <span class='ocr_line' id='line_1_49' title="bbox 223 2183 1004 2221; baseline -0.006 -6"><span class='ocrx_word' id='word_1_271' title='bbox 223 2188 271 2215; x_wconf 74' lang='lat' dir='ltr'><strong>sed</strong></span> <span class='ocrx_word' id='word_1_272' title='bbox 291 2186 412 2221; x_wconf 81' lang='lat' dir='ltr'><strong>synodus</strong></span> <span class='ocrx_word' id='word_1_273' title='bbox 435 2185 611 2212; x_wconf 75' lang='lat' dir='ltr'><strong>ministrante</strong></span> <span class='ocrx_word' id='word_1_274' title='bbox 627 2185 672 2218; x_wconf 88' lang='lat' dir='ltr'><strong>pio</strong></span> <span class='ocrx_word' id='word_1_275' title='bbox 698 2183 875 2218; x_wconf 84' lang='lat' dir='ltr'><strong>imperatore,</strong></span> <span class='ocrx_word' id='word_1_276' title='bbox 901 2189 930 2212; x_wconf 84' lang='lat' dir='ltr'><strong>ut</strong></span> <span class='ocrx_word' id='word_1_277' title='bbox 957 2184 1004 2210; x_wconf 89' lang='lat' dir='ltr'><strong>de-</strong></span> 
     </span>
    </p>
   </div>
   <div class='ocr_carea' id='block_1_49' title="bbox 223 2229 1004 2265">
    <p class='ocr_par' dir='ltr' id='par_1_49' title="bbox 223 2229 1004 2265">
     <span class='ocr_line' id='line_1_50' title="bbox 223 2229 1004 2265; baseline -0.006 -4"><span class='ocrx_word' id='word_1_278' title='bbox 223 2238 404 2261; x_wconf 83' lang='lat' dir='ltr'><strong>monstratum</strong></span> <span class='ocrx_word' id='word_1_279' title='bbox 419 2236 548 2265; x_wconf 83' lang='lat' dir='ltr'><strong>est;non</strong></span> <span class='ocrx_word' id='word_1_280' title='bbox 581 2233 686 2257; x_wconf 84' lang='lat' dir='ltr'><strong>tantum</strong></span> <span class='ocrx_word' id='word_1_281' title='bbox 717 2229 847 2264; x_wconf 88' lang='lat' dir='ltr'><strong>quoniam</strong></span> <span class='ocrx_word' id='word_1_282' title='bbox 878 2229 1004 2257; x_wconf 82' lang='lat' dir='ltr'><strong>defensor</strong></span> 
     </span>
    </p>
   </div>
   <div class='ocr_carea' id='block_1_50' title="bbox 221 2274 1003 2313">
    <p class='ocr_par' dir='ltr' id='par_1_50' title="bbox 221 2274 1003 2313">
     <span class='ocr_line' id='line_1_51' title="bbox 221 2274 1003 2313; baseline -0.009 -5"><span class='ocrx_word' id='word_1_283' title='bbox 221 2285 274 2313; x_wconf 79' lang='lat' dir='ltr'><strong>est,</strong></span> <span class='ocrx_word' id='word_1_284' title='bbox 291 2283 318 2307; x_wconf 86' lang='lat' dir='ltr'><strong>et</strong></span> <span class='ocrx_word' id='word_1_285' title='bbox 337 2279 484 2313; x_wconf 86' lang='lat' dir='ltr'><strong>imperator</strong></span> <span class='ocrx_word' id='word_1_286' title='bbox 516 2281 614 2304; x_wconf 82' lang='lat' dir='ltr'><strong>unctus</strong></span> <span class='ocrx_word' id='word_1_287' title='bbox 645 2276 679 2303; x_wconf 90' lang='lat' dir='ltr'><strong>ab</strong></span> <span class='ocrx_word' id='word_1_288' title='bbox 703 2275 835 2308; x_wconf 88' lang='lat' dir='ltr'><strong>Ecclesia,</strong></span> <span class='ocrx_word' id='word_1_289' title='bbox 849 2275 896 2302; x_wconf 87' lang='lat' dir='ltr'><strong>sed</strong></span> <span class='ocrx_word' id='word_1_290' title='bbox 921 2274 1003 2302; x_wconf 86' lang='lat' dir='ltr'><strong>etiam</strong></span> 
     </span>
    </p>
   </div>
   <div class='ocr_carea' id='block_1_51' title="bbox 222 2321 1003 2360">
    <p class='ocr_par' dir='ltr' id='par_1_51' title="bbox 222 2321 1003 2360">
     <span class='ocr_line' id='line_1_52' title="bbox 222 2321 1003 2360; baseline -0.009 -6"><span class='ocrx_word' id='word_1_291' title='bbox 222 2333 250 2354; x_wconf 90' lang='lat' dir='ltr'><strong>ut</strong></span> <span class='ocrx_word' id='word_1_292' title='bbox 270 2330 444 2360; x_wconf 85' lang='lat' dir='ltr'><strong>cooperetur,</strong></span> <span class='ocrx_word' id='word_1_293' title='bbox 462 2329 490 2351; x_wconf 88' lang='lat' dir='ltr'><strong>et</strong></span> <span class='ocrx_word' id='word_1_294' title='bbox 512 2322 660 2354; x_wconf 81' lang='lat' dir='ltr'><strong>ministret.</strong></span> <span class='ocrx_word' id='word_1_295' title='bbox 690 2327 716 2350; x_wconf 89' lang='lat' dir='ltr'><strong>et</strong></span> <span class='ocrx_word' id='word_1_296' title='bbox 750 2322 856 2357; x_wconf 80' lang='lat' dir='ltr'><strong>diligat.</strong></span> <span class='ocrx_word' id='word_1_297' title='bbox 872 2325 899 2348; x_wconf 81' lang='lat' dir='ltr'><strong>et</strong></span> <span class='ocrx_word' id='word_1_298' title='bbox 924 2321 1003 2347; x_wconf 84' lang='lat' dir='ltr'><strong>ﬁrma</strong></span> 
     </span>
    </p>
   </div>
   <div class='ocr_carea' id='block_1_52' title="bbox 222 2369 1006 2405">
    <p class='ocr_par' dir='ltr' id='par_1_52' title="bbox 222 2369 1006 2405">
     <span class='ocr_line' id='line_1_53' title="bbox 222 2369 1006 2405; baseline -0.01 -5"><span class='ocrx_word' id='word_1_299' title='bbox 222 2376 365 2400; x_wconf 81' lang='lat' dir='ltr'><strong>conservet</strong></span> <span class='ocrx_word' id='word_1_300' title='bbox 391 2378 451 2405; x_wconf 68' lang='lat' dir='ltr'><strong>quae</strong></span> <span class='ocrx_word' id='word_1_301' title='bbox 476 2370 509 2397; x_wconf 85' lang='lat' dir='ltr'><strong>ad</strong></span> <span class='ocrx_word' id='word_1_302' title='bbox 541 2369 689 2397; x_wconf 78' lang='lat' dir='ltr'><strong>Ecclesium</strong></span> <span class='ocrx_word' id='word_1_303' title='bbox 721 2371 864 2402; x_wconf 87' lang='lat' dir='ltr'><strong>spectant:</strong></span> <span class='ocrx_word' id='word_1_304' title='bbox 898 2369 1006 2394; x_wconf 90' lang='lat' dir='ltr'><strong>tenetur</strong></span> 
     </span>
    </p>
   </div>
   <div class='ocr_carea' id='block_1_53' title="bbox 222 2413 1004 2452">
    <p class='ocr_par' dir='ltr' id='par_1_53' title="bbox 222 2413 1004 2452">
     <span class='ocr_line' id='line_1_54' title="bbox 222 2413 1004 2452; baseline -0.01 -7"><span class='ocrx_word' id='word_1_305' title='bbox 222 2419 296 2446; x_wconf 87' lang='lat' dir='ltr'><strong>enim</strong></span> <span class='ocrx_word' id='word_1_306' title='bbox 322 2421 432 2452; x_wconf 85' lang='lat' dir='ltr'><strong>propter</strong></span> <span class='ocrx_word' id='word_1_307' title='bbox 457 2416 584 2444; x_wconf 67' lang='lat' dir='ltr'><strong>Ecclesiae</strong></span> <span class='ocrx_word' id='word_1_308' title='bbox 600 2422 693 2450; x_wconf 85' lang='lat' dir='ltr'><strong>pacem</strong></span> <span class='ocrx_word' id='word_1_309' title='bbox 709 2414 766 2440; x_wconf 76' lang='lat' dir='ltr'><strong>luce</strong></span> <span class='ocrx_word' id='word_1_310' title='bbox 782 2413 854 2439; x_wconf 88' lang='lat' dir='ltr'><strong>inter</strong></span> <span class='ocrx_word' id='word_1_311' title='bbox 872 2413 1004 2439; x_wconf 86' lang='lat' dir='ltr'><strong>orthodo-</strong></span> 
     </span>
    </p>
   </div>
   <div class='ocr_carea' id='block_1_54' title="bbox 223 2458 1005 2497">
    <p class='ocr_par' dir='ltr' id='par_1_54' title="bbox 223 2458 1005 2497">
     <span class='ocr_line' id='line_1_55' title="bbox 223 2458 1005 2497; baseline -0.012 -6"><span class='ocrx_word' id='word_1_312' title='bbox 223 2472 274 2491; x_wconf 82' lang='lat' dir='ltr'><strong>xos</strong></span> <span class='ocrx_word' id='word_1_313' title='bbox 296 2464 452 2490; x_wconf 78' lang='lat' dir='ltr'><strong>observare.</strong></span> <span class='ocrx_word' id='word_1_314' title='bbox 471 2461 630 2497; x_wconf 22' lang='lat' dir='ltr'><strong>Postquam&quot;</strong></span> <span class='ocrx_word' id='word_1_315' title='bbox 645 2459 729 2494; x_wconf 79' lang='lat' dir='ltr'><strong>igitur</strong></span> <span class='ocrx_word' id='word_1_316' title='bbox 757 2458 859 2484; x_wconf 83' lang='lat' dir='ltr'><strong>electus</strong></span> <span class='ocrx_word' id='word_1_317' title='bbox 885 2464 946 2484; x_wconf 84' lang='lat' dir='ltr'><strong>sese</strong></span> <span class='ocrx_word' id='word_1_318' title='bbox 971 2458 1005 2483; x_wconf 84' lang='lat' dir='ltr'><strong>ab</strong></span> 
     </span>
    </p>
   </div>
   <div class='ocr_carea' id='block_1_55' title="bbox 224 2501 1005 2537">
    <p class='ocr_par' dir='ltr' id='par_1_55' title="bbox 224 2501 1005 2537">
     <span class='ocr_line' id='line_1_56' title="bbox 224 2501 1005 2537; baseline -0.012 0"><span class='ocrx_word' id='word_1_319' title='bbox 224 2516 306 2537; x_wconf 83' lang='lat' dir='ltr'><strong>onere</strong></span> <span class='ocrx_word' id='word_1_320' title='bbox 317 2508 458 2536; x_wconf 81' lang='lat' dir='ltr'><strong>subeundo</strong></span> <span class='ocrx_word' id='word_1_321' title='bbox 472 2507 595 2535; x_wconf 85' lang='lat' dir='ltr'><strong>modeste</strong></span> <span class='ocrx_word' id='word_1_322' title='bbox 611 2511 638 2533; x_wconf 84' lang='lat' dir='ltr'><strong>et</strong></span> <span class='ocrx_word' id='word_1_323' title='bbox 655 2505 768 2532; x_wconf 87' lang='lat' dir='ltr'><strong>honeste</strong></span> <span class='ocrx_word' id='word_1_324' title='bbox 785 2503 937 2534; x_wconf 80' lang='lat' dir='ltr'><strong>excusavit,</strong></span> <span class='ocrx_word' id='word_1_325' title='bbox 954 2501 1005 2529; x_wconf 82' lang='lat' dir='ltr'><strong>Ec-</strong></span> 
     </span>
    </p>
   </div>
   <div class='ocr_carea' id='block_1_56' title="bbox 222 2549 1006 2590">
    <p class='ocr_par' dir='ltr' id='par_1_56' title="bbox 222 2549 1006 2590">
     <span class='ocr_line' id='line_1_57' title="bbox 222 2549 1006 2590; baseline -0.011 -7"><span class='ocrx_word' id='word_1_326' title='bbox 222 2556 389 2590; x_wconf 73' lang='lat' dir='ltr'><strong>clesiamque</strong></span> <span class='ocrx_word' id='word_1_327' title='bbox 402 2555 534 2588; x_wconf 85' lang='lat' dir='ltr'><strong>suscepit,</strong></span> <span class='ocrx_word' id='word_1_328' title='bbox 546 2559 641 2580; x_wconf 90' lang='lat' dir='ltr'><strong>omnes</strong></span> <span class='ocrx_word' id='word_1_329' title='bbox 664 2549 785 2586; x_wconf 85' lang='lat' dir='ltr'><strong>episcopi</strong></span> <span class='ocrx_word' id='word_1_330' title='bbox 811 2549 886 2576; x_wconf 89' lang='lat' dir='ltr'><strong>illum</strong></span> <span class='ocrx_word' id='word_1_331' title='bbox 905 2549 1006 2576; x_wconf 86' lang='lat' dir='ltr'><strong>adeunt</strong></span> 
     </span>
    </p>
   </div>
   <div class='ocr_carea' id='block_1_57' title="bbox 222 2593 1005 2630">
    <p class='ocr_par' dir='ltr' id='par_1_57' title="bbox 222 2593 1005 2630">
     <span class='ocr_line' id='line_1_58' title="bbox 222 2593 1005 2630; baseline -0.014 0"><span class='ocrx_word' id='word_1_332' title='bbox 222 2607 249 2630; x_wconf 90' lang='lat' dir='ltr'><strong>ct</strong></span> <span class='ocrx_word' id='word_1_333' title='bbox 263 2602 423 2629; x_wconf 78' lang='lat' dir='ltr'><strong>adorationc</strong></span> <span class='ocrx_word' id='word_1_334' title='bbox 446 2600 552 2630; x_wconf 83' lang='lat' dir='ltr'><strong>colunt,</strong></span> <span class='ocrx_word' id='word_1_335' title='bbox 572 2597 698 2625; x_wconf 83' lang='lat' dir='ltr'><strong>similiter</strong></span> <span class='ocrx_word' id='word_1_336' title='bbox 720 2595 812 2622; x_wconf 83' lang='lat' dir='ltr'><strong>clerici</strong></span> <span class='ocrx_word' id='word_1_337' title='bbox 831 2599 857 2622; x_wconf 81' lang='lat' dir='ltr'><strong>et</strong></span> <span class='ocrx_word' id='word_1_338' title='bbox 877 2593 938 2620; x_wconf 83' lang='lat' dir='ltr'><strong>laici</strong></span> <span class='ocrx_word' id='word_1_339' title='bbox 961 2593 1005 2620; x_wconf 34' lang='lat' dir='ltr'><strong>be!</strong></span> 
     </span>
    </p>
   </div>
   <div class='ocr_carea' id='block_1_58' title="bbox 223 2639 1006 2678">
    <p class='ocr_par' dir='ltr' id='par_1_58' title="bbox 223 2639 1006 2678">
     <span class='ocr_line' id='line_1_59' title="bbox 223 2639 1006 2678; baseline -0.011 -3"><span class='ocrx_word' id='word_1_340' title='bbox 223 2648 376 2676; x_wconf 83' lang='lat' dir='ltr'><strong>nedictione</strong></span> <span class='ocrx_word' id='word_1_341' title='bbox 395 2648 430 2674; x_wconf 78' lang='lat' dir='ltr'><strong>ab</strong></span> <span class='ocrx_word' id='word_1_342' title='bbox 453 2653 486 2672; x_wconf 90' lang='lat' dir='ltr'><strong>eo</strong></span> <span class='ocrx_word' id='word_1_343' title='bbox 511 2648 632 2678; x_wconf 83' lang='lat' dir='ltr'><strong>accepta,</strong></span> <span class='ocrx_word' id='word_1_344' title='bbox 648 2642 711 2677; x_wconf 80' lang='lat' dir='ltr'><strong>quia</strong></span> <span class='ocrx_word' id='word_1_345' title='bbox 735 2648 852 2675; x_wconf 85' lang='lat' dir='ltr'><strong>sponsus</strong></span> <span class='ocrx_word' id='word_1_346' title='bbox 877 2639 1006 2667; x_wconf 67' lang='lat' dir='ltr'><strong>Ecclesiae</strong></span> 
     </span>
    </p>
   </div>
   <div class='ocr_carea' id='block_1_59' title="bbox 222 2687 1005 2728">
    <p class='ocr_par' dir='ltr' id='par_1_59' title="bbox 222 2687 1005 2728">
     <span class='ocr_line' id='line_1_60' title="bbox 222 2687 1005 2728; baseline -0.014 -5"><span class='ocrx_word' id='word_1_347' title='bbox 222 2699 274 2723; x_wconf 79' lang='lat' dir='ltr'><strong>est.</strong></span> <span class='ocrx_word' id='word_1_348' title='bbox 297 2694 325 2721; x_wconf 89' lang='lat' dir='ltr'><strong>Si</strong></span> <span class='ocrx_word' id='word_1_349' title='bbox 341 2693 425 2728; x_wconf 74' lang='lat' dir='ltr'><strong>igitur</strong></span> <span class='ocrx_word' id='word_1_350' title='bbox 440 2691 485 2718; x_wconf 86' lang='lat' dir='ltr'><strong>ille</strong></span> <span class='ocrx_word' id='word_1_351' title='bbox 501 2690 605 2716; x_wconf 87' lang='lat' dir='ltr'><strong>electus</strong></span> <span class='ocrx_word' id='word_1_352' title='bbox 621 2687 775 2722; x_wconf 81' lang='lat' dir='ltr'><strong>patriarcha</strong></span> <span class='ocrx_word' id='word_1_353' title='bbox 791 2687 935 2721; x_wconf 90' lang='lat' dir='ltr'><strong>episcopus</strong></span> <span class='ocrx_word' id='word_1_354' title='bbox 952 2689 1005 2716; x_wconf 86' lang='lat' dir='ltr'><strong>est,</strong></span> 
     </span>
    </p>
   </div>
   <div class='ocr_carea' id='block_1_60' title="bbox 223 2733 1005 2770">
    <p class='ocr_par' dir='ltr' id='par_1_60' title="bbox 223 2733 1005 2770">
     <span class='ocr_line' id='line_1_61' title="bbox 223 2733 1005 2770; baseline -0.01 -2"><span class='ocrx_word' id='word_1_355' title='bbox 223 2739 394 2768; x_wconf 88' lang='lat' dir='ltr'><strong>ordinatione</strong></span> <span class='ocrx_word' id='word_1_356' title='bbox 408 2745 462 2764; x_wconf 86' lang='lat' dir='ltr'><strong>non</strong></span> <span class='ocrx_word' id='word_1_357' title='bbox 480 2739 550 2770; x_wconf 71' lang='lat' dir='ltr'><strong>eget,</strong></span> <span class='ocrx_word' id='word_1_358' title='bbox 564 2733 612 2761; x_wconf 84' lang='lat' dir='ltr'><strong>sed</strong></span> <span class='ocrx_word' id='word_1_359' title='bbox 635 2739 738 2760; x_wconf 88' lang='lat' dir='ltr'><strong>tantum</strong></span> <span class='ocrx_word' id='word_1_360' title='bbox 764 2733 970 2766; x_wconf 82' lang='lat' dir='ltr'><strong>enthronismo;</strong></span> <span class='ocrx_word' id='word_1_361' title='bbox 983 2733 1005 2760; x_wconf 93' lang='lat' dir='ltr'><strong>si</strong></span> 
     </span>
    </p>
   </div>
   <div class='ocr_carea' id='block_1_61' title="bbox 223 2780 1007 2820">
    <p class='ocr_par' dir='ltr' id='par_1_61' title="bbox 223 2780 1007 2820">
     <span class='ocr_line' id='line_1_62' title="bbox 223 2780 1007 2820; baseline -0.009 -7"><span class='ocrx_word' id='word_1_362' title='bbox 223 2794 288 2814; x_wconf 84' lang='lat' dir='ltr'><strong>vero</strong></span> <span class='ocrx_word' id='word_1_363' title='bbox 317 2785 470 2820; x_wconf 75' lang='lat' dir='ltr'><strong>presbyter.</strong></span> <span class='ocrx_word' id='word_1_364' title='bbox 498 2781 643 2810; x_wconf 80' lang='lat' dir='ltr'><strong>ordinatur</strong></span> <span class='ocrx_word' id='word_1_365' title='bbox 671 2785 698 2809; x_wconf 85' lang='lat' dir='ltr'><strong>et</strong></span> <span class='ocrx_word' id='word_1_366' title='bbox 721 2781 748 2808; x_wconf 89' lang='lat' dir='ltr'><strong>in</strong></span> <span class='ocrx_word' id='word_1_367' title='bbox 779 2780 906 2807; x_wconf 89' lang='lat' dir='ltr'><strong>thronum</strong></span> <span class='ocrx_word' id='word_1_368' title='bbox 950 2780 1007 2806; x_wconf 86' lang='lat' dir='ltr'><strong>col-</strong></span> 
     </span>
    </p>
   </div>
   <div class='ocr_carea' id='block_1_62' title="bbox 225 2835 341 2864">
    <p class='ocr_par' dir='ltr' id='par_1_62' title="bbox 225 2835 341 2864">
     <span class='ocr_line' id='line_1_63' title="bbox 225 2835 341 2864; baseline -0.052 0"><span class='ocrx_word' id='word_1_369' title='bbox 225 2835 341 2864; x_wconf 78' lang='lat' dir='ltr'><strong>iocatur.</strong></span> 
     </span>
    </p>
   </div>
   <div class='ocr_carea' id='block_1_63' title="bbox 1046 213 1842 248">
    <p class='ocr_par' dir='ltr' id='par_1_63' title="bbox 1046 213 1842 248">
     <span class='ocr_line' id='line_1_64' title="bbox 1046 213 1842 248; baseline 0.001 -10"><span class='ocrx_word' id='word_1_370' title='bbox 1046 215 1220 248; x_wconf 76' lang='grc' dir='ltr'>χαρτοφύ).αξ</span> <span class='ocrx_word' id='word_1_371' title='bbox 1249 215 1318 248; x_wconf 85' lang='grc' dir='ltr'>μετὰ</span> <span class='ocrx_word' id='word_1_372' title='bbox 1341 215 1389 240; x_wconf 79' lang='grc' dir='ltr'><strong>δύο</strong></span> <span class='ocrx_word' id='word_1_373' title='bbox 1408 213 1559 248; x_wconf 74' lang='grc' dir='ltr'>ἀρχιερέων</span> <span class='ocrx_word' id='word_1_374' title='bbox 1585 214 1772 248; x_wconf 74' lang='grc' dir='ltr'>προσκομίζει</span> <span class='ocrx_word' id='word_1_375' title='bbox 1791 213 1842 248; x_wconf 83' lang='grc' dir='ltr'>τῷ</span> 
     </span>
    </p>
   </div>
   <div class='ocr_carea' id='block_1_64' title="bbox 1047 258 1843 294">
    <p class='ocr_par' dir='ltr' id='par_1_64' title="bbox 1047 258 1843 294">
     <span class='ocr_line' id='line_1_65' title="bbox 1047 258 1843 294; baseline -0.003 -8"><span class='ocrx_word' id='word_1_376' title='bbox 1047 258 1163 293; x_wconf 77' lang='grc' dir='ltr'>βασιλεῖ.</span> <span class='ocrx_word' id='word_1_377' title='bbox 1175 259 1269 294; x_wconf 81' lang='grc' dir='ltr'><strong>Τούτῳ</strong></span> <span class='ocrx_word' id='word_1_378' title='bbox 1283 259 1312 286; x_wconf 79' lang='grc' dir='ltr'><strong>δὲ</strong></span> <span class='ocrx_word' id='word_1_379' title='bbox 1325 260 1431 286; x_wconf 84' lang='grc' dir='ltr'>ἀνεῖται</span> <span class='ocrx_word' id='word_1_380' title='bbox 1443 259 1548 286; x_wconf 75' lang='grc' dir='ltr'>ἄνωθεν</span> <span class='ocrx_word' id='word_1_381' title='bbox 1561 258 1616 286; x_wconf 81' lang='grc' dir='ltr'><strong>ἀπὸ</strong></span> <span class='ocrx_word' id='word_1_382' title='bbox 1631 258 1686 285; x_wconf 82' lang='grc' dir='ltr'><strong>τῶν</strong></span> <span class='ocrx_word' id='word_1_383' title='bbox 1701 258 1843 292; x_wconf 63' lang='grc' dir='ltr'>Πατάρων</span> 
     </span>
    </p>
   </div>
   <div class='ocr_carea' id='block_1_65' title="bbox 1046 304 1842 341">
    <p class='ocr_par' dir='ltr' id='par_1_65' title="bbox 1046 304 1842 341">
     <span class='ocr_line' id='line_1_66' title="bbox 1046 304 1842 341; baseline -0.003 -10"><span class='ocrx_word' id='word_1_384' title='bbox 1046 305 1084 336; x_wconf 82' lang='grc' dir='ltr'>ὡς</span> <span class='ocrx_word' id='word_1_385' title='bbox 1099 306 1271 340; x_wconf 83' lang='grc' dir='ltr'>κεχρισμένῳ</span> <span class='ocrx_word' id='word_1_386' title='bbox 1294 305 1409 340; x_wconf 80' lang='grc' dir='ltr'>βασιλεῖ,</span> <span class='ocrx_word' id='word_1_387' title='bbox 1425 305 1441 341; x_wconf 77' lang='grc' dir='ltr'><strong>ἠ</strong></span> <span class='ocrx_word' id='word_1_388' title='bbox 1466 305 1519 332; x_wconf 76' lang='grc' dir='ltr'><strong>ἀπὸ</strong></span> <span class='ocrx_word' id='word_1_389' title='bbox 1533 305 1587 331; x_wconf 86' lang='grc' dir='ltr'><strong>τῶν</strong></span> <span class='ocrx_word' id='word_1_390' title='bbox 1611 304 1694 339; x_wconf 82' lang='grc' dir='ltr'>τριῶν</span> <span class='ocrx_word' id='word_1_391' title='bbox 1711 304 1811 338; x_wconf 73' lang='grc' dir='ltr'>ἐκλογὴ</span> <span class='ocrx_word' id='word_1_392' title='bbox 1827 323 1842 337; x_wconf 83' lang='grc'><strong>,</strong></span> 
     </span>
    </p>
   </div>
   <div class='ocr_carea' id='block_1_66' title="bbox 1045 349 1845 386">
    <p class='ocr_par' dir='ltr' id='par_1_66' title="bbox 1045 349 1845 386">
     <span class='ocr_line' id='line_1_67' title="bbox 1045 349 1845 386; baseline 0 -10"><span class='ocrx_word' id='word_1_393' title='bbox 1045 350 1087 377; x_wconf 84' lang='grc' dir='ltr'>ὅτι</span> <span class='ocrx_word' id='word_1_394' title='bbox 1113 350 1305 385; x_wconf 59' lang='grc' dir='ltr'>ἐκλελεγμένοι</span> <span class='ocrx_word' id='word_1_395' title='bbox 1333 351 1388 377; x_wconf 77' lang='grc' dir='ltr'>εἰσὶ</span> <span class='ocrx_word' id='word_1_396' title='bbox 1413 351 1487 386; x_wconf 64' lang='grc' dir='ltr'>παρα</span> <span class='ocrx_word' id='word_1_397' title='bbox 1513 349 1562 385; x_wconf 84' lang='grc' dir='ltr'>τῆς</span> <span class='ocrx_word' id='word_1_398' title='bbox 1604 349 1713 376; x_wconf 79' lang='grc' dir='ltr'><strong>συνόδου</strong></span> <span class='ocrx_word' id='word_1_399' title='bbox 1735 351 1784 377; x_wconf 74' lang='grc' dir='ltr'>καὶ</span> <span class='ocrx_word' id='word_1_400' title='bbox 1807 349 1845 376; x_wconf 82' lang='grc' dir='ltr'>οι</span> 
     </span>
    </p>
   </div>
   <div class='ocr_carea' id='block_1_67' title="bbox 1045 397 1390 432">
    <p class='ocr_par' dir='ltr' id='par_1_67' title="bbox 1045 397 1390 432">
     <span class='ocr_line' id='line_1_68' title="bbox 1045 397 1390 432; baseline 0.003 -9"><span class='ocrx_word' id='word_1_401' title='bbox 1045 397 1120 432; x_wconf 72' lang='grc' dir='ltr'>τρεῖς</span> <span class='ocrx_word' id='word_1_402' title='bbox 1137 397 1296 432; x_wconf 80' lang='grc' dir='ltr'><strong>κεκριμένοι</strong></span> <span class='ocrx_word' id='word_1_403' title='bbox 1308 397 1390 431; x_wconf 75' lang='grc' dir='ltr'>ἄξιοι.</span> 
     </span>
    </p>
   </div>
   <div class='ocr_carea' id='block_1_68' title="bbox 1331 453 1558 481">
    <p class='ocr_par' dir='ltr' id='par_1_68' title="bbox 1331 453 1558 481">
     <span class='ocr_line' id='line_1_69' title="bbox 1331 453 1558 481; baseline 0 -1"><span class='ocrx_word' id='word_1_404' title='bbox 1331 454 1457 480; x_wconf 81' lang='grc' dir='ltr'><strong>ΚΕΦΔΛ.</strong></span> <span class='ocrx_word' id='word_1_405' title='bbox 1474 453 1558 481; x_wconf 83' lang='grc' dir='ltr'><strong>ΣΚΕ’.</strong></span> 
     </span>
    </p>
   </div>
   <div class='ocr_carea' id='block_1_69' title="bbox 1049 507 1844 544">
    <p class='ocr_par' dir='ltr' id='par_1_69' title="bbox 1049 507 1844 544">
     <span class='ocr_line' id='line_1_70' title="bbox 1049 507 1844 544; baseline 0.001 -9"><span class='ocrx_word' id='word_1_406' title='bbox 1049 509 1113 536; x_wconf 88' lang='grc' dir='ltr'><strong>Ὀτι</strong></span> <span class='ocrx_word' id='word_1_407' title='bbox 1123 510 1138 536; x_wconf 84' lang='grc' dir='ltr'><em>ὀ</em></span> <span class='ocrx_word' id='word_1_408' title='bbox 1147 510 1297 543; x_wconf 82' lang='grc' dir='ltr'>βασιλεὺς</span> <span class='ocrx_word' id='word_1_409' title='bbox 1308 510 1346 537; x_wconf 82' lang='grc' dir='ltr'><strong>δι’</strong></span> <span class='ocrx_word' id='word_1_410' title='bbox 1358 510 1468 538; x_wconf 84' lang='grc' dir='ltr'>ἑαυτοῦ</span> <span class='ocrx_word' id='word_1_411' title='bbox 1483 510 1566 542; x_wconf 79' lang='grc' dir='ltr'>ἀξιοῖ</span> <span class='ocrx_word' id='word_1_412' title='bbox 1575 509 1628 536; x_wconf 75' lang='grc' dir='ltr'>τὸν</span> <span class='ocrx_word' id='word_1_413' title='bbox 1642 507 1844 544; x_wconf 65' lang='grc' dir='ltr'>ψηφισθέντα</span> 
     </span>
    </p>
   </div>
   <div class='ocr_carea' id='block_1_70' title="bbox 1171 544 1712 580">
    <p class='ocr_par' dir='ltr' id='par_1_70' title="bbox 1171 544 1712 580">
     <span class='ocr_line' id='line_1_71' title="bbox 1171 544 1712 580; baseline 0 -9"><span class='ocrx_word' id='word_1_414' title='bbox 1171 545 1229 579; x_wconf 80' lang='grc' dir='ltr'>τὴν</span> <span class='ocrx_word' id='word_1_415' title='bbox 1245 547 1458 580; x_wconf 79' lang='grc' dir='ltr'>πατριαρχείαν</span> <span class='ocrx_word' id='word_1_416' title='bbox 1477 544 1712 576; x_wconf 79' lang='grc' dir='ltr'>καταδέξασθαι.</span> 
     </span>
    </p>
   </div>
   <div class='ocr_carea' id='block_1_71' title="bbox 1088 589 1840 627">
    <p class='ocr_par' dir='ltr' id='par_1_71' title="bbox 1088 589 1840 627">
     <span class='ocr_line' id='line_1_72' title="bbox 1088 589 1840 627; baseline -0.004 -10"><span class='ocrx_word' id='word_1_417' title='bbox 1088 591 1117 618; x_wconf 83' lang='lat'><strong>&#39;0</strong></span> <span class='ocrx_word' id='word_1_418' title='bbox 1136 591 1182 618; x_wconf 80' lang='grc' dir='ltr'>οὖν</span> <span class='ocrx_word' id='word_1_419' title='bbox 1198 592 1229 617; x_wconf 82' lang='grc' dir='ltr'>ὲκ</span> <span class='ocrx_word' id='word_1_420' title='bbox 1242 592 1297 617; x_wconf 83' lang='grc' dir='ltr'>τῶν</span> <span class='ocrx_word' id='word_1_421' title='bbox 1310 591 1392 627; x_wconf 83' lang='grc' dir='ltr'>τριῶν</span> <span class='ocrx_word' id='word_1_422' title='bbox 1407 590 1529 625; x_wconf 79' lang='grc' dir='ltr'>ὲκλεγεὶς</span> <span class='ocrx_word' id='word_1_423' title='bbox 1542 591 1589 617; x_wconf 86' lang='grc' dir='ltr'>καὶ</span> <span class='ocrx_word' id='word_1_424' title='bbox 1602 589 1793 624; x_wconf 74' lang='grc' dir='ltr'>διαμηνυθεὶς,</span> <span class='ocrx_word' id='word_1_425' title='bbox 1818 589 1840 622; x_wconf 84' lang='grc' dir='ltr'><strong>ἢ</strong></span> 
     </span>
    </p>
   </div>
   <div class='ocr_carea' id='block_1_72' title="bbox 1049 631 1841 672">
    <p class='ocr_par' dir='ltr' id='par_1_72' title="bbox 1049 631 1841 672">
     <span class='ocr_line' id='line_1_73' title="bbox 1049 631 1841 672; baseline -0.005 -11"><span class='ocrx_word' id='word_1_426' title='bbox 1049 636 1094 661; x_wconf 76' lang='grc' dir='ltr'>καὶ</span> <span class='ocrx_word' id='word_1_427' title='bbox 1109 636 1175 672; x_wconf 84' lang='grc' dir='ltr'>παρ’</span> <span class='ocrx_word' id='word_1_428' title='bbox 1196 635 1278 662; x_wconf 71' lang='grc' dir='ltr'>αὑτοῦ</span> <span class='ocrx_word' id='word_1_429' title='bbox 1294 635 1420 669; x_wconf 74' lang='grc' dir='ltr'>ἀξιωθεὶς</span> <span class='ocrx_word' id='word_1_430' title='bbox 1442 634 1668 670; x_wconf 75' lang='grc' dir='ltr'><strong>παραγενομένου</strong></span> <span class='ocrx_word' id='word_1_431' title='bbox 1690 632 1772 668; x_wconf 72' lang='lat'><strong>169</strong></span> <span class='ocrx_word' id='word_1_432' title='bbox 1787 631 1841 658; x_wconf 84' lang='grc' dir='ltr'>τοῦ</span> 
     </span>
    </p>
   </div>
   <div class='ocr_carea' id='block_1_73' title="bbox 1050 677 1837 714">
    <p class='ocr_par' dir='ltr' id='par_1_73' title="bbox 1050 677 1837 714">
     <span class='ocr_line' id='line_1_74' title="bbox 1050 677 1837 714; baseline -0.001 -9"><span class='ocrx_word' id='word_1_433' title='bbox 1050 679 1190 714; x_wconf 73' lang='grc' dir='ltr'>βασιλέως,</span> <span class='ocrx_word' id='word_1_434' title='bbox 1210 680 1291 706; x_wconf 84' lang='grc' dir='ltr'>τοῦτο</span> <span class='ocrx_word' id='word_1_435' title='bbox 1304 681 1358 714; x_wconf 85' lang='grc' dir='ltr'>γὰρ</span> <span class='ocrx_word' id='word_1_436' title='bbox 1381 680 1429 707; x_wconf 82' lang='grc' dir='ltr'>καὶ</span> <span class='ocrx_word' id='word_1_437' title='bbox 1445 680 1491 706; x_wconf 69' lang='grc' dir='ltr'><strong>ἐπὶ</strong></span> <span class='ocrx_word' id='word_1_438' title='bbox 1508 679 1590 706; x_wconf 83' lang='grc' dir='ltr'>πλέον</span> <span class='ocrx_word' id='word_1_439' title='bbox 1607 679 1715 714; x_wconf 86' lang='grc' dir='ltr'>γίνεται</span> <span class='ocrx_word' id='word_1_440' title='bbox 1737 678 1781 705; x_wconf 79' lang='grc' dir='ltr'><strong>διὰ</strong></span> <span class='ocrx_word' id='word_1_441' title='bbox 1799 677 1837 704; x_wconf 76' lang='grc' dir='ltr'>τὸ</span> 
     </span>
    </p>
   </div>
   <div class='ocr_carea' id='block_1_74' title="bbox 1051 724 1842 760">
    <p class='ocr_par' dir='ltr' id='par_1_74' title="bbox 1051 724 1842 760">
     <span class='ocr_line' id='line_1_75' title="bbox 1051 724 1842 760; baseline -0.004 -9"><span class='ocrx_word' id='word_1_442' title='bbox 1051 725 1122 759; x_wconf 86' lang='grc' dir='ltr'>μέγα</span> <span class='ocrx_word' id='word_1_443' title='bbox 1137 725 1183 752; x_wconf 81' lang='grc' dir='ltr'>τοῦ</span> <span class='ocrx_word' id='word_1_444' title='bbox 1197 725 1279 760; x_wconf 74' lang='grc' dir='ltr'>ἔργου</span> <span class='ocrx_word' id='word_1_445' title='bbox 1302 726 1349 752; x_wconf 78' lang='grc' dir='ltr'>καὶ</span> <span class='ocrx_word' id='word_1_446' title='bbox 1373 726 1404 752; x_wconf 78' lang='grc' dir='ltr'><strong>τὸ</strong></span> <span class='ocrx_word' id='word_1_447' title='bbox 1418 725 1615 760; x_wconf 82' lang='grc' dir='ltr'>παραιτεῖσθαι</span> <span class='ocrx_word' id='word_1_448' title='bbox 1633 726 1683 760; x_wconf 85' lang='grc' dir='ltr'>τὴν</span> <span class='ocrx_word' id='word_1_449' title='bbox 1712 724 1842 759; x_wconf 74' lang='grc' dir='ltr'>μεγάλην</span> 
     </span>
    </p>
   </div>
   <div class='ocr_carea' id='block_1_75' title="bbox 1049 769 1841 805">
    <p class='ocr_par' dir='ltr' id='par_1_75' title="bbox 1049 769 1841 805">
     <span class='ocr_line' id='line_1_76' title="bbox 1049 769 1841 805; baseline -0.003 -9"><span class='ocrx_word' id='word_1_450' title='bbox 1049 770 1209 805; x_wconf 73' lang='grc' dir='ltr'><strong>ἐγχείρησιν</strong></span> <span class='ocrx_word' id='word_1_451' title='bbox 1227 771 1291 802; x_wconf 75' lang='grc' dir='ltr'>τοὺς</span> <span class='ocrx_word' id='word_1_452' title='bbox 1314 771 1429 805; x_wconf 81' lang='grc' dir='ltr'><strong>εἰδότας,</strong></span> <span class='ocrx_word' id='word_1_453' title='bbox 1445 770 1483 802; x_wconf 81' lang='grc' dir='ltr'><strong>ὡς</strong></span> <span class='ocrx_word' id='word_1_454' title='bbox 1499 770 1716 805; x_wconf 77' lang='grc' dir='ltr'>εὐλαὸουμένους</span> <span class='ocrx_word' id='word_1_455' title='bbox 1736 769 1841 802; x_wconf 77' lang='grc' dir='ltr'>αὐτὴν,</span> 
     </span>
    </p>
   </div>
   <div class='ocr_carea' id='block_1_76' title="bbox 1050 815 1844 851">
    <p class='ocr_par' dir='ltr' id='par_1_76' title="bbox 1050 815 1844 851">
     <span class='ocr_line' id='line_1_77' title="bbox 1050 815 1844 851; baseline -0.001 -10"><span class='ocrx_word' id='word_1_456' title='bbox 1050 816 1064 841; x_wconf 83' lang='grc' dir='ltr'>ὁ</span> <span class='ocrx_word' id='word_1_457' title='bbox 1083 816 1204 848; x_wconf 82' lang='grc' dir='ltr'>πεισθεὶς</span> <span class='ocrx_word' id='word_1_458' title='bbox 1223 816 1271 843; x_wconf 65' lang='grc' dir='ltr'><strong>καὶ¹</strong></span> <span class='ocrx_word' id='word_1_459' title='bbox 1292 816 1520 851; x_wconf 78' lang='grc' dir='ltr'>καταδεξάμενος,</span> <span class='ocrx_word' id='word_1_460' title='bbox 1536 817 1564 843; x_wconf 78' lang='grc' dir='ltr'>ὲν</span> <span class='ocrx_word' id='word_1_461' title='bbox 1580 816 1721 851; x_wconf 75' lang='grc' dir='ltr'><strong>ὡρισμένῃ</strong></span> <span class='ocrx_word' id='word_1_462' title='bbox 1743 815 1844 849; x_wconf 67' lang='grc' dir='ltr'>ἡμέρᾳ</span> 
     </span>
    </p>
   </div>
   <div class='ocr_carea' id='block_1_77' title="bbox 1049 861 1843 898">
    <p class='ocr_par' dir='ltr' id='par_1_77' title="bbox 1049 861 1843 898">
     <span class='ocr_line' id='line_1_78' title="bbox 1049 861 1843 898; baseline 0 -11"><span class='ocrx_word' id='word_1_463' title='bbox 1049 861 1080 887; x_wconf 84' lang='grc' dir='ltr'>τὸ</span> <span class='ocrx_word' id='word_1_464' title='bbox 1095 863 1208 897; x_wconf 82' lang='grc' dir='ltr'><strong>μήνυμα</strong></span> <span class='ocrx_word' id='word_1_465' title='bbox 1228 862 1338 897; x_wconf 81' lang='grc' dir='ltr'>δέχεται</span> <span class='ocrx_word' id='word_1_466' title='bbox 1357 863 1466 889; x_wconf 84' lang='grc' dir='ltr'>πάντων</span> <span class='ocrx_word' id='word_1_467' title='bbox 1483 862 1662 898; x_wconf 82' lang='grc' dir='ltr'>συνηγμένων</span> <span class='ocrx_word' id='word_1_468' title='bbox 1679 862 1772 888; x_wconf 77' lang='grc' dir='ltr'>ἐκεῖσε</span> <span class='ocrx_word' id='word_1_469' title='bbox 1785 861 1843 895; x_wconf 82' lang='grc' dir='ltr'><strong>ἁρ-</strong></span> 
     </span>
    </p>
   </div>
   <div class='ocr_carea' id='block_1_78' title="bbox 1050 906 1843 944">
    <p class='ocr_par' dir='ltr' id='par_1_78' title="bbox 1050 906 1843 944">
     <span class='ocr_line' id='line_1_79' title="bbox 1050 906 1843 944; baseline -0.001 -11"><span class='ocrx_word' id='word_1_470' title='bbox 1050 907 1177 942; x_wconf 79' lang='grc' dir='ltr'>χιερέων,</span> <span class='ocrx_word' id='word_1_471' title='bbox 1203 909 1308 944; x_wconf 84' lang='grc' dir='ltr'>ιερέων,</span> <span class='ocrx_word' id='word_1_472' title='bbox 1336 908 1569 944; x_wconf 83' lang='grc' dir='ltr'>ἀρχιμανδριτῶν,</span> <span class='ocrx_word' id='word_1_473' title='bbox 1593 907 1764 943; x_wconf 71' lang='grc' dir='ltr'>ἡγουμένων,</span> <span class='ocrx_word' id='word_1_474' title='bbox 1787 906 1843 932; x_wconf 79' lang='grc' dir='ltr'><strong>τοῦ</strong></span> 
     </span>
    </p>
   </div>
   <div class='ocr_carea' id='block_1_79' title="bbox 1051 952 1844 988">
    <p class='ocr_par' dir='ltr' id='par_1_79' title="bbox 1051 952 1844 988">
     <span class='ocr_line' id='line_1_80' title="bbox 1051 952 1844 988; baseline -0.001 -9"><span class='ocrx_word' id='word_1_475' title='bbox 1051 953 1164 987; x_wconf 78' lang='grc' dir='ltr'><strong>κλήρου,</strong></span> <span class='ocrx_word' id='word_1_476' title='bbox 1189 954 1236 980; x_wconf 78' lang='grc' dir='ltr'>καὶ</span> <span class='ocrx_word' id='word_1_477' title='bbox 1253 954 1381 980; x_wconf 81' lang='grc' dir='ltr'><strong>πλείστου</strong></span> <span class='ocrx_word' id='word_1_478' title='bbox 1398 954 1474 987; x_wconf 84' lang='grc' dir='ltr'>λαοῦ,</span> <span class='ocrx_word' id='word_1_479' title='bbox 1491 954 1528 985; x_wconf 86' lang='grc' dir='ltr'>ὡς</span> <span class='ocrx_word' id='word_1_480' title='bbox 1543 953 1590 980; x_wconf 83' lang='grc' dir='ltr'>τοῦ</span> <span class='ocrx_word' id='word_1_481' title='bbox 1604 952 1695 980; x_wconf 80' lang='grc' dir='ltr'>κοινοῦ</span> <span class='ocrx_word' id='word_1_482' title='bbox 1722 960 1844 988; x_wconf 84' lang='grc' dir='ltr'>προχει-</span> 
     </span>
    </p>
   </div>
   <div class='ocr_carea' id='block_1_80' title="bbox 1052 997 1846 1035">
    <p class='ocr_par' dir='ltr' id='par_1_80' title="bbox 1052 997 1846 1035">
     <span class='ocr_line' id='line_1_81' title="bbox 1052 997 1846 1035; baseline -0.001 -11"><span class='ocrx_word' id='word_1_483' title='bbox 1052 997 1196 1034; x_wconf 77' lang='grc' dir='ltr'>ριζομένου</span> <span class='ocrx_word' id='word_1_484' title='bbox 1220 999 1337 1034; x_wconf 80' lang='grc' dir='ltr'>Πατρδς,</span> <span class='ocrx_word' id='word_1_485' title='bbox 1355 999 1403 1026; x_wconf 77' lang='grc' dir='ltr'>καὶ</span> <span class='ocrx_word' id='word_1_486' title='bbox 1427 999 1566 1035; x_wconf 81' lang='grc' dir='ltr'><strong>ἀρχόντων</strong></span> <span class='ocrx_word' id='word_1_487' title='bbox 1591 997 1846 1034; x_wconf 78' lang='grc' dir='ltr'>λαμπαδηφοροὺν-</span> 
     </span>
    </p>
   </div>
   <div class='ocr_carea' id='block_1_81' title="bbox 1050 1042 1844 1079">
    <p class='ocr_par' dir='ltr' id='par_1_81' title="bbox 1050 1042 1844 1079">
     <span class='ocr_line' id='line_1_82' title="bbox 1050 1042 1844 1079; baseline -0.003 -10"><span class='ocrx_word' id='word_1_488' title='bbox 1050 1051 1105 1069; x_wconf 86' lang='grc' dir='ltr'><strong>των</strong></span> <span class='ocrx_word' id='word_1_489' title='bbox 1122 1043 1262 1072; x_wconf 82' lang='grc' dir='ltr'>ἁπάντων.</span> <span class='ocrx_word' id='word_1_490' title='bbox 1278 1045 1334 1071; x_wconf 76' lang='grc' dir='ltr'><strong>Καὶ</strong></span> <span class='ocrx_word' id='word_1_491' title='bbox 1349 1044 1399 1079; x_wconf 86' lang='grc' dir='ltr'>τῆς</span> <span class='ocrx_word' id='word_1_492' title='bbox 1421 1044 1504 1079; x_wconf 82' lang='grc' dir='ltr'><strong>εὐχῆς</strong></span> <span class='ocrx_word' id='word_1_493' title='bbox 1521 1043 1678 1078; x_wconf 79' lang='grc' dir='ltr'>γινομένης,</span> <span class='ocrx_word' id='word_1_494' title='bbox 1694 1042 1733 1074; x_wconf 83' lang='grc' dir='ltr'>ὼς</span> <span class='ocrx_word' id='word_1_495' title='bbox 1759 1042 1844 1077; x_wconf 74' lang='grc' dir='ltr'>εἴρη-</span> 
     </span>
    </p>
   </div>
   <div class='ocr_carea' id='block_1_82' title="bbox 1050 1088 1845 1125">
    <p class='ocr_par' dir='ltr' id='par_1_82' title="bbox 1050 1088 1845 1125">
     <span class='ocr_line' id='line_1_83' title="bbox 1050 1088 1845 1125; baseline -0.003 -9"><span class='ocrx_word' id='word_1_496' title='bbox 1050 1098 1107 1122; x_wconf 85' lang='grc' dir='ltr'>ται,</span> <span class='ocrx_word' id='word_1_497' title='bbox 1119 1090 1195 1125; x_wconf 75' lang='grc' dir='ltr'>παρὰ</span> <span class='ocrx_word' id='word_1_498' title='bbox 1207 1089 1253 1116; x_wconf 84' lang='grc' dir='ltr'>τοῦ</span> <span class='ocrx_word' id='word_1_499' title='bbox 1271 1089 1428 1124; x_wconf 76' lang='grc' dir='ltr'>ύποψηφίου</span> <span class='ocrx_word' id='word_1_500' title='bbox 1445 1090 1629 1125; x_wconf 84' lang='grc' dir='ltr'><strong>πατριάρχου,</strong></span> <span class='ocrx_word' id='word_1_501' title='bbox 1643 1091 1691 1115; x_wconf 70' lang='grc' dir='ltr'>καὶ</span> <span class='ocrx_word' id='word_1_502' title='bbox 1705 1088 1845 1115; x_wconf 77' lang='grc' dir='ltr'>ἀπολύον-</span> 
     </span>
    </p>
   </div>
   <div class='ocr_carea' id='block_1_83' title="bbox 1051 1134 1845 1171">
    <p class='ocr_par' dir='ltr' id='par_1_83' title="bbox 1051 1134 1845 1171">
     <span class='ocr_line' id='line_1_84' title="bbox 1051 1134 1845 1171; baseline -0.004 -9"><span class='ocrx_word' id='word_1_503' title='bbox 1051 1144 1108 1167; x_wconf 85' lang='grc' dir='ltr'>τος,</span> <span class='ocrx_word' id='word_1_504' title='bbox 1123 1136 1152 1161; x_wconf 70' lang='grc' dir='ltr'>τὸ</span> <span class='ocrx_word' id='word_1_505' title='bbox 1166 1137 1283 1170; x_wconf 80' lang='grc' dir='ltr'>μήνυμα</span> <span class='ocrx_word' id='word_1_506' title='bbox 1297 1136 1397 1162; x_wconf 80' lang='grc' dir='ltr'><strong>δίδοται</strong></span> <span class='ocrx_word' id='word_1_507' title='bbox 1410 1136 1476 1171; x_wconf 81' lang='grc' dir='ltr'>παρ’</span> <span class='ocrx_word' id='word_1_508' title='bbox 1492 1135 1629 1170; x_wconf 81' lang='grc' dir='ltr'><strong>ἀρχόντων</strong></span> <span class='ocrx_word' id='word_1_509' title='bbox 1644 1134 1845 1169; x_wconf 74' lang='grc' dir='ltr'>συγκλητικῶν</span> 
     </span>
    </p>
   </div>
   <div class='ocr_carea' id='block_1_84' title="bbox 1051 1179 1845 1216">
    <p class='ocr_par' dir='ltr' id='par_1_84' title="bbox 1051 1179 1845 1216">
     <span class='ocr_line' id='line_1_85' title="bbox 1051 1179 1845 1216; baseline -0.003 -9"><span class='ocrx_word' id='word_1_510' title='bbox 1051 1181 1105 1208; x_wconf 85' lang='grc' dir='ltr'>τῶν</span> <span class='ocrx_word' id='word_1_511' title='bbox 1118 1181 1266 1216; x_wconf 82' lang='grc' dir='ltr'><strong>μεγίστων,</strong></span> <span class='ocrx_word' id='word_1_512' title='bbox 1284 1181 1331 1207; x_wconf 86' lang='grc' dir='ltr'>τοῦ</span> <span class='ocrx_word' id='word_1_513' title='bbox 1344 1181 1478 1216; x_wconf 86' lang='grc' dir='ltr'>βασιλέως</span> <span class='ocrx_word' id='word_1_514' title='bbox 1488 1182 1542 1216; x_wconf 75' lang='grc' dir='ltr'><strong>γὰρ</strong></span> <span class='ocrx_word' id='word_1_515' title='bbox 1556 1181 1669 1215; x_wconf 87' lang='grc' dir='ltr'>φέρουσι</span> <span class='ocrx_word' id='word_1_516' title='bbox 1680 1180 1711 1206; x_wconf 84' lang='grc' dir='ltr'><strong>τὺ</strong></span> <span class='ocrx_word' id='word_1_517' title='bbox 1728 1179 1845 1214; x_wconf 81' lang='grc' dir='ltr'>πρόσω-</span> 
     </span>
    </p>
   </div>
   <div class='ocr_carea' id='block_1_85' title="bbox 1052 1225 1845 1262">
    <p class='ocr_par' dir='ltr' id='par_1_85' title="bbox 1052 1225 1845 1262">
     <span class='ocr_line' id='line_1_86' title="bbox 1052 1225 1845 1262; baseline -0.003 -9"><span class='ocrx_word' id='word_1_518' title='bbox 1052 1236 1114 1254; x_wconf 79' lang='grc' dir='ltr'>πον.</span> <span class='ocrx_word' id='word_1_519' title='bbox 1139 1227 1169 1254; x_wconf 87' lang='grc'><strong>’0</strong></span> <span class='ocrx_word' id='word_1_520' title='bbox 1187 1227 1314 1262; x_wconf 78' lang='grc' dir='ltr'>βασιλεὺς</span> <span class='ocrx_word' id='word_1_521' title='bbox 1335 1227 1364 1254; x_wconf 83' lang='grc' dir='ltr'>δὲ</span> <span class='ocrx_word' id='word_1_522' title='bbox 1378 1228 1412 1254; x_wconf 79' lang='grc' dir='ltr'>τὰ</span> <span class='ocrx_word' id='word_1_523' title='bbox 1429 1227 1478 1262; x_wconf 84' lang='grc' dir='ltr'>τῆς</span> <span class='ocrx_word' id='word_1_524' title='bbox 1504 1227 1613 1254; x_wconf 85' lang='grc' dir='ltr'>συνόδου</span> <span class='ocrx_word' id='word_1_525' title='bbox 1641 1227 1784 1262; x_wconf 82' lang='grc' dir='ltr'>ὑπηρετεῖ,</span> <span class='ocrx_word' id='word_1_526' title='bbox 1799 1225 1845 1257; x_wconf 78' lang='grc' dir='ltr'><strong>ὡς</strong></span> 
     </span>
    </p>
   </div>
   <div class='ocr_carea' id='block_1_86' title="bbox 1051 1272 1845 1311">
    <p class='ocr_par' dir='ltr' id='par_1_86' title="bbox 1051 1272 1845 1311">
     <span class='ocr_line' id='line_1_87' title="bbox 1051 1272 1845 1311; baseline -0.003 -12"><span class='ocrx_word' id='word_1_527' title='bbox 1051 1272 1169 1307; x_wconf 78' lang='grc' dir='ltr'>Χριστὸς</span> <span class='ocrx_word' id='word_1_528' title='bbox 1196 1273 1300 1311; x_wconf 83' lang='grc' dir='ltr'>Κυρίου</span> <span class='ocrx_word' id='word_1_529' title='bbox 1330 1274 1378 1300; x_wconf 83' lang='grc' dir='ltr'>καὶ</span> <span class='ocrx_word' id='word_1_530' title='bbox 1403 1273 1542 1309; x_wconf 79' lang='grc' dir='ltr'>δεφένσωρ</span> <span class='ocrx_word' id='word_1_531' title='bbox 1569 1273 1615 1299; x_wconf 79' lang='grc' dir='ltr'><strong>καὶ</strong></span> <span class='ocrx_word' id='word_1_532' title='bbox 1628 1272 1769 1307; x_wconf 78' lang='grc' dir='ltr'><strong>ὑπηρέτης</strong></span> <span class='ocrx_word' id='word_1_533' title='bbox 1788 1272 1845 1306; x_wconf 82' lang='grc' dir='ltr'>τῆς</span> 
     </span>
    </p>
   </div>
   <div class='ocr_carea' id='block_1_87' title="bbox 1056 1317 1844 1355">
    <p class='ocr_par' dir='ltr' id='par_1_87' title="bbox 1056 1317 1844 1355">
     <span class='ocr_line' id='line_1_88' title="bbox 1056 1317 1844 1355; baseline -0.003 -8"><span class='ocrx_word' id='word_1_534' title='bbox 1056 1319 1222 1354; x_wconf 78' lang='grc' dir='ltr'>Ἐκκλησίας</span> <span class='ocrx_word' id='word_1_535' title='bbox 1240 1320 1390 1353; x_wconf 74' lang='grc' dir='ltr'>καταστὰς,</span> <span class='ocrx_word' id='word_1_536' title='bbox 1419 1321 1448 1346; x_wconf 79' lang='grc' dir='ltr'>ὲν</span> <span class='ocrx_word' id='word_1_537' title='bbox 1473 1319 1514 1355; x_wconf 91' lang='grc' dir='ltr'>τῷ</span> <span class='ocrx_word' id='word_1_538' title='bbox 1539 1319 1665 1355; x_wconf 82' lang='grc' dir='ltr'>χρίεσθαι</span> <span class='ocrx_word' id='word_1_539' title='bbox 1691 1318 1741 1345; x_wconf 76' lang='grc' dir='ltr'>καὶ</span> <span class='ocrx_word' id='word_1_540' title='bbox 1757 1317 1844 1346; x_wconf 77' lang='grc' dir='ltr'>τοῦτο</span> 
     </span>
    </p>
   </div>
   <div class='ocr_carea' id='block_1_88' title="bbox 1051 1365 1284 1401">
    <p class='ocr_par' dir='ltr' id='par_1_88' title="bbox 1051 1365 1284 1401">
     <span class='ocr_line' id='line_1_89' title="bbox 1051 1365 1284 1401; baseline 0.009 -10"><span class='ocrx_word' id='word_1_541' title='bbox 1051 1365 1284 1401; x_wconf 83' lang='grc' dir='ltr'>καθυποσχεθείς.</span> 
     </span>
    </p>
   </div>
   <div class='ocr_carea' id='block_1_89' title="bbox 1325 1413 1564 1446">
    <p class='ocr_par' dir='ltr' id='par_1_89' title="bbox 1325 1413 1564 1446">
     <span class='ocr_line' id='line_1_90' title="bbox 1325 1413 1564 1446; baseline 0.004 -8"><span class='ocrx_word' id='word_1_542' title='bbox 1325 1413 1452 1440; x_wconf 79' lang='grc' dir='ltr'><strong>ΚΕΦΔΛ.</strong></span> <span class='ocrx_word' id='word_1_543' title='bbox 1470 1413 1564 1446; x_wconf 70' lang='grc' dir='ltr'>Σκςπ.</span> 
     </span>
    </p>
   </div>
   <div class='ocr_carea' id='block_1_90' title="bbox 1237 1467 1667 1503">
    <p class='ocr_par' dir='ltr' id='par_1_90' title="bbox 1237 1467 1667 1503">
     <span class='ocr_line' id='line_1_91' title="bbox 1237 1467 1667 1503; baseline -0.002 -8"><span class='ocrx_word' id='word_1_544' title='bbox 1237 1469 1336 1501; x_wconf 84' lang='grc' dir='ltr'><strong>Ὅπως</strong></span> <span class='ocrx_word' id='word_1_545' title='bbox 1354 1469 1387 1495; x_wconf 89' lang='grc' dir='ltr'>τὸ</span> <span class='ocrx_word' id='word_1_546' title='bbox 1408 1467 1532 1503; x_wconf 77' lang='grc' dir='ltr'>μήνυμα</span> <span class='ocrx_word' id='word_1_547' title='bbox 1545 1468 1667 1502; x_wconf 75' lang='grc' dir='ltr'>γίνεται.</span> 
     </span>
    </p>
   </div>
   <div class='ocr_carea' id='block_1_91' title="bbox 1014 1513 1843 1552">
    <p class='ocr_par' dir='ltr' id='par_1_91' title="bbox 1014 1513 1843 1552">
     <span class='ocr_line' id='line_1_92' title="bbox 1014 1513 1843 1552; baseline -0.002 -10"><span class='ocrx_word' id='word_1_548' title='bbox 1014 1521 1038 1552; x_wconf 80' lang='lat' dir='ltr'><strong>c</strong></span> <span class='ocrx_word' id='word_1_549' title='bbox 1088 1515 1134 1542; x_wconf 79' lang='grc' dir='ltr'>Διὸ</span> <span class='ocrx_word' id='word_1_550' title='bbox 1153 1514 1201 1542; x_wconf 81' lang='grc' dir='ltr'>καὶ</span> <span class='ocrx_word' id='word_1_551' title='bbox 1212 1515 1237 1541; x_wconf 76' lang='grc' dir='ltr'>οἱ</span> <span class='ocrx_word' id='word_1_552' title='bbox 1254 1514 1285 1541; x_wconf 78' lang='grc' dir='ltr'><strong>τὸ</strong></span> <span class='ocrx_word' id='word_1_553' title='bbox 1300 1515 1415 1549; x_wconf 89' lang='grc' dir='ltr'>μήνυμα</span> <span class='ocrx_word' id='word_1_554' title='bbox 1430 1514 1556 1549; x_wconf 86' lang='grc' dir='ltr'>λέγοντες</span> <span class='ocrx_word' id='word_1_555' title='bbox 1571 1513 1643 1540; x_wconf 78' lang='grc' dir='ltr'>οὕτω</span> <span class='ocrx_word' id='word_1_556' title='bbox 1661 1513 1755 1548; x_wconf 80' lang='grc' dir='ltr'>φασίν·</span> <span class='ocrx_word' id='word_1_557' title='bbox 1776 1523 1787 1540; x_wconf 82' lang='grc' dir='ltr'><strong>ι</strong></span> <span class='ocrx_word' id='word_1_558' title='bbox 1808 1514 1843 1541; x_wconf 90' lang='lat'>&#39;0</span> 
     </span>
    </p>
   </div>
   <div class='ocr_carea' id='block_1_92' title="bbox 1055 1559 1843 1596">
    <p class='ocr_par' dir='ltr' id='par_1_92' title="bbox 1055 1559 1843 1596">
     <span class='ocr_line' id='line_1_93' title="bbox 1055 1559 1843 1596; baseline -0.001 -9"><span class='ocrx_word' id='word_1_559' title='bbox 1055 1560 1187 1596; x_wconf 77' lang='grc' dir='ltr'>κραταιὸς</span> <span class='ocrx_word' id='word_1_560' title='bbox 1214 1561 1261 1587; x_wconf 74' lang='grc' dir='ltr'><strong>καὶ</strong></span> <span class='ocrx_word' id='word_1_561' title='bbox 1284 1559 1362 1594; x_wconf 74' lang='grc' dir='ltr'>ἅγιος</span> <span class='ocrx_word' id='word_1_562' title='bbox 1380 1560 1458 1595; x_wconf 87' lang='grc' dir='ltr'>ήμῶν</span> <span class='ocrx_word' id='word_1_563' title='bbox 1476 1559 1609 1595; x_wconf 79' lang='grc' dir='ltr'><strong>αὐθέντης</strong></span> <span class='ocrx_word' id='word_1_564' title='bbox 1634 1560 1682 1586; x_wconf 70' lang='grc' dir='ltr'>καὶ</span> <span class='ocrx_word' id='word_1_565' title='bbox 1697 1559 1843 1594; x_wconf 69' lang='grc' dir='ltr'>βασιὶιδς,</span> 
     </span>
    </p>
   </div>
   <div class='ocr_carea' id='block_1_93' title="bbox 1054 1603 1846 1640">
    <p class='ocr_par' dir='ltr' id='par_1_93' title="bbox 1054 1603 1846 1640">
     <span class='ocr_line' id='line_1_94' title="bbox 1054 1603 1846 1640; baseline -0.003 -9"><span class='ocrx_word' id='word_1_566' title='bbox 1054 1605 1132 1640; x_wconf 80' lang='grc' dir='ltr'>καὶὴ</span> <span class='ocrx_word' id='word_1_567' title='bbox 1148 1605 1209 1631; x_wconf 88' lang='grc' dir='ltr'>θεία</span> <span class='ocrx_word' id='word_1_568' title='bbox 1232 1605 1279 1631; x_wconf 81' lang='grc' dir='ltr'>καὶ</span> <span class='ocrx_word' id='word_1_569' title='bbox 1306 1604 1367 1640; x_wconf 79' lang='grc' dir='ltr'>ιερὰ</span> <span class='ocrx_word' id='word_1_570' title='bbox 1391 1605 1439 1630; x_wconf 76' lang='grc' dir='ltr'>καὶ</span> <span class='ocrx_word' id='word_1_571' title='bbox 1465 1603 1570 1639; x_wconf 78' lang='grc' dir='ltr'>μεγάλη</span> <span class='ocrx_word' id='word_1_572' title='bbox 1586 1603 1695 1635; x_wconf 84' lang='grc' dir='ltr'>σύνοδος</span> <span class='ocrx_word' id='word_1_573' title='bbox 1718 1612 1846 1639; x_wconf 81' lang='grc' dir='ltr'>προσκα-</span> 
     </span>
    </p>
   </div>
   <div class='ocr_carea' id='block_1_94' title="bbox 1055 1649 1847 1685">
    <p class='ocr_par' dir='ltr' id='par_1_94' title="bbox 1055 1649 1847 1685">
     <span class='ocr_line' id='line_1_95' title="bbox 1055 1649 1847 1685; baseline -0.001 -9"><span class='ocrx_word' id='word_1_574' title='bbox 1055 1650 1164 1677; x_wconf 80' lang='grc' dir='ltr'>λοῦνται</span> <span class='ocrx_word' id='word_1_575' title='bbox 1180 1650 1230 1685; x_wconf 84' lang='grc' dir='ltr'>τὴν</span> <span class='ocrx_word' id='word_1_576' title='bbox 1247 1650 1404 1685; x_wconf 80' lang='grc' dir='ltr'>ἁγιωσύνην</span> <span class='ocrx_word' id='word_1_577' title='bbox 1420 1658 1466 1676; x_wconf 91' lang='grc' dir='ltr'><strong>σου</strong></span> <span class='ocrx_word' id='word_1_578' title='bbox 1483 1650 1522 1681; x_wconf 83' lang='grc' dir='ltr'><strong>είς</strong></span> <span class='ocrx_word' id='word_1_579' title='bbox 1534 1650 1578 1676; x_wconf 81' lang='grc' dir='ltr'>τὸν</span> <span class='ocrx_word' id='word_1_580' title='bbox 1594 1649 1764 1685; x_wconf 82' lang='grc' dir='ltr'>ὑψηλότατον</span> <span class='ocrx_word' id='word_1_581' title='bbox 1778 1649 1847 1684; x_wconf 74' lang='grc' dir='ltr'>θρό-</span> 
     </span>
    </p>
   </div>
   <div class='ocr_carea' id='block_1_95' title="bbox 1055 1695 1843 1732">
    <p class='ocr_par' dir='ltr' id='par_1_95' title="bbox 1055 1695 1843 1732">
     <span class='ocr_line' id='line_1_96' title="bbox 1055 1695 1843 1732; baseline 0 -10"><span class='ocrx_word' id='word_1_582' title='bbox 1055 1704 1099 1723; x_wconf 89' lang='grc' dir='ltr'><strong>νον</strong></span> <span class='ocrx_word' id='word_1_583' title='bbox 1122 1696 1170 1723; x_wconf 86' lang='grc' dir='ltr'><strong>τοῦ</strong></span> <span class='ocrx_word' id='word_1_584' title='bbox 1194 1697 1391 1732; x_wconf 81' lang='grc' dir='ltr'>πατριαρχείου</span> <span class='ocrx_word' id='word_1_585' title='bbox 1407 1697 1457 1732; x_wconf 83' lang='grc' dir='ltr'>τῆς</span> <span class='ocrx_word' id='word_1_586' title='bbox 1480 1695 1811 1727; x_wconf 73' lang='grc' dir='ltr'>Κωνσταντινουπόλεως·</span> <span class='ocrx_word' id='word_1_587' title='bbox 1828 1704 1843 1722; x_wconf 76' lang='grc' dir='ltr'><strong><em>ι</em></strong></span> 
     </span>
    </p>
   </div>
   <div class='ocr_carea' id='block_1_96' title="bbox 1058 1741 1846 1778">
    <p class='ocr_par' dir='ltr' id='par_1_96' title="bbox 1058 1741 1846 1778">
     <span class='ocr_line' id='line_1_97' title="bbox 1058 1741 1846 1778; baseline 0 -11"><span class='ocrx_word' id='word_1_588' title='bbox 1058 1742 1272 1777; x_wconf 86' lang='grc' dir='ltr'>μαρτυροῦντες,</span> <span class='ocrx_word' id='word_1_589' title='bbox 1288 1742 1325 1773; x_wconf 85' lang='grc' dir='ltr'>ὡς</span> <span class='ocrx_word' id='word_1_590' title='bbox 1341 1743 1390 1777; x_wconf 86' lang='grc' dir='ltr'>οὐχ</span> <span class='ocrx_word' id='word_1_591' title='bbox 1402 1742 1416 1768; x_wconf 84' lang='grc' dir='ltr'>ὁ</span> <span class='ocrx_word' id='word_1_592' title='bbox 1432 1743 1560 1778; x_wconf 80' lang='grc' dir='ltr'>βασιλεὺς</span> <span class='ocrx_word' id='word_1_593' title='bbox 1575 1741 1620 1776; x_wconf 77' lang='grc' dir='ltr'><strong>ἀφ’</strong></span> <span class='ocrx_word' id='word_1_594' title='bbox 1634 1741 1744 1774; x_wconf 77' lang='grc' dir='ltr'>ἑαυτοῦ,</span> <span class='ocrx_word' id='word_1_595' title='bbox 1771 1741 1846 1768; x_wconf 77' lang='grc' dir='ltr'>ἀλλὰ</span> 
     </span>
    </p>
   </div>
   <div class='ocr_carea' id='block_1_97' title="bbox 1055 1787 1845 1823">
    <p class='ocr_par' dir='ltr' id='par_1_97' title="bbox 1055 1787 1845 1823">
     <span class='ocr_line' id='line_1_98' title="bbox 1055 1787 1845 1823; baseline 0 -10"><span class='ocrx_word' id='word_1_596' title='bbox 1055 1787 1088 1814; x_wconf 86' lang='grc' dir='ltr'>τὰ</span> <span class='ocrx_word' id='word_1_597' title='bbox 1101 1787 1149 1821; x_wconf 84' lang='grc' dir='ltr'>τῆς</span> <span class='ocrx_word' id='word_1_598' title='bbox 1167 1788 1276 1814; x_wconf 84' lang='grc' dir='ltr'>συνόδου</span> <span class='ocrx_word' id='word_1_599' title='bbox 1294 1789 1363 1823; x_wconf 72' lang='grc' dir='ltr'>μετὰ</span> <span class='ocrx_word' id='word_1_600' title='bbox 1376 1788 1424 1823; x_wconf 85' lang='grc' dir='ltr'>τῆς</span> <span class='ocrx_word' id='word_1_601' title='bbox 1445 1787 1555 1815; x_wconf 80' lang='grc' dir='ltr'>συνόδου</span> <span class='ocrx_word' id='word_1_602' title='bbox 1571 1787 1681 1822; x_wconf 76' lang='grc' dir='ltr'>μηνύει,</span> <span class='ocrx_word' id='word_1_603' title='bbox 1699 1787 1747 1815; x_wconf 78' lang='grc' dir='ltr'>καὶ</span> <span class='ocrx_word' id='word_1_604' title='bbox 1759 1787 1845 1822; x_wconf 82' lang='grc' dir='ltr'>μόνον</span> 
     </span>
    </p>
   </div>
   <div class='ocr_carea' id='block_1_98' title="bbox 1055 1834 1373 1870">
    <p class='ocr_par' dir='ltr' id='par_1_98' title="bbox 1055 1834 1373 1870">
     <span class='ocr_line' id='line_1_99' title="bbox 1055 1834 1373 1870; baseline 0 -8"><span class='ocrx_word' id='word_1_605' title='bbox 1055 1834 1198 1870; x_wconf 82' lang='grc' dir='ltr'>ὑπηρετεῖ.</span> <span class='ocrx_word' id='word_1_606' title='bbox 1367 1834 1373 1842; x_wconf 88' lang='grc'><strong><em>¹</em></strong></span> 
     </span>
    </p>
   </div>
   <div class='ocr_carea' id='block_1_99' title="bbox 1331 1891 1564 1919">
    <p class='ocr_par' dir='ltr' id='par_1_99' title="bbox 1331 1891 1564 1919">
     <span class='ocr_line' id='line_1_100' title="bbox 1331 1891 1564 1919; baseline -0.009 0"><span class='ocrx_word' id='word_1_607' title='bbox 1331 1892 1458 1919; x_wconf 78' lang='grc' dir='ltr'><strong>ΚΕΦΑΛ.</strong></span> <span class='ocrx_word' id='word_1_608' title='bbox 1479 1891 1564 1917; x_wconf 77' lang='grc' dir='ltr'><strong>ΣΚΖ’.</strong></span> 
     </span>
    </p>
   </div>
   <div class='ocr_carea' id='block_1_100' title="bbox 1057 1946 1844 1984">
    <p class='ocr_par' dir='ltr' id='par_1_100' title="bbox 1057 1946 1844 1984">
     <span class='ocr_line' id='line_1_101' title="bbox 1057 1946 1844 1984; baseline -0.003 -8"><span class='ocrx_word' id='word_1_609' title='bbox 1057 1948 1137 1976; x_wconf 81' lang='grc' dir='ltr'><strong>Κατά</strong></span> <span class='ocrx_word' id='word_1_610' title='bbox 1163 1947 1224 1975; x_wconf 81' lang='grc' dir='ltr'>τῶν</span> <span class='ocrx_word' id='word_1_611' title='bbox 1249 1949 1401 1984; x_wconf 67' lang='grc' dir='ltr'>λεγόντων</span> <span class='ocrx_word' id='word_1_612' title='bbox 1424 1947 1468 1974; x_wconf 84' lang='grc' dir='ltr'>ὅτι</span> <span class='ocrx_word' id='word_1_613' title='bbox 1497 1949 1514 1975; x_wconf 82' lang='lat' dir='ltr'><strong>d</strong></span> <span class='ocrx_word' id='word_1_614' title='bbox 1534 1946 1687 1984; x_wconf 73' lang='grc' dir='ltr'>,βᾳσιλεὺς</span> <span class='ocrx_word' id='word_1_615' title='bbox 1709 1946 1763 1974; x_wconf 84' lang='grc' dir='ltr'>τὸν</span> <span class='ocrx_word' id='word_1_616' title='bbox 1786 1954 1844 1974; x_wconf 76' lang='grc' dir='ltr'><strong>πα-</strong></span> 
     </span>
    </p>
   </div>
   <div class='ocr_carea' id='block_1_101' title="bbox 1328 1982 1575 2018">
    <p class='ocr_par' dir='ltr' id='par_1_101' title="bbox 1328 1982 1575 2018">
     <span class='ocr_line' id='line_1_102' title="bbox 1328 1982 1575 2018; baseline -0.008 -8"><span class='ocrx_word' id='word_1_617' title='bbox 1328 1982 1472 2018; x_wconf 79' lang='grc' dir='ltr'>τριάρχην</span> <span class='ocrx_word' id='word_1_618' title='bbox 1486 1982 1575 2010; x_wconf 81' lang='grc' dir='ltr'>ποιεῖ.</span> 
     </span>
    </p>
   </div>
   <div class='ocr_carea' id='block_1_102' title="bbox 1091 2041 1842 2078">
    <p class='ocr_par' dir='ltr' id='par_1_102' title="bbox 1091 2041 1842 2078">
     <span class='ocr_line' id='line_1_103' title="bbox 1091 2041 1842 2078; baseline -0.004 -8"><span class='ocrx_word' id='word_1_619' title='bbox 1091 2042 1244 2078; x_wconf 75' lang='grc' dir='ltr'>Φλυαροῦσι</span> <span class='ocrx_word' id='word_1_620' title='bbox 1258 2041 1348 2068; x_wconf 82' lang='grc' dir='ltr'>τοίνυν</span> <span class='ocrx_word' id='word_1_621' title='bbox 1370 2041 1395 2067; x_wconf 85' lang='grc' dir='ltr'><strong>οι</strong></span> <span class='ocrx_word' id='word_1_622' title='bbox 1416 2041 1542 2074; x_wconf 81' lang='grc' dir='ltr'>λέγοντες</span> <span class='ocrx_word' id='word_1_623' title='bbox 1566 2041 1725 2075; x_wconf 81' lang='grc' dir='ltr'>καινοτόμοι</span> <span class='ocrx_word' id='word_1_624' title='bbox 1749 2041 1842 2076; x_wconf 79' lang='grc' dir='ltr'>φθόνῳ</span> 
     </span>
    </p>
   </div>
   <div class='ocr_carea' id='block_1_103' title="bbox 1058 2087 1840 2124">
    <p class='ocr_par' dir='ltr' id='par_1_103' title="bbox 1058 2087 1840 2124">
     <span class='ocr_line' id='line_1_104' title="bbox 1058 2087 1840 2124; baseline -0.005 -7"><span class='ocrx_word' id='word_1_625' title='bbox 1058 2089 1227 2124; x_wconf 70' lang='grc' dir='ltr'>βαλλόμενοι,</span> <span class='ocrx_word' id='word_1_626' title='bbox 1245 2088 1282 2120; x_wconf 81' lang='grc' dir='ltr'><strong>ὡς</strong></span> <span class='ocrx_word' id='word_1_627' title='bbox 1304 2088 1333 2114; x_wconf 93' lang='grc' dir='ltr'>Ὀ</span> <span class='ocrx_word' id='word_1_628' title='bbox 1346 2087 1473 2122; x_wconf 75' lang='grc' dir='ltr'>βασιλεὺς</span> <span class='ocrx_word' id='word_1_629' title='bbox 1496 2088 1542 2114; x_wconf 68' lang='grc' dir='ltr'>τὸν</span> <span class='ocrx_word' id='word_1_630' title='bbox 1565 2087 1739 2122; x_wconf 79' lang='grc' dir='ltr'>πατριάρχην</span> <span class='ocrx_word' id='word_1_631' title='bbox 1756 2089 1840 2113; x_wconf 82' lang='grc' dir='ltr'>ποιεῖ·</span> 
     </span>
    </p>
   </div>
   <div class='ocr_carea' id='block_1_104' title="bbox 1056 2134 1843 2174">
    <p class='ocr_par' dir='ltr' id='par_1_104' title="bbox 1056 2134 1843 2174">
     <span class='ocr_line' id='line_1_105' title="bbox 1056 2134 1843 2174; baseline -0.004 -11"><span class='ocrx_word' id='word_1_632' title='bbox 1056 2137 1182 2171; x_wconf 79' lang='grc' dir='ltr'>οὐδαμῶς</span> <span class='ocrx_word' id='word_1_633' title='bbox 1197 2136 1252 2174; x_wconf 82' lang='grc' dir='ltr'><strong>γὰρ</strong></span> <span class='ocrx_word' id='word_1_634' title='bbox 1278 2138 1292 2163; x_wconf 83' lang='grc' dir='ltr'><strong>ό</strong></span> <span class='ocrx_word' id='word_1_635' title='bbox 1314 2135 1453 2172; x_wconf 75' lang='grc' dir='ltr'>βασιλεὺς,</span> <span class='ocrx_word' id='word_1_636' title='bbox 1480 2135 1537 2164; x_wconf 80' lang='grc' dir='ltr'>ἀλλ’</span> <span class='ocrx_word' id='word_1_637' title='bbox 1552 2136 1570 2171; x_wconf 82' lang='grc' dir='ltr'><strong>ἡ</strong></span> <span class='ocrx_word' id='word_1_638' title='bbox 1590 2134 1697 2166; x_wconf 84' lang='grc' dir='ltr'>σύνοδος</span> <span class='ocrx_word' id='word_1_639' title='bbox 1721 2135 1843 2169; x_wconf 76' lang='grc' dir='ltr'>ἐνεργεῖ,</span> 
     </span>
    </p>
   </div>
   <div class='ocr_carea' id='block_1_105' title="bbox 1056 2182 1843 2220">
    <p class='ocr_par' dir='ltr' id='par_1_105' title="bbox 1056 2182 1843 2220">
     <span class='ocr_line' id='line_1_106' title="bbox 1056 2182 1843 2220; baseline 0.003 -11"><span class='ocrx_word' id='word_1_640' title='bbox 1056 2183 1313 2218; x_wconf 74' lang='grc' dir='ltr'>ὲξυπηρετουμένου</span> <span class='ocrx_word' id='word_1_641' title='bbox 1330 2185 1410 2220; x_wconf 87' lang='grc' dir='ltr'>μόνον</span> <span class='ocrx_word' id='word_1_642' title='bbox 1426 2183 1473 2211; x_wconf 79' lang='grc' dir='ltr'><strong>τοῦ</strong></span> <span class='ocrx_word' id='word_1_643' title='bbox 1493 2182 1625 2218; x_wconf 84' lang='grc' dir='ltr'>βασιλέως</span> <span class='ocrx_word' id='word_1_644' title='bbox 1643 2183 1774 2216; x_wconf 76' lang='grc' dir='ltr'>εὐσεϐοῦς</span> <span class='ocrx_word' id='word_1_645' title='bbox 1797 2184 1843 2211; x_wconf 78' lang='grc' dir='ltr'><strong>ὃν·</strong></span> 
     </span>
    </p>
   </div>
   <div class='ocr_carea' id='block_1_106' title="bbox 1059 2230 1843 2265">
    <p class='ocr_par' dir='ltr' id='par_1_106' title="bbox 1059 2230 1843 2265">
     <span class='ocr_line' id='line_1_107' title="bbox 1059 2230 1843 2265; baseline 0 -9"><span class='ocrx_word' id='word_1_646' title='bbox 1059 2238 1114 2262; x_wconf 82' lang='grc' dir='ltr'>τος,</span> <span class='ocrx_word' id='word_1_647' title='bbox 1143 2231 1181 2261; x_wconf 85' lang='grc' dir='ltr'>ὼς</span> <span class='ocrx_word' id='word_1_648' title='bbox 1194 2230 1338 2258; x_wconf 79' lang='grc' dir='ltr'>δέδεικται·</span> <span class='ocrx_word' id='word_1_649' title='bbox 1359 2232 1389 2257; x_wconf 76' lang='grc' dir='ltr'>οὐ</span> <span class='ocrx_word' id='word_1_650' title='bbox 1413 2231 1494 2265; x_wconf 87' lang='grc' dir='ltr'>μόνον</span> <span class='ocrx_word' id='word_1_651' title='bbox 1510 2231 1551 2257; x_wconf 86' lang='grc' dir='ltr'>ὃτι</span> <span class='ocrx_word' id='word_1_652' title='bbox 1569 2230 1676 2261; x_wconf 77' lang='grc' dir='ltr'>ἑκδικός</span> <span class='ocrx_word' id='word_1_653' title='bbox 1703 2231 1773 2263; x_wconf 78' lang='grc' dir='ltr'>ἐστι,</span> <span class='ocrx_word' id='word_1_654' title='bbox 1795 2231 1843 2256; x_wconf 80' lang='grc' dir='ltr'>καὶ</span> 
     </span>
    </p>
   </div>
   <div class='ocr_carea' id='block_1_107' title="bbox 1059 2274 1843 2310">
    <p class='ocr_par' dir='ltr' id='par_1_107' title="bbox 1059 2274 1843 2310">
     <span class='ocr_line' id='line_1_108' title="bbox 1059 2274 1843 2310; baseline 0 -9"><span class='ocrx_word' id='word_1_655' title='bbox 1059 2275 1186 2310; x_wconf 79' lang='grc' dir='ltr'>βασιλεὺς</span> <span class='ocrx_word' id='word_1_656' title='bbox 1209 2275 1330 2310; x_wconf 83' lang='grc' dir='ltr'>χρισϐεὶς</span> <span class='ocrx_word' id='word_1_657' title='bbox 1349 2276 1382 2301; x_wconf 81' lang='grc' dir='ltr'>ὲκ</span> <span class='ocrx_word' id='word_1_658' title='bbox 1395 2275 1444 2310; x_wconf 75' lang='grc' dir='ltr'>τῆς</span> <span class='ocrx_word' id='word_1_659' title='bbox 1461 2274 1634 2310; x_wconf 83' lang='grc' dir='ltr'>Ἑκκλησίας,</span> <span class='ocrx_word' id='word_1_660' title='bbox 1653 2275 1712 2301; x_wconf 81' lang='grc' dir='ltr'>ἀλλ’</span> <span class='ocrx_word' id='word_1_661' title='bbox 1728 2275 1772 2302; x_wconf 84' lang='grc' dir='ltr'>ῐνα</span> <span class='ocrx_word' id='word_1_662' title='bbox 1795 2275 1843 2302; x_wconf 79' lang='grc' dir='ltr'>καὶ</span> 
     </span>
    </p>
   </div>
   <div class='ocr_carea' id='block_1_108' title="bbox 1059 2319 1842 2356">
    <p class='ocr_par' dir='ltr' id='par_1_108' title="bbox 1059 2319 1842 2356">
     <span class='ocr_line' id='line_1_109' title="bbox 1059 2319 1842 2356; baseline 0.001 -9"><span class='ocrx_word' id='word_1_663' title='bbox 1059 2321 1197 2356; x_wconf 82' lang='grc' dir='ltr'>συνεργῶν</span> <span class='ocrx_word' id='word_1_664' title='bbox 1211 2321 1254 2356; x_wconf 71' lang='grc' dir='ltr'>εἴη</span> <span class='ocrx_word' id='word_1_665' title='bbox 1269 2321 1315 2346; x_wconf 76' lang='grc' dir='ltr'>καὶ</span> <span class='ocrx_word' id='word_1_666' title='bbox 1327 2320 1482 2355; x_wconf 78' lang='grc' dir='ltr'>ὑπηρετῶν,</span> <span class='ocrx_word' id='word_1_667' title='bbox 1500 2321 1548 2347; x_wconf 77' lang='grc' dir='ltr'>καὶ</span> <span class='ocrx_word' id='word_1_668' title='bbox 1561 2320 1662 2356; x_wconf 82' lang='grc' dir='ltr'>στέργῃ</span> <span class='ocrx_word' id='word_1_669' title='bbox 1683 2320 1730 2347; x_wconf 73' lang='grc' dir='ltr'>καὶ</span> <span class='ocrx_word' id='word_1_670' title='bbox 1744 2319 1842 2354; x_wconf 75' lang='grc' dir='ltr'>βέϐαια</span> 
     </span>
    </p>
   </div>
   <div class='ocr_carea' id='block_1_109' title="bbox 1057 2365 1841 2402">
    <p class='ocr_par' dir='ltr' id='par_1_109' title="bbox 1057 2365 1841 2402">
     <span class='ocr_line' id='line_1_110' title="bbox 1057 2365 1841 2402; baseline -0.003 -8"><span class='ocrx_word' id='word_1_671' title='bbox 1057 2368 1127 2402; x_wconf 86' lang='grc' dir='ltr'>τηρῇ</span> <span class='ocrx_word' id='word_1_672' title='bbox 1142 2367 1177 2394; x_wconf 72' lang='grc' dir='ltr'><strong>τὰ</strong></span> <span class='ocrx_word' id='word_1_673' title='bbox 1201 2367 1251 2402; x_wconf 83' lang='grc' dir='ltr'>τῆς</span> <span class='ocrx_word' id='word_1_674' title='bbox 1272 2367 1446 2402; x_wconf 83' lang='grc' dir='ltr'>Ἑκκλησίας,</span> <span class='ocrx_word' id='word_1_675' title='bbox 1473 2367 1651 2402; x_wconf 83' lang='grc' dir='ltr'>ὀφειλομένου</span> <span class='ocrx_word' id='word_1_676' title='bbox 1673 2368 1720 2393; x_wconf 80' lang='grc' dir='ltr'>καὶ</span> <span class='ocrx_word' id='word_1_677' title='bbox 1744 2365 1841 2392; x_wconf 83' lang='grc' dir='ltr'>τούτου</span> 
     </span>
    </p>
   </div>
   <div class='ocr_carea' id='block_1_110' title="bbox 1057 2412 1842 2448">
    <p class='ocr_par' dir='ltr' id='par_1_110' title="bbox 1057 2412 1842 2448">
     <span class='ocr_line' id='line_1_111' title="bbox 1057 2412 1842 2448; baseline -0.003 -9"><span class='ocrx_word' id='word_1_678' title='bbox 1057 2413 1086 2439; x_wconf 69' lang='grc' dir='ltr'>ιν</span> <span class='ocrx_word' id='word_1_679' title='bbox 1105 2414 1162 2444; x_wconf 85' lang='grc' dir='ltr'>τοῖς</span> <span class='ocrx_word' id='word_1_680' title='bbox 1178 2412 1329 2445; x_wconf 79' lang='grc' dir='ltr'>ὀρθοδόξοις</span> <span class='ocrx_word' id='word_1_681' title='bbox 1346 2413 1500 2448; x_wconf 77' lang='grc' dir='ltr'>τηρεῖσθαι,</span> <span class='ocrx_word' id='word_1_682' title='bbox 1526 2413 1570 2439; x_wconf 77' lang='grc' dir='ltr'><strong>διὰ</strong></span> <span class='ocrx_word' id='word_1_683' title='bbox 1594 2413 1642 2448; x_wconf 81' lang='grc' dir='ltr'>τὴν</span> <span class='ocrx_word' id='word_1_684' title='bbox 1665 2412 1776 2447; x_wconf 75' lang='grc' dir='ltr'>εἰρήνην</span> <span class='ocrx_word' id='word_1_685' title='bbox 1791 2412 1842 2446; x_wconf 84' lang='grc' dir='ltr'>τῆς</span> 
     </span>
    </p>
   </div>
   <div class='ocr_carea' id='block_1_111' title="bbox 1065 2456 1842 2494">
    <p class='ocr_par' dir='ltr' id='par_1_111' title="bbox 1065 2456 1842 2494">
     <span class='ocr_line' id='line_1_112' title="bbox 1065 2456 1842 2494; baseline -0.001 -10"><span class='ocrx_word' id='word_1_686' title='bbox 1065 2458 1236 2492; x_wconf 77' lang='grc' dir='ltr'>Ἐκκλησίας.</span> <span class='ocrx_word' id='word_1_687' title='bbox 1260 2458 1492 2494; x_wconf 79' lang='grc' dir='ltr'>’Λπολογουμένου</span> <span class='ocrx_word' id='word_1_688' title='bbox 1508 2456 1554 2486; x_wconf 80' lang='grc' dir='ltr'>οὖν</span> <span class='ocrx_word' id='word_1_689' title='bbox 1566 2459 1613 2485; x_wconf 75' lang='grc' dir='ltr'>καὶ</span> <span class='ocrx_word' id='word_1_690' title='bbox 1627 2458 1673 2485; x_wconf 83' lang='grc' dir='ltr'>τοῦ</span> <span class='ocrx_word' id='word_1_691' title='bbox 1686 2457 1842 2492; x_wconf 80' lang='grc' dir='ltr'>ὑποψηφὶου</span> 
     </span>
    </p>
   </div>
   <div class='ocr_carea' id='block_1_112' title="bbox 1058 2506 1844 2542">
    <p class='ocr_par' dir='ltr' id='par_1_112' title="bbox 1058 2506 1844 2542">
     <span class='ocr_line' id='line_1_113' title="bbox 1058 2506 1844 2542; baseline -0.003 -8"><span class='ocrx_word' id='word_1_692' title='bbox 1058 2507 1092 2534; x_wconf 82' lang='grc' dir='ltr'>τὰ</span> <span class='ocrx_word' id='word_1_693' title='bbox 1106 2506 1208 2539; x_wconf 70' lang='grc' dir='ltr'>εἰκότα,</span> <span class='ocrx_word' id='word_1_694' title='bbox 1221 2507 1269 2534; x_wconf 81' lang='grc' dir='ltr'>καὶ</span> <span class='ocrx_word' id='word_1_695' title='bbox 1286 2506 1505 2542; x_wconf 78' lang='grc' dir='ltr'>καταδεξαμένου</span> <span class='ocrx_word' id='word_1_696' title='bbox 1517 2506 1566 2541; x_wconf 82' lang='grc' dir='ltr'>τὴν</span> <span class='ocrx_word' id='word_1_697' title='bbox 1585 2507 1762 2542; x_wconf 79' lang='grc' dir='ltr'>Ἐκκλησίαν,</span> <span class='ocrx_word' id='word_1_698' title='bbox 1774 2507 1844 2533; x_wconf 76' lang='grc' dir='ltr'><strong>πάν-</strong></span> 
     </span>
    </p>
   </div>
   <div class='ocr_carea' id='block_1_113' title="bbox 1059 2553 1842 2589">
    <p class='ocr_par' dir='ltr' id='par_1_113' title="bbox 1059 2553 1842 2589">
     <span class='ocr_line' id='line_1_114' title="bbox 1059 2553 1842 2589; baseline -0.003 -9"><span class='ocrx_word' id='word_1_699' title='bbox 1059 2562 1103 2584; x_wconf 83' lang='grc' dir='ltr'><strong>τες</strong></span> <span class='ocrx_word' id='word_1_700' title='bbox 1121 2554 1258 2589; x_wconf 83' lang='grc' dir='ltr'>ἀρχιερεῖς</span> <span class='ocrx_word' id='word_1_701' title='bbox 1275 2553 1472 2589; x_wconf 87' lang='grc' dir='ltr'>προσέρχονται</span> <span class='ocrx_word' id='word_1_702' title='bbox 1490 2553 1579 2588; x_wconf 85' lang='grc' dir='ltr'>τούτῳ</span> <span class='ocrx_word' id='word_1_703' title='bbox 1594 2554 1641 2580; x_wconf 74' lang='grc' dir='ltr'>καὶ</span> <span class='ocrx_word' id='word_1_704' title='bbox 1655 2553 1842 2588; x_wconf 75' lang='grc' dir='ltr'>προσκύνησιν</span> 
     </span>
    </p>
   </div>
   <div class='ocr_carea' id='block_1_114' title="bbox 1058 2599 1843 2636">
    <p class='ocr_par' dir='ltr' id='par_1_114' title="bbox 1058 2599 1843 2636">
     <span class='ocr_line' id='line_1_115' title="bbox 1058 2599 1843 2636; baseline -0.003 -10"><span class='ocrx_word' id='word_1_705' title='bbox 1058 2601 1252 2635; x_wconf 75' lang='grc' dir='ltr'>ἀπονέμουσιν,</span> <span class='ocrx_word' id='word_1_706' title='bbox 1274 2600 1373 2634; x_wconf 84' lang='grc' dir='ltr'>ὁμοίως</span> <span class='ocrx_word' id='word_1_707' title='bbox 1390 2600 1517 2636; x_wconf 85' lang='grc' dir='ltr'>κληρικοί</span> <span class='ocrx_word' id='word_1_708' title='bbox 1531 2608 1562 2626; x_wconf 87' lang='grc' dir='ltr'><strong>τε</strong></span> <span class='ocrx_word' id='word_1_709' title='bbox 1586 2600 1632 2626; x_wconf 78' lang='grc' dir='ltr'>καὶ</span> <span class='ocrx_word' id='word_1_710' title='bbox 1656 2599 1755 2631; x_wconf 83' lang='grc' dir='ltr'>λαῖκοὶ,</span> <span class='ocrx_word' id='word_1_711' title='bbox 1774 2599 1843 2634; x_wconf 87' lang='grc' dir='ltr'>λαμ-</span> 
     </span>
    </p>
   </div>
   <div class='ocr_carea' id='block_1_115' title="bbox 1059 2644 1842 2681">
    <p class='ocr_par' dir='ltr' id='par_1_115' title="bbox 1059 2644 1842 2681">
     <span class='ocr_line' id='line_1_116' title="bbox 1059 2644 1842 2681; baseline -0.001 -9"><span class='ocrx_word' id='word_1_712' title='bbox 1059 2646 1187 2677; x_wconf 77' lang='grc' dir='ltr'>ϐάνοντες</span> <span class='ocrx_word' id='word_1_713' title='bbox 1217 2645 1342 2680; x_wconf 83' lang='grc' dir='ltr'>εὐλογίαν</span> <span class='ocrx_word' id='word_1_714' title='bbox 1371 2646 1412 2672; x_wconf 77' lang='grc' dir='ltr'>ὅτι</span> <span class='ocrx_word' id='word_1_715' title='bbox 1440 2647 1570 2681; x_wconf 87' lang='grc' dir='ltr'>μνήστωρ</span> <span class='ocrx_word' id='word_1_716' title='bbox 1600 2646 1648 2680; x_wconf 88' lang='grc' dir='ltr'>τῆς</span> <span class='ocrx_word' id='word_1_717' title='bbox 1679 2644 1842 2680; x_wconf 79' lang='grc' dir='ltr'>Ἐκκλησίας</span> 
     </span>
    </p>
   </div>
   <div class='ocr_carea' id='block_1_116' title="bbox 1060 2688 1841 2726">
    <p class='ocr_par' dir='ltr' id='par_1_116' title="bbox 1060 2688 1841 2726">
     <span class='ocr_line' id='line_1_117' title="bbox 1060 2688 1841 2726; baseline -0.003 -8"><span class='ocrx_word' id='word_1_718' title='bbox 1060 2692 1143 2718; x_wconf 75' lang='grc' dir='ltr'>ἐστίν.</span> <span class='ocrx_word' id='word_1_719' title='bbox 1157 2688 1240 2722; x_wconf 73' lang='grc' dir='ltr'>Οὗτος</span> <span class='ocrx_word' id='word_1_720' title='bbox 1254 2691 1312 2725; x_wconf 86' lang='grc' dir='ltr'>οὖν,</span> <span class='ocrx_word' id='word_1_721' title='bbox 1327 2692 1351 2718; x_wconf 78' lang='lat' dir='ltr'><strong>si</strong></span> <span class='ocrx_word' id='word_1_722' title='bbox 1366 2691 1416 2726; x_wconf 86' lang='grc' dir='ltr'>μὲν</span> <span class='ocrx_word' id='word_1_723' title='bbox 1431 2692 1463 2718; x_wconf 85' lang='grc' dir='ltr'>ὲκ</span> <span class='ocrx_word' id='word_1_724' title='bbox 1477 2691 1531 2718; x_wconf 88' lang='grc' dir='ltr'>τῶν</span> <span class='ocrx_word' id='word_1_725' title='bbox 1544 2691 1696 2725; x_wconf 78' lang='grc' dir='ltr'>ἀρχιερέων</span> <span class='ocrx_word' id='word_1_726' title='bbox 1709 2690 1794 2722; x_wconf 73' lang='grc' dir='ltr'>ἐστὶν,</span> <span class='ocrx_word' id='word_1_727' title='bbox 1809 2689 1841 2716; x_wconf 81' lang='grc' dir='ltr'>οὐ</span> 
     </span>
    </p>
   </div>
   <div class='ocr_carea' id='block_1_117' title="bbox 1060 2735 1843 2774">
    <p class='ocr_par' dir='ltr' id='par_1_117' title="bbox 1060 2735 1843 2774">
     <span class='ocr_line' id='line_1_118' title="bbox 1060 2735 1843 2774; baseline -0.001 -9"><span class='ocrx_word' id='word_1_728' title='bbox 1060 2739 1145 2765; x_wconf 83' lang='grc' dir='ltr'>δεῖται</span> <span class='ocrx_word' id='word_1_729' title='bbox 1164 2738 1344 2774; x_wconf 81' lang='grc' dir='ltr'>χειροτονίας,</span> <span class='ocrx_word' id='word_1_730' title='bbox 1369 2738 1437 2764; x_wconf 77' lang='grc' dir='ltr'>ἀλλὰ</span> <span class='ocrx_word' id='word_1_731' title='bbox 1465 2738 1546 2772; x_wconf 86' lang='grc' dir='ltr'>μόνον</span> <span class='ocrx_word' id='word_1_732' title='bbox 1562 2735 1741 2772; x_wconf 79' lang='grc' dir='ltr'>ὲνθρονισμοΰ</span> <span class='ocrx_word' id='word_1_733' title='bbox 1753 2743 1760 2751; x_wconf 73' lang='grc'><strong><em>³</em></strong></span> <span class='ocrx_word' id='word_1_734' title='bbox 1773 2736 1799 2763; x_wconf 77' lang='grc' dir='ltr'><strong>ει</strong></span> <span class='ocrx_word' id='word_1_735' title='bbox 1815 2735 1843 2765; x_wconf 64' lang='grc' dir='ltr'>δὲ</span> 
     </span>
    </p>
   </div>
   <div class='ocr_carea' id='block_1_118' title="bbox 1063 2783 1651 2820">
    <p class='ocr_par' dir='ltr' id='par_1_118' title="bbox 1063 2783 1651 2820">
     <span class='ocr_line' id='line_1_119' title="bbox 1063 2783 1651 2820; baseline 0 -10"><span class='ocrx_word' id='word_1_736' title='bbox 1063 2784 1162 2820; x_wconf 81' lang='grc' dir='ltr'>ἱερεὺς,</span> <span class='ocrx_word' id='word_1_737' title='bbox 1183 2785 1378 2820; x_wconf 77' lang='grc' dir='ltr'>χειροτονεῖται</span> <span class='ocrx_word' id='word_1_738' title='bbox 1394 2784 1440 2811; x_wconf 72' lang='grc' dir='ltr'><strong>καὶ</strong></span> <span class='ocrx_word' id='word_1_739' title='bbox 1455 2783 1651 2820; x_wconf 77' lang='grc' dir='ltr'>ἐνθρονίζεται.</span> 
     </span>
    </p>
   </div>
  </div>
