1941 3040
26 106 95 140 441

322 168 448 197 ΚΕΦΑΛ.
467 170 557 198 EKH'.

25 222 110 266 ὀςι
132 223 169 266 γὸ
182 224 308 266 μήνυμα
332 228 586 266 τεγογὼςᾼγιερεὺς
608 229 731 266 δέχεται
757 232 773 257 ὁ
798 232 840 266 μὴ

71 259 232 300 πρότερον
260 259 304 287 ὢν
332 259 520 296 ἱερεύςῇΚαὶ
549 259 616 298 περὶ
646 259 842 300 ἦροϐλήσέωξ

73 293 284 330 πατριάρχου.

75 386 111 413 Εἰ
135 386 166 413 δὲ
187 387 337 422 ψηφισθεὶς
359 389 410 416 οὐκ
431 387 465 425 ἦν
488 391 597 426 ίερευς,
617 393 840 428 καταδεξάμενος

30 433 186 467 γενέσθαι,
214 434 286 462 κατὰ
314 436 392 468 τάξιν
422 437 470 464 καὶ
497 437 601 473 βαθμὸν
629 440 839 475 προαγόμενος,

32 480 159 514 πρῶτον
184 483 378 515 χειροτονεῖται
404 483 444 515 είς
465 484 552 518 ἱερέα,
576 485 625 512 καὶ
649 485 721 512 οὕτω
741 486 772 512 τὸ
789 487 841 522 μή-

29 535 70 552 νυ
77 535 118 561 μα
135 527 257 562 δέχεται.
272 528 350 555 Μετὰ
365 529 393 556 δέ
410 538 441 563 γε
459 530 490 557 τὺ
508 531 620 565 μήνυμα
636 533 683 558 καὶ
701 532 798 567 ἕτερόν
813 541 839 560 τι

27 573 151 606 γίνεται
170 574 224 610 πρὸ
239 575 290 610 τῆς
307 576 476 610 χειροτονίας
501 577 517 611 ἢ
535 578 583 604 τοῦ
607 578 799 614 ὲνθρονισμοῠ,
827 579 840 606 ὃ

28 621 170 648 καλεῖται
184 631 193 647 ι
209 621 370 658 πρόϐλησις.
384 633 394 650 ι
413 623 498 650 Τοῦτο
509 624 538 651 δέ
552 625 627 652 ἐστιν
645 625 778 661 ὁμολογία
793 627 839 654 τοῦ

30 667 182 701 βασιλέως
198 668 244 695 διὰ
270 669 403 703 στόματος
420 670 523 697 οἰκείου
544 672 592 697 καὶ
617 672 684 707 τιμὴ
700 673 768 707 πρὸς
791 673 840 708 τὴν

39 715 230 748 Ἐκκλησίαν,
247 716 284 747 ὡς
300 716 410 751 στέργει
421 717 468 744 τὸν
482 717 630 752 ὲκλεγέντα
654 720 720 753 παρ’
737 719 839 753 αὐτῆς,

28 761 87 786 καὶ
101 760 538 797 ὲψηφισμένον,τὴνἘκκλησίαν
555 764 713 799 ποιμαίνειν
725 765 840 791 καταδε-

32 807 172 842 ξάμενον·
184 809 232 834 καὶ
244 808 273 834 ἐν
283 810 316 843 τῇ
326 809 392 843 ἁγίᾳ
403 810 500 844 Τριάδι
510 811 542 845 τῇ
554 810 738 846 δωρησαμένη
749 812 838 846 τούτῳ

28 854 87 888 τὴν
107 853 256 888 βασιλείαν
273 853 329 889 ἔχει
344 856 393 881 καὶ
417 843 499 886 αὐτὸς
521 843 603 882 αυτὸν
619 843 837 891 ἆρχιεπίσκοπον
855 843 876 871 Β

30 901 364 933 Κωνσταντινουπόλεως
374 902 448 934 Νέας
462 902 575 937 Ῥώμης
585 903 633 930 καὶ
645 904 837 938 οίκουμενικδν

30 946 232 981 πατριάρχην.
252 947 291 974 Οὐ
307 947 360 982 μὴν
374 948 482 983 ἐνεργεῖ
496 948 583 976 αὐτὸν
604 949 696 982 αὐτὸς,
721 950 782 976 οὐδὲ
797 950 837 976 δί-

30 993 108 1020 δωσι
123 993 218 1028 τούτῳ
232 1002 269 1027 τι,
289 993 358 1021 ἀλλὰ
374 996 517 1029 συμφωνεῖ
533 996 580 1022 καὶ
604 995 784 1023 ἐπακολουθεῖ
797 996 837 1030 τῷ

30 1039 125 1074 ἔργῳ.
136 1040 194 1066 Καὶ
210 1040 289 1075 δῆλον
304 1041 345 1067 ὃτι
362 1041 392 1067 οὐ
404 1041 524 1072 δίδωσιν,
536 1041 605 1069 ἀλλὰ
617 1041 753 1076 λαμϐάνει
770 1043 838 1076 μᾶλ-

30 1086 95 1116 λον,
114 1086 166 1112 καὶ
181 1085 220 1117 ὡς
243 1085 385 1122 ὑπηρέτης
410 1087 464 1114 τῶν
489 1088 539 1122 τῆς
560 1087 725 1122 Ἐκκλησίας
751 1089 837 1120 ἐστὶν,

31 1132 80 1158 ὅτι
97 1131 153 1166 τὴν
168 1131 246 1167 ἱερὰν
262 1133 359 1167 ῥάϐδον
376 1132 452 1167 αὐτῷ
463 1132 502 1168 τῷ
515 1133 664 1170 ὑποψηφιῳ
677 1135 838 1170 ἐγχειρίσας

32 1179 134 1214 οἰκείᾳ
154 1179 239 1214 χειρὶ,
264 1178 445 1215 προσέρχεται
462 1180 509 1206 καὶ
525 1180 667 1207 ὑποκλίνει
683 1182 772 1216 τούτῳ
789 1182 838 1215 τὴν

33 1225 180 1260 κεφαλήν·
193 1225 241 1251 καὶ
254 1225 454 1253 ἀποκαλύπτων
469 1226 567 1261 αὐτὴν,
583 1227 621 1258 ὡς
632 1227 702 1259 ἔθος,
712 1228 839 1262 εὐλογίαν

32 1272 161 1306 δέχεται,
177 1271 225 1297 καὶ
242 1271 395 1303 ἀσπάζεται
420 1272 470 1306 τὴν
494 1271 543 1298 τοῦ
566 1272 723 1308 ὐποψηφίου
747 1274 837 1308 χεῖρα.

33 1317 239 1352 Φανερώτερον
258 1317 296 1350 δὲ,
310 1317 352 1344 ὃτι
367 1317 447 1352 170
463 1318 493 1344 οὒ
502 1318 610 1345 δίδωσιν
623 1319 704 1351 αὑτός
715 1328 752 1352 τι,
771 1319 839 1346 ἀλλὰ

35 1363 124 1391 τοῦτο
139 1363 227 1390 ποιῶν
246 1363 280 1390 τὰ
292 1363 341 1398 τῆς
362 1364 528 1398 Ἐκκλησίας
552 1365 662 1399 στέργει
677 1374 707 1392 τε
731 1366 777 1392 καὶ
794 1365 839 1400 βε-

38 1410 130 1443 ϐαιοῖ,
146 1409 189 1436 ὃτι
206 1409 255 1436 καὶ
267 1409 345 1441 δντος
363 1409 523 1445 ἀρχιερέως,
546 1410 594 1437 τοῦ
612 1411 770 1447 ὑποψηφίου
787 1421 840 1439 πα-

37 1455 191 1490 τριάρχου,
210 1455 259 1482 xal.
276 1454 391 1489 μηδενὸς
403 1456 444 1486 εἰς
457 1456 626 1490 χειροτονίαν
643 1457 839 1493 ἀρχιερατικοῦ

584 118 634 148 DE
656 118 791 150 SACRIS
815 119 865 150 ΟΒ
871 119 1074 154 DINATIONI
1081 125 1163 156 BUS.

1638 133 1687 167 44⁵2

1141 178 1257 208 CAPUT
1280 180 1443 210 CCXXVII].
1452 183 1458 193 ’

903 231 985 265 Quod
999 234 1022 260 is
1043 235 1183 272 qttirantea
1202 238 1325 265 sacerdos
1347 247 1397 265 non
1410 244 1478 269 erat.
1493 241 1564 272 prius
1581 243 1684 270 ordina-

944 271 1130 310 tur_sacerd_os
1147 278 1290 310 antequam
1305 274 1436 310 decretum
1453 275 1485 302 de
1496 277 1553 310 ejus
1565 278 1686 306 electione

942 305 1069 344 accipiat.
1089 305 1167 344 Et_de
1186 309 1346 340 patriam/Ite
1355 305 1518 343 promotione
1530 312 1583 338 sire
1599 305 1686 340 declaé

941 342 1048 365 ratione
1063 348 1109 374 per
1124 342 1318 376 imperatorem.

931 395 959 422 Si
976 401 1068 425 autem
1096 399 1199 427 electus
1225 407 1279 427 non
1297 405 1356 428 erat
1371 403 1522 439 presbyter.
1538 409 1682 440 postquam

894 445 923 468 ut
943 442 1019 469 lieret
1034 444 1184 476 consensit,
1207 446 1359 473 secundum
1374 447 1498 475 ordinem
1517 452 1544 475 et
1569 449 1682 483 gradum

893 495 974 522 quem
998 488 1080 516 habet
1113 495 1266 531 promotus,
1295 492 1414 526 primum
1437 493 1463 520 in
1496 495 1684 529 presbyterum

892 539 1082 567 consecratur,
1097 541 1124 563 et
1148 542 1326 565 consecratus
1356 539 1471 566 solemni
1498 541 1684 569 declarations;

892 580 1085 615 inauguratur.
1103 583 1171 610 Post
1197 583 1411 612 declarationem
1448 592 1538 614 autem
1554 588 1628 615 illam
1655 593 1683 616 et

893 627 1036 661 paululum
1051 633 1199 663 antequam
1229 630 1375 664 episcopus
1399 631 1550 665 ordinetur,
1576 634 1618 660 vel
1642 634 1682 661 iu-

893 674 1072 707 tbronizetur,
1088 675 1117 702 ﬁt
1136 675 1162 703 id
1190 677 1262 710 quod
1292 677 1345 704 dici
1367 678 1436 706 solet
1454 681 1603 713 promotio,
1630 680 1683 707 hoc

892 724 945 752 est.
973 720 1113 749 confessio
1134 722 1308 757 imperatoris
1319 731 1368 758 per
1382 731 1413 752 os
1433 726 1585 759 proprium,
1598 727 1685 754 bono-

891 773 1004 800 remque
1020 766 1108 794 defert
1123 767 1254 796 Ecclesiae
1279 769 1430 797 testiﬁcans
1456 777 1485 797 se
1508 771 1623 798 electum
1651 771 1685 798 ab

891 810 1013 839 Ecclesia
1028 813 1141 848 diligere
1157 818 1184 840 et
1207 814 1335 849 amplecti
1351 823 1432 849 quem
1449 816 1545 843 statuit
1564 817 1685 851 synodus

889 857 1039 886 Ecclesiam
1066 866 1192 894 pascere,
1210 860 1367 896 habereque
1391 861 1466 888 illum
1484 866 1512 888 et
1536 869 1688 895 agnosoere

889 903 916 930 in
931 903 1042 931 nomine
1065 909 1169 932 sanctae
1187 904 1329 933 Trinitatis
1344 913 1359 932 a
1377 913 1430 941 qua
1466 906 1611 941 imperium
1640 914 1686 934 ac-

888 949 970 983 cepit,
987 949 1013 976 in
1033 949 1271 984 archiepiscopum
1302 951 1580 986 Constantinopoleos
1605 959 1683 979 nova:

890 994 984 1021 Romae
1015 998 1042 1022 et
1066 995 1269 1022 (ncutnenicum
1300 994 1498 1030 patriarcham.
1522 996 1581 1023 Non
1600 997 1683 1032 igitur

889 1044 966 1068 creat
986 1040 1062 1067 illum
1081 1041 1240 1075 imperator,
1262 1048 1352 1076 neque
1370 1041 1409 1068 illi
1426 1041 1472 1069 dat
1497 1041 1612 1076 aliquid,
1637 1042 1684 1070 sed

889 1086 964 1121 operi
985 1085 1040 1120 jam
1066 1086 1137 1114 iacto
1159 1087 1296 1114 consentit
1331 1091 1358 1115 et
1381 1087 1554 1122 obsequitur.
1574 1088 1685 1114 Clarum

889 1137 932 1159 est
950 1132 1023 1166 quod
1043 1132 1111 1159 nihil
1144 1133 1183 1160 illi
1200 1133 1246 1161 dat
1264 1142 1272 1167 ;
1289 1133 1337 1161 sed
1353 1134 1454 1168 potius]
1470 1134 1504 1161 ab
1529 1141 1562 1160 eo
1573 1133 1684 1168 accipit.

889 1184 917 1207 et
946 1180 1033 1208 veluti
1073 1180 1200 1208 minister
1233 1185 1276 1208 est
1302 1188 1394 1208 rerum
1420 1180 1684 1208 ecclesiasticarum.

889 1226 957 1254 Nam
981 1233 1044 1254 cum
1071 1226 1159 1254 electo
1191 1233 1298 1254 sacram
1333 1226 1437 1261 virgam
1452 1226 1574 1261 'propria
1603 1233 1686 1253 manu

891 1273 1015 1306 tradidit,
1032 1273 1066 1300 ad
1078 1280 1140 1301 eunt
1158 1273 1276 1304 accedit,
1298 1277 1326 1300 et
1339 1273 1381 1300 illi
1402 1277 1485 1307 caput
1513 1272 1640 1304 inclinat,
1660 1275 1687 1299 et

890 1320 990 1354 aperit,
1007 1323 1035 1347 et
1053 1319 1125 1347 sicut
1147 1319 1233 1347 moris
1259 1322 1311 1352 est,
1327 1318 1545 1346 benedictionem
1573 1317 1685 1352 accipit,

891 1366 1087 1400 osculaturque
1115 1365 1195 1392 electi
1227 1365 1390 1398 patriarcha;
1424 1371 1548 1391 manum.
1577 1363 1685 1391 Clarius

891 1412 982 1440 adhuc
1002 1415 1078 1447 patet
1094 1412 1286 1446 imperatorem
1315 1411 1383 1438 nihil
1406 1410 1445 1437 illi
1461 1410 1538 1442 dare,
1562 1410 1609 1437 sed
1626 1410 1685 1437 haec

892 1458 983 1486 facere
1007 1463 1036 1486 ut
1052 1458 1180 1485 ostendat
1196 1465 1227 1486 se
1243 1464 1334 1485 amore
1346 1456 1374 1484 in
1395 1455 1543 1484 Ecclesiam
1566 1455 1643 1486 ferri.
1656 1459 1684 1482 et

38 1502 142 1537 χρείαν
157 1501 279 1535 ἔχοντος,
296 1500 376 1527 τοῦτο
393 1501 511 1534 γίνεται.
527 1501 581 1528 Kal
599 1502 640 1528 ἔτι
653 1502 732 1529 τοῦτο
749 1503 793 1531 διὰ
809 1505 839 1531 to

899 1512 952 1539 tum
968 1504 1003 1531 ab
1019 1511 1051 1531 ea
1078 1504 1230 1531 constituta
1257 1507 1333 1534 sunt.
1350 1502 1524 1530 conﬁrmare.
1546 1501 1682 1534 Quoniam

38 1548 128 1583 τιμᾷ-ι
139 1548 199 1574 εστι
213 1547 260 1574 τὸν
276 1546 388 1582 βασιλέα
402 1546 452 1582 τὴν
471 1546 656 1582 Ἐκκλησίαν,
671 1548 722 1575 οὐκ
734 1548 841 1584 ἄρχειν.

895 1550 919 1577 si
939 1549 1044 1577 electus
1062 1549 1217 1584 patriarcha
1235 1553 1277 1577 est
1298 1549 1455 1584 episcopus,
1474 1547 1606 1582 nulloque
1618 1553 1688 1574 cou~

40 1599 194 1630 sequenter
211 1597 289 1629 egeat
309 1594 458 1629 episcopali
486 1594 641 1622 ministerio
671 1596 704 1623 ad
730 1596 945 1629 ordinationem,
957 1596 983 1623 id
999 1599 1090 1624 tamen
1107 1596 1164 1624 lleri
1194 1596 1275 1623 solet.
1292 1595 1424 1623 Praeterea
1460 1594 1513 1622 hoc
1540 1594 1605 1622 facit
1638 1594 1690 1621 im-

40 1647 169 1678 perator,
201 1644 232 1668 ut
260 1641 430 1669 demonstret
448 1647 477 1668 se
506 1640 660 1668 Ecclesiam
689 1642 838 1675 honorare,
858 1646 956 1670 nonut
974 1642 1014 1670 illi
1032 1642 1158 1677 imperet.

324 1697 450 1725 ΚΕΦΛΛ.
473 1697 559 1724 ΣΚΘ’.

43 1758 130 1786 Atat!
142 1757 286 1792 μανδύαν
300 1756 487 1784 ἀποστέλλει
499 1756 555 1789 μὲν
569 1757 619 1785 καὶ
634 1757 668 1784 τὸ
680 1758 845 1792 ἐγκόλπιον

81 1794 124 1826 τῷ
140 1793 308 1827 examssim
323 1792 491 1826 πατριάρχῃ
515 1792 532 1818 d
543 1791 708 1827 βασιλεὺς)
728 1793 845 1821 δικανι-

83 1837 155 1855 mor
167 1828 202 1854 δὲ
215 1828 253 1862 τῇ
265 1827 342 1862 χειρὶ
360 1827 497 1855 δίδωσιν.

83 1876 150 1902 Ὀτι
164 1874 277 1901 ἐλθόντα
291 1874 337 1900 τδν
352 1874 508 1908 ὑποψήφιον
531 1875 545 1901 ὁ
574 1875 703 1910 βασιλεὺς
720 1875 773 1911 πρὸ
795 1876 843 1903 τοῦ

48 1923 114 1950 ίδεῖν
130 1921 299 1956 φιλοφρονεῖ,
317 1921 363 1947 καὶ
389 1920 511 1956 μανδύαν
528 1921 598 1955 μετὰ
621 1921 754 1956 ποταμῶν
777 1922 844 1948 ἀπο-

48 1968 168 2000 στέλλει,
186 1968 235 1994 καὶ
252 1967 283 1993 τὸ
299 1967 348 2001 τῆς
367 1966 534 2002 Ἐκκλησίας
547 1967 705 2001 ἑγχόλπιον,
722 1968 790 2003 ὅπερ
807 1968 846 1999 ὡς

49 2013 184 2050 deanam
199 2014 258 2040 hau
285 2013 332 2039 καὶ
347 2013 386 2043 ὡς
410 2013 551 2047 ὑπηρέτης
577 2013 624 2040 καὶ
646 2014 736 2048 φύλαξ
763 2014 844 2046 αὐτὸς

50 2060 201 2095 φυλάσσει.
214 2059 261 2086 Διὺ
280 2060 329 2085 καὶ
353 2059 405 2094 τὴν
423 2058 520 2094 ῥάϐδον
538 2059 577 2091 ὡς
600 2059 772 2094 τιμιωτέραν
797 2061 845 2087 καὶ

51 2106 242 2141 ποιμαντικῆς
269 2105 396 2137 ἐξουσίας
425 2104 562 2138 σύμϐολον
589 2105 670 2137 αὐτὸς
686 2105 778 2132 δίδωσι
802 2106 846 2132 διὰ

50 2153 101 2188 τὴν
116 2152 202 2188 τιμὴν
218 2152 266 2178 καὶ
285 2151 316 2178 τδ
331 2151 536 2186 ἀσφαλέστερον
554 2153 587 2187 τῇ
613 2153 694 2187 χειρί·
723 2154 770 2179 xal.
793 2153 846 2179 δει-

52 2207 137 2225 κνυσι
150 2198 248 2230 πᾶσιν,
263 2197 303 2224 ὅτι
318 2198 365 2224 καὶ
379 2196 567 2232 αὐτδςέτοῦτον
579 2199 695 2232 ποιμένα
720 2199 842 2234 στέργει,
862 2213 883 2241 D

51 2245 82 2272 ὃν
96 2244 242 2277 ἐξελέξατο
256 2244 270 2270 ὁ
290 2243 367 2275 Θεόςι
393 2244 439 2270 καὶ
456 2243 655 2279 νφανερώτιρον
676 2244 756 2272 τοῦτο
777 2253 845 2280 μαρ-

53 2291 158 2325 τυρῶν,
174 2289 293 2317 κελεύει.
306 2290 360 2316 Καὶ
377 2289 462 2321 ἵππος
477 2291 655 2325 παρασήμοις
665 2290 721 2317 τισὶ
736 2291 847 2325 κοσμεῖ-

54 2343 110 2363 ται·
130 2334 181 2362 καὶ
197 2335 242 2361 ἐπ’
258 2334 334 2370 αὐτῷ
350 2336 364 2361 ὁ
378 2335 536 2370 ὑποψήφιος
559 2336 690 2370 κάθηται.
715 2337 771 2363 Καὶ
795 2337 848 2363 ὑπὸ

55 2382 143 2415 πεζοῦ
164 2381 213 2408 τοῦ
232 2381 352 2416 κόμητος
367 2382 414 2408 τὸν
429 2382 539 2416 χαλινὸν
552 2382 599 2409 τοῦ
615 2381 700 2408 ἵππου
718 2382 848 2417 κατέκανε

55 2437 102 2460 τος
118 2427 180 2454 ἀντὶ
201 2427 247 2453 τοῦ
272 2426 404 2462 βασιλέως
420 2426 515 2460 αὑτοῦ,
533 2427 595 2459 duo
613 2428 698 2462 μέγας
715 2429 745 2454 ὲν
770 2428 849 2461 βασι-

56 2474 134 2500 λεῦσι
150 2473 356 2505 Κωνσταντῐνος
381 2473 420 2508 τῷ
434 2473 500 2507 ἱερῷ
522 2474 658 2509 πεποίηκε
681 2474 847 2509 Σιλὸέστρῳ,

57 2519 257 2554 προπέμπεται
271 2519 316 2545 διά
332 2527 362 2545 τε
377 2519 427 2554 τῆς
444 2519 588 2554 βασιλικῆς
603 2519 694 2554 πάσης
704 2520 789 2554 αὐλῆς
804 2520 850 2546 καὶ

60 2570 109 2604 τῆς
121 2568 258 2603 δημοσίας
267 2567 328 2594 ὁδοῦ
345 2567 411 2603 ἄχρι
422 2567 470 2593 καὶ
482 2567 565 2594 αὐτοῦ
581 2567 628 2594 τοῦ
641 2568 850 2602 πατριαρχείου.

61 2617 92 2643 Et
106 2615 166 2642 ἐστι
186 2614 215 2641 δὲ
239 2615 286 2641 καὶ
312 2614 351 2649 τῷ
380 2613 488 2648 βασιλεῖ
509 2614 576 2645 υἱὲς1
596 2614 694 2641 ἕπεται
719 2614 849 2648 ἔφιππος,

62 2661 109 2688 καὶ
121 2662 138 2696 ἠ
153 2660 307 2695 σύγκλητος
325 2661 412 2686 πᾶσι.
427 2659 505 2686 Οὕτω
520 2659 570 2695 μὲν
585 2659 632 2686 οὖν
645 2660 693 2687 καὶ
707 2660 750 2686 διὰ
765 2660 852 2686 ταῦτα

61 2708 109 2734 καὶ
119 2707 136 2742 ή
150 2705 306 2740 καλουμένη
322 2705 472 2740 πρόσλησις
490 2705 595 2738 γίνεται
606 2705 650 2732 διὰ
661 2705 711 2737 τὴν
724 2705 774 2739 τῆς
793 2704 853 2732 Ἐκ-

62 2753 178 2788 κλησίας
203 2752 297 2787 τιμὴν,
321 2751 338 2786 ἢ
357 2751 397 2783 εἱς
415 2751 534 2786 Χριστδν
550 2751 729 2786 ἀναφέρεται.
748 2752 802 2778 Καὶ
828 2753 853 2779 si

65 2799 112 2833 μὲν
127 2799 141 2825 ό
156 2797 307 2832 ψηφισθεὶς
322 2797 467 2832 ἀρχιερεύς
490 2798 576 2829 ἐστιν,
592 2798 628 2829 ὠς
643 2798 760 2832 ἔφημεν,
785 2798 854 2832 μετὰ

63 2846 92 2874 th
109 2847 225 2882 μήνυμα
240 2843 322 2876 εὐθὺς
344 2843 517 2880 πατριάρχης
534 2844 603 2879 ἐστὶ,
622 2844 668 2871 καὶ
690 2843 794 2876 οὐδενὸς
808 2845 853 2874 ἄλ-

1145 1699 1261 1728 CAPUT
1279 1699 1420 1729 CCXXIX.

896 1758 986 1792 Quare
1013 1759 1162 1794 imperator
1176 1758 1288 1794 pallium
1309 1762 1334 1786 et
1352 1755 1502 1792 encolpium
1519 1759 1570 1786 sive
1586 1761 1687 1794 (lteram

932 1802 1075 1821 sacrarum
1105 1795 1280 1829 reliquiarum
1308 1793 1342 1820 ad
1377 1794 1487 1821 electum
1507 1793 1688 1827 patriarclmm

932 1830 1026 1861 mittit,
1048 1830 1173 1856 baculum
1188 1837 1248 1856 vero
1265 1830 1322 1864 ipse
1342 1837 1424 1856 manu
1442 1837 1491 1856 sua
1507 1829 1547 1855 illi
1560 1829 1686 1863 porrigit.

933 1875 999 1903 Nam
1019 1875 1168 1909 imperator
1187 1875 1304 1903 electum
1320 1875 1354 1903 ad
1375 1882 1404 1902 se
1430 1875 1594 1904 venientem,
1611 1878 1688 1901 ante-

896 1929 976 1957 quam
1001 1922 1076 1948 illum
1093 1921 1193 1954 videat,
1206 1921 1306 1948 blande
1323 1924 1348 1948 et
1364 1924 1486 1947 amanter
1501 1919 1686 1954 prosequitur,

896 1967 1009 2002 pallium
1027 1967 1189 1994 undulatum
1223 1967 1262 1994 illi
1286 1967 1409 1997 mittens,
1438 1970 1465 1992 ct
1482 1972 1591 1992 erucem
1623 1965 1686 1992 sinu

898 2015 999 2050 gestari
1017 2013 1139 2046 solitam,
1167 2021 1228 2048 quae
1253 2017 1283 2040 ut
1309 2013 1409 2047 pignus
1426 2011 1498 2038 velut
1518 2010 1644 2037 minister
1660 2014 1688 2038 et

898 2063 992 2088 custos
1020 2063 1177 2087 conservat.
1218 2058 1282 2086 Ideo
1305 2058 1420 2093 virgam,
1441 2060 1470 2083 ut
1496 2057 1687 2085 honorabilius

898 2106 1042 2141 potestatis
1060 2105 1206 2141 pastoralis
1228 2104 1392 2140 symbolum,
1422 2103 1480 2137 ipse
1503 2109 1583 2129 manu
1606 2103 1688 2129 tradit

898 2157 1008 2188 propter
1038 2153 1171 2179 honorem
1186 2155 1214 2179 et
1230 2149 1415 2181 securitatem,
1433 2151 1515 2182 atque
1531 2151 1560 2173 ut
1574 2146 1688 2174 demon-

898 2203 965 2226 stret
980 2206 1010 2226 se
1024 2201 1163 2232 pastorem
1182 2203 1264 2231 quem
1277 2196 1348 2222 Deus
1362 2194 1452 2228 elegit.
1465 2193 1599 2221 eharitate
1611 2199 1687 2220 com-

899 2245 990 2280 plecti.
1022 2243 1256 2271 Testimoniorum
1272 2245 1362 2268 tamen
1388 2239 1689 2267 etidentissimumboc

898 2295 940 2318 est
957 2299 963 2317 :
981 2289 1061 2325 jubet
1078 2294 1107 2316 ut
1121 2292 1290 2324 praeparetur
1314 2294 1402 2321 equus
1431 2285 1551 2321 phaleris
1576 2283 1689 2319 pulchre

898 2337 1057 2372 insignitus,
1072 2341 1099 2364 et
1114 2336 1151 2363 illi
1181 2336 1285 2362 electus
1315 2334 1440 2365 insideat,
1466 2332 1596 2366 frenaque
1624 2330 1688 2366 equi

899 2382 1132 2418 prehendat,vice
1143 2381 1328 2416 imperatoris.
1341 2387 1434 2407 comes
1449 2379 1531 2413 pedes
1545 2377 1687 2409 incedens.

900 2433 930 2456 ut
945 2428 1009 2456 olitn
1034 2431 1130 2456 saneto
1157 2427 1297 2462 Sylvestro
1314 2425 1378 2453 fecit
1395 2432 1510 2460 magnus
1540 2424 1690 2458 imperator

900 2474 1109 2506 Constantinus,
1135 2477 1162 2501 et
1178 2473 1219 2500 sic
1243 2472 1357 2506 pedibus
1393 2471 1501 2498 incedat
1530 2478 1579 2506 per
1596 2477 1686 2497 arcam

902 2521 983 2556 regite
1008 2525 1035 2548 et
1063 2520 1134 2547 viam
1152 2519 1289 2554 publicam
1327 2518 1414 2545 donec
1431 2518 1464 2544 ad
1492 2516 1688 2551 patriarcbium

901 2570 1052 2605 perveniat.
1076 2569 1104 2596 Si
1120 2572 1211 2596 autem
1239 2573 1283 2595 est
1310 2566 1467 2601 imperatori
1491 2566 1574 2597 ﬁlius.
1603 2572 1689 2598 eques

902 2617 1038 2651 sequitur,
1054 2621 1081 2644 et
1094 2615 1184 2642 omnis
1197 2620 1321 2642 senatus.
1337 2613 1383 2640 Sic
1400 2612 1483 2648 igitur
1508 2611 1543 2638 ad
1564 2610 1690 2638 Ecclesiae

903 2662 1033 2689 honorem
1054 2661 1082 2688 lit
1107 2667 1138 2688 ea
1153 2668 1212 2694 ante
1243 2664 1357 2687 vocatur
1381 2658 1529 2694 promotio,
1548 2656 1596 2684 st-d
1633 2656 1692 2682 lucc

903 2706 1053 2735 omnia.ad
1073 2706 1212 2733 Christum
1231 2705 1397 2733 referuntur.
1415 2704 1444 2730 Si
1457 2704 1559 2730 electus
1582 2703 1692 2736 episco—

903 2760 956 2788 pus
969 2756 1021 2784 est,
1038 2757 1066 2778 ut
1082 2751 1213 2784 diximus,
1233 2756 1295 2786 post
1309 2750 1457 2778 solemnem
1476 2748 1689 2775 declarationem

904 2799 995 2825 statim
1011 2800 1053 2824 est
1066 2795 1232 2831 patriarcha,
1249 2796 1379 2830 nulloque
1395 2795 1448 2821 alio
1475 2794 1577 2829 indiget
1592 2798 1690 2829 praeter

906 2843 994 2872 solum
1008 2841 1240 2871 cnthrouismum.
1257 2841 1404 2870 Promotus
1424 2840 1451 2869 iu
1480 2840 1624 2869 ecclesiam
1641 2848 1687 2869 ve-
