1941 3040
56 118 108 150 449

558 111 610 143 DE
631 110 764 142 SACRIS
782 107 1130 140 OBDINATIONIBUS.

1627 107 1682 140 (:30

57 173 96 209 τῷ
113 171 253 207 πνεύματί
269 179 327 203 σου,
346 179 355 196 ι
373 169 447 206 βοᾷν.
465 168 550 196 Τοῦτο
560 169 615 204 γὰρ
626 169 643 204 ἡ
660 167 706 194 τοῦ
719 166 843 202 Σωτῆρος

904 164 931 192 Ε¹ι
944 164 1055 198 Spiritui
1069 170 1114 193 tuo
1124 171 1265 193 resonare.
1293 164 1356 192 limo
1367 167 1410 193 est
1422 165 1495 192 enim
1527 164 1682 193 Senatoris

56 221 125 255 πρὸς
140 219 217 254 ἡμᾶς
237 217 408 252 κληρονομία
423 216 471 242 καὶ
485 215 584 249 δωρεὰ,
605 215 652 241 καὶ
665 215 682 248 ἡ
699 213 846 256 τελευταία

55 265 134 300 εὐχὴ,
151 264 184 291 τὺ
199 264 229 290 ἓν
250 260 322 290 εἶναι
350 262 408 296 μετ’
425 260 524 288 αὑτοῦ·
545 260 591 287 καὶ
606 260 623 294 ἠ
643 258 742 294 πρώτη
768 257 845 293 φωνὴ

58 310 129 346 μετὰ
141 309 194 343 τὴν
207 308 366 340 ἀνάστασιν,
383 315 393 332 ι
406 307 509 342 Εἰρήνη
524 305 599 340 ὑμῖν.
615 313 625 330 ι
642 304 697 330 Καὶ
710 303 754 330 διὰ
765 303 844 330 τοῦτο

55 357 127 384 οὕτω
141 355 259 390 λαμπρὰ
268 354 342 390 καὶὴ
359 354 388 379 ὲν
402 352 441 388 τῷ
458 351 596 387 συνθρόνῳ
607 350 655 377 τοῦ
672 350 843 384 πατριάρχου

56 403 164 436 γίνεται
179 401 382 435 ὲγκαθίδρυσις,
398 399 442 426 ῐνα
455 397 599 428 καθεσθεὶς
612 396 707 430 ὥσπερ
719 397 733 421 ὁ
748 395 844 430 Σωτὴρ

56 449 96 479 εἰς
103 448 169 478 τοὺς
177 447 321 482 οὐρανοὺς,
337 446 386 480 τὴν
400 445 512 479 εἰρήνην
527 443 633 469 ἐκεῖθεν
645 443 731 469 ἅπασι
745 441 800 476 δῴη
814 449 844 466 τε

55 494 103 521 xui.
118 493 257 528 κηρύξαι·
271 492 308 522 ὡς
324 491 372 518 καὶ
385 490 490 517 ἐκεῖθεν
512 489 550 524 τῷ
568 487 705 522 τρικηρίῳ
727 487 842 519 εὐλογεί,

53 540 91 571 ὡς
107 540 165 567 ἀπδ
175 538 221 565 τοῦ
238 538 365 573 οὐρανίου
383 537 481 571 θρόνου
498 536 546 570 τὴν
564 535 614 569 τῆς
628 533 744 569 Τριὰδος
761 533 846 567 παρέ-

55 595 111 621 χων
125 586 210 620 χάριν
225 585 273 611 καὶ
297 583 431 617 ἐλλαμψιν
452 581 497 608 διὰ
528 579 576 607 τοῦ
601 580 739 614 Σωτῆρος.
758 579 798 605 Τὰ
818 578 846 604 δὲ

54 632 156 666 ἑφεξῆς
173 631 212 662 ὡς
228 631 257 657 ὲν
272 629 374 660 πάσαις
389 629 451 660 ταῖς
468 626 653 662 λειτουργίαις
678 625 783 659 γίνεται
796 631 804 638 ⁵
821 624 846 651 ει

55 678 106 713 μὲν
121 677 270 713 ἀρχιερεὺς
286 675 331 711 ἦν,
348 675 446 706 οὕτως,

301 766 379 802 173
395 765 511 793 ΚΕΦΔΛ
536 763 619 791 ΣΑΓ’.

55 825 162 857 Ὅπως
180 823 200 857 ἠ
213 823 382 858 χειροτονία
391 822 445 849 τοῦ
460 820 646 858 πατριάρχου
661 818 786 853 γίνεται,
801 815 845 851 μὴ

217 856 310 891 ὅντως
324 859 469 892 πρότερον
484 856 666 883 ἐπισκόπου.

92 906 126 933 El.
139 906 168 932 δὲ
186 904 374 940 πρεσῆύτερος
390 904 438 930 καὶ
453 903 503 928 οὐκ
531 901 680 936 ἀρχιερεὺς
701 900 716 926 ὸ
741 899 848 934 ὑποψή-

56 953 120 987 φιός
134 953 205 984 ἐστι,
227 950 420 985 χειροτονεῖται
438 948 548 984 πρῶτον
561 946 712 977 ἐπίσκοπος
723 954 730 961 ·
750 945 847 971 ἔπειτα

55 997 255 1032 ἔνθρονίζεται.
283 995 448 1022 Ἐπισκόπου
469 994 523 1028 γὰρ
546 994 560 1020 ό
588 992 683 1027 θρόνος
697 999 703 1007 ·
735 992 777 1018 ὅτι
800 991 848 1018 καὶ

56 1044 210 1074 ἐπίσκοπος
227 1042 277 1076 τὴν
290 1041 336 1068 τοῦ
356 1039 479 1075 Χριστοῦ
502 1039 615 1066 πλουτεῖ
636 1038 763 1073 δύναμιν.
794 1038 848 1064 Καὶ

57 1090 168 1123 γίνεται
179 1089 264 1119 οὓτως
277 1088 294 1122 ἡ
311 1086 476 1122 χειροτονία.
493 1085 540 1116 Εἰς
553 1086 583 1112 τὸ
597 1084 751 1119 ἁγιώτατον
765 1082 849 1110 εἰσελ-

58 1135 115 1162 θὼν
130 1134 220 1169 βῆμα,
236 1134 383 1168 προσκυνεῖ
398 1132 448 1167 τὴν
463 1132 540 1167 ἱερὰν
548 1131 689 1166 τράπεζαν
704 1130 749 1156 καὶ
759 1129 849 1157 ἀσπά-

57 1181 139 1214 ζεται
151 1181 165 1206 ὸ
183 1179 338 1214 ὑποψήφιος
353 1178 526 1213 πατριάρχης
537 1185 543 1192 ·
557 1177 605 1203 καὶ
621 1176 687 1211 περὶ
713 1176 763 1207 τὰς
781 1175 848 1209 βαθ-

60 1227 145 1261 μίδας
165 1225 213 1252 τοῦ
239 1225 312 1252 θείου
343 1224 489 1259 συνθρόνου
514 1224 673 1258 γενόμενος,
700 1223 850 1257 προσκυνεῖ

59 1271 135 1298 κατὰ
159 1271 294 1302 ἀνατολὰς
311 1271 382 1306 τρίς.
402 1269 455 1296 Καὶ
471 1269 506 1295 τὰ
531 1268 714 1304 ἀρχιερατικὰ
746 1267 848 1294 ἐνδιδύ-

61 1324 160 1344 σκεται
187 1317 243 1343 τῶν
256 1315 493 1351 ὲκκλησιαστικῶν
521 1315 654 1341 διακόνων
670 1314 707 1345 ὡς
725 1313 849 1347 ἀγγέλων

58 1363 111 1394 τὰς
128 1363 207 1398 ἱερὰς
221 1362 403 1398 ὲνδεδυμένων
422 1360 520 1391 στολὰς
535 1360 645 1395 πρῶτον
661 1359 788 1393 εὐλογίαν
804 1359 850 1385 λα-

61 1410 169 1436 ϐόντων
202 1410 267 1444 παρ’
296 1408 377 1435 αὐτοῦ
414 1409 461 1434 καὶ
491 1407 576 1438 οὕτως
608 1405 850 1441 ὲξυπηρετοὺντων

59 1455 149 1490 αὐτῷ.
165 1454 198 1482 οι
215 1455 352 1489 ἀρχιερεῖς
368 1453 397 1480 δὲ
423 1453 491 1487 μετὰ
510 1451 636 1486 μανδύων
662 1451 785 1478 ἵστανται
804 1451 850 1486 μό-

863 843 885 870 Β

61 1510 119 1529 νον.
136 1501 231 1527 Πάντα
241 1499 288 1526 οὖν
303 1500 483 1533 ἐνδυσάμενος
497 1498 532 1525 τὰ
545 1498 737 1535 ἀρχιερατικὰ,
755 1497 850 1533 οτιχά-
863 1510 884 1538 c

61 1556 124 1583 ριον
137 1546 208 1581 μετὰ
225 1544 369 1581 ποταμῶν,
387 1544 430 1571 διὰ
443 1545 474 1570 τὸ
488 1544 570 1577 ἁγνόν
599 1551 628 1568 τε
640 1544 693 1573 ,καὶ
707 1543 756 1577 τὴν
773 1543 848 1569 διδα-

61 1592 189 1624 σκαλίαν,
216 1591 262 1617 διὰ
274 1590 324 1624 τὴν
339 1590 442 1617 ἄνωθεν
464 1589 546 1624 χάριν
574 1587 778 1622 ἑπιτραχήλιον,
801 1589 850 1614 καὶ

60 1639 154 1673 ζώνην
182 1637 229 1664 καὶ
255 1637 426 1670 ὲπιγονάτιον
450 1635 495 1661 διὰ
519 1635 569 1668 τὴν
596 1633 774 1668 σωφροσύνην
803 1634 850 1659 καὶ

63 1684 145 1719 ἰσχὺν
164 1683 236 1710 κατὰ
260 1683 377 1709 Θανάτου
395 1681 442 1707 καὶ
465 1681 556 1714 νίκην,
572 1679 726 1713 ὲπιμάνικά
742 1688 771 1705 τε
804 1681 850 1705 καὶ

62 1730 168 1757 σάκκον
185 1729 229 1755 διὰ
252 1728 301 1762 τὴν
328 1728 404 1754 θείαν
425 1727 568 1761 ἐνέργειαν
588 1725 635 1752 καὶ
660 1725 710 1759 τὴν
737 1724 781 1751 διὰ
803 1724 849 1751 τοῦ

63 1774 169 1805 πάθους
184 1772 348 1807 ἀφθαρσίαν,
362 1771 518 1805 ὼμοφόριον
534 1766 612 1805 μόνον
633 1770 663 1796 οὐ
686 1769 850 1804 περιϐάλλε-

60 1828 125 1847 ται·
143 1819 223 1846 τοῦτο
245 1819 299 1859 γάρ
317 1817 382 1844 ἴδιον
400 1816 564 1843 ἐπισκόπου.

343 1918 363 1943 Κ
370 1916 468 1944 ΕΦΑΛ.
493 1916 532 1942 ΣΛ
537 1917 561 1942 Δ¹
567 1935 573 1942 .

64 1979 128 2006 ὀτι
142 1977 193 2005 καὶ
215 1978 232 2004 ό
244 1975 429 2010 πατριάρχης
451 1975 510 2002 ὑπὸ
527 1975 597 2007 τοὺς
620 1975 752 2007 κανόνας
766 1975 834 2001 ἐστί
844 1984 849 1990 ·

99 2014 150 2041 καὶ
175 2012 296 2047 μέλλων
311 2010 553 2047 χειρρτοιίεῖσ-θᾳί
565 2010 734 2047 ἐπίσκοπος
748 2010 853 2037 δίδωσι

99 2049 159 2082 τὴν
173 2044 337 2081 ὃμολογίαν
355 2045 448 2071 αὐτοῦ
464 2044 501 2078 τῇ
523 2045 701 2078 Ἐκκλησίῃ.

99 2094 181 2122 Μετὰ
198 2093 247 2120 τοῦ
277 2093 379 2118 σάκκου
408 2084 455 2117 οὖν
479 2091 554 2123 στὰς,
578 2091 687 2121 δεικνὺς
711 2090 749 2121 ὠς
777 2090 854 2117 οὔπω

64 2140 219 2168 ὶπίσκοπος
238 2137 346 2163 πάντων
378 2134 532 2170 ἱσταμένων
552 2135 703 2170 ἀρχιερέων
725 2135 771 2160 καὶ
788 2135 854 2169 κλη-

898 210 1042 238 haereditas
1072 214 1099 237 et
1112 211 1224 238 donatio
1251 210 1330 237 nobis
1363 218 1505 244 concessa,
1529 214 1683 244 postrema—

896 264 949 291 que
962 257 1059 289 oratio,
1075 261 1104 284 ut
1118 264 1202 284 unum
1223 264 1284 284 cum
1314 257 1374 292 ipso
1387 257 1485 285 simus.
1513 257 1603 285 Prima
1615 266 1683 293 quo-

896 307 950 336 que
966 300 1051 334 ipsius
1066 309 1117 328 vox
1131 306 1192 336 post
1209 303 1448 334 resurrectionem,
1470 311 1479 327 ι
1496 303 1551 330 Pax
1568 303 1654 330 vobis.
1671 313 1680 329 ι

896 346 1042 382 Propterea
1059 347 1203 374 collocatio
1222 348 1385 382 patriarcha:
1412 348 1439 375 in
1464 349 1590 376 thronum
1604 357 1684 377 suum

897 397 950 419 tam
965 393 1106 427 magniﬁce
1116 397 1245 427 tantoque
1261 393 1289 420 iit
1301 401 1362 421 eutn
1376 399 1519 428 apparatu,
1535 399 1575 428 ut,
1588 403 1686 430 quem-

896 437 1042 464 admodum
1063 438 1191 464 Servator
1229 438 1327 466 sedens
1347 439 1372 466 in
1389 439 1467 466 emlis
1499 447 1592 474 pacem
1624 441 1686 468 inde

897 482 1022 509 omnibus
1041 483 1124 509 donat
1146 487 1173 509 et
1191 484 1331 518 prmtlicat,
1362 485 1398 511 ita
1416 486 1568 519 patriarcha
1593 494 1608 512 e
1623 487 1686 513 sede

897 536 945 555 sua
977 529 1088 556 triccrio
1125 529 1277 561 benetlicat,
1309 530 1381 557 velut
1409 538 1422 557 a
1450 531 1555 559 caelesti
1589 532 1687 559 throno

898 575 1020 609 praebens
1036 582 1085 609 per
1100 574 1274 602 Servatorem
1291 575 1435 603 Trinitatis
1464 580 1577 610 gratiam
1601 582 1628 605 et
1655 579 1687 605 il-

897 621 1117 649 lmninationem.
1132 621 1197 654 Qum
1215 627 1379 656 sequuntur,
1395 622 1491 650 eodem
1508 624 1589 650 modo
1605 623 1683 657 ﬁunt,

897 674 951 701 quo
969 667 994 693 in
1012 667 1117 703 caeteris
1133 667 1260 702 liturgiis.
1278 667 1306 695 Si
1322 669 1468 702 episcopus
1489 673 1540 702 est,
1562 669 1599 696 ita
1616 669 1645 697 lit
1658 674 1686 697 ut

897 713 1012 740 dictum.

1141 759 1255 787 CAPUT
1271 760 1436 788 CCXXXIII.

899 814 1037 848 Quomodo
1062 817 1198 843 ordinatio
1226 819 1388 855 patriarch
1417 819 1463 853 ﬁat
1484 820 1529 854 qui
1552 820 1687 855 episcopus

1162 857 1239 878 antea
1253 861 1304 879 non
1324 854 1422 888 fuerat.

935 897 961 923 Si
980 904 1044 923 vero
1059 897 1161 924 electus
1176 898 1318 933 presbyter
1331 905 1384 930 est,
1397 907 1450 927 non
1469 901 1622 935 episcopus,
1643 910 1688 930 or-

900 943 1010 970 dinatur
1034 943 1149 976 primum
1185 944 1349 980 episcopus;
1380 951 1474 980 postea
1504 947 1532 974 in
1559 949 1686 976 thronum

900 988 1061 1016 collocatur.
1085 989 1124 1015 Ad
1144 989 1303 1024 episcopum
1328 990 1400 1017 enim
1421 991 1536 1018 thronus
1559 993 1685 1026 pertinet,

900 1042 932 1062 eo
951 1035 1022 1069 quod
1037 1035 1138 1062 Christi
1163 1036 1291 1063 virtutem
1325 1037 1434 1064 abunde
1460 1038 1610 1072 possideat.
1629 1038 1686 1066 Hoc

899 1085 990 1107 autem
1006 1080 1060 1107 ritu
1080 1081 1272 1118 iitrordinatio.
1291 1081 1447 1109 Patriarcha
1466 1083 1583 1117 electus,
1605 1091 1688 1111 sanc-

900 1126 1035 1153 tissimum
1053 1126 1209 1160 ingrediens
1223 1127 1355 1158 tribunal,
1373 1128 1469 1154 adorat
1491 1135 1596 1155 sacram
1614 1138 1628 1154 n
1640 1137 1688 1156 en-

901 1179 959 1198 sam
989 1175 1016 1198 et
1041 1171 1189 1199 osculatur.
1211 1171 1279 1199 Cum
1309 1180 1374 1200 vero
1398 1174 1551 1207 pervenerit
1575 1175 1608 1201 ad
1625 1183 1688 1209 gra-

901 1217 952 1245 dus
971 1217 1055 1244 divini
1092 1218 1249 1253 synthroni,
1267 1223 1307 1246 ter
1324 1219 1357 1246 ad
1381 1220 1512 1246 orientem
1541 1220 1646 1253 adorat,
1661 1227 1688 1248 et

901 1268 990 1290 restes
1020 1264 1190 1298 episcopales
1220 1265 1353 1292 induitur.
1386 1266 1571 1294 Eeclesiaslici
1597 1273 1686 1293 ann-tn

899 1307 1020 1341 diaconi,
1050 1309 1122 1336 sicut
1137 1311 1226 1345 angeli
1244 1318 1336 1338 sacras
1374 1311 1458 1340 stoias
1498 1313 1556 1339 sive
1581 1313 1688 1340 tunicas

902 1354 999 1386 induti,
1019 1355 1235 1383 benedictionem
1253 1357 1371 1390 primum
1390 1357 1424 1383 ab
1444 1365 1477 1385 eo
1493 1359 1642 1392 accipiunt,
1659 1364 1687 1386 et

901 1402 924 1427 ei
942 1401 981 1428 sic
1004 1401 1170 1429 ministrant.
1203 1402 1329 1438 Episcopi
1353 1408 1443 1430 autem
1471 1412 1533 1431 cum
1564 1406 1688 1440 nnandyis

907 1447 965 1474 sive
995 1447 1084 1482 longis
1119 1448 1208 1482 palliis
1233 1453 1307 1476 stmt
1333 1454 1449 1477 tantum.
1476 1451 1575 1478 Omnes
1606 1451 1689 1485 igitur

903 1493 1098 1521 archieraticas
1120 1499 1207 1521 vestes
1236 1495 1359 1525 indutus.
1389 1495 1547 1523 stieharimn
1572 1497 1689 1524 undula-

902 1543 957 1565 tim)
973 1543 1083 1573 propter
1095 1539 1239 1574 puritatem
1252 1544 1280 1567 et
1299 1542 1462 1575 doctrinam,
1482 1542 1688 1576 cpitraelrelium

902 1585 958 1612 sive
974 1585 1071 1612 stolam
1088 1585 1296 1618 sacerdotalem,
1313 1591 1340 1613 et
1365 1595 1461 1614 zonam
1487 1593 1598 1623 propter
1625 1598 1688 1623 gra-

904 1632 966 1657 liam
985 1638 1104 1664 superne
1136 1631 1299 1663 venientem,
1339 1635 1536 1668 supergenuale
1578 1642 1689 1670 propter

903 1676 1106 1711 temperantiam
1142 1681 1169 1704 et
1204 1677 1391 1705 fortitudinem
1430 1685 1524 1707 contra
1561 1687 1687 1714 mortem,

903 1721 990 1756 deque
1005 1729 1037 1749 ea
1065 1722 1216 1756 victoriam,
1238 1725 1464 1757 supermaniealia
1496 1734 1558 1754 vero
1573 1732 1599 1755 et
1627 1736 1688 1755 sac-

903 1775 964 1794 cum
986 1773 1096 1802 propter
1115 1769 1234 1796 divinatn
1262 1771 1402 1804 virtutem,
1425 1777 1451 1798 et
1470 1779 1518 1806 per
1545 1774 1688 1807 passiones

904 1815 1149 1847 immortalitatem,
1180 1817 1267 1843 solum
1291 1821 1333 1845 est
1360 1818 1469 1852 pallium
1488 1827 1542 1854 quo
1561 1828 1616 1847 non
1644 1821 1688 1848 in-

905 1861 1015 1894 (luitur;
1037 1866 1078 1888 est
1095 1862 1167 1888 enim
1192 1863 1312 1897 episcopi
1344 1865 1493 1898 proprium.

1148 1919 1261 1946 CAPL‘T
1280 1919 1442 1947 CCXXXIV.

906 1975 1088 2014 Patriam/tam
1120 1977 1354 2014 quoque_subesse
1388 1978 1542 2014 canonibus,
1566 1983 1643 2014 atque
1665 1981 1689 2007 .ιὶ

940 2012 1075 2047 ερίδεογψε
1089 2045 1092 2047 Δ
1107 2012 1271 2043 ordinandus
1302 2017 1339 2039 est
1354 2033 1361 2044 ,
1387 2012 1579 2047 confessione»:
1599 2012 1689 2041 'suam

941 2047 1017 2073 edere
1030 2045 1166 2072 Ecclesia.

943 2092 1024 2120 Stans
1037 2092 1120 2127 igitur
1139 2100 1200 2119 eum
1223 2099 1313 2124 sacco,
1331 2098 1362 2124 et
1384 2094 1435 2121 hoe
1457 2094 1550 2121 habitu
1573 2094 1689 2122 demon-

907 2144 998 2166 slrans
1013 2147 1043 2166 se
1058 2138 1178 2165 nondum
1191 2146 1253 2165 esse
1272 2139 1443 2174 episcopatu.
1466 2140 1602 2168 stantibus
1621 2148 1690 2175 quo-

65 2185 154 2222 ρικῶν
168 2184 203 2210 τὰ
217 2183 263 2210 τοῦ
280 2182 391 2213 κανόνος
405 2181 536 2216 ἐκπληροῖ
550 2189 556 2195 ·
582 2181 629 2206 καὶ
643 2181 692 2214 τὴν
709 2180 849 2215 ὁμολογίαι

909 2192 961 2219 que
972 2183 1100 2210 omnibus
1118 2182 1255 2217 episcopis
1269 2187 1296 2208 et
1310 2183 1427 2214 clericis,
1442 2183 1487 2218 qui
1504 2189 1652 2219 supersunt
1674 2193 1689 2212 e

65 2221 151 2259 αὐτοῦ
167 2229 283 2257 ἐνώπιον
310 2228 385 2262 λέγει
405 2227 524 2259 πάντων,
539 2227 588 2261 τὴν
606 2227 698 2252 πίστιν
713 2226 794 2260 ὀρθὴν
817 2221 855 2252 δι-

64 2278 141 2309 δοὺς,
158 2276 195 2307 ὡς
212 2276 300 2309 δῶρον
314 2274 365 2308 τῆς
391 2272 571 2307 νυμφεύσεως
597 2272 727 2306 καθαρόν.
758 2270 788 2298 Ὀ
805 2271 854 2305 μὲν

65 2324 121 2358 γὰρ
138 2321 285 2356 ἀρχιερεὺς
300 2320 340 2351 εἱς
354 2319 528 2354 πατριάρχην
548 2318 772 2352 μετατιθέμενος,
792 2317 854 2348 δοὺς

65 2369 188 2404 ἑξαρχῆς
202 2368 252 2403 τὴν
269 2366 414 2402 ὁμολογίαν
441 2367 470 2391 ὲν
496 2365 533 2399 τῷ
562 2365 789 2399 χειροτονεῖσθαι,
805 2364 854 2390 οὐκ

65 2417 124 2451 ἔχει
154 2415 251 2450 χρείαν
273 2411 349 2444 αὖθις
375 2412 465 2446 λέγειν
481 2412 587 2445 αὑτήν·
606 2408 685 2442 οὗτος
714 2411 740 2436 δὲ
771 2411 854 2445 μήπω

65 2462 219 2490 ἐπίσκοπος
235 2458 366 2493 γεγονὼς,
382 2458 492 2492 ἀνάγκη
508 2457 612 2491 ταύτην
629 2457 719 2482 δοῦναι
736 2456 789 2491 πρὸ
805 2457 854 2491 τῆς

65 2507 239 2544 χειροτονίας
253 2507 285 2540 τῇ
305 2504 467 2539 Ἐκκλησία,
497 2503 544 2530 καὶ
559 2504 634 2534 ἐντὸς
659 2502 763 2536 ταύτην
778 2502 854 2535 λέγει

65 2554 114 2582 τοῦ
136 2553 271 2588 βήματος,
291 2552 328 2583 ὡς
340 2551 450 2579 πάντων
465 2550 519 2576 τῶν
545 2550 574 2576 ὲν
588 2549 626 2583 τῷ
645 2548 747 2584 βήματι
763 2548 855 2583 ἄρχων

66 2602 95 2627 ὲν
110 2599 256 2633 Πνεύματι
283 2596 483 2631 καθιστάμενος
508 2596 555 2622 καὶ
585 2595 690 2630 Πατήρ.
720 2594 809 2627 Αὐτὴν
825 2594 854 2620 δὲ

66 2645 143 2679 λέγει
154 2643 189 2678 ἢν
202 2642 250 2669 καὶ
262 2642 362 2673 πάντες
379 2642 402 2668 ol
412 2641 564 2675 ὑποψήφιοι
578 2640 718 2676 ἀρχιερεῖς
732 2640 854 2673 λέγουσι,

66 2691 154 2727 χωρὶς
172 2690 254 2725 μόνον
264 2689 311 2716 τοῦ
324 2687 526 2715 ὑποτάσσεσθαι
539 2686 577 2722 τῷ
591 2686 760 2721 πατριάρχῃ.
779 2686 856 2711 Ἐπεὶ

66 2739 122 2772 γάρ
139 2736 223 2767 αὐτὸς
245 2735 420 2770 πατριάρχης
448 2732 687 2769 χειροτονούμενός
716 2732 786 2763 ἐστι,
801 2731 855 2757 τίνι

68 2782 284 2816 ὑποταγήσεται,
306 2779 396 2814 ἀλλ’ἢ
425 2780 481 2810 τοῖς
507 2779 603 2805 κανόσι
629 2779 676 2804 καὶ
698 2778 789 2812 μόνον,
809 2776 855 2808 οὓς

68 2828 115 2855 καὶ
129 2826 260 2862 ὁμολογεῖ
284 2824 449 2860 φυλάσσειν;
467 2823 523 2858 Τῆς
541 2823 688 2858 ὁμολογίας
704 2822 751 2850 οὖν
780 2823 854 2849 τελε-

906 2237 1012 2257 canone
1044 2228 1174 2263 complet,
1194 2234 1221 2255 et
1248 2229 1451 2256 confessionem
1485 2237 1564 2257 suam
1595 2238 1688 2258 coram

906 2276 1035 2303 omnibtts
1055 2275 1163 2306 recitat,
1180 2279 1282 2301 rectam
1295 2275 1375 2301 [idem
1389 2280 1418 2302 ut
1431 2283 1528 2309 purum
1542 2277 1687 2310 desponsa-

908 2321 988 2348 tionis
1003 2328 1058 2348 sua:
1072 2320 1173 2347 donum
1190 2327 1341 2354 exponens.
1361 2320 1412 2353 Qui
1429 2321 1575 2354 episropus
1591 2322 1624 2347 ad
1643 2329 1690 2354 pa-

907 2367 1084 2394 triarchalum
1101 2366 1276 2396 transfertur.
1294 2365 1339 2399 qui
1356 2365 1556 2392 confessionem
1568 2366 1690 2393 abinitio

906 2411 980 2438 dedit
995 2418 1056 2438 cum
1084 2409 1271 2441 ordinaretur,
1288 2416 1341 2436 non
1360 2416 1431 2443 opus
1457 2408 1539 2436 habet
1557 2417 1617 2436 eam
1641 2410 1690 2437 ite-

907 2463 966 2482 rum
980 2455 1113 2489 proferre.
1128 2454 1181 2481 Sed
1197 2461 1260 2481 cum
1277 2453 1398 2480 nondu-n
1416 2452 1504 2480 factus
1515 2458 1558 2481 cst
1582 2457 1690 2490 epist-o-

906 2509 968 2536 pus,
984 2508 1096 2528 necesse
1118 2505 1160 2528 est
1178 2504 1208 2527 ut
1230 2504 1293 2526 ante
1317 2499 1516 2526 ordinationem
1538 2508 1615 2528 suam
1628 2502 1690 2529 edat

907 2550 980 2578 illam
995 2550 1022 2577 in
1038 2549 1170 2581 Ecclesia,
1181 2552 1207 2574 et
1225 2548 1295 2575 intra
1313 2548 1512 2580 sanctuarium,
1524 2552 1555 2574 ut
1568 2548 1690 2575 omnium

907 2595 953 2631 qui
965 2599 1029 2622 sunt
1044 2595 1070 2621 in
1085 2593 1244 2621 sanctuario
1256 2593 1384 2628 princeps
1397 2597 1425 2620 et
1440 2593 1521 2620 Pater
1539 2601 1586 2628 per
1601 2593 1691 2628 Spiri-

907 2645 962 2669 tum
982 2641 1156 2668 eonstitutus.
1187 2640 1314 2666 Eamdem
1339 2644 1428 2667 autem
1449 2639 1505 2671 edit
1533 2647 1614 2673 quam
1632 2646 1702 2675 om.»

907 2695 956 2714 nes
971 2686 1050 2713 electi
1068 2686 1190 2720 episcopi
1204 2686 1285 2712 edere
1298 2686 1386 2713 solent
1401 2693 1409 2718 ;
1433 2693 1466 2712 eo
1478 2685 1565 2712 solum
1577 2688 1690 2718 excepto

908 2732 979 2767 quod
998 2731 1195 2766 subjectionem
1210 2731 1373 2766 patriarchas
1386 2739 1439 2758 non
1457 2730 1589 2765 promittit
1604 2738 1612 2762 ;
1628 2738 1689 2757 cum

907 2778 978 2806 enim
997 2779 1022 2806 in
1039 2778 1221 2812 patriarcham
1238 2778 1389 2809 ordinetur,
1400 2777 1443 2803 cui
1454 2775 1624 2810 subjicictur,
1638 2776 1689 2803 nisi

908 2823 994 2851 solum
1021 2824 1172 2853 canonibus
1189 2831 1259 2859 quos
1280 2823 1427 2851 conﬁtetur
1447 2830 1476 2850 se
1496 2823 1691 2850 servaturum?
