1941 3040
56 114 110 146 ίῦθ

55 220 185 266 titione;
205 223 256 258 ἤδη
285 223 354 251 Θεοῦ
371 225 507 259 Θέλοντος,
522 228 658 263 πρότερον
670 230 704 256 τὰ
716 233 781 266 περὶ
798 231 852 259 τῶν

55 265 140 299 ιερῶν
157 269 334 302 χειροτονιῶν
347 271 418 298 κατὰ
430 271 544 307 δύναμιν
560 273 793 308 ἐρμηνεύσαντες.

54 313 221 342 charactere
235 316 394 352 insignitus,
408 318 613 347 administrabit
641 321 693 348 hoc
712 323 885 358 mysterium,

721 128 769 159 DE
786 130 1040 165 P(ENITENT[A.

54 172 177 207 δύναμιν
189 174 309 211 ἐροῦμεν
320 177 360 212 τῷ
373 178 465 214 εἰρμῷ
472 179 521 207 τοῦ
534 180 626 216 λόγου,
641 184 687 210 καὶ
699 185 767 219 πρὸς
777 181 857 212 τοῦτο

1648 147 1710 176 4ἶο

874 194 894 220 Α
911 190 1062 226 presbyteri
1084 191 1144 220 sine
1162 193 1273 223 licentia
1298 197 1490 232 episcoporum
1510 200 1592 226 .lianc
1614 201 1700 228 facul-

908 238 993 262 tatem
1011 245 1064 264 non
1081 238 1196 272 habent,
1212 245 1239 268 et
1255 242 1432 271 diaeonorum
1447 252 1501 272 non
1517 247 1701 274 meminerunt

906 288 1046 316 canones;
1077 292 1131 318 quo
1153 285 1215 320 iure
1232 287 1313 315 homo
1335 288 1432 322 idiota,
1455 291 1530 318 nullo
1554 292 1700 322 sacerdotii

905 330 933 352 et
948 334 1055 354 sacrum
1086 330 1253 362 poenitentia
1279 333 1483 363 ministerium?
1529 337 1597 365 Cum
1618 338 1700 372 igitur

54 361 230 389 connexione
243 364 379 391 sermonis
389 365 474 392 nostri
489 366 564 394 ducti
574 368 607 394 ad
621 367 673 395 hoc
704 370 864 404 mysterium
887 375 1082 410 enarrandum,
1097 376 1150 404 Deo
1162 379 1270 408 volente
1282 381 1483 411 devenerimus.
1496 393 1556 418 qua:
1565 385 1596 412 ad
1607 361 1701 414 Jews

58 407 215 418 .‘_.IZ..--:__
241 416 250 418 μ
266 416 309 418 μΑΑ
331 413 351 418 ,γ
380 416 385 418 ,
419 410 425 416 ι
520 411 526 417 .
579 413 584 418 .
743 416 748 418 _
789 415 794 418 λ
1478 413 1480 416 ,

57 407 251 435 ordinationes
264 413 400 443 spectant.
416 410 472 445 jam
485 411 562 446 prius
579 413 761 448 interpretati,
779 415 813 442 de
826 423 859 443 eo
879 425 952 446 nunc
967 408 1015 453 pro
1034 407 1138 450 viribus
1152 425 1232 452 verba
1443 407 1480 416 Ψ

94 455 260 490 Κληρικός.
272 457 336 488 Ναὶ.
351 457 414 492 ἅγιε
426 458 561 486 δέσποτα.
585 461 679 494 Ἀξιον
701 463 775 498 ἡμᾶς
806 465 854 491 καὶ

57 502 123 536 περὶ
140 501 239 529 τούτου
255 503 363 537 διδάξαι
379 503 428 532 καὶ
441 505 604 541 ἀναγκαῖον.

944 467 1073 497 Clericus.
1089 470 1125 498 ita
1142 478 1225 504 certe,
1241 477 1545 512 sanctissiniedomine,
1558 488 1611 507 non
1621 483 1701 508 modo

907 520 1015 547 mtuum
1028 522 1069 543 est
1079 523 1105 544 et
1117 519 1242 552 utile,sed
1255 522 1338 549 etiam
1355 525 1542 552 necessarium
1553 534 1602 554 nos
1614 528 1646 555 de
1658 529 1701 555 his

912 561 996 588 rebus
1014 562 1123 591 docere.

631 643 762 687 ΠΕΡΙ
813 647 1152 698 ΜΕΤΑΝΟΙΑΣ.

679 803 739 834 DE
763 806 896 838 POENI
902 809 1062 842 TENTIA
1069 835 1077 843 .

96 947 276 981 Ἀρχιερεύς.
295 947 383 980 Κάγὼ
405 948 473 982 πρὸς
490 948 571 976 τοῦτο
587 951 706 986 ἑτοίμως
723 953 788 987 ἔχω.
805 959 850 982 καὶ
869 960 888 987 Β

53 994 110 1023 τῶν
127 994 200 1021 κατὰ
214 994 331 1029 δύναμιν
353 994 442 1028 λόγων
458 995 509 1022 οὐκ
526 996 675 1032 ἀμελήσω·
702 1000 744 1026 ετι
763 1002 853 1029 καὶτὸ

53 1041 206 1075 κεφάλαιον
223 1040 273 1075 τῆς
300 1041 438 1075 σωτηρίας
459 1042 569 1069 πάντων
595 1045 702 1071 πιστῶν
729 1047 799 1080 μετὰ
822 1048 853 1074 τὺ

55 1089 202 1122 βάπτισμα
226 1088 242 1122 ἡ
266 1087 414 1121 μετάνοια·
443 1088 491 1115 καὶ
519 1089 584 1116 ἄλλο
601 1090 671 1126 αὕτη
690 1093 852 1128 καθάρσιον,

53 1135 103 1161 καὶ
114 1133 243 1168 δεύτερον
259 1133 412 1168 βάπτισμα,
429 1134 463 1160 δι’
478 1135 684 1171 ἑξαγορεύσεώς
706 1147 735 1164 τε
750 1140 796 1166 καὶ
805 1149 852 1167 τα-

53 1180 227 1212 πεινώσεως.
242 1181 298 1211 τοῖς
326 1180 399 1207 κατὰ
414 1181 531 1215 δύναμιν
560 1183 654 1215 πόνοις
674 1185 721 1211 καὶ
737 1186 853 1220 δάκρυσι

53 1227 289 1261 κατορθούμενον.
307 1223 362 1258 Ἶῐς
390 1225 540 1261 μετανοίας
567 1231 713 1265 προοίμιον
738 1233 854 1261 τελῶναι

54 1274 102 1300 καὶ
116 1273 280 1308 ἁμαρτωλοὶ
297 1274 345 1300 καὶ
354 1274 492 1307 πόρναιὲν
508 1277 640 1312 μετανοίᾳ.
647 1278 759 1313 Χριστῷ
770 1288 854 1314 προσ-

55 1314 253 1350 ελθόπεξκαὶ
283 1319 501 1356 προσδεχθέντες
513 1341 520 1353 .
539 1323 588 1348 καὶ
615 1322 720 1360 λῃστὴς
741 1326 788 1352 ἐπὶ
806 1327 853 1353 τοῦ

56 1365 178 1399 σταυροῦ
210 1366 291 1400 μόνον
308 1365 506 1402 ἐξομολόγησιν
532 1368 578 1394 καὶ
594 1368 687 1395 πίστιν
713 1370 787 1403 δοὺς,
806 1372 853 1398 καὶ

52 1413 94 1445 τὺ,
126 1422 136 1438 ‹
157 1412 318 1447 Μνήσθητι·
340 1423 348 1438 ι
371 1413 420 1440 καὶ
437 1414 451 1440 ὁ
466 1416 616 1449 κορυφαῖος
641 1417 697 1443 τῶν
721 1417 852 1452 μαθητῶν

54 1459 126 1493 μετὶ
138 1459 190 1494 τὴν
201 1459 252 1493 τῆς
264 1459 408 1494 ἀρνήσεως
421 1459 538 1491 πτῶσιν,
553 1461 677 1493 κλαύσας
690 1464 797 1498 πικρῶς
808 1465 853 1491 καὶ

53 1505 190 1539 ὲλεηθεὶς,
207 1506 254 1531 καὶ
268 1506 301 1540 τῇ
315 1507 411 1541 τριττῇ
427 1507 572 1541 ἐρωτήσει,
585 1507 648 1538 είςό
662 1506 696 1543 ἦν
709 1509 854 1537 ἀποκατα-

54 1552 136 1583 στὰς,
151 1552 167 1586 ἢ
195 1553 242 1578 κοιλ¹
255 1552 363 1586 μεῖζον,
376 1554 482 1588 ποιμὴν
497 1553 620 1588 Χριστοῦ
637 1556 692 1582 τῶν
707 1557 852 1592 προϐάτων

54 1599 208 1631 καταστὰς,
226 1599 265 1630 εἰς
284 1599 314 1625 τὺ
331 1600 488 1634 ποιμαίνειν
500 1601 529 1626 ὲν
543 1603 665 1636 προσοχῇ
680 1602 726 1628 καὶ
739 1611 850 1637 συμπα-

941 960 1098 994 Episcopus.
1111 961 1166 995 Ego
1179 967 1290 996 queque
1300 961 1334 989 ad
1351 963 1401 989 hoc
1409 967 1520 996 paratus
1529 969 1599 995 sum,
1613 967 1639 990 et
1651 963 1702 991 mi-

906 1005 933 1033 lii
950 1014 999 1041 pro
1027 1007 1132 1034 viribus
1159 1014 1254 1035 earum
1283 1007 1427 1043 explicatio
1445 1016 1517 1035 curm
1544 1009 1617 1036 erit:
1637 1017 1700 1037 nam

906 1052 1004 1079 salutis
1014 1051 1133 1080 fidelium
1147 1053 1378 1088 postbaptismum
1392 1062 1499 1082 summa
1511 1060 1552 1082 est
1566 1055 1702 1090 pceuileu—

906 1100 954 1130 tia,
973 1103 1000 1127 et
1019 1100 1092 1127 aliud
1114 1102 1315 1136 purgatorium,
1341 1102 1464 1137 alterque
1481 1103 1634 1138 haptismus
1653 1111 1700 1138 per

906 1145 1107 1173 confessionem
1121 1151 1148 1174 et
1177 1147 1358 1176 humilitatem
1384 1149 1410 1175 in
1443 1149 1572 1184 laerymis
1583 1155 1609 1176 et
1625 1150 1702 1177 labo—

906 1191 982 1218 ribus
1007 1192 1156 1219 secundum
1170 1193 1243 1220 vires
1259 1194 1395 1227 susceptis
1412 1193 1528 1222 feliciter
1545 1195 1701 1223 institutus.

905 1237 990 1272 Cujus
1002 1238 1288 1273 prenitentiminitium
1313 1239 1423 1267 luerunt
1451 1240 1588 1274 publicani
1601 1247 1626 1268 et
1639 1249 1702 1276 pec-

906 1289 1013 1311 catores
1033 1292 1094 1311 cum
1111 1285 1269 1318 pmnitentia
1282 1286 1314 1313 ad
1329 1286 1469 1314 Christum
1486 1287 1658 1321 accedentes,
1675 1293 1703 1316 et

905 1331 938 1357 ab
958 1337 992 1357 eo
1008 1330 1138 1365 suscepti,
1153 1336 1179 1358 et
1192 1332 1262 1360 latro
1274 1340 1382 1368 quoque
1395 1333 1421 1360 in
1439 1341 1520 1361 crttce
1533 1334 1622 1362 solum
1635 1343 1702 1362 con-

905 1376 1053 1404 fessionem
1067 1379 1153 1405 edens
1169 1380 1195 1405 et
1208 1378 1302 1412 tidem;
1326 1383 1409 1414 atque
1428 1389 1437 1406 ι
1459 1380 1598 1408 Memento
1613 1383 1664 1409 mei
1690 1391 1699 1407 ι

906 1423 1097 1457 pronuntians.
1112 1424 1172 1458 Ipse
1189 1425 1376 1459 apostolorum
1386 1427 1548 1461 coryphaens
1564 1434 1626 1454 cum
1641 1433 1704 1462 post

906 1468 1059 1500 negationis
1088 1469 1194 1503 lapsum
1217 1469 1341 1498 flevisset
1371 1479 1474 1503 amare,
1494 1476 1521 1499 et
1545 1473 1702 1500 misericor-

905 1512 978 1539 diam
1006 1518 1169 1541 consecutus
1188 1520 1241 1547 est,
1269 1521 1296 1542 et
1321 1516 1391 1543 trina
1411 1517 1624 1552 interrogatione
1647 1519 1704 1552 pri-

905 1558 976 1585 stino
989 1559 1071 1585 statui
1089 1560 1243 1592 restitutus,
1255 1561 1384 1596 quodque
1397 1563 1496 1597 majus,
1512 1564 1603 1590 ovium
1619 1564 1701 1592 Chri-

906 1603 939 1630 sti
953 1607 1046 1637 pastor
1065 1606 1230 1632 constitutus
1252 1611 1305 1639 est,
1324 1613 1352 1634 ut
1365 1615 1411 1635 eas
1427 1616 1490 1635 cum
1509 1609 1660 1637 attentione
1676 1615 1704 1637 et.

55 1645 118 1680 θείᾳ
133 1645 166 1671 τὰ
181 1645 316 1680 πρόϐατα,
337 1645 392 1672 ἀπὸ
405 1646 453 1672 τοῦ
473 1647 589 1672 πταῖσαι
679 1634 851 1684 προσδεχοῆ-

913 1651 1113 1678 nansuetudine
1138 1657 1272 1686 pasceret,
1291 1657 1373 1687 atque
1387 1662 1402 1681 a
1417 1654 1493 1689 lapsu
1515 1663 1576 1689 suo,
1599 1659 1626 1683 et
1640 1661 1702 1691 post

55 1701 111 1723 ναι,
125 1691 156 1718 τὸ
169 1692 235 1722 τοὺς
248 1692 420 1723 πταίσαντας
435 1692 562 1727 δέχεσθαι
585 1692 681 1727 μαθὼν
705 1696 854 1729 μεταγνόν-

54 1746 124 1767 τας·
147 1738 193 1764 καὶ
209 1738 258 1764 σὺν
271 1738 348 1771 αὒτῷ
365 1738 488 1770 ἅπαντες
500 1747 506 1754 '
524 1739 537 1764 ὀ
555 1739 612 1773 γὰρ
637 1741 673 1774 μὴ
690 1741 809 1773 πταίσας
825 1743 854 1768 ὲν

57 1784 217 1818 ἀνθρώποις
229 1785 279 1810 οὐκ
293 1781 367 1811 ἐστιν
381 1785 449 1816 ὅλως
461 1792 468 1799 ⁸
491 1785 537 1812 καὶ
552 1786 660 1820 πρῶτος
673 1787 791 1818 πταίσας
807 1789 854 1814 καὶ

58 1831 131 1866 ὑπὲρ
149 1831 255 1863 πάντας
275 1831 303 1858 ἐν
317 1832 385 1858 πᾶσι
403 1832 508 1863 πιστοῖς
527 1831 594 1865 ἐγὼ,
611 1832 659 1858 καὶ
675 1833 855 1868 συγχωρηθῆ-

57 1887 103 1904 ναι
119 1876 285 1911 αἰτούμενος
300 1877 348 1903 καὶ
362 1877 496 1911 σωθῆναι.

94 1923 256 1956 Κληρικός.
283 1923 327 1954 Ὠς
360 1923 488 1958 ἀληθῶς,
513 1924 642 1955 δέτποτα,
660 1924 708 1950 τοῦ
730 1924 854 1951 τοιούτου

56 1969 198 2005 χρῄζομεν
215 1969 316 2000 πάντες
331 1977 337 1984 ·
356 1970 397 1996 ὅτι
420 1971 468 1996 καὶ
485 1970 585 2001 πάντες
609 1970 743 2004 διηνεκῶς
766 1970 856 2005 ἁμαρ-

56 2017 189 2051 τὲνομεν.

53 2107 55 2109 ι
335 2072 463 2099 ΚΕΦΔΛ.
480 2071 563 2099 ΣΝΑ’.

56 2130 122 2157 ὀτι
138 2129 229 2156 τοῦτο
243 2130 398 2163 μετάνοια.
412 2129 444 2155 τὸ
457 2128 605 2162 διηνεκῶς
627 2129 855 2162 ταπεινοῦσθαι,

91 2164 143 2191 καὶ
169 2164 348 2197 ἁμαρτωλὸν
371 2163 473 2197 λέγειν
501 2164 551 2189 καὶ
576 2163 708 2196 ’νομίζειν
732 2165 854 2196 ἑαυτὸν,

91 2199 143 2226 καὶ
159 2199 236 2233 πρὸς
251 2199 309 2232 τὴν
321 2198 522 2231 ὲξατόρευσιν
534 2198 661 2233 τρέχειν.
679 2201 733 2226 Καὶ
748 2201 791 2226 ὅτι
807 2201 857 2227 οὐ·

89 2234 157 2267 δεὶς
172 2234 304 2268 καθαρὸς
318 2234 353 2259 ἐν
370 2233 552 2267 ἀνθρώποις.

98 2292 284 2326 Ἀρχιερεύς.
303 2291 437 2327 Ἀληθῶς,
457 2291 568 2325 ἀδελφέ.
582 2290 631 2322 Τίς
652 2294 705 2326 γὰρ
719 2292 857 2327 καυχήσε-
873 2307 898 2337 D

54 2347 99 2365 ται
113 2338 203 2374 ἁγνὴν
217 2338 291 2373 ἔχειν
310 2337 358 2373 τὴν
371 2337 501 2373 καρίίανς
517 2337 532 2372 ἢ
546 2337 588 2368 τίς
604 2337 724 2374 καθαρὸς
738 2338 791 2364 ἀπὸ
809 2339 857 2373 ρύ-

55 2394 122 2416 που,
138 2385 177 2415 ὡς
202 2384 378 2418 γέγραπται,
395 2383 447 2410 κᾶν
475 2383 541 2417 μίαν
564 2381 672 2417 ἡμέραν
698 2383 857 2422 ἐνδιατρίῲῃ

55 2432 93 2466 τῷ
114 2431 185 2466 βίῳς
201 2431 232 2456 τὸ
251 2429 301 2464 μὲν
322 2428 359 2456 ὥν
376 2429 430 2455 ἀπὸ
455 2429 504 2462 τῆς
523 2429 692 2463 προγονικῆς
717 2429 857 2463 ἁμαρτίας

56 2477 236 2512 ἁμαρτωλὸς,
268 2475 298 2501 τὸ
313 2475 341 2502 δὲ
366 2477 414 2502 καὶ
430 2475 581 2508 φωτισοεὶς
604 2474 643 2510 τῷ
669 2475 855 2510 βαπτίσματι,

56 2525 140 2555 εὐθὺς
160 2524 208 2549 καὶ
235 2522 309 2548 ἄκων
334 2521 406 2548 κατά
423 2530 449 2547 τι
475 2521 653 2555 περιπίπτων
670 2522 703 2556 τῇ
719 2521 854 2556 ἁμαρτία.

57 2572 95 2597 Τὸ
109 2571 167 2603 γαρ
183 2576 244 2594 τινα
262 2568 344 2602 χάριν
367 2565 462 2592 τούτου
491 2566 686 2601 ἡμαρτηκέναι
712 2566 796 2599 γονέα
812 2575 858 2592 τυ-

57 2617 106 2652 χὸν
123 2616 140 2651 ἧ
158 2615 237 2649 φίλον
253 2614 267 2645 ἢ
281 2612 412 2647 συγγενῆ,
424 2613 493 2648 ὅπερ
508 2612 639 2640 ἀδύνατον
654 2612 691 2647 μὴ
707 2613 856 2646 συμϐῆναι,

58 2664 83 2689 εί
100 2662 152 2688 καὶ
181 2661 211 2687 ὲν
229 2660 326 2695 ἀγνοίᾳ
343 2659 391 2685 τοῦ
420 2659 550 2694 βρέφους,
582 2658 640 2685 ἀλλ’
666 2658 742 2685 αἰτία
760 2658 856 2684 τούτου

59 2707 229 2742 συμϐαίνει·
256 2706 303 2733 καὶ
333 2705 531 2741 προστρίϐεται
558 2704 646 2739 τούτῳ
674 2704 760 2739 ῥύπος
777 2704 857 2736 εὐθὺς

60 2754 109 2781 καὶ
125 2752 292 2788 ἁμάρτημα.
307 2751 424 2777 Ἔπειτα
440 2748 495 2777 καὶ’
509 2751 654 2785 ἄνθρωπος
670 2750 748 2776 τοῦτο
764 2749 854 2784 μόνον,

62 2800 86 2826 εἰ
103 2796 164 2825 καΫ
176 2797 226 2833 τὴν
250 2797 331 2832 χάριν
347 2795 440 2826 ἔλαϐε,
458 2796 506 2822 καὶ
534 2796 568 2822 τὰ
585 2796 635 2830 τῆς
652 2795 756 2830 σαρκὸς
773 2794 856 2826 εὐθὺς

63 2845 143 2880 ζητεῖ
155 2843 305 2879 γεννηθὲν,
319 2844 365 2870 καὶ
382 2842 486 2877 ἀλόγως
507 2843 553 2870 καὶ
567 2842 615 2869 τοῦ
632 2841 732 2869 ἐννοεῖν
759 2841 854 2874 χωρὶς,

905 1695 1011 1730 lapsum
1038 1698 1195 1733 rcceptione
1210 1707 1270 1732 sua,
1287 1700 1377 1735 lapsos
1403 1701 1566 1736 pmiiitentes
1582 1703 1704 1738 recipere

904 1740 1033 1773 disceret,
1048 1742 1173 1777 idemque
1189 1751 1252 1771 cum
1270 1745 1481 1779 ipso-discerent
1494 1754 1589 1774 omnes
1605 1746 1700 1775 Eccle-

905 1787 952 1814 sia:
968 1793 1103 1822 pastores.
1115 1789 1212 1818 Nullus
1231 1792 1304 1818 enim
1317 1792 1430 1818 omnino
1443 1792 1524 1819 homo
1537 1797 1580 1820 est
1593 1793 1636 1828 qui
1647 1801 1701 1821 non

906 1839 1010 1867 peccet,
1031 1836 1190 1871 primusque
1203 1845 1264 1871 ego.
1279 1841 1305 1864 et
1317 1845 1400 1872 super
1415 1845 1512 1867 omnes
1530 1839 1623 1867 ﬁdeles
1639 1847 1703 1874 pec—

905 1880 976 1912 cavi,
994 1882 1156 1915 veniamque
1171 1887 1197 1910 et
1214 1886 1330 1910 salutem
1347 1885 1466 1918 postulo.

943 1925 1072 1954 Clericus.
1094 1928 1181 1960 Quam
1201 1937 1264 1956 vere
1281 1937 1377 1956 omnes
1395 1930 1475 1964 hujus
1492 1932 1580 1959 venia)
1595 1931 1700 1966 indige-

907 1971 978 2006 fnus,
996 1980 1056 2000 cum
1076 1981 1171 2002 omnes
1185 1975 1315 2003 continuo
1328 1977 1479 2008 peccemus!

1188 2075 1303 2103 CAPUT
1322 2075 1409 2104 CCLI.

908 2132 974 2160 Ense
986 2135 1177 2167 pertinentium.
1203 2134 1300 2168 siquis
1321 2135 1485 2160 continenter
1516 2133 1637 2160 humi/iet
1664 2141 1704 2160 se-

945 2169 1030 2200 ipsum
1049 2177 1125 2203 seque
1136 2169 1232 2196 habeat
1242 2174 1402 2203 peccatore»:
1415 2178 1445 2196 ac
1457 2170 1659 2204 proﬁteatur.¢t
1668 2169 1704 2195 ad

944 2205 1136 2239 confessionem
1152 2209 1282 2238 properet.
1299 2204 1391 2238 Nequa
1403 2213 1560 2239 quamquam
1574 2205 1642 2231 inter
1654 2204 1699 2230 lio-

946 2239 1028 2266 mines
1045 2248 1100 2266 esse
1116 2248 1238 2273 puruma
1253 2244 1380 2274 peccans.

950 2284 1191 2319 Episcopus.\’erc,
1210 2285 1378 2318 lrater.Quis
1399 2286 1471 2313 enini
1494 2285 1654 2319 gloriabitur
1675 2293 1704 2311 se

913 2339 960 2358 cor
973 2331 1074 2358 habere
1085 2332 1196 2365 purum?
1206 2333 1248 2360 vel
1258 2332 1318 2367 quis
1335 2333 1370 2359 ab
1385 2332 1457 2359 omni
1474 2331 1555 2359 sorde
1568 2338 1664 2365 purus,
1676 2335 1705 2357 ut

912 2377 1055 2409 scribitur,
1073 2377 1136 2404 licet
1153 2378 1223 2405 diem
1242 2386 1325 2405 unum
1347 2378 1408 2404 vitre
1438 2376 1603 2412 impenderit
1619 2376 1629 2402 ἳ
1646 2377 1703 2403 sive

913 2425 1105 2452 consideretur
1126 2424 1161 2451 ob
1187 2427 1329 2458 peccatum
1356 2423 1486 2458 originale
1497 2425 1634 2456 peccator,
1647 2422 1704 2449 sive

912 2471 1048 2504 baptismo
1063 2470 1243 2500 illuiiiinatus,
1252 2469 1356 2502 statim,
1368 2468 1429 2495 licet
1438 2468 1551 2501 invitus,
1560 2467 1586 2495 in
1594 2468 1703 2502 aliquod

913 2521 1054 2551 peceatum
1069 2515 1204 2542 inciderit.
1228 2514 1298 2542 Fieri
1314 2515 1386 2541 cnim
1405 2521 1458 2540 non
1473 2518 1560 2549 potest
1574 2518 1603 2541 ut
1619 2514 1661 2540 vel
1676 2514 1705 2541 in

913 2561 1036 2589 infantia:
1050 2562 1204 2595 ignorantia
1220 2569 1274 2588 non
1291 2561 1436 2596 aliquando
1451 2561 1589 2594 conlingat
1600 2560 1640 2587 vel
1658 2568 1704 2594 pa-

913 2614 992 2640 trem,
1004 2608 1044 2636 rel
1058 2608 1188 2639 amicum,
1201 2607 1240 2634 vel
1250 2611 1395 2642 cognatum
1409 2606 1525 2640 aliquem
1539 2605 1612 2632 illius
1621 2613 1704 2632 causa

911 2661 1050 2689 peccasse.
1070 2652 1122 2680 Sed
1149 2653 1228 2679 istius
1246 2653 1284 2685 rei
1314 2660 1397 2679 causa
1422 2652 1555 2687 contingit
1571 2656 1599 2678 ut
1614 2652 1704 2679 statim

915 2701 953 2727 illi
967 2700 1072 2727 macula
1087 2704 1113 2726 et
1130 2702 1271 2734 peccatum
1293 2699 1438 2731 tribuatur,
1453 2706 1515 2726 cum
1534 2698 1626 2730 homo,
1642 2698 1705 2729 licet

914 2746 1028 2781 gratiam
1059 2745 1207 2779 arccperit,
1236 2744 1270 2770 ob
1299 2745 1350 2770 hoc
1377 2743 1466 2770 solum
1485 2749 1512 2770 et
1528 2751 1588 2780 qum
1613 2745 1704 2771 carnis

913 2796 988 2822 sunt,
1009 2791 1101 2818 statim
1115 2798 1147 2817 ac
1170 2794 1315 2824 generatus
1333 2795 1373 2817 est
1394 2789 1581 2824 imprudenter
1594 2793 1620 2816 et
1644 2789 1704 2816 sine

912 2843 1002 2866 mente
1028 2842 1133 2872 quzcrat
1146 2841 1300 2870 etappetat.
1317 2835 1371 2864 [loc
1388 2841 1476 2864 autem
1490 2843 1522 2863 ex
1550 2840 1704 2868 transgres-
