  <div class='ocr_page' id='page_1' title='image "/cluster/home/n/w/nwhite01/storage/ocr_20150623/155/njp.32101010943494/328.png"; bbox 0 0 1938 3044; ppageno 0'>
   <div class='ocr_carea' id='block_1_1' title="bbox 57 99 117 131">
    <p class='ocr_par' dir='ltr' id='par_1_1' title="bbox 57 99 117 131">
     <span class='ocr_line' id='line_1_1' title="bbox 57 99 117 131; baseline 0 0"><span class='ocrx_word' id='word_1_1' title='bbox 57 99 117 131; x_wconf 81' lang='grc'><strong>561</strong></span> 
     </span>
    </p>
   </div>
   <div class='ocr_carea' id='block_1_2' title="bbox 680 103 1140 140">
    <p class='ocr_par' dir='ltr' id='par_1_2' title="bbox 680 103 1140 140">
     <span class='ocr_line' id='line_1_2' title="bbox 680 103 1140 140; baseline 0.011 -6"><span class='ocrx_word' id='word_1_2' title='bbox 680 103 729 134; x_wconf 86' lang='lat' dir='ltr'><strong>DE</strong></span> <span class='ocrx_word' id='word_1_3' title='bbox 751 105 868 135; x_wconf 79' lang='lat' dir='ltr'><strong>SACRA</strong></span> <span class='ocrx_word' id='word_1_4' title='bbox 890 103 1140 140; x_wconf 76' lang='lat' dir='ltr'><strong>PRECATIONE.</strong></span> 
     </span>
    </p>
   </div>
   <div class='ocr_carea' id='block_1_3' title="bbox 1675 108 1725 139">
    <p class='ocr_par' dir='ltr' id='par_1_3' title="bbox 1675 108 1725 139">
     <span class='ocr_line' id='line_1_3' title="bbox 1675 108 1725 139; baseline -0.02 0"><span class='ocrx_word' id='word_1_5' title='bbox 1675 108 1725 139; x_wconf 73' lang='lat'><strong>562</strong></span> 
     </span>
    </p>
   </div>
   <div class='ocr_carea' id='block_1_4' title="bbox 57 154 895 198">
    <p class='ocr_par' dir='ltr' id='par_1_4' title="bbox 57 154 882 197">
     <span class='ocr_line' id='line_1_4' title="bbox 57 154 882 197; baseline 0.007 -14"><span class='ocrx_word' id='word_1_6' title='bbox 57 158 196 193; x_wconf 76' lang='grc' dir='ltr'>ἡμέραν</span> <span class='ocrx_word' id='word_1_7' title='bbox 222 158 340 194; x_wconf 79' lang='grc' dir='ltr'>λέγομεν</span> <span class='ocrx_word' id='word_1_8' title='bbox 365 157 485 187; x_wconf 75' lang='grc' dir='ltr'>ἐνταῦθά</span> <span class='ocrx_word' id='word_1_9' title='bbox 500 154 548 191; x_wconf 77' lang='grc' dir='ltr'><strong>τε,</strong></span> <span class='ocrx_word' id='word_1_10' title='bbox 572 159 618 186; x_wconf 61' lang='grc' dir='ltr'><strong>καὶ¹</strong></span> <span class='ocrx_word' id='word_1_11' title='bbox 645 161 677 196; x_wconf 82' lang='grc' dir='ltr'>τῇ</span> <span class='ocrx_word' id='word_1_12' title='bbox 709 161 787 196; x_wconf 86' lang='grc' dir='ltr'>τρίτη</span> <span class='ocrx_word' id='word_1_13' title='bbox 811 161 882 197; x_wconf 75' lang='grc' dir='ltr'><strong>ὥρᾳ.</strong></span> 
     </span>
    </p>
   </div>
   <div class='ocr_carea' id='block_1_5' title="bbox 947 154 1724 198">
    <p class='ocr_par' dir='ltr' id='par_1_5' title="bbox 949 162 1724 198">
     <span class='ocr_line' id='line_1_5' title="bbox 949 162 1724 198; baseline 0 -10"><span class='ocrx_word' id='word_1_14' title='bbox 949 169 978 188; x_wconf 85' lang='lat' dir='ltr'><strong>er</strong></span> <span class='ocrx_word' id='word_1_15' title='bbox 1009 162 1036 189; x_wconf 92' lang='lat' dir='ltr'><strong>in</strong></span> <span class='ocrx_word' id='word_1_16' title='bbox 1067 163 1110 191; x_wconf 87' lang='lat' dir='ltr'><strong>die</strong></span> <span class='ocrx_word' id='word_1_17' title='bbox 1133 165 1303 192; x_wconf 80' lang='lat' dir='ltr'><strong>recitamus:</strong></span> <span class='ocrx_word' id='word_1_18' title='bbox 1325 171 1396 190; x_wconf 94' lang='lat' dir='ltr'><strong>nunc</strong></span> <span class='ocrx_word' id='word_1_19' title='bbox 1423 164 1532 198; x_wconf 87' lang='lat' dir='ltr'><strong>quidem</strong></span> <span class='ocrx_word' id='word_1_20' title='bbox 1559 170 1591 190; x_wconf 88' lang='lat' dir='ltr'><strong>ac</strong></span> <span class='ocrx_word' id='word_1_21' title='bbox 1607 163 1633 190; x_wconf 92' lang='lat' dir='ltr'><strong>in</strong></span> <span class='ocrx_word' id='word_1_22' title='bbox 1658 162 1724 189; x_wconf 87' lang='lat' dir='ltr'><strong>hora</strong></span> 
     </span>
    </p>
   </div>
   <div class='ocr_carea' id='block_1_6' title="bbox 61 206 883 242">
    <p class='ocr_par' dir='ltr' id='par_1_6' title="bbox 61 206 883 242">
     <span class='ocr_line' id='line_1_6' title="bbox 61 206 883 242; baseline 0.002 -10"><span class='ocrx_word' id='word_1_23' title='bbox 61 207 121 233; x_wconf 67' lang='grc' dir='ltr'>καὶ</span> <span class='ocrx_word' id='word_1_24' title='bbox 143 206 184 240; x_wconf 78' lang='grc' dir='ltr'>τῇ</span> <span class='ocrx_word' id='word_1_25' title='bbox 204 206 260 232; x_wconf 85' lang='grc' dir='ltr'><strong>τῶν</strong></span> <span class='ocrx_word' id='word_1_26' title='bbox 272 206 445 233; x_wconf 70' lang='grc' dir='ltr'>ἀποδειπνων</span> <span class='ocrx_word' id='word_1_27' title='bbox 456 206 608 242; x_wconf 78' lang='grc' dir='ltr'>δοξολογὶᾳ,</span> <span class='ocrx_word' id='word_1_28' title='bbox 632 207 693 241; x_wconf 78' lang='grc' dir='ltr'>ἥτις</span> <span class='ocrx_word' id='word_1_29' title='bbox 726 209 773 234; x_wconf 76' lang='grc' dir='ltr'>καὶ</span> <span class='ocrx_word' id='word_1_30' title='bbox 807 208 883 242; x_wconf 76' lang='grc' dir='ltr'>παρὰ</span> 
     </span>
    </p>
   </div>
   <div class='ocr_carea' id='block_1_7' title="bbox 64 252 885 288">
    <p class='ocr_par' dir='ltr' id='par_1_7' title="bbox 64 252 885 288">
     <span class='ocr_line' id='line_1_7' title="bbox 64 252 885 288; baseline -0.001 -9"><span class='ocrx_word' id='word_1_31' title='bbox 64 254 133 283; x_wconf 69' lang='grc' dir='ltr'>τιῖς</span> <span class='ocrx_word' id='word_1_32' title='bbox 153 252 290 283; x_wconf 79' lang='grc' dir='ltr'><strong>παλαιοῖς</strong></span> <span class='ocrx_word' id='word_1_33' title='bbox 309 252 428 288; x_wconf 75' lang='grc' dir='ltr'>ᾀδομένη</span> <span class='ocrx_word' id='word_1_34' title='bbox 457 252 626 286; x_wconf 80' lang='grc' dir='ltr'>εὑρίσκεται,</span> <span class='ocrx_word' id='word_1_35' title='bbox 660 252 697 284; x_wconf 81' lang='grc' dir='ltr'>ὡς</span> <span class='ocrx_word' id='word_1_36' title='bbox 724 253 770 280; x_wconf 78' lang='grc' dir='ltr'><strong>καὶ</strong></span> <span class='ocrx_word' id='word_1_37' title='bbox 796 253 824 279; x_wconf 73' lang='grc' dir='ltr'>ἐν</span> <span class='ocrx_word' id='word_1_38' title='bbox 851 254 885 288; x_wconf 81' lang='grc' dir='ltr'>τῇ</span> 
     </span>
    </p>
   </div>
   <div class='ocr_carea' id='block_1_8' title="bbox 69 297 888 333">
    <p class='ocr_par' dir='ltr' id='par_1_8' title="bbox 69 297 888 333">
     <span class='ocr_line' id='line_1_8' title="bbox 69 297 888 333; baseline 0.001 -9"><span class='ocrx_word' id='word_1_39' title='bbox 69 298 206 332; x_wconf 66' lang='grc' dir='ltr'>ἀθλήσει</span> <span class='ocrx_word' id='word_1_40' title='bbox 227 298 275 324; x_wconf 78' lang='grc' dir='ltr'><strong>τοῦ</strong></span> <span class='ocrx_word' id='word_1_41' title='bbox 299 297 546 333; x_wconf 81' lang='grc' dir='ltr'>μεγαλομάρτυρος</span> <span class='ocrx_word' id='word_1_42' title='bbox 561 299 730 333; x_wconf 82' lang='grc' dir='ltr'>Εὑστρατίου</span> <span class='ocrx_word' id='word_1_43' title='bbox 752 299 793 331; x_wconf 85' lang='grc' dir='ltr'><strong>τδ,</strong></span> <span class='ocrx_word' id='word_1_44' title='bbox 809 308 818 324; x_wconf 84' lang='lat' dir='ltr'><strong>t</strong></span> <span class='ocrx_word' id='word_1_45' title='bbox 837 299 888 325; x_wconf 80' lang='grc' dir='ltr'><strong>Δέ-</strong></span> 
     </span>
    </p>
   </div>
   <div class='ocr_carea' id='block_1_9' title="bbox 69 343 886 380">
    <p class='ocr_par' dir='ltr' id='par_1_9' title="bbox 69 343 886 380">
     <span class='ocr_line' id='line_1_9' title="bbox 69 343 886 380; baseline 0.001 -10"><span class='ocrx_word' id='word_1_46' title='bbox 69 352 176 377; x_wconf 69' lang='lat' dir='ltr'><strong>crqu</strong></span> <span class='ocrx_word' id='word_1_47' title='bbox 191 344 244 370; x_wconf 67' lang='lat' dir='ltr'><strong>8e!</strong></span> <span class='ocrx_word' id='word_1_48' title='bbox 261 345 351 380; x_wconf 81' lang='grc' dir='ltr'><strong>Πάτερ</strong></span> <span class='ocrx_word' id='word_1_49' title='bbox 367 345 568 380; x_wconf 78' lang='grc' dir='ltr'>παντοκράτορ,</span> <span class='ocrx_word' id='word_1_50' title='bbox 585 343 672 379; x_wconf 85' lang='grc' dir='ltr'>Κύριε</span> <span class='ocrx_word' id='word_1_51' title='bbox 699 345 748 372; x_wconf 73' lang='grc' dir='ltr'><strong>Υιι</strong></span> <span class='ocrx_word' id='word_1_52' title='bbox 773 353 886 379; x_wconf 79' lang='grc' dir='ltr'>μονογε-</span> 
     </span>
    </p>
   </div>
   <div class='ocr_carea' id='block_1_10' title="bbox 69 390 882 427">
    <p class='ocr_par' dir='ltr' id='par_1_10' title="bbox 69 390 882 427">
     <span class='ocr_line' id='line_1_10' title="bbox 69 390 882 427; baseline 0 -9"><span class='ocrx_word' id='word_1_53' title='bbox 69 391 122 418; x_wconf 71' lang='grc' dir='ltr'>νὲς</span> <span class='ocrx_word' id='word_1_54' title='bbox 147 390 245 424; x_wconf 81' lang='grc' dir='ltr'>Ἰησοῦ</span> <span class='ocrx_word' id='word_1_55' title='bbox 261 391 377 427; x_wconf 80' lang='grc' dir='ltr'>Χριστὲ,</span> <span class='ocrx_word' id='word_1_56' title='bbox 397 391 446 418; x_wconf 82' lang='grc' dir='ltr'>καὶ</span> <span class='ocrx_word' id='word_1_57' title='bbox 460 392 538 425; x_wconf 70' lang='grc' dir='ltr'>ἅγιον</span> <span class='ocrx_word' id='word_1_58' title='bbox 550 390 676 426; x_wconf 81' lang='grc' dir='ltr'><strong>Πνεῦμα,</strong></span> <span class='ocrx_word' id='word_1_59' title='bbox 695 391 744 426; x_wconf 89' lang='grc' dir='ltr'>μία</span> <span class='ocrx_word' id='word_1_60' title='bbox 770 391 882 427; x_wconf 84' lang='grc' dir='ltr'>Θεότης.</span> 
     </span>
    </p>
   </div>
   <div class='ocr_carea' id='block_1_11' title="bbox 75 435 886 471">
    <p class='ocr_par' dir='ltr' id='par_1_11' title="bbox 75 435 886 471">
     <span class='ocr_line' id='line_1_11' title="bbox 75 435 886 471; baseline 0.004 -11"><span class='ocrx_word' id='word_1_61' title='bbox 75 435 132 470; x_wconf 73' lang='grc' dir='ltr'>μίει</span> <span class='ocrx_word' id='word_1_62' title='bbox 155 435 287 470; x_wconf 80' lang='grc' dir='ltr'>δύναμις,</span> <span class='ocrx_word' id='word_1_63' title='bbox 307 445 315 462; x_wconf 80' lang='grc' dir='ltr'>ι</span> <span class='ocrx_word' id='word_1_64' title='bbox 334 436 381 462; x_wconf 80' lang='grc' dir='ltr'>καὶ</span> <span class='ocrx_word' id='word_1_65' title='bbox 406 436 440 463; x_wconf 79' lang='grc' dir='ltr'>τὰ</span> <span class='ocrx_word' id='word_1_66' title='bbox 470 437 545 470; x_wconf 79' lang='grc' dir='ltr'><strong>ἑξῆς.</strong></span> <span class='ocrx_word' id='word_1_67' title='bbox 569 437 679 471; x_wconf 80' lang='grc' dir='ltr'><strong>Ταύτης</strong></span> <span class='ocrx_word' id='word_1_68' title='bbox 702 437 886 471; x_wconf 83' lang='grc' dir='ltr'>τελεσθείσης.</span> 
     </span>
    </p>
   </div>
   <div class='ocr_carea' id='block_1_12' title="bbox 72 480 886 516">
    <p class='ocr_par' dir='ltr' id='par_1_12' title="bbox 72 480 886 516">
     <span class='ocr_line' id='line_1_12' title="bbox 72 480 886 516; baseline 0.002 -10"><span class='ocrx_word' id='word_1_69' title='bbox 72 480 130 506; x_wconf 75' lang='grc' dir='ltr'>καὶ</span> <span class='ocrx_word' id='word_1_70' title='bbox 150 480 185 506; x_wconf 79' lang='grc' dir='ltr'>τὸ</span> <span class='ocrx_word' id='word_1_71' title='bbox 208 480 304 515; x_wconf 79' lang='grc' dir='ltr'>ὥσπερ</span> <span class='ocrx_word' id='word_1_72' title='bbox 323 480 460 516; x_wconf 87' lang='grc' dir='ltr'>μεσώριον</span> <span class='ocrx_word' id='word_1_73' title='bbox 474 481 588 515; x_wconf 87' lang='grc' dir='ltr'>λέγεται</span> <span class='ocrx_word' id='word_1_74' title='bbox 601 481 649 508; x_wconf 80' lang='grc' dir='ltr'>τοῦ</span> <span class='ocrx_word' id='word_1_75' title='bbox 677 480 886 515; x_wconf 83' lang='grc' dir='ltr'>μεσονυκτικοῦ,</span> 
     </span>
    </p>
   </div>
   <div class='ocr_carea' id='block_1_13' title="bbox 74 524 887 561">
    <p class='ocr_par' dir='ltr' id='par_1_13' title="bbox 74 524 887 561">
     <span class='ocr_line' id='line_1_13' title="bbox 74 524 887 561; baseline 0.004 -11"><span class='ocrx_word' id='word_1_76' title='bbox 74 524 163 551; x_wconf 80' lang='grc' dir='ltr'>καθά</span> <span class='ocrx_word' id='word_1_77' title='bbox 173 533 251 556; x_wconf 70' lang='grc' dir='ltr'>τινες</span> <span class='ocrx_word' id='word_1_78' title='bbox 266 526 373 552; x_wconf 79' lang='grc' dir='ltr'><strong>ποιοῦσι</strong></span> <span class='ocrx_word' id='word_1_79' title='bbox 387 527 435 553; x_wconf 79' lang='grc' dir='ltr'>καὶ</span> <span class='ocrx_word' id='word_1_80' title='bbox 452 526 482 552; x_wconf 79' lang='grc' dir='ltr'><strong>εν</strong></span> <span class='ocrx_word' id='word_1_81' title='bbox 495 528 556 557; x_wconf 75' lang='grc' dir='ltr'>ταῖς</span> <span class='ocrx_word' id='word_1_82' title='bbox 586 527 641 553; x_wconf 82' lang='grc' dir='ltr'><strong>τῶν</strong></span> <span class='ocrx_word' id='word_1_83' title='bbox 667 527 748 561; x_wconf 84' lang='grc' dir='ltr'>ὡρῶν</span> <span class='ocrx_word' id='word_1_84' title='bbox 775 526 887 553; x_wconf 80' lang='grc' dir='ltr'>ἀκολου-</span> 
     </span>
    </p>
   </div>
   <div class='ocr_carea' id='block_1_14' title="bbox 76 563 888 606">
    <p class='ocr_par' dir='ltr' id='par_1_14' title="bbox 76 563 888 606">
     <span class='ocr_line' id='line_1_14' title="bbox 76 563 888 606; baseline 0.004 -10"><span class='ocrx_word' id='word_1_85' title='bbox 76 570 176 602; x_wconf 80' lang='grc' dir='ltr'>θίαις.</span> <span class='ocrx_word' id='word_1_86' title='bbox 202 571 274 597; x_wconf 77' lang='grc' dir='ltr'>Ἀλλ’</span> <span class='ocrx_word' id='word_1_87' title='bbox 288 572 386 598; x_wconf 75' lang='grc' dir='ltr'>ἐκεῖνοι</span> <span class='ocrx_word' id='word_1_88' title='bbox 402 563 451 606; x_wconf 78' lang='grc' dir='ltr'>μὲν</span> <span class='ocrx_word' id='word_1_89' title='bbox 467 573 504 603; x_wconf 87' lang='grc' dir='ltr'>ὡς</span> <span class='ocrx_word' id='word_1_90' title='bbox 520 571 634 606; x_wconf 72' lang='grc' dir='ltr'>θελητδν</span> <span class='ocrx_word' id='word_1_91' title='bbox 655 573 747 605; x_wconf 76' lang='grc' dir='ltr'>αὐτοῖς</span> <span class='ocrx_word' id='word_1_92' title='bbox 778 572 816 604; x_wconf 86' lang='grc' dir='ltr'>ὡς</span> <span class='ocrx_word' id='word_1_93' title='bbox 842 573 888 599; x_wconf 74' lang='grc' dir='ltr'><strong>καὶ</strong></span> 
     </span>
    </p>
   </div>
   <div class='ocr_carea' id='block_1_15' title="bbox 76 615 888 654">
    <p class='ocr_par' dir='ltr' id='par_1_15' title="bbox 76 615 888 654">
     <span class='ocr_line' id='line_1_15' title="bbox 76 615 888 654; baseline 0.001 -11"><span class='ocrx_word' id='word_1_94' title='bbox 76 617 175 648; x_wconf 78' lang='grc' dir='ltr'>ἄλλας</span> <span class='ocrx_word' id='word_1_95' title='bbox 205 615 367 649; x_wconf 59' lang='lat' dir='ltr'><strong>holconia;</strong></span> <span class='ocrx_word' id='word_1_96' title='bbox 388 618 532 654; x_wconf 76' lang='grc' dir='ltr'><strong>προθυμίᾳ</strong></span> <span class='ocrx_word' id='word_1_97' title='bbox 555 618 661 645; x_wconf 77' lang='grc' dir='ltr'><strong>ἑαυτῶν</strong></span> <span class='ocrx_word' id='word_1_98' title='bbox 683 618 731 645; x_wconf 79' lang='grc' dir='ltr'>καὶ</span> <span class='ocrx_word' id='word_1_99' title='bbox 753 618 888 653; x_wconf 78' lang='grc' dir='ltr'><strong>διακρίσει</strong></span> 
     </span>
    </p>
   </div>
   <div class='ocr_carea' id='block_1_16' title="bbox 78 663 888 698">
    <p class='ocr_par' dir='ltr' id='par_1_16' title="bbox 78 663 888 698">
     <span class='ocr_line' id='line_1_16' title="bbox 78 663 888 698; baseline 0.002 -10"><span class='ocrx_word' id='word_1_100' title='bbox 78 663 225 697; x_wconf 74' lang='grc' dir='ltr'>Πατέρων</span> <span class='ocrx_word' id='word_1_101' title='bbox 238 663 463 698; x_wconf 83' lang='grc' dir='ltr'>διενεργείτωσαν</span> <span class='ocrx_word' id='word_1_102' title='bbox 477 671 484 677; x_wconf 90' lang='grc'><strong>·</strong></span> <span class='ocrx_word' id='word_1_103' title='bbox 515 663 550 690; x_wconf 76' lang='grc' dir='ltr'>τὰ</span> <span class='ocrx_word' id='word_1_104' title='bbox 578 663 762 698; x_wconf 80' lang='grc' dir='ltr'><strong>νενομισμένα</strong></span> <span class='ocrx_word' id='word_1_105' title='bbox 781 663 810 690; x_wconf 72' lang='grc' dir='ltr'><strong>δέ</strong></span> <span class='ocrx_word' id='word_1_106' title='bbox 834 664 888 690; x_wconf 81' lang='grc' dir='ltr'>εἰσι</span> 
     </span>
    </p>
   </div>
   <div class='ocr_carea' id='block_1_17' title="bbox 78 707 887 744">
    <p class='ocr_par' dir='ltr' id='par_1_17' title="bbox 78 707 887 744">
     <span class='ocr_line' id='line_1_17' title="bbox 78 707 887 744; baseline 0.002 -11"><span class='ocrx_word' id='word_1_107' title='bbox 78 707 192 735; x_wconf 78' lang='grc' dir='ltr'>ταῦτα.</span> <span class='ocrx_word' id='word_1_108' title='bbox 217 707 292 742; x_wconf 80' lang='grc' dir='ltr'><strong>Ἐγὼ</strong></span> <span class='ocrx_word' id='word_1_109' title='bbox 304 708 332 734; x_wconf 80' lang='grc' dir='ltr'>δὲ</span> <span class='ocrx_word' id='word_1_110' title='bbox 348 708 427 735; x_wconf 77' lang='grc' dir='ltr'>τοῦτο</span> <span class='ocrx_word' id='word_1_111' title='bbox 448 710 530 744; x_wconf 80' lang='grc' dir='ltr'><strong>εὐχὴν</strong></span> <span class='ocrx_word' id='word_1_112' title='bbox 545 709 617 743; x_wconf 80' lang='grc' dir='ltr'><strong>ὑπὲρ</strong></span> <span class='ocrx_word' id='word_1_113' title='bbox 644 710 698 735; x_wconf 88' lang='grc' dir='ltr'><strong>τῶν</strong></span> <span class='ocrx_word' id='word_1_114' title='bbox 723 710 752 737; x_wconf 80' lang='grc' dir='ltr'>ἐν</span> <span class='ocrx_word' id='word_1_115' title='bbox 776 709 887 743; x_wconf 79' lang='grc' dir='ltr'>Χριστῷ</span> 
     </span>
    </p>
   </div>
   <div class='ocr_carea' id='block_1_18' title="bbox 79 755 886 790">
    <p class='ocr_par' dir='ltr' id='par_1_18' title="bbox 79 755 886 790">
     <span class='ocr_line' id='line_1_18' title="bbox 79 755 886 790; baseline 0.001 -9"><span class='ocrx_word' id='word_1_116' title='bbox 79 755 268 782; x_wconf 70' lang='grc' dir='ltr'>ἁπελθὸντων</span> <span class='ocrx_word' id='word_1_117' title='bbox 303 756 407 790; x_wconf 75' lang='grc' dir='ltr'>νομίζω</span> <span class='ocrx_word' id='word_1_118' title='bbox 438 756 637 783; x_wconf 65' lang='grc' dir='ltr'><strong>συντεθεῖσθαι.</strong></span> <span class='ocrx_word' id='word_1_119' title='bbox 666 756 732 788; x_wconf 68' lang='grc' dir='ltr'><strong>Διὶ),</strong></span> <span class='ocrx_word' id='word_1_120' title='bbox 763 766 772 782; x_wconf 88' lang='grc'><strong><em>‹</em></strong></span> <span class='ocrx_word' id='word_1_121' title='bbox 792 756 886 787; x_wconf 84' lang='grc' dir='ltr'>Δεῦτε.</span> 
     </span>
    </p>
   </div>
   <div class='ocr_carea' id='block_1_19' title="bbox 80 800 886 837">
    <p class='ocr_par' dir='ltr' id='par_1_19' title="bbox 80 800 886 837">
     <span class='ocr_line' id='line_1_19' title="bbox 80 800 886 837; baseline 0 -10"><span class='ocrx_word' id='word_1_122' title='bbox 80 803 342 836; x_wconf 75' lang='grc' dir='ltr'>προσκυνήσωμεν,</span> <span class='ocrx_word' id='word_1_123' title='bbox 363 811 372 827; x_wconf 72' lang='grc' dir='ltr'>ι</span> <span class='ocrx_word' id='word_1_124' title='bbox 389 800 466 833; x_wconf 84' lang='grc' dir='ltr'>αὖθις</span> <span class='ocrx_word' id='word_1_125' title='bbox 491 802 606 837; x_wconf 83' lang='grc' dir='ltr'>λέγομεν</span> <span class='ocrx_word' id='word_1_126' title='bbox 635 802 701 836; x_wconf 78' lang='grc' dir='ltr'>μετὰ</span> <span class='ocrx_word' id='word_1_127' title='bbox 711 801 761 836; x_wconf 82' lang='grc' dir='ltr'>τὴν</span> <span class='ocrx_word' id='word_1_128' title='bbox 793 801 886 835; x_wconf 72' lang='grc' dir='ltr'>εὐχὴν,</span> 
     </span>
    </p>
   </div>
   <div class='ocr_carea' id='block_1_20' title="bbox 81 847 887 883">
    <p class='ocr_par' dir='ltr' id='par_1_20' title="bbox 81 847 887 883">
     <span class='ocr_line' id='line_1_20' title="bbox 81 847 887 883; baseline 0 -9"><span class='ocrx_word' id='word_1_129' title='bbox 81 847 136 874; x_wconf 74' lang='grc' dir='ltr'>καὶ</span> <span class='ocrx_word' id='word_1_130' title='bbox 149 847 202 873; x_wconf 84' lang='grc' dir='ltr'><strong>δύο</strong></span> <span class='ocrx_word' id='word_1_131' title='bbox 225 847 362 882; x_wconf 79' lang='grc' dir='ltr'>ψαλμοὺς.</span> <span class='ocrx_word' id='word_1_132' title='bbox 379 848 428 874; x_wconf 75' lang='grc' dir='ltr'>καὶ</span> <span class='ocrx_word' id='word_1_133' title='bbox 443 847 612 883; x_wconf 82' lang='grc' dir='ltr'><strong>Τρισαργιου</strong></span> <span class='ocrx_word' id='word_1_134' title='bbox 631 848 724 883; x_wconf 81' lang='grc' dir='ltr'>εὐχὴν,</span> <span class='ocrx_word' id='word_1_135' title='bbox 745 848 791 874; x_wconf 73' lang='grc' dir='ltr'>καὶ</span> <span class='ocrx_word' id='word_1_136' title='bbox 806 847 887 878; x_wconf 83' lang='grc' dir='ltr'>εὐοὺς</span> 
     </span>
    </p>
   </div>
   <div class='ocr_carea' id='block_1_21' title="bbox 86 893 887 930">
    <p class='ocr_par' dir='ltr' id='par_1_21' title="bbox 86 893 887 930">
     <span class='ocr_line' id='line_1_21' title="bbox 86 893 887 930; baseline -0.002 -9"><span class='ocrx_word' id='word_1_137' title='bbox 86 895 166 929; x_wconf 79' lang='grc' dir='ltr'><strong>ὑπὲρ</strong></span> <span class='ocrx_word' id='word_1_138' title='bbox 196 894 252 920; x_wconf 87' lang='grc' dir='ltr'><strong>τῶν</strong></span> <span class='ocrx_word' id='word_1_139' title='bbox 278 894 490 930; x_wconf 77' lang='grc' dir='ltr'><strong>κεκοιμημένων</strong></span> <span class='ocrx_word' id='word_1_140' title='bbox 514 894 662 928; x_wconf 78' lang='grc' dir='ltr'>τροπάρια,</span> <span class='ocrx_word' id='word_1_141' title='bbox 693 895 732 924; x_wconf 81' lang='grc' dir='ltr'><strong>τὸ,</strong></span> <span class='ocrx_word' id='word_1_142' title='bbox 758 903 767 919; x_wconf 86' lang='lat' dir='ltr'><strong>t</strong></span> <span class='ocrx_word' id='word_1_143' title='bbox 787 893 887 927; x_wconf 82' lang='grc' dir='ltr'>Κύριε,</span> 
     </span>
    </p>
   </div>
   <div class='ocr_carea' id='block_1_22' title="bbox 85 939 888 975">
    <p class='ocr_par' dir='ltr' id='par_1_22' title="bbox 85 939 888 975">
     <span class='ocr_line' id='line_1_22' title="bbox 85 939 888 975; baseline 0 -9"><span class='ocrx_word' id='word_1_144' title='bbox 85 940 220 974; x_wconf 69' lang='grc' dir='ltr'>ἐλέησον,</span> <span class='ocrx_word' id='word_1_145' title='bbox 238 950 248 966; x_wconf 72' lang='grc' dir='ltr'>ι</span> <span class='ocrx_word' id='word_1_146' title='bbox 265 940 427 972; x_wconf 81' lang='grc' dir='ltr'><strong>δωδεκάκις,</strong></span> <span class='ocrx_word' id='word_1_147' title='bbox 447 940 496 966; x_wconf 76' lang='grc' dir='ltr'><strong>καὶ</strong></span> <span class='ocrx_word' id='word_1_148' title='bbox 510 940 560 975; x_wconf 85' lang='grc' dir='ltr'>τὴν</span> <span class='ocrx_word' id='word_1_149' title='bbox 574 940 645 974; x_wconf 78' lang='grc' dir='ltr'><strong>ὑπὲρ</strong></span> <span class='ocrx_word' id='word_1_150' title='bbox 678 939 770 966; x_wconf 77' lang='grc' dir='ltr'>αὐτῶν</span> <span class='ocrx_word' id='word_1_151' title='bbox 793 939 888 974; x_wconf 76' lang='grc' dir='ltr'>εὐχὴν,</span> 
     </span>
    </p>
   </div>
   <div class='ocr_carea' id='block_1_23' title="bbox 87 985 890 1022">
    <p class='ocr_par' dir='ltr' id='par_1_23' title="bbox 87 985 890 1022">
     <span class='ocr_line' id='line_1_23' title="bbox 87 985 890 1022; baseline -0.001 -10"><span class='ocrx_word' id='word_1_152' title='bbox 87 987 131 1019; x_wconf 73' lang='grc' dir='ltr'>τὸ,</span> <span class='ocrx_word' id='word_1_153' title='bbox 156 996 165 1013; x_wconf 76' lang='grc' dir='ltr'>ι</span> <span class='ocrx_word' id='word_1_154' title='bbox 186 986 344 1022; x_wconf 79' lang='grc' dir='ltr'>Μνήσθητι,</span> <span class='ocrx_word' id='word_1_155' title='bbox 361 987 458 1022; x_wconf 81' lang='grc' dir='ltr'>Κύριε,</span> <span class='ocrx_word' id='word_1_156' title='bbox 479 995 488 1012; x_wconf 74' lang='grc' dir='ltr'>ι</span> <span class='ocrx_word' id='word_1_157' title='bbox 503 987 551 1013; x_wconf 70' lang='grc' dir='ltr'>καὶ.</span> <span class='ocrx_word' id='word_1_158' title='bbox 562 987 648 1017; x_wconf 71' lang='grc' dir='ltr'>οὕτως</span> <span class='ocrx_word' id='word_1_159' title='bbox 663 986 794 1017; x_wconf 80' lang='grc' dir='ltr'><strong>ἀπόλυσις</strong></span> <span class='ocrx_word' id='word_1_160' title='bbox 818 985 890 1019; x_wconf 88' lang='grc' dir='ltr'>γίνε-</span> 
     </span>
    </p>
   </div>
   <div class='ocr_carea' id='block_1_24' title="bbox 90 1032 889 1068">
    <p class='ocr_par' dir='ltr' id='par_1_24' title="bbox 90 1032 889 1068">
     <span class='ocr_line' id='line_1_24' title="bbox 90 1032 889 1068; baseline -0.001 -9"><span class='ocrx_word' id='word_1_161' title='bbox 90 1041 154 1059; x_wconf 78' lang='grc' dir='ltr'>ται.</span> <span class='ocrx_word' id='word_1_162' title='bbox 173 1033 338 1066; x_wconf 74' lang='grc' dir='ltr'><strong>Ἂναγκαῖον</strong></span> <span class='ocrx_word' id='word_1_163' title='bbox 351 1033 406 1067; x_wconf 77' lang='grc' dir='ltr'><strong>γὰρ</strong></span> <span class='ocrx_word' id='word_1_164' title='bbox 422 1033 470 1060; x_wconf 72' lang='grc' dir='ltr'>καὶ</span> <span class='ocrx_word' id='word_1_165' title='bbox 485 1033 556 1068; x_wconf 74' lang='grc' dir='ltr'>ὑπὲρ</span> <span class='ocrx_word' id='word_1_166' title='bbox 580 1033 635 1058; x_wconf 88' lang='grc' dir='ltr'><strong>τῶν</strong></span> <span class='ocrx_word' id='word_1_167' title='bbox 659 1032 816 1059; x_wconf 78' lang='grc' dir='ltr'><strong>τεθνεώτων</strong></span> <span class='ocrx_word' id='word_1_168' title='bbox 840 1041 889 1066; x_wconf 87' lang='grc' dir='ltr'>με-</span> 
     </span>
    </p>
   </div>
   <div class='ocr_carea' id='block_1_25' title="bbox 96 1077 890 1114">
    <p class='ocr_par' dir='ltr' id='par_1_25' title="bbox 96 1077 890 1114">
     <span class='ocr_line' id='line_1_25' title="bbox 96 1077 890 1114; baseline -0.003 -9"><span class='ocrx_word' id='word_1_169' title='bbox 96 1079 234 1114; x_wconf 75' lang='grc' dir='ltr'>μνῆσῡαι,</span> <span class='ocrx_word' id='word_1_170' title='bbox 247 1079 289 1106; x_wconf 82' lang='grc' dir='ltr'><strong>ὅτι</strong></span> <span class='ocrx_word' id='word_1_171' title='bbox 300 1080 347 1106; x_wconf 82' lang='grc' dir='ltr'>καὶ</span> <span class='ocrx_word' id='word_1_172' title='bbox 359 1080 440 1114; x_wconf 82' lang='grc' dir='ltr'><strong>ἡμεῖς</strong></span> <span class='ocrx_word' id='word_1_173' title='bbox 465 1079 663 1114; x_wconf 77' lang='grc' dir='ltr'><strong>τεθνηξόμεθα,</strong></span> <span class='ocrx_word' id='word_1_174' title='bbox 693 1078 742 1105; x_wconf 77' lang='grc' dir='ltr'><strong>καὶ</strong></span> <span class='ocrx_word' id='word_1_175' title='bbox 773 1077 890 1113; x_wconf 82' lang='grc' dir='ltr'>μάλιστα</span> 
     </span>
    </p>
   </div>
   <div class='ocr_carea' id='block_1_26' title="bbox 96 1124 891 1159">
    <p class='ocr_par' dir='ltr' id='par_1_26' title="bbox 96 1124 891 1159">
     <span class='ocr_line' id='line_1_26' title="bbox 96 1124 891 1159; baseline -0.001 -8"><span class='ocrx_word' id='word_1_176' title='bbox 96 1125 215 1151; x_wconf 72' lang='grc' dir='ltr'>κατὰτὸ</span> <span class='ocrx_word' id='word_1_177' title='bbox 230 1125 408 1159; x_wconf 81' lang='grc' dir='ltr'><strong>μεσονύκτιον</strong></span> <span class='ocrx_word' id='word_1_178' title='bbox 426 1124 606 1159; x_wconf 74' lang='grc' dir='ltr'><strong>ἐλπιζομένης</strong></span> <span class='ocrx_word' id='word_1_179' title='bbox 631 1125 681 1158; x_wconf 68' lang='grc' dir='ltr'>τῆς</span> <span class='ocrx_word' id='word_1_180' title='bbox 706 1124 760 1150; x_wconf 86' lang='grc' dir='ltr'><strong>τῶν</strong></span> <span class='ocrx_word' id='word_1_181' title='bbox 786 1124 891 1158; x_wconf 82' lang='grc' dir='ltr'><strong>νεκρῶν</strong></span> 
     </span>
    </p>
   </div>
   <div class='ocr_carea' id='block_1_27' title="bbox 94 1170 892 1206">
    <p class='ocr_par' dir='ltr' id='par_1_27' title="bbox 94 1170 892 1206">
     <span class='ocr_line' id='line_1_27' title="bbox 94 1170 892 1206; baseline -0.001 -8"><span class='ocrx_word' id='word_1_182' title='bbox 94 1171 290 1203; x_wconf 74' lang='grc' dir='ltr'><strong>ἀναστάσεως,</strong></span> <span class='ocrx_word' id='word_1_183' title='bbox 308 1172 356 1198; x_wconf 81' lang='grc' dir='ltr'><strong>καὶ</strong></span> <span class='ocrx_word' id='word_1_184' title='bbox 367 1172 439 1206; x_wconf 71' lang='grc' dir='ltr'><strong>ὑπὲρ</strong></span> <span class='ocrx_word' id='word_1_185' title='bbox 453 1172 508 1198; x_wconf 83' lang='grc' dir='ltr'><strong>τῶν</strong></span> <span class='ocrx_word' id='word_1_186' title='bbox 526 1173 598 1198; x_wconf 82' lang='grc' dir='ltr'>κατὰ</span> <span class='ocrx_word' id='word_1_187' title='bbox 615 1172 705 1206; x_wconf 83' lang='grc' dir='ltr'>σάρκα</span> <span class='ocrx_word' id='word_1_188' title='bbox 721 1170 750 1197; x_wconf 82' lang='grc' dir='ltr'><strong>δὲ</strong></span> <span class='ocrx_word' id='word_1_189' title='bbox 782 1171 892 1197; x_wconf 72' lang='grc' dir='ltr'>οἶκείων</span> 
     </span>
    </p>
   </div>
   <div class='ocr_carea' id='block_1_28' title="bbox 95 1217 892 1252">
    <p class='ocr_par' dir='ltr' id='par_1_28' title="bbox 95 1217 892 1252">
     <span class='ocr_line' id='line_1_28' title="bbox 95 1217 892 1252; baseline 0 -9"><span class='ocrx_word' id='word_1_190' title='bbox 95 1218 146 1244; x_wconf 74' lang='grc' dir='ltr'>καὶ</span> <span class='ocrx_word' id='word_1_191' title='bbox 162 1218 277 1244; x_wconf 79' lang='grc' dir='ltr'>πάντων</span> <span class='ocrx_word' id='word_1_192' title='bbox 286 1218 459 1245; x_wconf 78' lang='grc' dir='ltr'><strong>ἀπελθόντων</strong></span> <span class='ocrx_word' id='word_1_193' title='bbox 481 1218 612 1252; x_wconf 74' lang='grc' dir='ltr'>εὔχεσθαι</span> <span class='ocrx_word' id='word_1_194' title='bbox 627 1217 790 1251; x_wconf 73' lang='grc' dir='ltr'>ἀναγκαίως</span> <span class='ocrx_word' id='word_1_195' title='bbox 804 1225 810 1233; x_wconf 92' lang='grc'><strong>·</strong></span> <span class='ocrx_word' id='word_1_196' title='bbox 824 1217 892 1251; x_wconf 79' lang='grc' dir='ltr'><strong>ἀγά-</strong></span> 
     </span>
    </p>
   </div>
   <div class='ocr_carea' id='block_1_29' title="bbox 95 1261 894 1298">
    <p class='ocr_par' dir='ltr' id='par_1_29' title="bbox 95 1261 894 1298">
     <span class='ocr_line' id='line_1_29' title="bbox 95 1261 894 1298; baseline -0.003 -8"><span class='ocrx_word' id='word_1_197' title='bbox 95 1263 219 1298; x_wconf 63' lang='grc' dir='ltr'><strong>ηγάρ.</strong></span> <span class='ocrx_word' id='word_1_198' title='bbox 237 1261 416 1298; x_wconf 78' lang='grc' dir='ltr'><strong>Εῐταὴὑπὲρ</strong></span> <span class='ocrx_word' id='word_1_199' title='bbox 447 1264 558 1290; x_wconf 81' lang='grc' dir='ltr'>πάντων</span> <span class='ocrx_word' id='word_1_200' title='bbox 587 1263 665 1298; x_wconf 79' lang='grc' dir='ltr'>κοινὴ</span> <span class='ocrx_word' id='word_1_201' title='bbox 691 1263 758 1297; x_wconf 80' lang='grc' dir='ltr'><strong>εὐχή</strong></span> <span class='ocrx_word' id='word_1_202' title='bbox 785 1271 815 1289; x_wconf 80' lang='grc' dir='ltr'><strong>τε</strong></span> <span class='ocrx_word' id='word_1_203' title='bbox 845 1262 894 1288; x_wconf 73' lang='grc' dir='ltr'>καὶ</span> 
     </span>
    </p>
   </div>
   <div class='ocr_carea' id='block_1_30' title="bbox 95 1308 895 1345">
    <p class='ocr_par' dir='ltr' id='par_1_30' title="bbox 95 1308 895 1345">
     <span class='ocr_line' id='line_1_30' title="bbox 95 1308 895 1345; baseline -0.001 -10"><span class='ocrx_word' id='word_1_204' title='bbox 95 1308 193 1343; x_wconf 72' lang='grc' dir='ltr'>δέησις</span> <span class='ocrx_word' id='word_1_205' title='bbox 213 1309 330 1343; x_wconf 66' lang='grc' dir='ltr'>γίνεται,</span> <span class='ocrx_word' id='word_1_206' title='bbox 345 1310 392 1336; x_wconf 83' lang='grc' dir='ltr'>τοῦ</span> <span class='ocrx_word' id='word_1_207' title='bbox 411 1310 507 1345; x_wconf 68' lang='grc' dir='ltr'>ἱερέως</span> <span class='ocrx_word' id='word_1_208' title='bbox 541 1309 706 1345; x_wconf 82' lang='grc' dir='ltr'><strong>ἀρχομένου,</strong></span> <span class='ocrx_word' id='word_1_209' title='bbox 734 1309 847 1345; x_wconf 18' lang='grc' dir='ltr'>πάντων,</span> <span class='ocrx_word' id='word_1_210' title='bbox 866 1309 895 1334; x_wconf 70' lang='grc' dir='ltr'><strong>δι</strong></span> 
     </span>
    </p>
   </div>
   <div class='ocr_carea' id='block_1_31' title="bbox 99 1353 896 1390">
    <p class='ocr_par' dir='ltr' id='par_1_31' title="bbox 99 1353 896 1390">
     <span class='ocr_line' id='line_1_31' title="bbox 99 1353 896 1390; baseline 0 -10"><span class='ocrx_word' id='word_1_211' title='bbox 99 1356 311 1390; x_wconf 78' lang='grc' dir='ltr'><strong>συνευχομένων</strong></span> <span class='ocrx_word' id='word_1_212' title='bbox 348 1356 418 1390; x_wconf 82' lang='grc' dir='ltr'><strong>ὑπὲρ</strong></span> <span class='ocrx_word' id='word_1_213' title='bbox 450 1356 504 1382; x_wconf 83' lang='grc' dir='ltr'><strong>τῶν</strong></span> <span class='ocrx_word' id='word_1_214' title='bbox 527 1355 635 1382; x_wconf 77' lang='grc' dir='ltr'><strong>πιστῶν</strong></span> <span class='ocrx_word' id='word_1_215' title='bbox 664 1355 806 1390; x_wconf 81' lang='grc' dir='ltr'>βασιλέων,</span> <span class='ocrx_word' id='word_1_216' title='bbox 842 1353 896 1380; x_wconf 86' lang='grc' dir='ltr'><strong>τῶν</strong></span> 
     </span>
    </p>
   </div>
   <div class='ocr_carea' id='block_1_32' title="bbox 95 1399 896 1436">
    <p class='ocr_par' dir='ltr' id='par_1_32' title="bbox 95 1399 896 1436">
     <span class='ocr_line' id='line_1_32' title="bbox 95 1399 896 1436; baseline 0 -10"><span class='ocrx_word' id='word_1_217' title='bbox 95 1399 248 1433; x_wconf 79' lang='grc' dir='ltr'>ὀρθοδὸξων</span> <span class='ocrx_word' id='word_1_218' title='bbox 259 1400 421 1436; x_wconf 68' lang='grc' dir='ltr'>ἀρχιερέων,</span> <span class='ocrx_word' id='word_1_219' title='bbox 433 1402 480 1427; x_wconf 77' lang='grc' dir='ltr'>τοῦ</span> <span class='ocrx_word' id='word_1_220' title='bbox 494 1401 702 1435; x_wconf 77' lang='grc' dir='ltr'><strong>καθηγουμένου</strong></span> <span class='ocrx_word' id='word_1_221' title='bbox 718 1401 834 1435; x_wconf 75' lang='grc' dir='ltr'>Πιτρὺς,</span> <span class='ocrx_word' id='word_1_222' title='bbox 849 1400 896 1427; x_wconf 81' lang='grc' dir='ltr'>καὶ</span> 
     </span>
    </p>
   </div>
   <div class='ocr_carea' id='block_1_33' title="bbox 98 1445 897 1481">
    <p class='ocr_par' dir='ltr' id='par_1_33' title="bbox 98 1445 897 1481">
     <span class='ocr_line' id='line_1_33' title="bbox 98 1445 897 1481; baseline 0.001 -10"><span class='ocrx_word' id='word_1_223' title='bbox 98 1447 192 1479; x_wconf 66' lang='grc' dir='ltr'>πάι-ης</span> <span class='ocrx_word' id='word_1_224' title='bbox 208 1446 258 1479; x_wconf 84' lang='grc' dir='ltr'>τῆς</span> <span class='ocrx_word' id='word_1_225' title='bbox 270 1447 299 1472; x_wconf 72' lang='grc' dir='ltr'>ὲν</span> <span class='ocrx_word' id='word_1_226' title='bbox 313 1446 512 1481; x_wconf 79' lang='grc' dir='ltr'>Χριστῷήμῶν</span> <span class='ocrx_word' id='word_1_227' title='bbox 528 1446 710 1481; x_wconf 80' lang='grc' dir='ltr'>ὰδελφότητος</span> <span class='ocrx_word' id='word_1_228' title='bbox 726 1445 774 1472; x_wconf 81' lang='grc' dir='ltr'>καὶ</span> <span class='ocrx_word' id='word_1_229' title='bbox 791 1445 897 1472; x_wconf 82' lang='grc' dir='ltr'><strong>λοιπῶν</strong></span> 
     </span>
    </p>
   </div>
   <div class='ocr_carea' id='block_1_34' title="bbox 902 831 925 860">
    <p class='ocr_par' dir='ltr' id='par_1_34' title="bbox 902 831 925 860">
     <span class='ocr_line' id='line_1_34' title="bbox 902 831 925 860; baseline 0 0"><span class='ocrx_word' id='word_1_230' title='bbox 902 831 925 860; x_wconf 86' lang='grc' dir='ltr'><strong><em>Β</em></strong></span> 
     </span>
    </p>
   </div>
   <div class='ocr_carea' id='block_1_35' title="bbox 938 208 1724 244">
    <p class='ocr_par' dir='ltr' id='par_1_35' title="bbox 938 208 1724 244">
     <span class='ocr_line' id='line_1_35' title="bbox 938 208 1724 244; baseline 0 -10"><span class='ocrx_word' id='word_1_231' title='bbox 938 209 1017 235; x_wconf 84' lang='lat' dir='ltr'><strong>tertia</strong></span> <span class='ocrx_word' id='word_1_232' title='bbox 1041 212 1122 243; x_wconf 85' lang='lat' dir='ltr'><strong>atque</strong></span> <span class='ocrx_word' id='word_1_233' title='bbox 1142 209 1168 236; x_wconf 92' lang='lat' dir='ltr'><strong>in</strong></span> <span class='ocrx_word' id='word_1_234' title='bbox 1193 209 1282 237; x_wconf 77' lang='lat' dir='ltr'><strong>oﬂlcio</strong></span> <span class='ocrx_word' id='word_1_235' title='bbox 1302 209 1478 244; x_wconf 85' lang='lat' dir='ltr'><strong>Completorii</strong></span> <span class='ocrx_word' id='word_1_236' title='bbox 1494 208 1566 243; x_wconf 84' lang='lat' dir='ltr'><strong>quod</strong></span> <span class='ocrx_word' id='word_1_237' title='bbox 1582 212 1644 243; x_wconf 89' lang='lat' dir='ltr'><strong>post</strong></span> <span class='ocrx_word' id='word_1_238' title='bbox 1670 214 1724 234; x_wconf 77' lang='lat' dir='ltr'><strong>cte-</strong></span> 
     </span>
    </p>
   </div>
   <div class='ocr_carea' id='block_1_36' title="bbox 939 255 1724 290">
    <p class='ocr_par' dir='ltr' id='par_1_36' title="bbox 939 255 1724 290">
     <span class='ocr_line' id='line_1_36' title="bbox 939 255 1724 290; baseline 0 -10"><span class='ocrx_word' id='word_1_239' title='bbox 939 261 1000 280; x_wconf 86' lang='lat' dir='ltr'><strong>natn</strong></span> <span class='ocrx_word' id='word_1_240' title='bbox 1030 255 1180 290; x_wconf 78' lang='lat' dir='ltr'><strong>peragitur,</strong></span> <span class='ocrx_word' id='word_1_241' title='bbox 1212 263 1273 290; x_wconf 61' lang='lat' dir='ltr'><strong>qua;</strong></span> <span class='ocrx_word' id='word_1_242' title='bbox 1297 256 1378 282; x_wconf 88' lang='lat' dir='ltr'><strong>etiam</strong></span> <span class='ocrx_word' id='word_1_243' title='bbox 1411 255 1446 282; x_wconf 88' lang='lat' dir='ltr'><strong>ab</strong></span> <span class='ocrx_word' id='word_1_244' title='bbox 1466 255 1586 289; x_wconf 81' lang='lat' dir='ltr'><strong>antiquis</strong></span> <span class='ocrx_word' id='word_1_245' title='bbox 1617 258 1724 282; x_wconf 85' lang='lat' dir='ltr'><strong>cantata</strong></span> 
     </span>
    </p>
   </div>
   <div class='ocr_carea' id='block_1_37' title="bbox 940 300 1722 336">
    <p class='ocr_par' dir='ltr' id='par_1_37' title="bbox 940 300 1722 336">
     <span class='ocr_line' id='line_1_37' title="bbox 940 300 1722 336; baseline -0.003 -9"><span class='ocrx_word' id='word_1_246' title='bbox 940 300 1027 328; x_wconf 88' lang='lat' dir='ltr'><strong>fuisse</strong></span> <span class='ocrx_word' id='word_1_247' title='bbox 1051 301 1203 336; x_wconf 57' lang='lat' dir='ltr'><strong>invenitur,</strong></span> <span class='ocrx_word' id='word_1_248' title='bbox 1218 302 1288 330; x_wconf 86' lang='lat' dir='ltr'><strong>sicut</strong></span> <span class='ocrx_word' id='word_1_249' title='bbox 1303 306 1328 329; x_wconf 91' lang='lat' dir='ltr'><strong>et</strong></span> <span class='ocrx_word' id='word_1_250' title='bbox 1345 302 1370 328; x_wconf 94' lang='lat' dir='ltr'><strong>in</strong></span> <span class='ocrx_word' id='word_1_251' title='bbox 1390 309 1475 336; x_wconf 83' lang='lat' dir='ltr'><strong>agone</strong></span> <span class='ocrx_word' id='word_1_252' title='bbox 1489 301 1578 332; x_wconf 62' lang='lat' dir='ltr'><strong>magni</strong></span> <span class='ocrx_word' id='word_1_253' title='bbox 1595 301 1722 335; x_wconf 79' lang='lat' dir='ltr'><strong>martyris</strong></span> 
     </span>
    </p>
   </div>
   <div class='ocr_carea' id='block_1_38' title="bbox 940 340 1725 381">
    <p class='ocr_par' dir='ltr' id='par_1_38' title="bbox 940 340 1725 381">
     <span class='ocr_line' id='line_1_38' title="bbox 940 340 1725 381; baseline -0.001 -8"><span class='ocrx_word' id='word_1_254' title='bbox 940 345 1071 374; x_wconf 90' lang='lat' dir='ltr'><strong>Eustratii</strong></span> <span class='ocrx_word' id='word_1_255' title='bbox 1089 347 1135 381; x_wconf 89' lang='lat' dir='ltr'><strong>qui</strong></span> <span class='ocrx_word' id='word_1_256' title='bbox 1151 347 1258 374; x_wconf 88' lang='lat' dir='ltr'><strong>dicebat</strong></span> <span class='ocrx_word' id='word_1_257' title='bbox 1274 357 1280 375; x_wconf 93' lang='lat'>:</span> <span class='ocrx_word' id='word_1_258' title='bbox 1296 356 1306 373; x_wconf 85' lang='grc'><strong><em>‹</em></strong></span> <span class='ocrx_word' id='word_1_259' title='bbox 1323 340 1437 374; x_wconf 85' lang='lat' dir='ltr'><strong>Domine</strong></span> <span class='ocrx_word' id='word_1_260' title='bbox 1455 347 1527 374; x_wconf 85' lang='lat' dir='ltr'><strong>Deus</strong></span> <span class='ocrx_word' id='word_1_261' title='bbox 1541 347 1621 374; x_wconf 83' lang='lat' dir='ltr'><strong>Pater</strong></span> <span class='ocrx_word' id='word_1_262' title='bbox 1637 347 1725 373; x_wconf 90' lang='lat' dir='ltr'><strong>omni-</strong></span> 
     </span>
    </p>
   </div>
   <div class='ocr_carea' id='block_1_39' title="bbox 938 392 1727 429">
    <p class='ocr_par' dir='ltr' id='par_1_39' title="bbox 938 392 1727 429">
     <span class='ocr_line' id='line_1_39' title="bbox 938 392 1727 429; baseline -0.001 -10"><span class='ocrx_word' id='word_1_263' title='bbox 938 396 1045 426; x_wconf 83' lang='lat' dir='ltr'><strong>potens,</strong></span> <span class='ocrx_word' id='word_1_264' title='bbox 1057 392 1169 420; x_wconf 84' lang='lat' dir='ltr'><strong>Domine</strong></span> <span class='ocrx_word' id='word_1_265' title='bbox 1181 392 1230 420; x_wconf 84' lang='lat' dir='ltr'><strong>Fili</strong></span> <span class='ocrx_word' id='word_1_266' title='bbox 1243 393 1380 429; x_wconf 78' lang='lat' dir='ltr'><strong>unigenite</strong></span> <span class='ocrx_word' id='word_1_267' title='bbox 1394 393 1456 420; x_wconf 86' lang='lat' dir='ltr'><strong>Jesu</strong></span> <span class='ocrx_word' id='word_1_268' title='bbox 1466 393 1585 423; x_wconf 77' lang='lat' dir='ltr'><strong>Christe.</strong></span> <span class='ocrx_word' id='word_1_269' title='bbox 1595 398 1622 420; x_wconf 86' lang='lat' dir='ltr'><strong>et</strong></span> <span class='ocrx_word' id='word_1_270' title='bbox 1633 398 1727 419; x_wconf 81' lang='lat' dir='ltr'><strong>sancte</strong></span> 
     </span>
    </p>
   </div>
   <div class='ocr_carea' id='block_1_40' title="bbox 942 437 1727 472">
    <p class='ocr_par' dir='ltr' id='par_1_40' title="bbox 942 437 1727 472">
     <span class='ocr_line' id='line_1_40' title="bbox 942 437 1727 472; baseline 0 -8"><span class='ocrx_word' id='word_1_271' title='bbox 942 438 1071 472; x_wconf 86' lang='lat' dir='ltr'><strong>Spiritus,</strong></span> <span class='ocrx_word' id='word_1_272' title='bbox 1089 446 1143 466; x_wconf 85' lang='lat' dir='ltr'><strong>una</strong></span> <span class='ocrx_word' id='word_1_273' title='bbox 1160 438 1260 471; x_wconf 81' lang='lat' dir='ltr'><strong>Deitas,</strong></span> <span class='ocrx_word' id='word_1_274' title='bbox 1280 447 1332 466; x_wconf 85' lang='lat' dir='ltr'><strong>una</strong></span> <span class='ocrx_word' id='word_1_275' title='bbox 1350 439 1450 469; x_wconf 79' lang='lat' dir='ltr'><strong>virtus,</strong></span> <span class='ocrx_word' id='word_1_276' title='bbox 1469 449 1478 465; x_wconf 85' lang='grc'><strong>›</strong></span> <span class='ocrx_word' id='word_1_277' title='bbox 1494 443 1522 466; x_wconf 79' lang='grc' dir='ltr'><strong>ει</strong></span> <span class='ocrx_word' id='word_1_278' title='bbox 1537 443 1644 466; x_wconf 72' lang='lat' dir='ltr'><strong>cmtera.</strong></span> <span class='ocrx_word' id='word_1_279' title='bbox 1668 437 1727 470; x_wconf 85' lang='lat' dir='ltr'><strong>Qua</strong></span> 
     </span>
    </p>
   </div>
   <div class='ocr_carea' id='block_1_41' title="bbox 926 481 1726 518">
    <p class='ocr_par' dir='ltr' id='par_1_41' title="bbox 926 481 1726 518">
     <span class='ocr_line' id='line_1_41' title="bbox 926 481 1726 518; baseline -0.001 -8"><span class='ocrx_word' id='word_1_280' title='bbox 926 481 1026 514; x_wconf 84' lang='lat' dir='ltr'><strong>&#39;tinita,</strong></span> <span class='ocrx_word' id='word_1_281' title='bbox 1055 483 1142 511; x_wconf 86' lang='lat' dir='ltr'><strong>media</strong></span> <span class='ocrx_word' id='word_1_282' title='bbox 1162 484 1263 511; x_wconf 88' lang='lat' dir='ltr'><strong>dicitur</strong></span> <span class='ocrx_word' id='word_1_283' title='bbox 1288 484 1368 511; x_wconf 74' lang='lat' dir='ltr'><strong>otiicii</strong></span> <span class='ocrx_word' id='word_1_284' title='bbox 1398 484 1525 511; x_wconf 78' lang='lat' dir='ltr'><strong>nocturni</strong></span> <span class='ocrx_word' id='word_1_285' title='bbox 1559 483 1726 518; x_wconf 79' lang='lat' dir='ltr'><strong>deprecatio;</strong></span> 
     </span>
    </p>
   </div>
   <div class='ocr_carea' id='block_1_42' title="bbox 939 530 1729 565">
    <p class='ocr_par' dir='ltr' id='par_1_42' title="bbox 939 530 1729 565">
     <span class='ocr_line' id='line_1_42' title="bbox 939 530 1729 565; baseline 0 -9"><span class='ocrx_word' id='word_1_286' title='bbox 939 530 1169 564; x_wconf 83' lang='lat' dir='ltr'><strong>quemadmodum</strong></span> <span class='ocrx_word' id='word_1_287' title='bbox 1186 530 1290 558; x_wconf 88' lang='lat' dir='ltr'><strong>faciunt</strong></span> <span class='ocrx_word' id='word_1_288' title='bbox 1310 531 1421 565; x_wconf 84' lang='lat' dir='ltr'><strong>quidam</strong></span> <span class='ocrx_word' id='word_1_289' title='bbox 1438 531 1464 557; x_wconf 93' lang='lat' dir='ltr'><strong>in</strong></span> <span class='ocrx_word' id='word_1_290' title='bbox 1489 530 1630 557; x_wconf 71' lang='lat' dir='ltr'><strong>ordinibus</strong></span> <span class='ocrx_word' id='word_1_291' title='bbox 1648 530 1729 556; x_wconf 85' lang='lat' dir='ltr'><strong>hora-</strong></span> 
     </span>
    </p>
   </div>
   <div class='ocr_carea' id='block_1_43' title="bbox 940 574 1728 609">
    <p class='ocr_par' dir='ltr' id='par_1_43' title="bbox 940 574 1728 609">
     <span class='ocr_line' id='line_1_43' title="bbox 940 574 1728 609; baseline 0 -8"><span class='ocrx_word' id='word_1_292' title='bbox 940 583 1012 607; x_wconf 89' lang='lat' dir='ltr'><strong>rum,</strong></span> <span class='ocrx_word' id='word_1_293' title='bbox 1034 576 1080 602; x_wconf 83' lang='lat' dir='ltr'><strong>sed</strong></span> <span class='ocrx_word' id='word_1_294' title='bbox 1102 575 1143 602; x_wconf 88' lang='lat' dir='ltr'><strong>isti</strong></span> <span class='ocrx_word' id='word_1_295' title='bbox 1162 576 1269 609; x_wconf 83' lang='lat' dir='ltr'><strong>quidem</strong></span> <span class='ocrx_word' id='word_1_296' title='bbox 1299 576 1413 603; x_wconf 85' lang='lat' dir='ltr'><strong>libenter</strong></span> <span class='ocrx_word' id='word_1_297' title='bbox 1437 575 1500 603; x_wconf 91' lang='lat' dir='ltr'><strong>illud</strong></span> <span class='ocrx_word' id='word_1_298' title='bbox 1517 576 1588 603; x_wconf 87' lang='lat' dir='ltr'><strong>sicut</strong></span> <span class='ocrx_word' id='word_1_299' title='bbox 1616 579 1644 602; x_wconf 90' lang='lat' dir='ltr'><strong>et</strong></span> <span class='ocrx_word' id='word_1_300' title='bbox 1660 574 1728 601; x_wconf 88' lang='lat' dir='ltr'><strong>alios</strong></span> 
     </span>
    </p>
   </div>
   <div class='ocr_carea' id='block_1_44' title="bbox 939 620 1728 656">
    <p class='ocr_par' dir='ltr' id='par_1_44' title="bbox 939 620 1728 656">
     <span class='ocr_line' id='line_1_44' title="bbox 939 620 1728 656; baseline -0.004 -7"><span class='ocrx_word' id='word_1_301' title='bbox 939 621 1049 649; x_wconf 84' lang='lat' dir='ltr'><strong>ordines</strong></span> <span class='ocrx_word' id='word_1_302' title='bbox 1061 629 1110 656; x_wconf 89' lang='lat' dir='ltr'><strong>pro</strong></span> <span class='ocrx_word' id='word_1_303' title='bbox 1126 630 1180 649; x_wconf 69' lang='lat' dir='ltr'><strong>suae</strong></span> <span class='ocrx_word' id='word_1_304' title='bbox 1198 623 1307 656; x_wconf 83' lang='lat' dir='ltr'><strong>pietatis</strong></span> <span class='ocrx_word' id='word_1_305' title='bbox 1327 622 1423 649; x_wconf 83' lang='lat' dir='ltr'><strong>ardore</strong></span> <span class='ocrx_word' id='word_1_306' title='bbox 1448 627 1474 649; x_wconf 90' lang='lat' dir='ltr'><strong>et</strong></span> <span class='ocrx_word' id='word_1_307' title='bbox 1495 622 1603 648; x_wconf 81' lang='lat' dir='ltr'><strong>Patrum</strong></span> <span class='ocrx_word' id='word_1_308' title='bbox 1628 620 1728 652; x_wconf 79' lang='lat' dir='ltr'><strong>iudicio</strong></span> 
     </span>
    </p>
   </div>
   <div class='ocr_carea' id='block_1_45' title="bbox 940 666 1729 702">
    <p class='ocr_par' dir='ltr' id='par_1_45' title="bbox 940 666 1729 702">
     <span class='ocr_line' id='line_1_45' title="bbox 940 666 1729 702; baseline -0.001 -8"><span class='ocrx_word' id='word_1_309' title='bbox 940 667 1104 700; x_wconf 81' lang='lat' dir='ltr'><strong>observant;</strong></span> <span class='ocrx_word' id='word_1_310' title='bbox 1121 669 1177 695; x_wconf 70' lang='lat' dir='ltr'><strong>hmc</strong></span> <span class='ocrx_word' id='word_1_311' title='bbox 1190 673 1279 695; x_wconf 89' lang='lat' dir='ltr'><strong>autem</strong></span> <span class='ocrx_word' id='word_1_312' title='bbox 1296 668 1348 695; x_wconf 87' lang='lat' dir='ltr'><strong>ista</strong></span> <span class='ocrx_word' id='word_1_313' title='bbox 1364 673 1426 694; x_wconf 86' lang='lat' dir='ltr'><strong>sunt.</strong></span> <span class='ocrx_word' id='word_1_314' title='bbox 1442 672 1586 702; x_wconf 78' lang='lat' dir='ltr'><strong>praecepta.</strong></span> <span class='ocrx_word' id='word_1_315' title='bbox 1600 666 1654 701; x_wconf 77' lang='lat' dir='ltr'><strong>Ego</strong></span> <span class='ocrx_word' id='word_1_316' title='bbox 1665 673 1729 693; x_wconf 86' lang='lat' dir='ltr'><strong>vero</strong></span> 
     </span>
    </p>
   </div>
   <div class='ocr_carea' id='block_1_46' title="bbox 941 711 1728 748">
    <p class='ocr_par' dir='ltr' id='par_1_46' title="bbox 941 711 1728 748">
     <span class='ocr_line' id='line_1_46' title="bbox 941 711 1728 748; baseline -0.003 -9"><span class='ocrx_word' id='word_1_317' title='bbox 941 713 1010 740; x_wconf 86' lang='lat' dir='ltr'><strong>hanc</strong></span> <span class='ocrx_word' id='word_1_318' title='bbox 1031 713 1180 740; x_wconf 83' lang='lat' dir='ltr'><strong>orationem</strong></span> <span class='ocrx_word' id='word_1_319' title='bbox 1213 721 1312 740; x_wconf 87' lang='lat' dir='ltr'><strong>censeo</strong></span> <span class='ocrx_word' id='word_1_320' title='bbox 1333 721 1382 748; x_wconf 89' lang='lat' dir='ltr'><strong>pro</strong></span> <span class='ocrx_word' id='word_1_321' title='bbox 1408 714 1533 740; x_wconf 90' lang='lat' dir='ltr'><strong>fidelibus</strong></span> <span class='ocrx_word' id='word_1_322' title='bbox 1560 712 1587 739; x_wconf 90' lang='lat' dir='ltr'><strong>in</strong></span> <span class='ocrx_word' id='word_1_323' title='bbox 1617 711 1728 739; x_wconf 85' lang='lat' dir='ltr'><strong>Christo</strong></span> 
     </span>
    </p>
   </div>
   <div class='ocr_carea' id='block_1_47' title="bbox 939 757 1730 795">
    <p class='ocr_par' dir='ltr' id='par_1_47' title="bbox 939 757 1730 795">
     <span class='ocr_line' id='line_1_47' title="bbox 939 757 1730 795; baseline -0.003 -9"><span class='ocrx_word' id='word_1_324' title='bbox 939 759 1076 786; x_wconf 77' lang='lat' dir='ltr'><strong>defunctis</strong></span> <span class='ocrx_word' id='word_1_325' title='bbox 1092 760 1195 795; x_wconf 78' lang='lat' dir='ltr'><strong>peragi.</strong></span> <span class='ocrx_word' id='word_1_326' title='bbox 1209 759 1272 786; x_wconf 83' lang='lat' dir='ltr'><strong>ldeo</strong></span> <span class='ocrx_word' id='word_1_327' title='bbox 1289 767 1397 787; x_wconf 89' lang='lat' dir='ltr'><strong>rursum</strong></span> <span class='ocrx_word' id='word_1_328' title='bbox 1414 764 1475 793; x_wconf 87' lang='lat' dir='ltr'><strong>post.</strong></span> <span class='ocrx_word' id='word_1_329' title='bbox 1489 759 1644 786; x_wconf 88' lang='lat' dir='ltr'><strong>orationem</strong></span> <span class='ocrx_word' id='word_1_330' title='bbox 1663 757 1730 785; x_wconf 83' lang='lat' dir='ltr'><strong>dici-</strong></span> 
     </span>
    </p>
   </div>
   <div class='ocr_carea' id='block_1_48' title="bbox 940 804 1730 840">
    <p class='ocr_par' dir='ltr' id='par_1_48' title="bbox 940 804 1730 840">
     <span class='ocr_line' id='line_1_48' title="bbox 940 804 1730 840; baseline -0.003 -8"><span class='ocrx_word' id='word_1_331' title='bbox 940 813 1001 833; x_wconf 86' lang='lat' dir='ltr'><strong>mus</strong></span> <span class='ocrx_word' id='word_1_332' title='bbox 1027 814 1034 832; x_wconf 86' lang='lat'><strong>:</strong></span> <span class='ocrx_word' id='word_1_333' title='bbox 1064 805 1160 832; x_wconf 85' lang='lat' dir='ltr'><strong>Venite</strong></span> <span class='ocrx_word' id='word_1_334' title='bbox 1189 806 1344 838; x_wconf 82' lang='lat' dir='ltr'><strong>adoremus,</strong></span> <span class='ocrx_word' id='word_1_335' title='bbox 1363 810 1442 840; x_wconf 88' lang='lat' dir='ltr'><strong>atque</strong></span> <span class='ocrx_word' id='word_1_336' title='bbox 1459 805 1528 832; x_wconf 88' lang='lat' dir='ltr'><strong>duos</strong></span> <span class='ocrx_word' id='word_1_337' title='bbox 1556 804 1678 839; x_wconf 83' lang='lat' dir='ltr'><strong>psalmos</strong></span> <span class='ocrx_word' id='word_1_338' title='bbox 1702 809 1730 830; x_wconf 89' lang='lat' dir='ltr'><strong>et</strong></span> 
     </span>
    </p>
   </div>
   <div class='ocr_carea' id='block_1_49' title="bbox 940 850 1729 888">
    <p class='ocr_par' dir='ltr' id='par_1_49' title="bbox 940 850 1729 888">
     <span class='ocr_line' id='line_1_49' title="bbox 940 850 1729 888; baseline -0.003 -9"><span class='ocrx_word' id='word_1_339' title='bbox 940 854 1123 888; x_wconf 78' lang='lat' dir='ltr'><strong>precationem</strong></span> <span class='ocrx_word' id='word_1_340' title='bbox 1143 851 1271 887; x_wconf 80' lang='lat' dir='ltr'><strong>Trisagii,</strong></span> <span class='ocrx_word' id='word_1_341' title='bbox 1288 853 1436 887; x_wconf 76' lang='lat' dir='ltr'><strong>statimque</strong></span> <span class='ocrx_word' id='word_1_342' title='bbox 1454 858 1504 885; x_wconf 90' lang='lat' dir='ltr'><strong>pro</strong></span> <span class='ocrx_word' id='word_1_343' title='bbox 1528 850 1729 878; x_wconf 72' lang='lat' dir='ltr'><strong>dormientibus</strong></span> 
     </span>
    </p>
   </div>
   <div class='ocr_carea' id='block_1_50' title="bbox 939 895 1726 932">
    <p class='ocr_par' dir='ltr' id='par_1_50' title="bbox 939 895 1726 932">
     <span class='ocr_line' id='line_1_50' title="bbox 939 895 1726 932; baseline -0.004 -7"><span class='ocrx_word' id='word_1_344' title='bbox 939 898 1089 925; x_wconf 74' lang='lat' dir='ltr'><strong>versiculos</strong></span> <span class='ocrx_word' id='word_1_345' title='bbox 1106 898 1263 928; x_wconf 73' lang='lat' dir='ltr'><strong>recitatnus,</strong></span> <span class='ocrx_word' id='word_1_346' title='bbox 1283 907 1292 923; x_wconf 83' lang='lat' dir='ltr'><strong>t</strong></span> <span class='ocrx_word' id='word_1_347' title='bbox 1307 897 1398 932; x_wconf 81' lang='lat' dir='ltr'><strong>Kyrie,</strong></span> <span class='ocrx_word' id='word_1_348' title='bbox 1417 898 1519 924; x_wconf 85' lang='lat' dir='ltr'><strong>eleison</strong></span> <span class='ocrx_word' id='word_1_349' title='bbox 1537 906 1546 920; x_wconf 74' lang='grc' dir='ltr'>ι</span> <span class='ocrx_word' id='word_1_350' title='bbox 1566 895 1726 926; x_wconf 74' lang='lat' dir='ltr'><strong>duodecies,</strong></span> 
     </span>
    </p>
   </div>
   <div class='ocr_carea' id='block_1_51' title="bbox 939 941 1728 977">
    <p class='ocr_par' dir='ltr' id='par_1_51' title="bbox 939 941 1728 977">
     <span class='ocr_line' id='line_1_51' title="bbox 939 941 1728 977; baseline -0.004 -7"><span class='ocrx_word' id='word_1_351' title='bbox 939 948 967 970; x_wconf 89' lang='lat' dir='ltr'><strong>et</strong></span> <span class='ocrx_word' id='word_1_352' title='bbox 993 943 1145 970; x_wconf 82' lang='lat' dir='ltr'><strong>orationem</strong></span> <span class='ocrx_word' id='word_1_353' title='bbox 1175 950 1225 977; x_wconf 87' lang='lat' dir='ltr'><strong>pro</strong></span> <span class='ocrx_word' id='word_1_354' title='bbox 1242 942 1310 976; x_wconf 85' lang='lat' dir='ltr'><strong>ipsis</strong></span> <span class='ocrx_word' id='word_1_355' title='bbox 1326 951 1333 970; x_wconf 88' lang='lat'><strong>:</strong></span> <span class='ocrx_word' id='word_1_356' title='bbox 1353 952 1362 968; x_wconf 75' lang='grc' dir='ltr'><strong>ι</strong></span> <span class='ocrx_word' id='word_1_357' title='bbox 1376 942 1521 973; x_wconf 80' lang='lat' dir='ltr'><strong>Memento,</strong></span> <span class='ocrx_word' id='word_1_358' title='bbox 1538 941 1651 968; x_wconf 84' lang='lat' dir='ltr'><strong>Domine</strong></span> <span class='ocrx_word' id='word_1_359' title='bbox 1664 951 1673 966; x_wconf 76' lang='grc' dir='ltr'>ι</span> <span class='ocrx_word' id='word_1_360' title='bbox 1700 946 1728 968; x_wconf 86' lang='lat' dir='ltr'><strong>et</strong></span> 
     </span>
    </p>
   </div>
   <div class='ocr_carea' id='block_1_52' title="bbox 940 987 1731 1016">
    <p class='ocr_par' dir='ltr' id='par_1_52' title="bbox 940 987 1731 1016">
     <span class='ocr_line' id='line_1_52' title="bbox 940 987 1731 1016; baseline -0.003 0"><span class='ocrx_word' id='word_1_361' title='bbox 940 989 975 1016; x_wconf 87' lang='lat' dir='ltr'><strong>ita</strong></span> <span class='ocrx_word' id='word_1_362' title='bbox 1007 989 1170 1016; x_wconf 77' lang='lat' dir='ltr'><strong>absolvitur.</strong></span> <span class='ocrx_word' id='word_1_363' title='bbox 1194 987 1262 1014; x_wconf 80' lang='lat' dir='ltr'><strong>Nam</strong></span> <span class='ocrx_word' id='word_1_364' title='bbox 1291 988 1485 1016; x_wconf 77' lang='lat' dir='ltr'><strong>necessariunr</strong></span> <span class='ocrx_word' id='word_1_365' title='bbox 1502 991 1544 1015; x_wconf 85' lang='lat' dir='ltr'><strong>est</strong></span> <span class='ocrx_word' id='word_1_366' title='bbox 1573 988 1731 1014; x_wconf 71' lang='lat' dir='ltr'><strong>meminisse</strong></span> 
     </span>
    </p>
   </div>
   <div class='ocr_carea' id='block_1_53' title="bbox 940 1026 1730 1069">
    <p class='ocr_par' dir='ltr' id='par_1_53' title="bbox 940 1026 1730 1069">
     <span class='ocr_line' id='line_1_53' title="bbox 940 1026 1730 1069; baseline -0.004 -7"><span class='ocrx_word' id='word_1_367' title='bbox 940 1035 1023 1062; x_wconf 83' lang='lat' dir='ltr'><strong>etiam</strong></span> <span class='ocrx_word' id='word_1_368' title='bbox 1040 1039 1210 1061; x_wconf 91' lang='lat' dir='ltr'><strong>mortuorum</strong></span> <span class='ocrx_word' id='word_1_369' title='bbox 1227 1026 1356 1069; x_wconf 80' lang='lat' dir='ltr'><strong>quoniam</strong></span> <span class='ocrx_word' id='word_1_370' title='bbox 1372 1041 1426 1061; x_wconf 83' lang='lat' dir='ltr'><strong>nos</strong></span> <span class='ocrx_word' id='word_1_371' title='bbox 1442 1041 1552 1068; x_wconf 87' lang='lat' dir='ltr'><strong>quoque</strong></span> <span class='ocrx_word' id='word_1_372' title='bbox 1567 1033 1730 1063; x_wconf 80' lang='lat' dir='ltr'><strong>moriemur.</strong></span> 
     </span>
    </p>
   </div>
   <div class='ocr_carea' id='block_1_54' title="bbox 941 1079 1731 1114">
    <p class='ocr_par' dir='ltr' id='par_1_54' title="bbox 941 1079 1731 1114">
     <span class='ocr_line' id='line_1_54' title="bbox 941 1079 1731 1114; baseline -0.001 -8"><span class='ocrx_word' id='word_1_373' title='bbox 941 1084 969 1107; x_wconf 88' lang='lat' dir='ltr'><strong>et</strong></span> <span class='ocrx_word' id='word_1_374' title='bbox 984 1080 1122 1114; x_wconf 72' lang='lat' dir='ltr'><strong>przecipue</strong></span> <span class='ocrx_word' id='word_1_375' title='bbox 1138 1079 1227 1106; x_wconf 87' lang='lat' dir='ltr'><strong>media</strong></span> <span class='ocrx_word' id='word_1_376' title='bbox 1242 1083 1322 1107; x_wconf 86' lang='lat' dir='ltr'><strong>nocte</strong></span> <span class='ocrx_word' id='word_1_377' title='bbox 1337 1083 1446 1114; x_wconf 86' lang='lat' dir='ltr'><strong>sperata</strong></span> <span class='ocrx_word' id='word_1_378' title='bbox 1458 1084 1628 1107; x_wconf 83' lang='lat' dir='ltr'><strong>mortuorum</strong></span> <span class='ocrx_word' id='word_1_379' title='bbox 1640 1087 1731 1106; x_wconf 88' lang='lat' dir='ltr'><strong>resur-</strong></span> 
     </span>
    </p>
   </div>
   <div class='ocr_carea' id='block_1_55' title="bbox 943 1125 1726 1159">
    <p class='ocr_par' dir='ltr' id='par_1_55' title="bbox 943 1125 1726 1159">
     <span class='ocr_line' id='line_1_55' title="bbox 943 1125 1726 1159; baseline -0.005 -6"><span class='ocrx_word' id='word_1_380' title='bbox 943 1126 1074 1158; x_wconf 86' lang='lat' dir='ltr'><strong>rectione,</strong></span> <span class='ocrx_word' id='word_1_381' title='bbox 1091 1129 1118 1153; x_wconf 86' lang='lat' dir='ltr'><strong>et</strong></span> <span class='ocrx_word' id='word_1_382' title='bbox 1140 1132 1251 1153; x_wconf 79' lang='lat' dir='ltr'><strong>necesse</strong></span> <span class='ocrx_word' id='word_1_383' title='bbox 1273 1129 1315 1153; x_wconf 89' lang='lat' dir='ltr'><strong>est</strong></span> <span class='ocrx_word' id='word_1_384' title='bbox 1333 1132 1381 1159; x_wconf 92' lang='lat' dir='ltr'><strong>pro</strong></span> <span class='ocrx_word' id='word_1_385' title='bbox 1399 1125 1559 1159; x_wconf 85' lang='lat' dir='ltr'><strong>propinquis</strong></span> <span class='ocrx_word' id='word_1_386' title='bbox 1575 1125 1726 1152; x_wconf 85' lang='lat' dir='ltr'><strong>secundum</strong></span> 
     </span>
    </p>
   </div>
   <div class='ocr_carea' id='block_1_56' title="bbox 947 1170 1732 1206">
    <p class='ocr_par' dir='ltr' id='par_1_56' title="bbox 947 1170 1732 1206">
     <span class='ocr_line' id='line_1_56' title="bbox 947 1170 1732 1206; baseline -0.003 -7"><span class='ocrx_word' id='word_1_387' title='bbox 947 1179 1057 1199; x_wconf 77' lang='lat' dir='ltr'><strong>carnem</strong></span> <span class='ocrx_word' id='word_1_388' title='bbox 1075 1179 1107 1198; x_wconf 89' lang='lat' dir='ltr'><strong>ac</strong></span> <span class='ocrx_word' id='word_1_389' title='bbox 1124 1179 1173 1206; x_wconf 92' lang='lat' dir='ltr'><strong>pro</strong></span> <span class='ocrx_word' id='word_1_390' title='bbox 1197 1171 1326 1198; x_wconf 83' lang='lat' dir='ltr'><strong>omnibus</strong></span> <span class='ocrx_word' id='word_1_391' title='bbox 1352 1170 1488 1198; x_wconf 80' lang='lat' dir='ltr'><strong>defunctis</strong></span> <span class='ocrx_word' id='word_1_392' title='bbox 1513 1178 1649 1198; x_wconf 82' lang='lat' dir='ltr'><strong>exorare:</strong></span> <span class='ocrx_word' id='word_1_393' title='bbox 1681 1171 1732 1197; x_wconf 85' lang='lat' dir='ltr'><strong>hoc</strong></span> 
     </span>
    </p>
   </div>
   <div class='ocr_carea' id='block_1_57' title="bbox 944 1215 1732 1251">
    <p class='ocr_par' dir='ltr' id='par_1_57' title="bbox 944 1215 1732 1251">
     <span class='ocr_line' id='line_1_57' title="bbox 944 1215 1732 1251; baseline -0.004 -6"><span class='ocrx_word' id='word_1_394' title='bbox 944 1218 1078 1246; x_wconf 75' lang='lat' dir='ltr'><strong>enimest</strong></span> <span class='ocrx_word' id='word_1_395' title='bbox 1096 1217 1227 1245; x_wconf 80' lang='lat' dir='ltr'><strong>charitas.</strong></span> <span class='ocrx_word' id='word_1_396' title='bbox 1247 1215 1346 1244; x_wconf 85' lang='lat' dir='ltr'><strong>Deinde</strong></span> <span class='ocrx_word' id='word_1_397' title='bbox 1365 1216 1393 1243; x_wconf 85' lang='lat' dir='ltr'><strong>ftt</strong></span> <span class='ocrx_word' id='word_1_398' title='bbox 1411 1217 1566 1244; x_wconf 84' lang='lat' dir='ltr'><strong>communis</strong></span> <span class='ocrx_word' id='word_1_399' title='bbox 1582 1223 1629 1251; x_wconf 88' lang='lat' dir='ltr'><strong>pro</strong></span> <span class='ocrx_word' id='word_1_400' title='bbox 1644 1217 1732 1243; x_wconf 89' lang='lat' dir='ltr'><strong>omni-</strong></span> 
     </span>
    </p>
   </div>
   <div class='ocr_carea' id='block_1_58' title="bbox 945 1262 1734 1298">
    <p class='ocr_par' dir='ltr' id='par_1_58' title="bbox 945 1262 1734 1298">
     <span class='ocr_line' id='line_1_58' title="bbox 945 1262 1734 1298; baseline -0.003 -7"><span class='ocrx_word' id='word_1_401' title='bbox 945 1265 996 1292; x_wconf 89' lang='lat' dir='ltr'><strong>bus</strong></span> <span class='ocrx_word' id='word_1_402' title='bbox 1013 1264 1103 1291; x_wconf 84' lang='lat' dir='ltr'><strong>oratio</strong></span> <span class='ocrx_word' id='word_1_403' title='bbox 1129 1268 1157 1290; x_wconf 88' lang='lat' dir='ltr'><strong>et</strong></span> <span class='ocrx_word' id='word_1_404' title='bbox 1181 1263 1337 1298; x_wconf 86' lang='lat' dir='ltr'><strong>postulatio,</strong></span> <span class='ocrx_word' id='word_1_405' title='bbox 1368 1263 1515 1297; x_wconf 90' lang='lat' dir='ltr'><strong>incipiente</strong></span> <span class='ocrx_word' id='word_1_406' title='bbox 1542 1262 1683 1291; x_wconf 81' lang='lat' dir='ltr'><strong>sacerdote</strong></span> <span class='ocrx_word' id='word_1_407' title='bbox 1707 1267 1734 1289; x_wconf 77' lang='lat' dir='ltr'><strong>ct</strong></span> 
     </span>
    </p>
   </div>
   <div class='ocr_carea' id='block_1_59' title="bbox 946 1307 1734 1343">
    <p class='ocr_par' dir='ltr' id='par_1_59' title="bbox 946 1307 1734 1343">
     <span class='ocr_line' id='line_1_59' title="bbox 946 1307 1734 1343; baseline -0.004 -8"><span class='ocrx_word' id='word_1_408' title='bbox 946 1308 1072 1335; x_wconf 88' lang='lat' dir='ltr'><strong>omnibus</strong></span> <span class='ocrx_word' id='word_1_409' title='bbox 1088 1309 1169 1336; x_wconf 88' lang='lat' dir='ltr'><strong>simul</strong></span> <span class='ocrx_word' id='word_1_410' title='bbox 1188 1308 1399 1342; x_wconf 70' lang='lat' dir='ltr'><strong>deprecantibus</strong></span> <span class='ocrx_word' id='word_1_411' title='bbox 1415 1315 1463 1343; x_wconf 89' lang='lat' dir='ltr'><strong>pro</strong></span> <span class='ocrx_word' id='word_1_412' title='bbox 1475 1307 1583 1342; x_wconf 80' lang='lat' dir='ltr'><strong>regibus</strong></span> <span class='ocrx_word' id='word_1_413' title='bbox 1598 1307 1734 1338; x_wconf 80' lang='lat' dir='ltr'><strong>fidelibus,</strong></span> 
     </span>
    </p>
   </div>
   <div class='ocr_carea' id='block_1_60' title="bbox 947 1353 1737 1390">
    <p class='ocr_par' dir='ltr' id='par_1_60' title="bbox 947 1353 1737 1390">
     <span class='ocr_line' id='line_1_60' title="bbox 947 1353 1737 1390; baseline -0.003 -9"><span class='ocrx_word' id='word_1_414' title='bbox 947 1363 995 1390; x_wconf 93' lang='lat' dir='ltr'><strong>pro</strong></span> <span class='ocrx_word' id='word_1_415' title='bbox 1011 1355 1170 1382; x_wconf 83' lang='lat' dir='ltr'><strong>orthodoxis</strong></span> <span class='ocrx_word' id='word_1_416' title='bbox 1187 1354 1373 1390; x_wconf 87' lang='lat' dir='ltr'><strong>pontificibus,</strong></span> <span class='ocrx_word' id='word_1_417' title='bbox 1388 1362 1437 1389; x_wconf 91' lang='lat' dir='ltr'><strong>pro</strong></span> <span class='ocrx_word' id='word_1_418' title='bbox 1451 1358 1528 1388; x_wconf 85' lang='lat' dir='ltr'><strong>patre</strong></span> <span class='ocrx_word' id='word_1_419' title='bbox 1550 1353 1674 1388; x_wconf 64' lang='lat' dir='ltr'><strong>praeside,</strong></span> <span class='ocrx_word' id='word_1_420' title='bbox 1687 1360 1737 1387; x_wconf 90' lang='lat' dir='ltr'><strong>pro</strong></span> 
     </span>
    </p>
   </div>
   <div class='ocr_carea' id='block_1_61' title="bbox 948 1398 1732 1430">
    <p class='ocr_par' dir='ltr' id='par_1_61' title="bbox 948 1398 1732 1430">
     <span class='ocr_line' id='line_1_61' title="bbox 948 1398 1732 1430; baseline -0.006 0"><span class='ocrx_word' id='word_1_421' title='bbox 948 1402 1076 1430; x_wconf 87' lang='lat' dir='ltr'><strong>universa</strong></span> <span class='ocrx_word' id='word_1_422' title='bbox 1104 1404 1262 1428; x_wconf 89' lang='lat' dir='ltr'><strong>nostrorum</strong></span> <span class='ocrx_word' id='word_1_423' title='bbox 1292 1400 1318 1426; x_wconf 92' lang='lat' dir='ltr'><strong>in</strong></span> <span class='ocrx_word' id='word_1_424' title='bbox 1345 1399 1457 1427; x_wconf 86' lang='lat' dir='ltr'><strong>Christo</strong></span> <span class='ocrx_word' id='word_1_425' title='bbox 1484 1399 1598 1425; x_wconf 90' lang='lat' dir='ltr'><strong>fratrum</strong></span> <span class='ocrx_word' id='word_1_426' title='bbox 1628 1398 1732 1426; x_wconf 80' lang='lat' dir='ltr'><strong>familia</strong></span> 
     </span>
    </p>
   </div>
   <div class='ocr_carea' id='block_1_62' title="bbox 948 1444 1736 1482">
    <p class='ocr_par' dir='ltr' id='par_1_62' title="bbox 948 1444 1736 1482">
     <span class='ocr_line' id='line_1_62' title="bbox 948 1444 1736 1482; baseline -0.006 -7"><span class='ocrx_word' id='word_1_427' title='bbox 948 1452 1167 1482; x_wconf 73' lang='lat' dir='ltr'><strong>cmterorumque</strong></span> <span class='ocrx_word' id='word_1_428' title='bbox 1184 1446 1417 1478; x_wconf 82' lang='lat' dir='ltr'><strong>Christianorum,</strong></span> <span class='ocrx_word' id='word_1_429' title='bbox 1444 1450 1525 1479; x_wconf 87' lang='lat' dir='ltr'><strong>atque</strong></span> <span class='ocrx_word' id='word_1_430' title='bbox 1540 1452 1590 1479; x_wconf 88' lang='lat' dir='ltr'><strong>pro</strong></span> <span class='ocrx_word' id='word_1_431' title='bbox 1611 1444 1736 1478; x_wconf 81' lang='lat' dir='ltr'><strong>patribus</strong></span> 
     </span>
    </p>
   </div>
   <div class='ocr_carea' id='block_1_63' title="bbox 98 1489 895 1541">
    <p class='ocr_par' dir='ltr' id='par_1_63' title="bbox 98 1490 895 1525">
     <span class='ocr_line' id='line_1_63' title="bbox 98 1490 895 1525; baseline 0 -9"><span class='ocrx_word' id='word_1_432' title='bbox 98 1490 188 1517; x_wconf 77' lang='grc' dir='ltr'>ἄλλων</span> <span class='ocrx_word' id='word_1_433' title='bbox 205 1491 388 1524; x_wconf 77' lang='grc' dir='ltr'><strong>Χριστιανῶν,</strong></span> <span class='ocrx_word' id='word_1_434' title='bbox 401 1491 448 1518; x_wconf 67' lang='grc' dir='ltr'>καὶ</span> <span class='ocrx_word' id='word_1_435' title='bbox 470 1491 526 1517; x_wconf 88' lang='grc' dir='ltr'><strong>τῶν</strong></span> <span class='ocrx_word' id='word_1_436' title='bbox 557 1491 706 1524; x_wconf 78' lang='grc' dir='ltr'>ὀρθοδὸξως</span> <span class='ocrx_word' id='word_1_437' title='bbox 724 1490 895 1525; x_wconf 74' lang='grc' dir='ltr'>κεκοιμημέ-</span> 
     </span>
    </p>
   </div>
   <div class='ocr_carea' id='block_1_64' title="bbox 947 1489 1734 1541">
    <p class='ocr_par' dir='ltr' id='par_1_64' title="bbox 950 1489 1734 1525">
     <span class='ocr_line' id='line_1_64' title="bbox 950 1489 1734 1525; baseline -0.001 -6"><span class='ocrx_word' id='word_1_438' title='bbox 950 1497 976 1520; x_wconf 90' lang='lat' dir='ltr'><strong>et</strong></span> <span class='ocrx_word' id='word_1_439' title='bbox 993 1492 1124 1519; x_wconf 80' lang='lat' dir='ltr'><strong>fratribus</strong></span> <span class='ocrx_word' id='word_1_440' title='bbox 1141 1492 1242 1518; x_wconf 89' lang='lat' dir='ltr'><strong>nostris</strong></span> <span class='ocrx_word' id='word_1_441' title='bbox 1257 1491 1304 1525; x_wconf 84' lang='lat' dir='ltr'><strong>qui</strong></span> <span class='ocrx_word' id='word_1_442' title='bbox 1332 1491 1397 1518; x_wconf 90' lang='lat' dir='ltr'><strong>olim</strong></span> <span class='ocrx_word' id='word_1_443' title='bbox 1415 1491 1442 1517; x_wconf 93' lang='lat' dir='ltr'><strong>in</strong></span> <span class='ocrx_word' id='word_1_444' title='bbox 1466 1490 1519 1517; x_wconf 83' lang='lat' dir='ltr'><strong>fide</strong></span> <span class='ocrx_word' id='word_1_445' title='bbox 1542 1489 1711 1517; x_wconf 83' lang='lat' dir='ltr'><strong>dormierunt</strong></span> <span class='ocrx_word' id='word_1_446' title='bbox 1727 1497 1734 1518; x_wconf 70' lang='grc' dir='ltr'><strong>ε</strong></span> 
     </span>
    </p>
   </div>
   <div class='ocr_carea' id='block_1_65' title="bbox 94 1535 897 1572">
    <p class='ocr_par' dir='ltr' id='par_1_65' title="bbox 94 1535 897 1572">
     <span class='ocr_line' id='line_1_65' title="bbox 94 1535 897 1572; baseline 0 -10"><span class='ocrx_word' id='word_1_447' title='bbox 94 1544 152 1562; x_wconf 76' lang='grc' dir='ltr'>,νων</span> <span class='ocrx_word' id='word_1_448' title='bbox 167 1535 252 1562; x_wconf 78' lang='grc' dir='ltr'>πάλιν</span> <span class='ocrx_word' id='word_1_449' title='bbox 265 1536 395 1572; x_wconf 78' lang='grc' dir='ltr'>Πατέρων</span> <span class='ocrx_word' id='word_1_450' title='bbox 409 1537 455 1563; x_wconf 72' lang='grc' dir='ltr'><strong>καὶ</strong></span> <span class='ocrx_word' id='word_1_451' title='bbox 470 1537 595 1570; x_wconf 70' lang='grc' dir='ltr'>ἀδελφῶν</span> <span class='ocrx_word' id='word_1_452' title='bbox 609 1537 700 1571; x_wconf 85' lang='grc' dir='ltr'>ὴμῶν,</span> <span class='ocrx_word' id='word_1_453' title='bbox 716 1536 897 1571; x_wconf 77' lang='grc' dir='ltr'>χρειωδέστα-</span> 
     </span>
    </p>
   </div>
   <div class='ocr_carea' id='block_1_66' title="bbox 100 1582 900 1619">
    <p class='ocr_par' dir='ltr' id='par_1_66' title="bbox 100 1582 900 1619">
     <span class='ocr_line' id='line_1_66' title="bbox 100 1582 900 1619; baseline 0.001 -11"><span class='ocrx_word' id='word_1_454' title='bbox 100 1590 148 1608; x_wconf 78' lang='grc' dir='ltr'><strong>τον</strong></span> <span class='ocrx_word' id='word_1_455' title='bbox 166 1582 221 1615; x_wconf 68' lang='grc' dir='ltr'><strong>γὰρ</strong></span> <span class='ocrx_word' id='word_1_456' title='bbox 256 1582 286 1609; x_wconf 71' lang='grc' dir='ltr'>ἐν</span> <span class='ocrx_word' id='word_1_457' title='bbox 312 1583 351 1617; x_wconf 83' lang='grc' dir='ltr'>τῷ</span> <span class='ocrx_word' id='word_1_458' title='bbox 378 1583 434 1609; x_wconf 87' lang='grc' dir='ltr'><strong>τῶν</strong></span> <span class='ocrx_word' id='word_1_459' title='bbox 466 1583 555 1618; x_wconf 79' lang='grc' dir='ltr'>εὐχῶν</span> <span class='ocrx_word' id='word_1_460' title='bbox 579 1583 650 1610; x_wconf 81' lang='grc' dir='ltr'>τέλει</span> <span class='ocrx_word' id='word_1_461' title='bbox 674 1583 743 1619; x_wconf 78' lang='grc' dir='ltr'><strong>ὑπὲρ</strong></span> <span class='ocrx_word' id='word_1_462' title='bbox 769 1583 900 1609; x_wconf 77' lang='grc' dir='ltr'>ἁπάντων</span> 
     </span>
    </p>
   </div>
   <div class='ocr_carea' id='block_1_67' title="bbox 103 1627 898 1662">
    <p class='ocr_par' dir='ltr' id='par_1_67' title="bbox 103 1627 898 1662">
     <span class='ocr_line' id='line_1_67' title="bbox 103 1627 898 1662; baseline 0.001 -8"><span class='ocrx_word' id='word_1_463' title='bbox 103 1627 270 1662; x_wconf 79' lang='grc' dir='ltr'>μεμνῆσθαι.</span> <span class='ocrx_word' id='word_1_464' title='bbox 290 1628 350 1655; x_wconf 80' lang='grc' dir='ltr'><strong>Ὀτι</strong></span> <span class='ocrx_word' id='word_1_465' title='bbox 372 1628 452 1656; x_wconf 84' lang='grc' dir='ltr'>τοῦτο</span> <span class='ocrx_word' id='word_1_466' title='bbox 479 1630 618 1660; x_wconf 84' lang='grc' dir='ltr'>ποιοῦντες</span> <span class='ocrx_word' id='word_1_467' title='bbox 633 1628 754 1660; x_wconf 77' lang='grc' dir='ltr'>ἅπαντες</span> <span class='ocrx_word' id='word_1_468' title='bbox 771 1628 898 1656; x_wconf 77' lang='grc' dir='ltr'>ἅπαντα·</span> 
     </span>
    </p>
   </div>
   <div class='ocr_carea' id='block_1_68' title="bbox 101 1673 899 1710">
    <p class='ocr_par' dir='ltr' id='par_1_68' title="bbox 101 1673 899 1710">
     <span class='ocr_line' id='line_1_68' title="bbox 101 1673 899 1710; baseline 0 -10"><span class='ocrx_word' id='word_1_469' title='bbox 101 1673 159 1708; x_wconf 78' lang='grc' dir='ltr'>χοῦ,</span> <span class='ocrx_word' id='word_1_470' title='bbox 176 1674 247 1707; x_wconf 77' lang='grc' dir='ltr'><strong>ὑπὲρ</strong></span> <span class='ocrx_word' id='word_1_471' title='bbox 273 1674 395 1709; x_wconf 82' lang='grc' dir='ltr'>ἀλλήλων</span> <span class='ocrx_word' id='word_1_472' title='bbox 426 1675 565 1710; x_wconf 81' lang='grc' dir='ltr'><strong>εὐχόμεθα</strong></span> <span class='ocrx_word' id='word_1_473' title='bbox 579 1697 585 1707; x_wconf 85' lang='grc'><strong>,</strong></span> <span class='ocrx_word' id='word_1_474' title='bbox 613 1675 662 1701; x_wconf 78' lang='grc' dir='ltr'>καὶ</span> <span class='ocrx_word' id='word_1_475' title='bbox 672 1675 745 1701; x_wconf 79' lang='grc' dir='ltr'>οὕτω</span> <span class='ocrx_word' id='word_1_476' title='bbox 757 1674 829 1701; x_wconf 83' lang='grc' dir='ltr'>κατὰ</span> <span class='ocrx_word' id='word_1_477' title='bbox 852 1674 899 1700; x_wconf 72' lang='grc' dir='ltr'>τὸν</span> 
     </span>
    </p>
   </div>
   <div class='ocr_carea' id='block_1_69' title="bbox 103 1718 896 1755">
    <p class='ocr_par' dir='ltr' id='par_1_69' title="bbox 103 1718 896 1755">
     <span class='ocr_line' id='line_1_69' title="bbox 103 1718 896 1755; baseline -0.001 -10"><span class='ocrx_word' id='word_1_478' title='bbox 103 1719 253 1754; x_wconf 79' lang='grc' dir='ltr'>Θεάὸελφον</span> <span class='ocrx_word' id='word_1_479' title='bbox 270 1720 344 1746; x_wconf 72' lang='grc' dir='ltr'>ἔσται</span> <span class='ocrx_word' id='word_1_480' title='bbox 358 1720 466 1755; x_wconf 76' lang='grc' dir='ltr'>ιαθῆναι</span> <span class='ocrx_word' id='word_1_481' title='bbox 481 1721 554 1755; x_wconf 82' lang='grc' dir='ltr'>ἡμᾶς</span> <span class='ocrx_word' id='word_1_482' title='bbox 565 1720 612 1748; x_wconf 64' lang='grc' dir='ltr'><strong>καὶ</strong></span> <span class='ocrx_word' id='word_1_483' title='bbox 626 1720 744 1754; x_wconf 81' lang='grc' dir='ltr'>σωθῆναι</span> <span class='ocrx_word' id='word_1_484' title='bbox 757 1721 803 1746; x_wconf 73' lang='grc' dir='ltr'>καὶ</span> <span class='ocrx_word' id='word_1_485' title='bbox 816 1718 896 1745; x_wconf 76' lang='grc' dir='ltr'>ἐκόν-</span> 
     </span>
    </p>
   </div>
   <div class='ocr_carea' id='block_1_70' title="bbox 104 1765 899 1801">
    <p class='ocr_par' dir='ltr' id='par_1_70' title="bbox 104 1765 899 1801">
     <span class='ocr_line' id='line_1_70' title="bbox 104 1765 899 1801; baseline -0.001 -9"><span class='ocrx_word' id='word_1_486' title='bbox 104 1774 152 1797; x_wconf 63' lang='lat' dir='ltr'><strong>tu;</strong></span> <span class='ocrx_word' id='word_1_487' title='bbox 168 1766 216 1792; x_wconf 75' lang='grc' dir='ltr'><strong>καὶ</strong></span> <span class='ocrx_word' id='word_1_488' title='bbox 228 1767 357 1798; x_wconf 80' lang='grc' dir='ltr'>ἄκοντας.</span> <span class='ocrx_word' id='word_1_489' title='bbox 376 1767 432 1798; x_wconf 82' lang='grc' dir='ltr'>Τὰς</span> <span class='ocrx_word' id='word_1_490' title='bbox 447 1767 540 1797; x_wconf 73' lang='grc' dir='ltr'>κοινὰς</span> <span class='ocrx_word' id='word_1_491' title='bbox 557 1766 586 1793; x_wconf 84' lang='grc' dir='ltr'>δὲ</span> <span class='ocrx_word' id='word_1_492' title='bbox 598 1766 680 1801; x_wconf 63' lang='grc' dir='ltr'>εὑίὰς</span> <span class='ocrx_word' id='word_1_493' title='bbox 692 1766 740 1792; x_wconf 75' lang='grc' dir='ltr'>καὶ</span> <span class='ocrx_word' id='word_1_494' title='bbox 758 1766 772 1792; x_wconf 88' lang='grc' dir='ltr'>ὁ</span> <span class='ocrx_word' id='word_1_495' title='bbox 791 1765 899 1799; x_wconf 82' lang='grc' dir='ltr'>πρῶτος</span> 
     </span>
    </p>
   </div>
   <div class='ocr_carea' id='block_1_71' title="bbox 105 1813 897 1848">
    <p class='ocr_par' dir='ltr' id='par_1_71' title="bbox 105 1813 897 1848">
     <span class='ocr_line' id='line_1_71' title="bbox 105 1813 897 1848; baseline -0.001 -9"><span class='ocrx_word' id='word_1_496' title='bbox 105 1813 316 1847; x_wconf 75' lang='grc' dir='ltr'><strong>ἑπισφραγίζει,</strong></span> <span class='ocrx_word' id='word_1_497' title='bbox 332 1813 376 1840; x_wconf 80' lang='grc' dir='ltr'>διὰ</span> <span class='ocrx_word' id='word_1_498' title='bbox 397 1813 452 1840; x_wconf 88' lang='grc' dir='ltr'><strong>τῶν</strong></span> <span class='ocrx_word' id='word_1_499' title='bbox 464 1813 554 1848; x_wconf 77' lang='grc' dir='ltr'>εὐχῶν</span> <span class='ocrx_word' id='word_1_500' title='bbox 567 1814 622 1840; x_wconf 87' lang='grc' dir='ltr'><strong>τῶν</strong></span> <span class='ocrx_word' id='word_1_501' title='bbox 638 1813 724 1847; x_wconf 79' lang='grc' dir='ltr'>ἁγίων</span> <span class='ocrx_word' id='word_1_502' title='bbox 740 1813 819 1846; x_wconf 82' lang='grc' dir='ltr'>ἡμῶν</span> <span class='ocrx_word' id='word_1_503' title='bbox 843 1813 897 1838; x_wconf 88' lang='grc' dir='ltr'><strong>Πα-</strong></span> 
     </span>
    </p>
   </div>
   <div class='ocr_carea' id='block_1_72' title="bbox 105 1858 898 1896">
    <p class='ocr_par' dir='ltr' id='par_1_72' title="bbox 105 1858 898 1896">
     <span class='ocr_line' id='line_1_72' title="bbox 105 1858 898 1896; baseline 0 -10"><span class='ocrx_word' id='word_1_504' title='bbox 105 1860 189 1896; x_wconf 75' lang='grc' dir='ltr'>τέρων</span> <span class='ocrx_word' id='word_1_505' title='bbox 199 1860 315 1895; x_wconf 78' lang='grc' dir='ltr'>Χριστὸν</span> <span class='ocrx_word' id='word_1_506' title='bbox 325 1860 371 1888; x_wconf 80' lang='grc' dir='ltr'>τὸν</span> <span class='ocrx_word' id='word_1_507' title='bbox 381 1860 446 1887; x_wconf 74' lang='grc' dir='ltr'>θεὸν</span> <span class='ocrx_word' id='word_1_508' title='bbox 464 1860 592 1895; x_wconf 57' lang='grc' dir='ltr'>ἠμῶνξείς</span> <span class='ocrx_word' id='word_1_509' title='bbox 602 1860 676 1886; x_wconf 75' lang='grc' dir='ltr'>ἔλεον</span> <span class='ocrx_word' id='word_1_510' title='bbox 686 1858 898 1892; x_wconf 72' lang='grc' dir='ltr'><strong>ἐκκαλούμενος.</strong></span> 
     </span>
    </p>
   </div>
   <div class='ocr_carea' id='block_1_73' title="bbox 396 1917 602 1945">
    <p class='ocr_par' dir='ltr' id='par_1_73' title="bbox 396 1917 602 1945">
     <span class='ocr_line' id='line_1_73' title="bbox 396 1917 602 1945; baseline 0 0"><span class='ocrx_word' id='word_1_511' title='bbox 396 1917 525 1945; x_wconf 77' lang='grc' dir='ltr'><strong>ΚΕΦΑΛ.</strong></span> <span class='ocrx_word' id='word_1_512' title='bbox 540 1918 602 1945; x_wconf 66' lang='grc' dir='ltr'><strong>ΤΘι.</strong></span> 
     </span>
    </p>
   </div>
   <div class='ocr_carea' id='block_1_74' title="bbox 107 1975 898 2010">
    <p class='ocr_par' dir='ltr' id='par_1_74' title="bbox 107 1975 898 2010">
     <span class='ocr_line' id='line_1_74' title="bbox 107 1975 898 2010; baseline -0.004 -6"><span class='ocrx_word' id='word_1_513' title='bbox 107 1976 172 2010; x_wconf 63' lang='grc' dir='ltr'><strong>Περὶ</strong></span> <span class='ocrx_word' id='word_1_514' title='bbox 184 1976 239 2010; x_wconf 87' lang='grc' dir='ltr'>τῆς</span> <span class='ocrx_word' id='word_1_515' title='bbox 252 1977 304 2004; x_wconf 77' lang='grc' dir='ltr'>τοῦ</span> <span class='ocrx_word' id='word_1_516' title='bbox 317 1975 425 2010; x_wconf 75' lang='grc' dir='ltr'>ὄρθρου</span> <span class='ocrx_word' id='word_1_517' title='bbox 435 1976 629 2008; x_wconf 73' lang='grc' dir='ltr'>ἀκολουθίας,</span> <span class='ocrx_word' id='word_1_518' title='bbox 640 1976 688 2003; x_wconf 76' lang='grc' dir='ltr'><strong>καὶ</strong></span> <span class='ocrx_word' id='word_1_519' title='bbox 698 1975 817 2009; x_wconf 72' lang='grc' dir='ltr'>πρῶτον</span> <span class='ocrx_word' id='word_1_520' title='bbox 826 1975 854 2001; x_wconf 78' lang='grc' dir='ltr'>τί</span> <span class='ocrx_word' id='word_1_521' title='bbox 866 1975 898 2001; x_wconf 85' lang='grc' dir='ltr'>τὸ</span> 
     </span>
    </p>
   </div>
   <div class='ocr_carea' id='block_1_75' title="bbox 140 2011 897 2046">
    <p class='ocr_par' dir='ltr' id='par_1_75' title="bbox 140 2011 897 2046">
     <span class='ocr_line' id='line_1_75' title="bbox 140 2011 897 2046; baseline -0.001 -8"><span class='ocrx_word' id='word_1_522' title='bbox 140 2013 312 2046; x_wconf 78' lang='grc' dir='ltr'>ἀνοίγεσθαι</span> <span class='ocrx_word' id='word_1_523' title='bbox 327 2012 386 2038; x_wconf 81' lang='grc' dir='ltr'><strong>τῶν</strong></span> <span class='ocrx_word' id='word_1_524' title='bbox 399 2011 505 2038; x_wconf 70' lang='grc' dir='ltr'><em>πυλῶν</em></span> <span class='ocrx_word' id='word_1_525' title='bbox 514 2012 568 2037; x_wconf 75' lang='grc' dir='ltr'>τοῦ</span> <span class='ocrx_word' id='word_1_526' title='bbox 579 2011 654 2038; x_wconf 81' lang='grc' dir='ltr'>ναοῦ</span> <span class='ocrx_word' id='word_1_527' title='bbox 675 2012 711 2037; x_wconf 75' lang='grc' dir='ltr'>τὰ</span> <span class='ocrx_word' id='word_1_528' title='bbox 724 2011 897 2044; x_wconf 68' lang='grc' dir='ltr'>βηλόθυρα,</span> 
     </span>
    </p>
   </div>
   <div class='ocr_carea' id='block_1_76' title="bbox 142 2046 771 2081">
    <p class='ocr_par' dir='ltr' id='par_1_76' title="bbox 142 2046 771 2081">
     <span class='ocr_line' id='line_1_76' title="bbox 142 2046 771 2081; baseline -0.003 -7"><span class='ocrx_word' id='word_1_529' title='bbox 142 2048 189 2074; x_wconf 76' lang='grc' dir='ltr'><strong>καὶ</strong></span> <span class='ocrx_word' id='word_1_530' title='bbox 201 2048 394 2081; x_wconf 77' lang='grc' dir='ltr'><strong>εἰσέρχεο-θαι</strong></span> <span class='ocrx_word' id='word_1_531' title='bbox 405 2046 507 2077; x_wconf 72' lang='grc' dir='ltr'><strong>ἔνδον,</strong></span> <span class='ocrx_word' id='word_1_532' title='bbox 523 2046 573 2072; x_wconf 74' lang='grc' dir='ltr'><strong>καὶ</strong></span> <span class='ocrx_word' id='word_1_533' title='bbox 585 2046 618 2073; x_wconf 80' lang='grc' dir='ltr'>τό</span> <span class='ocrx_word' id='word_1_534' title='bbox 631 2048 771 2081; x_wconf 77' lang='grc' dir='ltr'><strong>θυμίημα.</strong></span> 
     </span>
    </p>
   </div>
   <div class='ocr_carea' id='block_1_77' title="bbox 142 2091 896 2127">
    <p class='ocr_par' dir='ltr' id='par_1_77' title="bbox 142 2091 896 2127">
     <span class='ocr_line' id='line_1_77' title="bbox 142 2091 896 2127; baseline -0.001 -9"><span class='ocrx_word' id='word_1_535' title='bbox 142 2091 194 2119; x_wconf 73' lang='grc' dir='ltr'><strong>Καὶ</strong></span> <span class='ocrx_word' id='word_1_536' title='bbox 205 2092 291 2124; x_wconf 70' lang='grc' dir='ltr'>οὕτως</span> <span class='ocrx_word' id='word_1_537' title='bbox 309 2093 322 2119; x_wconf 84' lang='grc' dir='ltr'><strong>ό</strong></span> <span class='ocrx_word' id='word_1_538' title='bbox 338 2092 387 2127; x_wconf 70' lang='grc' dir='ltr'>μὶν</span> <span class='ocrx_word' id='word_1_539' title='bbox 412 2092 612 2127; x_wconf 69' lang='grc' dir='ltr'>’μεσονυκτικδς</span> <span class='ocrx_word' id='word_1_540' title='bbox 630 2091 714 2126; x_wconf 77' lang='grc' dir='ltr'>ὕμνος</span> <span class='ocrx_word' id='word_1_541' title='bbox 727 2091 896 2118; x_wconf 80' lang='grc' dir='ltr'>τετέλεσται.</span> 
     </span>
    </p>
   </div>
   <div class='ocr_carea' id='block_1_78' title="bbox 108 2136 897 2172">
    <p class='ocr_par' dir='ltr' id='par_1_78' title="bbox 108 2136 897 2172">
     <span class='ocr_line' id='line_1_78' title="bbox 108 2136 897 2172; baseline -0.003 -7"><span class='ocrx_word' id='word_1_542' title='bbox 108 2138 141 2165; x_wconf 80' lang='grc' dir='ltr'>Δί</span> <span class='ocrx_word' id='word_1_543' title='bbox 152 2138 234 2164; x_wconf 88' lang='grc' dir='ltr'>πύλαι</span> <span class='ocrx_word' id='word_1_544' title='bbox 248 2137 276 2164; x_wconf 76' lang='grc' dir='ltr'><strong>δι</strong></span> <span class='ocrx_word' id='word_1_545' title='bbox 285 2138 332 2164; x_wconf 84' lang='grc' dir='ltr'>τοῦ</span> <span class='ocrx_word' id='word_1_546' title='bbox 349 2137 414 2164; x_wconf 68' lang='grc' dir='ltr'>ναοῦ</span> <span class='ocrx_word' id='word_1_547' title='bbox 431 2138 587 2172; x_wconf 75' lang='grc' dir='ltr'>ἀνοίγονται</span> <span class='ocrx_word' id='word_1_548' title='bbox 602 2138 639 2169; x_wconf 82' lang='grc' dir='ltr'>ὼς</span> <span class='ocrx_word' id='word_1_549' title='bbox 655 2139 669 2164; x_wconf 84' lang='grc' dir='ltr'>ὁ</span> <span class='ocrx_word' id='word_1_550' title='bbox 695 2137 821 2172; x_wconf 80' lang='grc' dir='ltr'>οὐρανὸς,</span> <span class='ocrx_word' id='word_1_551' title='bbox 849 2136 897 2164; x_wconf 75' lang='grc' dir='ltr'>καὶ</span> 
     </span>
    </p>
   </div>
   <div class='ocr_carea' id='block_1_79' title="bbox 950 1535 1737 1574">
    <p class='ocr_par' dir='ltr' id='par_1_79' title="bbox 950 1535 1737 1574">
     <span class='ocr_line' id='line_1_79' title="bbox 950 1535 1737 1574; baseline -0.004 -9"><span class='ocrx_word' id='word_1_552' title='bbox 950 1539 1051 1574; x_wconf 83' lang='lat' dir='ltr'><strong>quippe</strong></span> <span class='ocrx_word' id='word_1_553' title='bbox 1072 1537 1185 1573; x_wconf 83' lang='lat' dir='ltr'><strong>perutile</strong></span> <span class='ocrx_word' id='word_1_554' title='bbox 1199 1543 1241 1565; x_wconf 85' lang='lat' dir='ltr'><strong>est</strong></span> <span class='ocrx_word' id='word_1_555' title='bbox 1255 1538 1281 1564; x_wconf 90' lang='lat' dir='ltr'><strong>in</strong></span> <span class='ocrx_word' id='word_1_556' title='bbox 1297 1538 1349 1564; x_wconf 89' lang='lat' dir='ltr'><strong>flne</strong></span> <span class='ocrx_word' id='word_1_557' title='bbox 1363 1544 1474 1572; x_wconf 85' lang='lat' dir='ltr'><strong>precum</strong></span> <span class='ocrx_word' id='word_1_558' title='bbox 1491 1536 1525 1563; x_wconf 88' lang='lat' dir='ltr'><strong>de</strong></span> <span class='ocrx_word' id='word_1_559' title='bbox 1540 1535 1668 1563; x_wconf 89' lang='lat' dir='ltr'><strong>omnibus</strong></span> <span class='ocrx_word' id='word_1_560' title='bbox 1681 1542 1737 1562; x_wconf 87' lang='lat' dir='ltr'><strong>me-</strong></span> 
     </span>
    </p>
   </div>
   <div class='ocr_carea' id='block_1_80' title="bbox 950 1581 1736 1618">
    <p class='ocr_par' dir='ltr' id='par_1_80' title="bbox 950 1581 1736 1618">
     <span class='ocr_line' id='line_1_80' title="bbox 950 1581 1736 1618; baseline -0.006 -6"><span class='ocrx_word' id='word_1_561' title='bbox 950 1585 1065 1612; x_wconf 85' lang='lat' dir='ltr'><strong>moriam</strong></span> <span class='ocrx_word' id='word_1_562' title='bbox 1083 1584 1183 1617; x_wconf 87' lang='lat' dir='ltr'><strong>facere,</strong></span> <span class='ocrx_word' id='word_1_563' title='bbox 1207 1584 1335 1618; x_wconf 88' lang='lat' dir='ltr'><strong>quoniam</strong></span> <span class='ocrx_word' id='word_1_564' title='bbox 1365 1584 1400 1610; x_wconf 90' lang='lat' dir='ltr'><strong>ita</strong></span> <span class='ocrx_word' id='word_1_565' title='bbox 1429 1582 1555 1610; x_wconf 85' lang='lat' dir='ltr'><strong>faciendo</strong></span> <span class='ocrx_word' id='word_1_566' title='bbox 1587 1589 1682 1608; x_wconf 85' lang='lat' dir='ltr'><strong>omnes</strong></span> <span class='ocrx_word' id='word_1_567' title='bbox 1709 1581 1736 1608; x_wconf 95' lang='lat' dir='ltr'><strong>in</strong></span> 
     </span>
    </p>
   </div>
   <div class='ocr_carea' id='block_1_81' title="bbox 950 1628 1736 1664">
    <p class='ocr_par' dir='ltr' id='par_1_81' title="bbox 950 1628 1736 1664">
     <span class='ocr_line' id='line_1_81' title="bbox 950 1628 1736 1664; baseline -0.005 -6"><span class='ocrx_word' id='word_1_568' title='bbox 950 1631 1022 1659; x_wconf 90' lang='lat' dir='ltr'><strong>omni</strong></span> <span class='ocrx_word' id='word_1_569' title='bbox 1047 1631 1107 1658; x_wconf 85' lang='lat' dir='ltr'><strong>loeo</strong></span> <span class='ocrx_word' id='word_1_570' title='bbox 1133 1639 1181 1664; x_wconf 89' lang='lat' dir='ltr'><strong>pro</strong></span> <span class='ocrx_word' id='word_1_571' title='bbox 1199 1631 1314 1658; x_wconf 84' lang='lat' dir='ltr'><strong>invicem</strong></span> <span class='ocrx_word' id='word_1_572' title='bbox 1333 1637 1453 1662; x_wconf 87' lang='lat' dir='ltr'><strong>oramus,</strong></span> <span class='ocrx_word' id='word_1_573' title='bbox 1476 1633 1503 1656; x_wconf 88' lang='lat' dir='ltr'><strong>et</strong></span> <span class='ocrx_word' id='word_1_574' title='bbox 1516 1630 1566 1662; x_wconf 82' lang='lat' dir='ltr'><strong>sic,</strong></span> <span class='ocrx_word' id='word_1_575' title='bbox 1587 1628 1736 1656; x_wconf 90' lang='lat' dir='ltr'><strong>secundum</strong></span> 
     </span>
    </p>
   </div>
   <div class='ocr_carea' id='block_1_82' title="bbox 951 1675 1736 1708">
    <p class='ocr_par' dir='ltr' id='par_1_82' title="bbox 951 1675 1736 1708">
     <span class='ocr_line' id='line_1_82' title="bbox 951 1675 1736 1708; baseline -0.006 -3"><span class='ocrx_word' id='word_1_576' title='bbox 951 1678 1061 1705; x_wconf 81' lang='lat' dir='ltr'><strong>fratrem</strong></span> <span class='ocrx_word' id='word_1_577' title='bbox 1082 1676 1197 1708; x_wconf 83' lang='lat' dir='ltr'><strong>Domini,</strong></span> <span class='ocrx_word' id='word_1_578' title='bbox 1216 1676 1374 1704; x_wconf 83' lang='lat' dir='ltr'><strong>sanabimur</strong></span> <span class='ocrx_word' id='word_1_579' title='bbox 1386 1683 1481 1703; x_wconf 80' lang='lat' dir='ltr'><strong>omnes</strong></span> <span class='ocrx_word' id='word_1_580' title='bbox 1496 1679 1523 1702; x_wconf 88' lang='lat' dir='ltr'><strong>et</strong></span> <span class='ocrx_word' id='word_1_581' title='bbox 1539 1675 1607 1703; x_wconf 84' lang='lat' dir='ltr'><strong>salvi</strong></span> <span class='ocrx_word' id='word_1_582' title='bbox 1634 1676 1736 1702; x_wconf 83' lang='lat' dir='ltr'><strong>erimus</strong></span> 
     </span>
    </p>
   </div>
   <div class='ocr_carea' id='block_1_83' title="bbox 950 1721 1737 1757">
    <p class='ocr_par' dir='ltr' id='par_1_83' title="bbox 950 1721 1737 1757">
     <span class='ocr_line' id='line_1_83' title="bbox 950 1721 1737 1757; baseline -0.004 -6"><span class='ocrx_word' id='word_1_583' title='bbox 950 1724 1065 1751; x_wconf 83' lang='lat' dir='ltr'><strong>libentes</strong></span> <span class='ocrx_word' id='word_1_584' title='bbox 1080 1727 1107 1751; x_wconf 86' lang='lat' dir='ltr'><strong>et</strong></span> <span class='ocrx_word' id='word_1_585' title='bbox 1121 1723 1210 1750; x_wconf 89' lang='lat' dir='ltr'><strong>inviti.</strong></span> <span class='ocrx_word' id='word_1_586' title='bbox 1240 1721 1409 1750; x_wconf 87' lang='lat' dir='ltr'><strong>Communes</strong></span> <span class='ocrx_word' id='word_1_587' title='bbox 1428 1727 1518 1749; x_wconf 83' lang='lat' dir='ltr'><strong>autem</strong></span> <span class='ocrx_word' id='word_1_588' title='bbox 1537 1729 1632 1757; x_wconf 87' lang='lat' dir='ltr'><strong>preces</strong></span> <span class='ocrx_word' id='word_1_589' title='bbox 1658 1728 1737 1756; x_wconf 88' lang='lat' dir='ltr'><strong>supe-</strong></span> 
     </span>
    </p>
   </div>
   <div class='ocr_carea' id='block_1_84' title="bbox 950 1768 1735 1805">
    <p class='ocr_par' dir='ltr' id='par_1_84' title="bbox 950 1768 1735 1805">
     <span class='ocr_line' id='line_1_84' title="bbox 950 1768 1735 1805; baseline -0.004 -8"><span class='ocrx_word' id='word_1_590' title='bbox 950 1771 1007 1798; x_wconf 86' lang='lat' dir='ltr'><strong>rior</strong></span> <span class='ocrx_word' id='word_1_591' title='bbox 1019 1770 1123 1805; x_wconf 82' lang='lat' dir='ltr'><strong>perﬁcit</strong></span> <span class='ocrx_word' id='word_1_592' title='bbox 1137 1769 1264 1804; x_wconf 85' lang='lat' dir='ltr'><strong>precibus</strong></span> <span class='ocrx_word' id='word_1_593' title='bbox 1279 1771 1436 1796; x_wconf 76' lang='lat' dir='ltr'><strong>Sanctorum</strong></span> <span class='ocrx_word' id='word_1_594' title='bbox 1453 1773 1611 1796; x_wconf 89' lang='lat' dir='ltr'><strong>nostrorum</strong></span> <span class='ocrx_word' id='word_1_595' title='bbox 1624 1768 1735 1795; x_wconf 83' lang='lat' dir='ltr'><strong>Patrum</strong></span> 
     </span>
    </p>
   </div>
   <div class='ocr_carea' id='block_1_85' title="bbox 949 1814 1629 1851">
    <p class='ocr_par' dir='ltr' id='par_1_85' title="bbox 949 1814 1629 1851">
     <span class='ocr_line' id='line_1_85' title="bbox 949 1814 1629 1851; baseline -0.003 -7"><span class='ocrx_word' id='word_1_596' title='bbox 949 1817 1053 1846; x_wconf 85' lang='lat' dir='ltr'><strong>Christi</strong></span> <span class='ocrx_word' id='word_1_597' title='bbox 1071 1816 1116 1844; x_wconf 88' lang='lat' dir='ltr'><strong>Dei</strong></span> <span class='ocrx_word' id='word_1_598' title='bbox 1135 1816 1220 1844; x_wconf 78' lang='lat' dir='ltr'><strong>nostri</strong></span> <span class='ocrx_word' id='word_1_599' title='bbox 1239 1816 1456 1844; x_wconf 87' lang='lat' dir='ltr'><strong>misericordiam</strong></span> <span class='ocrx_word' id='word_1_600' title='bbox 1469 1814 1629 1851; x_wconf 70' lang='lat' dir='ltr'><strong>“agitando.</strong></span> 
     </span>
    </p>
   </div>
   <div class='ocr_carea' id='block_1_86' title="bbox 1222 1911 1474 1941">
    <p class='ocr_par' dir='ltr' id='par_1_86' title="bbox 1222 1911 1474 1941">
     <span class='ocr_line' id='line_1_86' title="bbox 1222 1911 1474 1941; baseline -0.004 0"><span class='ocrx_word' id='word_1_601' title='bbox 1222 1911 1336 1941; x_wconf 82' lang='lat' dir='ltr'><strong>CAPUT</strong></span> <span class='ocrx_word' id='word_1_602' title='bbox 1361 1912 1474 1941; x_wconf 84' lang='lat' dir='ltr'><strong>CCCIX.</strong></span> 
     </span>
    </p>
   </div>
   <div class='ocr_carea' id='block_1_87' title="bbox 953 1969 1740 2004">
    <p class='ocr_par' dir='ltr' id='par_1_87' title="bbox 953 1969 1740 2004">
     <span class='ocr_line' id='line_1_87' title="bbox 953 1969 1740 2004; baseline -0.003 -5"><span class='ocrx_word' id='word_1_603' title='bbox 953 1972 990 1999; x_wconf 86' lang='lat' dir='ltr'><strong>De</strong></span> <span class='ocrx_word' id='word_1_604' title='bbox 1015 1972 1105 1998; x_wconf 79' lang='lat' dir='ltr'><strong>ordine</strong></span> <span class='ocrx_word' id='word_1_605' title='bbox 1122 1970 1248 1998; x_wconf 80' lang='lat' dir='ltr'><strong>matutini</strong></span> <span class='ocrx_word' id='word_1_606' title='bbox 1263 1971 1349 2004; x_wconf 68' lang='lat' dir='ltr'><strong>ofﬁcii,</strong></span> <span class='ocrx_word' id='word_1_607' title='bbox 1363 1975 1386 1997; x_wconf 86' lang='lat' dir='ltr'><strong>et</strong></span> <span class='ocrx_word' id='word_1_608' title='bbox 1403 1971 1516 2004; x_wconf 80' lang='lat' dir='ltr'><strong>primum</strong></span> <span class='ocrx_word' id='word_1_609' title='bbox 1534 1969 1596 2004; x_wconf 83' lang='lat' dir='ltr'><strong>quid</strong></span> <span class='ocrx_word' id='word_1_610' title='bbox 1611 1970 1740 2004; x_wconf 69' lang='lat' dir='ltr'><strong>signiﬁcet</strong></span> 
     </span>
    </p>
   </div>
   <div class='ocr_carea' id='block_1_88' title="bbox 986 1998 1740 2040">
    <p class='ocr_par' dir='ltr' id='par_1_88' title="bbox 986 1998 1740 2040">
     <span class='ocr_line' id='line_1_88' title="bbox 986 1998 1740 2040; baseline -0.004 -7"><span class='ocrx_word' id='word_1_611' title='bbox 986 2007 1048 2034; x_wconf 79' lang='lat' dir='ltr'><strong>vela</strong></span> <span class='ocrx_word' id='word_1_612' title='bbox 1068 2011 1207 2040; x_wconf 84' lang='lat' dir='ltr'><strong>portarum</strong></span> <span class='ocrx_word' id='word_1_613' title='bbox 1227 1998 1315 2040; x_wconf 59' lang='lat' dir='ltr'><strong>templi</strong></span> <span class='ocrx_word' id='word_1_614' title='bbox 1331 1998 1446 2040; x_wconf 61' lang='lat' dir='ltr'><strong>aperiri,</strong></span> <span class='ocrx_word' id='word_1_615' title='bbox 1465 1998 1546 2039; x_wconf 57' lang='lat' dir='ltr'><strong>atque</strong></span> <span class='ocrx_word' id='word_1_616' title='bbox 1563 2013 1608 2039; x_wconf 85' lang='lat' dir='ltr'><strong>per</strong></span> <span class='ocrx_word' id='word_1_617' title='bbox 1624 1998 1685 2031; x_wconf 60' lang='lat' dir='ltr'><strong>illas</strong></span> <span class='ocrx_word' id='word_1_618' title='bbox 1699 2005 1740 2031; x_wconf 80' lang='lat' dir='ltr'><strong>in-</strong></span> 
     </span>
    </p>
   </div>
   <div class='ocr_carea' id='block_1_89' title="bbox 985 2041 1239 2075">
    <p class='ocr_par' dir='ltr' id='par_1_89' title="bbox 985 2041 1239 2075">
     <span class='ocr_line' id='line_1_89' title="bbox 985 2041 1239 2075; baseline -0.008 -7"><span class='ocrx_word' id='word_1_619' title='bbox 985 2042 1076 2073; x_wconf 81' lang='lat' dir='ltr'><strong>troire,</strong></span> <span class='ocrx_word' id='word_1_620' title='bbox 1090 2046 1114 2068; x_wconf 83' lang='lat' dir='ltr'><strong>et</strong></span> <span class='ocrx_word' id='word_1_621' title='bbox 1127 2041 1239 2075; x_wconf 67' lang='lat' dir='ltr'><strong>sumtus.</strong></span> 
     </span>
    </p>
   </div>
   <div class='ocr_carea' id='block_1_90' title="bbox 988 2085 1739 2120">
    <p class='ocr_par' dir='ltr' id='par_1_90' title="bbox 988 2085 1739 2120">
     <span class='ocr_line' id='line_1_90' title="bbox 988 2085 1739 2120; baseline -0.001 -6"><span class='ocrx_word' id='word_1_622' title='bbox 988 2087 1021 2114; x_wconf 83' lang='lat' dir='ltr'><strong>Et</strong></span> <span class='ocrx_word' id='word_1_623' title='bbox 1037 2087 1076 2115; x_wconf 88' lang='lat' dir='ltr'><strong>sic</strong></span> <span class='ocrx_word' id='word_1_624' title='bbox 1092 2091 1255 2114; x_wconf 79' lang='lat' dir='ltr'><strong>nocturnum</strong></span> <span class='ocrx_word' id='word_1_625' title='bbox 1271 2085 1410 2120; x_wconf 81' lang='lat' dir='ltr'><strong>perficitur</strong></span> <span class='ocrx_word' id='word_1_626' title='bbox 1423 2086 1553 2114; x_wconf 80' lang='lat' dir='ltr'><strong>cilicium.</strong></span> <span class='ocrx_word' id='word_1_627' title='bbox 1572 2086 1660 2113; x_wconf 60' lang='lat' dir='ltr'><strong>Porta:</strong></span> <span class='ocrx_word' id='word_1_628' title='bbox 1675 2093 1739 2113; x_wconf 78' lang='lat' dir='ltr'><strong>vero</strong></span> 
     </span>
    </p>
   </div>
   <div class='ocr_carea' id='block_1_91' title="bbox 951 2133 1737 2168">
    <p class='ocr_par' dir='ltr' id='par_1_91' title="bbox 951 2133 1737 2168">
     <span class='ocr_line' id='line_1_91' title="bbox 951 2133 1737 2168; baseline -0.003 -7"><span class='ocrx_word' id='word_1_629' title='bbox 951 2134 1045 2168; x_wconf 84' lang='lat' dir='ltr'><strong>templi</strong></span> <span class='ocrx_word' id='word_1_630' title='bbox 1064 2133 1227 2167; x_wconf 86' lang='lat' dir='ltr'><strong>aperiuntur</strong></span> <span class='ocrx_word' id='word_1_631' title='bbox 1241 2139 1369 2167; x_wconf 84' lang='lat' dir='ltr'><strong>tanquam</strong></span> <span class='ocrx_word' id='word_1_632' title='bbox 1385 2133 1496 2165; x_wconf 80' lang='lat' dir='ltr'><strong>coelum.</strong></span> <span class='ocrx_word' id='word_1_633' title='bbox 1512 2137 1539 2160; x_wconf 84' lang='lat' dir='ltr'><strong>et</strong></span> <span class='ocrx_word' id='word_1_634' title='bbox 1552 2133 1624 2160; x_wconf 88' lang='lat' dir='ltr'><strong>velut</strong></span> <span class='ocrx_word' id='word_1_635' title='bbox 1639 2140 1652 2159; x_wconf 91' lang='lat' dir='ltr'><strong>a</strong></span> <span class='ocrx_word' id='word_1_636' title='bbox 1668 2137 1737 2160; x_wconf 88' lang='lat' dir='ltr'><strong>terra</strong></span> 
     </span>
    </p>
   </div>
   <div class='ocr_carea' id='block_1_92' title="bbox 108 2178 895 2218">
    <p class='ocr_par' dir='ltr' id='par_1_92' title="bbox 108 2182 895 2218">
     <span class='ocr_line' id='line_1_92' title="bbox 108 2182 895 2218; baseline -0.004 -7"><span class='ocrx_word' id='word_1_637' title='bbox 108 2184 143 2216; x_wconf 78' lang='grc' dir='ltr'>ὡς</span> <span class='ocrx_word' id='word_1_638' title='bbox 156 2185 208 2211; x_wconf 74' lang='grc' dir='ltr'><strong>ἀπὸ</strong></span> <span class='ocrx_word' id='word_1_639' title='bbox 224 2185 273 2218; x_wconf 81' lang='grc' dir='ltr'>τῆς</span> <span class='ocrx_word' id='word_1_640' title='bbox 284 2184 335 2218; x_wconf 80' lang='grc' dir='ltr'><strong>γῆς</strong></span> <span class='ocrx_word' id='word_1_641' title='bbox 345 2185 384 2215; x_wconf 70' lang='grc' dir='ltr'>είς</span> <span class='ocrx_word' id='word_1_642' title='bbox 404 2184 485 2210; x_wconf 80' lang='grc' dir='ltr'>αὑτὸν</span> <span class='ocrx_word' id='word_1_643' title='bbox 501 2183 692 2218; x_wconf 77' lang='grc' dir='ltr'><strong>εἰσερχόμεθα.</strong></span> <span class='ocrx_word' id='word_1_644' title='bbox 709 2183 788 2209; x_wconf 79' lang='grc' dir='ltr'>Καθὰ</span> <span class='ocrx_word' id='word_1_645' title='bbox 803 2182 834 2218; x_wconf 83' lang='grc' dir='ltr'><strong>δὴ</strong></span> <span class='ocrx_word' id='word_1_646' title='bbox 848 2182 895 2209; x_wconf 81' lang='grc' dir='ltr'><strong>καὶ</strong></span> 
     </span>
    </p>
   </div>
   <div class='ocr_carea' id='block_1_93' title="bbox 947 2178 1738 2218">
    <p class='ocr_par' dir='ltr' id='par_1_93' title="bbox 951 2178 1738 2214">
     <span class='ocr_line' id='line_1_93' title="bbox 951 2178 1738 2214; baseline -0.004 -7"><span class='ocrx_word' id='word_1_647' title='bbox 951 2180 978 2207; x_wconf 85' lang='lat' dir='ltr'><strong>in</strong></span> <span class='ocrx_word' id='word_1_648' title='bbox 1005 2179 1073 2207; x_wconf 90' lang='lat' dir='ltr'><strong>illud</strong></span> <span class='ocrx_word' id='word_1_649' title='bbox 1099 2178 1280 2213; x_wconf 78' lang='lat' dir='ltr'><strong>ingredimur,</strong></span> <span class='ocrx_word' id='word_1_650' title='bbox 1300 2179 1530 2214; x_wconf 80' lang='lat' dir='ltr'><strong>quemadmodum</strong></span> <span class='ocrx_word' id='word_1_651' title='bbox 1556 2183 1583 2207; x_wconf 88' lang='lat' dir='ltr'><strong>et</strong></span> <span class='ocrx_word' id='word_1_652' title='bbox 1605 2183 1669 2206; x_wconf 88' lang='lat' dir='ltr'><strong>tunc</strong></span> <span class='ocrx_word' id='word_1_653' title='bbox 1693 2178 1738 2213; x_wconf 80' lang='lat' dir='ltr'><strong>qui</strong></span> 
     </span>
    </p>
   </div>
   <div class='ocr_carea' id='block_1_94' title="bbox 110 2228 895 2264">
    <p class='ocr_par' dir='ltr' id='par_1_94' title="bbox 110 2228 895 2264">
     <span class='ocr_line' id='line_1_94' title="bbox 110 2228 895 2264; baseline -0.003 -7"><span class='ocrx_word' id='word_1_654' title='bbox 110 2230 168 2257; x_wconf 76' lang='grc' dir='ltr'>τότε</span> <span class='ocrx_word' id='word_1_655' title='bbox 192 2230 401 2264; x_wconf 73' lang='grc' dir='ltr'><strong>ἀρπιγήσονται</strong></span> <span class='ocrx_word' id='word_1_656' title='bbox 428 2230 453 2256; x_wconf 79' lang='grc' dir='ltr'>οἱ</span> <span class='ocrx_word' id='word_1_657' title='bbox 478 2229 526 2256; x_wconf 72' lang='grc' dir='ltr'><strong>τοῦ</strong></span> <span class='ocrx_word' id='word_1_658' title='bbox 559 2228 691 2264; x_wconf 78' lang='grc' dir='ltr'><strong>Χριστοῦ.</strong></span> <span class='ocrx_word' id='word_1_659' title='bbox 708 2229 737 2255; x_wconf 72' lang='grc' dir='ltr'>ἐν</span> <span class='ocrx_word' id='word_1_660' title='bbox 756 2228 895 2262; x_wconf 76' lang='grc' dir='ltr'><strong>νεφέλαις.</strong></span> 
     </span>
    </p>
   </div>
   <div class='ocr_carea' id='block_1_95' title="bbox 113 2275 897 2311">
    <p class='ocr_par' dir='ltr' id='par_1_95' title="bbox 113 2275 897 2311">
     <span class='ocr_line' id='line_1_95' title="bbox 113 2275 897 2311; baseline -0.003 -9"><span class='ocrx_word' id='word_1_661' title='bbox 113 2277 165 2303; x_wconf 76' lang='grc' dir='ltr'><strong>Καὶ</strong></span> <span class='ocrx_word' id='word_1_662' title='bbox 178 2275 248 2302; x_wconf 84' lang='grc' dir='ltr'>οὔτω</span> <span class='ocrx_word' id='word_1_663' title='bbox 264 2276 379 2303; x_wconf 81' lang='grc' dir='ltr'>πάντοτε</span> <span class='ocrx_word' id='word_1_664' title='bbox 396 2276 445 2302; x_wconf 82' lang='grc' dir='ltr'><strong>σὺν</strong></span> <span class='ocrx_word' id='word_1_665' title='bbox 473 2275 567 2311; x_wconf 81' lang='grc' dir='ltr'>Κυρίῳ</span> <span class='ocrx_word' id='word_1_666' title='bbox 581 2275 700 2310; x_wconf 72' lang='grc' dir='ltr'>ἐσόμεθα.</span> <span class='ocrx_word' id='word_1_667' title='bbox 717 2283 722 2289; x_wconf 94' lang='grc'><strong>·</strong></span> <span class='ocrx_word' id='word_1_668' title='bbox 743 2275 790 2302; x_wconf 73' lang='grc' dir='ltr'><strong>καὶ</strong></span> <span class='ocrx_word' id='word_1_669' title='bbox 805 2275 842 2306; x_wconf 79' lang='grc' dir='ltr'>ὡς</span> <span class='ocrx_word' id='word_1_670' title='bbox 855 2282 897 2301; x_wconf 80' lang='grc' dir='ltr'>νε-</span> 
     </span>
    </p>
   </div>
   <div class='ocr_carea' id='block_1_96' title="bbox 113 2320 897 2357">
    <p class='ocr_par' dir='ltr' id='par_1_96' title="bbox 113 2320 897 2357">
     <span class='ocr_line' id='line_1_96' title="bbox 113 2320 897 2357; baseline -0.003 -9"><span class='ocrx_word' id='word_1_671' title='bbox 113 2323 176 2357; x_wconf 68' lang='grc' dir='ltr'>φέλη</span> <span class='ocrx_word' id='word_1_672' title='bbox 193 2322 220 2349; x_wconf 69' lang='grc' dir='ltr'>δὲ</span> <span class='ocrx_word' id='word_1_673' title='bbox 236 2322 266 2348; x_wconf 75' lang='grc' dir='ltr'><strong>τὸ</strong></span> <span class='ocrx_word' id='word_1_674' title='bbox 285 2322 420 2356; x_wconf 80' lang='grc' dir='ltr'>θυμίαμα,</span> <span class='ocrx_word' id='word_1_675' title='bbox 438 2322 468 2349; x_wconf 74' lang='grc' dir='ltr'>τὸ</span> <span class='ocrx_word' id='word_1_676' title='bbox 480 2321 591 2357; x_wconf 76' lang='grc' dir='ltr'>Πνεῦμα</span> <span class='ocrx_word' id='word_1_677' title='bbox 606 2321 636 2347; x_wconf 85' lang='grc' dir='ltr'>τὸ</span> <span class='ocrx_word' id='word_1_678' title='bbox 646 2322 724 2355; x_wconf 77' lang='grc' dir='ltr'>ἅγιον</span> <span class='ocrx_word' id='word_1_679' title='bbox 750 2320 897 2348; x_wconf 77' lang='grc' dir='ltr'>ἐκτυποῦν-</span> 
     </span>
    </p>
   </div>
   <div class='ocr_carea' id='block_1_97' title="bbox 112 2366 897 2402">
    <p class='ocr_par' dir='ltr' id='par_1_97' title="bbox 112 2366 897 2402">
     <span class='ocr_line' id='line_1_97' title="bbox 112 2366 897 2402; baseline -0.003 -8"><span class='ocrx_word' id='word_1_680' title='bbox 112 2368 176 2395; x_wconf 57' lang='lat' dir='ltr'><strong>sua</strong></span> <span class='ocrx_word' id='word_1_681' title='bbox 190 2368 235 2394; x_wconf 78' lang='grc' dir='ltr'>καὶ</span> <span class='ocrx_word' id='word_1_682' title='bbox 252 2367 282 2393; x_wconf 79' lang='grc' dir='ltr'>τὸ</span> <span class='ocrx_word' id='word_1_683' title='bbox 300 2367 475 2402; x_wconf 83' lang='grc' dir='ltr'>μεταδοτικδν</span> <span class='ocrx_word' id='word_1_684' title='bbox 487 2368 536 2401; x_wconf 80' lang='grc' dir='ltr'>τῆς</span> <span class='ocrx_word' id='word_1_685' title='bbox 554 2366 630 2398; x_wconf 83' lang='grc' dir='ltr'>θείας</span> <span class='ocrx_word' id='word_1_686' title='bbox 645 2366 729 2393; x_wconf 79' lang='grc' dir='ltr'>αὐτοῦ</span> <span class='ocrx_word' id='word_1_687' title='bbox 744 2366 854 2401; x_wconf 80' lang='grc' dir='ltr'>χάριτός</span> <span class='ocrx_word' id='word_1_688' title='bbox 868 2373 897 2392; x_wconf 91' lang='grc' dir='ltr'><strong>τε</strong></span> 
     </span>
    </p>
   </div>
   <div class='ocr_carea' id='block_1_98' title="bbox 114 2412 897 2449">
    <p class='ocr_par' dir='ltr' id='par_1_98' title="bbox 114 2412 897 2449">
     <span class='ocr_line' id='line_1_98' title="bbox 114 2412 897 2449; baseline -0.004 -8"><span class='ocrx_word' id='word_1_689' title='bbox 114 2415 157 2441; x_wconf 79' lang='grc' dir='ltr'><strong>καὶ</strong></span> <span class='ocrx_word' id='word_1_690' title='bbox 171 2414 296 2448; x_wconf 81' lang='grc' dir='ltr'><strong>εῠῳδίας.</strong></span> <span class='ocrx_word' id='word_1_691' title='bbox 313 2413 402 2445; x_wconf 74' lang='grc' dir='ltr'>Εὐθὺς</span> <span class='ocrx_word' id='word_1_692' title='bbox 419 2415 473 2449; x_wconf 77' lang='grc' dir='ltr'><strong>γὰρ</strong></span> <span class='ocrx_word' id='word_1_693' title='bbox 490 2413 668 2440; x_wconf 73' lang='grc' dir='ltr'><strong>εἰσελθόντων</strong></span> <span class='ocrx_word' id='word_1_694' title='bbox 682 2413 823 2446; x_wconf 78' lang='grc' dir='ltr'>ἁπάντων,</span> <span class='ocrx_word' id='word_1_695' title='bbox 850 2412 897 2438; x_wconf 83' lang='grc' dir='ltr'><strong>τοῦ</strong></span> 
     </span>
    </p>
   </div>
   <div class='ocr_carea' id='block_1_99' title="bbox 115 2458 899 2496">
    <p class='ocr_par' dir='ltr' id='par_1_99' title="bbox 115 2458 899 2496">
     <span class='ocr_line' id='line_1_99' title="bbox 115 2458 899 2496; baseline -0.003 -9"><span class='ocrx_word' id='word_1_696' title='bbox 115 2462 160 2496; x_wconf 69' lang='grc' dir='ltr'><strong>μὶν</strong></span> <span class='ocrx_word' id='word_1_697' title='bbox 169 2460 376 2495; x_wconf 75' lang='grc' dir='ltr'>καθηγουμένου</span> <span class='ocrx_word' id='word_1_698' title='bbox 393 2460 436 2487; x_wconf 84' lang='grc' dir='ltr'><strong>διὰ</strong></span> <span class='ocrx_word' id='word_1_699' title='bbox 460 2462 511 2496; x_wconf 79' lang='grc' dir='ltr'>τῆς</span> <span class='ocrx_word' id='word_1_700' title='bbox 546 2460 691 2495; x_wconf 81' lang='grc' dir='ltr'><strong>βασιλικῆς</strong></span> <span class='ocrx_word' id='word_1_701' title='bbox 707 2459 791 2494; x_wconf 72' lang='grc'><strong>218</strong></span> <span class='ocrx_word' id='word_1_702' title='bbox 807 2458 899 2492; x_wconf 84' lang='grc' dir='ltr'>Πύλης</span> 
     </span>
    </p>
   </div>
   <div class='ocr_carea' id='block_1_100' title="bbox 115 2504 899 2542">
    <p class='ocr_par' dir='ltr' id='par_1_100' title="bbox 115 2504 899 2542">
     <span class='ocr_line' id='line_1_100' title="bbox 115 2504 899 2542; baseline -0.005 -9"><span class='ocrx_word' id='word_1_703' title='bbox 115 2508 149 2539; x_wconf 83' lang='grc' dir='ltr'>ὡς</span> <span class='ocrx_word' id='word_1_704' title='bbox 160 2506 204 2533; x_wconf 85' lang='grc' dir='ltr'>τοῦ</span> <span class='ocrx_word' id='word_1_705' title='bbox 219 2506 337 2542; x_wconf 70' lang='grc' dir='ltr'>Χριστοῦ</span> <span class='ocrx_word' id='word_1_706' title='bbox 353 2506 401 2533; x_wconf 74' lang='grc' dir='ltr'>τοῦ</span> <span class='ocrx_word' id='word_1_707' title='bbox 417 2507 462 2533; x_wconf 73' lang='grc' dir='ltr'>διὰ</span> <span class='ocrx_word' id='word_1_708' title='bbox 476 2506 561 2540; x_wconf 84' lang='grc' dir='ltr'><strong>πύλης</strong></span> <span class='ocrx_word' id='word_1_709' title='bbox 580 2504 761 2534; x_wconf 74' lang='grc' dir='ltr'>εἰσελθόντος</span> <span class='ocrx_word' id='word_1_710' title='bbox 780 2505 810 2530; x_wconf 83' lang='grc' dir='ltr'>ὲν</span> <span class='ocrx_word' id='word_1_711' title='bbox 832 2504 899 2538; x_wconf 81' lang='grc' dir='ltr'>ἡμίν</span> 
     </span>
    </p>
   </div>
   <div class='ocr_carea' id='block_1_101' title="bbox 117 2549 899 2587">
    <p class='ocr_par' dir='ltr' id='par_1_101' title="bbox 117 2549 899 2587">
     <span class='ocr_line' id='line_1_101' title="bbox 117 2549 899 2587; baseline -0.005 -8"><span class='ocrx_word' id='word_1_712' title='bbox 117 2553 315 2587; x_wconf 77' lang='grc' dir='ltr'>κεκλεισμένης,</span> <span class='ocrx_word' id='word_1_713' title='bbox 332 2552 382 2587; x_wconf 77' lang='grc' dir='ltr'>τῆς</span> <span class='ocrx_word' id='word_1_714' title='bbox 397 2551 543 2584; x_wconf 78' lang='grc' dir='ltr'>Θεοτόκου,</span> <span class='ocrx_word' id='word_1_715' title='bbox 564 2551 611 2577; x_wconf 76' lang='grc' dir='ltr'>καὶ</span> <span class='ocrx_word' id='word_1_716' title='bbox 625 2551 679 2576; x_wconf 83' lang='grc' dir='ltr'><strong>τῶν</strong></span> <span class='ocrx_word' id='word_1_717' title='bbox 694 2549 819 2584; x_wconf 75' lang='grc' dir='ltr'><strong>οὐρανῶν</strong></span> <span class='ocrx_word' id='word_1_718' title='bbox 832 2549 899 2583; x_wconf 74' lang='grc' dir='ltr'>ἡμῖν</span> 
     </span>
    </p>
   </div>
   <div class='ocr_carea' id='block_1_102' title="bbox 118 2594 899 2630">
    <p class='ocr_par' dir='ltr' id='par_1_102' title="bbox 118 2594 899 2630">
     <span class='ocr_line' id='line_1_102' title="bbox 118 2594 899 2630; baseline -0.005 -6"><span class='ocrx_word' id='word_1_719' title='bbox 118 2598 162 2630; x_wconf 75' lang='grc' dir='ltr'>τὰς</span> <span class='ocrx_word' id='word_1_720' title='bbox 173 2598 256 2629; x_wconf 83' lang='grc' dir='ltr'>πύλας</span> <span class='ocrx_word' id='word_1_721' title='bbox 272 2597 441 2629; x_wconf 78' lang='grc' dir='ltr'>ἁνοίξαντος,</span> <span class='ocrx_word' id='word_1_722' title='bbox 464 2597 517 2623; x_wconf 87' lang='grc' dir='ltr'><strong>τῶν</strong></span> <span class='ocrx_word' id='word_1_723' title='bbox 533 2596 561 2622; x_wconf 78' lang='grc' dir='ltr'><strong>δὲ</strong></span> <span class='ocrx_word' id='word_1_724' title='bbox 585 2596 688 2622; x_wconf 84' lang='grc' dir='ltr'>λοιπῶν</span> <span class='ocrx_word' id='word_1_725' title='bbox 709 2596 741 2621; x_wconf 77' lang='grc' dir='ltr'>ὲκ</span> <span class='ocrx_word' id='word_1_726' title='bbox 770 2594 899 2627; x_wconf 86' lang='grc' dir='ltr'><strong>πλαγίου,</strong></span> 
     </span>
    </p>
   </div>
   <div class='ocr_carea' id='block_1_103' title="bbox 121 2640 895 2679">
    <p class='ocr_par' dir='ltr' id='par_1_103' title="bbox 121 2640 895 2679">
     <span class='ocr_line' id='line_1_103' title="bbox 121 2640 895 2679; baseline -0.008 -8"><span class='ocrx_word' id='word_1_727' title='bbox 121 2645 154 2677; x_wconf 81' lang='grc' dir='ltr'><strong>ὡς</strong></span> <span class='ocrx_word' id='word_1_728' title='bbox 167 2645 216 2671; x_wconf 83' lang='grc' dir='ltr'><strong>ὑπὸ</strong></span> <span class='ocrx_word' id='word_1_729' title='bbox 226 2644 276 2674; x_wconf 76' lang='grc' dir='ltr'>τὰς</span> <span class='ocrx_word' id='word_1_730' title='bbox 289 2644 427 2679; x_wconf 78' lang='grc' dir='ltr'>πτέρυγας</span> <span class='ocrx_word' id='word_1_731' title='bbox 438 2643 523 2670; x_wconf 71' lang='grc' dir='ltr'>ὄντων</span> <span class='ocrx_word' id='word_1_732' title='bbox 534 2643 616 2669; x_wconf 77' lang='grc' dir='ltr'>αὐτοῦ</span> <span class='ocrx_word' id='word_1_733' title='bbox 630 2643 679 2668; x_wconf 85' lang='grc' dir='ltr'>καὶ</span> <span class='ocrx_word' id='word_1_734' title='bbox 687 2641 788 2668; x_wconf 89' lang='grc' dir='ltr'>δούλων</span> <span class='ocrx_word' id='word_1_735' title='bbox 800 2640 895 2672; x_wconf 83' lang='grc' dir='ltr'>αὑτοῦ,</span> 
     </span>
    </p>
   </div>
   <div class='ocr_carea' id='block_1_104' title="bbox 121 2684 899 2723">
    <p class='ocr_par' dir='ltr' id='par_1_104' title="bbox 121 2684 899 2723">
     <span class='ocr_line' id='line_1_104' title="bbox 121 2684 899 2723; baseline -0.006 -8"><span class='ocrx_word' id='word_1_736' title='bbox 121 2689 134 2714; x_wconf 84' lang='grc' dir='ltr'>ὁ</span> <span class='ocrx_word' id='word_1_737' title='bbox 155 2688 239 2723; x_wconf 71' lang='grc' dir='ltr'>ἱερεὺς</span> <span class='ocrx_word' id='word_1_738' title='bbox 267 2688 322 2714; x_wconf 76' lang='grc' dir='ltr'><strong>ἀπὸ</strong></span> <span class='ocrx_word' id='word_1_739' title='bbox 348 2689 395 2714; x_wconf 79' lang='grc' dir='ltr'><strong>τοῦ</strong></span> <span class='ocrx_word' id='word_1_740' title='bbox 425 2688 620 2722; x_wconf 79' lang='grc' dir='ltr'>θυσιαστηρίου</span> <span class='ocrx_word' id='word_1_741' title='bbox 648 2686 765 2720; x_wconf 83' lang='grc' dir='ltr'>εὐλογεῖ,</span> <span class='ocrx_word' id='word_1_742' title='bbox 790 2686 827 2716; x_wconf 83' lang='grc' dir='ltr'>ὡς</span> <span class='ocrx_word' id='word_1_743' title='bbox 852 2684 899 2711; x_wconf 79' lang='grc' dir='ltr'>τοῦ</span> 
     </span>
    </p>
   </div>
   <div class='ocr_carea' id='block_1_105' title="bbox 121 2733 900 2770">
    <p class='ocr_par' dir='ltr' id='par_1_105' title="bbox 121 2733 900 2770">
     <span class='ocr_line' id='line_1_105' title="bbox 121 2733 900 2770; baseline -0.004 -9"><span class='ocrx_word' id='word_1_744' title='bbox 121 2733 230 2768; x_wconf 77' lang='grc' dir='ltr'>Χριστοῦ</span> <span class='ocrx_word' id='word_1_745' title='bbox 246 2735 394 2770; x_wconf 77' lang='grc' dir='ltr'>ὑπουργὸς,</span> <span class='ocrx_word' id='word_1_746' title='bbox 411 2735 494 2762; x_wconf 75' lang='grc' dir='ltr'>αὑτὸν</span> <span class='ocrx_word' id='word_1_747' title='bbox 516 2735 636 2767; x_wconf 65' lang='grc' dir='ltr'>εὐλογῶν</span> <span class='ocrx_word' id='word_1_748' title='bbox 652 2733 721 2768; x_wconf 72' lang='grc' dir='ltr'>μετὶι</span> <span class='ocrx_word' id='word_1_749' title='bbox 738 2733 845 2768; x_wconf 77' lang='grc' dir='ltr'>Πατρός</span> <span class='ocrx_word' id='word_1_750' title='bbox 869 2741 900 2759; x_wconf 76' lang='grc' dir='ltr'><strong>τε</strong></span> 
     </span>
    </p>
   </div>
   <div class='ocr_carea' id='block_1_106' title="bbox 123 2779 901 2816">
    <p class='ocr_par' dir='ltr' id='par_1_106' title="bbox 123 2779 901 2816">
     <span class='ocr_line' id='line_1_106' title="bbox 123 2779 901 2816; baseline -0.005 -8"><span class='ocrx_word' id='word_1_751' title='bbox 123 2781 165 2807; x_wconf 70' lang='lat' dir='ltr'><strong>uel.</strong></span> <span class='ocrx_word' id='word_1_752' title='bbox 178 2780 334 2816; x_wconf 78' lang='grc' dir='ltr'>Πνεῦματος</span> <span class='ocrx_word' id='word_1_753' title='bbox 352 2781 469 2808; x_wconf 73' lang='grc' dir='ltr'>ὲνώπιον</span> <span class='ocrx_word' id='word_1_754' title='bbox 482 2780 528 2807; x_wconf 85' lang='grc' dir='ltr'>τοῦ</span> <span class='ocrx_word' id='word_1_755' title='bbox 551 2780 648 2816; x_wconf 79' lang='grc' dir='ltr'>θρόνου</span> <span class='ocrx_word' id='word_1_756' title='bbox 668 2779 716 2806; x_wconf 79' lang='grc' dir='ltr'>καὶ</span> <span class='ocrx_word' id='word_1_757' title='bbox 731 2779 785 2804; x_wconf 88' lang='grc' dir='ltr'><strong>τῶν</strong></span> <span class='ocrx_word' id='word_1_758' title='bbox 814 2779 901 2812; x_wconf 80' lang='grc' dir='ltr'>άγὶων</span> 
     </span>
    </p>
   </div>
   <div class='ocr_carea' id='block_1_107' title="bbox 125 2826 900 2870">
    <p class='ocr_par' dir='ltr' id='par_1_107' title="bbox 125 2826 900 2870">
     <span class='ocr_line' id='line_1_107' title="bbox 125 2826 900 2870; baseline -0.003 -16"><span class='ocrx_word' id='word_1_759' title='bbox 125 2827 276 2870; x_wconf 45' lang='grc' dir='ltr'>αῦτοῨιΚαὶ</span> <span class='ocrx_word' id='word_1_760' title='bbox 284 2827 309 2854; x_wconf 78' lang='grc' dir='ltr'>οἱ</span> <span class='ocrx_word' id='word_1_761' title='bbox 327 2827 377 2862; x_wconf 76' lang='grc' dir='ltr'>μὲν</span> <span class='ocrx_word' id='word_1_762' title='bbox 393 2827 494 2858; x_wconf 77' lang='grc' dir='ltr'>πάντες</span> <span class='ocrx_word' id='word_1_763' title='bbox 509 2827 603 2862; x_wconf 71' lang='grc' dir='ltr'>ᾄδουσι</span> <span class='ocrx_word' id='word_1_764' title='bbox 619 2827 664 2853; x_wconf 78' lang='grc' dir='ltr'>τὸν</span> <span class='ocrx_word' id='word_1_765' title='bbox 675 2826 833 2860; x_wconf 75' lang='grc' dir='ltr'><strong>Τρισάγιον,</strong></span> <span class='ocrx_word' id='word_1_766' title='bbox 853 2826 900 2852; x_wconf 71' lang='grc' dir='ltr'>καὶ</span> 
     </span>
    </p>
   </div>
   <div class='ocr_carea' id='block_1_108' title="bbox 952 2224 1740 2260">
    <p class='ocr_par' dir='ltr' id='par_1_108' title="bbox 952 2224 1740 2260">
     <span class='ocr_line' id='line_1_108' title="bbox 952 2224 1740 2260; baseline -0.003 -7"><span class='ocrx_word' id='word_1_767' title='bbox 952 2229 1017 2254; x_wconf 85' lang='lat' dir='ltr'><strong>sunt</strong></span> <span class='ocrx_word' id='word_1_768' title='bbox 1030 2225 1132 2253; x_wconf 89' lang='lat' dir='ltr'><strong>Christi</strong></span> <span class='ocrx_word' id='word_1_769' title='bbox 1154 2224 1293 2260; x_wconf 82' lang='lat' dir='ltr'><strong>rapientur</strong></span> <span class='ocrx_word' id='word_1_770' title='bbox 1317 2225 1344 2251; x_wconf 92' lang='lat' dir='ltr'><strong>in</strong></span> <span class='ocrx_word' id='word_1_771' title='bbox 1370 2225 1499 2255; x_wconf 86' lang='lat' dir='ltr'><strong>nubibus.</strong></span> <span class='ocrx_word' id='word_1_772' title='bbox 1518 2230 1545 2251; x_wconf 87' lang='lat' dir='ltr'><strong>et</strong></span> <span class='ocrx_word' id='word_1_773' title='bbox 1569 2225 1609 2252; x_wconf 86' lang='lat' dir='ltr'><strong>sic</strong></span> <span class='ocrx_word' id='word_1_774' title='bbox 1633 2231 1740 2258; x_wconf 84' lang='lat' dir='ltr'><strong>semper</strong></span> 
     </span>
    </p>
   </div>
   <div class='ocr_carea' id='block_1_109' title="bbox 951 2270 1740 2305">
    <p class='ocr_par' dir='ltr' id='par_1_109' title="bbox 951 2270 1740 2305">
     <span class='ocr_line' id='line_1_109' title="bbox 951 2270 1740 2305; baseline -0.004 -6"><span class='ocrx_word' id='word_1_775' title='bbox 951 2279 1013 2299; x_wconf 88' lang='lat' dir='ltr'><strong>cum</strong></span> <span class='ocrx_word' id='word_1_776' title='bbox 1030 2271 1145 2298; x_wconf 85' lang='lat' dir='ltr'><strong>Domino</strong></span> <span class='ocrx_word' id='word_1_777' title='bbox 1169 2271 1293 2304; x_wconf 83' lang='lat' dir='ltr'><strong>erimus;</strong></span> <span class='ocrx_word' id='word_1_778' title='bbox 1320 2271 1427 2298; x_wconf 78' lang='lat' dir='ltr'><strong>sullitus</strong></span> <span class='ocrx_word' id='word_1_779' title='bbox 1453 2275 1543 2298; x_wconf 87' lang='lat' dir='ltr'><strong>autem</strong></span> <span class='ocrx_word' id='word_1_780' title='bbox 1560 2270 1637 2305; x_wconf 78' lang='lat' dir='ltr'><strong>quasi</strong></span> <span class='ocrx_word' id='word_1_781' title='bbox 1655 2271 1740 2297; x_wconf 83' lang='lat' dir='ltr'><strong>nubes</strong></span> 
     </span>
    </p>
   </div>
   <div class='ocr_carea' id='block_1_110' title="bbox 951 2316 1740 2352">
    <p class='ocr_par' dir='ltr' id='par_1_110' title="bbox 951 2316 1740 2352">
     <span class='ocr_line' id='line_1_110' title="bbox 951 2316 1740 2352; baseline -0.003 -8"><span class='ocrx_word' id='word_1_782' title='bbox 951 2325 1009 2352; x_wconf 85' lang='lat' dir='ltr'><strong>quo</strong></span> <span class='ocrx_word' id='word_1_783' title='bbox 1029 2317 1151 2352; x_wconf 83' lang='lat' dir='ltr'><strong>Spiritus</strong></span> <span class='ocrx_word' id='word_1_784' title='bbox 1176 2323 1289 2344; x_wconf 85' lang='lat' dir='ltr'><strong>sanctus</strong></span> <span class='ocrx_word' id='word_1_785' title='bbox 1317 2317 1488 2352; x_wconf 80' lang='lat' dir='ltr'><strong>exprimitur,</strong></span> <span class='ocrx_word' id='word_1_786' title='bbox 1517 2323 1621 2343; x_wconf 90' lang='lat' dir='ltr'><strong>necnon</strong></span> <span class='ocrx_word' id='word_1_787' title='bbox 1640 2316 1740 2342; x_wconf 69' lang='lat' dir='ltr'><strong>divina:</strong></span> 
     </span>
    </p>
   </div>
   <div class='ocr_carea' id='block_1_111' title="bbox 951 2361 1740 2398">
    <p class='ocr_par' dir='ltr' id='par_1_111' title="bbox 951 2361 1740 2398">
     <span class='ocr_line' id='line_1_111' title="bbox 951 2361 1740 2398; baseline -0.004 -7"><span class='ocrx_word' id='word_1_788' title='bbox 951 2364 1012 2398; x_wconf 86' lang='lat' dir='ltr'><strong>ejus</strong></span> <span class='ocrx_word' id='word_1_789' title='bbox 1026 2364 1120 2398; x_wconf 70' lang='lat' dir='ltr'><strong>gratiae</strong></span> <span class='ocrx_word' id='word_1_790' title='bbox 1132 2363 1251 2397; x_wconf 86' lang='lat' dir='ltr'><strong>bonique</strong></span> <span class='ocrx_word' id='word_1_791' title='bbox 1266 2362 1359 2390; x_wconf 87' lang='lat' dir='ltr'><strong>odoris</strong></span> <span class='ocrx_word' id='word_1_792' title='bbox 1371 2362 1594 2389; x_wconf 86' lang='lat' dir='ltr'><strong>communicatio.</strong></span> <span class='ocrx_word' id='word_1_793' title='bbox 1608 2361 1740 2389; x_wconf 89' lang='lat' dir='ltr'><strong>Omnibus</strong></span> 
     </span>
    </p>
   </div>
   <div class='ocr_carea' id='block_1_112' title="bbox 952 2406 1742 2443">
    <p class='ocr_par' dir='ltr' id='par_1_112' title="bbox 952 2406 1742 2443">
     <span class='ocr_line' id='line_1_112' title="bbox 952 2406 1742 2443; baseline -0.003 -9"><span class='ocrx_word' id='word_1_794' title='bbox 952 2409 1023 2436; x_wconf 84' lang='lat' dir='ltr'><strong>enim</strong></span> <span class='ocrx_word' id='word_1_795' title='bbox 1043 2408 1187 2443; x_wconf 80' lang='lat' dir='ltr'><strong>ingressis,</strong></span> <span class='ocrx_word' id='word_1_796' title='bbox 1203 2407 1318 2442; x_wconf 68' lang='lat' dir='ltr'><strong>prmside</strong></span> <span class='ocrx_word' id='word_1_797' title='bbox 1342 2406 1451 2441; x_wconf 82' lang='lat' dir='ltr'><strong>quidem</strong></span> <span class='ocrx_word' id='word_1_798' title='bbox 1468 2413 1514 2440; x_wconf 85' lang='lat' dir='ltr'><strong>per</strong></span> <span class='ocrx_word' id='word_1_799' title='bbox 1532 2411 1638 2441; x_wconf 84' lang='lat' dir='ltr'><strong>portam</strong></span> <span class='ocrx_word' id='word_1_800' title='bbox 1667 2414 1742 2441; x_wconf 74' lang='lat' dir='ltr'><strong>rega-</strong></span> 
     </span>
    </p>
   </div>
   <div class='ocr_carea' id='block_1_113' title="bbox 951 2452 1742 2488">
    <p class='ocr_par' dir='ltr' id='par_1_113' title="bbox 951 2452 1742 2488">
     <span class='ocr_line' id='line_1_113' title="bbox 951 2452 1742 2488; baseline -0.004 -7"><span class='ocrx_word' id='word_1_801' title='bbox 951 2455 1016 2487; x_wconf 81' lang='lat' dir='ltr'><strong>lem,</strong></span> <span class='ocrx_word' id='word_1_802' title='bbox 1040 2455 1113 2482; x_wconf 86' lang='lat' dir='ltr'><strong>velut</strong></span> <span class='ocrx_word' id='word_1_803' title='bbox 1138 2454 1249 2481; x_wconf 89' lang='lat' dir='ltr'><strong>Christo</strong></span> <span class='ocrx_word' id='word_1_804' title='bbox 1267 2461 1314 2488; x_wconf 83' lang='lat' dir='ltr'><strong>per</strong></span> <span class='ocrx_word' id='word_1_805' title='bbox 1338 2457 1445 2487; x_wconf 85' lang='lat' dir='ltr'><strong>portam</strong></span> <span class='ocrx_word' id='word_1_806' title='bbox 1465 2453 1587 2480; x_wconf 86' lang='lat' dir='ltr'><strong>intrante</strong></span> <span class='ocrx_word' id='word_1_807' title='bbox 1609 2452 1636 2479; x_wconf 93' lang='lat' dir='ltr'><strong>in</strong></span> <span class='ocrx_word' id='word_1_808' title='bbox 1663 2453 1742 2479; x_wconf 77' lang='lat' dir='ltr'><strong>uoltis</strong></span> 
     </span>
    </p>
   </div>
   <div class='ocr_carea' id='block_1_114' title="bbox 951 2499 1741 2535">
    <p class='ocr_par' dir='ltr' id='par_1_114' title="bbox 951 2499 1741 2535">
     <span class='ocr_line' id='line_1_114' title="bbox 951 2499 1741 2535; baseline -0.004 -7"><span class='ocrx_word' id='word_1_809' title='bbox 951 2502 1085 2535; x_wconf 76' lang='lat' dir='ltr'><strong>clausam,</strong></span> <span class='ocrx_word' id='word_1_810' title='bbox 1097 2501 1199 2528; x_wconf 83' lang='lat' dir='ltr'><strong>scilicet</strong></span> <span class='ocrx_word' id='word_1_811' title='bbox 1210 2499 1341 2534; x_wconf 70' lang='lat' dir='ltr'><strong>Dciparae,</strong></span> <span class='ocrx_word' id='word_1_812' title='bbox 1355 2500 1540 2534; x_wconf 70' lang='lat' dir='ltr'><strong>cmlorumquc</strong></span> <span class='ocrx_word' id='word_1_813' title='bbox 1553 2499 1633 2526; x_wconf 82' lang='lat' dir='ltr'><strong>nobis</strong></span> <span class='ocrx_word' id='word_1_814' title='bbox 1642 2499 1741 2533; x_wconf 81' lang='lat' dir='ltr'><strong>januas</strong></span> 
     </span>
    </p>
   </div>
   <div class='ocr_carea' id='block_1_115' title="bbox 952 2545 1742 2581">
    <p class='ocr_par' dir='ltr' id='par_1_115' title="bbox 952 2545 1742 2581">
     <span class='ocr_line' id='line_1_115' title="bbox 952 2545 1742 2581; baseline -0.003 -8"><span class='ocrx_word' id='word_1_815' title='bbox 952 2547 1135 2581; x_wconf 78' lang='lat' dir='ltr'><strong>adapericnte,</strong></span> <span class='ocrx_word' id='word_1_816' title='bbox 1152 2546 1257 2572; x_wconf 80' lang='lat' dir='ltr'><strong>caeteris</strong></span> <span class='ocrx_word' id='word_1_817' title='bbox 1275 2553 1339 2572; x_wconf 85' lang='lat' dir='ltr'><strong>vero</strong></span> <span class='ocrx_word' id='word_1_818' title='bbox 1356 2553 1369 2572; x_wconf 86' lang='lat' dir='ltr'><strong>a</strong></span> <span class='ocrx_word' id='word_1_819' title='bbox 1390 2546 1474 2573; x_wconf 78' lang='lat' dir='ltr'><strong>latere</strong></span> <span class='ocrx_word' id='word_1_820' title='bbox 1490 2546 1567 2579; x_wconf 83' lang='lat' dir='ltr'><strong>quasi</strong></span> <span class='ocrx_word' id='word_1_821' title='bbox 1585 2550 1679 2580; x_wconf 61' lang='lat' dir='ltr'><strong>essent</strong></span> <span class='ocrx_word' id='word_1_822' title='bbox 1689 2545 1742 2571; x_wconf 89' lang='lat' dir='ltr'><strong>sub</strong></span> 
     </span>
    </p>
   </div>
   <div class='ocr_carea' id='block_1_116' title="bbox 954 2590 1741 2627">
    <p class='ocr_par' dir='ltr' id='par_1_116' title="bbox 954 2590 1741 2627">
     <span class='ocr_line' id='line_1_116' title="bbox 954 2590 1741 2627; baseline -0.005 -7"><span class='ocrx_word' id='word_1_823' title='bbox 954 2594 1005 2620; x_wconf 78' lang='lat' dir='ltr'><strong>alis</strong></span> <span class='ocrx_word' id='word_1_824' title='bbox 1019 2593 1081 2627; x_wconf 78' lang='lat' dir='ltr'><strong>ejus</strong></span> <span class='ocrx_word' id='word_1_825' title='bbox 1095 2598 1121 2619; x_wconf 89' lang='lat' dir='ltr'><strong>et</strong></span> <span class='ocrx_word' id='word_1_826' title='bbox 1134 2592 1207 2619; x_wconf 86' lang='lat' dir='ltr'><strong>illius</strong></span> <span class='ocrx_word' id='word_1_827' title='bbox 1221 2591 1305 2625; x_wconf 83' lang='lat' dir='ltr'><strong>servi,</strong></span> <span class='ocrx_word' id='word_1_828' title='bbox 1317 2591 1446 2619; x_wconf 86' lang='lat' dir='ltr'><strong>sacerdos</strong></span> <span class='ocrx_word' id='word_1_829' title='bbox 1463 2592 1496 2619; x_wconf 86' lang='lat' dir='ltr'><strong>ab</strong></span> <span class='ocrx_word' id='word_1_830' title='bbox 1512 2591 1589 2618; x_wconf 87' lang='lat' dir='ltr'><strong>altari</strong></span> <span class='ocrx_word' id='word_1_831' title='bbox 1606 2590 1741 2618; x_wconf 84' lang='lat' dir='ltr'><strong>heucdicit</strong></span> 
     </span>
    </p>
   </div>
   <div class='ocr_carea' id='block_1_117' title="bbox 953 2636 1739 2674">
    <p class='ocr_par' dir='ltr' id='par_1_117' title="bbox 953 2636 1739 2674">
     <span class='ocr_line' id='line_1_117' title="bbox 953 2636 1739 2674; baseline -0.005 -9"><span class='ocrx_word' id='word_1_832' title='bbox 953 2643 1044 2674; x_wconf 87' lang='lat' dir='ltr'><strong>utpote</strong></span> <span class='ocrx_word' id='word_1_833' title='bbox 1056 2638 1159 2665; x_wconf 84' lang='lat' dir='ltr'><strong>Christi</strong></span> <span class='ocrx_word' id='word_1_834' title='bbox 1178 2638 1313 2670; x_wconf 86' lang='lat' dir='ltr'><strong>minister,</strong></span> <span class='ocrx_word' id='word_1_835' title='bbox 1327 2646 1389 2665; x_wconf 89' lang='lat' dir='ltr'><strong>eum</strong></span> <span class='ocrx_word' id='word_1_836' title='bbox 1408 2637 1571 2664; x_wconf 81' lang='lat' dir='ltr'><strong>benedicens</strong></span> <span class='ocrx_word' id='word_1_837' title='bbox 1582 2644 1644 2663; x_wconf 87' lang='lat' dir='ltr'><strong>cum</strong></span> <span class='ocrx_word' id='word_1_838' title='bbox 1662 2636 1739 2662; x_wconf 72' lang='lat' dir='ltr'><strong>l‘atn-</strong></span> 
     </span>
    </p>
   </div>
   <div class='ocr_carea' id='block_1_118' title="bbox 953 2683 1740 2718">
    <p class='ocr_par' dir='ltr' id='par_1_118' title="bbox 953 2683 1740 2718">
     <span class='ocr_line' id='line_1_118' title="bbox 953 2683 1740 2718; baseline -0.004 -7"><span class='ocrx_word' id='word_1_839' title='bbox 953 2689 980 2711; x_wconf 85' lang='lat' dir='ltr'><strong>et</strong></span> <span class='ocrx_word' id='word_1_840' title='bbox 1000 2684 1102 2718; x_wconf 90' lang='lat' dir='ltr'><strong>Spiritu</strong></span> <span class='ocrx_word' id='word_1_841' title='bbox 1121 2683 1149 2710; x_wconf 82' lang='lat' dir='ltr'><strong>in</strong></span> <span class='ocrx_word' id='word_1_842' title='bbox 1167 2687 1317 2718; x_wconf 83' lang='lat' dir='ltr'><strong>conspectu</strong></span> <span class='ocrx_word' id='word_1_843' title='bbox 1334 2684 1424 2711; x_wconf 87' lang='lat' dir='ltr'><strong>throni</strong></span> <span class='ocrx_word' id='word_1_844' title='bbox 1443 2688 1470 2710; x_wconf 86' lang='lat' dir='ltr'><strong>et</strong></span> <span class='ocrx_word' id='word_1_845' title='bbox 1486 2688 1642 2710; x_wconf 86' lang='lat' dir='ltr'><strong>sanctorum</strong></span> <span class='ocrx_word' id='word_1_846' title='bbox 1670 2683 1740 2716; x_wconf 76' lang='lat' dir='ltr'><strong>ejus.</strong></span> 
     </span>
    </p>
   </div>
   <div class='ocr_carea' id='block_1_119' title="bbox 952 2728 1743 2763">
    <p class='ocr_par' dir='ltr' id='par_1_119' title="bbox 952 2728 1743 2763">
     <span class='ocr_line' id='line_1_119' title="bbox 952 2728 1743 2763; baseline -0.003 -6"><span class='ocrx_word' id='word_1_847' title='bbox 952 2730 986 2757; x_wconf 85' lang='lat' dir='ltr'><strong>Et.</strong></span> <span class='ocrx_word' id='word_1_848' title='bbox 1002 2737 1097 2757; x_wconf 88' lang='lat' dir='ltr'><strong>omnes</strong></span> <span class='ocrx_word' id='word_1_849' title='bbox 1112 2733 1224 2756; x_wconf 85' lang='lat' dir='ltr'><strong>cantant</strong></span> <span class='ocrx_word' id='word_1_850' title='bbox 1241 2729 1384 2763; x_wconf 77' lang='lat' dir='ltr'><strong>Trisagion</strong></span> <span class='ocrx_word' id='word_1_851' title='bbox 1410 2737 1441 2756; x_wconf 90' lang='lat' dir='ltr'><strong>ac</strong></span> <span class='ocrx_word' id='word_1_852' title='bbox 1464 2728 1544 2756; x_wconf 78' lang='lat' dir='ltr'><strong>Pater</strong></span> <span class='ocrx_word' id='word_1_853' title='bbox 1563 2733 1665 2761; x_wconf 81' lang='lat' dir='ltr'><strong>noster,</strong></span> <span class='ocrx_word' id='word_1_854' title='bbox 1683 2728 1743 2755; x_wconf 87' lang='lat' dir='ltr'><strong>Tri-</strong></span> 
     </span>
    </p>
   </div>
   <div class='ocr_carea' id='block_1_120' title="bbox 954 2774 1745 2810">
    <p class='ocr_par' dir='ltr' id='par_1_120' title="bbox 954 2774 1745 2810">
     <span class='ocr_line' id='line_1_120' title="bbox 954 2774 1745 2810; baseline -0.003 -7"><span class='ocrx_word' id='word_1_855' title='bbox 954 2777 1066 2803; x_wconf 85' lang='lat' dir='ltr'><strong>nitatem</strong></span> <span class='ocrx_word' id='word_1_856' title='bbox 1093 2775 1266 2802; x_wconf 82' lang='lat' dir='ltr'><strong>celebrantes</strong></span> <span class='ocrx_word' id='word_1_857' title='bbox 1283 2782 1345 2802; x_wconf 80' lang='lat' dir='ltr'><strong>cum</strong></span> <span class='ocrx_word' id='word_1_858' title='bbox 1370 2775 1483 2810; x_wconf 77' lang='lat' dir='ltr'><strong>angelis,</strong></span> <span class='ocrx_word' id='word_1_859' title='bbox 1501 2779 1527 2801; x_wconf 83' lang='lat' dir='ltr'><strong>c1.</strong></span> <span class='ocrx_word' id='word_1_860' title='bbox 1552 2774 1679 2801; x_wconf 84' lang='lat' dir='ltr'><strong>traditam</strong></span> <span class='ocrx_word' id='word_1_861' title='bbox 1705 2775 1745 2801; x_wconf 90' lang='lat' dir='ltr'><strong>di-</strong></span> 
     </span>
    </p>
   </div>
   <div class='ocr_carea' id='block_1_121' title="bbox 954 2822 1741 2858">
    <p class='ocr_par' dir='ltr' id='par_1_121' title="bbox 954 2822 1741 2858">
     <span class='ocr_line' id='line_1_121' title="bbox 954 2822 1741 2858; baseline -0.001 -8"><span class='ocrx_word' id='word_1_862' title='bbox 954 2827 1045 2851; x_wconf 84' lang='lat' dir='ltr'><strong>centes</strong></span> <span class='ocrx_word' id='word_1_863' title='bbox 1061 2823 1222 2851; x_wconf 77' lang='lat' dir='ltr'><strong>oralioucut.</strong></span> <span class='ocrx_word' id='word_1_864' title='bbox 1241 2822 1277 2850; x_wconf 87' lang='lat' dir='ltr'><strong>De</strong></span> <span class='ocrx_word' id='word_1_865' title='bbox 1289 2831 1342 2858; x_wconf 76' lang='lat' dir='ltr'><strong>qua</strong></span> <span class='ocrx_word' id='word_1_866' title='bbox 1359 2822 1475 2857; x_wconf 75' lang='lat' dir='ltr'><strong>Trisagii</strong></span> <span class='ocrx_word' id='word_1_867' title='bbox 1492 2822 1615 2850; x_wconf 84' lang='lat' dir='ltr'><strong>oratione</strong></span> <span class='ocrx_word' id='word_1_868' title='bbox 1629 2822 1741 2858; x_wconf 79' lang='lat' dir='ltr'><strong>dignum</strong></span> 
     </span>
    </p>
   </div>
  </div>
