1938 3044
231 89 281 122 517

624 91 698 125 ΞΫᾹΙ
705 95 775 124 EON
782 95 815 124 [3
843 94 921 126 THE
929 96 1221 129 SSALONICENSIS
1244 97 1342 128 ARCH
1350 98 1360 127 [
1367 98 1421 128 EP.

1811 95 1886 127 ηδε

232 149 282 174 υἷε
296 156 399 182 suoque
413 148 535 176 nomine.
551 148 582 175 Et
599 149 634 176 ita
650 150 675 177 si
690 149 788 177 festum
803 151 912 185 quidem
928 151 1020 183 fuerit.

1076 154 1130 180 Kal.
1154 154 1241 184 οὕτως
1266 154 1290 180 εἰ
1307 154 1356 188 μὲν
1373 153 1465 189 ἑορτὴ,
1489 153 1523 179 τὰ
1539 153 1604 188 περὶ
1620 153 1670 187 τῆς
1690 153 1789 187 ἑορτῆς
1802 154 1888 190 ᾂδε-

233 195 290 221 ιιτιξε
310 195 342 221 de
364 195 432 234 [esto
453 201 599 222 eantantur
612 203 620 230 ;
634 196 656 223 si
685 204 749 224 vero
767 197 853 224 sancti
878 197 1019 231 cujusdam

235 240 280 265 ﬁat
296 240 437 271 memoria.
457 240 489 266 de
504 246 599 268 sant-to
614 241 809 273 concinuntur,
829 243 957 276 quoniam
974 250 1021 277 per

233 285 405 312 lncarnatum
428 291 523 313 natttra
540 286 587 314 fuit
604 287 784 315 sanctiﬁcata.
801 287 834 315 Et
850 288 947 315 merito
965 294 1022 323 my-

207 332 214 339 ‘
233 332 314 359 steria
333 329 490 360 Nativitatis
505 338 532 360 et
553 333 712 369 Epiphaniae
730 335 879 363 Salvatoris
900 344 946 371 per
962 344 1022 363 ear-

234 383 295 404 nem
314 377 340 404 in
359 381 438 405 nocte
454 381 610 413 apparentis
634 386 873 415 reprzesentantur,
891 382 1021 416 quoniam

234 423 260 455 in
276 424 362 452 nocte‘
378 425 449 452 istttd
477 425 581 453 factum
600 431 658 459 est;
678 427 714 453 ait
740 428 811 453 enim
833 427 918 454 Isaias
936 438 942 455 :
965 437 973 454 ι
993 427 1020 455 In

233 471 355 498 tenebris
373 476 399 499 ct
420 473 446 499 in
463 474 558 499 umbra
583 474 745 508 ignorantize
770 474 850 501 nobis
865 474 1022 502 sedentibus

235 518 282 545 lux
303 526 401 553 magna
416 520 550 553 apparuit.
570 529 579 545 ι
594 519 656 547 Ideo
669 524 696 547 et
710 528 760 547 nos
775 521 820 555 qui
835 521 860 547 in
875 527 954 548 nocte
970 522 1021 547 lm-

231 562 277 599 jus
294 563 386 590 mttndi
402 564 537 599 «legimus,
556 565 644 592 media
659 570 739 593 nocte
757 571 901 593 venturum
925 574 1022 600 exspe-

234 614 342 636 ctantus
358 610 487 637 dilectum
522 610 677 638 animarum
703 617 860 651 nostrarum
889 619 1020 644 sponsum

234 660 440 689 amatoremqne
458 661 592 683 nostrum.
611 656 712 692 Sicque
728 658 826 685 deinde
843 657 968 685 Psalterii
983 666 1020 686 re-

235 702 327 728 citatio
344 701 498 735 coniicitur,
525 706 552 729 et
576 707 636 738 post
664 703 786 738 singulos
814 708 868 731 tres
893 704 1023 739 psalmos,

234 747 308 774 dicto
324 757 333 773 ι
358 747 482 781 Alleluia,
501 758 509 774 ι
534 749 563 775 ﬁt
577 749 718 784 doxologia
736 758 742 776 :
758 750 902 778 Trinitatis
914 751 1023 786 quidem

234 802 295 827 quae
315 802 362 828 per
374 793 424 822 has
444 802 525 822 voces
544 803 551 823 :
571 804 579 820 ι
598 795 688 822 Gloria
706 795 778 823 Patri
795 802 820 823 et
837 796 906 824 Filio
921 801 948 824 et
963 797 1024 832 Spi-

1074 207 1137 227 ται·
1154 200 1179 226 εί
1193 200 1214 226 δ’
1231 199 1310 234 ἁγίου
1327 201 1421 234 μνήμη
1444 199 1529 230 τινὸς,
1557 200 1591 226 τὰ
1607 198 1654 225 τοῦ
1674 199 1767 233 ἁγίου.
1788 199 1888 226 Ἐπεὶ

1072 245 1118 272 διὰ
1137 245 1183 272 τοῦ
1201 245 1388 279 σαρκωθέντος
1406 246 1422 279 ἠ
1447 244 1528 279 φύσις
1542 245 1685 279 ἡγίασται.
1711 245 1768 272 Καὶ
1793 245 1889 271 εἰκό-

1071 298 1126 321 τως
1143 290 1175 316 τὰ
1189 290 1239 324 τῆς
1261 291 1415 325 γεννήσεως
1429 290 1476 317 καὶ
1491 290 1652 324 ἐπιφανείας
1666 290 1715 317 τοῦ
1733 291 1883 324 Σωτῆρος

1075 335 1106 362 τὸ
1126 336 1197 362 κατὰ
1217 335 1306 371 σάρκα
1321 338 1349 362 ὲν
1373 337 1404 371 τῇ
1423 336 1501 362 νυκτὶ
1528 335 1712 362 ὲκτυποῦται-
1739 335 1802 362 ἐπεὶ
1814 335 1886 361 καὶ

1073 383 1101 407 ἐν
1118 383 1195 408 νυκτὶ
1216 382 1399 416 γεγέννηται·
1427 382 1468 408 ὅτι
1497 383 1544 408 καὶ
1570 383 1626 413 τοῖς
1647 382 1676 408 ὲν
1701 382 1796 408 σκότει
1819 382 1888 408 καὶ

1074 429 1138 462 σκιᾷ
1153 428 1202 460 τῆς
1218 427 1355 461 ἀγνωσίας
1385 427 1551 462 καθημένοις
1576 428 1643 462 ἡμῖν
1672 427 1730 461 φῶς
1747 427 1778 453 τδ
1798 427 1888 461 μέγα

1073 473 1218 506 ὲπέφανεν,
1235 474 1248 499 ὁ
1277 473 1392 504 Ἡσαΐας
1414 474 1490 508 φησί.
1508 473 1552 500 Διὸ
1570 474 1618 500 καὶ
1637 473 1662 499 οἱ
1675 472 1714 503 ώς
1736 473 1767 498 ἐν
1791 473 1886 498 νυκτὶ

1073 519 1113 553 τῷ
1133 518 1182 554 βίῳ
1203 519 1301 554 τούτῳ,
1327 518 1355 545 ἐν
1369 517 1408 554 τῷ
1422 520 1499 554 μέσῳ
1513 519 1564 553 τῆς
1587 519 1686 550 νυκτὸς
1713 518 1804 544 ὲλθεῖν
1821 518 1887 544 τὶν

1073 564 1210 598 ἐρώμενον
1219 564 1283 598 ἡμῖν
1293 563 1348 590 τῶν
1360 564 1455 598 ψυχῶν
1465 564 1583 598 νυμφίον
1597 564 1644 589 καὶ
1656 563 1738 598 ἡμῶν
1753 563 1849 597 ἐρῶ-ιτ
1857 571 1879 587 α.

1073 611 1295 646 ἀπεκδεχόμεθα.
1313 612 1368 638 Καὶ
1384 611 1457 637 οὕτω
1469 610 1588 644 καθεξῆς
1602 610 1619 645 ἦ
1641 618 1671 635 τε
1695 609 1745 639 τεῦ
1764 609 1887 643 ψαλτῆ-

1076 666 1122 690 po;
1154 658 1311 692 στιχολογία
1340 657 1472 690 τελεῖται,
1502 657 1574 685 κατὰ
1589 658 1664 691 τρεῖς
1687 665 1717 683 τε
1738 657 1885 691 ψαλμοτλς

1073 703 1213 738 δοξολογία
1230 704 1300 738 μετὰ
1323 703 1354 730 τὸ
1378 703 1540 739 Ἀλληλούῑα
1559 703 1675 737 γίνεται,
1687 704 1736 738 τῆς
1753 704 1884 737 Τριάδσς

1078 749 1128 784 μὲν
1143 749 1188 776 διὰ
1203 750 1250 776 τοῦ
1274 749 1343 782 Δόξα
1362 750 1451 784 Πατρὶ
1479 749 1526 776 καὶ
1549 749 1606 783 Υίῷ
1620 750 1666 776 καὶ
1692 749 1765 784 ἁγίῳ
1784 749 1883 775 Πνεῦ-

1077 804 1143 830 ματι
1160 795 1404 829 δοξολογουμένης,
1425 795 1474 828 τῆς
1501 795 1667 830 σαρκώσεως
1690 795 1720 821 δὲ
1745 795 1794 821 τοῦ
1818 795 1884 821 A6-

235 839 298 866 ritui
320 844 428 872 sancto,
446 849 455 865 ι
475 840 638 871 celebratur,
655 840 735 871 Verbi
753 850 816 868 Vero
830 843 1025 871 incarnationis

1077 851 1126 875 γου
1139 841 1183 868 διὰ.
1195 841 1242 868 τοῦ
1264 841 1434 876 ’Δλληλοὺῖα,
1453 842 1467 868 ὁ
1490 841 1556 873 Θεὸς
1571 841 1683 880 ξρχεται
1711 841 1883 876 ἑρμηνευο-

234 891 283 916 per
297 883 361 911 illud
383 893 392 910 ι
417 884 531 912 Alleluia
551 894 560 910 ι
580 886 651 920 quod
672 886 743 914 Deus
770 888 842 914 venit
860 888 1022 922 interpreta-

234 936 297 964 tur;
310 931 381 966 qttod
401 932 461 967 ejus
478 932 505 959 in
525 935 623 959 terram
640 934 785 960 adventum
803 935 949 967 signiﬁcat,
966 938 1022 961 tum

233 977 353 1012 priorem
382 985 440 1012 per-
457 984 565 1005 carnem
594 978 619 1005 in
647 983 806 1013 paupertate
835 980 946 1012 factum,
965 985 1021 1007 tum

234 1024 411 1058 posteriorem
432 1031 513 1058 quem
538 1023 564 1050 in
581 1024 665 1058 gloria
683 1024 838 1053 faciendum
859 1033 872 1051 a
890 1026 958 1052 cmlo
972 1033 1022 1054 ex-

234 1075 401 1106 spectamus.
426 1065 523 1097 Postea
550 1071 680 1098 lectiones
704 1079 844 1098 sacrorum
863 1079 1020 1098 sermonum

233 1120 385 1150 ponuntur,
402 1117 429 1144 in
459 1116 659 1144 institutionem
681 1116 799 1151 mysterii
818 1117 1022 1145 etencomium

233 1167 391 1189 sanctorum
409 1169 524 1196 quorum
542 1161 674 1190 solemnia
692 1162 875 1192 celebrantur.
893 1162 1021 1196 quoniam

236 1207 262 1234 lu
281 1207 327 1235 illo
339 1207 426 1234 futuri
442 1208 533 1235 smcnli
550 1208 714 1242 panegyrico
729 1212 756 1234 et
770 1208 898 1242 mysteria
919 1205 974 1239 Dei,
991 1214 1022 1233 ac

233 1254 383 1288 prmsertim
401 1254 601 1281 incarnationis
617 1254 841 1286 celebrabuntur,
857 1259 887 1281 et
901 1261 963 1281 cum
981 1255 1022 1281 eis

233 1307 335 1335 agones
348 1306 441 1326 eorum
458 1299 504 1334 qui
521 1307 570 1335 pro
586 1299 631 1327 illo
647 1304 831 1334 certaverunt,
844 1300 1024 1336 quemadmo—

233 1346 296 1372 dutn
316 1346 342 1373 in
364 1346 487 1380 epiniciis
511 1346 582 1381 regis
597 1351 623 1373 et
641 1346 678 1373 illi
701 1347 745 1386 qui
766 1354 814 1381 pro
832 1355 865 1384 co
883 1355 1022 1382 pugnave-

234 1398 299 1420 runt
326 1393 533 1419 commemorati
564 1399 750 1426 coronantur,
778 1399 806 1420 ut
828 1394 928 1427 sazpius
955 1393 1023 1420 dixit

233 1439 430 1475 Chrysologus.
445 1436 545 1466 Verum
562 1447 624 1473 pos:
640 1440 783 1466 lectionem
805 1445 929 1466 cantatur
944 1441 1024 1474 hym-

233 1492 286 1513 nus
300 1485 334 1512 ab
351 1485 394 1512 bis
410 1484 545 1519 incipiens
567 1493 574 1511 :
598 1493 608 1509 ι
629 1484 742 1511 Multum
761 1477 928 1518 misericors,
946 1495 955 1512 )
977 1485 1023 1520 qui

232 1535 275 1558 est
295 1530 368 1558 velut
394 1530 530 1565 quoddam
557 1529 691 1564 epinicion
719 1529 765 1558 Dei
797 1531 928 1558 mirabilia
943 1539 1022 1558 etiar-

232 1582 308 1609 raus,
323 1581 350 1603 et
364 1576 391 1602 in
408 1576 502 1610 primis
519 1577 669 1604 animarum
685 1582 841 1605 nostrarum
860 1585 891 1605 ex
905 1577 1020 1613 {Egypto

233 1628 332 1656 nempe
346 1627 458 1656 peccato
468 1627 495 1650 et
507 1630 601 1650 errore
613 1623 646 1650 ad
658 1622 737 1650 ﬁdem
751 1623 851 1650 Christi
864 1624 1020 1654 transitum,

235 1664 424 1696 liberationem
457 1675 578 1697 nostram
607 1676 621 1696 a
651 1669 792 1696 Pharaone
818 1673 844 1696 et
876 1668 1020 1703 ngyptiis,

234 1713 345 1740 diabolo
363 1713 468 1741 scilicet
493 1719 520 1741 et
535 1713 716 1745 dtemouibus.
741 1715 792 1740 iter
817 1713 970 1747 expeditum
989 1721 1021 1739 ex

235 1759 302 1785 mari
326 1759 507 1785 tentationum
534 1758 594 1786 vitae
620 1759 692 1794 quod
711 1759 737 1785 in
766 1759 851 1791 sicco,
875 1759 936 1786 forti
968 1759 1021 1786 vita

235 1805 375 1840 nullisque
394 1804 523 1832 [luctibus
538 1805 637 1840 agitata
652 1805 678 1832 in
695 1805 796 1832 virtute
809 1805 853 1832 Dei
871 1810 895 1832 et
917 1806 1022 1840 patiun-

236 1852 271 1879 tia
292 1852 499 1879 tribulationum
517 1852 588 1879 velut
611 1851 686 1884 virga
706 1852 796 1879 crucis
814 1852 912 1879 virtute
931 1853 956 1878 in
973 1852 1022 1879 ba-

235 1900 336 1933 ptismo
359 1898 479 1926 roborati
505 1898 631 1929 facimus,
659 1898 846 1925 liberationem
871 1905 886 1925 a
913 1898 1021 1926 deserto

234 1946 339 1981 peccati
370 1946 395 1972 in
422 1953 478 1982 quo
506 1945 686 1972 versab‘amur
712 1949 821 1981 propter
845 1948 965 1972 nostram
995 1944 1020 1971 in

235 1994 415 2029 adimplendis
441 1994 585 2028 perceptis
609 1993 745 2027 ignaviam
760 2012 767 2024 ,
795 1998 960 2028 nostrasque
972 1992 1022 2019 ad-

235 2047 332 2066 versus
348 2038 433 2065 Deum
454 2038 578 2066 labarum
597 2046 679 2072 causa
707 2039 950 2070 tuurmurationes,
974 2039 1020 2073 qui

237 2090 327 2115 [auten
359 2084 452 2119 nutriti
481 2092 590 2112 eramus
617 2084 702 2112 verbo
729 2086 791 2112 vita:
811 2086 895 2112 multo
922 2093 1021 2113 manna

235 2129 418 2164 praestantiori
444 2134 469 2156 et
490 2130 573 2164 putati
594 2129 694 2158 llueuto
712 2130 855 2164 sanguinis
879 2138 911 2157 ex
939 2130 1022 2158 latere

235 2174 336 2202 Christi
350 2174 496 2205 manantis,
513 2179 640 2208 tanquam
661 2182 692 2201 ex
714 2175 763 2202 hac
779 2176 831 2202 vita
846 2175 1022 2207 solutionem,

236 2221 366 2254 Ecclesia:
396 2220 611 2254 redemptionem
640 2222 674 2247 ab
703 2222 824 2254 Amalec,
841 2222 912 2250 Seon
938 2227 966 2249 et
985 2221 1024 2258 Og

237 2265 334 2300 hisque
350 2264 495 2296 similibus,
515 2265 693 2299 Diocletiano,
709 2265 868 2300 Maximino,
893 2268 1023 2302 Apostata

237 2310 369 2348 (Iuliano)
395 2311 557 2345 ca‘terisque
576 2313 699 2346 tyrannis
725 2312 907 2346 impiissimis,
931 2318 1024 2349 utpote

237 2358 381 2386 destrueto
395 2357 502 2385 illorum
518 2357 666 2385 inﬁdelium
680 2365 772 2392 regno,
788 2359 825 2386 ita
841 2363 868 2386 et
882 2361 1024 2395 tyrannide

237 2404 392 2431 daemonum
410 2403 510 2439 quibus
531 2404 722 2432 tribulationes
738 2405 866 2432 accidunt
880 2407 981 2434 sanctis
997 2406 1023 2433 iu

239 2450 292 2482 hac
313 2449 368 2475 vita
385 2454 410 2476 et
427 2449 508 2476 varia:
530 2451 703 2482 tentationes,
722 2457 827 2478 necnon
853 2452 1023 2479 mansionem

239 2496 265 2522 in
277 2499 349 2522 terra
364 2496 567 2530 promissionis,
583 2502 609 2524 et
621 2497 806 2525 baercdilatcm
823 2498 960 2525 caalestem
977 2506 1026 2532 per

237 2541 331 2569 Jesum
348 2540 447 2568 Filium
472 2541 518 2568 Dci
551 2541 602 2569 vivi
629 2544 673 2578 qui
698 2549 741 2571 est
760 2551 822 2577 pars
839 2548 865 2570 et
882 2544 1025 2573 haeredilas

240 2591 347 2620 nostra,
362 2586 406 2621 qui
433 2595 482 2614 nos
497 2588 531 2615 ab
552 2587 704 2615 inﬁdelibus
720 2594 876 2623 segregatos
894 2590 926 2616 ad
944 2590 1026 2617 coele-

238 2636 306 2659 stem
321 2631 539 2666 Hierosolymam
557 2633 693 2668 perducit,
710 2634 857 2660 sacerdotii
876 2640 902 2661 et
921 2635 1026 2662 sacriﬁ-

238 2678 273 2705 cii
291 2678 407 2705 viventis
425 2680 496 2705 dona
519 2683 648 2713 taanam
669 2687 781 2714 magnus
799 2680 918 2714 pontich
944 2681 1026 2716 largi-

240 2729 294 2757 tus,
312 2728 339 2752 ct
357 2729 488 2758 tauquam
515 2725 598 2752 solus-
616 2733 662 2755 rex
688 2733 735 2759 per
754 2731 880 2753 naturam
910 2734 1024 2761 regnum

240 2770 361 2797 futurum
385 2770 465 2797 nobis
486 2770 648 2804 largiturus,
674 2775 700 2797 et
721 2771 794 2806 regni
818 2772 878 2804 ejus
893 2780 946 2799 non
972 2773 1025 2799 erit

240 2816 312 2844 ﬁnis.
328 2817 362 2844 At
373 2821 435 2852 post
446 2817 496 2845 hos
509 2822 618 2851 cautus,
634 2817 712 2845 electi
725 2817 769 2845 alii
783 2819 879 2853 psalmi
894 2822 920 2847 et
933 2818 1024 2854 hymni

1076 887 1168 922 μένου,
1184 887 1197 913 ὃ
1219 887 1268 920 τὴν
1287 886 1333 913 ἐπὶ
1359 885 1412 920 γῆς
1435 885 1519 914 αὑτοῦ
1544 886 1699 921 παρουσίαν
1723 886 1881 920 σημαίνει,

1073 934 1124 969 τήν
1139 942 1169 959 τε
1185 933 1320 968 πρότερον
1334 933 1378 959 διὰ
1398 933 1500 966 σαρκὸς
1513 933 1542 959 ὲν
1559 932 1682 968 πτωχείᾳ.
1711 931 1882 966 γεγενημέ-

1074 988 1134 1014 νην,
1153 979 1200 1006 καὶ
1212 977 1262 1013 τὴν
1287 978 1400 1013 ὕστερον
1417 977 1499 1004 πάλιν
1513 977 1584 1012 μετὰ.
1603 977 1682 1012 δόξης
1717 976 1767 1003 ἀπ’
1784 976 1879 1011 οὐρα-

1076 1026 1122 1052 νοῦ
1139 1026 1185 1059 ὑφ’
1198 1026 1276 1060 ἡμῶν
1292 1024 1527 1060 ἀπεκδεχομένην.
1553 1023 1608 1051 Καὶ
1629 1024 1803 1057 ἀναγνώσεις
1831 1024 1879 1048 ἱε-

1076 1072 1129 1107 ρῶν
1144 1072 1230 1106 λόγων
1245 1071 1379 1105 τίθενται,
1393 1072 1432 1102 είς
1444 1069 1622 1097 διδασκαλίαν
1632 1070 1679 1097 τοῦ
1697 1070 1877 1104 μυστηρίου,

1074 1117 1123 1144 καὶ
1148 1117 1287 1152 ἐγκώμιον
1325 1116 1380 1142 τῶν
1408 1116 1626 1151 ἀνυμνουμὲνων
1659 1115 1769 1149 ἁγίων’
1804 1115 1879 1140 ἐπεὶ

1074 1166 1122 1192 καὶ
1137 1166 1166 1192 ὲν
1182 1167 1215 1200 τῇ
1243 1164 1399 1199 πανηγύρει
1420 1164 1512 1199 ἐκείνῃ
1539 1163 1587 1190 τοῦ
1612 1163 1759 1198 μέλλοντος
1785 1162 1804 1197 ἧ
1836 1162 1878 1188 τὰ

1076 1211 1215 1247 μυστήρια
1230 1210 1338 1245 ἔσονται
1363 1209 1578 1243 δοξολογούμενα
1593 1208 1640 1235 τοῦ
1662 1207 1730 1235 Θεοῦ
1763 1209 1813 1235 καὶ
1836 1208 1879 1234 τὰ

1073 1258 1124 1293 τῆς
1142 1257 1377 1291 ἐνανορωπήσεως
1402 1255 1546 1291 μᾶλλον,ἢ
1573 1254 1623 1281 σὺν
1638 1254 1731 1284 αὐτοῖς
1756 1254 1807 1280 καὶ
1836 1255 1878 1280 1‘1

1074 1302 1144 1332 ἆθλα
1162 1304 1216 1330 τῶν
1229 1303 1442 1337 ἀγωνισαμένων
1461 1301 1533 1335 ὑπὲρ
1548 1301 1642 1333 αὑτοῦ,
1658 1300 1741 1337 220
1759 1300 1798 1331 ὡς
1820 1301 1874 1326 καὶ

1073 1351 1103 1378 ἐν
1119 1351 1175 1381 τοῖς
1191 1349 1339 1379 ἐπινικίοις
1365 1348 1411 1374 τοῦ
1435 1347 1580 1382 βασιλέως,
1607 1347 1653 1373 καὶ
1676 1347 1700 1372 οἱ
1725 1345 1760 1372 δι’
1782 1345 1876 1372 αὑτὸν

1074 1395 1274 1429 ὲναθλὴσαντες
1305 1393 1542 1429 ἀναγορευόμενοι
1576 1392 1788 1427 στεφανοῦνται.
1824 1391 1869 1423 ὡς

1075 1439 1207 1471 πολλάκις
1222 1441 1236 1466 ό
1251 1439 1465 1475 Χρυσορῥήμων
1481 1438 1558 1472 φησί.
1583 1437 1662 1477 Μετὰ
1677 1436 1726 1471 τὴν
1738 1437 1874 1469 ἀνάγνω-

1039 1498 1061 1528 c
1078 1495 1120 1513 σιν
1135 1486 1163 1513 δὲ
1179 1487 1227 1525 καὶ
1243 1486 1256 1512 ό
1276 1485 1323 1512 τοῦ
1339 1484 1486 1515 πολυελέου
1505 1484 1600 1520 ᾄδεται
1619 1483 1713 1518 ὖμνος,
1730 1483 1876 1515 ἐπινίκιός

1076 1541 1119 1564 τις
1133 1532 1181 1564 ὢν,
1212 1533 1260 1558 καὶ
1289 1531 1324 1559 τὰ
1337 1531 1386 1558 τοῦ
1403 1529 1471 1557 Θεοῦ
1500 1529 1641 1564 θαυμάσια
1670 1529 1873 1563 διηγούμενος,

1076 1577 1123 1611 καὶ
1142 1577 1262 1612 μάλιστα
1274 1577 1325 1612 τὴν
1342 1576 1372 1608 ἐξ
1385 1575 1524 1611 Αἰγύπτου
1537 1576 1585 1609 τῆς
1603 1575 1742 1610 ἁμαρτίας
1761 1575 1866 1609 δηλον-

1076 1623 1116 1650 ότι
1152 1623 1200 1650 καὶ
1223 1623 1328 1659 πλάνης
1354 1622 1408 1649 τῶν
1438 1621 1532 1657 ψυχῶν
1547 1621 1626 1656 ἡμῶν
1654 1620 1724 1655 πρὸς
1744 1620 1794 1655 τὴν
1822 1619 1874 1646 τυῦ

1075 1669 1196 1704 Χριστοῦ
1215 1669 1307 1695 πίστιν
1321 1668 1457 1700 διάῦαςιν,
1483 1667 1532 1695 καὶ
1548 1667 1597 1702 τὴν
1630 1667 1662 1693 ὲκ
1691 1665 1739 1692 τοῦ
1763 1666 1874 1701 Φαραὼ

1076 1716 1125 1742 καὶ
1140 1716 1195 1742 τῶν
1207 1714 1379 1748 Αἰγυπτίων,
1396 1713 1443 1740 τοῦ
1467 1713 1591 1740 διαϐόλου
1616 1712 1718 1747 δηλαδὴ
1741 1712 1788 1738 καὶ
1813 1712 1873 1738 τῶν

1075 1762 1222 1797 δαιμόνων,
1244 1761 1404 1796 ἐλευθερίαν
1422 1759 1512 1795 ἡμῶν,
1531 1759 1578 1786 καὶ
1588 1759 1637 1794 τὴν
1656 1759 1688 1785 ὲκ
1699 1758 1747 1792 τῆς
1765 1757 1872 1785 Θαλάσ-

1077 1817 1126 1844 σης
1142 1808 1197 1834 τῶν
1214 1807 1377 1842 πειρασμῶν
1391 1806 1438 1833 τοῦ
1457 1806 1527 1841 βίου,
1541 1806 1586 1832 διὰ
1600 1805 1698 1840 ξηρᾶς,
1719 1805 1770 1839 τῆς
1788 1806 1872 1839 ἰσχυ-

1078 1856 1128 1889 ρΞς
1138 1855 1186 1881 καὶ
1196 1854 1357 1890 ἀκυμάντου
1375 1853 1447 1888 ζωῆς
1463 1853 1491 1879 ὲν
1511 1851 1585 1887 ἰσχύῖ
1601 1850 1670 1878 Θεοῦ
1682 1852 1715 1885 τῇ
1730 1851 1872 1886 καρτερίᾳ

1075 1901 1130 1927 τῶν
1164 1900 1280 1934 θλίψεων
1307 1898 1428 1933 εὐσταλῆ
1458 1897 1594 1932 πορείαν,
1625 1896 1663 1928 ὡς
1693 1895 1786 1932 ῥάϐδῳ
1818 1895 1870 1923 τοῦ

1078 1947 1198 1981 σταυροῦ
1216 1948 1249 1981 τῇ
1263 1944 1579 1980 δυνάμειὲνισχυοέντας
1590 1943 1619 1970 ἐν
1630 1943 1669 1978 τῷ
1681 1942 1869 1978 βαπτίσματι,

1077 1992 1123 2018 καὶ
1138 1992 1187 2026 τὴν
1203 1991 1258 2018 ἀπὸ
1270 1991 1319 2025 τῆς
1347 1989 1485 2025 ἑρημικῆς
1504 1987 1655 2019 κακώσεως
1679 1987 1724 2014 διὰ
1755 1987 1806 2022 τὴν
1839 1989 1871 2013 ὲν

1075 2037 1143 2071 ἡμῖν
1156 2035 1295 2071 ρᾳθυμίαν
1307 2035 1336 2061 ἐν
1348 2036 1381 2070 τῇ
1396 2033 1573 2070 ἐκπληρώσει
1591 2033 1646 2059 τῶν
1671 2031 1803 2064 ἐντολῶν,
1819 2032 1871 2058 καὶ

1075 2083 1121 2109 τὴν
1138 2083 1178 2114 εἰς
1194 2081 1262 2108 Θεὸν
1275 2080 1436 2115 γογγυσμὺν
1455 2080 1499 2106 διὰ
1515 2079 1580 2111 τοὺς
1597 2079 1708 2111 πόνους,
1725 2078 1818 2105 καίτοι
1835 2087 1870 2112 γε

1076 2130 1252 2166 τρεφομένων
1264 2129 1344 2165 ἡμῶν
1363 2128 1403 2163 τῷ
1426 2128 1499 2162 ζωῆς
1517 2127 1593 2163 ἄρτῳ
1622 2126 1693 2161 ὑπὲρ
1716 2126 1746 2152 τὺ
1765 2126 1870 2159 μάννα.

1041 2179 1062 2206 D
1076 2176 1131 2202 Kal
1146 2175 1337 2209 ποτιζομένων
1355 2173 1394 2208 τῷ
1421 2174 1523 2208 νάματι
1552 2173 1599 2199 τοῦ
1615 2173 1647 2198 ὲκ
1674 2172 1725 2206 τῆς
1742 2171 1869 2206 πλευρᾶς

1075 2220 1194 2256 Χριστοῦ
1210 2221 1338 2255 αἵματος,
1356 2220 1394 2251 ὡς
1406 2219 1463 2246 ἀπὸ
1477 2218 1525 2245 τοῦ
1541 2218 1600 2254 βίου
1628 2218 1724 2245 τούτου
1754 2218 1869 2244 ἐλευθε-

1077 2268 1150 2304 ρίαν,
1163 2267 1210 2294 xat
1222 2268 1272 2302 τὴν
1285 2267 1317 2293 ἐκ
1329 2266 1377 2292 τοῦ
1389 2265 1515 2300 Ἀμαλὴκ
1529 2266 1576 2291 καὶ
1593 2264 1671 2299 Σηὼν
1687 2264 1734 2290 καὶ
1751 2265 1802 2297 ’Ὡγ
1822 2265 1869 2291 καὶ

1075 2313 1132 2340 τῶν
1145 2312 1248 2348 ὁμοίων
1266 2312 1395 2343 ἐκείνοις,
1412 2310 1610 2346 Διοκλητιανοῦ
1627 2318 1656 2336 τε
1679 2311 1726 2336 καὶ
1742 2310 1868 2345 Μαξιμξ-

1076 2368 1122 2386 νου
1142 2359 1190 2385 καὶ
1205 2358 1360 2385 ἀποστάτου
1377 2357 1425 2384 καὶ
1448 2357 1502 2385 τῶν
1518 2356 1621 2383 λοιπῶν
1643 2355 1869 2383 ὅυσσεὸεστάτων

1076 2405 1217 2440 τυράννων
1232 2425 1240 2437 ,
1268 2405 1318 2439 τῆς
1352 2403 1518 2438 Ἐκκλησίας
1538 2402 1730 2438 ἀπολύτρωσιν
1756 2403 1795 2432 ὡς
1819 2403 1868 2437 τῆς

1078 2451 1221 2484 βασιλείας
1239 2451 1353 2477 ἐκείνων
1365 2450 1419 2477 τῶν
1432 2450 1557 2476 ἀπίστων
1574 2447 1795 2483 καταπεσούσης,
1809 2448 1868 2481 ἅμα

1077 2497 1111 2530 τῇ
1128 2495 1265 2530 τυραννίδι
1279 2495 1334 2522 τῶν
1352 2495 1501 2530 δαιμόνων,
1530 2494 1565 2520 δι’
1590 2490 1627 2522 ὧν
1645 2494 1673 2520 αἱ
1693 2493 1796 2527 θλίψεις
1812 2495 1867 2525 τοῖς

1079 2542 1168 2576 ἁγίοις
1184 2542 1213 2568 ἐν
1227 2542 1297 2577 τῷδε
1312 2542 1353 2577 τῷ
1369 2542 1419 2576 βίῳ
1438 2542 1486 2569 καὶ
1502 2541 1537 2567 τὰ
1556 2539 1668 2566 ποικίλα
1683 2539 1737 2565 τῶν
1752 2547 1866 2574 πειρασ-

1079 2589 1148 2625 μῶν,
1159 2589 1206 2616 καὶ
1230 2588 1279 2624 τὴν
1292 2589 1325 2615 ὲκ
1341 2588 1396 2617 τῶν
1421 2582 1583 2624 πειρασμῶν
1599 2595 1629 2618 τε
1645 2585 1693 2612 καὶ
1708 2585 1808 2617 πόνων,
1826 2586 1865 2616 εἰς

1077 2635 1127 2670 τὴν
1141 2635 1193 2670 γῆν
1206 2634 1255 2670 τῆς
1272 2634 1442 2669 ἐπαγγελίας
1453 2633 1667 2668 κατασκήνωσιν
1701 2631 1748 2659 καὶ
1764 2631 1864 2665 κληροο

1078 2683 1176 2718 νομίαν
1193 2684 1239 2710 τὸν
1254 2684 1370 2718 οὐρανὸν
1382 2684 1427 2711 διὰ
1448 2683 1536 2718 Ἰησοῦ
1551 2681 1599 2709 τοῦ
1618 2680 1683 2708 Υἱοῦ
1698 2679 1743 2706 τοῦ
1764 2679 1864 2712 ζῶντος

1078 2729 1158 2757 Θεοῦ.
1177 2729 1228 2762 Ὃς
1256 2731 1304 2757 καὶ
1333 2730 1500 2766 κληροδότης
1526 2729 1615 2761 ἔσται,
1633 2728 1681 2754 καὶ
1697 2726 1863 2762 κληρονομῖα

1079 2776 1157 2811 ἡμῖν,
1173 2777 1221 2804 καὶ
1235 2777 1361 2812 χωρίζων
1377 2777 1452 2812 ἡμᾶς
1468 2777 1524 2803 τῶν
1537 2775 1674 2806 ἀπίστων,
1692 2772 1740 2799 καὶ
1756 2772 1796 2803 εἰς
1815 2772 1863 2806 τὴν

1086 2823 1266 2859 Ἰερουσαλὴμ
1281 2824 1441 2858 ὲμὸιῦάζων
1453 2823 1502 2858 τὴν
1517 2821 1690 2858 ἐπουράνιον,
1706 2819 1755 2846 καὶ
1765 2818 1799 2844 τὰ
1814 2818 1862 2852 τῆς
