1938 3044
220 125 269 155 571
651 121 844 153 SYMEONIS
864 121 1244 155 THESSALONICENSIS
1260 125 1438 156 ARCHIEP.
1787 126 1861 157 ~57?

219 181 328 215 quidem
345 185 454 215 propter
471 179 603 206 modicam
621 179 743 213 corporis
766 179 907 214 requiem,
935 178 1007 206 istud

1063 181 1164 216 μικρὰν
1185 181 1235 216 τῆς
1253 183 1353 217 σαρκὸς
1370 182 1534 214 ἀνάπαυσιν,
1550 181 1580 208 τὺ
1597 181 1625 208 δὲ
1648 182 1690 208 ὅτι
1706 182 1756 209 καὶ
1772 183 1869 216 καθη-

221 233 286 252 vero
301 225 431 260 quoniam
445 228 473 251 et
498 224 626 251 sedentes
642 229 669 251 et
685 229 790 251 stantes
802 228 907 257 oportet
924 224 1007 250 Deum

1064 227 1164 259 μένους
1193 227 1240 254 καὶ
1257 228 1420 262 ἱσταμένους
1440 228 1481 254 δεῖ
1503 228 1549 254 τὸν
1569 228 1637 255 Θεὸν
1652 229 1799 263 ἁνυμνεῖν,
1813 230 1866 255 ὅτε

221 271 340 301 laudare,
359 278 373 296 e
388 276 544 296 sanctorum
566 269 676 303 scriptis
702 275 863 303 argumenta
887 269 921 297 de
940 269 1007 297 festo

1061 272 1107 298 καὶ
1125 273 1160 298 τὰ
1175 272 1240 308 περὶ
1260 273 1309 308 τῆς
1333 273 1430 308 ἑορτῆς
1452 275 1493 306 εἰς
1514 273 1690 301 διδασκαλίαν
1705 275 1805 309 κοινὴν
1828 275 1866 301 ὲκ

221 316 248 343 in
267 323 438 342 communem
459 315 611 342 doctrinam
631 316 767 350 leguntur.

497 372 612 399 CAPUT
631 373 756 400 CCCX".

223 418 260 445 De
273 419 341 446 brevi
355 423 378 445 et
390 413 537 452 «di/fusion:
551 419 587 456 (in
605 424 726 446 sanctum
743 420 782 446 rel
796 420 890 454 festum
903 417 1022 456 aliquod)

554 455 569 479 11
573 462 661 488 ymno.

257 500 347 527 Finito
360 504 436 527 sexto
451 501 559 527 cantico
571 500 600 527 ﬁt
618 501 754 531 similiter.
767 502 906 528 sacerdote
926 502 1010 529 (111110-

223 548 321 581 logiam
346 547 471 580 (licente,
495 552 523 574 et
546 548 645 574 dicitur
673 547 752 574 lectio
775 548 863 574 brevis
884 557 945 582 quae
969 553 1008 575 est

222 594 297 621 velut
318 594 376 620 laus
408 594 467 632 ίιχειὶ
493 594 520 620 in
546 593 682 620 versiculo
699 598 850 625 contracta.
879 600 904 620 et
931 594 1009 621 lectio

220 647 330 674 quaque
343 640 474 674 appellata
489 638 564 669 οἶκος
582 647 628 666 seu
644 639 752 670 domus,
771 642 864 674 utpote
891 640 1010 674 comple-

220 691 297 713 ctens
316 687 342 713 in
357 687 502 720 semetipsa
521 690 607 712 totam
624 686 683 712 festi
700 687 853 718 materiam,
867 686 906 712 vel
922 687 1004 713 vitam

221 734 354 767 cujusque
379 737 554 763 sanctorum,
583 737 608 758 et
635 733 661 758 in
688 731 741 757 line
763 731 889 758 lectionis
915 731 1007 758 brevis

220 787 296 806 mora
315 779 497 812 interponitur
514 785 560 811 per
582 777 691 803 brevem
714 777 860 804 melodiam
876 777 948 810 quod
980 777 1010 804 ﬁt

219 826 300 852 etiam
317 826 425 859 quando
441 824 539 858 legitur
565 823 682 857 hymnus
703 823 747 849 cui
770 830 869 850 nomen
894 823 1010 855 συναξά-

221 879 290 906 ριον,
310 872 336 897 in
362 878 417 904 quo
436 869 593 897 summatim
620 869 749 896 dicttntur
767 876 827 903 quae
852 869 884 895 ad
911 868 1008 896 I‘esmm

219 923 344 952 spectant
360 917 399 943 vel
417 917 484 943 Arta
511 920 668 943 sanctorum
688 922 802 949 quorum
824 914 850 941 in
866 915 910 942 die
921 915 1009 950 agitur

220 964 365 994 festivitas,
375 963 512 996 simulque
522 960 793 995 comprehenduntur
802 964 832 987 ut
845 961 869 987 in
881 968 1010 995 compen-

220 1011 265 1038 dio
277 1018 379 1043 agones
400 1009 458 1041 ejus
470 1009 516 1043 qui
537 1008 689 1035 celebratur
699 1012 726 1034 et
747 1011 917 1039 cmlerorum,
933 1015 965 1035 ac
982 1008 1008 1035 in

223 1057 341 1083 iambico
359 1056 480 1084 carmine
498 1055 596 1089 singuli
625 1062 719 1082 eorum
734 1054 858 1082 laudibus
872 1062 1007 1082 exornan-

217 1108 279 1130 .tur.
306 1103 340 1128 At
366 1108 427 1137 post
449 1108 574 1128 octavum
588 1101 724 1128 canticum
751 1108 823 1127 nono
847 1101 1005 1135 incipiente,

223 1147 379 1181 magniﬁrat
404 1147 531 1173 sacerdos
559 1145 773 1180 praestantiorem
796 1145 923 1172 omnibus
945 1153 1008 1171 sali-

221 1194 272 1220 ctis
294 1193 448 1227 Deiparam,
463 1193 506 1219 cui
524 1192 595 1219 Deus
611 1199 673 1218 vere
691 1191 755 1218 fecit
772 1196 868 1225 magna
884 1195 910 1217 et
926 1191 1009 1217 mira-

220 1238 294 1269 bilia,
312 1241 403 1271 utpote
417 1245 449 1263 ex
465 1245 496 1263 ea
507 1236 710 1269 incarnatusdet
724 1243 805 1268 quam
820 1235 960 1269 Seraphim
975 1243 1007 1263 ac

218 1283 364 1310 Clicruhim
392 1283 589 1317 prmcellcutcm
615 1281 808 1314 manifestavit,
827 1282 905 1315 cujus
920 1283 1006 1316 gratia

1061 317 1114 343 τῶν
1131 318 1216 352 ἁγίων
1232 319 1462 354 ἀναγινώσκεται.

1351 367 1478 393 ΚΕΦΑΛ.
1500 366 1573 394 TlB’.

1238 422 1309 457 Περὶ
1327 423 1489 450 κοντακίου
1506 423 1556 449 καὶ
1574 423 1670 450 οἴκου.

1097 502 1152 529 Καὶ
1179 502 1247 537 μετὰ
1264 502 1315 536 τὴν
1333 502 1416 536 ’ἐκτην
1438 502 1580 534 ὡσαύτως,
1601 503 1649 529 τοῦ
1667 503 1765 539 ίερέως
1782 505 1862 537 δοξο-

1061 547 1215 581 λογοῦντος,
1236 547 1266 574 τὸ
1284 549 1428 574 κοντάκιον
1443 548 1563 582 λέγεται,
1580 548 1618 580 ὡς
1639 551 1862 585 συνεπτυγμένη

1062 595 1090 621 ὲν
1105 594 1245 628 τροπαρίῳ
1261 593 1382 628 εὐφημία
1397 594 1447 626 τῆς
1463 594 1561 629 ἑορτῆς
1574 601 1581 610 ’
1603 594 1650 620 καὶ
1672 595 1686 621 ὁ
1705 594 1862 629 λεγόμενος

1061 637 1146 671 οἶκος,
1161 640 1200 670 ὡς
1224 639 1360 674 περιέχων
1386 640 1414 666 ὲν
1435 640 1523 673 ἑαυτῷ
1546 641 1650 672 πάντας
1671 641 1736 672 τοὺς
1756 642 1861 675 λόγους

1061 686 1112 720 τῆς
1122 686 1256 721 έορτῆς,ἢ
1271 686 1320 720 τὴν
1337 685 1429 720 βιοτὴν
1440 685 1493 711 τῶν
1510 686 1594 720 ἁγίων
1608 687 1738 718 ἑκάστου,
1752 688 1804 719 κᾳὶ
1817 688 1861 720 εξς

1061 732 1091 757 τὸ
1100 732 1175 763 τέλος
1187 731 1278 766 λήγων
1291 732 1336 757 τοῦ
1349 732 1504 764 κοντακίου,
1517 732 1546 758 ἐν
1559 732 1649 767 μικρῷ
1663 733 1858 768 μελῳδὴματι·

1061 778 1105 805 ὅτε
1123 778 1170 804 καὶ
1185 778 1216 805 τδ
1228 778 1375 812 λεγόμενον
1390 779 1607 813 ἀναγινώσκεται
1623 779 1805 815 Συναξάριον,
1819 781 1860 812 ὡς

1062 825 1078 859 ἢ
1095 824 1129 851 τὰ
1147 825 1210 858 περὶ
1225 825 1275 858 τῆς
1291 826 1388 860 ἑορτῆς
1406 826 1434 851 ὲν
1452 824 1563 859 συνόψει
1585 825 1682 859 λέγων,
1699 827 1715 862 ᾗ
1739 827 1773 853 τὰ
1791 828 1860 862 περὶ

1060 870 1114 897 τῶν
1129 870 1328 897 τελειωῡέντων
1345 872 1373 896 ὲν
1389 872 1422 905 τῇ
1437 871 1531 906 ἡμέρᾳ
1551 863 1647 905 ἁγίων,
1664 871 1722 906 ἅμα
1737 873 1787 899 καὶ
1807 872 1857 899 τοῦ

1059 915 1257 950 ἑορταξομένου
1276 916 1323 942 καὶ
1345 916 1399 942 τῶν
1415 915 1517 942 λοιπῶν
1536 917 1564 942 ἐν
1584 916 1702 951 ἐπιτομῇ
1721 918 1858 952 περιέχον

1057 961 1093 987 τὰ
1110 961 1271 996 σκάμματα,
1297 961 1346 988 καὶ
1363 962 1392 987 έν
1413 961 1521 995 ἰάμϐοις
1549 961 1664 988 ἕκαστον
1690 961 1784 989 αὐτῶν
1807 963 1858 990 ἀν-

1058 1008 1162 1043 υμνῶν.
1180 1007 1258 1034 Μετὰ
1269 1007 1297 1033 δὲ
1317 1007 1366 1042 τὴν
1380 1007 1477 1041 ὀγδόην
1490 1008 1518 1033 έν
1535 1008 1567 1042 τῇ
1583 1009 1632 1042 τῆς
1649 1007 1764 1041 ὲνιιάτης
1778 1008 1856 1043 ἀρχῇ

1060 1052 1207 1087 μεγαλύνει
1223 1052 1272 1088 τὴν
1294 1052 1367 1087 ὑπὲρ
1380 1052 1442 1083 τοὺς
1458 1052 1552 1086 ἁγίους
1567 1052 1691 1084 ἅπαντας
1707 1054 1854 1081 Θεοτὸκον.

1059 1096 1098 1133 ⁷ῌ
1114 1099 1246 1132 μεγαλεῖα
1263 1098 1409 1132 θαυμαστὰ
1425 1099 1439 1125 ό
1453 1099 1521 1130 Θεὸς
1538 1100 1666 1134 ἐποίησεν
1680 1101 1802 1136 ἀληθῶς,
1816 1101 1856 1134 ὠς

1060 1144 1090 1178 ἐξ
1106 1145 1191 1179 αὐτῆς
1210 1144 1373 1178 σαρκωθεὶς.
1390 1145 1438 1171 καὶ
1457 1146 1511 1172 τῶν
1528 1147 1654 1181 Σεραφὶμ
1673 1147 1721 1174 καὶ
1745 1147 1854 1182 Χερου-

1061 1189 1112 1224 ϐὶμ
1139 1190 1275 1221 ἀνέδειξεν
1303 1190 1468 1225 ὑπερτέραν,
1485 1189 1512 1217 ὲν
1565 1191 1610 1218 καὶ
1627 1191 1725 1226 μέλπει
1742 1194 1778 1219 τὰ
1803 1193 1856 1227 τῆς

1062 1235 1135 1266 Θείας
1149 1235 1219 1271 ᾠδῆς
1237 1236 1333 1270 αὐτῆς.
1355 1236 1400 1263 Ἐν
1414 1236 1452 1271 τῷ
1468 1237 1540 1264 τέλει
1555 1237 1583 1263 δὲ
1595 1238 1643 1272 τῆς
1655 1238 1770 1273 ὲννάτης
1783 1240 1857 1266 αἰνεῖ

1060 1281 1108 1316 τὴν
1119 1281 1223 1316 Τριάδα
1241 1282 1310 1316 μετὰ
1327 1283 1382 1309 τῶν
1396 1276 1550 1316 ἀγγέλων“ὀ
1565 1275 1663 1318 ίερεὐς.

219 1331 340 1357 divinum
360 1330 421 1365 ejus
436 1331 571 1358 canticum
593 1330 756 1357 modulatur.
776 1331 907 1365 Deinceps
921 1332 947 1358 in
961 1331 1012 1357 line
1029 1330 1092 1358 noni
1107 1331 1205 1358 cantici
1221 1330 1380 1359 Trinitatem
1403 1332 1493 1359 laudat
1509 1340 1569 1359 cum
1581 1332 1683 1367 angelis
1707 1334 1854 1362 sacerdos.

477 1374 592 1402 CAPUT
611 1376 745 1414 tLCCXIll.

222 1421 259 1448 De
277 1421 372 1457 hymno
392 1421 417 1447 in
434 1429 484 1457 quo
507 1429 555 1447 rom
570 1422 759 1453 ἐξαποστειλον
777 1422 967 1457 frequentatur,
983 1428 1007 1450 et

353 1456 384 1482 de
394 1456 516 1482 laudibus
529 1461 552 1482 et
565 1457 595 1482 de
611 1465 706 1490 magna
719 1457 866 1492 doroloyia.

255 1502 386 1536 Deinceps
417 1503 515 1529 dicitur
552 1503 669 1536 hymnus
702 1505 812 1531 nomine
847 1504 1007 1533 emissarius

218 1540 330 1584 propter
347 1549 410 1576 illud
427 1557 433 1576 :
448 1559 456 1575 (
473 1549 573 1576 Emitte
589 1550 681 1576 lumen
693 1555 779 1582 tuum,
797 1561 806 1577 1
824 1552 902 1586 quasi
917 1552 1006 1580 lucem

219 1596 368 1623 infundens
394 1596 484 1623 dictus
514 1601 577 1624 ante
612 1597 732 1631 psalmos
765 1597 926 1627 laudativos.
954 1599 1006 1632 Qui

219 1643 331 1669 laudum
348 1643 444 1676 psalmi
462 1647 543 1670 totam
561 1647 713 1670 convocant
726 1649 753 1670 et
770 1644 908 1672 adducunt
930 1653 1008 1672 erea-

220 1689 332 1720 tiouem,
351 1688 461 1721 angelos
477 1688 582 1714 scilicet
597 1688 718 1722 aliaSque
734 1694 875 1716 creaturas
891 1689 924 1716 ad
949 1690 1008 1716 latt-

220 1734 339 1761 dandum
354 1741 414 1760 etnn
431 1734 477 1767 qui
497 1733 560 1760 fecit
573 1741 617 1765 ea,
635 1741 696 1760 cum
716 1734 842 1762 universa
865 1735 909 1761 Dei
924 1742 1006 1769 opera

221 1782 355 1806 testentur
373 1779 444 1806 sein
462 1779 550 1806 Verbo
563 1784 590 1806 et
608 1779 710 1814 Spiritu
728 1788 789 1807 esse
808 1786 908 1808 creata.
935 1781 1008 1808 Dixit

218 1825 302 1856 enim,
318 1830 343 1852 et
358 1825 430 1852 facta
443 1830 516 1858 sunt,
528 1825 631 1860 inquit;
650 1826 707 1860 ipse
723 1827 906 1858 mandavihet
916 1834 1006 1855 creata

219 1875 305 1904 sunt;
334 1872 415 1905 dixit,
441 1877 553 1906 propter
569 1872 708 1904 Verbum,
735 1872 872 1899 mandavit
899 1878 1008 1907 propter

218 1919 405 1951 operationem
431 1918 562 1952 Spiritus.
580 1919 612 1944 Et.
636 1922 696 1952 post
712 1923 766 1945 tres
787 1920 1007 1948 accommodatus

219 1965 329 1991 laudum
348 1965 480 2005 psalmos.
496 1971 606 1991 rttrsutn
619 1964 719 1991 dicitur
733 1964 817 1998 gloria
831 1965 856 1991 in
875 1966 1005 1993 honorem

218 2011 370 2044 Trinitatis,
383 2019 431 2038 seu
446 2018 542 2044 magna
558 2011 703 2038 coniicitur
715 2011 869 2046 doxologia.
885 2011 946 2038 llarc
964 2016 1007 2040 est

218 2065 278 2088 qute
303 2057 336 2084 ab
355 2057 432 2083 initio
457 2057 512 2090 jam
538 2057 609 2084 dicta
634 2058 715 2083 estin
737 2058 869 2091 protentio
892 2059 1005 2093 operis:

221 2113 230 2128 ι
242 2103 330 2130 Gloria
347 2103 372 2129 in
388 2102 529 2129 altissimis
543 2102 613 2135 Deo;
629 2112 638 2128 1
651 2111 724 2129 nunc
741 2111 803 2130 vero
820 2103 924 2138 integra
943 2112 1005 2131 cum

217 2153 297 2175 cantu
314 2149 348 2175 ab
370 2149 497 2174 omnibus
521 2148 604 2174 simul
627 2148 739 2181 dicitur,
757 2156 819 2175 cum
847 2150 1004 2184 mysterium

217 2195 244 2221 in
261 2198 318 2220 tuto
334 2194 435 2220 mundo
452 2193 534 2220 fuerit
551 2193 756 2220 manifestatum
773 2202 826 2221 nott
852 2196 1005 2229 pastoribus

217 2245 333 2270 tantum,
347 2239 393 2266 sed
416 2243 443 2265 ct
470 2239 596 2273 gentibus
618 2239 764 2267 universis.
785 2239 862 2278 Ideo.
879 2241 978 2269 dicitur
994 2250 1002 2269 :
1021 2250 1044 2279 ο

221 2295 230 2311 ι
249 2285 405 2312 Laudamus
424 2289 460 2316 te.
482 2285 670 2312 beneilicitnus
684 2290 720 2317 te,
736 2285 883 2313 adoramus
898 2291 933 2319 te,
948 2287 1006 2321 glo-

218 2331 356 2357 rillcamus
381 2336 416 2362 te,
443 2325 543 2362 gratias
557 2329 663 2363 agimus
683 2329 730 2356 tibi
756 2336 865 2365 propter
882 2339 1005 2366 magnam

216 2378 329 2412 gloriam
350 2382 444 2409 tuam;
462 2385 471 2401 1
491 2375 561 2410 pleni
575 2376 648 2402 enim
665 2380 728 2402 sunt
744 2377 804 2403 cmli
821 2381 846 2403 ct
861 2381 894 2404 lei
903 2385 932 2404 ra
948 2378 1006 2412 glo-

218 2424 256 2449 ria
272 2423 340 2457 ejus.
359 2422 465 2456 Cujus?
483 2421 529 2448 Dci
557 2422 662 2449 scilicet
684 2422 710 2448 in
727 2421 1008 2458 Trinitalezquapro-

218 2474 277 2501 pter
302 2467 333 2494 tle
357 2467 457 2494 divinis
483 2466 604 2501 loquitur
626 2466 745 2494 Ecclesia
769 2467 911 2494 clamans:
930 2477 939 2493 ι
955 2468 1006 2494 Do-

218 2512 300 2543 mine,
335 2520 380 2538 rex
411 2511 533 2538 caelestis
552 2531 559 2543 ,
594 2511 664 2539 Deus
691 2512 771 2539 Pater
801 2513 972 2546 omnipotens
997 2521 1005 2546 ;

219 2558 342 2589 Domine,
354 2557 404 2584 Fili
420 2557 556 2591 unigenite
565 2557 628 2586 Jcsu
642 2558 760 2590 Christe,
774 2561 800 2584 et
811 2564 905 2585 sancte
918 2557 1007 2592 Spiri-

218 2611 271 2632 tus.
287 2614 297 2630 1
322 2604 359 2630 Eu
377 2609 432 2632 tres
447 2612 576 2637 personas
590 2604 748 2638 praedicavit
765 2604 882 2638 hymnus
905 2605 931 2631 in
954 2611 1007 2631 una

218 2651 330 2682 ltritate,
343 2658 404 2677 nam
417 2650 531 2677 dicendo
548 2658 555 2676 :
575 2659 584 2674 1
599 2650 633 2677 ln,
644 2650 785 2677 altissimis
798 2650 860 2682 Deo,
875 2656 901 2678 et
915 2651 1007 2678 lauda-

219 2704 280 2723 mus
294 2701 329 2727 te.
352 2705 361 2721 1
382 2696 508 2730 patefecit
534 2695 678 2727 unitatem,
702 2703 815 2722 numero
839 2701 927 2723 autem
945 2705 1004 2731 per-

215 2750 297 2770 sonas
323 2742 510 2776 proclamavit.
544 2740 645 2768 Deinde
681 2739 727 2767 Dei
762 2740 844 2768 Verbi
877 2742 1003 2768 incarna-

218 2789 318 2815 tionem
339 2788 420 2815 claris
439 2787 529 2814 verbis
546 2786 665 2814 celebrat
684 2786 828 2815 clamans:
859 2796 869 2814 ί
887 2787 1002 2816 Domine

217 2835 298 2869 Deus,
320 2843 407 2871 agnus
431 2834 488 2867 Dei,
507 2843 515 2859 1
543 2833 616 2868 quod
642 2833 674 2861 ab
697 2833 763 2861 Isaia
789 2838 813 2862 et
833 2842 1002 2870 przcursorc

1347 1378 1470 1404 ΚΕΦᾹΛ.
1498 1377 1570 1406 ΤίΓ’.

1058 1422 1128 1456 Περὶ
1145 1423 1436 1460 ἐξαποστελλαρίου,
1449 1423 1506 1460 έκᾳὶ
1523 1423 1582 1450 τῶν
1598 1424 1704 1458 αίνων,
1723 1426 1774 1452 καὶ
1796 1425 1852 1460 τῆς

1288 1458 1406 1493 μεγάλη
1411 1469 1426 1491 ς
1442 1459 1631 1492 δοξολογίας.

1096 1505 1148 1531 Καὶ
1165 1505 1195 1531 τὸ
1210 1505 1455 1540 ἐξαποστελλάριον
1472 1505 1581 1539 λέγεται
1596 1506 1641 1533 διὰ
1656 1506 1686 1532 τὸ
1701 1515 1712 1532 ‹
1733 1506 1852 1540 Ἐξαπό-

1060 1550 1165 1577 στειλον
1185 1551 1215 1577 τὸ
1227 1551 1284 1584 φῶς
1301 1559 1360 1583 σου,
1379 1561 1388 1577 1
1405 1551 1443 1582 ὡς
1458 1552 1656 1585 φωταγωγικδν
1670 1552 1724 1586 πρὸ
1736 1553 1792 1579 τῶν
1808 1554 1851 1579 αῖ-

1059 1604 1111 1622 νων
1129 1596 1284 1630 λεγόμενον.
1311 1597 1367 1623 Καὶ
1381 1595 1453 1623 οὕτω
1478 1598 1513 1623 τὰ
1541 1597 1596 1624 τῶν
1616 1599 1698 1624 αίνων
1711 1599 1849 1633 ἐπάγεται

1060 1642 1152 1668 πᾶσαν
1163 1642 1392 1676 συγκαλουμένων
1404 1642 1453 1677 τὴν
1466 1643 1567 1676 κτίσιν,
1582 1643 1713 1676 ἀγγέλους
1727 1645 1787 1679 ἅμα
1801 1646 1849 1672 καὶ

1059 1686 1147 1713 πάντα
1160 1687 1194 1712 τὰ
1208 1687 1357 1721 κτίσμα-ια,
1374 1687 1413 1718 είς
1428 1687 1475 1720 τὴν
1490 1687 1592 1714 αῐνεσιν
1605 1688 1651 1714 τοῦ
1665 1689 1848 1724 πεποιηκότος

1058 1731 1138 1763 αὐτὰ,
1159 1732 1205 1758 καὶ
1220 1732 1311 1758 πάντα
1325 1731 1393 1766 ἔργα
1408 1731 1476 1758 Θεοῦ
1495 1732 1707 1767 μαρτυρούντων
1722 1734 1754 1759 έν
1775 1734 1848 1768 λόγῳ

1058 1777 1106 1802 καὶ
1139 1776 1279 1810 Πνεῦματι
1307 1778 1449 1810 γεγονότα,
1482 1786 1491 1803 ι
1509 1778 1596 1809 Αὐτὸς
1620 1779 1675 1812 γὰρ
1700 1775 1773 1812 εἷπε,
1799 1781 1847 1806 καὶ

1059 1823 1238 1857 ἐγενήθησαν,
1265 1824 1359 1856 φησὶν,
1388 1823 1469 1854 αὐτὸς
1485 1823 1636 1850 ἐνετείλατο
1652 1824 1698 1850 καὶ
1719 1824 1848 1859 ἐκτίσθη-

1059 1875 1119 1900 σαν,
1140 1876 1149 1893 1
1168 1868 1208 1900 τὸ,
1231 1865 1315 1899 Eius,
1333 1867 1378 1893 διὰ
1393 1868 1438 1894 τὸν
1450 1869 1538 1902 λόγον,
1554 1869 1585 1895 τὸ
1604 1869 1791 1896 Ἐνετείλατο
1803 1870 1847 1896 διὰ

1057 1913 1107 1948 τὴν
1121 1914 1262 1948 ἐνέργειαν
1277 1914 1324 1940 τοῦ
1344 1913 1513 1949 [Ινεύματος.
1528 1914 1584 1940 Καὶ
1603 1915 1674 1947 μετὰ
1685 1915 1748 1946 τοὺς
1759 1915 1847 1950 ἁρμοε

1057 1959 1129 1991 δίους
1146 1960 1247 1994 ὕμνους
1265 1960 1318 1986 τῶν
1335 1961 1428 1992 αῐνων,
1448 1960 1550 1993 καὶτὸ,
1570 1970 1580 1986 ι
1597 1961 1674 1993 Δόξα
1687 1962 1736 1988 καὶ
1751 1962 1820 1993 νῦν,
1832 1971 1842 1988 1

1057 2005 1097 2036 είς
1111 2006 1195 2040 τιμὴν
1209 2006 1257 2040 τῆς
1274 2006 1401 2041 Τριάδος,
1415 2007 1431 2041 ἡ
1445 2006 1549 2041 μεγάλη
1559 2006 1698 2040 δοξολογία
1715 2008 1844 2034 τελεῖται.

1057 2052 1131 2087 Α’ύτη
1145 2052 1171 2078 δέ
1186 2054 1258 2079 ἐστιν
1275 2054 1291 2087 ή
1308 2054 1356 2080 καὶ
1369 2053 1485 2089 ἑξαρχῆς
1504 2053 1619 2088 ρηθετσα
1636 2055 1664 2080 ὲν
1679 2055 1844 2089 προοιμίοις,

1057 2098 1097 2130 τὸ,
1117 2098 1207 2130 «Δόξα
1231 2100 1260 2125 ὲν
1281 2099 1404 2134 ὑψίστοις
1427 2100 1496 2134 Θεῷ¹
1519 2109 1529 2125 1
1557 2099 1604 2126 νῦν
1628 2100 1657 2126 δὲ
1674 2099 1844 2135 τελεωτέρως

1057 2143 1104 2170 καὶ
1124 2145 1194 2178 μετὰ
1219 2145 1316 2180 μέλους
1335 2145 1383 2173 καὶΙ
1399 2146 1476 2182 παρὰ
1493 2146 1602 2173 πάντων
1628 2145 1744 2182 ᾁδομένη
1765 2146 1845 2180 ὁμοῦ,

1057 2190 1094 2221 ὡς
1112 2190 1160 2216 τοῦ
1178 2192 1330 2227 μυστηρίου
1348 2193 1377 2219 ὲν
1393 2193 1447 2227 ὅλῳ
1468 2192 1672 2228 φανερωθέντος
1686 2193 1724 2226 τῷ
1738 2193 1843 2226 κόσμῳ,

1058 2236 1105 2262 καὶ
1133 2237 1164 2262 οὐ
1193 2237 1248 2268 τοῖς
1273 2237 1385 2272 ποιμέσι
1417 2237 1509 2272 μόνον,
1538 2238 1608 2265 ἀλλὰ
1630 2239 1677 2265 καὶ
1692 2239 1760 2264 πᾶσι
1788 2239 1844 2269 τοῖς

1058 2281 1158 2308 ἔθνεσι.
1186 2282 1231 2309 Διδ
1256 2284 1316 2314 καὶ,
1332 2292 1342 2308 1
1363 2283 1518 2318 ’Υμνοῦμέν
1535 2291 1577 2316 σε,
1593 2292 1603 2309 1
1627 2283 1720 2318 φησὶν,
1741 2291 1750 2308 ‹
1771 2283 1845 2309 εὐλο-

1058 2328 1161 2362 γοῦμεν
1179 2337 1219 2361 σε,
1235 2329 1444 2364 προσκυνοῡμέν
1462 2338 1503 2361 σε,
1527 2329 1722 2364 δοξολογοῦμέν
1747 2337 1788 2360 σε,
1803 2329 1844 2355 εὐ-

1058 2376 1245 2412 χαριστοῦμεν
1277 2384 1329 2408 σοι,
1355 2376 1399 2402 διὰ
1425 2377 1475 2410 τὴν
1504 2375 1626 2411 μεγάλην
1652 2383 1698 2402 σου
1724 2375 1812 2407 δόξαν.
1831 2384 1840 2400 1

1059 2423 1168 2457 mnam
1182 2422 1236 2456 γὰρ
1251 2422 1264 2448 6
1284 2422 1399 2457 οὐρανὸς
1424 2423 1471 2448 καὶ
1492 2423 1508 2456 ἠ
1525 2421 1561 2455 γῆ
1579 2423 1674 2456 γέγονε
1699 2421 1746 2453 τῆς
1766 2421 1842 2455 δόξης

1058 2469 1153 2495 αὐτοῦ.
1170 2468 1248 2500 Τίνος
1261 2477 1269 2500 ;
1285 2468 1338 2494 Τοῦ
1353 2469 1380 2494 ὲν
1397 2468 1493 2503 Τριάδι
1505 2468 1586 2494 Θεοῦ.
1601 2467 1647 2494 Διὸ
1664 2468 1712 2494 καὶ
1725 2467 1843 2501 θεολογεῑ

1057 2515 1073 2548 ή
1093 2513 1252 2548 Ἐκκλησία,
1279 2513 1379 2548 βοῶσα,
1408 2523 1417 2539 ι
1444 2514 1530 2548 Κύριε
1553 2513 1664 2550 βασιλεῦ
1688 2515 1840 2549 ὲπουράνιε,

1057 2559 1107 2585 Θεὲ
1124 2560 1213 2593 Πάτερ
1233 2559 1441 2594 παντοκράτορο
1461 2559 1546 2594 Κύριε
1564 2559 1613 2585 Υίὲ
1630 2559 1773 2593 μονογενὲς
1792 2559 1841 2593 Ἰη-

1057 2604 1105 2631 σοῦ
1127 2605 1240 2640 Χριστὲ,
1258 2605 1306 2632 καὶ
1330 2606 1408 2639 ἅγιον
1432 2605 1554 2639 Πνεῦμα.
1574 2614 1584 2631 1
1612 2605 1676 2631 Ἰδοὺ
1701 2606 1752 2636 τὰς
1769 2607 1839 2640 τρεῖς

1057 2651 1192 2685 ἐκήρυξεν
1209 2651 1374 2682 ὑποστάσεις
1389 2652 1419 2677 έν
1431 2651 1480 2686 μιᾷ
1497 2651 1620 2685 Θεότητι.
1638 2651 1682 2686 Τῷ
1700 2652 1764 2685 γὰρ,
1782 2652 1837 2678 (Ἐν

1059 2696 1181 2731 ὑψίστοις
1203 2697 1274 2731 Θεῷ,
1290 2706 1299 2723 1
1324 2697 1415 2731 λέγειν
1432 2698 1489 2729 καὶ,
1511 2706 1520 2723 t
1544 2696 1700 2732 ’Υμνοῦμέν
1725 2706 1766 2729 σε,
1786 2706 1795 2723 1
1811 2697 1838 2724 τὸ

1057 2744 1157 2770 ὲνισιῖον
1189 2744 1317 2778 ἐδήλωσε.
1333 2743 1414 2777 222
1429 2743 1474 2777 Τῷ
1488 2743 1516 2770 δὲ
1531 2743 1651 2778 ἀριθμῷ,
1663 2743 1713 2773 τὰς
1726 2743 1839 2768 ὑποστά-

1058 2797 1114 2820 σεις
1145 2790 1335 2824 κατήγγειλεν.
1363 2787 1430 2815 Εἶτα
1451 2789 1499 2815 καὶ
1519 2788 1568 2824 τὴν
1591 2788 1638 2814 τοῦ
1663 2789 1731 2815 Θεοῦ
1755 2789 1837 2822 Λόγου

1056 2837 1195 2870 σάρκωσιν
1222 2836 1337 2870 ἁνυμνεῖ
1360 2835 1506 2870 λαμπρῶς,
1531 2835 1664 2867 ὲκϐοῶσα,
1688 2844 1697 2860 Ι
1721 2834 1836 2869 Κύριεό
