1938 3044
233 133 287 164 603

649 133 839 164 SYMEONIS
851 131 1231 180 THESSALONICENSIS
1251 131 1431 162 ARCHIEP.

1816 128 1870 161 604

233 193 389 221 clitantium
405 198 430 222 et
450 193 654 228 desperatorum
668 193 794 221 Salvator
808 200 815 226 ;
831 201 840 217 ι
855 192 997 223 miserere,
1011 200 1020 216 ι

1081 190 1167 225 ἡμῶν.
1189 200 1198 216 ι
1217 190 1320 223 Σῶσον,
1344 200 1354 216 ι
1376 190 1419 217 ὅτι
1442 191 1476 218 σὺ
1506 190 1588 225 μόνος
1612 191 1668 218 τῶν
1697 191 1874 219 κινδυνευόν-

232 241 364 272 quoniam
378 239 445 266 nihil
462 239 547 267 habes
570 247 584 267 a
604 239 694 272 nobis,
714 239 766 266 nisi
786 239 913 265 misertus
930 237 1028 268 fueris.

231 286 277 318 qui
298 286 454 313 misericors
465 293 507 317 es,
520 290 561 312 iet
573 286 689 316 custodi.
699 295 708 312 ι
724 285 852 320 quoniam
866 284 950 313 multi,
962 287 1028 310 sunt

232 332 370 359 irruentes
381 337 408 358 et
423 332 583 360 tribulantes
599 332 689 365 multi,
719 332 849 366 solusque
873 339 923 358 nos
951 335 1029 366 potes

233 378 382 411 Custodire,
398 378 480 410 Deus,
504 379 531 405 in
548 378 634 414 gratia
647 382 703 410 tua,
721 378 832 404 minime
846 385 880 404 ex
899 376 1028 411 operibus

232 424 337 451 nostris
352 443 360 455 ,
376 431 427 451 nec
442 432 473 451 ex
487 424 675 459 deprecatione
689 428 800 457 nostra;
816 430 876 449 nam
892 422 1027 449 immundi

234 477 341 502 sumus,
361 467 511 505 tiostraque
525 474 590 497 sunt
609 468 763 502 immunda,
783 469 829 495 sed
857 468 883 494 in
902 472 947 494 tua
965 472 1028 494 tan-

233 521 290 543 tum
307 517 416 550 gratia;
446 517 611 551 praecipuum
643 520 733 542 autem
756 514 858 542 donum
888 512 1028 548 Unigeniti

233 564 385 592 incarnatio
404 571 464 598 quae
478 567 506 590 et
522 562 610 598 gratia
627 561 788 596 appellatur.
819 559 868 587 His
881 560 1027 587 Dominum

233 608 482 636 misericordiarum
496 608 624 634 obsecrat
643 605 773 634 sacerdos
789 613 797 636 ;
815 609 844 632 at
857 605 881 632 si
898 605 1028 632 diaconus

231 662 262 682 ea
276 654 443 689 pronuntiat,
459 653 554 681 eadem
576 660 623 687 per
634 656 768 680 secretam
785 652 936 678 orationem
953 651 1029 678 intus

230 701 393 736 deprecatus
410 700 540 728 sacerdos
573 707 623 726 nos
649 699 774 726 hortatur
794 702 824 724 ut
847 705 911 732 erga
943 696 1027 724 Deum

230 745 476 773 commendationis
486 746 540 772 ritu
558 744 716 779 fungamur.
735 743 814 771 Disce
826 751 891 770 vero
909 743 1028 771 salutare

231 797 260 820 et
274 792 411 820 mirabile.
431 801 439 817 ι
461 791 659 822 Sanctissimae,
673 789 722 821 ait,
746 794 773 816 et
802 789 994 822 immaculata,
1015 798 1025 815 ι

231 844 259 866 et
275 844 384 870 caetera,
402 838 537 872 praeconia
556 836 703 863 admodum
727 835 870 863 laudabilis
893 835 1023 870 Deipam,

232 888 314 918 prout
330 884 418 916 decet,
436 883 578 916 adjiciens.
615 882 764 916 Postquam
791 889 888 909 omnes
914 885 1025 909 sanctos

234 929 489 961 memoraverimns,
521 929 649 956 videlicet
678 934 775 955 nucem
809 931 966 954 sanctorum
999 931 1027 954 et

232 981 372 1003 auctorem
388 975 625 1005 sanctiﬁcationis.
643 981 750 1000 necnon
767 980 939 1000 communem
967 980 1026 1000 meo

233 1021 376 1049 diatricem
390 1020 568 1054 divinumque
581 1020 797 1046 instrumentum
813 1026 861 1052 per
877 1018 949 1052 quod
973 1018 1027 1045 sal-

233 1066 288 1093 vati
307 1073 402 1093 sumus
413 1071 494 1100 atque
509 1065 631 1092 omnium
647 1072 694 1099 per
703 1072 762 1091 eam
775 1065 1025 1095 sanctilicatorum,

233 1119 296 1139 cum
312 1119 342 1139 ex
362 1114 454 1138 nostra
469 1110 525 1137 sint
540 1115 637 1137 natura
651 1117 684 1137 ae
707 1109 740 1137 de
758 1110 846 1137 salute
862 1115 957 1137 nostra
974 1109 1029 1136 sol-

234 1158 300 1186 liciti
317 1158 396 1185 nobis
408 1164 570 1184 sucrurrere
586 1157 692 1191 possint
707 1156 753 1190 qui
782 1163 832 1190 pro
866 1155 951 1190 gloria
980 1155 1027 1183 Dei

234 1207 418 1235 certaverunt,
431 1203 491 1234 hos,
502 1202 603 1236 inquit,
616 1206 759 1236 postquam
771 1195 1027 1232 memoraverimus,

233 1251 295 1278 ineo
315 1250 410 1277 vocis:
440 1249 474 1275 ad
503 1248 687 1275 auxiliandum
718 1248 952 1278 advocaverimns,
980 1255 1027 1275 seu

234 1296 368 1324 recordati
389 1302 484 1322 corum
513 1299 542 1321 ut
572 1294 640 1321 bene
675 1294 708 1320 de
733 1293 812 1321 nobis
837 1294 1027 1325 recordentur,

235 1342 428 1376 nosmetipsos,
442 1341 504 1376 quia
523 1348 573 1368 nos
600 1339 655 1366 Deo
671 1339 800 1367 debemus
826 1343 908 1371 tntos,
936 1339 1029 1373 proxi-

237 1397 357 1424 mosque,
373 1389 437 1424 quia
468 1395 518 1415 nos
540 1387 655 1414 invicem
685 1386 798 1420 diligere
823 1386 892 1420 jussi
920 1393 1027 1420 sumus,

235 1443 400 1471 omnemque
418 1435 500 1462 vitam
520 1438 653 1466 nostram,
673 1438 768 1468 utpote
780 1432 826 1460 cui
851 1434 922 1460 Dens
939 1433 1030 1467 provi-

235 1483 291 1514 di-t,
313 1487 340 1508 et
356 1483 456 1516 pariter
467 1486 577 1507 nostras
591 1481 616 1507 in
630 1487 661 1506 ea
674 1480 865 1514 cogitationes,
887 1487 1028 1507 sermones

1080 245 1134 263 των
1149 237 1197 264 καὶ
1216 237 1434 272 ἀπηλπισμένων
1458 237 1571 273 Σωτῆρι
1593 247 1603 264 ‹
1631 237 1783 272 Ἐλέησον.
1803 247 1812 264 ι
1834 239 1876 266 ὅτι

1082 284 1158 310 οὐδὲν
1178 284 1251 318 ἔχεις
1268 284 1315 318 ἀφ’
1341 283 1430 318 ἡμῶν,
1448 284 1473 310 εί
1499 285 1536 318 μὴ
1562 284 1687 319 ὲλεήαεις
1702 285 1716 311 ὁ
1734 284 1872 319 ἐλεήμων.

1085 336 1095 354 t
1110 329 1165 355 Καὶ
1179 328 1343 362 διαφύλαξον
1353 336 1360 344 ο
1381 337 1390 354 ι
1404 328 1446 355 ὅτι
1462 329 1555 355 πολλοὶ
1569 330 1595 356 οι
1608 329 1826 364 ὲτιεμΰαίνοντές
1844 338 1873 356 τε

1082 375 1129 402 καὶ
1149 375 1299 407 θλίϐοντες,
1327 375 1375 402 καὶ
1394 375 1474 410 μόνος
1490 375 1603 402 δύνασαι
1622 376 1771 410 φυλάττειν
1786 378 1875 412 ἡμᾶς,

1079 421 1094 448 ὸ
1110 420 1188 452 Θεὸς,
1206 421 1238 455 τῇ
1256 421 1288 455 σῇ
1302 419 1410 455 χάριτι·
1426 420 1476 446 οὐκ
1491 421 1524 447 ὲκ
1536 420 1590 447 τῶν
1608 421 1753 455 ἡμετέρων
1771 421 1874 455 ἔργων,

1081 466 1137 492 οὐδ’
1167 466 1199 492 ὲκ
1228 466 1278 500 τῆς
1310 465 1390 500 ἡμῶν
1417 466 1535 498 ἱκεσίας,
1559 466 1710 502 ἀκάθαρτοι
1736 469 1803 503 γὰρ,
1827 469 1876 494 καὶ

1048 511 1058 519 λ
1081 511 1226 546 ἀκάθαρτα
1240 512 1274 537 τὰ
1285 512 1376 546 ἡμῶν,
1389 511 1458 537 ἀλλὰ
1473 513 1507 546 τῇ
1524 513 1557 547 σῇ
1574 513 1642 549 μόνῃ
1656 512 1762 548 χάριτι,
1783 514 1876 546 Ἐξαι-

1083 566 1162 595 ρετος
1179 557 1207 583 δὲ
1231 557 1322 592 δωρεὰ
1349 558 1364 592 ἡ
1391 558 1438 584 τοῦ
1465 558 1637 591 Μονογενοῦς
1653 558 1875 593 ὲνανθρώπησις,

1080 603 1142 637 ἥτις
1168 603 1215 628 καὶ
1240 603 1321 638 χάρις
1342 602 1474 630 καλεῖται.
1511 604 1556 630 Ἐν
1580 604 1685 636 τούτοις
1707 601 1765 631 οἷον
1793 605 1875 632 Deum

1082 648 1198 684 θέμενος
1213 649 1227 675 ὸ
1245 649 1335 683 ἱερεὺς
1346 649 1392 675 τὸν
1406 649 1484 681 Θεὸν,
1498 650 1522 676 εί
1539 650 1567 677 δὲ
1581 650 1703 682 διάκονός
1718 652 1777 678 ἑστι
1794 651 1875 678 τοῦτο

1080 695 1179 729 λέγων,
1195 695 1239 722 διὰ
1257 695 1353 722 τούτου
1369 704 1400 722 τε
1416 696 1463 723 καὶ
1478 697 1528 732 τῆς
1547 699 1681 733 μυστικῆς
1698 698 1774 724 ἔνδον
1790 699 1876 733 εὐχῆς

1080 741 1094 767 ό
1115 741 1216 776 ίερεὺς,
1233 741 1267 767 τὰ
1284 741 1335 775 τῆς
1348 742 1514 777 παραθήκης
1528 742 1598 777 πρὸς
1615 743 1681 769 Θεὺν
1699 745 1775 777 ἡμᾶς
1794 745 1875 778 ποιῆ-

1081 795 1127 814 σαι
1158 786 1358 814 διακελεύεται.
1388 787 1445 814 Καὶ
1473 788 1593 822 μάνθανε
1623 789 1799 824 σωτηριῶδες
1828 790 1877 817 καὶ

1081 832 1252 868 θαυμαστόν.
1274 842 1284 859 ι
1302 834 1358 868 Τῆς
1374 834 1515 867 Παναγίας
1531 834 1679 869 ἀχράντου,
1700 844 1710 860 ι
1730 835 1813 870 φησι,
1828 837 1877 862 καὶ

1078 879 1111 905 τὰ
1140 879 1215 913 ἑξῆς.
1245 879 1386 914 ἐπιφέρων
1405 879 1439 906 τὰ
1466 879 1520 906 τῶν
1538 880 1686 914 ἐγκωμίων
1716 881 1768 915 τῆς
1786 889 1877 907 πανυ-

1079 925 1182 961 μνήτου
1199 926 1332 951 Θεοτόκου
1349 925 1388 956 ὡς
1415 926 1542 960 ἐγχωρεῖ.
1563 935 1572 951 ι
1596 926 1674 953 Μετὰ
1692 926 1806 953 πάντων
1821 926 1877 952 τῶν

1077 972 1165 1005 ἁγίων
1196 971 1448 1006 μνημονεύσαντες.
1476 978 1498 997 ι·
1520 972 1586 998 Ἰδοὺ
1605 972 1655 1007 τῆς
1675 973 1803 1007 ἀρχηγοῦ
1822 974 1878 1000 τῶν

1078 1018 1176 1052 ἁγίων,
1192 1019 1238 1044 καὶ
1252 1019 1301 1053 τῆς
1325 1018 1443 1054 χορηγοῦ
1460 1017 1508 1044 τοῦ
1522 1018 1671 1053 ἀγιασμοῦ,
1688 1021 1736 1046 καὶ
1754 1019 1806 1054 τῆς
1818 1028 1878 1046 κοι-

1078 1064 1127 1098 νῆς
1145 1063 1292 1098 μεσίτιδος,
1310 1063 1356 1089 καὶ
1375 1063 1421 1089 τοῦ
1447 1063 1653 1098 οεὶουρργάνοτι
1671 1064 1705 1090 δι’
1726 1064 1759 1091 οὗ
1787 1065 1878 1091 σεσώ-

1079 1110 1180 1144 σμεθα,
1199 1110 1268 1144 μετὰ
1285 1109 1339 1136 τῶν
1358 1109 1536 1145 ἡγιασμένων
1550 1109 1584 1136 δι’
1600 1110 1686 1144 αὐτῆς
1697 1111 1823 1143 πάντων,
1839 1112 1879 1144 ὡς

1079 1157 1111 1182 ὲκ
1130 1157 1180 1192 τῆς
1197 1156 1276 1191 ἡμῶν
1292 1156 1377 1183 ὕντων
1400 1156 1519 1190 φύσεως,
1548 1157 1598 1183 καὶ
1614 1157 1774 1193 κηδομένων
1793 1159 1878 1194 ἡμῶν

1079 1203 1127 1229 καὶ
1140 1202 1350 1237 δυναμένωνὼς
1361 1202 1559 1237 ἠγωνισμένων
1574 1203 1651 1239 αὑπὲρ
1664 1204 1714 1238 τῆς
1729 1205 1812 1239 δόξης
1827 1205 1877 1232 τοῦ

1079 1248 1159 1280 Θεοῦ,
1183 1248 1262 1282 φησὶ,
1285 1248 1536 1282 μνημονεύσαντες,
1554 1250 1615 1276 ἀντὶ
1638 1250 1684 1276 τοῦ
1705 1251 1878 1278 ἐπικαλεσά-

1081 1303 1168 1330 μενοι,
1198 1293 1214 1328 ἢ
1236 1293 1283 1320 καὶ
1307 1294 1344 1325 ὡς
1370 1295 1482 1327 ἀγαθῶς
1506 1296 1691 1330 μεμνημένων
1705 1297 1786 1330 ήμῶν
1801 1307 1877 1332 μνη-

1081 1340 1203 1371 σθέντες,
1229 1339 1355 1372 ἑαυτοὺς,
1381 1340 1418 1372 ὡς
1439 1341 1596 1374 ὀψείλοντες
1612 1343 1685 1377 ἡμᾶς
1708 1343 1812 1376 αὐτοὺς
1837 1345 1878 1380 τῷ

1080 1384 1150 1419 Θνῷ,
1174 1385 1220 1411 καὶ
1240 1385 1384 1420 ἀλλήλους,
1408 1386 1446 1418 ὡς
1468 1388 1516 1414 καὶ
1538 1388 1649 1423 ἀγαπᾷν
1676 1389 1812 1424 ἀλλήλους
1828 1391 1879 1417 λα-

1081 1430 1173 1462 ϐόντες
1186 1430 1307 1466 ἐντολὴν,
1321 1432 1368 1457 καὶ
1382 1433 1474 1458 πᾶσαν
1487 1432 1537 1467 τὴν
1550 1433 1623 1468 ζωὴν
1639 1435 1728 1469 ἡμῶν,
1739 1436 1778 1467 ὡς
1791 1445 1880 1472 χορη-

1080 1477 1219 1512 γουμένην
1241 1477 1316 1512 παρὰ
1340 1477 1418 1511 Θεοῦ,
1440 1479 1486 1505 καὶ
1502 1476 1558 1505 οἷον
1573 1480 1607 1506 τὰ
1620 1481 1649 1506 ὲν
1665 1481 1750 1516 ταύτῃ
1765 1482 1880 1518 διανοή-

235 1535 259 1553 ei
278 1534 371 1560 opera,
390 1526 551 1559 animasque
565 1532 598 1552 ac
611 1531 725 1558 corpora
741 1523 851 1550 Christo
870 1523 923 1550 Deo
952 1531 1025 1550 corn-

1083 1529 1157 1556 ματα
1182 1521 1230 1547 καὶ
1254 1522 1366 1556 ῥήματα
1388 1521 1466 1556 ἡμῶν
1482 1524 1529 1549 καὶ
1552 1524 1600 1555 τὰς
1616 1525 1731 1559 πράξεις
1756 1528 1804 1553 καὶ
1826 1529 1880 1560 τὰς

237 1574 406 1604 "muniemus,
419 1579 467 1605 pro
483 1570 562 1598 nobis
579 1570 721 1597 immolato
752 1577 801 1597 nos
817 1570 890 1604 ipsos
908 1569 1025 1596 hostiam

236 1618 260 1643 vi
268 1620 369 1643 ventem
390 1615 537 1642 offeramus
553 1615 577 1642 ei
602 1615 648 1650 qui
664 1614 743 1641 nobis
759 1615 937 1649 semetipsum
953 1614 1027 1641 dedit

237 1671 288 1690 nos
304 1667 374 1690 totos
391 1662 580 1693 exhibeamus,
614 1662 819 1688 committamus
849 1669 899 1687 nos
934 1662 956 1687 ei
980 1661 1025 1695 qui

237 1710 355 1734 animam
372 1715 448 1733 suam
461 1714 510 1741 pro
525 1706 603 1733 nobis
619 1706 720 1740 posuit,
735 1712 761 1732 et
776 1706 803 1732 in
819 1706 907 1732 cibum
924 1709 1026 1732 semet-

238 1756 327 1788 ipsum
340 1753 472 1786 donavit;
487 1752 531 1786 qui
549 1753 627 1779 nobis
646 1752 772 1785 providet
806 1759 911 1787 nosque
939 1752 1028 1787 diligit

238 1807 346 1835 semper
359 1799 494 1826 sollicitus
506 1805 669 1833 semperque
681 1798 789 1825 salvans
803 1802 830 1825 et
857 1799 934 1826 solus
966 1798 1027 1825 Sal-

237 1853 323 1878 vator,
339 1845 467 1881 quoniam
482 1845 586 1879 absque
604 1844 649 1871 illo
663 1852 716 1871 nun
736 1852 880 1878 possumus
893 1851 965 1877 esse,
978 1852 1028 1873 nec

237 1893 337 1925 vivere,
355 1898 405 1918 nec
421 1891 542 1925 cogitare
559 1897 607 1917 nec
625 1889 773 1924 quidquam
807 1897 921 1924 prorsus
953 1891 1028 1925 cogi-

239 1945 306 1970 Iare,
322 1938 345 1964 ei
358 1943 447 1964 autem
467 1937 657 1964 commendata
676 1943 757 1964 nemo
772 1940 861 1970 potest
874 1936 979 1971 eripere
995 1936 1028 1964 de

239 1983 364 2010 manibus
376 1983 466 2010 Patris
481 1983 541 2018 ejus
556 1991 564 2016 ;
582 1989 677 2009 manus
696 1989 760 2009 vero
784 1986 848 2009 sunt
862 1982 951 2016 ipsum
965 1982 1028 2009 bra-

237 2030 328 2058 chium
346 2030 404 2065 ejus
416 2034 442 2055 et
468 2032 579 2056 sanctus
609 2028 747 2063 Spiritus;
761 2035 796 2054 en
812 2027 1027 2062 intelligentibus

239 2077 348 2102 maximi
368 2075 550 2110 omnibusque
563 2078 723 2109 praestantes
754 2075 869 2101 fructus.
903 2073 1027 2108 Quapro-

239 2130 297 2158 pter
308 2125 334 2150 in
349 2123 410 2150 aliis
426 2122 522 2149 oliiciis
534 2127 653 2149 astantes
680 2121 852 2149 solummodo
883 2121 1003 2149 clamant
1018 2130 1026 2149 :

242 2179 251 2194 ι
268 2169 348 2204 Kyrie
365 2169 478 2201 eleison,
496 2177 506 2194 ι
526 2169 643 2195 divinam
672 2168 847 2202 implorantes
873 2168 1028 2195 misericor-

1081 1566 1170 1601 ψυχὰς
1179 1565 1224 1592 καὶ
1236 1566 1270 1593 τὰ
1285 1566 1410 1602 σώματα,
1422 1567 1540 1602 Χριστῷι
1548 1567 1585 1602 τῷ
1597 1568 1656 1603 Θεῷ
1669 1570 1878 1606 παραθῶμεθα,

1081 1612 1120 1646 τῷ
1134 1611 1242 1638 τυθέντι
1261 1611 1331 1647 ὑπὲρ
1346 1612 1426 1647 ἡμῶν
1439 1613 1552 1646 ἑαυτοὺς
1567 1614 1662 1641 θυσίαν
1677 1616 1771 1647 ζῶσαν
1790 1625 1880 1650 προσ-

1082 1657 1201 1692 άξωμεν.
1221 1657 1266 1692 Τῷ
1283 1658 1355 1684 δόντι
1378 1659 1444 1693 ἡμῖν
1467 1660 1574 1692 ἑαυτὸν,
1598 1661 1646 1687 καὶ
1668 1662 1770 1694 αὐτοὺς
1793 1664 1880 1698 ἡμεῖς

1081 1703 1180 1735 όλικῶς
1212 1704 1457 1739 προσκομίσωμεν.
1498 1707 1554 1733 Καὶ
1587 1706 1771 1743 θαρρήσωμεν
1800 1711 1879 1745 ἡμᾶς

1082 1750 1156 1784 αὺτῷ
1173 1749 1212 1784 τῷ
1229 1750 1279 1786 τὴν
1294 1751 1384 1785 ψυχὴν
1409 1751 1479 1786 ὑπὲρ
1497 1752 1576 1787 ήμῶν
1599 1753 1746 1787 τεθεικότι,
1765 1755 1815 1782 καὶ
1835 1758 1877 1788 εις

1080 1796 1184 1830 τροφὴν
1211 1796 1307 1822 ἑαυτὸν
1332 1796 1470 1830 δεδωκότι,
1500 1797 1546 1824 καὶ
1575 1801 1769 1836 προνοουμένῳ
1793 1802 1879 1836 ἡμῶν

1082 1841 1130 1867 καὶ
1156 1841 1289 1875 φιλοῦντι,
1320 1843 1366 1869 καὶ
1391 1843 1436 1869 ἀεὶ
1463 1844 1604 1880 κηδομένῳ
1628 1846 1675 1872 καὶ
1694 1845 1810 1879 σώζοντι
1828 1849 1880 1875 καὶ

1083 1889 1157 1923 μόνῳ
1175 1887 1231 1913 ὖντι
1243 1888 1368 1923 Σωτῆρι¹
1386 1889 1427 1915 ὅτι
1439 1890 1487 1916 καὶ
1503 1891 1588 1926 χωρὶς
1604 1892 1688 1919 αὐτοῦ
1713 1894 1744 1920 οὺ
1758 1894 1880 1923 δυνατὶν

1082 1930 1153 1959 εἶναι
1174 1933 1190 1969 ἢ
1211 1932 1271 1968 ζῇν,
1286 1934 1302 1968 ἦ
1319 1935 1399 1966 νοεῖν,
1417 1935 1433 1970 ἧ
1451 1935 1520 1967 ὅλως
1540 1945 1567 1962 τι
1582 1937 1706 1973 ἐνεργεῖν
1718 1946 1724 1953 ·
1750 1940 1815 1967 οὐδὲ
1830 1941 1881 1970 τὸν

1082 1977 1272 2012 παρατεθέντα
1299 1979 1373 2014 αὐτῷ
1396 1980 1510 2008 δύναταί
1529 1991 1572 2014 τις
1597 1983 1734 2018 ἁρπάζειν
1760 1987 1793 2013 ἐκ
1819 1988 1878 2015 τῶν

1082 2024 1184 2059 χειρῶν
1205 2023 1252 2050 τοῦ
1270 2025 1376 2059 Πατρὸς
1399 2027 1495 2056 αὑτοῦ.
1512 2028 1611 2064 Χεῖρες
1625 2029 1653 2055 δὲ
1669 2030 1750 2062 αὐτὸς
1769 2033 1783 2058 ὁ
1806 2032 1878 2067 βρα-

1082 2070 1159 2104 χίων,
1185 2068 1231 2095 καὶ
1248 2070 1279 2095 τὺ
1296 2071 1408 2105 Πνεῦμα
1423 2072 1453 2098 τὸ
1468 2071 1557 2107 ἆγιον.
1587 2074 1653 2100 Ἰδοὺ
1673 2076 1732 2107 τοῖς
1750 2077 1878 2104 συνιοῦσι

1085 2116 1202 2150 μέγιστα
1226 2117 1260 2143 τὰ
1278 2117 1310 2143 ὲκ
1327 2117 1428 2153 ταύτης
1452 2118 1504 2152 τῆς
1520 2120 1684 2156 προσευχῆς,
1702 2123 1749 2149 καὶ
1779 2124 1815 2150 τὰ
1833 2133 1880 2151 τε·

1081 2161 1205 2189 λεώτατα
1235 2162 1354 2191 πάντων.
1382 2164 1427 2191 Διὸ
1455 2165 1501 2192 καὶ
1528 2166 1557 2192 ὲν
1586 2166 1636 2201 μὲν
1651 2169 1708 2199 τοῖς
1730 2169 1825 2201 ἄλλοις
1851 2172 1878 2197 οἱ

240 2216 310 2242 diam
325 2223 334 2248 ;
351 2215 395 2242 liic
418 2219 508 2242 autent
526 2222 532 2240 :
558 2223 567 2240 ι
585 2213 655 2247 Tibi,
670 2213 795 2247 Domine,
816 2223 826 2240 ι
846 2213 987 2249 inquiunt.
1004 2214 1030 2242 id

1083 2209 1258 2244 παρεστῶτες
1282 2209 1324 2241 τὸ,
1355 2219 1364 2235 ι
1386 2209 1484 2245 Κύριε,
1509 2210 1631 2246 ἐλέησον,
1661 2222 1671 2239 ›
1697 2213 1780 2248 μόνον
1808 2215 1879 2249 χράο

239 2266 281 2289 est
297 2271 305 2289 ε
326 2261 386 2288 'Iibi
403 2268 452 2288 nos
465 2260 541 2295 ipsos
565 2260 799 2293 commendamus,
811 2260 920 2288 Christe
946 2261 1029 2288 Deus.

241 2307 303 2335 ilazc
319 2312 361 2335 est
388 2306 589 2334 commendatio
616 2307 733 2333 maxime
757 2307 914 2334 necessario
939 2306 1030 2334 verbis

240 2353 390 2391 proﬁtenda
403 2362 412 2388 ;
430 2361 492 2380 nam
504 2360 606 2380 rectam
623 2353 649 2379 in
663 2353 801 2380 Christum
819 2353 897 2380 [idem
905 2356 1029 2379 nostram

241 2405 432 2434 acceptumque
445 2398 526 2426 eﬂicit
541 2393 705 2426 oblationem
731 2398 756 2426 ei
781 2405 814 2425 ex
843 2397 895 2425 ﬁde
919 2397 1029 2433 factam,

241 2452 291 2472 nos
307 2444 360 2472 Deo
369 2444 480 2477 adunat,
494 2451 572 2478 opem
589 2443 647 2478 ejus
673 2443 862 2477 consequitur,
890 2443 1031 2470 sanctissi-

243 2498 293 2518 mae
312 2490 391 2517 Verbi
403 2490 536 2517 Genitrici
550 2490 708 2525 sanctisque
733 2488 885 2522 conjungit,
900 2489 1030 2516 interces-

242 2536 347 2564 sionem
360 2543 452 2564 eorum
465 2535 601 2562 eflicacem
615 2535 680 2562 facit
695 2542 743 2569 pro
759 2534 846 2561 nobis.
862 2533 936 2561 Hauc
948 2534 1028 2562 etiam

244 2581 362 2608 maxime
378 2580 532 2608 necessario
561 2580 693 2607 debemus
722 2578 851 2613 operibus
882 2579 1030 2614 perlicere;

243 2628 373 2662 operibus
386 2632 476 2654 autem
489 2626 662 2661 perﬁciemus
676 2624 699 2651 si
723 2630 796 2652 recte
823 2624 978 2657 credamus,
1007 2625 1031 2652 si

243 2674 399 2700 Christiane
415 2673 539 2698 vivamus
554 2671 581 2697 in
612 2670 740 2705 puritate.
758 2671 784 2696 in
799 2671 914 2697 veritate
932 2675 959 2697 et
987 2670 1031 2704 ju-

243 2721 331 2753 sntia;
349 2719 371 2746 si
388 2717 504 2745 orationi
520 2723 656 2750 vacemus,
673 2716 802 2750 quoniam
818 2715 873 2743 Deo
883 2715 972 2742 devoti
988 2723 1033 2742 su-

245 2774 315 2799 mus,
330 2765 467 2801 mysteriis
485 2763 658 2794 sanctiﬁcati,
677 2762 850 2789 confessione
877 2761 951 2788 illius
965 2768 1032 2788 con-

244 2811 463 2844 secrati,etcum
475 2808 585 2836 Christo
614 2807 705 2835 traJiti
734 2807 819 2834 simus
843 2811 924 2841 atque
943 2806 977 2834 ab
1000 2813 1033 2833 eo

243 2857 339 2892 empti,
356 2857 424 2886 nihil
443 2855 517 2883 aliud
548 2855 600 2883 nisi
616 2862 676 2890 qua:
706 2858 770 2882 sunt
793 2852 896 2880 Christi
925 2853 1033 2884 operari

1083 2253 1171 2286 ζουσι,
1188 2254 1235 2280 τὸν
1258 2254 1331 2281 θεῖον
1349 2255 1561 2290 ἐπικαλούμενοι
1576 2257 1662 2290 ἔλεον,
1686 2259 1808 2286 ἐνταῦθα
1836 2261 1878 2293 δὲ,

1085 2308 1094 2324 ι
1114 2299 1170 2330 Σοὶ,
1188 2300 1301 2335 Κύριε,ι
1321 2301 1420 2334 φασιν·
1438 2302 1510 2337 ἤτοι,
1533 2303 1575 2329 σοὶ
1596 2304 1721 2337 ἑαυτοὺς,
1737 2305 1844 2339 Χριστὲ
1865 2308 1881 2333 ὀ

1081 2345 1158 2379 Θεὸς,
1177 2347 1377 2381 παρατίθεμεν.
1403 2347 1478 2384 Αὕτη
1503 2350 1520 2381 ὴ
1551 2350 1705 2384 παράθεσις
1725 2352 1880 2387 ἀναγκαιο-

1081 2391 1150 2426 τάτη
1167 2391 1216 2418 καὶ
1230 2391 1321 2425 λόγοις
1345 2393 1548 2428 ὁμολογεῖσθαι.
1567 2396 1623 2432 Τὴν
1644 2396 1698 2431 γὰρ
1721 2398 1790 2432 πρὶς
1808 2399 1878 2433 Χρι-

1083 2437 1144 2464 στὸν
1159 2437 1243 2473 ὀρθὴν
1269 2439 1362 2465 πίστιν
1388 2441 1435 2466 καὶ
1455 2440 1506 2476 τὴν
1519 2442 1561 2473 εἰς
1583 2442 1667 2469 αὑτὸν
1689 2443 1832 2478 ἡμετέραν
1847 2444 1879 2470 ἐκ

1083 2484 1201 2516 πίστεως
1216 2486 1334 2511 ποιεῖται
1353 2486 1482 2513 ἀνάθεσιν
1493 2495 1500 2502 ·
1517 2488 1564 2514 καὶ
1581 2488 1638 2514 ἑνοῖ
1654 2489 1693 2524 τῷ
1709 2489 1771 2524 Θεῷ
1790 2491 1877 2525 ἡμᾶς,

1082 2530 1130 2556 καὶ
1145 2530 1194 2565 τὴν
1214 2531 1297 2557 αὐτοῦ
1317 2533 1468 2559 ἐπισπᾶται
1485 2533 1624 2569 βοήθειαν,
1647 2535 1693 2561 καὶ
1710 2536 1744 2569 τῇ
1761 2536 1810 2561 τοῦ
1827 2537 1878 2562 Λό-

1082 2583 1132 2608 γου
1149 2576 1289 2611 ὑπεραγίᾳ
1305 2577 1398 2612 Μητρὶ
1413 2578 1463 2604 καὶ
1481 2579 1537 2610 τοῖς
1564 2579 1653 2613 ἁγίοις
1670 2579 1814 2612 συνάπτει,
1829 2571 1877 2606 διιῖ

1082 2621 1132 2654 τὴν
1158 2621 1297 2654 μεσιτείαν
1323 2622 1414 2648 αὐτῶν
1431 2623 1544 2658 ἐνεργὸν
1559 2625 1677 2650 ποιεῖται
1698 2624 1769 2659 ὑπὲρ
1785 2624 1875 2659 ἡμῶν.

1084 2667 1140 2693 Καὶ
1151 2666 1243 2702 ἔργοις
1259 2668 1288 2694 δὲ
1302 2668 1473 2696 ἐκτελεῖσθαι
1487 2669 1558 2704 αὕτη
1572 2670 1638 2706 παρ’
1651 2671 1731 2706 ἡμῶν
1744 2671 1775 2697 τὸ
1791 2672 1877 2704 ἀναγ-

1084 2713 1230 2739 καιότατον
1244 2715 1349 2748 χρῆμα.
1366 2714 1402 2740 Τὸ
1424 2715 1453 2741 δὲ
1469 2715 1504 2742 δι’
1529 2716 1620 2751 ἔργων
1633 2717 1706 2743 ἐστὶν
1727 2717 1818 2752 ὀρθῶς
1833 2726 1877 2744 πι-

1086 2759 1204 2791 στεύειν,
1224 2756 1482 2795 καὶ’χριστ;ανικῶς
1505 2762 1535 2788 ὲν
1551 2762 1719 2798 καθαρότητι
1738 2763 1789 2798 ζῇν
1812 2764 1878 2800 άλη-

1086 2804 1146 2839 θείᾳ
1174 2813 1203 2831 τε
1230 2805 1278 2831 καὶ
1299 2806 1468 2843 δικαιοσύνῃ,
1491 2808 1539 2835 καὶ
1554 2808 1698 2843 σχολάζειν
1713 2810 1774 2841 ταῖς
1793 2817 1876 2845 προσ-

1087 2851 1200 2887 ευχαῖς⁸
1226 2851 1267 2879 ὅτι
1302 2852 1506 2889 ἀνατεθειμένοι
1536 2854 1597 2890 Θεῷ
1621 2854 1753 2890 τελοῦμεν
1782 2856 1876 2891 ἡμεῖς,
