1938 3044
255 79 306 115 611

684 78 874 109 SYMEONIS
892 76 1268 108 THESSALONICENSIS
1286 76 1464 108 ARCHIEP.

1832 72 1888 105 ΜΞ

256 136 336 164 nobis
351 135 460 164 solliciti
486 142 517 162 ac
538 133 570 161 de
585 135 705 169 peccatis
724 135 827 162 nostris
851 133 925 161 anxii
946 139 973 160 et
989 133 1039 159 Do-
1055 157 1056 161 η

1103 134 1130 166 b;
1146 133 1179 162 ἂν
1196 135 1260 169 περὶ
1285 135 1363 169 ἡμῶν
1387 135 1494 169 ἔχοντες
1522 132 1572 167 τὴν
1601 131 1730 167 φροντίδα
1755 130 1805 158 καὶ
1832 130 1888 157 τῶν

257 183 361 210 minum
393 183 586 216 exspectantes
611 180 804 211 emundemur.
830 180 1043 213 studeamusque

257 235 311 255 non
326 227 440 255 concilia
455 231 481 254 et
495 227 563 253 festa
578 234 671 260 agere,
688 226 735 254 sed
753 227 777 253 in
796 225 893 253 dolore
907 225 939 253 ad
959 226 1043 253 Deum

256 275 386 305 clamare,
409 280 525 306 cumque
537 272 648 300 laniare
668 281 699 300 ac
714 273 841 300 invocare
856 278 883 299 et
898 274 1043 299 adventum

255 319 314 354 ejus
325 319 451 354 opperiri.
465 319 565 346 Prtevia
577 324 666 346 autem
675 320 710 346 ita
719 319 900 354 appellantur.
915 319 1042 352 quoniam

256 370 318 392 sunt
334 365 466 392 festorum
482 364 641 398 dierumque
660 365 833 399 sequentium
853 364 926 390 velut
950 370 1041 399 proce-

257 416 321 436 ιιιιᾺ.

474 496 589 526 CAPUT
610 496 819 525 CCCXXXVIII.

273 551 310 582 De
322 555 465 582 continenti
481 564 510 582 su
530 555 680 597 plicatiouc.
712 561 734 581 ct
760 555 802 595 de.
817 554 943 585 precibus.
960 554 1029 588 quod

481 598 587 616 omnino
602 596 653 617 σιηι
674 597 760 616 ηειεει
779 597 835 616 νιω.

293 635 358 664 Post
391 636 447 663 haac
479 640 624 662 continens
650 637 677 662 tit
694 637 793 668 oratio,
816 641 840 662 et
865 634 1011 669 petitiones
1028 641 1042 660 a

256 683 397 710 sacerdote
425 682 608 715 complentur.
638 682 677 708 Ad
716 682 769 708 hoc
800 680 910 715 quidem
939 683 1044 713 spectat

256 729 401 756 continens
412 727 510 758 oratio,
525 732 553 754 ut
575 726 621 753 liat
638 726 824 754 misericordia
840 733 922 761 super
935 734 1042 757 omnes,

257 779 314 802 tum
332 782 409 809 reges
428 774 532 804 ﬁdeles.
552 777 607 801 tum
626 773 678 800 loci
695 773 864 808 pontiﬁcem,
881 772 1041 800 monasterii

1095 181 1239 216 ἁμαρτιῶν
1254 180 1334 215 ἡμῶν
1353 180 1541 215 μεριμνῶντες
1554 179 1602 205 καὶ
1616 178 1661 205 τὸν
1680 177 1784 212 Κύριον
1799 176 1889 204 ἁπεκ-

1096 228 1248 261 δεχόμενοι,
1280 226 1491 260 καθαιρὼμεθα.
1513 226 1560 252 καὶ
1587 224 1623 259 μὴ
1639 224 1800 255 σπεύδωμεν
1817 232 1888 249 trav-

1097 274 1241 308 ηγυρίζειν
1270 273 1286 307 ἢ
1306 271 1459 306 ἑορτάζειν,
1480 271 1538 298 ἀλλ’
1565 271 1593 297 ὲν
1615 271 1710 296 πένθει
1726 270 1790 305 βοᾷν
1821 270 1892 303 πρὸς

1096 320 1164 346 Θεδν
1180 320 1227 346 καὶ
1242 319 1339 345 τοῦτον
1355 319 1441 345 αἰνεῖν
1465 318 1511 344 καὶ
1540 316 1742 346 ἐπικαλεῖσθαι,
1770 317 1820 341 καὶ
1844 314 1893 347 τὴν

1095 364 1247 399 ἐπιδημίαν
1267 364 1365 390 τούτου
1382 363 1552 397 ὲκδέιεσθαι.
1575 363 1748 398 Προκεὶμενα
1760 362 1789 387 δὲ
1807 360 1893 393 ,λεγε-

1089 420 1150 441 ¹ται,
1166 411 1203 442 ὡς
1223 411 1278 437 τῶν
1291 410 1392 446 ἑορτῶν
1408 409 1455 436 καὶ
1482 409 1536 435 τῶν
1553 408 1747 444 ἐπερχομένων
1776 406 1894 441 ἡμερῶν

1096 457 1239 492 προοίμια.

1380 503 1506 530 ΚΕΦΑΛ.
1517 503 1606 530 TAH’.

1097 560 1166 594 Περὶ
1193 561 1250 592 τῆς
1269 560 1544 592 ὲκτενοῦςίκεσίας
1569 559 1618 586 ναί
1644 559 1710 592 περὶ
1731 559 1792 585 τῶν
1815 558 1897 591 σιτή-

1221 603 1313 626 σεων,
1330 595 1375 621 ὅτι
1398 595 1623 629 ἀναγκαιότατα
1640 595 1770 627 πάντως.

1130 643 1208 670 Μετὰ
1224 643 1311 669 ταῦτα
1326 643 1355 669 δὲ
1372 643 1388 675 ἡ
1404 642 1516 676 ἐκτενὴς
1533 642 1638 677 δέησις,
1652 642 1700 668 καὶ
1724 643 1751 668 al
1769 642 1897 675 αἰτήσεις

1098 692 1173 726 παρὰ
1192 690 1239 716 τοῦ
1260 691 1356 725 ἱερέως
1375 689 1517 716 τελοῦνται
1532 697 1539 704 ·
1555 690 1572 724 ἡ
1605 689 1718 723 ἐκτενὴς
1745 689 1797 721 μὶν
1826 688 1897 723 ὑπὲρ

1086 737 1186 768 ’ἐλέους
1203 737 1325 769 πάντων,
1340 736 1394 761 τῶν
1409 745 1439 762 τε
1462 736 1567 762 πιστῶν
1600 734 1744 769 βασιλέων,
1773 733 1822 761 καὶ
1850 732 1896 760 τοῦ

1097 783 1171 809 κατὰ
1184 783 1266 808 τόπον
1283 782 1427 816 ίεράρχου,
1444 782 1491 808 τοῦ
1506 781 1577 808 κατὰ
1591 781 1641 812 τὴν
1657 780 1741 815 μονὴν
1755 779 1898 815 προεστῶ-

257 821 412 856 praesidem,
431 821 474 848 vel
502 821 658 854 provisores
676 810 769 854 temp'li
787 818 983 852 :tdstautesque
1001 826 1045 845 or-

1103 836 1153 858 :o;,
1169 827 1185 861 ἢ
1201 827 1256 853 τῶν
1273 826 1320 853 τοῦ
1335 826 1407 853 θείου
1421 826 1629 861 προνοουμένων
1645 826 1720 857 ναοῦ,
1731 826 1786 852 τῶν
1801 833 1898 860 περιε-

259 868 392 894 thodoxos
423 871 451 894 et
481 874 576 894 omnes
607 866 789 901 uudequaque
820 865 922 892 fideles.
948 863 1046 892 Preces

261 921 327 940 vero
355 913 424 940 ﬁunt
453 919 482 940 ut
509 920 649 947 vesperam
668 916 830 946 noctemque
856 916 940 938 totam
959 915 1047 937 trans-

258 959 365 994 igamtts
392 960 494 992 absque
523 963 633 992 peccato
664 965 697 984 ac
729 959 755 984 iu
785 965 863 991 pace,
883 962 930 984 aut
963 957 1045 988 dictu,

259 1005 370 1038 quando
388 1012 435 1031 eas
447 1005 473 1031 itt
495 1004 629 1031 tnatutino
644 1003 760 1030 dicimus
775 1002 875 1033 ollieio,
897 1009 1003 1029 necnon
1019 1006 1047 1028 ut

259 1051 385 1087 angelum
398 1052 471 1085 pacis
482 1051 621 1079 custodem
638 1049 788 1077 habeamus
804 1049 901 1076 aniutze
911 1054 937 1075 et
951 1055 1047 1082 corpo-

261 1097 308 1129 ris,
333 1101 360 1124 et
392 1096 586 1131 indulgentiam
608 1095 852 1130 remissionemque
872 1100 1047 1129 peccatorum

264 1144 438 1170 inveniamus
452 1151 460 1177 ;
492 1144 604 1177 insuper
622 1148 650 1169 ιιι
662 1142 763 1177 optima
779 1142 956 1175 secundaque
971 1140 1049 1167 nobis

262 1194 288 1216 et
308 1197 360 1224 pax
383 1189 484 1216 mundo
503 1189 705 1224 itnpartiautttr,
722 1188 858 1221 vitamque
874 1187 1005 1221 reliquam
1022 1187 1048 1213 itt

262 1235 422 1270 ptenitcutia
439 1241 465 1262 et
481 1243 546 1270 pace
573 1235 760 1266 absolvatnus,
778 1238 860 1268 atque
874 1238 903 1261 ut
918 1233 1052 1261 Christia-

263 1290 312 1309 nos
331 1282 417 1313 decet,
434 1281 460 1307 in
481 1282 532 1308 lide
561 1287 673 1308 sanctus
688 1281 906 1314 tranquillusque
931 1280 977 1307 ﬁat
991 1280 1050 1306 vita:

262 1333 366 1354 nostrae
385 1327 456 1358 linis,
481 1331 507 1354 et
535 1326 790 1362 irrepreltensibiles
811 1327 984 1353 inveniamur
1001 1326 1050 1352 ad-

262 1374 387 1400 veniente
396 1373 514 1400 Christo.
531 1373 645 1408 insuper
659 1381 706 1408 per
728 1373 871 1408 Deiparam
899 1373 942 1400 cui
958 1373 1051 1399 omnia

263 1424 327 1446 sunt
344 1419 486 1454 possibilia
496 1424 522 1446 et
541 1427 588 1454 per
600 1426 695 1447 omnes
715 1423 824 1447 sanctos
843 1423 935 1453 utpote
949 1418 1051 1446 labori-

1100 872 1209 899 στώτων
1221 870 1381 907 ὁρθοδόξων,
1393 872 1440 899 καὶ
1455 872 1510 898 τῶν
1535 871 1690 906 ἁπανταχοῦ
1720 871 1826 897 πιστῶν
1836 878 1842 885 ·
1871 871 1898 896 αί

1099 917 1273 953 αἰτήσεις-δὲ,
1291 917 1363 944 ὥστε
1378 917 1428 952 τὴν
1447 917 1566 951 ἑσπέραν
1579 918 1626 943 καὶ
1641 916 1691 950 τὴν
1705 916 1791 942 νύκτα
1807 917 1898 942 πᾶσαν

1099 965 1214 991 διελθεῖν
1232 965 1306 998 ἡμᾶς
1325 964 1521 999 ἀναμάρτητον
1547 964 1594 991 καὶ
1620 964 1763 999 εἰρηνικήν
1776 970 1784 978 '
1801 963 1819 997 ἦ
1847 962 1898 995 τὴν

1100 1011 1217 1046 ἡμέραν,
1250 1010 1286 1037 ὡς
1316 1010 1345 1036 ἐν
1371 1010 1411 1044 τῷ
1445 1010 1536 1046 ὕρθρῳ
1562 1009 1689 1044 λέγομεν,
1713 1009 1761 1035 καὶ
1781 1008 1898 1042 ἄγγελον

1100 1057 1222 1092 εἰρήνης,
1241 1056 1351 1090 φύλακα
1375 1056 1466 1091 ψυχῆς
1496 1056 1544 1082 καὶ
1576 1055 1703 1090 σώματος
1736 1055 1823 1090 ἔχειν,
1850 1056 1897 1082 καὶ

1102 1103 1271 1137 συγγνώμην
1290 1102 1337 1128 καὶ
1353 1102 1451 1136 ἄφεσιν
1470 1102 1562 1137 εὑρεῖν
1590 1102 1644 1128 τῶν
1674 1102 1896 1136 ἁμαρτημάτων,

1102 1150 1149 1176 καὶ
1163 1150 1197 1175 τὰ
1212 1149 1344 1175 κάλλιστα
1362 1149 1410 1175 καὶ
1431 1148 1699 1183 συμφέρονταδήμίν,
1716 1147 1764 1173 καὶ
1797 1147 1847 1181 τὴν
1860 1147 1898 1172 εἰ-

1102 1196 1188 1230 ρήνην
1208 1194 1246 1229 τῷ
1261 1195 1356 1228 κόσμῳ
1372 1194 1539 1229 δωρηθῆναι,
1557 1195 1604 1221 καὶ
1618 1194 1649 1220 τὸ
1680 1194 1833 1220 ὑπόλοιπον
1847 1194 1898 1225 τῆς

1102 1240 1173 1273 ζωῆς
1188 1241 1216 1265 ἐν
1239 1239 1371 1275 μετανοίᾳ
1385 1248 1415 1266 τε
1432 1239 1479 1266 καὶ
1497 1240 1646 1273 εἰρηνικῶς
1670 1239 1825 1270 ἐκτελέσαι,
1851 1241 1901 1265 καὶ

1101 1284 1140 1314 ὡς
1154 1285 1255 1318 πρέπει
1270 1285 1455 1318 Χριστιανοῐς,
1471 1285 1557 1311 πιστά
1573 1294 1602 1311 τε
1621 1286 1668 1311 καὶ
1692 1285 1758 1319 ἅγια
1782 1284 1817 1310 τὰ
1833 1285 1900 1319 τέλη

1102 1328 1181 1363 ἡμῶν
1194 1326 1264 1355 εἶναι
1277 1328 1326 1363 τῆς
1342 1327 1416 1363 ζωῆς
1429 1330 1476 1356 καὶ
1493 1330 1632 1364 εἰρηνικὰ,
1659 1330 1706 1356 καὶ
1725 1329 1900 1363 εὐαπολογή-

1102 1383 1165 1406 τους
1179 1375 1326 1410 εὑρεθῆναι
1351 1376 1576 1410 παραγενομένου
1603 1375 1723 1410 Χριστοῦ
1739 1385 1747 1392 ·
1776 1376 1826 1402 καὶ
1849 1375 1899 1401 ἐπὶ

1103 1421 1212 1451 τούτοις
1226 1421 1268 1448 διὰ
1279 1423 1329 1456 τῆς
1342 1421 1475 1448 Θεοτόκου
1491 1421 1541 1455 τῆς
1557 1422 1645 1448 πάντα
1658 1421 1824 1456 δυναμένης,
1849 1422 1900 1448 καὶ

263 1464 314 1492 bus
326 1469 352 1490 et
364 1464 560 1492 certaminibus
579 1464 688 1497 liberos,
720 1470 747 1492 et
769 1464 960 1497 nosmetipsos.
987 1471 1048 1489 cum

1106 1469 1216 1494 πάντων
1227 1468 1280 1494 τῶν
1298 1467 1395 1501 ἁγίων,
1411 1469 1448 1499 ὡς
1460 1468 1619 1504 παρρησίαν
1647 1470 1703 1499 τοῖς
1733 1468 1827 1500 πόνοις
1851 1468 1899 1494 καὶ

263 1518 278 1537 a
297 1510 352 1537 Dco
366 1510 428 1537 facti
444 1518 493 1538 uos
507 1511 532 1537 ei
547 1509 690 1542 debemus,
700 1515 727 1537 et
738 1511 804 1538 alios
813 1510 942 1544 quoniam
960 1509 1051 1541 proxi-

263 1556 314 1583 mis
328 1556 456 1590 prodesse
485 1560 621 1588 tenemur,
649 1556 687 1582 ait
705 1555 777 1583 enim
795 1564 802 1582 :
819 1565 828 1581 ι
850 1555 948 1589 Diliges
966 1554 1049 1580 Deum

263 1607 290 1629 et
308 1602 460 1636 proximum
478 1607 554 1628 tuutn
584 1603 655 1630 sicut
671 1606 697 1629 te
722 1602 822 1636 ipsum,
847 1611 857 1626 ι
878 1605 961 1627 totam
981 1607 1049 1634 quo-

264 1657 318 1684 quc
341 1650 424 1676 vitam
445 1655 566 1676 nostram
589 1653 618 1675 ut
638 1656 652 1675 a
678 1648 731 1676 Deo
752 1649 840 1674 datam
868 1647 979 1674 Christo
997 1645 1050 1672 Deo

264 1697 500 1727 commendamus,
525 1695 596 1728 quod
620 1700 685 1722 tunc
701 1695 774 1721 illico
803 1694 917 1720 facitutts
934 1694 1025 1720 verbis
1042 1701 1050 1720 ς

268 1742 355 1773 tTibi,
376 1741 513 1772 Domine,»
530 1741 661 1771 dicentes.
676 1747 726 1766 nos
743 1739 871 1766 videlicet
884 1740 958 1774 ipsos
974 1747 1050 1766 com-

265 1787 411 1818 mittimus,
443 1785 515 1820 qttod
539 1785 670 1813 debemus
687 1785 768 1811 etiatu
791 1785 920 1819 operibus
945 1785 1048 1818 facere;

265 1841 328 1861 nam
359 1833 403 1867 qui
437 1841 466 1860 sc
492 1833 638 1862 commisit.
658 1831 738 1858 debet
769 1838 830 1858 esse
856 1831 907 1858 sub
929 1833 1050 1866 l'otent‘a

261 1880 324 1915 ejus
346 1879 391 1906 cui
414 1887 442 1906 se
464 1878 601 1906 commisit
628 1882 658 1904 ttt
675 1877 735 1911 ejus
749 1877 871 1904 custodia
901 1878 1009 1904 fruatur
1024 1883 1051 1905 ct

265 1926 434 1960 providentia
456 1925 527 1952 illius
555 1923 683 1959 gaudeat.
702 1923 767 1951 Vide
786 1925 888 1958 quanta
903 1924 973 1951 bona
990 1932 1052 1956 pre-

265 1980 312 2000 ces
329 1973 387 2000 istae
401 1971 483 1999 nobis
504 1975 628 2006 poscant,
646 1975 804 2004 quantaque
835 1971 1051 2005 iutelligentibus

266 2019 434 2053 impertiant.
464 2016 596 2044 Novintus
611 2015 721 2050 quidem
737 2019 846 2043 sanctos
862 2015 995 2050 quosdam
1010 2017 1052 2042 vi-

265 2073 310 2092 ros
323 2065 351 2092 in
364 2064 406 2092 his
430 2064 505 2090 velut
523 2067 600 2089 extra
616 2069 646 2089 se
662 2067 755 2096 raptos
771 2066 798 2088 ct
814 2066 870 2090 tota
893 2067 984 2089 mente
1002 2062 1051 2089 de-

265 2115 418 2145 precantes,
442 2109 550 2144 Deoque
565 2107 728 2142 semetipsos
742 2108 987 2141 commendantes;
1003 2109 1050 2135 scd

1105 1514 1197 1546 ἄθλοις
1227 1515 1393 1550 ἐσχηκότων,
1425 1516 1472 1542 καὶ
1497 1515 1629 1546 ἑαυτούς’
1658 1515 1718 1541 ἐπεὶ
1749 1514 1899 1549 ὀφείλομεν

1104 1560 1179 1593 ἡμᾶς
1194 1560 1308 1591 ἑαυτοὺς
1321 1569 1358 1593 τῳ
1381 1560 1440 1594 Θεῷ
1463 1561 1528 1596 παρ’
1551 1560 1634 1587 αὑτοῦ
1667 1561 1823 1594 γεγονότες,
1851 1561 1900 1587 καὶ

1105 1604 1248 1639 ἀλλήλους.
1264 1605 1300 1637 ὡς
1314 1606 1360 1631 καὶ
1375 1606 1438 1637 τοὺς
1455 1604 1570 1641 πλησίον
1582 1605 1698 1640 ὠφελεῖν
1729 1606 1897 1640 ὀφείλοντες,

1107 1660 1118 1676 ι
1139 1651 1305 1685 Ἀγαπήσεις
1320 1651 1384 1686 γὰρ⁹
1402 1651 1534 1686 (pact,th
1563 1651 1629 1678 Θεὸν
1643 1652 1690 1678 καὶ
1710 1651 1755 1678 τὸν
1783 1652 1900 1687 πλησίον

1106 1705 1153 1722 σου
1168 1696 1206 1727 ὡς
1224 1697 1344 1729 ἑαυτὺνρ
1359 1697 1405 1722 καὶ
1420 1696 1468 1731 τὴν
1481 1697 1554 1731 ζωὴν
1565 1697 1643 1732 ἡμῶν
1663 1698 1751 1724 πᾶσαν
1769 1697 1807 1728 ὡς
1824 1698 1899 1731 παρὰ

1105 1741 1173 1768 Θεοῦ
1191 1741 1348 1776 δεδομένην,
1371 1742 1482 1777 Χριστῷ
1506 1742 1544 1777 τῷ
1576 1743 1637 1776 Θεῴ
1661 1743 1835 1777 παραθεῖναι.
1865 1744 1899 1769 Ὀ

1106 1791 1154 1814 καὶ
1170 1787 1299 1824 ποιοῦμεν
1312 1788 1392 1820 εὐθὺς
1407 1789 1467 1815 τότε
1478 1790 1535 1820 τοῖς
1550 1790 1664 1823 ῥήμασι,
1681 1799 1690 1814 ι
1705 1790 1759 1820 Σοὶ,
1779 1789 1896 1823 Κύριε,ι

1105 1833 1230 1867 λέγοντες
1253 1842 1260 1850 ”
1277 1835 1391 1866 ἑαυτοὺς
1403 1835 1522 1870 δηλονότι
1539 1835 1754 1870 παρατιθέμεθα,
1772 1835 1899 1869 ὀφείλον-

1105 1887 1150 1910 τες
1162 1879 1208 1905 καὶ
1220 1880 1276 1911 τοῖς
1289 1880 1380 1915 ἔργοις
1394 1880 1473 1907 τοῦτο
1484 1881 1580 1908 ποιεῖν.
1598 1881 1628 1908 '0
1652 1881 1706 1915 γὰρ
1736 1880 1899 1915 παρατιθεὶς

1106 1926 1202 1952 ἑαυτὸν
1218 1925 1271 1952 ὑπὸ
1291 1926 1341 1960 τὴν
1366 1926 1491 1958 ἐξουσίαν
1511 1927 1613 1960 ὀφείλει
1636 1924 1706 1952 εἶναι
1733 1927 1851 1957 ἐκείνου,
1879 1924 1902 1960 ᾧ

1107 1971 1297 2006 παρατίθεται,
1313 1971 1352 2003 ὡς
1370 1972 1403 1998 ἂν
1417 1972 1463 1999 καὶ
1477 1972 1526 2007 τὴν
1541 1971 1623 1998 αὑτοῦ
1643 1972 1744 2006 πλουτῇ
1761 1972 1902 2006 φυλακὴν,

1107 2017 1154 2043 καὶ
1167 2017 1218 2050 τῆς
1232 2016 1313 2043 αὑτοῦ
1330 2017 1456 2053 ἀπολαύῃ
1484 2018 1620 2052 προνοίας.
1643 2017 1714 2052 Ὅρα
1745 2017 1773 2043 δὲ
1794 2018 1836 2044 ὃτι
1866 2018 1903 2044 τὰ

1108 2065 1225 2100 μέγιστα
1240 2064 1412 2097 ἐξαιτοῦνται
1427 2066 1495 2100 ἡμῖν
1523 2065 1551 2091 αί
1583 2065 1707 2100 αἰτήσεις
1733 2061 1827 2095 αὗται,
1851 2067 1902 2091 καὶ

1107 2111 1212 2145 μεγάλα
1230 2112 1287 2142 τοῖς
1315 2110 1405 2137 νοοῦσι
1430 2111 1591 2146 παρέχουσι.
1609 2111 1664 2137 Καὶ
1689 2110 1798 2144 εἴδομεν
1821 2118 1901 2141 τινας

264 2160 292 2182 et
307 2155 374 2182 alios
389 2154 513 2181 novimus
529 2154 640 2180 mininte
661 2153 740 2180 dictis
758 2153 931 2181 intettdentes
945 2161 978 2180 ex
991 2153 1052 2180 ani-

1106 2156 1193 2188 θείους
1208 2156 1306 2190 ἄνδρας
1335 2153 1392 2182 οἷον
1420 2157 1449 2183 ὲν
1478 2158 1582 2187 τούτοις
1613 2156 1819 2188 ἐξισταμένους,
1852 2157 1901 2182 καὶ

266 2209 317 2229 ma:
333 2199 527 2235 imprudentia.
544 2199 640 2226 Postea
657 2200 689 2226 de
704 2207 779 2227 more
793 2202 915 2227 clamans
937 2199 1051 2226 doxolo-

266 2248 337 2282 giam
355 2246 420 2274 facit
433 2245 561 2273 sacerdos
574 2253 721 2281 pacemque
736 2246 865 2274 omnibus
878 2246 1053 2279 deprecatus,

264 2294 399 2329 iussuque
414 2292 478 2319 dato
492 2292 639 2319 iuclinand't
655 2292 743 2327 capita
770 2293 796 2319 in
813 2292 922 2326 signum
938 2291 1054 2318 servitu-

265 2340 302 2367 tis
330 2344 358 2366 et
385 2338 595 2373 deprecationis.
624 2338 734 2366 I‘riuttts
753 2339 810 2372 ipse
824 2341 904 2372 caput
927 2337 1053 2369 inclinat,

231 2386 235 2387 ⁷
265 2385 396 2413 humilem
427 2391 536 2411 servum
561 2385 738 2419 semetipsum
757 2384 903 2415 conﬁtens,
919 2388 1053 2417 etpreca-

267 2437 312 2458 tur
328 2433 438 2465 propter
454 2430 646 2463 sacerdotium,
665 2437 720 2457 non
742 2429 815 2456 enim
848 2424 900 2456 sibi
928 2429 1052 2460 conlidit,

266 2480 294 2504 et
310 2476 361 2509 ipsi
377 2483 446 2511 opus
466 2480 506 2504 est
528 2475 729 2503 tuisericordia.
749 2475 813 2502 Ideo
832 2475 874 2509 pie
890 2474 1053 2509 deprecatur

265 2529 328 2549 cum
344 2522 455 2550 silentio
469 2526 628 2549 contractus
648 2526 675 2548 et
694 2521 793 2548 anxius
805 2521 868 2548 dum
887 2521 971 2548 Deum
987 2522 1054 2548 allo-

266 2568 360 2601 quitur
374 2573 400 2594 et
420 2567 564 2595 intercedit
583 2566 678 2593 dicens
701 2575 708 2593 :
726 2575 735 2591 ι
766 2565 880 2594 Domine
898 2567 978 2600 Deus,
1006 2567 1051 2602 qui

266 2614 350 2641 cwlos
366 2613 503 2640 inclinans
523 2613 551 2639 in
579 2612 696 2639 saltttom
721 2611 862 2640 hominum
875 2613 1052 2646 descendisti,

266 2666 320 2687 nou
334 2666 427 2687 nostra
443 2658 630 2694 producimus,
647 2657 695 2686 sed
710 2665 780 2694 opus
794 2659 937 2687 cltaritatis
951 2664 1006 2687 tum
1026 2666 1053 2687 et

266 2706 439 2739 humilitatis,
458 2706 549 2740 aspice
567 2713 649 2740 super
663 2705 849 2734 hereditatem
873 2712 959 2740 tuam,
986 2716 1054 2742 quo-

265 2754 338 2780 niam
357 2759 409 2779 uou
425 2752 582 2780 hominibus
593 2753 640 2781 sed
655 2753 706 2781 tibi
725 2753 932 2781 inclinaverunt
949 2754 1050 2788 capita,

266 2806 344 2826 suam
357 2805 372 2826 a
387 2804 412 2826 te
428 2798 543 2826 salutent
558 2798 749 2834 deposcentcs,
761 2807 831 2836 quos
847 2799 874 2827 itt
888 2800 963 2828 otnui
980 2805 1052 2828 tem-

1104 2201 1242 2236 ὁλοψύχως
1253 2198 1440 2237 αἰτουμένους,
1458 2202 1503 2228 καὶ
1523 2201 1561 2237 τῷ
1578 2201 1638 2236 Θεῷ
1662 2202 1901 2236 παρατιθεμένους

1104 2246 1226 2279 ἑαυτοὺς,
1245 2247 1282 2278 ὡς
1298 2248 1344 2273 καὶ
1372 2247 1483 2282 ἐτέρους
1512 2247 1578 2282 μηδὲ
1607 2247 1820 2281 αἰσθανομένους
1845 2248 1901 2273 τῶν

1105 2292 1260 2327 λεγομένων
1273 2293 1306 2319 δι’
1317 2293 1497 2328 ἀναισθησίαν
1522 2293 1621 2327 ψυχῆς.
1640 2291 1704 2320 ίῐῖτα
1719 2294 1844 2326 συνήθως
1872 2294 1902 2318 ἐν

1105 2339 1258 2372 ὲκφωνήσει
1274 2338 1410 2373 δοξολογεί
1420 2340 1434 2365 ὁ
1449 2340 1548 2374 ἱερεὺς,
1565 2339 1612 2365 καὶ
1622 2339 1671 2373 τὴν
1684 2339 1798 2374 εἰρήνην
1815 2339 1900 2365 ἑπευ-

1107 2384 1221 2419 ξάμενος
1233 2386 1302 2411 πᾶσι
1320 2386 1368 2412 καὶ
1393 2385 1483 2412 κλῖναι
1506 2385 1605 2420 βοήσας
1631 2386 1680 2416 τὰς
1712 2385 1834 2419 κεφαλὰς
1859 2387 1901 2416 εἰς

1106 2431 1200 2466 σχῆμα
1215 2431 1339 2462 δουλείας
1352 2432 1399 2457 καὶ
1413 2431 1529 2463 ἱκεσίας,
1544 2431 1654 2465 πρῶτος
1671 2431 1753 2462 αὐτὸς
1766 2431 1898 2463 κλίνεται,

1104 2476 1198 2503 δοῦλον
1213 2476 1340 2503 ταπεινὸν
1357 2476 1495 2511 ὁμολογῶν
1510 2476 1606 2505 ἑαυτόν
1619 2484 1626 2492 ·
1639 2476 1686 2503 καὶ
1698 2476 1846 2510 ἐπεύχεται
1855 2476 1899 2502 διὰ

1104 2523 1154 2558 τὴν
1169 2522 1330 2557 ίερωσὺνην.
1340 2523 1378 2549 Οὐ
1393 2522 1448 2558 γὰρ
1461 2522 1552 2558 ἑαυτῷ
1565 2522 1672 2558 θαρρεῖ,
1683 2522 1732 2548 καὶ
1742 2522 1824 2553 αὐτὸς
1833 2522 1900 2557 χρῄ-

1105 2568 1159 2602 ζων
1171 2568 1272 2599 ἐλέους.
1282 2568 1364 2603 238
1374 2569 1418 2594 Διὸ
1429 2569 1476 2594 καὶ
1485 2568 1630 2603 ἐπεύχεται
1639 2568 1760 2599 εὐλαϐῶς
1771 2568 1819 2594 καὶ
1829 2569 1902 2602 μετὰ

1106 2616 1185 2650 σιγῆς
1199 2615 1410 2650 συστελλόμενος
1426 2617 1472 2642 καὶ
1486 2615 1613 2650 ἀγωνιῶν
1634 2617 1661 2642 ὲν
1675 2615 1714 2650 τῷ
1735 2615 1804 2650 πρὸς
1832 2615 1901 2641 Θεὸν

1104 2661 1207 2695 ὁμιλεῖν
1218 2669 1245 2687 τε
1257 2661 1302 2687 καὶ
1317 2660 1472 2695 μεσιτεύειν
1483 2669 1489 2675 ·
1503 2662 1550 2688 καὶ
1562 2661 1643 2688 τοῦτό
1670 2670 1737 2695 φησι
1749 2669 1756 2676 ·
1783 2669 1793 2686 ι
1812 2660 1900 2696 Κύριε

1104 2708 1118 2733 ὁ
1132 2707 1208 2740 Θεὸς,
1227 2708 1241 2733 ὁ
1256 2707 1350 2739 κλίνας
1364 2707 1496 2742 οὐρανοὺς
1509 2708 1555 2734 καὶ
1571 2707 1692 2739 musa;
1709 2707 1756 2734 ἐπὶ
1777 2709 1902 2742 σωτηρὲᾳ.

1104 2753 1160 2780 τῶν
1171 2746 1336 2789 ἅνθρώπων,
1355 2754 1386 2780 οὺ
1402 2754 1436 2781 τὰ
1454 2754 1576 2790 ἡμέτερα
1591 2753 1815 2789 προϐαλλόμεθα,
1832 2754 1901 2780 ἀλλὰ

1106 2799 1134 2826 τι
1150 2799 1198 2834 τῆς
1209 2799 1256 2834 σῆς
1273 2799 1381 2835 ἀγάπης
1401 2800 1480 2835 ἔργον
1497 2801 1543 2828 καὶ
1558 2800 1761 2833 ταπεινώσεως,
1772 2800 1806 2827 σὺ
1823 2799 1900 2827 ἔπιδε
