1938 3044
73 86 128 119 613

659 87 710 117 DE
731 88 849 118 SAllRA
874 89 1130 123 PRECATIONE.

1656 96 1708 130 CM
1732 94 1735 98 ί

72 144 118 170 ἐπὶ
128 144 180 179 τὴν
194 142 377 178 κληρονομίαν
394 151 451 175 σου,
465 143 507 169 ὅτι
535 142 585 170 οὐκ
604 143 773 178 ἀνθρώποις,
799 144 864 171 ἀλλὰ

918 154 983 181 pora
1013 149 1151 176 custodire
1175 149 1299 185 dignare,
1324 156 1350 178 et
1373 152 1398 179 in
1413 152 1464 180 ltac
1490 151 1555 180 hora
1578 153 1612 180 ab
1629 153 1707 180 omni

72 190 113 216 σοὶ
129 190 178 220 τὰς
193 189 314 226 κεφαλὰς
330 187 450 221 ἔκλιναν,
470 188 520 224 τὴν
537 189 612 223 παρὰ
639 189 686 216 σοῦ
709 190 865 224 αίτούμενοι

73 235 213 270 σωτηρίαν
223 242 229 249 ·
243 234 290 265 οὓς
305 234 353 261 καὶ
366 235 395 261 ἐν
407 235 488 261 παντὶ
501 234 590 269 καιρῷ
617 234 790 270 διαφύλαξον,
817 237 865 263 καὶ

72 282 101 308 ὲν
113 280 153 315 τῷ
172 280 286 315 παρόντι
302 281 360 306 ἀπὸ·
375 280 478 312 παντὸς
501 281 624 307 ἐναντίου
647 281 792 316 νοουμένου
818 282 866 308 καὶ

72 326 215 361 αἰσθητοῦ.
236 335 245 352 ι
263 326 317 353 Καὶ
335 326 477 362 θαρρήσας
489 327 526 358 ὡς
549 326 731 360 ὲπιτεύξεται,
758 328 866 355 ἀνίστα-

72 382 116 399 ται
132 382 140 388 ·
157 374 203 400 καὶ
217 373 378 408 ἐκφωνήσας
393 374 519 409 ἁνυμνεῖ,
537 383 546 399 ι
566 373 616 408 Εῐη
641 374 672 400 τὸ
698 376 797 408 κράτος
817 374 866 408 τῆς

73 419 212 454 βασιλεὺς
222 428 268 446 σου
282 420 554 457 εὐλογημένονμμαὶ
570 419 603 446 τὰ
617 419 700 446 λοιπά
715 427 722 434 ·
739 416 807 452 οἷον,
827 420 864 446 Σὺ

918 191 1077 220 adversario
1089 193 1147 220 sive
1172 194 1308 228 spirituali
1327 196 1384 223 sive
1399 196 1533 223 sensibili.
1555 205 1564 222 ι
1585 196 1618 223 Ει
1637 197 1708 223 {idn-

918 238 1025 265 cialiter
1038 246 1153 274 sperans
1183 248 1212 267 se
1229 242 1311 275 petita
1327 245 1550 272 consecuturum.
1565 243 1663 276 surgit,
1681 245 1709 268 ct

919 282 1040 310 clamans
1057 288 1149 311 cantat
1167 292 1174 312 :
1207 294 1216 311 t
1241 286 1281 312 Sit
1301 287 1419 313 fortiutlo
1434 287 1510 320 regni
1528 288 1565 313 tui
1594 287 1708 314 benedi-

919 331 973 357 cta.
991 337 1002 352 ι
1019 333 1046 355 et
1061 334 1169 360 caetera.
1201 331 1278 364 quasi
1295 331 1399 358 diceret
1418 337 1425 358 τ
1447 331 1488 358 Τιι
1517 331 1591 358 solus
1614 339 1643 358 cs
1658 339 1706 358 rex

920 374 1085 408 glorificatus
1099 379 1126 401 et
1141 375 1312 409 benedictus,
1341 383 1367 405 et
1380 378 1471 405 omnia
1499 377 1590 412 potes';
1607 384 1634 405 ct
1650 383 1706 405 sta-

923 420 969 447 tim
983 421 1185 455 processionem
1196 424 1310 458 peragit.

77 468 207 502 βασιλεὺς
225 467 305 502 μόνος
318 467 512 501 ὃεδοξασμένος
529 476 558 493 τε
576 468 622 494 καὶ
636 466 831 501 εὐλογημένος,
846 466 893 494 καὶ
908 466 998 494 πάντα
1012 467 1125 495 δύνασαι
1136 476 1143 484 ·
1161 469 1210 495 καὶ
1234 469 1316 501 εὐθὺς
1338 470 1489 497 ἐκτελεϊται
1506 472 1540 496 τὰ
1556 471 1603 505 τῆς
1622 470 1707 505 λιτῆς.

358 525 379 551 Κ
387 525 484 551 ΕΦΑΛ.
497 524 582 551 ΤΛΘ’.

72 570 142 604 Περὶ
159 569 213 603 τῆς
225 570 260 596 ἐν
276 571 315 603 τῷ
327 571 453 604 νάρθηκι
473 569 571 603 λιτῆς,
599 571 648 598 καί
666 571 726 598 τῶν
749 572 866 599 ,λοιπῶν

251 605 362 638 ἔξωθεν
372 606 424 633 τοῦ
435 606 512 632 ναοῦ
520 606 689 633 λιτανειῶν.

108 651 184 687 Δῦτη
195 652 222 678 δὲ
239 650 338 683 ἔξωθεν
356 652 384 677 ὲν
397 651 435 686 τῷ
454 652 570 687 νάρθηκι
584 653 656 680 κατά
669 661 698 679 τε
725 653 866 680 Σάίΰατον

71 697 190 731 γίνεται,
203 699 249 724 καὶ
260 699 288 724 ἐν
303 698 420 733 ἑορταῖς,
448 700 494 725 καὶ
519 701 549 725 ἐν
580 700 670 734 καιρῷ
696 700 724 726 δὲ
758 699 866 734 πληγῆς

71 753 146 776 τινος
162 745 329 779 ἐπελθούσης
348 745 364 780 ἢ
398 742 587 778 περιστάσεως
620 746 750 772 πλειόνων
770 735 866 781 ἀθροι-

73 792 191 818 σθέντων
204 792 346 825 διὰ-μέσου
358 792 407 826 τῆς
421 792 536 824 πόλεως,
553 792 629 828 ﬁxa!
649 792 750 825 ἔξωθεν
767 793 863 827 αὐτῆς,

1155 526 1271 554 CAPUT
1291 527 1476 555 CCCXXXIX.

921 571 960 599 De
975 573 1139 607 pracessione
1148 574 1173 600 in
1186 573 1328 604 Narlltece.
1344 579 1369 601 et
1383 576 1484 602 arteria
1493 580 1567 602 extra
1580 575 1706 610 templum

1157 609 1277 642 precibus
1295 618 1325 635 ac
1344 610 1458 637 litaniia.

957 652 1020 680 "uae
1036 662 1100 681 vero
1117 654 1190 682 foras
1202 655 1232 682 iit
1253 655 1281 681 in
1304 656 1434 683 nartltece
1447 663 1495 690 per
1512 656 1666 687 sabbatum,
1680 659 1708 682 et

920 699 947 726 in
962 699 1036 726 festis
1054 701 1204 734 processio,
1219 708 1324 727 necnon
1341 701 1451 735 quando
1467 701 1558 736 aliqua
1572 709 1705 736 superve-

920 746 961 773 nit
978 746 1065 781 plaga,
1082 747 1123 773 vel
1139 747 1215 773 tnttlti
1227 751 1327 774 coeunt
1348 747 1471 774 homines
1489 748 1514 774 in
1531 748 1619 774 medio
1632 747 1707 774 urbis

919 798 966 821 aut
997 798 1074 820 extra
1101 794 1172 821 illam
1202 802 1250 821 sett
1277 795 1354 822 circa
1381 802 1473 822 muros
1500 795 1706 821 tumultuantes.

71 838 87 871 ἤ
101 838 166 872 περὶ
180 837 213 863 τὰ
227 837 314 872 τείχη.
333 838 462 864 Λιτανεὶα
476 838 504 864 δέ
533 839 590 864 ἐστι
609 839 783 873 παράκλησις
798 839 864 872 πρὸς

918 840 989 867 Sunt
1015 844 1104 868 autem
1128 840 1232 867 litanite
1248 841 1402 868 obsecratio
1418 845 1445 868 et
1463 841 1617 874 deprecatio
1629 847 1706 866 com-

72 883 139 909 Θεὸν
150 883 198 909 καὶ
215 884 305 909 ἱκεσία
321 883 398 918 κοινὴ
415 885 462 910 καὶ
474 884 509 909 δι’
536 884 622 918 ὀργὴν
651 885 867 926 ἐπιφερομένηνν

72 929 120 954 καὶ
145 929 225 963 χάριν
243 929 419 964 εὐχαριστίας
446 930 516 964 ὑπὲρ
544 930 655 963 ἀγαθῶν
678 931 866 966 δωρηθέντων.

72 975 108 1001 Τὸ
121 975 169 1001 οὖν
187 975 286 1007 ἔξωθεν
302 977 375 1010 ἡμᾶς
390 975 437 1002 τοῦ
453 975 518 1002 ναοῦ
540 976 673 1009 γίνεσθαι,
695 977 743 1010 τὴν
759 977 867 1003 ἔκπτω-

72 1029 115 1047 σιν
132 1021 179 1047 τοῦ
200 1022 367 1056 παραδείσου
380 1023 465 1056 δηλοῖ,
483 1023 531 1048 καὶ
546 1023 575 1048 τὸ
598 1022 757 1057 κλεισθῆναι
785 1023 866 1049 αὐτὸν

70 1069 138 1102 ἡμῖν
151 1068 198 1094 καὶ
226 1068 271 1094 τὸν
295 1068 421 1103 οὐρανόν.
450 1068 486 1094 Τὸ
517 1069 544 1095 δὲ
579 1070 660 1103 μέσον
688 1070 737 1103 τῆς
763 1070 867 1101 πόλεως

70 1114 230 1148 διέρχεσθαί
244 1123 272 1140 τε
288 1115 334 1140 καὶ
352 1114 487 1145 πενθικῶς
509 1115 608 1150 ὲκδοᾷν
632 1115 662 1141 τὸ
694 1117 865 1150 καταχρᾶναι

71 1161 149 1195 δηλοῖ
160 1161 209 1195 τὴν
225 1161 303 1187 πόλιν
318 1162 378 1191 ταῖς
405 1161 553 1195 ἁμαρτίαις
563 1162 643 1196 ,ἡμᾶς
658 1161 706 1188 καὶ
733 1162 822 1188 πάντα
833 1163 866 1188 τὰ

72 1207 101 1232 ἑν
114 1207 198 1241 αὐτῇ.
215 1207 269 1232 Καὶ
285 1207 314 1232 τὸ
329 1206 427 1238 ἔξωθεν
443 1206 470 1232 δὲ
491 1206 556 1241 βοᾷν
578 1207 626 1233 καὶ
655 1207 808 1233 λιτανεύειν
836 1207 865 1234 τὸ

71 1251 272 1278 ταπεινοῦσθαι
287 1251 426 1286 σημαίνει,
439 1252 485 1278 καὶ
501 1251 627 1284 ἀναξίους
657 1253 760 1287 κρίνειν
789 1253 865 1287 ἡμᾶς

72 1297 128 1324 aut
142 1297 192 1331 τῆς
207 1298 311 1328 πόλεως
325 1298 432 1331 ἑκὸοᾷν,
447 1297 480 1332 ἣν
498 1297 689 1328 κατοικοῦντες
711 1298 863 1332 κατεμολύ-

71 1352 170 1377 ναμεν,
184 1344 230 1369 καὶ
246 1343 283 1373 ὼς
296 1342 346 1377 τῆς
361 1342 490 1376 πατρίδος
510 1343 559 1376 τῆς
576 1342 650 1373 θείας
675 1342 718 1368 διὰ
739 1343 865 1377 παραϐά-

74 1397 143 1419 σεως
160 1389 383 1423 μετῳκίσθημεν,
412 1390 459 1414 καὶ
481 1389 510 1414 ἐν
545 1389 614 1424 αὐτῇ
687 1389 863 1424 ὲπλάσθημεν

73 1435 161 1467 πόλει,
176 1435 275 1473 μᾶλλον
289 1435 317 1460 δὲ
344 1434 556 1469 ὰνεπλὰσθημεν
572 1435 618 1460 καὶ
641 1435 694 1460 τῶν
718 1435 766 1460 τοῦ
795 1435 862 1461 Θεοῦ

76 1482 226 1517 ἢξιώμεθα,
255 1481 307 1507 ὑπὸ
333 1480 380 1506 τοῦ
408 1480 496 1514 ὄφεως
522 1480 714 1514 πλανηθέντες,
738 1481 863 1515 ἀφρόνως

73 1528 261 1563 δεεφθάρημέν
277 1535 306 1553 τε
326 1527 373 1553 καὶ
400 1525 620 1561 ἐδδελύχθημεν·
645 1527 692 1552 καὶ
710 1527 755 1553 τὸν
792 1528 863 1561 ἱερὸν

73 1575 163 1609 χῶρον
177 1572 432 1609 κιτεῤῥυπώσαμεν
449 1580 457 1587 ·
473 1572 519 1598 καὶ
535 1573 564 1598 ἐν
592 1573 719 1607 ἐρημίαις
749 1574 862 1599 ἐπισκο-

75 1622 130 1655 πῆς
147 1620 214 1646 Θεοῦ
227 1619 392 1654 αὑλιζόμεθα
404 1626 411 1634 ’
426 1618 471 1645 καὶ
486 1619 515 1644 ὲν
526 1618 695 1652 ἀφυλάκτοις
708 1619 864 1652 διοδεύομεν

73 1668 177 1697 τόποις.
196 1667 261 1693 Τότε
271 1666 320 1701 μὲν
332 1665 379 1692 οὖν
398 1666 427 1692 ὲν
441 1664 480 1699 τῷ
502 1656 619 1700 νάρθηκι
645 1665 796 1700 ποιούμεθα.
814 1667 864 1700 τᾲς

73 1714 163 1744 λιτὰς,
181 1713 222 1739 ὅτι
240 1713 315 1740 κάτω
332 1712 379 1739 καὶ
394 1712 436 1743 είς
453 1712 503 1747 τὴν
517 1706 596 1746 ἡμῶν
621 1713 751 1746 ἐσχατιὰν
768 1712 863 1746 ἐλήλυ-

74 1760 121 1786 θεν
135 1761 149 1786 ὁ
167 1759 273 1794 Σωτὴρ,
292 1758 336 1785 ἵνα
349 1760 396 1784 καὶ
423 1759 453 1784 ὲν
479 1756 568 1792 τούτῳ
603 1757 684 1784 αὐτὸν
715 1758 862 1791 ἱλεώμεοα.

74 1807 130 1833 Καὶ
154 1806 191 1837 ὡς
204 1805 257 1839 πρὸ
270 1805 326 1831 τῶν
338 1804 483 1840 ὀὐρανίων
512 1803 605 1830 πυλῶν
632 1803 687 1830 τῶν
713 1803 759 1830 τοῦ
789 1803 863 1838 ἱεροῦ

73 1852 140 1878 ναοῦ
155 1851 271 1883 ἑστῶτες
288 1850 514 1885 καθικετεύομεν.
527 1851 565 1877 Ub
581 1849 636 1885 γὰρ
652 1850 722 1882 ἄξιοι
741 1850 863 1876 ἀτενίσαι.

73 1901 114 1930 εἰς
133 1899 162 1925 τὸ
176 1898 242 1933 ὕψος
251 1898 296 1924 τοῦ
311 1896 439 1933 οὐρανοῦ,
454 1898 479 1923 εί
492 1897 529 1932 μὴ
545 1897 739 1928 ἐπανελθόντες
760 1897 865 1931 βοήσω-

76 1954 125 1980 μεν
140 1945 171 1971 τὸ
187 1945 359 1979 ἡμάρτομεν
374 1951 381 1958 ·
401 1944 444 1970 ὅτε
471 1943 518 1970 καὶ
546 1943 625 1975 αὐτὸς
649 1942 768 1975 ἐξελθὼν
796 1943 864 1977 πρὸς

74 1993 150 2026 ἡμᾶς
162 1991 210 2017 καὶ
225 1991 441 2025 προαπαντήσας
455 1989 653 2024 εὐσπλάγχνως
679 1989 864 2023 ὲπαγκαλίσε-

74 2046 133 2063 ται.
148 2036 233 2062 Τοῦτο
247 2035 295 2062 οὖν
307 2036 338 2062 τὸ
355 2035 409 2070 πρὸ
425 2035 479 2061 τῶν
492 2034 584 2061 πυλῶν
602 2033 745 2067 ἱκετεύειν,
761 2033 808 2060 καὶ
819 2034 864 2060 τὸν

75 2083 151 2117 ιερέα
162 2080 372 2116 προσεύχεσθαι,
390 2080 420 2106 τὸ
437 2079 486 2114 τὴν
507 2079 588 2114 Ἐδὲμ
600 2079 665 2113 ἡμῖν
679 2078 727 2105 καὶ
753 2077 799 2104 τὸν
823 2077 865 2103 οὐ·

76 2129 158 2163 ρανδν
174 2127 339 2154 ὲκδυσωπείν
353 2125 497 2160 ἀνοιγῆναι
525 2124 652 2159 σημαίνει
666 2133 673 2140 ·
705 2124 806 2156 μᾶλλον
835 2123 865 2150 δὲ

73 2174 108 2199 τὰ
123 2173 183 2199 Gaia.
200 2172 351 2206 σπλάγχνα,
367 2170 385 2198 ἃ
401 2171 496 2201 δείνῶς
513 2171 593 2205 ἡμεῖς
604 2169 664 2197 καθ’
686 2170 764 2204 ἡμῶν
795 2169 863 2195 dtus:
878 2180 904 2211 υ

74 2219 235 2253 κλείσαμεν.
256 2218 421 2252 Ὶσταμένων
438 2216 484 2243 οῦν
500 2217 578 2251 ἡμῶν
593 2216 703 2249 ἔξωθεν,
716 2215 863 2250 ψάλλονται

73 2265 108 2290 τὰ
128 2264 242 2298 συνήθη.
259 2263 314 2289 Καὶ
333 2264 346 2289 ὁ
376 2262 466 2297 ιερεὺς
488 2262 537 2293 τὰς
565 2261 723 2296 εἰθισμένας
747 2262 863 2293 ποιεῖται

73 2312 157 2344 εὐχὰς
184 2310 255 2345 ὑπέρ
271 2318 302 2336 τι
315 2309 363 2336 τοῦ
375 2308 441 2335 λαοῦ
459 2309 558 2340 παντὸς
575 2308 621 2334 καὶ
651 2308 702 2342 τῆς
723 2307 769 2334 τοῦ
795 2307 862 2333 Θεοῦ

74 2355 268 2390 κληρονομίας,
285 2355 333 2381 τοῦ
349 2354 468 2389 σωθῆναι
486 2353 581 2388 αὐτὴν,
601 2353 649 2380 καὶ
663 2353 718 2380 τῶν
733 2353 864 2386 Χριστια-

67 2402 128 2434 Δνῶν
141 2401 220 2436 ἡμῶν
235 2400 375 2436 ὑψωθῆναι
388 2399 418 2426 τδ
431 2399 523 2434 χέρας,
544 2408 553 2424 ι
570 2398 671 2430 Σῶσον,
693 2397 791 2433 Κύριε,
818 2399 865 2424 ὲκ-

75 2448 155 2480 εοῶν,
170 2447 215 2472 τὸν
230 2447 292 2472 λαόν
305 2453 363 2479 σου,
385 2454 394 2470 ι
413 2445 460 2471 καὶ
475 2446 509 2472 τὰ
536 2444 600 2479 ἑξῆς
615 2451 622 2459 °
638 2444 688 2470 καὶ
707 2444 756 2476 τῆς
773 2444 863 2478 κοινῆς

75 2492 231 2527 προσευχῆς
255 2490 312 2522 τοῦ,
328 2500 337 2516 ι
366 2490 464 2525 Κύριε,
489 2490 610 2524 ἐλέησον,
631 2498 640 2515 ι
656 2489 796 2525 ᾀδομένου,
816 2489 864 2515 καὶ

74 2539 146 2572 ὑπὲρ
158 2539 211 2564 τὼν
224 2537 355 2572 βασιλέων
369 2534 446 2568 αὖθις
462 2536 585 2569 αἰτεῖται,
602 2535 640 2567 ὼς
656 2536 863 2570 προϊσταμένων

74 2586 129 2611 τῶν
145 2584 276 2615 εὐσεϐῶν,
291 2585 338 2610 καὶ
355 2583 424 2618 ὑπὲρ
441 2584 489 2618 τῆς
508 2583 627 2614 πίστεως
641 2582 862 2618 ἀγωνιζομένων,

74 2632 120 2658 καὶ
134 2630 182 2657 τοῦ
196 2630 266 2656 κατὰ
280 2629 362 2655 τόπον
389 2629 541 2663 ἀρχιερέως
567 2637 597 2654 τε
619 2629 636 2664 ἢ
665 2629 781 2664 Πατρὸς,
816 2629 863 2655 καὶ

72 2675 166 2712 ψυχῆς
182 2675 379 2710 Χριστιανικῆς
407 2675 527 2709 ἁπάσης,
545 2675 592 2701 καὶ
622 2674 675 2700 τῶν
695 2674 863 2708 Ἐκκλησιῶν

73 2725 122 2758 τῆς
135 2723 257 2757 εἰρήνης,
272 2722 319 2748 καὶ
335 2721 405 2756 ὑπὲρ
434 2720 488 2747 τῶν
521 2720 787 2756 προκεκοιμημένων
818 2729 863 2747 πι-

74 2768 158 2800 στὼν,
176 2766 351 2803 ὰναρῤύσεώς
368 2775 398 2793 τε
413 2767 468 2793 τῶν
496 2765 687 2802 αἰχμαλώτων,
704 2766 751 2792 καὶ
776 2766 862 2801 ἀναῤ-

73 2814 185 2851 ῥώσεως
204 2812 399 2846 ἀσθενούντων,
417 2811 531 2840 καὶτῶν
557 2811 718 2839 κοπιώντων
743 2812 771 2838 ἐν
796 2811 862 2846 Χρι-

923 886 1012 913 munis
1028 887 1060 912 ad
1079 886 1161 912 Deum
1181 887 1260 913 facta:
1272 888 1305 914 ad
1321 886 1497 913 avertendam
1513 886 1571 920 ejus
1590 887 1670 917 iram,
1681 890 1707 912 ct

922 932 1040 967 agendas
1055 933 1156 966 gratias
1166 939 1215 965 pro
1227 932 1372 966 impertitis
1388 932 1447 966 ejus
1462 931 1611 959 beneﬂciis.
1624 931 1709 966 igitur

921 978 985 1005 dum
1004 983 1080 1005 extra
1115 978 1273 1004 narthecem
1300 978 1470 1012 procedimus
1499 977 1708 1004 manifestamns

922 1032 971 1051 nos
986 1032 1000 1051 a
1019 1024 1148 1058 paradiso
1174 1024 1320 1056 excidisse,
1346 1023 1476 1058 illtnnque
1498 1030 1530 1050 ac
1543 1023 1643 1050 coelum
1661 1031 1708 1048 no-

920 1070 962 1096 bis
989 1077 1051 1097 csse
1083 1070 1215 1096 claumm.
1246 1069 1312 1096 Cum
1333 1069 1451 1096 mediam
1476 1069 1567 1096 urbem
1586 1076 1708 1103 permea-

920 1123 981 1143 mus
995 1115 1022 1143 in
1033 1115 1126 1142 dolore
1141 1117 1303 1147 clamantes,
1323 1115 1492 1142 ostendimus
1509 1122 1558 1141 nos
1570 1114 1706 1141 civitatem

918 1166 945 1188 et
960 1161 1049 1187 omnia
1061 1168 1121 1195 quae
1137 1161 1163 1187 in
1182 1168 1213 1187 ea
1230 1164 1293 1186 sunt
1308 1160 1429 1193 peccatis
1447 1159 1657 1186 contaminasse.
1672 1159 1707 1186 At

919 1208 981 1234 dum
995 1211 1072 1233 extra
1090 1206 1184 1233 urbem
1200 1206 1349 1232 clamamus
1359 1211 1385 1232 ct
1401 1205 1510 1233 litanias
1529 1207 1645 1240 agimus,
1658 1214 1707 1234 nos

919 1252 1058 1279 humiliari
1072 1251 1270 1286 significamus,
1287 1258 1392 1284 nosque
1411 1256 1571 1285 peccatores
1588 1254 1701 1278 conlitu-

918 1307 980 1326 mnr
1004 1299 1155 1325 clamantes
1180 1302 1255 1324 extra
1287 1299 1380 1324 lll'ht‘lll
1411 1305 1492 1331 quam
1523 1297 1706 1326 inhabitantes

919 1346 1076 1381 polluimus,
1100 1350 1127 1373 et
1151 1348 1260 1379 insuper
1284 1345 1443 1379 tnigrat‘issc
1458 1345 1483 1371 in
1498 1352 1603 1378 poenam
1616 1351 1705 1372 trans-

918 1392 1067 1426 gressionis
1100 1399 1114 1418 a
1143 1391 1233 1418 divina
1251 1391 1347 1425 patria,
1367 1396 1394 1418 et
1422 1391 1449 1416 in
1480 1398 1511 1418 ea
1543 1391 1652 1417 civitate
1678 1391 1706 1418 in

918 1446 969 1472 qua
987 1438 1070 1464 creati
1092 1445 1187 1464 smnus
1204 1437 1244 1464 vel
1271 1437 1362 1470 potius
1371 1436 1491 1463 recreati
1507 1436 1629 1470 factique
1652 1436 1705 1463 Deo

918 1483 1002 1518 digni,
1016 1491 1030 1509 a
1048 1489 1174 1516 serpente
1192 1482 1279 1509 delusi
1296 1483 1377 1509 stulte
1400 1483 1521 1516 corrupti
1552 1490 1647 1509 sumus
1665 1487 1706 1509 at-

889 1533 900 1544 ’
915 1537 968 1563 que
980 1529 1136 1560 deformati,
1152 1534 1177 1554 et
1192 1529 1278 1555 locum
1299 1533 1425 1555 sanctum
1442 1527 1618 1560 iuniavimbs,
1631 1535 1662 1554 ac
1679 1528 1707 1556 in

915 1576 1030 1602 desertis
1057 1574 1211 1601 habitamus
1239 1574 1332 1608 procul
1364 1581 1379 1600 a
1406 1574 1524 1601 secunda
1547 1573 1591 1600 Dei
1618 1574 1709 1608 provi-

915 1621 1018 1652 dentia,
1049 1624 1129 1653 atque
1153 1619 1178 1645 in
1208 1619 1367 1653 regionibus
1394 1619 1461 1646 male
1487 1621 1632 1647 custoditis
1655 1621 1706 1647 iter

917 1665 1042 1692 facimus.
1074 1663 1197 1690 Litanias
1225 1663 1335 1698 quidem
1370 1665 1397 1690 in
1427 1665 1554 1692 nartltece
1578 1665 1707 1699 facimus,

914 1712 1042 1744 quoniam
1069 1711 1196 1736 deorsum
1221 1709 1255 1736 ad
1290 1714 1412 1737 extrema
1442 1717 1536 1738 nostra
1565 1711 1708 1739 descendit

916 1756 1051 1787 Salvator,
1068 1760 1095 1782 ιιι
1115 1756 1141 1781 ἱιι
1169 1756 1220 1782 hoc
1252 1763 1315 1782 cum
1343 1756 1534 1790 propitientus.
1565 1756 1705 1792 Tanquam

915 1810 976 1829 ante
990 1803 1089 1836 jannas
1106 1801 1166 1828 caeli
1185 1808 1234 1835 pro
1251 1801 1356 1828 foribus
1387 1803 1480 1836 templi
1495 1803 1583 1830 sattcti
1600 1798 1700 1837 depre-

915 1857 1029 1882 camUr;
1046 1857 1098 1875 non
1117 1849 1188 1874 cnim
1204 1855 1298 1875 sumus
1325 1848 1398 1882 digni
1417 1849 1461 1882 qui
1480 1849 1507 1874 in
1534 1850 1704 1876 altitudinem

915 1894 1006 1928 templi
1023 1893 1214 1927 suspiciamus,
1247 1893 1297 1920 nisi
1314 1894 1414 1919 reversi
1433 1893 1497 1920 illud
1520 1895 1669 1921 clamemus
1692 1904 1700 1922 :
1749 1896 1757 1903 ⁵

915 1940 1103 1972 Peccavimus,
1123 1939 1253 1974 qnoniatn
1273 1939 1331 1973 ipse
1347 1938 1379 1965 ad
1396 1946 1445 1966 nos
1462 1947 1589 1974 egressus
1615 1941 1641 1967 in
1666 1941 1705 1968 vi-

915 1985 1039 2013 sceribus
1054 1985 1246 2012 misericordia:
1266 1992 1315 2011 nos
1329 1991 1476 2011 occurrens
1497 1985 1638 2018 amplexus
1652 1991 1702 2013 cst.

915 2031 1007 2066 Itaque
1023 2031 1049 2057 itt
1067 2031 1117 2057 hoc
1132 2030 1204 2066 quod
1226 2035 1289 2057 ante
1307 2030 1378 2057 fores
1395 2031 1557 2064 deprecatur
1575 2035 1603 2058 et
1617 2033 1701 2058 obse-

915 2083 973 2105 crat
990 2078 1130 2108 sacerdos,
1149 2085 1199 2104 nos
1216 2081 1246 2103 ut
1274 2077 1348 2105 Eden
1364 2077 1442 2105 nobis
1456 2082 1483 2104 et
1500 2078 1642 2111 paradisus
1657 2085 1705 2112 pa-

916 2124 990 2151 teliat
1015 2122 1137 2157 ﬂagitare
1164 2123 1347 2157 signiﬁcatur,
1381 2131 1429 2151 seu
1452 2123 1542 2158 potius
1562 2129 1591 2149 ιιι
1614 2123 1704 2151 divina

916 2169 1074 2205 aperiantur
1102 2170 1206 2208 viscera
1225 2177 1286 2203 qum
1312 2170 1444 2197 damnose
1467 2177 1516 2197 nos
1541 2174 1635 2197 contra
1655 2177 1704 2197 nos

915 2216 1111 2243 conclusimus.
1132 2214 1216 2242 Nobis
1240 2222 1304 2250 ergo
1327 2215 1394 2244 foris
1410 2216 1555 2249 stantibus,
1571 2221 1704 2244 consueta

915 2262 1077 2297 psalluntur,
1092 2266 1118 2289 et
1132 2261 1261 2289 sacerdos
1275 2262 1441 2289 constitutas
1458 2270 1553 2297 preces
1569 2262 1633 2289 facit
1654 2270 1704 2297 pro

915 2313 1014 2335 cuttcto
1029 2308 1139 2343 populo,
1160 2315 1210 2342 pro
1227 2307 1386 2335 haereditate
1404 2308 1451 2334 Dei
1471 2313 1500 2335 ut
1515 2309 1588 2336 salva
1605 2308 1660 2341 fiat,
1674 2313 1704 2335 ut

915 2355 993 2382 nobis
1017 2354 1182 2381 Christianis
1209 2354 1346 2381 exaltetur
1372 2361 1460 2382 cornu
1487 2355 1703 2387 nostrum,cla-

915 2407 992 2426 tnans
1010 2408 1018 2426 :
1042 2409 1051 2425 ι
1071 2400 1161 2432 Salva,
1178 2399 1303 2432 Domine,
1320 2399 1449 2433 populum
1472 2403 1565 2432 tuum,
1585 2409 1594 2425 ι
1615 2405 1704 2426 elem-

914 2449 982 2471 tera.
1004 2445 1035 2472 Et
1063 2445 1200 2472 communi
1231 2445 1356 2472 oratione
1387 2444 1476 2476 dicta,
1494 2452 1592 2479 nempe
1621 2445 1702 2480 Kyrie

914 2491 1028 2523 eleison,
1057 2499 1105 2526 pro
1129 2491 1239 2526 regibus
1253 2491 1334 2518 etiam
1365 2493 1490 2526 precatur
1506 2494 1536 2517 ut
1557 2490 1622 2517 viris
1650 2492 1702 2526 piis

914 2537 1068 2572 praepositis
1085 2537 1175 2569 nobis,
1194 2545 1242 2572 pro
1255 2536 1427 2564 certantibus
1455 2536 1480 2562 in
1496 2536 1611 2570 gratiam
1628 2537 1701 2568 ﬁdei,

915 2591 963 2618 pro
984 2583 1129 2617 pontifice,
1156 2590 1203 2610 seu
1234 2588 1309 2617 patre
1336 2583 1414 2616 loci,
1440 2590 1489 2617 pro
1508 2582 1582 2608 ontni
1609 2582 1701 2608 anima

913 2628 1081 2659 Christiana,
1097 2636 1145 2662 pro
1176 2627 1308 2656 Ecclesiis
1323 2629 1410 2663 pacis,
1429 2635 1477 2663 pro
1494 2627 1618 2655 lidelibus
1634 2627 1700 2654 dor-

914 2673 1073 2707 mientibus,
1091 2681 1140 2708 pro
1170 2673 1332 2701 liberatione
1349 2675 1532 2709 captivorum,
1561 2680 1611 2707 pro
1628 2673 1702 2699 sani-

914 2724 970 2747 tate
985 2719 1189 2753 azgrotantium,
1220 2726 1270 2753 pro
1300 2719 1489 2747 laborantibus
1505 2720 1531 2747 in
1547 2718 1658 2747 Christo
1674 2722 1702 2744 t-t

914 2773 963 2801 pro
975 2765 1103 2793 omnibus
1112 2764 1193 2793 simul
1202 2763 1345 2792 fratribus.
1356 2765 1389 2791 Et
1398 2772 1506 2792 rursum
1519 2764 1548 2792 lit
1557 2764 1702 2792 continens

915 2812 1118 2848 vebemensque
1133 2812 1234 2845 oratio,
1250 2811 1356 2842 scilicet
1382 2809 1466 2846 Kyrie
1489 2810 1602 2844 cleison,
1621 2813 1702 2846 prout
