  <div class='ocr_page' id='page_1' title='image "/cluster/home/n/w/nwhite01/storage/ocr_20150623/155/njp.32101010943494/402.png"; bbox 0 0 1928 3043; ppageno 0'>
   <div class='ocr_carea' id='block_1_1' title="bbox 32 97 94 130">
    <p class='ocr_par' dir='ltr' id='par_1_1' title="bbox 32 97 94 130">
     <span class='ocr_line' id='line_1_1' title="bbox 32 97 94 130; baseline 0.016 -1"><span class='ocrx_word' id='word_1_1' title='bbox 32 97 94 130; x_wconf 80' lang='lat'><strong>693</strong></span> 
     </span>
    </p>
   </div>
   <div class='ocr_carea' id='block_1_2' title="bbox 640 103 1129 145">
    <p class='ocr_par' dir='ltr' id='par_1_2' title="bbox 640 103 1129 145">
     <span class='ocr_line' id='line_1_2' title="bbox 640 103 1129 145; baseline 0.004 -12"><span class='ocrx_word' id='word_1_2' title='bbox 640 104 688 133; x_wconf 88' lang='lat' dir='ltr'><strong>DE</strong></span> <span class='ocrx_word' id='word_1_3' title='bbox 706 103 852 134; x_wconf 81' lang='lat' dir='ltr'><strong>OBDlNE</strong></span> <span class='ocrx_word' id='word_1_4' title='bbox 871 104 1129 145; x_wconf 47' lang='lat' dir='ltr'><strong>SEPULTUlll‘E.</strong></span> 
     </span>
    </p>
   </div>
   <div class='ocr_carea' id='block_1_3' title="bbox 1641 103 1698 134">
    <p class='ocr_par' dir='ltr' id='par_1_3' title="bbox 1641 103 1698 134">
     <span class='ocr_line' id='line_1_3' title="bbox 1641 103 1698 134; baseline 0 0"><span class='ocrx_word' id='word_1_5' title='bbox 1641 103 1698 134; x_wconf 74' lang='grc'><strong>694⁷</strong></span> 
     </span>
    </p>
   </div>
   <div class='ocr_carea' id='block_1_4' title="bbox 34 155 860 198">
    <p class='ocr_par' dir='ltr' id='par_1_4' title="bbox 34 155 848 193">
     <span class='ocr_line' id='line_1_4' title="bbox 34 155 848 193; baseline 0.007 -10"><span class='ocrx_word' id='word_1_6' title='bbox 34 156 213 193; x_wconf 77' lang='grc' dir='ltr'>τελουμένη,</span> <span class='ocrx_word' id='word_1_7' title='bbox 231 158 323 190; x_wconf 83' lang='grc' dir='ltr'>καθὼς</span> <span class='ocrx_word' id='word_1_8' title='bbox 346 155 424 190; x_wconf 77' lang='grc' dir='ltr'>οὗτος</span> <span class='ocrx_word' id='word_1_9' title='bbox 451 160 590 188; x_wconf 83' lang='grc' dir='ltr'>ἐκέλευσε.</span> <span class='ocrx_word' id='word_1_10' title='bbox 607 161 731 188; x_wconf 82' lang='grc' dir='ltr'><strong>Γίνονται</strong></span> <span class='ocrx_word' id='word_1_11' title='bbox 757 163 848 189; x_wconf 78' lang='grc' dir='ltr'>τοίνυν</span> 
     </span>
    </p>
   </div>
   <div class='ocr_carea' id='block_1_5' title="bbox 911 155 1700 198">
    <p class='ocr_par' dir='ltr' id='par_1_5' title="bbox 911 161 1700 198">
     <span class='ocr_line' id='line_1_5' title="bbox 911 161 1700 198; baseline -0.004 -8"><span class='ocrx_word' id='word_1_12' title='bbox 911 169 928 190; x_wconf 76' lang='lat' dir='ltr'><strong>:t</strong></span> <span class='ocrx_word' id='word_1_13' title='bbox 957 164 1135 196; x_wconf 85' lang='lat' dir='ltr'><strong>celebratum,</strong></span> <span class='ocrx_word' id='word_1_14' title='bbox 1168 167 1248 198; x_wconf 90' lang='lat' dir='ltr'><strong>prout</strong></span> <span class='ocrx_word' id='word_1_15' title='bbox 1277 162 1337 197; x_wconf 84' lang='lat' dir='ltr'><strong>ipse</strong></span> <span class='ocrx_word' id='word_1_16' title='bbox 1369 162 1518 189; x_wconf 84' lang='lat' dir='ltr'><strong>mandavit.</strong></span> <span class='ocrx_word' id='word_1_17' title='bbox 1539 161 1581 189; x_wconf 84' lang='lat' dir='ltr'><strong>Fit</strong></span> <span class='ocrx_word' id='word_1_18' title='bbox 1612 161 1700 196; x_wconf 73' lang='lat' dir='ltr'><strong>igitur</strong></span> 
     </span>
    </p>
   </div>
   <div class='ocr_carea' id='block_1_6' title="bbox 37 203 848 243">
    <p class='ocr_par' dir='ltr' id='par_1_6' title="bbox 37 203 848 243">
     <span class='ocr_line' id='line_1_6' title="bbox 37 203 848 243; baseline 0.007 -15"><span class='ocrx_word' id='word_1_19' title='bbox 37 203 68 229; x_wconf 78' lang='grc' dir='ltr'>αἱ</span> <span class='ocrx_word' id='word_1_20' title='bbox 87 203 206 238; x_wconf 77' lang='grc' dir='ltr'>μνῆμαι</span> <span class='ocrx_word' id='word_1_21' title='bbox 222 206 252 230; x_wconf 88' lang='grc' dir='ltr'><strong>ἐν</strong></span> <span class='ocrx_word' id='word_1_22' title='bbox 267 206 324 236; x_wconf 78' lang='grc' dir='ltr'>τοῖς</span> <span class='ocrx_word' id='word_1_23' title='bbox 339 206 552 240; x_wconf 79' lang='grc' dir='ltr'><strong>προειρημένοις</strong></span> <span class='ocrx_word' id='word_1_24' title='bbox 576 207 694 240; x_wconf 77' lang='grc' dir='ltr'>καιροῖς,</span> <span class='ocrx_word' id='word_1_25' title='bbox 708 207 746 239; x_wconf 68' lang='grc' dir='ltr'><strong>ὡς</strong></span> <span class='ocrx_word' id='word_1_26' title='bbox 770 209 848 243; x_wconf 83' lang='grc' dir='ltr'>εἰρή-</span> 
     </span>
    </p>
   </div>
   <div class='ocr_carea' id='block_1_7' title="bbox 37 250 848 286">
    <p class='ocr_par' dir='ltr' id='par_1_7' title="bbox 37 250 848 286">
     <span class='ocr_line' id='line_1_7' title="bbox 37 250 848 286; baseline 0.007 -12"><span class='ocrx_word' id='word_1_27' title='bbox 37 257 157 283; x_wconf 73' lang='grc' dir='ltr'>κειμεν,</span> <span class='ocrx_word' id='word_1_28' title='bbox 172 250 218 276; x_wconf 72' lang='grc' dir='ltr'>διὰ</span> <span class='ocrx_word' id='word_1_29' title='bbox 240 251 289 281; x_wconf 71' lang='grc' dir='ltr'>τὰς</span> <span class='ocrx_word' id='word_1_30' title='bbox 306 252 561 286; x_wconf 72' lang='grc' dir='ltr'>προγεγραμμένας</span> <span class='ocrx_word' id='word_1_31' title='bbox 584 253 675 284; x_wconf 76' lang='grc' dir='ltr'>αἰτίας</span> <span class='ocrx_word' id='word_1_32' title='bbox 691 261 698 269; x_wconf 91' lang='grc'><strong>·</strong></span> <span class='ocrx_word' id='word_1_33' title='bbox 714 256 761 280; x_wconf 79' lang='grc' dir='ltr'>καὶ</span> <span class='ocrx_word' id='word_1_34' title='bbox 783 255 848 280; x_wconf 87' lang='grc' dir='ltr'>πολ-</span> 
     </span>
    </p>
   </div>
   <div class='ocr_carea' id='block_1_8' title="bbox 38 295 849 335">
    <p class='ocr_par' dir='ltr' id='par_1_8' title="bbox 38 295 849 335">
     <span class='ocr_line' id='line_1_8' title="bbox 38 295 849 335; baseline 0.006 -14"><span class='ocrx_word' id='word_1_35' title='bbox 38 295 103 326; x_wconf 69' lang='grc' dir='ltr'>λοῖς</span> <span class='ocrx_word' id='word_1_36' title='bbox 133 297 192 322; x_wconf 84' lang='grc' dir='ltr'>τῶν</span> <span class='ocrx_word' id='word_1_37' title='bbox 217 296 302 330; x_wconf 81' lang='grc' dir='ltr'>ἁγίων</span> <span class='ocrx_word' id='word_1_38' title='bbox 324 297 432 332; x_wconf 75' lang='grc' dir='ltr'><strong>ἐδείχθη</strong></span> <span class='ocrx_word' id='word_1_39' title='bbox 448 306 478 324; x_wconf 80' lang='grc' dir='ltr'><strong>τε</strong></span> <span class='ocrx_word' id='word_1_40' title='bbox 493 300 540 325; x_wconf 72' lang='grc' dir='ltr'>καὶ</span> <span class='ocrx_word' id='word_1_41' title='bbox 557 299 739 335; x_wconf 55' lang='grc' dir='ltr'>ἀπεκαλύᾳθη</span> <span class='ocrx_word' id='word_1_42' title='bbox 758 301 773 335; x_wconf 87' lang='grc' dir='ltr'>ή</span> <span class='ocrx_word' id='word_1_43' title='bbox 795 301 849 328; x_wconf 74' lang='grc' dir='ltr'><strong>ἀπὸ</strong></span> 
     </span>
    </p>
   </div>
   <div class='ocr_carea' id='block_1_9' title="bbox 39 343 850 382">
    <p class='ocr_par' dir='ltr' id='par_1_9' title="bbox 39 343 850 382">
     <span class='ocr_line' id='line_1_9' title="bbox 39 343 850 382; baseline 0.009 -14"><span class='ocrx_word' id='word_1_44' title='bbox 39 343 158 369; x_wconf 78' lang='grc' dir='ltr'>τούτων</span> <span class='ocrx_word' id='word_1_45' title='bbox 170 344 334 380; x_wconf 71' lang='grc' dir='ltr'><strong>ἐγγινομένη</strong></span> <span class='ocrx_word' id='word_1_46' title='bbox 344 347 400 376; x_wconf 83' lang='grc' dir='ltr'>τοῖς</span> <span class='ocrx_word' id='word_1_47' title='bbox 416 346 582 374; x_wconf 77' lang='grc' dir='ltr'><strong>ἀπελθοῦσιν</strong></span> <span class='ocrx_word' id='word_1_48' title='bbox 598 347 731 382; x_wconf 79' lang='grc' dir='ltr'>ὠφέλεια.</span> <span class='ocrx_word' id='word_1_49' title='bbox 742 349 788 375; x_wconf 69' lang='grc' dir='ltr'>Διδ</span> <span class='ocrx_word' id='word_1_50' title='bbox 801 349 850 376; x_wconf 80' lang='grc' dir='ltr'>καὶ</span> 
     </span>
    </p>
   </div>
   <div class='ocr_carea' id='block_1_10' title="bbox 40 389 850 428">
    <p class='ocr_par' dir='ltr' id='par_1_10' title="bbox 40 389 850 428">
     <span class='ocr_line' id='line_1_10' title="bbox 40 389 850 428; baseline 0.009 -14"><span class='ocrx_word' id='word_1_51' title='bbox 40 389 156 420; x_wconf 77' lang='grc' dir='ltr'>ταύτας</span> <span class='ocrx_word' id='word_1_52' title='bbox 170 390 220 422; x_wconf 74' lang='grc' dir='ltr'><strong>τὰς</strong></span> <span class='ocrx_word' id='word_1_53' title='bbox 235 392 347 425; x_wconf 80' lang='grc' dir='ltr'><strong>μνήμας</strong></span> <span class='ocrx_word' id='word_1_54' title='bbox 360 392 414 426; x_wconf 81' lang='grc' dir='ltr'>χρὴ</span> <span class='ocrx_word' id='word_1_55' title='bbox 433 392 557 424; x_wconf 76' lang='grc' dir='ltr'>ἅπαντας</span> <span class='ocrx_word' id='word_1_56' title='bbox 574 393 694 420; x_wconf 79' lang='grc' dir='ltr'><strong>ἐκτελεῖν</strong></span> <span class='ocrx_word' id='word_1_57' title='bbox 711 395 759 421; x_wconf 70' lang='grc' dir='ltr'>καὶ</span> <span class='ocrx_word' id='word_1_58' title='bbox 779 395 850 428; x_wconf 76' lang='grc' dir='ltr'>μετὰ</span> 
     </span>
    </p>
   </div>
   <div class='ocr_carea' id='block_1_11' title="bbox 42 436 851 476">
    <p class='ocr_par' dir='ltr' id='par_1_11' title="bbox 42 436 851 476">
     <span class='ocr_line' id='line_1_11' title="bbox 42 436 851 476; baseline 0.007 -15"><span class='ocrx_word' id='word_1_59' title='bbox 42 436 176 470; x_wconf 64' lang='grc' dir='ltr'>σπουδῆς</span> <span class='ocrx_word' id='word_1_60' title='bbox 201 437 280 470; x_wconf 69' lang='grc' dir='ltr'>ὅσης,</span> <span class='ocrx_word' id='word_1_61' title='bbox 297 438 344 463; x_wconf 71' lang='grc' dir='ltr'>καὶ</span> <span class='ocrx_word' id='word_1_62' title='bbox 376 439 495 472; x_wconf 78' lang='grc' dir='ltr'>μάλιστα</span> <span class='ocrx_word' id='word_1_63' title='bbox 523 440 558 465; x_wconf 78' lang='grc' dir='ltr'><strong>τὰ</strong></span> <span class='ocrx_word' id='word_1_64' title='bbox 585 439 636 474; x_wconf 85' lang='grc' dir='ltr'><strong>τῆς</strong></span> <span class='ocrx_word' id='word_1_65' title='bbox 664 441 851 476; x_wconf 80' lang='grc' dir='ltr'>φρικτοτάτης</span> 
     </span>
    </p>
   </div>
   <div class='ocr_carea' id='block_1_12' title="bbox 43 482 851 515">
    <p class='ocr_par' dir='ltr' id='par_1_12' title="bbox 43 482 851 515">
     <span class='ocr_line' id='line_1_12' title="bbox 43 482 851 515; baseline 0.01 -8"><span class='ocrx_word' id='word_1_66' title='bbox 43 482 154 513; x_wconf 75' lang='grc' dir='ltr'>θυσίας</span> <span class='ocrx_word' id='word_1_67' title='bbox 171 490 179 497; x_wconf 92' lang='grc'><strong>·</strong></span> <span class='ocrx_word' id='word_1_68' title='bbox 197 484 238 509; x_wconf 74' lang='grc' dir='ltr'>ὅτι</span> <span class='ocrx_word' id='word_1_69' title='bbox 252 485 299 509; x_wconf 69' lang='grc' dir='ltr'><strong>καὶ</strong></span> <span class='ocrx_word' id='word_1_70' title='bbox 315 484 360 510; x_wconf 77' lang='grc' dir='ltr'><strong>διὰ</strong></span> <span class='ocrx_word' id='word_1_71' title='bbox 375 485 454 511; x_wconf 76' lang='grc' dir='ltr'>τοῦτο</span> <span class='ocrx_word' id='word_1_72' title='bbox 467 485 570 512; x_wconf 79' lang='grc' dir='ltr'>δέδοται</span> <span class='ocrx_word' id='word_1_73' title='bbox 583 494 591 502; x_wconf 75' lang='grc' dir='ltr'><strong>ο</strong></span> <span class='ocrx_word' id='word_1_74' title='bbox 610 487 671 513; x_wconf 72' lang='grc' dir='ltr'>ἐπεὶ</span> <span class='ocrx_word' id='word_1_75' title='bbox 687 487 731 514; x_wconf 81' lang='grc' dir='ltr'>διά</span> <span class='ocrx_word' id='word_1_76' title='bbox 752 488 784 514; x_wconf 73' lang='grc' dir='ltr'><strong>τέ</strong></span> <span class='ocrx_word' id='word_1_77' title='bbox 796 488 851 515; x_wconf 87' lang='grc' dir='ltr'>τῶν</span> 
     </span>
    </p>
   </div>
   <div class='ocr_carea' id='block_1_13' title="bbox 42 528 852 569">
    <p class='ocr_par' dir='ltr' id='par_1_13' title="bbox 42 528 852 569">
     <span class='ocr_line' id='line_1_13' title="bbox 42 528 852 569; baseline 0.009 -16"><span class='ocrx_word' id='word_1_78' title='bbox 42 528 227 560; x_wconf 67' lang='grc' dir='ltr'>τελουμένων</span> <span class='ocrx_word' id='word_1_79' title='bbox 256 530 375 564; x_wconf 76' lang='grc' dir='ltr'><strong>δεήσεων</strong></span> <span class='ocrx_word' id='word_1_80' title='bbox 406 532 452 558; x_wconf 80' lang='grc' dir='ltr'><strong>καὶ</strong></span> <span class='ocrx_word' id='word_1_81' title='bbox 478 532 584 565; x_wconf 82' lang='grc' dir='ltr'>εὐχῶν,</span> <span class='ocrx_word' id='word_1_82' title='bbox 613 532 660 558; x_wconf 76' lang='grc' dir='ltr'>καὶ</span> <span class='ocrx_word' id='word_1_83' title='bbox 689 533 744 560; x_wconf 79' lang='grc' dir='ltr'><strong>τῶν</strong></span> <span class='ocrx_word' id='word_1_84' title='bbox 772 533 852 569; x_wconf 82' lang='grc' dir='ltr'>ίερῶν</span> 
     </span>
    </p>
   </div>
   <div class='ocr_carea' id='block_1_14' title="bbox 44 575 853 614">
    <p class='ocr_par' dir='ltr' id='par_1_14' title="bbox 44 575 853 614">
     <span class='ocr_line' id='line_1_14' title="bbox 44 575 853 614; baseline 0.009 -14"><span class='ocrx_word' id='word_1_85' title='bbox 44 575 171 606; x_wconf 76' lang='grc' dir='ltr'>θυσιῶν,</span> <span class='ocrx_word' id='word_1_86' title='bbox 185 577 232 602; x_wconf 68' lang='grc' dir='ltr'>καὶ</span> <span class='ocrx_word' id='word_1_87' title='bbox 248 578 301 602; x_wconf 85' lang='grc' dir='ltr'>τῶν</span> <span class='ocrx_word' id='word_1_88' title='bbox 320 577 361 609; x_wconf 80' lang='grc' dir='ltr'>είς</span> <span class='ocrx_word' id='word_1_89' title='bbox 380 580 443 608; x_wconf 77' lang='grc' dir='ltr'>τοὺς</span> <span class='ocrx_word' id='word_1_90' title='bbox 457 579 578 613; x_wconf 81' lang='grc' dir='ltr'><strong>πένητας</strong></span> <span class='ocrx_word' id='word_1_91' title='bbox 595 579 736 613; x_wconf 72' lang='grc' dir='ltr'>εὐποιιῶν,</span> <span class='ocrx_word' id='word_1_92' title='bbox 757 581 787 606; x_wconf 65' lang='grc' dir='ltr'>οὗ</span> <span class='ocrx_word' id='word_1_93' title='bbox 805 581 853 614; x_wconf 80' lang='grc' dir='ltr'><strong>μό-</strong></span> 
     </span>
    </p>
   </div>
   <div class='ocr_carea' id='block_1_15' title="bbox 44 622 851 660">
    <p class='ocr_par' dir='ltr' id='par_1_15' title="bbox 44 622 851 660">
     <span class='ocr_line' id='line_1_15' title="bbox 44 622 851 660; baseline 0.009 -14"><span class='ocrx_word' id='word_1_94' title='bbox 44 630 96 646; x_wconf 78' lang='grc' dir='ltr'><strong>νον</strong></span> <span class='ocrx_word' id='word_1_95' title='bbox 113 622 174 652; x_wconf 80' lang='grc' dir='ltr'>τοῖς</span> <span class='ocrx_word' id='word_1_96' title='bbox 190 623 364 657; x_wconf 72' lang='grc' dir='ltr'><strong>ἡμαρτηκόσι</strong></span> <span class='ocrx_word' id='word_1_97' title='bbox 381 625 429 650; x_wconf 83' lang='grc' dir='ltr'>καὶ</span> <span class='ocrx_word' id='word_1_98' title='bbox 452 625 480 651; x_wconf 82' lang='grc' dir='ltr'>ὲν</span> <span class='ocrx_word' id='word_1_99' title='bbox 497 625 627 660; x_wconf 74' lang='grc' dir='ltr'><strong>μετανοίᾳ</strong></span> <span class='ocrx_word' id='word_1_100' title='bbox 645 625 788 658; x_wconf 77' lang='grc' dir='ltr'><strong>ἐξελθοῦσι</strong></span> <span class='ocrx_word' id='word_1_101' title='bbox 804 627 851 653; x_wconf 81' lang='grc' dir='ltr'>τοῦ</span> 
     </span>
    </p>
   </div>
   <div class='ocr_carea' id='block_1_16' title="bbox 47 663 853 706">
    <p class='ocr_par' dir='ltr' id='par_1_16' title="bbox 47 663 853 706">
     <span class='ocr_line' id='line_1_16' title="bbox 47 663 853 706; baseline 0.011 -17"><span class='ocrx_word' id='word_1_102' title='bbox 47 663 187 698; x_wconf 84' lang='grc' dir='ltr'>σώματος</span> <span class='ocrx_word' id='word_1_103' title='bbox 218 665 316 699; x_wconf 82' lang='grc' dir='ltr'>ἄφεσίς</span> <span class='ocrx_word' id='word_1_104' title='bbox 342 675 372 693; x_wconf 87' lang='grc' dir='ltr'><strong>τε</strong></span> <span class='ocrx_word' id='word_1_105' title='bbox 401 668 449 694; x_wconf 84' lang='grc' dir='ltr'>καὶ</span> <span class='ocrx_word' id='word_1_106' title='bbox 480 669 713 701; x_wconf 78' lang='grc' dir='ltr'>ἄνεσιςδίδοται,</span> <span class='ocrx_word' id='word_1_107' title='bbox 739 671 853 706; x_wconf 74' lang='grc' dir='ltr'>καὶτῆς</span> 
     </span>
    </p>
   </div>
   <div class='ocr_carea' id='block_1_17' title="bbox 46 710 853 750">
    <p class='ocr_par' dir='ltr' id='par_1_17' title="bbox 46 710 853 750">
     <span class='ocr_line' id='line_1_17' title="bbox 46 710 853 750; baseline 0.012 -16"><span class='ocrx_word' id='word_1_108' title='bbox 46 710 195 743; x_wconf 79' lang='grc' dir='ltr'><strong>τιμωρίας</strong></span> <span class='ocrx_word' id='word_1_109' title='bbox 208 711 368 746; x_wconf 84' lang='grc' dir='ltr'>ἀπαλλαγὴ,</span> <span class='ocrx_word' id='word_1_110' title='bbox 383 713 453 739; x_wconf 82' lang='grc' dir='ltr'>ἀλλὰ</span> <span class='ocrx_word' id='word_1_111' title='bbox 468 715 515 740; x_wconf 76' lang='grc' dir='ltr'>καὶ</span> <span class='ocrx_word' id='word_1_112' title='bbox 530 716 587 746; x_wconf 86' lang='grc' dir='ltr'>τοῖς</span> <span class='ocrx_word' id='word_1_113' title='bbox 604 715 719 747; x_wconf 79' lang='grc' dir='ltr'>δικαίως</span> <span class='ocrx_word' id='word_1_114' title='bbox 737 717 853 750; x_wconf 81' lang='grc' dir='ltr'>ζήσασι,</span> 
     </span>
    </p>
   </div>
   <div class='ocr_carea' id='block_1_18' title="bbox 48 756 854 798">
    <p class='ocr_par' dir='ltr' id='par_1_18' title="bbox 48 756 854 798">
     <span class='ocr_line' id='line_1_18' title="bbox 48 756 854 798; baseline 0.011 -18"><span class='ocrx_word' id='word_1_115' title='bbox 48 756 103 781; x_wconf 73' lang='grc' dir='ltr'>καὶ</span> <span class='ocrx_word' id='word_1_116' title='bbox 118 756 197 787; x_wconf 75' lang='grc' dir='ltr'>τέλος</span> <span class='ocrx_word' id='word_1_117' title='bbox 210 757 313 790; x_wconf 82' lang='grc' dir='ltr'>ἀγαθὸν</span> <span class='ocrx_word' id='word_1_118' title='bbox 329 759 377 784; x_wconf 80' lang='grc' dir='ltr'>καὶ</span> <span class='ocrx_word' id='word_1_119' title='bbox 393 759 516 792; x_wconf 80' lang='grc' dir='ltr'>θεοφιλὲς</span> <span class='ocrx_word' id='word_1_120' title='bbox 535 761 735 794; x_wconf 83' lang='grc' dir='ltr'>ἀποδεδωκόσι,</span> <span class='ocrx_word' id='word_1_121' title='bbox 751 763 854 798; x_wconf 84' lang='grc' dir='ltr'>μείζων</span> 
     </span>
    </p>
   </div>
   <div class='ocr_carea' id='block_1_19' title="bbox 48 803 854 844">
    <p class='ocr_par' dir='ltr' id='par_1_19' title="bbox 48 803 854 844">
     <span class='ocr_line' id='line_1_19' title="bbox 48 803 854 844; baseline 0.01 -16"><span class='ocrx_word' id='word_1_122' title='bbox 48 804 68 836; x_wconf 76' lang='grc' dir='ltr'><strong>ἡ</strong></span> <span class='ocrx_word' id='word_1_123' title='bbox 85 803 229 838; x_wconf 79' lang='grc' dir='ltr'>κάθαρσις</span> <span class='ocrx_word' id='word_1_124' title='bbox 254 805 301 830; x_wconf 76' lang='grc' dir='ltr'><strong>καὶ</strong></span> <span class='ocrx_word' id='word_1_125' title='bbox 329 805 460 837; x_wconf 70' lang='grc' dir='ltr'>ἀνάϐασις</span> <span class='ocrx_word' id='word_1_126' title='bbox 486 808 656 841; x_wconf 78' lang='grc' dir='ltr'>χορηγεῖται,</span> <span class='ocrx_word' id='word_1_127' title='bbox 677 808 715 839; x_wconf 82' lang='grc' dir='ltr'><strong>ὡς</strong></span> <span class='ocrx_word' id='word_1_128' title='bbox 742 809 790 835; x_wconf 65' lang='grc' dir='ltr'>καὶ</span> <span class='ocrx_word' id='word_1_129' title='bbox 815 809 854 844; x_wconf 89' lang='grc' dir='ltr'>τῷ</span> 
     </span>
    </p>
   </div>
   <div class='ocr_carea' id='block_1_20' title="bbox 50 849 851 891">
    <p class='ocr_par' dir='ltr' id='par_1_20' title="bbox 50 849 851 891">
     <span class='ocr_line' id='line_1_20' title="bbox 50 849 851 891; baseline 0.006 -16"><span class='ocrx_word' id='word_1_130' title='bbox 50 849 275 884; x_wconf 75' lang='grc' dir='ltr'>Χρυσορῥήμονι</span> <span class='ocrx_word' id='word_1_131' title='bbox 290 851 364 877; x_wconf 80' lang='grc' dir='ltr'>δοκεῖ</span> <span class='ocrx_word' id='word_1_132' title='bbox 381 852 410 878; x_wconf 74' lang='grc' dir='ltr'><strong>ἐν</strong></span> <span class='ocrx_word' id='word_1_133' title='bbox 432 853 465 887; x_wconf 85' lang='grc' dir='ltr'>τῇ</span> <span class='ocrx_word' id='word_1_134' title='bbox 488 853 623 889; x_wconf 76' lang='grc' dir='ltr'>ἑρμηνεία</span> <span class='ocrx_word' id='word_1_135' title='bbox 642 854 696 881; x_wconf 84' lang='grc' dir='ltr'>τῶν</span> <span class='ocrx_word' id='word_1_136' title='bbox 711 856 851 891; x_wconf 79' lang='grc' dir='ltr'>Πράξεων,</span> 
     </span>
    </p>
   </div>
   <div class='ocr_carea' id='block_1_21' title="bbox 51 896 854 936">
    <p class='ocr_par' dir='ltr' id='par_1_21' title="bbox 51 896 854 936">
     <span class='ocr_line' id='line_1_21' title="bbox 51 896 854 936; baseline 0.009 -15"><span class='ocrx_word' id='word_1_137' title='bbox 51 897 105 922; x_wconf 69' lang='grc' dir='ltr'>καὶ</span> <span class='ocrx_word' id='word_1_138' title='bbox 121 897 138 930; x_wconf 77' lang='grc' dir='ltr'>ἡ</span> <span class='ocrx_word' id='word_1_139' title='bbox 156 896 225 930; x_wconf 73' lang='grc' dir='ltr'>πρὸς</span> <span class='ocrx_word' id='word_1_140' title='bbox 242 897 308 924; x_wconf 72' lang='grc' dir='ltr'>Θεὸν</span> <span class='ocrx_word' id='word_1_141' title='bbox 332 898 452 932; x_wconf 81' lang='grc' dir='ltr'>ὲγγύτης</span> <span class='ocrx_word' id='word_1_142' title='bbox 480 901 530 927; x_wconf 76' lang='grc' dir='ltr'>καὶ</span> <span class='ocrx_word' id='word_1_143' title='bbox 557 901 711 936; x_wconf 71' lang='grc' dir='ltr'>παρρησία,</span> <span class='ocrx_word' id='word_1_144' title='bbox 733 902 780 928; x_wconf 74' lang='grc' dir='ltr'><strong>καὶ</strong></span> <span class='ocrx_word' id='word_1_145' title='bbox 807 902 854 928; x_wconf 75' lang='grc' dir='ltr'>τοῦ</span> 
     </span>
    </p>
   </div>
   <div class='ocr_carea' id='block_1_22' title="bbox 52 945 855 982">
    <p class='ocr_par' dir='ltr' id='par_1_22' title="bbox 52 945 855 982">
     <span class='ocr_line' id='line_1_22' title="bbox 52 945 855 982; baseline 0.007 -13"><span class='ocrx_word' id='word_1_146' title='bbox 52 945 204 978; x_wconf 73' lang='grc' dir='ltr'>φωτισμοῦ</span> <span class='ocrx_word' id='word_1_147' title='bbox 229 945 408 980; x_wconf 77' lang='grc' dir='ltr'>λαμπροτέρα</span> <span class='ocrx_word' id='word_1_148' title='bbox 434 947 448 981; x_wconf 86' lang='grc' dir='ltr'>ἡ</span> <span class='ocrx_word' id='word_1_149' title='bbox 472 947 503 974; x_wconf 77' lang='grc' dir='ltr'><strong>ἐκ</strong></span> <span class='ocrx_word' id='word_1_150' title='bbox 534 947 602 974; x_wconf 74' lang='grc' dir='ltr'>Θεοῦ</span> <span class='ocrx_word' id='word_1_151' title='bbox 627 948 782 982; x_wconf 76' lang='grc' dir='ltr'>μετάδοσις,</span> <span class='ocrx_word' id='word_1_152' title='bbox 802 949 855 975; x_wconf 71' lang='grc' dir='ltr'><strong>Καὶ</strong></span> 
     </span>
    </p>
   </div>
   <div class='ocr_carea' id='block_1_23' title="bbox 52 990 856 1027">
    <p class='ocr_par' dir='ltr' id='par_1_23' title="bbox 52 990 856 1027">
     <span class='ocr_line' id='line_1_23' title="bbox 52 990 856 1027; baseline 0.007 -12"><span class='ocrx_word' id='word_1_153' title='bbox 52 991 113 1021; x_wconf 69' lang='grc' dir='ltr'>πᾶς</span> <span class='ocrx_word' id='word_1_154' title='bbox 130 990 204 1017; x_wconf 77' lang='grc' dir='ltr'>ἔστω</span> <span class='ocrx_word' id='word_1_155' title='bbox 217 991 359 1023; x_wconf 84' lang='grc' dir='ltr'>γινώσκων</span> <span class='ocrx_word' id='word_1_156' title='bbox 376 993 483 1024; x_wconf 70' lang='grc' dir='ltr'>πιστὸς,</span> <span class='ocrx_word' id='word_1_157' title='bbox 497 994 535 1024; x_wconf 87' lang='grc' dir='ltr'>ώς</span> <span class='ocrx_word' id='word_1_158' title='bbox 556 995 581 1020; x_wconf 86' lang='grc' dir='ltr'><strong>εί</strong></span> <span class='ocrx_word' id='word_1_159' title='bbox 597 995 670 1027; x_wconf 85' lang='grc' dir='ltr'>φιλεῖ</span> <span class='ocrx_word' id='word_1_160' title='bbox 687 994 733 1020; x_wconf 76' lang='grc' dir='ltr'>τὸν</span> <span class='ocrx_word' id='word_1_161' title='bbox 754 996 856 1022; x_wconf 71' lang='grc' dir='ltr'>οἰκεῖον</span> 
     </span>
    </p>
   </div>
   <div class='ocr_carea' id='block_1_24' title="bbox 52 1037 855 1075">
    <p class='ocr_par' dir='ltr' id='par_1_24' title="bbox 52 1037 855 1075">
     <span class='ocr_line' id='line_1_24' title="bbox 52 1037 855 1075; baseline 0.004 -12"><span class='ocrx_word' id='word_1_162' title='bbox 52 1037 191 1063; x_wconf 70' lang='grc' dir='ltr'>ἐντεῦθεν</span> <span class='ocrx_word' id='word_1_163' title='bbox 208 1037 372 1071; x_wconf 74' lang='grc' dir='ltr'>ἀπελθόντα,</span> <span class='ocrx_word' id='word_1_164' title='bbox 390 1038 426 1064; x_wconf 77' lang='grc' dir='ltr'><strong>τὰ</strong></span> <span class='ocrx_word' id='word_1_165' title='bbox 443 1040 548 1072; x_wconf 81' lang='grc' dir='ltr'>μεγάλα</span> <span class='ocrx_word' id='word_1_166' title='bbox 570 1040 624 1066; x_wconf 83' lang='grc' dir='ltr'>τῶν</span> <span class='ocrx_word' id='word_1_167' title='bbox 647 1040 760 1074; x_wconf 79' lang='grc' dir='ltr'><strong>ἀγαθῶν</strong></span> <span class='ocrx_word' id='word_1_168' title='bbox 779 1040 855 1075; x_wconf 85' lang='grc' dir='ltr'>αὑτῴ</span> 
     </span>
    </p>
   </div>
   <div class='ocr_carea' id='block_1_25' title="bbox 53 1085 855 1122">
    <p class='ocr_par' dir='ltr' id='par_1_25' title="bbox 53 1085 855 1122">
     <span class='ocr_line' id='line_1_25' title="bbox 53 1085 855 1122; baseline 0.004 -11"><span class='ocrx_word' id='word_1_169' title='bbox 53 1085 199 1119; x_wconf 60' lang='grc' dir='ltr'>πραξευεῖ,</span> <span class='ocrx_word' id='word_1_170' title='bbox 216 1086 379 1121; x_wconf 69' lang='grc' dir='ltr'>προσφέρων</span> <span class='ocrx_word' id='word_1_171' title='bbox 393 1086 463 1121; x_wconf 72' lang='grc' dir='ltr'>ὑπὲρ</span> <span class='ocrx_word' id='word_1_172' title='bbox 477 1087 559 1113; x_wconf 67' lang='grc' dir='ltr'>αὑτοῦ</span> <span class='ocrx_word' id='word_1_173' title='bbox 577 1095 584 1103; x_wconf 79' lang='grc'><em>’</em></span> <span class='ocrx_word' id='word_1_174' title='bbox 599 1087 646 1114; x_wconf 78' lang='grc' dir='ltr'>καὶ</span> <span class='ocrx_word' id='word_1_175' title='bbox 664 1088 766 1122; x_wconf 75' lang='grc' dir='ltr'>πολλῆς</span> <span class='ocrx_word' id='word_1_176' title='bbox 781 1088 855 1122; x_wconf 78' lang='grc' dir='ltr'>αὐτῷ</span> 
     </span>
    </p>
   </div>
   <div class='ocr_carea' id='block_1_26' title="bbox 53 1132 857 1170">
    <p class='ocr_par' dir='ltr' id='par_1_26' title="bbox 53 1132 857 1170">
     <span class='ocr_line' id='line_1_26' title="bbox 53 1132 857 1170; baseline 0.005 -12"><span class='ocrx_word' id='word_1_177' title='bbox 53 1133 109 1167; x_wconf 77' lang='grc' dir='ltr'><strong>τῆς</strong></span> <span class='ocrx_word' id='word_1_178' title='bbox 126 1132 300 1167; x_wconf 61' lang='grc' dir='ltr'>εὐφροσύνης</span> <span class='ocrx_word' id='word_1_179' title='bbox 313 1133 418 1166; x_wconf 86' lang='grc' dir='ltr'>γίνεται</span> <span class='ocrx_word' id='word_1_180' title='bbox 438 1133 580 1168; x_wconf 76' lang='grc' dir='ltr'><strong>πρόξενος,</strong></span> <span class='ocrx_word' id='word_1_181' title='bbox 596 1134 642 1161; x_wconf 74' lang='grc' dir='ltr'><strong>καὶ</strong></span> <span class='ocrx_word' id='word_1_182' title='bbox 655 1136 753 1170; x_wconf 78' lang='grc' dir='ltr'>πένησι</span> <span class='ocrx_word' id='word_1_183' title='bbox 769 1136 857 1169; x_wconf 81' lang='grc' dir='ltr'>παρέ-</span> 
     </span>
    </p>
   </div>
   <div class='ocr_carea' id='block_1_27' title="bbox 54 1180 857 1215">
    <p class='ocr_par' dir='ltr' id='par_1_27' title="bbox 54 1180 857 1215">
     <span class='ocr_line' id='line_1_27' title="bbox 54 1180 857 1215; baseline 0.006 -11"><span class='ocrx_word' id='word_1_184' title='bbox 54 1188 127 1213; x_wconf 79' lang='grc' dir='ltr'>χων,</span> <span class='ocrx_word' id='word_1_185' title='bbox 156 1180 205 1205; x_wconf 79' lang='grc' dir='ltr'>καὶ</span> <span class='ocrx_word' id='word_1_186' title='bbox 237 1180 428 1214; x_wconf 69' lang='grc' dir='ltr'>αἰχμαλώτους</span> <span class='ocrx_word' id='word_1_187' title='bbox 460 1180 657 1215; x_wconf 74' lang='grc' dir='ltr'><strong>λυτρούμενος,</strong></span> <span class='ocrx_word' id='word_1_188' title='bbox 689 1182 737 1208; x_wconf 72' lang='grc' dir='ltr'>καὶ</span> <span class='ocrx_word' id='word_1_189' title='bbox 769 1182 857 1209; x_wconf 73' lang='grc' dir='ltr'>τᾶλλα</span> 
     </span>
    </p>
   </div>
   <div class='ocr_carea' id='block_1_28' title="bbox 55 1223 858 1264">
    <p class='ocr_par' dir='ltr' id='par_1_28' title="bbox 55 1223 858 1264">
     <span class='ocr_line' id='line_1_28' title="bbox 55 1223 858 1264; baseline 0.005 -13"><span class='ocrx_word' id='word_1_190' title='bbox 55 1226 160 1257; x_wconf 64' lang='grc' dir='ltr'>ποιῶν,</span> <span class='ocrx_word' id='word_1_191' title='bbox 177 1223 218 1256; x_wconf 76' lang='grc' dir='ltr'><strong>οἷς</strong></span> <span class='ocrx_word' id='word_1_192' title='bbox 240 1225 306 1257; x_wconf 75' lang='grc' dir='ltr'><strong>Θεὸς</strong></span> <span class='ocrx_word' id='word_1_193' title='bbox 333 1226 517 1260; x_wconf 79' lang='grc' dir='ltr'>θεραπεύεται</span> <span class='ocrx_word' id='word_1_194' title='bbox 531 1235 539 1242; x_wconf 90' lang='grc'>·</span> <span class='ocrx_word' id='word_1_195' title='bbox 557 1228 704 1262; x_wconf 75' lang='grc' dir='ltr'><strong>ἐξαιρέτως</strong></span> <span class='ocrx_word' id='word_1_196' title='bbox 731 1228 759 1254; x_wconf 86' lang='grc' dir='ltr'>δὲ</span> <span class='ocrx_word' id='word_1_197' title='bbox 786 1229 858 1264; x_wconf 82' lang='grc' dir='ltr'>ὑπὲρ</span> 
     </span>
    </p>
   </div>
   <div class='ocr_carea' id='block_1_29' title="bbox 56 1271 855 1306">
    <p class='ocr_par' dir='ltr' id='par_1_29' title="bbox 56 1271 855 1306">
     <span class='ocr_line' id='line_1_29' title="bbox 56 1271 855 1306; baseline 0.005 -9"><span class='ocrx_word' id='word_1_198' title='bbox 56 1271 147 1298; x_wconf 73' lang='grc' dir='ltr'>αὑτοῦ</span> <span class='ocrx_word' id='word_1_199' title='bbox 163 1272 213 1303; x_wconf 75' lang='grc' dir='ltr'><strong>τὰς</strong></span> <span class='ocrx_word' id='word_1_200' title='bbox 228 1272 415 1306; x_wconf 71' lang='grc' dir='ltr'>ἀναιμάκτους</span> <span class='ocrx_word' id='word_1_201' title='bbox 427 1273 553 1299; x_wconf 78' lang='grc' dir='ltr'>σπεύδων</span> <span class='ocrx_word' id='word_1_202' title='bbox 565 1274 732 1301; x_wconf 77' lang='grc' dir='ltr'>ἐκτελεῖσθαι</span> <span class='ocrx_word' id='word_1_203' title='bbox 750 1275 855 1306; x_wconf 68' lang='grc' dir='ltr'>θυσίας.</span> 
     </span>
    </p>
   </div>
   <div class='ocr_carea' id='block_1_30' title="bbox 63 1317 857 1354">
    <p class='ocr_par' dir='ltr' id='par_1_30' title="bbox 63 1317 857 1354">
     <span class='ocr_line' id='line_1_30' title="bbox 63 1317 857 1354; baseline 0.006 -12"><span class='ocrx_word' id='word_1_204' title='bbox 63 1317 98 1343; x_wconf 81' lang='grc' dir='ltr'><em>Ἡ</em></span> <span class='ocrx_word' id='word_1_205' title='bbox 130 1318 186 1351; x_wconf 76' lang='grc' dir='ltr'><strong>γὰρ</strong></span> <span class='ocrx_word' id='word_1_206' title='bbox 210 1319 255 1343; x_wconf 73' lang='grc' dir='ltr'><strong>ἐπὶ</strong></span> <span class='ocrx_word' id='word_1_207' title='bbox 282 1319 314 1352; x_wconf 86' lang='grc' dir='ltr'>τῇ</span> <span class='ocrx_word' id='word_1_208' title='bbox 337 1320 438 1353; x_wconf 76' lang='grc' dir='ltr'>φρικτῇ</span> <span class='ocrx_word' id='word_1_209' title='bbox 466 1317 548 1354; x_wconf 72' lang='grc' dir='ltr'>θυσία</span> <span class='ocrx_word' id='word_1_210' title='bbox 575 1320 664 1354; x_wconf 74' lang='grc' dir='ltr'>μερὶς,</span> <span class='ocrx_word' id='word_1_211' title='bbox 695 1320 742 1346; x_wconf 73' lang='grc' dir='ltr'>καὶ</span> <span class='ocrx_word' id='word_1_212' title='bbox 767 1322 782 1354; x_wconf 89' lang='grc' dir='ltr'>ἡ</span> <span class='ocrx_word' id='word_1_213' title='bbox 811 1321 857 1347; x_wconf 72' lang='grc' dir='ltr'><strong>ἐπὶ</strong></span> 
     </span>
    </p>
   </div>
   <div class='ocr_carea' id='block_1_31' title="bbox 55 1364 857 1401">
    <p class='ocr_par' dir='ltr' id='par_1_31' title="bbox 55 1364 857 1401">
     <span class='ocr_line' id='line_1_31' title="bbox 55 1364 857 1401; baseline 0.005 -11"><span class='ocrx_word' id='word_1_214' title='bbox 55 1364 154 1399; x_wconf 74' lang='grc' dir='ltr'>ταύτῃ</span> <span class='ocrx_word' id='word_1_215' title='bbox 177 1364 225 1390; x_wconf 78' lang='grc' dir='ltr'>τοῦ</span> <span class='ocrx_word' id='word_1_216' title='bbox 247 1364 410 1396; x_wconf 78' lang='grc' dir='ltr'>ἀπελθόντος</span> <span class='ocrx_word' id='word_1_217' title='bbox 431 1365 596 1399; x_wconf 74' lang='grc' dir='ltr'>ἀνάμνησις,</span> <span class='ocrx_word' id='word_1_218' title='bbox 619 1365 657 1399; x_wconf 78' lang='grc' dir='ltr'>τῷ</span> <span class='ocrx_word' id='word_1_219' title='bbox 679 1366 738 1401; x_wconf 87' lang='grc' dir='ltr'><strong>Θεῴ</strong></span> <span class='ocrx_word' id='word_1_220' title='bbox 763 1367 857 1394; x_wconf 77' lang='grc' dir='ltr'>τοῦτον</span> 
     </span>
    </p>
   </div>
   <div class='ocr_carea' id='block_1_32' title="bbox 58 1411 858 1446">
    <p class='ocr_par' dir='ltr' id='par_1_32' title="bbox 58 1411 858 1446">
     <span class='ocr_line' id='line_1_32' title="bbox 58 1411 858 1446; baseline 0.004 -9"><span class='ocrx_word' id='word_1_221' title='bbox 58 1412 130 1440; x_wconf 77' lang='grc' dir='ltr'>ἑνοῖ,</span> <span class='ocrx_word' id='word_1_222' title='bbox 145 1411 194 1436; x_wconf 75' lang='grc' dir='ltr'>καὶ</span> <span class='ocrx_word' id='word_1_223' title='bbox 217 1411 341 1444; x_wconf 76' lang='grc' dir='ltr'>ἀοράτως</span> <span class='ocrx_word' id='word_1_224' title='bbox 359 1411 486 1445; x_wconf 81' lang='grc' dir='ltr'>μετέχειν</span> <span class='ocrx_word' id='word_1_225' title='bbox 502 1411 586 1438; x_wconf 79' lang='grc' dir='ltr'>αὑτοῦ</span> <span class='ocrx_word' id='word_1_226' title='bbox 605 1412 721 1446; x_wconf 80' lang='grc' dir='ltr'>παρέχει</span> <span class='ocrx_word' id='word_1_227' title='bbox 736 1413 784 1440; x_wconf 72' lang='grc' dir='ltr'>καὶ</span> <span class='ocrx_word' id='word_1_228' title='bbox 800 1422 858 1440; x_wconf 79' lang='grc' dir='ltr'>κοι-</span> 
     </span>
    </p>
   </div>
   <div class='ocr_carea' id='block_1_33' title="bbox 57 1456 857 1494">
    <p class='ocr_par' dir='ltr' id='par_1_33' title="bbox 57 1456 857 1494">
     <span class='ocr_line' id='line_1_33' title="bbox 57 1456 857 1494; baseline 0.004 -11"><span class='ocrx_word' id='word_1_229' title='bbox 57 1458 169 1484; x_wconf 81' lang='grc' dir='ltr'>νωνεῖν.</span> <span class='ocrx_word' id='word_1_230' title='bbox 187 1457 271 1484; x_wconf 83' lang='grc' dir='ltr'>Ὅθεν</span> <span class='ocrx_word' id='word_1_231' title='bbox 295 1458 327 1483; x_wconf 82' lang='grc' dir='ltr'><strong>ἐκ</strong></span> <span class='ocrx_word' id='word_1_232' title='bbox 346 1456 441 1483; x_wconf 73' lang='grc' dir='ltr'>τούτου</span> <span class='ocrx_word' id='word_1_233' title='bbox 470 1457 656 1491; x_wconf 74' lang='grc' dir='ltr'>ὠφελούμενοι</span> <span class='ocrx_word' id='word_1_234' title='bbox 680 1459 714 1485; x_wconf 73' lang='grc' dir='ltr'><strong>τὰ</strong></span> <span class='ocrx_word' id='word_1_235' title='bbox 738 1460 857 1494; x_wconf 72' lang='grc' dir='ltr'>μεγάλα,</span> 
     </span>
    </p>
   </div>
   <div class='ocr_carea' id='block_1_34' title="bbox 57 1503 858 1538">
    <p class='ocr_par' dir='ltr' id='par_1_34' title="bbox 57 1503 858 1538">
     <span class='ocr_line' id='line_1_34' title="bbox 57 1503 858 1538; baseline 0.002 -8"><span class='ocrx_word' id='word_1_236' title='bbox 57 1503 92 1530; x_wconf 81' lang='grc' dir='ltr'>οὐ</span> <span class='ocrx_word' id='word_1_237' title='bbox 125 1503 208 1537; x_wconf 83' lang='grc' dir='ltr'>μόνον</span> <span class='ocrx_word' id='word_1_238' title='bbox 237 1503 459 1538; x_wconf 78' lang='grc' dir='ltr'>παρακαλοῦνται</span> <span class='ocrx_word' id='word_1_239' title='bbox 485 1505 533 1530; x_wconf 76' lang='grc' dir='ltr'>καὶ</span> <span class='ocrx_word' id='word_1_240' title='bbox 563 1504 695 1536; x_wconf 80' lang='grc' dir='ltr'>σώζονται</span> <span class='ocrx_word' id='word_1_241' title='bbox 722 1506 749 1532; x_wconf 84' lang='grc' dir='ltr'><strong>οῖ’</strong></span> <span class='ocrx_word' id='word_1_242' title='bbox 771 1515 801 1532; x_wconf 86' lang='grc' dir='ltr'><strong>τε</strong></span> <span class='ocrx_word' id='word_1_243' title='bbox 830 1507 858 1532; x_wconf 87' lang='grc' dir='ltr'><strong>ἐν</strong></span> 
     </span>
    </p>
   </div>
   <div class='ocr_carea' id='block_1_35' title="bbox 901 208 1694 244">
    <p class='ocr_par' dir='ltr' id='par_1_35' title="bbox 901 208 1694 244">
     <span class='ocr_line' id='line_1_35' title="bbox 901 208 1694 244; baseline -0.001 -8"><span class='ocrx_word' id='word_1_244' title='bbox 901 211 1044 242; x_wconf 73' lang='lat' dir='ltr'><strong>memoria,</strong></span> <span class='ocrx_word' id='word_1_245' title='bbox 1075 215 1102 236; x_wconf 93' lang='lat' dir='ltr'><strong>ut</strong></span> <span class='ocrx_word' id='word_1_246' title='bbox 1130 210 1264 241; x_wconf 79' lang='lat' dir='ltr'><strong>diximus,</strong></span> <span class='ocrx_word' id='word_1_247' title='bbox 1297 210 1323 236; x_wconf 88' lang='lat' dir='ltr'><strong>irt</strong></span> <span class='ocrx_word' id='word_1_248' title='bbox 1357 209 1497 244; x_wconf 70' lang='lat' dir='ltr'><strong>praedictis</strong></span> <span class='ocrx_word' id='word_1_249' title='bbox 1523 208 1694 243; x_wconf 82' lang='lat' dir='ltr'><strong>temporibus</strong></span> 
     </span>
    </p>
   </div>
   <div class='ocr_carea' id='block_1_36' title="bbox 901 255 1696 291">
    <p class='ocr_par' dir='ltr' id='par_1_36' title="bbox 901 255 1696 291">
     <span class='ocr_line' id='line_1_36' title="bbox 901 255 1696 291; baseline -0.004 -9"><span class='ocrx_word' id='word_1_250' title='bbox 901 262 1012 290; x_wconf 81' lang='lat' dir='ltr'><strong>propter</strong></span> <span class='ocrx_word' id='word_1_251' title='bbox 1039 265 1086 283; x_wconf 84' lang='lat' dir='ltr'><strong>eas</strong></span> <span class='ocrx_word' id='word_1_252' title='bbox 1113 265 1182 291; x_wconf 84' lang='lat' dir='ltr'><strong>quas</strong></span> <span class='ocrx_word' id='word_1_253' title='bbox 1221 257 1367 284; x_wconf 90' lang='lat' dir='ltr'><strong>retulimus</strong></span> <span class='ocrx_word' id='word_1_254' title='bbox 1394 263 1505 288; x_wconf 82' lang='lat' dir='ltr'><strong>causas,</strong></span> <span class='ocrx_word' id='word_1_255' title='bbox 1535 255 1696 288; x_wconf 80' lang='lat' dir='ltr'><strong>sanctisque</strong></span> 
     </span>
    </p>
   </div>
   <div class='ocr_carea' id='block_1_37' title="bbox 901 299 1697 334">
    <p class='ocr_par' dir='ltr' id='par_1_37' title="bbox 901 299 1697 334">
     <span class='ocr_line' id='line_1_37' title="bbox 901 299 1697 334; baseline -0.004 -6"><span class='ocrx_word' id='word_1_256' title='bbox 901 302 994 329; x_wconf 91' lang='lat' dir='ltr'><strong>multis</strong></span> <span class='ocrx_word' id='word_1_257' title='bbox 1021 306 1206 329; x_wconf 78' lang='lat' dir='ltr'><strong>monstratum</strong></span> <span class='ocrx_word' id='word_1_258' title='bbox 1233 307 1275 329; x_wconf 88' lang='lat' dir='ltr'><strong>est</strong></span> <span class='ocrx_word' id='word_1_259' title='bbox 1291 307 1317 329; x_wconf 85' lang='lat' dir='ltr'><strong>et</strong></span> <span class='ocrx_word' id='word_1_260' title='bbox 1341 302 1491 328; x_wconf 85' lang='lat' dir='ltr'><strong>revelatum</strong></span> <span class='ocrx_word' id='word_1_261' title='bbox 1521 304 1627 334; x_wconf 85' lang='lat' dir='ltr'><strong>quanta</strong></span> <span class='ocrx_word' id='word_1_262' title='bbox 1661 299 1697 326; x_wconf 81' lang='lat' dir='ltr'><strong>sit</strong></span> 
     </span>
    </p>
   </div>
   <div class='ocr_carea' id='block_1_38' title="bbox 901 347 1696 384">
    <p class='ocr_par' dir='ltr' id='par_1_38' title="bbox 901 347 1696 384">
     <span class='ocr_line' id='line_1_38' title="bbox 901 347 1696 384; baseline -0.004 -10"><span class='ocrx_word' id='word_1_263' title='bbox 901 356 933 374; x_wconf 87' lang='lat' dir='ltr'><strong>ex</strong></span> <span class='ocrx_word' id='word_1_264' title='bbox 951 348 992 375; x_wconf 90' lang='lat' dir='ltr'><strong>his</strong></span> <span class='ocrx_word' id='word_1_265' title='bbox 1011 348 1115 375; x_wconf 86' lang='lat' dir='ltr'><strong>utilitas</strong></span> <span class='ocrx_word' id='word_1_266' title='bbox 1128 348 1277 384; x_wconf 77' lang='lat' dir='ltr'><strong>defunctis.</strong></span> <span class='ocrx_word' id='word_1_267' title='bbox 1293 348 1441 382; x_wconf 77' lang='lat' dir='ltr'><strong>Propterea</strong></span> <span class='ocrx_word' id='word_1_268' title='bbox 1463 347 1513 374; x_wconf 86' lang='lat' dir='ltr'><strong>itas</strong></span> <span class='ocrx_word' id='word_1_269' title='bbox 1527 353 1696 373; x_wconf 82' lang='lat' dir='ltr'><strong>commemo-</strong></span> 
     </span>
    </p>
   </div>
   <div class='ocr_carea' id='block_1_39' title="bbox 903 394 1696 428">
    <p class='ocr_par' dir='ltr' id='par_1_39' title="bbox 903 394 1696 428">
     <span class='ocr_line' id='line_1_39' title="bbox 903 394 1696 428; baseline -0.005 -6"><span class='ocrx_word' id='word_1_270' title='bbox 903 396 1023 422; x_wconf 82' lang='lat' dir='ltr'><strong>rntiones</strong></span> <span class='ocrx_word' id='word_1_271' title='bbox 1038 403 1152 422; x_wconf 86' lang='lat' dir='ltr'><strong>necesse</strong></span> <span class='ocrx_word' id='word_1_272' title='bbox 1168 399 1210 422; x_wconf 86' lang='lat' dir='ltr'><strong>est</strong></span> <span class='ocrx_word' id='word_1_273' title='bbox 1231 395 1265 422; x_wconf 86' lang='lat' dir='ltr'><strong>ab</strong></span> <span class='ocrx_word' id='word_1_274' title='bbox 1282 395 1412 421; x_wconf 86' lang='lat' dir='ltr'><strong>omnibus</strong></span> <span class='ocrx_word' id='word_1_275' title='bbox 1428 394 1530 428; x_wconf 75' lang='lat' dir='ltr'><strong>peragi,</strong></span> <span class='ocrx_word' id='word_1_276' title='bbox 1547 398 1573 420; x_wconf 88' lang='lat' dir='ltr'><strong>et</strong></span> <span class='ocrx_word' id='word_1_277' title='bbox 1588 400 1696 419; x_wconf 79' lang='lat' dir='ltr'><strong>summa</strong></span> 
     </span>
    </p>
   </div>
   <div class='ocr_carea' id='block_1_40' title="bbox 902 439 1697 475">
    <p class='ocr_par' dir='ltr' id='par_1_40' title="bbox 902 439 1697 475">
     <span class='ocr_line' id='line_1_40' title="bbox 902 439 1697 475; baseline -0.006 -7"><span class='ocrx_word' id='word_1_278' title='bbox 902 441 983 468; x_wconf 90' lang='lat' dir='ltr'><strong>etiam</strong></span> <span class='ocrx_word' id='word_1_279' title='bbox 998 441 1185 473; x_wconf 88' lang='lat' dir='ltr'><strong>contentione,</strong></span> <span class='ocrx_word' id='word_1_280' title='bbox 1198 445 1225 468; x_wconf 89' lang='lat' dir='ltr'><strong>et</strong></span> <span class='ocrx_word' id='word_1_281' title='bbox 1238 441 1374 475; x_wconf 69' lang='lat' dir='ltr'><strong>praacipue</strong></span> <span class='ocrx_word' id='word_1_282' title='bbox 1389 441 1508 466; x_wconf 76' lang='lat' dir='ltr'><strong>tuaxime</strong></span> <span class='ocrx_word' id='word_1_283' title='bbox 1523 439 1697 466; x_wconf 81' lang='lat' dir='ltr'><strong>tremendum</strong></span> 
     </span>
    </p>
   </div>
   <div class='ocr_carea' id='block_1_41' title="bbox 903 485 1696 521">
    <p class='ocr_par' dir='ltr' id='par_1_41' title="bbox 903 485 1696 521">
     <span class='ocr_line' id='line_1_41' title="bbox 903 485 1696 521; baseline -0.006 -6"><span class='ocrx_word' id='word_1_284' title='bbox 903 487 1080 519; x_wconf 86' lang='lat' dir='ltr'><strong>sacriﬁcium,</strong></span> <span class='ocrx_word' id='word_1_285' title='bbox 1108 488 1180 520; x_wconf 83' lang='lat' dir='ltr'><strong>quod</strong></span> <span class='ocrx_word' id='word_1_286' title='bbox 1209 488 1280 514; x_wconf 88' lang='lat' dir='ltr'><strong>hanc</strong></span> <span class='ocrx_word' id='word_1_287' title='bbox 1312 487 1347 514; x_wconf 89' lang='lat' dir='ltr'><strong>ob</strong></span> <span class='ocrx_word' id='word_1_288' title='bbox 1374 487 1462 521; x_wconf 78' lang='lat' dir='ltr'><strong>ipsum</strong></span> <span class='ocrx_word' id='word_1_289' title='bbox 1489 494 1544 512; x_wconf 87' lang='lat' dir='ltr'><strong>rem</strong></span> <span class='ocrx_word' id='word_1_290' title='bbox 1570 485 1696 512; x_wconf 90' lang='lat' dir='ltr'><strong>traditum</strong></span> 
     </span>
    </p>
   </div>
   <div class='ocr_carea' id='block_1_42' title="bbox 903 533 1699 568">
    <p class='ocr_par' dir='ltr' id='par_1_42' title="bbox 903 533 1699 568">
     <span class='ocr_line' id='line_1_42' title="bbox 903 533 1699 568; baseline -0.004 -7"><span class='ocrx_word' id='word_1_291' title='bbox 903 539 955 561; x_wconf 83' lang='lat' dir='ltr'><strong>est.</strong></span> <span class='ocrx_word' id='word_1_292' title='bbox 973 533 1041 562; x_wconf 89' lang='lat' dir='ltr'><strong>Cum</strong></span> <span class='ocrx_word' id='word_1_293' title='bbox 1064 542 1111 566; x_wconf 86' lang='lat' dir='ltr'><strong>per</strong></span> <span class='ocrx_word' id='word_1_294' title='bbox 1130 534 1178 561; x_wconf 87' lang='lat' dir='ltr'><strong>has</strong></span> <span class='ocrx_word' id='word_1_295' title='bbox 1206 541 1312 568; x_wconf 79' lang='lat' dir='ltr'><strong>preces,</strong></span> <span class='ocrx_word' id='word_1_296' title='bbox 1338 537 1365 560; x_wconf 86' lang='lat' dir='ltr'><strong>et</strong></span> <span class='ocrx_word' id='word_1_297' title='bbox 1384 533 1535 564; x_wconf 84' lang='lat' dir='ltr'><strong>orationes,</strong></span> <span class='ocrx_word' id='word_1_298' title='bbox 1567 537 1594 559; x_wconf 88' lang='lat' dir='ltr'><strong>et</strong></span> <span class='ocrx_word' id='word_1_299' title='bbox 1620 539 1699 559; x_wconf 79' lang='lat' dir='ltr'><strong>sacra</strong></span> 
     </span>
    </p>
   </div>
   <div class='ocr_carea' id='block_1_43' title="bbox 903 578 1698 614">
    <p class='ocr_par' dir='ltr' id='par_1_43' title="bbox 903 578 1698 614">
     <span class='ocr_line' id='line_1_43' title="bbox 903 578 1698 614; baseline -0.006 -6"><span class='ocrx_word' id='word_1_300' title='bbox 903 581 1053 612; x_wconf 83' lang='lat' dir='ltr'><strong>sacriﬁcia,</strong></span> <span class='ocrx_word' id='word_1_301' title='bbox 1069 587 1096 607; x_wconf 83' lang='lat' dir='ltr'><strong>et</strong></span> <span class='ocrx_word' id='word_1_302' title='bbox 1110 588 1171 614; x_wconf 76' lang='lat' dir='ltr'><strong>erga</strong></span> <span class='ocrx_word' id='word_1_303' title='bbox 1191 587 1326 614; x_wconf 74' lang='lat' dir='ltr'><strong>pauperes</strong></span> <span class='ocrx_word' id='word_1_304' title='bbox 1344 580 1413 606; x_wconf 85' lang='lat' dir='ltr'><strong>bona</strong></span> <span class='ocrx_word' id='word_1_305' title='bbox 1430 586 1523 613; x_wconf 83' lang='lat' dir='ltr'><strong>opera,</strong></span> <span class='ocrx_word' id='word_1_306' title='bbox 1540 586 1592 605; x_wconf 91' lang='lat' dir='ltr'><strong>non</strong></span> <span class='ocrx_word' id='word_1_307' title='bbox 1610 578 1698 605; x_wconf 88' lang='lat' dir='ltr'><strong>solum</strong></span> 
     </span>
    </p>
   </div>
   <div class='ocr_carea' id='block_1_44' title="bbox 905 623 1700 663">
    <p class='ocr_par' dir='ltr' id='par_1_44' title="bbox 905 623 1700 663">
     <span class='ocr_line' id='line_1_44' title="bbox 905 623 1700 663; baseline -0.006 -9"><span class='ocrx_word' id='word_1_308' title='bbox 905 628 948 655; x_wconf 86' lang='lat' dir='ltr'><strong>his</strong></span> <span class='ocrx_word' id='word_1_309' title='bbox 978 628 1025 663; x_wconf 86' lang='lat' dir='ltr'><strong>qui</strong></span> <span class='ocrx_word' id='word_1_310' title='bbox 1054 627 1227 662; x_wconf 84' lang='lat' dir='ltr'><strong>deliquerunt</strong></span> <span class='ocrx_word' id='word_1_311' title='bbox 1252 630 1280 653; x_wconf 85' lang='lat' dir='ltr'><strong>et</strong></span> <span class='ocrx_word' id='word_1_312' title='bbox 1306 633 1368 652; x_wconf 89' lang='lat' dir='ltr'><strong>cutn</strong></span> <span class='ocrx_word' id='word_1_313' title='bbox 1398 625 1558 660; x_wconf 72' lang='lat' dir='ltr'><strong>pmuitentia</strong></span> <span class='ocrx_word' id='word_1_314' title='bbox 1598 623 1700 659; x_wconf 72' lang='lat' dir='ltr'><strong>egressi</strong></span> 
     </span>
    </p>
   </div>
   <div class='ocr_carea' id='block_1_45' title="bbox 905 669 1699 708">
    <p class='ocr_par' dir='ltr' id='par_1_45' title="bbox 905 669 1699 708">
     <span class='ocr_line' id='line_1_45' title="bbox 905 669 1699 708; baseline -0.008 -7"><span class='ocrx_word' id='word_1_315' title='bbox 905 679 969 701; x_wconf 83' lang='lat' dir='ltr'><strong>Sunt</strong></span> <span class='ocrx_word' id='word_1_316' title='bbox 984 681 999 701; x_wconf 90' lang='lat' dir='ltr'><strong>e</strong></span> <span class='ocrx_word' id='word_1_317' title='bbox 1014 681 1138 708; x_wconf 89' lang='lat' dir='ltr'><strong>corpore,</strong></span> <span class='ocrx_word' id='word_1_318' title='bbox 1165 673 1294 700; x_wconf 88' lang='lat' dir='ltr'><strong>remissio</strong></span> <span class='ocrx_word' id='word_1_319' title='bbox 1311 676 1339 699; x_wconf 84' lang='lat' dir='ltr'><strong>et</strong></span> <span class='ocrx_word' id='word_1_320' title='bbox 1367 671 1500 698; x_wconf 82' lang='lat' dir='ltr'><strong>relaxatio</strong></span> <span class='ocrx_word' id='word_1_321' title='bbox 1524 669 1699 700; x_wconf 81' lang='lat' dir='ltr'><strong>conceditur,</strong></span> 
     </span>
    </p>
   </div>
   <div class='ocr_carea' id='block_1_46' title="bbox 905 707 1730 755">
    <p class='ocr_par' dir='ltr' id='par_1_46' title="bbox 905 707 1730 755">
     <span class='ocr_line' id='line_1_46' title="bbox 905 707 1730 755; baseline -0.006 -9"><span class='ocrx_word' id='word_1_322' title='bbox 905 724 932 746; x_wconf 87' lang='lat' dir='ltr'><strong>et</strong></span> <span class='ocrx_word' id='word_1_323' title='bbox 944 707 1089 754; x_wconf 79' lang='lat' dir='ltr'><strong>poenarum</strong></span> <span class='ocrx_word' id='word_1_324' title='bbox 1105 719 1242 750; x_wconf 85' lang='lat' dir='ltr'><strong>liberatio,</strong></span> <span class='ocrx_word' id='word_1_325' title='bbox 1259 718 1306 745; x_wconf 84' lang='lat' dir='ltr'><strong>sed</strong></span> <span class='ocrx_word' id='word_1_326' title='bbox 1332 721 1359 744; x_wconf 89' lang='lat' dir='ltr'><strong>et</strong></span> <span class='ocrx_word' id='word_1_327' title='bbox 1376 717 1429 744; x_wconf 89' lang='lat' dir='ltr'><strong>illis</strong></span> <span class='ocrx_word' id='word_1_328' title='bbox 1456 716 1504 751; x_wconf 84' lang='lat' dir='ltr'><strong>qui</strong></span> <span class='ocrx_word' id='word_1_329' title='bbox 1525 716 1599 751; x_wconf 85' lang='lat' dir='ltr'><strong>juste</strong></span> <span class='ocrx_word' id='word_1_330' title='bbox 1622 715 1700 742; x_wconf 86' lang='lat' dir='ltr'><strong>vixe-</strong></span> 
     </span>
    </p>
   </div>
   <div class='ocr_carea' id='block_1_47' title="bbox 908 758 1735 798">
    <p class='ocr_par' dir='ltr' id='par_1_47' title="bbox 908 758 1735 798">
     <span class='ocr_line' id='line_1_47' title="bbox 908 758 1735 798; baseline -0.002 -6"><span class='ocrx_word' id='word_1_331' title='bbox 908 771 982 796; x_wconf 88' lang='lat' dir='ltr'><strong>runt,</strong></span> <span class='ocrx_word' id='word_1_332' title='bbox 1003 771 1030 792; x_wconf 88' lang='lat' dir='ltr'><strong>et</strong></span> <span class='ocrx_word' id='word_1_333' title='bbox 1045 765 1099 792; x_wconf 87' lang='lat' dir='ltr'><strong>ﬁne</strong></span> <span class='ocrx_word' id='word_1_334' title='bbox 1116 766 1200 796; x_wconf 90' lang='lat' dir='ltr'><strong>bono,</strong></span> <span class='ocrx_word' id='word_1_335' title='bbox 1216 768 1243 791; x_wconf 89' lang='lat' dir='ltr'><strong>et</strong></span> <span class='ocrx_word' id='word_1_336' title='bbox 1260 764 1313 791; x_wconf 86' lang='lat' dir='ltr'><strong>Deo</strong></span> <span class='ocrx_word' id='word_1_337' title='bbox 1329 763 1493 798; x_wconf 77' lang='lat' dir='ltr'><strong>complacita</strong></span> <span class='ocrx_word' id='word_1_338' title='bbox 1508 763 1591 789; x_wconf 89' lang='lat' dir='ltr'><strong>vitam</strong></span> <span class='ocrx_word' id='word_1_339' title='bbox 1607 761 1702 789; x_wconf 87' lang='lat' dir='ltr'><strong>tcrmi-</strong></span> <span class='ocrx_word' id='word_1_340' title='bbox 1728 758 1735 790; x_wconf 59' lang='grc' dir='ltr'><em>ἓ</em></span> 
     </span>
    </p>
   </div>
   <div class='ocr_carea' id='block_1_48' title="bbox 908 809 1703 846">
    <p class='ocr_par' dir='ltr' id='par_1_48' title="bbox 908 809 1703 846">
     <span class='ocr_line' id='line_1_48' title="bbox 908 809 1703 846; baseline -0.006 -7"><span class='ocrx_word' id='word_1_341' title='bbox 908 817 1018 843; x_wconf 86' lang='lat' dir='ltr'><strong>narunt,</strong></span> <span class='ocrx_word' id='word_1_342' title='bbox 1044 811 1133 846; x_wconf 81' lang='lat' dir='ltr'><strong>major</strong></span> <span class='ocrx_word' id='word_1_343' title='bbox 1156 811 1292 845; x_wconf 82' lang='lat' dir='ltr'><strong>purgatio,</strong></span> <span class='ocrx_word' id='word_1_344' title='bbox 1313 815 1340 837; x_wconf 77' lang='lat' dir='ltr'><strong>et</strong></span> <span class='ocrx_word' id='word_1_345' title='bbox 1365 809 1524 837; x_wconf 90' lang='lat' dir='ltr'><strong>sublimatio</strong></span> <span class='ocrx_word' id='word_1_346' title='bbox 1553 810 1645 842; x_wconf 85' lang='lat' dir='ltr'><strong>datur,</strong></span> <span class='ocrx_word' id='word_1_347' title='bbox 1673 812 1703 835; x_wconf 86' lang='lat' dir='ltr'><strong>ut</strong></span> 
     </span>
    </p>
   </div>
   <div class='ocr_carea' id='block_1_49' title="bbox 906 854 1702 892">
    <p class='ocr_par' dir='ltr' id='par_1_49' title="bbox 906 854 1702 892">
     <span class='ocr_line' id='line_1_49' title="bbox 906 854 1702 892; baseline -0.005 -7"><span class='ocrx_word' id='word_1_348' title='bbox 906 857 1103 892; x_wconf 81' lang='lat' dir='ltr'><strong>Chrysostomo</strong></span> <span class='ocrx_word' id='word_1_349' title='bbox 1121 856 1228 884; x_wconf 80' lang='lat' dir='ltr'><strong>videtur</strong></span> <span class='ocrx_word' id='word_1_350' title='bbox 1247 856 1274 883; x_wconf 94' lang='lat' dir='ltr'><strong>in</strong></span> <span class='ocrx_word' id='word_1_351' title='bbox 1293 856 1466 889; x_wconf 79' lang='lat' dir='ltr'><strong>expositione</strong></span> <span class='ocrx_word' id='word_1_352' title='bbox 1477 856 1505 882; x_wconf 95' lang='lat' dir='ltr'><strong>in</strong></span> <span class='ocrx_word' id='word_1_353' title='bbox 1516 854 1582 882; x_wconf 82' lang='lat' dir='ltr'><strong>Acta</strong></span> <span class='ocrx_word' id='word_1_354' title='bbox 1595 859 1702 888; x_wconf 86' lang='lat' dir='ltr'><strong>aposto-</strong></span> 
     </span>
    </p>
   </div>
   <div class='ocr_carea' id='block_1_50' title="bbox 909 901 1700 937">
    <p class='ocr_par' dir='ltr' id='par_1_50' title="bbox 909 901 1700 937">
     <span class='ocr_line' id='line_1_50' title="bbox 909 901 1700 937; baseline -0.005 -7"><span class='ocrx_word' id='word_1_355' title='bbox 909 904 1009 936; x_wconf 79' lang='lat' dir='ltr'><strong>lorum,</strong></span> <span class='ocrx_word' id='word_1_356' title='bbox 1025 908 1052 930; x_wconf 80' lang='lat' dir='ltr'><strong>et</strong></span> <span class='ocrx_word' id='word_1_357' title='bbox 1069 904 1101 930; x_wconf 89' lang='lat' dir='ltr'><strong>ad</strong></span> <span class='ocrx_word' id='word_1_358' title='bbox 1120 903 1204 930; x_wconf 85' lang='lat' dir='ltr'><strong>Deum</strong></span> <span class='ocrx_word' id='word_1_359' title='bbox 1221 902 1433 937; x_wconf 81' lang='lat' dir='ltr'><strong>approximatio,</strong></span> <span class='ocrx_word' id='word_1_360' title='bbox 1453 906 1481 930; x_wconf 88' lang='lat' dir='ltr'><strong>et</strong></span> <span class='ocrx_word' id='word_1_361' title='bbox 1493 902 1563 937; x_wconf 89' lang='lat' dir='ltr'><strong>apud</strong></span> <span class='ocrx_word' id='word_1_362' title='bbox 1574 901 1700 929; x_wconf 89' lang='lat' dir='ltr'><strong>eumdem</strong></span> 
     </span>
    </p>
   </div>
   <div class='ocr_carea' id='block_1_51' title="bbox 909 948 1702 984">
    <p class='ocr_par' dir='ltr' id='par_1_51' title="bbox 909 948 1702 984">
     <span class='ocr_line' id='line_1_51' title="bbox 909 948 1702 984; baseline -0.004 -7"><span class='ocrx_word' id='word_1_363' title='bbox 909 951 1032 980; x_wconf 83' lang='lat' dir='ltr'><strong>libertas,</strong></span> <span class='ocrx_word' id='word_1_364' title='bbox 1045 953 1072 975; x_wconf 86' lang='lat' dir='ltr'><strong>et</strong></span> <span class='ocrx_word' id='word_1_365' title='bbox 1087 949 1295 976; x_wconf 82' lang='lat' dir='ltr'><strong>illuminationis</strong></span> <span class='ocrx_word' id='word_1_366' title='bbox 1316 956 1348 976; x_wconf 77' lang='lat' dir='ltr'><strong>ex</strong></span> <span class='ocrx_word' id='word_1_367' title='bbox 1362 956 1395 976; x_wconf 90' lang='lat' dir='ltr'><strong>eo</strong></span> <span class='ocrx_word' id='word_1_368' title='bbox 1411 948 1596 984; x_wconf 82' lang='lat' dir='ltr'><strong>suppeditatio</strong></span> <span class='ocrx_word' id='word_1_369' title='bbox 1612 948 1702 982; x_wconf 90' lang='lat' dir='ltr'><strong>splen-</strong></span> 
     </span>
    </p>
   </div>
   <div class='ocr_carea' id='block_1_52' title="bbox 907 993 1701 1028">
    <p class='ocr_par' dir='ltr' id='par_1_52' title="bbox 907 993 1701 1028">
     <span class='ocr_line' id='line_1_52' title="bbox 907 993 1701 1028; baseline -0.003 -6"><span class='ocrx_word' id='word_1_370' title='bbox 907 995 1008 1022; x_wconf 90' lang='lat' dir='ltr'><strong>didior.</strong></span> <span class='ocrx_word' id='word_1_371' title='bbox 1042 993 1154 1022; x_wconf 82' lang='lat' dir='ltr'><strong>Noverit</strong></span> <span class='ocrx_word' id='word_1_372' title='bbox 1190 995 1277 1021; x_wconf 85' lang='lat' dir='ltr'><strong>fidelis</strong></span> <span class='ocrx_word' id='word_1_373' title='bbox 1319 995 1422 1027; x_wconf 80' lang='lat' dir='ltr'><strong>omnis,</strong></span> <span class='ocrx_word' id='word_1_374' title='bbox 1451 994 1475 1021; x_wconf 91' lang='lat' dir='ltr'><strong>si</strong></span> <span class='ocrx_word' id='word_1_375' title='bbox 1503 994 1599 1028; x_wconf 80' lang='lat' dir='ltr'><strong>diligat</strong></span> <span class='ocrx_word' id='word_1_376' title='bbox 1635 1000 1701 1028; x_wconf 88' lang='lat' dir='ltr'><strong>pro-</strong></span> 
     </span>
    </p>
   </div>
   <div class='ocr_carea' id='block_1_53' title="bbox 909 1040 1703 1077">
    <p class='ocr_par' dir='ltr' id='par_1_53' title="bbox 909 1040 1703 1077">
     <span class='ocr_line' id='line_1_53' title="bbox 909 1040 1703 1077; baseline -0.001 -9"><span class='ocrx_word' id='word_1_377' title='bbox 909 1043 1040 1077; x_wconf 86' lang='lat' dir='ltr'><strong>pinquum</strong></span> <span class='ocrx_word' id='word_1_378' title='bbox 1069 1042 1120 1069; x_wconf 88' lang='lat' dir='ltr'><strong>hac</strong></span> <span class='ocrx_word' id='word_1_379' title='bbox 1138 1042 1194 1069; x_wconf 83' lang='lat' dir='ltr'><strong>vita</strong></span> <span class='ocrx_word' id='word_1_380' title='bbox 1210 1041 1383 1075; x_wconf 78' lang='lat' dir='ltr'><strong>defunctum,</strong></span> <span class='ocrx_word' id='word_1_381' title='bbox 1401 1048 1498 1076; x_wconf 84' lang='lat' dir='ltr'><strong>magna</strong></span> <span class='ocrx_word' id='word_1_382' title='bbox 1526 1040 1551 1067; x_wconf 89' lang='lat' dir='ltr'><strong>ei</strong></span> <span class='ocrx_word' id='word_1_383' title='bbox 1571 1045 1703 1075; x_wconf 81' lang='lat' dir='ltr'><strong>praeslare</strong></span> 
     </span>
    </p>
   </div>
   <div class='ocr_carea' id='block_1_54' title="bbox 909 1086 1702 1122">
    <p class='ocr_par' dir='ltr' id='par_1_54' title="bbox 909 1086 1702 1122">
     <span class='ocr_line' id='line_1_54' title="bbox 909 1086 1702 1122; baseline -0.004 -7"><span class='ocrx_word' id='word_1_384' title='bbox 909 1089 989 1119; x_wconf 85' lang='lat' dir='ltr'><strong>bona,</strong></span> <span class='ocrx_word' id='word_1_385' title='bbox 1013 1088 1036 1115; x_wconf 77' lang='lat' dir='ltr'><strong>si</strong></span> <span class='ocrx_word' id='word_1_386' title='bbox 1060 1096 1110 1122; x_wconf 90' lang='lat' dir='ltr'><strong>pro</strong></span> <span class='ocrx_word' id='word_1_387' title='bbox 1133 1096 1165 1115; x_wconf 87' lang='lat' dir='ltr'><strong>eo</strong></span> <span class='ocrx_word' id='word_1_388' title='bbox 1190 1087 1297 1119; x_wconf 78' lang='lat' dir='ltr'><strong>offerat,</strong></span> <span class='ocrx_word' id='word_1_389' title='bbox 1323 1086 1470 1121; x_wconf 75' lang='lat' dir='ltr'><strong>magnique</strong></span> <span class='ocrx_word' id='word_1_390' title='bbox 1498 1087 1590 1121; x_wconf 76' lang='lat' dir='ltr'><strong>gaudii</strong></span> <span class='ocrx_word' id='word_1_391' title='bbox 1613 1087 1702 1113; x_wconf 83' lang='lat' dir='ltr'><strong>cidem</strong></span> 
     </span>
    </p>
   </div>
   <div class='ocr_carea' id='block_1_55' title="bbox 909 1133 1701 1168">
    <p class='ocr_par' dir='ltr' id='par_1_55' title="bbox 909 1133 1701 1168">
     <span class='ocr_line' id='line_1_55' title="bbox 909 1133 1701 1168; baseline -0.005 -5"><span class='ocrx_word' id='word_1_392' title='bbox 909 1144 970 1163; x_wconf 87' lang='lat' dir='ltr'><strong>esse</strong></span> <span class='ocrx_word' id='word_1_393' title='bbox 989 1142 1140 1166; x_wconf 79' lang='lat' dir='ltr'><strong>auctorem,</strong></span> <span class='ocrx_word' id='word_1_394' title='bbox 1159 1135 1181 1162; x_wconf 87' lang='lat' dir='ltr'><strong>si</strong></span> <span class='ocrx_word' id='word_1_395' title='bbox 1200 1134 1367 1168; x_wconf 71' lang='lat' dir='ltr'><strong>pauperibus</strong></span> <span class='ocrx_word' id='word_1_396' title='bbox 1395 1133 1584 1168; x_wconf 85' lang='lat' dir='ltr'><strong>cleemosyuas</strong></span> <span class='ocrx_word' id='word_1_397' title='bbox 1610 1134 1701 1164; x_wconf 84' lang='lat' dir='ltr'><strong>faciat,</strong></span> 
     </span>
    </p>
   </div>
   <div class='ocr_carea' id='block_1_56' title="bbox 910 1179 1704 1217">
    <p class='ocr_par' dir='ltr' id='par_1_56' title="bbox 910 1179 1704 1217">
     <span class='ocr_line' id='line_1_56' title="bbox 910 1179 1704 1217; baseline -0.005 -8"><span class='ocrx_word' id='word_1_398' title='bbox 910 1183 1034 1217; x_wconf 80' lang='lat' dir='ltr'><strong>captivos</strong></span> <span class='ocrx_word' id='word_1_399' title='bbox 1064 1182 1190 1212; x_wconf 84' lang='lat' dir='ltr'><strong>redimat,</strong></span> <span class='ocrx_word' id='word_1_400' title='bbox 1219 1181 1326 1214; x_wconf 81' lang='lat' dir='ltr'><strong>aliaque</strong></span> <span class='ocrx_word' id='word_1_401' title='bbox 1364 1179 1448 1206; x_wconf 80' lang='lat' dir='ltr'><strong>faciat</strong></span> <span class='ocrx_word' id='word_1_402' title='bbox 1475 1179 1577 1214; x_wconf 87' lang='lat' dir='ltr'><strong>quibus</strong></span> <span class='ocrx_word' id='word_1_403' title='bbox 1603 1179 1704 1205; x_wconf 79' lang='lat' dir='ltr'><strong>colitur</strong></span> 
     </span>
    </p>
   </div>
   <div class='ocr_carea' id='block_1_57' title="bbox 911 1227 1703 1263">
    <p class='ocr_par' dir='ltr' id='par_1_57' title="bbox 911 1227 1703 1263">
     <span class='ocr_line' id='line_1_57' title="bbox 911 1227 1703 1263; baseline -0.005 -7"><span class='ocrx_word' id='word_1_404' title='bbox 911 1229 992 1262; x_wconf 83' lang='lat' dir='ltr'><strong>Deus,</strong></span> <span class='ocrx_word' id='word_1_405' title='bbox 1008 1234 1035 1256; x_wconf 86' lang='lat' dir='ltr'><strong>et</strong></span> <span class='ocrx_word' id='word_1_406' title='bbox 1053 1228 1205 1263; x_wconf 65' lang='lat' dir='ltr'><strong>praesertim</strong></span> <span class='ocrx_word' id='word_1_407' title='bbox 1231 1229 1253 1255; x_wconf 90' lang='lat' dir='ltr'><strong>si</strong></span> <span class='ocrx_word' id='word_1_408' title='bbox 1283 1227 1392 1254; x_wconf 87' lang='lat' dir='ltr'><strong>studeat</strong></span> <span class='ocrx_word' id='word_1_409' title='bbox 1418 1227 1562 1254; x_wconf 86' lang='lat' dir='ltr'><strong>incruenta</strong></span> <span class='ocrx_word' id='word_1_410' title='bbox 1591 1234 1640 1260; x_wconf 90' lang='lat' dir='ltr'><strong>pro</strong></span> <span class='ocrx_word' id='word_1_411' title='bbox 1668 1233 1703 1253; x_wconf 82' lang='lat' dir='ltr'><strong>eo</strong></span> 
     </span>
    </p>
   </div>
   <div class='ocr_carea' id='block_1_58' title="bbox 911 1272 1702 1311">
    <p class='ocr_par' dir='ltr' id='par_1_58' title="bbox 911 1272 1702 1311">
     <span class='ocr_line' id='line_1_58' title="bbox 911 1272 1702 1311; baseline -0.004 -9"><span class='ocrx_word' id='word_1_412' title='bbox 911 1276 1002 1311; x_wconf 64' lang='lat' dir='ltr'><strong>peragi</strong></span> <span class='ocrx_word' id='word_1_413' title='bbox 1020 1275 1168 1303; x_wconf 84' lang='lat' dir='ltr'><strong>sacrificia.</strong></span> <span class='ocrx_word' id='word_1_414' title='bbox 1195 1273 1263 1300; x_wconf 84' lang='lat' dir='ltr'><strong>Nam</strong></span> <span class='ocrx_word' id='word_1_415' title='bbox 1283 1274 1309 1300; x_wconf 95' lang='lat' dir='ltr'><strong>in</strong></span> <span class='ocrx_word' id='word_1_416' title='bbox 1327 1273 1471 1300; x_wconf 87' lang='lat' dir='ltr'><strong>tremendo</strong></span> <span class='ocrx_word' id='word_1_417' title='bbox 1487 1272 1623 1300; x_wconf 78' lang='lat' dir='ltr'><strong>sacriﬁcio</strong></span> <span class='ocrx_word' id='word_1_418' title='bbox 1639 1280 1702 1306; x_wconf 86' lang='lat' dir='ltr'><strong>par-</strong></span> 
     </span>
    </p>
   </div>
   <div class='ocr_carea' id='block_1_59' title="bbox 910 1320 1705 1355">
    <p class='ocr_par' dir='ltr' id='par_1_59' title="bbox 910 1320 1705 1355">
     <span class='ocr_line' id='line_1_59' title="bbox 910 1320 1705 1355; baseline -0.008 -4"><span class='ocrx_word' id='word_1_419' title='bbox 910 1323 1004 1353; x_wconf 87' lang='lat' dir='ltr'><strong>licttla,</strong></span> <span class='ocrx_word' id='word_1_420' title='bbox 1020 1327 1046 1348; x_wconf 86' lang='lat' dir='ltr'><strong>et</strong></span> <span class='ocrx_word' id='word_1_421' title='bbox 1061 1329 1145 1355; x_wconf 80' lang='lat' dir='ltr'><strong>super</strong></span> <span class='ocrx_word' id='word_1_422' title='bbox 1162 1329 1222 1348; x_wconf 89' lang='lat' dir='ltr'><strong>eam</strong></span> <span class='ocrx_word' id='word_1_423' title='bbox 1237 1320 1323 1352; x_wconf 86' lang='lat' dir='ltr'><strong>illius,</strong></span> <span class='ocrx_word' id='word_1_424' title='bbox 1338 1320 1385 1354; x_wconf 86' lang='lat' dir='ltr'><strong>qui</strong></span> <span class='ocrx_word' id='word_1_425' title='bbox 1403 1320 1520 1346; x_wconf 85' lang='lat' dir='ltr'><strong>decessit</strong></span> <span class='ocrx_word' id='word_1_426' title='bbox 1536 1327 1705 1346; x_wconf 80' lang='lat' dir='ltr'><strong>commento-</strong></span> 
     </span>
    </p>
   </div>
   <div class='ocr_carea' id='block_1_60' title="bbox 911 1365 1705 1402">
    <p class='ocr_par' dir='ltr' id='par_1_60' title="bbox 911 1365 1705 1402">
     <span class='ocr_line' id='line_1_60' title="bbox 911 1365 1705 1402; baseline -0.006 -5"><span class='ocrx_word' id='word_1_427' title='bbox 911 1370 990 1402; x_wconf 80' lang='lat' dir='ltr'><strong>ratio,</strong></span> <span class='ocrx_word' id='word_1_428' title='bbox 1018 1369 1093 1396; x_wconf 91' lang='lat' dir='ltr'><strong>illum</strong></span> <span class='ocrx_word' id='word_1_429' title='bbox 1119 1368 1173 1395; x_wconf 87' lang='lat' dir='ltr'><strong>Deo</strong></span> <span class='ocrx_word' id='word_1_430' title='bbox 1202 1367 1273 1400; x_wconf 88' lang='lat' dir='ltr'><strong>unit,</strong></span> <span class='ocrx_word' id='word_1_431' title='bbox 1303 1367 1406 1401; x_wconf 78' lang='lat' dir='ltr'><strong>Deique</strong></span> <span class='ocrx_word' id='word_1_432' title='bbox 1436 1366 1615 1394; x_wconf 74' lang='lat' dir='ltr'><strong>invisibiliter</strong></span> <span class='ocrx_word' id='word_1_433' title='bbox 1647 1365 1705 1393; x_wconf 82' lang='lat' dir='ltr'><strong>ﬁeri</strong></span> 
     </span>
    </p>
   </div>
   <div class='ocr_carea' id='block_1_61' title="bbox 910 1412 1706 1451">
    <p class='ocr_par' dir='ltr' id='par_1_61' title="bbox 910 1412 1706 1451">
     <span class='ocr_line' id='line_1_61' title="bbox 910 1412 1706 1451; baseline -0.006 -8"><span class='ocrx_word' id='word_1_434' title='bbox 910 1417 1082 1451; x_wconf 81' lang='lat' dir='ltr'><strong>participem,</strong></span> <span class='ocrx_word' id='word_1_435' title='bbox 1109 1419 1136 1442; x_wconf 88' lang='lat' dir='ltr'><strong>et</strong></span> <span class='ocrx_word' id='word_1_436' title='bbox 1165 1422 1227 1441; x_wconf 91' lang='lat' dir='ltr'><strong>cum</strong></span> <span class='ocrx_word' id='word_1_437' title='bbox 1243 1421 1275 1441; x_wconf 87' lang='lat' dir='ltr'><strong>eo</strong></span> <span class='ocrx_word' id='word_1_438' title='bbox 1304 1413 1510 1440; x_wconf 81' lang='lat' dir='ltr'><strong>communicare</strong></span> <span class='ocrx_word' id='word_1_439' title='bbox 1534 1412 1609 1441; x_wconf 80' lang='lat' dir='ltr'><strong>facit.</strong></span> <span class='ocrx_word' id='word_1_440' title='bbox 1636 1412 1706 1440; x_wconf 84' lang='lat' dir='ltr'><strong>llinc</strong></span> 
     </span>
    </p>
   </div>
   <div class='ocr_carea' id='block_1_62' title="bbox 912 1460 1707 1492">
    <p class='ocr_par' dir='ltr' id='par_1_62' title="bbox 912 1460 1707 1492">
     <span class='ocr_line' id='line_1_62' title="bbox 912 1460 1707 1492; baseline -0.005 -2"><span class='ocrx_word' id='word_1_441' title='bbox 912 1464 1058 1490; x_wconf 76' lang='lat' dir='ltr'><strong>maximam</strong></span> <span class='ocrx_word' id='word_1_442' title='bbox 1097 1461 1244 1488; x_wconf 85' lang='lat' dir='ltr'><strong>utilitatem</strong></span> <span class='ocrx_word' id='word_1_443' title='bbox 1281 1460 1435 1492; x_wconf 82' lang='lat' dir='ltr'><strong>consecuti,</strong></span> <span class='ocrx_word' id='word_1_444' title='bbox 1463 1460 1641 1487; x_wconf 88' lang='lat' dir='ltr'><strong>consolantur</strong></span> <span class='ocrx_word' id='word_1_445' title='bbox 1679 1465 1707 1486; x_wconf 87' lang='lat' dir='ltr'><strong>et</strong></span> 
     </span>
    </p>
   </div>
   <div class='ocr_carea' id='block_1_63' title="bbox 911 1506 1705 1544">
    <p class='ocr_par' dir='ltr' id='par_1_63' title="bbox 911 1506 1705 1544">
     <span class='ocr_line' id='line_1_63' title="bbox 911 1506 1705 1544; baseline -0.006 -7"><span class='ocrx_word' id='word_1_446' title='bbox 911 1511 1065 1540; x_wconf 82' lang='lat' dir='ltr'><strong>salvantur,</strong></span> <span class='ocrx_word' id='word_1_447' title='bbox 1082 1508 1129 1544; x_wconf 91' lang='lat' dir='ltr'><strong>qui</strong></span> <span class='ocrx_word' id='word_1_448' title='bbox 1152 1510 1178 1535; x_wconf 90' lang='lat' dir='ltr'><strong>in</strong></span> <span class='ocrx_word' id='word_1_449' title='bbox 1196 1507 1308 1535; x_wconf 84' lang='lat' dir='ltr'><strong>Christo</strong></span> <span class='ocrx_word' id='word_1_450' title='bbox 1325 1507 1504 1535; x_wconf 81' lang='lat' dir='ltr'><strong>decesserunt</strong></span> <span class='ocrx_word' id='word_1_451' title='bbox 1529 1514 1591 1534; x_wconf 89' lang='lat' dir='ltr'><strong>ctnn</strong></span> <span class='ocrx_word' id='word_1_452' title='bbox 1616 1506 1705 1541; x_wconf 71' lang='grc' dir='ltr'>νωιιί-</span> 
     </span>
    </p>
   </div>
   <div class='ocr_carea' id='block_1_64' title="bbox 58 1549 860 1587">
    <p class='ocr_par' dir='ltr' id='par_1_64' title="bbox 58 1549 858 1585">
     <span class='ocr_line' id='line_1_64' title="bbox 58 1549 858 1585; baseline 0.003 -9"><span class='ocrx_word' id='word_1_453' title='bbox 58 1549 178 1584; x_wconf 83' lang='grc' dir='ltr'>Χριστῷ</span> <span class='ocrx_word' id='word_1_454' title='bbox 195 1549 377 1583; x_wconf 81' lang='grc' dir='ltr'>μεταστάντες</span> <span class='ocrx_word' id='word_1_455' title='bbox 392 1550 422 1575; x_wconf 90' lang='grc' dir='ltr'><strong>ἐν</strong></span> <span class='ocrx_word' id='word_1_456' title='bbox 438 1550 570 1585; x_wconf 72' lang='grc' dir='ltr'>μετανοίᾳ</span> <span class='ocrx_word' id='word_1_457' title='bbox 588 1551 709 1585; x_wconf 72' lang='grc' dir='ltr'>ἀδελφοὶ,</span> <span class='ocrx_word' id='word_1_458' title='bbox 727 1551 794 1578; x_wconf 75' lang='grc' dir='ltr'>ἀλλὰ</span> <span class='ocrx_word' id='word_1_459' title='bbox 811 1552 858 1578; x_wconf 73' lang='grc' dir='ltr'>καὶ</span> 
     </span>
    </p>
   </div>
   <div class='ocr_carea' id='block_1_65' title="bbox 911 1549 1704 1587">
    <p class='ocr_par' dir='ltr' id='par_1_65' title="bbox 913 1552 1704 1587">
     <span class='ocr_line' id='line_1_65' title="bbox 913 1552 1704 1587; baseline -0.004 -5"><span class='ocrx_word' id='word_1_460' title='bbox 913 1557 995 1583; x_wconf 87' lang='lat' dir='ltr'><strong>tentia</strong></span> <span class='ocrx_word' id='word_1_461' title='bbox 1015 1555 1125 1581; x_wconf 85' lang='lat' dir='ltr'><strong>fratrcs.</strong></span> <span class='ocrx_word' id='word_1_462' title='bbox 1145 1553 1199 1581; x_wconf 86' lang='lat' dir='ltr'><strong>Sed</strong></span> <span class='ocrx_word' id='word_1_463' title='bbox 1216 1558 1243 1580; x_wconf 88' lang='lat' dir='ltr'><strong>et</strong></span> <span class='ocrx_word' id='word_1_464' title='bbox 1265 1561 1351 1580; x_wconf 70' lang='lat' dir='ltr'><strong>sacra:</strong></span> <span class='ocrx_word' id='word_1_465' title='bbox 1367 1552 1524 1587; x_wconf 70' lang='lat' dir='ltr'><strong>divinmque</strong></span> <span class='ocrx_word' id='word_1_466' title='bbox 1547 1557 1704 1580; x_wconf 82' lang='lat' dir='ltr'><strong>sanetontm</strong></span> 
     </span>
    </p>
   </div>
   <div class='ocr_carea' id='block_1_66' title="bbox 59 1595 858 1631">
    <p class='ocr_par' dir='ltr' id='par_1_66' title="bbox 59 1595 858 1631">
     <span class='ocr_line' id='line_1_66' title="bbox 59 1595 858 1631; baseline 0.003 -9"><span class='ocrx_word' id='word_1_467' title='bbox 59 1596 90 1622; x_wconf 77' lang='lat' dir='ltr'><strong>al</strong></span> <span class='ocrx_word' id='word_1_468' title='bbox 110 1595 166 1621; x_wconf 82' lang='grc' dir='ltr'>τῶν</span> <span class='ocrx_word' id='word_1_469' title='bbox 181 1595 268 1628; x_wconf 80' lang='grc' dir='ltr'>ἁγίων</span> <span class='ocrx_word' id='word_1_470' title='bbox 285 1595 356 1629; x_wconf 73' lang='grc' dir='ltr'>ἱεραὶ</span> <span class='ocrx_word' id='word_1_471' title='bbox 372 1596 421 1622; x_wconf 81' lang='grc' dir='ltr'>καὶ</span> <span class='ocrx_word' id='word_1_472' title='bbox 438 1596 510 1623; x_wconf 73' lang='grc' dir='ltr'>θεῖαι</span> <span class='ocrx_word' id='word_1_473' title='bbox 524 1595 610 1631; x_wconf 77' lang='grc' dir='ltr'>ψυχαὶ</span> <span class='ocrx_word' id='word_1_474' title='bbox 627 1597 688 1624; x_wconf 88' lang='grc' dir='ltr'>λίαν</span> <span class='ocrx_word' id='word_1_475' title='bbox 706 1598 735 1623; x_wconf 79' lang='grc' dir='ltr'><strong>ἐν</strong></span> <span class='ocrx_word' id='word_1_476' title='bbox 751 1598 858 1629; x_wconf 79' lang='grc' dir='ltr'>τούτοις</span> 
     </span>
    </p>
   </div>
   <div class='ocr_carea' id='block_1_67' title="bbox 59 1641 858 1678">
    <p class='ocr_par' dir='ltr' id='par_1_67' title="bbox 59 1641 858 1678">
     <span class='ocr_line' id='line_1_67' title="bbox 59 1641 858 1678; baseline 0.001 -10"><span class='ocrx_word' id='word_1_477' title='bbox 59 1641 270 1675; x_wconf 60' lang='grc' dir='ltr'>εὐφραίνονται,</span> <span class='ocrx_word' id='word_1_478' title='bbox 284 1642 364 1676; x_wconf 74' lang='grc' dir='ltr'>χάριν</span> <span class='ocrx_word' id='word_1_479' title='bbox 379 1641 469 1668; x_wconf 68' lang='grc' dir='ltr'>αὐτῶν</span> <span class='ocrx_word' id='word_1_480' title='bbox 485 1643 652 1676; x_wconf 83' lang='grc' dir='ltr'>γινομένοις,</span> <span class='ocrx_word' id='word_1_481' title='bbox 669 1644 715 1669; x_wconf 81' lang='grc' dir='ltr'>καὶ</span> <span class='ocrx_word' id='word_1_482' title='bbox 731 1645 759 1669; x_wconf 80' lang='grc' dir='ltr'><strong>ἐν</strong></span> <span class='ocrx_word' id='word_1_483' title='bbox 775 1644 858 1678; x_wconf 82' lang='grc' dir='ltr'>ἀγαλ-</span> 
     </span>
    </p>
   </div>
   <div class='ocr_carea' id='block_1_68' title="bbox 60 1687 859 1722">
    <p class='ocr_par' dir='ltr' id='par_1_68' title="bbox 60 1687 859 1722">
     <span class='ocr_line' id='line_1_68' title="bbox 60 1687 859 1722; baseline 0.005 -9"><span class='ocrx_word' id='word_1_484' title='bbox 60 1688 156 1714; x_wconf 82' lang='grc' dir='ltr'>λιάσει</span> <span class='ocrx_word' id='word_1_485' title='bbox 175 1687 317 1721; x_wconf 79' lang='grc' dir='ltr'>σκιρτῶσι,</span> <span class='ocrx_word' id='word_1_486' title='bbox 341 1687 453 1722; x_wconf 83' lang='grc' dir='ltr'>Χριστῷ</span> <span class='ocrx_word' id='word_1_487' title='bbox 475 1688 618 1722; x_wconf 75' lang='grc' dir='ltr'>ἐνούμενοί</span> <span class='ocrx_word' id='word_1_488' title='bbox 640 1698 668 1716; x_wconf 87' lang='grc' dir='ltr'><strong>τε</strong></span> <span class='ocrx_word' id='word_1_489' title='bbox 688 1690 735 1717; x_wconf 54' lang='grc' dir='ltr'><strong>καλ¹</strong></span> <span class='ocrx_word' id='word_1_490' title='bbox 761 1699 859 1717; x_wconf 77' lang='grc' dir='ltr'>κοινω-</span> 
     </span>
    </p>
   </div>
   <div class='ocr_carea' id='block_1_69' title="bbox 61 1728 858 1771">
    <p class='ocr_par' dir='ltr' id='par_1_69' title="bbox 61 1728 858 1771">
     <span class='ocr_line' id='line_1_69' title="bbox 61 1728 858 1771; baseline 0.003 -10"><span class='ocrx_word' id='word_1_491' title='bbox 61 1734 177 1766; x_wconf 72' lang='grc' dir='ltr'>νοῦντες</span> <span class='ocrx_word' id='word_1_492' title='bbox 203 1728 249 1761; x_wconf 74' lang='grc' dir='ltr'>δΞὰ</span> <span class='ocrx_word' id='word_1_493' title='bbox 273 1734 324 1767; x_wconf 81' lang='grc' dir='ltr'><strong>τῆς</strong></span> <span class='ocrx_word' id='word_1_494' title='bbox 342 1734 494 1769; x_wconf 81' lang='grc' dir='ltr'>ῑερωτάτης</span> <span class='ocrx_word' id='word_1_495' title='bbox 515 1735 610 1767; x_wconf 82' lang='grc' dir='ltr'>Θυσίας</span> <span class='ocrx_word' id='word_1_496' title='bbox 624 1736 729 1771; x_wconf 76' lang='grc' dir='ltr'>ταύτης</span> <span class='ocrx_word' id='word_1_497' title='bbox 749 1738 795 1762; x_wconf 74' lang='grc' dir='ltr'>καὶ</span> <span class='ocrx_word' id='word_1_498' title='bbox 809 1746 858 1763; x_wconf 89' lang='grc' dir='ltr'>κα-</span> 
     </span>
    </p>
   </div>
   <div class='ocr_carea' id='block_1_70' title="bbox 62 1781 860 1817">
    <p class='ocr_par' dir='ltr' id='par_1_70' title="bbox 62 1781 860 1817">
     <span class='ocr_line' id='line_1_70' title="bbox 62 1781 860 1817; baseline 0.003 -9"><span class='ocrx_word' id='word_1_499' title='bbox 62 1782 223 1817; x_wconf 69' lang='grc' dir='ltr'>θαρώτερον</span> <span class='ocrx_word' id='word_1_500' title='bbox 240 1781 287 1807; x_wconf 83' lang='grc' dir='ltr'>καὶ</span> <span class='ocrx_word' id='word_1_501' title='bbox 306 1781 507 1816; x_wconf 79' lang='grc' dir='ltr'>λαμπρότερον,</span> <span class='ocrx_word' id='word_1_502' title='bbox 527 1783 575 1809; x_wconf 80' lang='grc' dir='ltr'>καὶ</span> <span class='ocrx_word' id='word_1_503' title='bbox 598 1783 651 1809; x_wconf 85' lang='grc' dir='ltr'>τῶν</span> <span class='ocrx_word' id='word_1_504' title='bbox 669 1783 753 1810; x_wconf 81' lang='grc' dir='ltr'>αὑτοῦ</span> <span class='ocrx_word' id='word_1_505' title='bbox 780 1785 860 1817; x_wconf 83' lang='grc' dir='ltr'>μετέ-</span> 
     </span>
    </p>
   </div>
   <div class='ocr_carea' id='block_1_71' title="bbox 62 1826 860 1863">
    <p class='ocr_par' dir='ltr' id='par_1_71' title="bbox 62 1826 860 1863">
     <span class='ocr_line' id='line_1_71' title="bbox 62 1826 860 1863; baseline 0.003 -10"><span class='ocrx_word' id='word_1_506' title='bbox 62 1836 161 1863; x_wconf 76' lang='grc' dir='ltr'>χοντες</span> <span class='ocrx_word' id='word_1_507' title='bbox 173 1826 359 1862; x_wconf 72' lang='grc' dir='ltr'>γνησιώτερον</span> <span class='ocrx_word' id='word_1_508' title='bbox 370 1828 562 1861; x_wconf 71' lang='grc' dir='ltr'>χαρισμάτων,</span> <span class='ocrx_word' id='word_1_509' title='bbox 579 1828 650 1862; x_wconf 83' lang='grc' dir='ltr'>ὑπὲρ</span> <span class='ocrx_word' id='word_1_510' title='bbox 661 1828 740 1863; x_wconf 81' lang='grc' dir='ltr'>ἡμῶν</span> <span class='ocrx_word' id='word_1_511' title='bbox 752 1829 860 1855; x_wconf 73' lang='grc' dir='ltr'>ἱκετεύ-</span> 
     </span>
    </p>
   </div>
   <div class='ocr_carea' id='block_1_72' title="bbox 63 1873 860 1910">
    <p class='ocr_par' dir='ltr' id='par_1_72' title="bbox 63 1873 860 1910">
     <span class='ocr_line' id='line_1_72' title="bbox 63 1873 860 1910; baseline 0.003 -11"><span class='ocrx_word' id='word_1_512' title='bbox 63 1883 144 1900; x_wconf 78' lang='grc' dir='ltr'>ουσιν</span> <span class='ocrx_word' id='word_1_513' title='bbox 157 1882 164 1888; x_wconf 85' lang='grc'>·</span> <span class='ocrx_word' id='word_1_514' title='bbox 185 1874 225 1899; x_wconf 79' lang='grc' dir='ltr'>ὅτι</span> <span class='ocrx_word' id='word_1_515' title='bbox 241 1874 287 1900; x_wconf 82' lang='grc' dir='ltr'><strong>καὶ</strong></span> <span class='ocrx_word' id='word_1_516' title='bbox 301 1873 346 1900; x_wconf 70' lang='grc' dir='ltr'><strong>διὰ</strong></span> <span class='ocrx_word' id='word_1_517' title='bbox 357 1873 436 1899; x_wconf 82' lang='grc' dir='ltr'>τοῦτο</span> <span class='ocrx_word' id='word_1_518' title='bbox 452 1874 499 1909; x_wconf 79' lang='grc' dir='ltr'>τὴν</span> <span class='ocrx_word' id='word_1_519' title='bbox 517 1874 613 1901; x_wconf 77' lang='grc' dir='ltr'>θυσίαν</span> <span class='ocrx_word' id='word_1_520' title='bbox 627 1875 730 1909; x_wconf 84' lang='grc' dir='ltr'>ταύτην</span> <span class='ocrx_word' id='word_1_521' title='bbox 745 1876 860 1910; x_wconf 77' lang='grc' dir='ltr'>Χριστὸς</span> 
     </span>
    </p>
   </div>
   <div class='ocr_carea' id='block_1_73' title="bbox 64 1920 858 1956">
    <p class='ocr_par' dir='ltr' id='par_1_73' title="bbox 64 1920 858 1956">
     <span class='ocr_line' id='line_1_73' title="bbox 64 1920 858 1956; baseline 0.004 -10"><span class='ocrx_word' id='word_1_522' title='bbox 64 1920 204 1955; x_wconf 75' lang='grc' dir='ltr'>ἐνήργησε</span> <span class='ocrx_word' id='word_1_523' title='bbox 219 1929 248 1946; x_wconf 87' lang='grc' dir='ltr'><strong>τε</strong></span> <span class='ocrx_word' id='word_1_524' title='bbox 265 1921 311 1946; x_wconf 75' lang='grc' dir='ltr'>καὶ</span> <span class='ocrx_word' id='word_1_525' title='bbox 335 1920 540 1955; x_wconf 77' lang='grc' dir='ltr'>παραδέδωκεν,</span> <span class='ocrx_word' id='word_1_526' title='bbox 559 1921 598 1952; x_wconf 79' lang='grc' dir='ltr'><strong>εἰς</strong></span> <span class='ocrx_word' id='word_1_527' title='bbox 612 1921 750 1956; x_wconf 83' lang='grc' dir='ltr'>ἁγιασμδν</span> <span class='ocrx_word' id='word_1_528' title='bbox 769 1923 858 1949; x_wconf 80' lang='grc' dir='ltr'>ἁπαν-</span> 
     </span>
    </p>
   </div>
   <div class='ocr_carea' id='block_1_74' title="bbox 64 1963 861 2000">
    <p class='ocr_par' dir='ltr' id='par_1_74' title="bbox 64 1963 861 2000">
     <span class='ocr_line' id='line_1_74' title="bbox 64 1963 861 2000; baseline 0.001 -8"><span class='ocrx_word' id='word_1_529' title='bbox 64 1975 120 1992; x_wconf 84' lang='grc' dir='ltr'><strong>των</strong></span> <span class='ocrx_word' id='word_1_530' title='bbox 136 1968 184 1992; x_wconf 74' lang='grc' dir='ltr'>καὶ</span> <span class='ocrx_word' id='word_1_531' title='bbox 199 1967 350 2000; x_wconf 67' lang='grc' dir='ltr'>φωτισμὸν,</span> <span class='ocrx_word' id='word_1_532' title='bbox 369 1966 416 1992; x_wconf 81' lang='grc' dir='ltr'>καὶ</span> <span class='ocrx_word' id='word_1_533' title='bbox 440 1967 485 1992; x_wconf 84' lang='grc' dir='ltr'>ἵνα</span> <span class='ocrx_word' id='word_1_534' title='bbox 500 1967 560 2000; x_wconf 82' lang='grc' dir='ltr'>μετ’</span> <span class='ocrx_word' id='word_1_535' title='bbox 577 1967 661 1992; x_wconf 72' lang='grc' dir='ltr'>αὐτοῦ</span> <span class='ocrx_word' id='word_1_536' title='bbox 685 1966 714 1992; x_wconf 82' lang='grc' dir='ltr'>ἓν</span> <span class='ocrx_word' id='word_1_537' title='bbox 730 1963 809 1998; x_wconf 72' lang='grc' dir='ltr'>ὦσιν,</span> <span class='ocrx_word' id='word_1_538' title='bbox 823 1967 861 1998; x_wconf 79' lang='grc' dir='ltr'><strong>ὡς</strong></span> 
     </span>
    </p>
   </div>
   <div class='ocr_carea' id='block_1_75' title="bbox 65 2011 862 2048">
    <p class='ocr_par' dir='ltr' id='par_1_75' title="bbox 65 2011 862 2048">
     <span class='ocr_line' id='line_1_75' title="bbox 65 2011 862 2048; baseline 0.001 -11"><span class='ocrx_word' id='word_1_539' title='bbox 65 2011 181 2046; x_wconf 70' lang='grc' dir='ltr'>ῃῦξατο.</span> <span class='ocrx_word' id='word_1_540' title='bbox 199 2012 245 2038; x_wconf 78' lang='grc' dir='ltr'><strong>Διὸ</strong></span> <span class='ocrx_word' id='word_1_541' title='bbox 260 2013 307 2038; x_wconf 75' lang='grc' dir='ltr'>καὶ</span> <span class='ocrx_word' id='word_1_542' title='bbox 327 2012 382 2038; x_wconf 86' lang='grc' dir='ltr'>τῶν</span> <span class='ocrx_word' id='word_1_543' title='bbox 404 2012 587 2046; x_wconf 79' lang='grc' dir='ltr'>μεμνημένων</span> <span class='ocrx_word' id='word_1_544' title='bbox 703 2012 795 2039; x_wconf 70' lang='grc' dir='ltr'>αὐτῶν</span> <span class='ocrx_word' id='word_1_545' title='bbox 813 2012 862 2038; x_wconf 76' lang='grc' dir='ltr'>καὶ</span> 
     </span>
    </p>
   </div>
   <div class='ocr_carea' id='block_1_76' title="bbox 66 2057 862 2093">
    <p class='ocr_par' dir='ltr' id='par_1_76' title="bbox 66 2057 862 2093">
     <span class='ocr_line' id='line_1_76' title="bbox 66 2057 862 2093; baseline 0.004 -11"><span class='ocrx_word' id='word_1_546' title='bbox 66 2058 116 2088; x_wconf 70' lang='grc' dir='ltr'>τὰς</span> <span class='ocrx_word' id='word_1_547' title='bbox 145 2057 296 2090; x_wconf 72' lang='grc' dir='ltr'>ἱερωτάτας</span> <span class='ocrx_word' id='word_1_548' title='bbox 311 2057 508 2084; x_wconf 68' lang='grc' dir='ltr'>ἐπιτελούντων</span> <span class='ocrx_word' id='word_1_549' title='bbox 535 2059 575 2089; x_wconf 81' lang='grc' dir='ltr'>εἰς</span> <span class='ocrx_word' id='word_1_550' title='bbox 601 2059 685 2093; x_wconf 82' lang='grc' dir='ltr'>τιμὴν</span> <span class='ocrx_word' id='word_1_551' title='bbox 708 2058 799 2084; x_wconf 78' lang='grc' dir='ltr'>αὐτῶν</span> <span class='ocrx_word' id='word_1_552' title='bbox 814 2060 862 2086; x_wconf 70' lang='grc' dir='ltr'>καὶ</span> 
     </span>
    </p>
   </div>
   <div class='ocr_carea' id='block_1_77' title="bbox 68 2102 862 2139">
    <p class='ocr_par' dir='ltr' id='par_1_77' title="bbox 68 2102 862 2139">
     <span class='ocr_line' id='line_1_77' title="bbox 68 2102 862 2139; baseline 0.003 -11"><span class='ocrx_word' id='word_1_553' title='bbox 68 2104 180 2138; x_wconf 72' lang='grc' dir='ltr'>μνήμην</span> <span class='ocrx_word' id='word_1_554' title='bbox 199 2102 307 2136; x_wconf 75' lang='grc' dir='ltr'>θυσίας,</span> <span class='ocrx_word' id='word_1_555' title='bbox 322 2103 453 2137; x_wconf 66' lang='grc' dir='ltr'>διηνεκῶς</span> <span class='ocrx_word' id='word_1_556' title='bbox 472 2103 671 2138; x_wconf 71' lang='grc' dir='ltr'>ὑπερεύχοντιι</span> <span class='ocrx_word' id='word_1_557' title='bbox 687 2112 694 2119; x_wconf 93' lang='grc'><strong>·</strong></span> <span class='ocrx_word' id='word_1_558' title='bbox 721 2104 766 2130; x_wconf 71' lang='grc' dir='ltr'>καὶ</span> <span class='ocrx_word' id='word_1_559' title='bbox 783 2106 862 2139; x_wconf 79' lang='grc' dir='ltr'>μεσί-</span> 
     </span>
    </p>
   </div>
   <div class='ocr_carea' id='block_1_78' title="bbox 67 2149 861 2186">
    <p class='ocr_par' dir='ltr' id='par_1_78' title="bbox 67 2149 861 2186">
     <span class='ocr_line' id='line_1_78' title="bbox 67 2149 861 2186; baseline 0.003 -10"><span class='ocrx_word' id='word_1_560' title='bbox 67 2159 112 2176; x_wconf 87' lang='grc' dir='ltr'><strong>ται</strong></span> <span class='ocrx_word' id='word_1_561' title='bbox 137 2149 242 2176; x_wconf 76' lang='grc' dir='ltr'>τούτων</span> <span class='ocrx_word' id='word_1_562' title='bbox 267 2151 313 2176; x_wconf 68' lang='grc' dir='ltr'>καὶ</span> <span class='ocrx_word' id='word_1_563' title='bbox 338 2150 470 2185; x_wconf 80' lang='grc' dir='ltr'>πρέσὸεις</span> <span class='ocrx_word' id='word_1_564' title='bbox 491 2150 635 2184; x_wconf 77' lang='grc' dir='ltr'>γίνονται·</span> <span class='ocrx_word' id='word_1_565' title='bbox 652 2152 699 2177; x_wconf 76' lang='grc' dir='ltr'>καὶ</span> <span class='ocrx_word' id='word_1_566' title='bbox 725 2151 792 2186; x_wconf 80' lang='grc' dir='ltr'>πρὸς</span> <span class='ocrx_word' id='word_1_567' title='bbox 811 2151 861 2186; x_wconf 78' lang='grc' dir='ltr'>τὴν</span> 
     </span>
    </p>
   </div>
   <div class='ocr_carea' id='block_1_79' title="bbox 67 2196 861 2231">
    <p class='ocr_par' dir='ltr' id='par_1_79' title="bbox 67 2196 861 2231">
     <span class='ocr_line' id='line_1_79' title="bbox 67 2196 861 2231; baseline 0.001 -8"><span class='ocrx_word' id='word_1_568' title='bbox 67 2197 165 2231; x_wconf 69' lang='grc' dir='ltr'>ὁμοίαν</span> <span class='ocrx_word' id='word_1_569' title='bbox 193 2196 338 2224; x_wconf 86' lang='grc' dir='ltr'>κοινωνίαν</span> <span class='ocrx_word' id='word_1_570' title='bbox 366 2197 537 2229; x_wconf 81' lang='grc' dir='ltr'>ἐξαιτοῦνται</span> <span class='ocrx_word' id='word_1_571' title='bbox 569 2198 615 2224; x_wconf 71' lang='grc' dir='ltr'>καὶ</span> <span class='ocrx_word' id='word_1_572' title='bbox 643 2197 742 2229; x_wconf 74' lang='grc' dir='ltr'>αὐτοὺς</span> <span class='ocrx_word' id='word_1_573' title='bbox 771 2198 861 2224; x_wconf 81' lang='grc' dir='ltr'>ἐλθεῖν</span> 
     </span>
    </p>
   </div>
   <div class='ocr_carea' id='block_1_80' title="bbox 72 2243 861 2280">
    <p class='ocr_par' dir='ltr' id='par_1_80' title="bbox 72 2243 861 2280">
     <span class='ocr_line' id='line_1_80' title="bbox 72 2243 861 2280; baseline -0.001 -9"><span class='ocrx_word' id='word_1_574' title='bbox 72 2244 114 2271; x_wconf 73' lang='grc' dir='ltr'>(οὗ</span> <span class='ocrx_word' id='word_1_575' title='bbox 143 2243 273 2279; x_wconf 71' lang='grc' dir='ltr'>Χριστοῦ.</span> <span class='ocrx_word' id='word_1_576' title='bbox 292 2243 374 2270; x_wconf 85' lang='grc' dir='ltr'>Ὅθεν</span> <span class='ocrx_word' id='word_1_577' title='bbox 406 2245 453 2270; x_wconf 85' lang='grc' dir='ltr'>καὶ</span> <span class='ocrx_word' id='word_1_578' title='bbox 476 2244 531 2270; x_wconf 84' lang='grc' dir='ltr'>τῶν</span> <span class='ocrx_word' id='word_1_579' title='bbox 547 2244 670 2278; x_wconf 79' lang='grc' dir='ltr'>ἀδελφῶν</span> <span class='ocrx_word' id='word_1_580' title='bbox 694 2245 776 2280; x_wconf 83' lang='grc' dir='ltr'>ἡμῶν</span> <span class='ocrx_word' id='word_1_581' title='bbox 805 2245 861 2271; x_wconf 84' lang='grc' dir='ltr'>τῶν</span> 
     </span>
    </p>
   </div>
   <div class='ocr_carea' id='block_1_81' title="bbox 68 2291 861 2326">
    <p class='ocr_par' dir='ltr' id='par_1_81' title="bbox 68 2291 861 2326">
     <span class='ocr_line' id='line_1_81' title="bbox 68 2291 861 2326; baseline -0.001 -8"><span class='ocrx_word' id='word_1_582' title='bbox 68 2292 242 2318; x_wconf 75' lang='grc' dir='ltr'>ἀπελθόντων</span> <span class='ocrx_word' id='word_1_583' title='bbox 272 2291 484 2326; x_wconf 79' lang='grc' dir='ltr'>μνημονευτέον,</span> <span class='ocrx_word' id='word_1_584' title='bbox 512 2291 554 2317; x_wconf 79' lang='grc' dir='ltr'>ἵνα</span> <span class='ocrx_word' id='word_1_585' title='bbox 580 2291 628 2317; x_wconf 81' lang='grc' dir='ltr'>καὶ</span> <span class='ocrx_word' id='word_1_586' title='bbox 656 2291 736 2326; x_wconf 81' lang='grc' dir='ltr'>ἡμῶν</span> <span class='ocrx_word' id='word_1_587' title='bbox 770 2291 861 2326; x_wconf 76' lang='grc' dir='ltr'>ἕτεροι</span> 
     </span>
    </p>
   </div>
   <div class='ocr_carea' id='block_1_82' title="bbox 70 2337 862 2374">
    <p class='ocr_par' dir='ltr' id='par_1_82' title="bbox 70 2337 862 2374">
     <span class='ocr_line' id='line_1_82' title="bbox 70 2337 862 2374; baseline -0.001 -9"><span class='ocrx_word' id='word_1_588' title='bbox 70 2338 301 2374; x_wconf 72' lang='grc' dir='ltr'>μνημονεύπωσιι·</span> <span class='ocrx_word' id='word_1_589' title='bbox 318 2337 366 2364; x_wconf 76' lang='grc' dir='ltr'>καὶ</span> <span class='ocrx_word' id='word_1_590' title='bbox 385 2337 455 2372; x_wconf 83' lang='grc' dir='ltr'>ὑπὲρ</span> <span class='ocrx_word' id='word_1_591' title='bbox 471 2337 526 2364; x_wconf 87' lang='grc' dir='ltr'>τῶν</span> <span class='ocrx_word' id='word_1_592' title='bbox 549 2337 636 2372; x_wconf 78' lang='grc' dir='ltr'>ἁγίων</span> <span class='ocrx_word' id='word_1_593' title='bbox 662 2339 862 2373; x_wconf 81' lang='grc' dir='ltr'>προσενεκτέον</span> 
     </span>
    </p>
   </div>
   <div class='ocr_carea' id='block_1_83' title="bbox 69 2384 861 2420">
    <p class='ocr_par' dir='ltr' id='par_1_83' title="bbox 69 2384 861 2420">
     <span class='ocr_line' id='line_1_83' title="bbox 69 2384 861 2420; baseline -0.003 -8"><span class='ocrx_word' id='word_1_594' title='bbox 69 2387 119 2420; x_wconf 78' lang='grc' dir='ltr'>ὃση</span> <span class='ocrx_word' id='word_1_595' title='bbox 135 2385 261 2419; x_wconf 72' lang='grc' dir='ltr'>δύναμις,</span> <span class='ocrx_word' id='word_1_596' title='bbox 279 2385 323 2411; x_wconf 76' lang='grc' dir='ltr'>ἵνα</span> <span class='ocrx_word' id='word_1_597' title='bbox 341 2385 536 2419; x_wconf 77' lang='grc' dir='ltr'>εὐφραίνοντες</span> <span class='ocrx_word' id='word_1_598' title='bbox 563 2384 675 2415; x_wconf 81' lang='grc' dir='ltr'>τούτους</span> <span class='ocrx_word' id='word_1_599' title='bbox 692 2385 721 2411; x_wconf 81' lang='grc' dir='ltr'><strong>ἐν</strong></span> <span class='ocrx_word' id='word_1_600' title='bbox 737 2384 861 2420; x_wconf 82' lang='grc' dir='ltr'>Χριστῷ.</span> 
     </span>
    </p>
   </div>
   <div class='ocr_carea' id='block_1_84' title="bbox 70 2428 861 2468">
    <p class='ocr_par' dir='ltr' id='par_1_84' title="bbox 70 2428 861 2468">
     <span class='ocr_line' id='line_1_84' title="bbox 70 2428 861 2468; baseline -0.004 -8"><span class='ocrx_word' id='word_1_601' title='bbox 70 2434 118 2460; x_wconf 72' lang='grc' dir='ltr'>καὶ</span> <span class='ocrx_word' id='word_1_602' title='bbox 148 2433 262 2468; x_wconf 81' lang='grc' dir='ltr'>μεσίτας</span> <span class='ocrx_word' id='word_1_603' title='bbox 290 2428 523 2467; x_wconf 72' lang='grc' dir='ltr'>εὐφραινομένους</span> <span class='ocrx_word' id='word_1_604' title='bbox 543 2431 613 2467; x_wconf 82' lang='grc' dir='ltr'>πρὸς</span> <span class='ocrx_word' id='word_1_605' title='bbox 639 2432 721 2458; x_wconf 77' lang='grc' dir='ltr'>αὐτὸν</span> <span class='ocrx_word' id='word_1_606' title='bbox 743 2431 861 2466; x_wconf 76' lang='grc' dir='ltr'>ἔχωμεν,</span> 
     </span>
    </p>
   </div>
   <div class='ocr_carea' id='block_1_85' title="bbox 70 2478 460 2514">
    <p class='ocr_par' dir='ltr' id='par_1_85' title="bbox 70 2478 460 2514">
     <span class='ocr_line' id='line_1_85' title="bbox 70 2478 460 2514; baseline -0.003 -8"><span class='ocrx_word' id='word_1_607' title='bbox 70 2480 118 2506; x_wconf 70' lang='grc' dir='ltr'>καὶ</span> <span class='ocrx_word' id='word_1_608' title='bbox 138 2479 292 2514; x_wconf 83' lang='grc' dir='ltr'>σωθείημεν</span> <span class='ocrx_word' id='word_1_609' title='bbox 308 2478 344 2505; x_wconf 87' lang='grc' dir='ltr'>δι’</span> <span class='ocrx_word' id='word_1_610' title='bbox 360 2478 460 2506; x_wconf 80' lang='grc' dir='ltr'>αὐτῶν.</span> 
     </span>
    </p>
   </div>
   <div class='ocr_carea' id='block_1_86' title="bbox 107 2568 862 2605">
    <p class='ocr_par' dir='ltr' id='par_1_86' title="bbox 107 2568 862 2605">
     <span class='ocr_line' id='line_1_86' title="bbox 107 2568 862 2605; baseline -0.004 -8"><span class='ocrx_word' id='word_1_611' title='bbox 107 2569 268 2603; x_wconf 72' lang='grc' dir='ltr'>Κληρικός.</span> <span class='ocrx_word' id='word_1_612' title='bbox 288 2570 356 2596; x_wconf 83' lang='grc' dir='ltr'>Ἰδοὺ</span> <span class='ocrx_word' id='word_1_613' title='bbox 385 2570 450 2605; x_wconf 74' lang='grc' dir='ltr'>περὶ</span> <span class='ocrx_word' id='word_1_614' title='bbox 473 2569 584 2596; x_wconf 79' lang='grc' dir='ltr'>πάντων</span> <span class='ocrx_word' id='word_1_615' title='bbox 614 2569 682 2604; x_wconf 75' lang='grc' dir='ltr'>ημῖν</span> <span class='ocrx_word' id='word_1_616' title='bbox 710 2568 862 2603; x_wconf 77' lang='grc' dir='ltr'>ἐδήλωσας,</span> 
     </span>
    </p>
   </div>
   <div class='ocr_carea' id='block_1_87' title="bbox 72 2615 862 2651">
    <p class='ocr_par' dir='ltr' id='par_1_87' title="bbox 72 2615 862 2651">
     <span class='ocr_line' id='line_1_87' title="bbox 72 2615 862 2651; baseline -0.004 -8"><span class='ocrx_word' id='word_1_617' title='bbox 72 2617 222 2651; x_wconf 77' lang='grc' dir='ltr'>ἀγιὼτατε,</span> <span class='ocrx_word' id='word_1_618' title='bbox 241 2616 288 2642; x_wconf 78' lang='grc' dir='ltr'>καὶ</span> <span class='ocrx_word' id='word_1_619' title='bbox 307 2616 431 2648; x_wconf 74' lang='grc' dir='ltr'>ἐδίδαξας</span> <span class='ocrx_word' id='word_1_620' title='bbox 452 2615 588 2650; x_wconf 76' lang='grc' dir='ltr'>ἀκριϐῶς,</span> <span class='ocrx_word' id='word_1_621' title='bbox 606 2616 652 2642; x_wconf 63' lang='grc' dir='ltr'><strong>κοιλ⁵</strong></span> <span class='ocrx_word' id='word_1_622' title='bbox 676 2615 710 2641; x_wconf 77' lang='grc' dir='ltr'><strong>τὰ</strong></span> <span class='ocrx_word' id='word_1_623' title='bbox 726 2616 791 2649; x_wconf 62' lang='grc' dir='ltr'>περὶ</span> <span class='ocrx_word' id='word_1_624' title='bbox 815 2615 862 2640; x_wconf 73' lang='grc' dir='ltr'>τοῦ</span> 
     </span>
    </p>
   </div>
   <div class='ocr_carea' id='block_1_88' title="bbox 71 2660 865 2698">
    <p class='ocr_par' dir='ltr' id='par_1_88' title="bbox 71 2660 865 2698">
     <span class='ocr_line' id='line_1_88' title="bbox 71 2660 865 2698; baseline -0.001 -11"><span class='ocrx_word' id='word_1_625' title='bbox 71 2662 165 2692; x_wconf 76' lang='grc' dir='ltr'>τέλους</span> <span class='ocrx_word' id='word_1_626' title='bbox 183 2660 262 2695; x_wconf 80' lang='grc' dir='ltr'>ἡμῶν</span> <span class='ocrx_word' id='word_1_627' title='bbox 284 2660 429 2698; x_wconf 73' lang='grc' dir='ltr'>ἐξέθηκας,</span> <span class='ocrx_word' id='word_1_628' title='bbox 449 2661 497 2686; x_wconf 79' lang='grc' dir='ltr'><strong>καὶ</strong></span> <span class='ocrx_word' id='word_1_629' title='bbox 519 2661 570 2686; x_wconf 76' lang='grc' dir='ltr'><strong>ὅσα</strong></span> <span class='ocrx_word' id='word_1_630' title='bbox 585 2661 651 2695; x_wconf 71' lang='grc' dir='ltr'>ἡμῖν</span> <span class='ocrx_word' id='word_1_631' title='bbox 672 2660 800 2695; x_wconf 81' lang='grc' dir='ltr'>λυσιτελῆ</span> <span class='ocrx_word' id='word_1_632' title='bbox 816 2660 865 2686; x_wconf 84' lang='grc' dir='ltr'>καὶ</span> 
     </span>
    </p>
   </div>
   <div class='ocr_carea' id='block_1_89' title="bbox 73 2707 864 2742">
    <p class='ocr_par' dir='ltr' id='par_1_89' title="bbox 73 2707 864 2742">
     <span class='ocr_line' id='line_1_89' title="bbox 73 2707 864 2742; baseline -0.003 -8"><span class='ocrx_word' id='word_1_633' title='bbox 73 2709 196 2742; x_wconf 79' lang='grc' dir='ltr'>σωτήριοι</span> <span class='ocrx_word' id='word_1_634' title='bbox 210 2707 324 2740; x_wconf 66' lang='grc' dir='ltr'>ἔδειξας,</span> <span class='ocrx_word' id='word_1_635' title='bbox 338 2708 386 2733; x_wconf 70' lang='grc' dir='ltr'><strong>καὶ</strong></span> <span class='ocrx_word' id='word_1_636' title='bbox 406 2707 436 2733; x_wconf 74' lang='grc' dir='ltr'>τὸ</span> <span class='ocrx_word' id='word_1_637' title='bbox 458 2707 506 2742; x_wconf 84' lang='grc' dir='ltr'><strong>τῆς</strong></span> <span class='ocrx_word' id='word_1_638' title='bbox 522 2707 644 2737; x_wconf 79' lang='grc' dir='ltr'>πίστεως</span> <span class='ocrx_word' id='word_1_639' title='bbox 659 2707 739 2741; x_wconf 78' lang='grc' dir='ltr'>ὀρθὸν</span> <span class='ocrx_word' id='word_1_640' title='bbox 757 2707 864 2741; x_wconf 83' lang='grc' dir='ltr'>διετρά-</span> 
     </span>
    </p>
   </div>
   <div class='ocr_carea' id='block_1_90' title="bbox 73 2752 865 2788">
    <p class='ocr_par' dir='ltr' id='par_1_90' title="bbox 73 2752 865 2788">
     <span class='ocr_line' id='line_1_90' title="bbox 73 2752 865 2788; baseline 0 -8"><span class='ocrx_word' id='word_1_641' title='bbox 73 2762 172 2785; x_wconf 78' lang='grc' dir='ltr'>νωσας.</span> <span class='ocrx_word' id='word_1_642' title='bbox 191 2753 223 2780; x_wconf 85' lang='grc' dir='ltr'>Τί</span> <span class='ocrx_word' id='word_1_643' title='bbox 241 2752 288 2780; x_wconf 81' lang='grc' dir='ltr'>οὖν</span> <span class='ocrx_word' id='word_1_644' title='bbox 304 2754 535 2788; x_wconf 61' lang='grc' dir='ltr'>ἀνταποδώσομέν</span> <span class='ocrx_word' id='word_1_645' title='bbox 558 2762 600 2779; x_wconf 79' lang='grc' dir='ltr'><strong>σοι</strong></span> <span class='ocrx_word' id='word_1_646' title='bbox 624 2753 705 2780; x_wconf 71' lang='grc' dir='ltr'>ἕνεκα</span> <span class='ocrx_word' id='word_1_647' title='bbox 723 2754 773 2787; x_wconf 76' lang='grc' dir='ltr'><strong>τῆς</strong></span> <span class='ocrx_word' id='word_1_648' title='bbox 795 2754 865 2788; x_wconf 77' lang='grc' dir='ltr'><strong>ἀγά-</strong></span> 
     </span>
    </p>
   </div>
   <div class='ocr_carea' id='block_1_91' title="bbox 72 2788 866 2836">
    <p class='ocr_par' dir='ltr' id='par_1_91' title="bbox 72 2788 866 2836">
     <span class='ocr_line' id='line_1_91' title="bbox 72 2788 866 2836; baseline -0.003 -9"><span class='ocrx_word' id='word_1_649' title='bbox 72 2809 144 2834; x_wconf 82' lang='grc' dir='ltr'>πης;</span> <span class='ocrx_word' id='word_1_650' title='bbox 161 2800 251 2836; x_wconf 76' lang='grc' dir='ltr'>Χάριν</span> <span class='ocrx_word' id='word_1_651' title='bbox 272 2801 353 2835; x_wconf 86' lang='grc' dir='ltr'>μόνον</span> <span class='ocrx_word' id='word_1_652' title='bbox 371 2800 560 2836; x_wconf 76' lang='grc' dir='ltr'>ὁμολογοῦμεν</span> <span class='ocrx_word' id='word_1_653' title='bbox 575 2800 614 2835; x_wconf 80' lang='grc' dir='ltr'>τῷ</span> <span class='ocrx_word' id='word_1_654' title='bbox 631 2801 660 2826; x_wconf 82' lang='grc' dir='ltr'><strong>ἐν</strong></span> <span class='ocrx_word' id='word_1_655' title='bbox 674 2788 772 2835; x_wconf 48' lang='grc' dir='ltr'>Τριάδλ</span> <span class='ocrx_word' id='word_1_656' title='bbox 791 2801 866 2835; x_wconf 79' lang='grc' dir='ltr'>μόνῳ</span> 
     </span>
    </p>
   </div>
   <div class='ocr_carea' id='block_1_92' title="bbox 72 2846 863 2884">
    <p class='ocr_par' dir='ltr' id='par_1_92' title="bbox 72 2846 863 2884">
     <span class='ocr_line' id='line_1_92' title="bbox 72 2846 863 2884; baseline -0.003 -10"><span class='ocrx_word' id='word_1_657' title='bbox 72 2847 140 2882; x_wconf 80' lang='grc' dir='ltr'>Θεῷ,</span> <span class='ocrx_word' id='word_1_658' title='bbox 155 2846 194 2883; x_wconf 83' lang='grc' dir='ltr'>τῷ</span> <span class='ocrx_word' id='word_1_659' title='bbox 206 2848 253 2874; x_wconf 75' lang='grc' dir='ltr'>καὶ</span> <span class='ocrx_word' id='word_1_660' title='bbox 268 2848 343 2884; x_wconf 69' lang='grc' dir='ltr'><strong>ἡμᾶς</strong></span> <span class='ocrx_word' id='word_1_661' title='bbox 358 2847 408 2883; x_wconf 73' lang='grc' dir='ltr'>μὲν</span> <span class='ocrx_word' id='word_1_662' title='bbox 425 2847 494 2884; x_wconf 71' lang='grc' dir='ltr'>πρὸς</span> <span class='ocrx_word' id='word_1_663' title='bbox 508 2847 538 2874; x_wconf 63' lang='grc' dir='ltr'><strong>τὺ</strong></span> <span class='ocrx_word' id='word_1_664' title='bbox 553 2847 693 2882; x_wconf 79' lang='grc' dir='ltr'>ἐρωτῆσαι</span> <span class='ocrx_word' id='word_1_665' title='bbox 709 2847 863 2882; x_wconf 66' lang='grc' dir='ltr'>κινήσαντι,</span> 
     </span>
    </p>
   </div>
   <div class='ocr_carea' id='block_1_93' title="bbox 912 1599 1704 1633">
    <p class='ocr_par' dir='ltr' id='par_1_93' title="bbox 912 1599 1704 1633">
     <span class='ocr_line' id='line_1_93' title="bbox 912 1599 1704 1633; baseline -0.006 -4"><span class='ocrx_word' id='word_1_666' title='bbox 912 1602 1009 1629; x_wconf 63' lang='lat' dir='ltr'><strong>anima:</strong></span> <span class='ocrx_word' id='word_1_667' title='bbox 1024 1601 1172 1627; x_wconf 78' lang='lat' dir='ltr'><strong>maximum</strong></span> <span class='ocrx_word' id='word_1_668' title='bbox 1187 1600 1213 1626; x_wconf 92' lang='lat' dir='ltr'><strong>in</strong></span> <span class='ocrx_word' id='word_1_669' title='bbox 1231 1599 1342 1626; x_wconf 90' lang='lat' dir='ltr'><strong>modum</strong></span> <span class='ocrx_word' id='word_1_670' title='bbox 1359 1599 1473 1633; x_wconf 74' lang='lat' dir='ltr'><strong>iis,qua2</strong></span> <span class='ocrx_word' id='word_1_671' title='bbox 1485 1607 1533 1633; x_wconf 91' lang='lat' dir='ltr'><strong>pro</strong></span> <span class='ocrx_word' id='word_1_672' title='bbox 1548 1599 1613 1633; x_wconf 56' lang='lat' dir='ltr'><strong>ipsis</strong></span> <span class='ocrx_word' id='word_1_673' title='bbox 1625 1599 1704 1632; x_wconf 78' lang='lat' dir='ltr'><strong>fiunt,</strong></span> 
     </span>
    </p>
   </div>
   <div class='ocr_carea' id='block_1_94' title="bbox 909 1645 1707 1681">
    <p class='ocr_par' dir='ltr' id='par_1_94' title="bbox 909 1645 1707 1681">
     <span class='ocr_line' id='line_1_94' title="bbox 909 1645 1707 1681; baseline -0.003 -7"><span class='ocrx_word' id='word_1_674' title='bbox 909 1649 1091 1680; x_wconf 84' lang='lat' dir='ltr'><strong>delectantur,</strong></span> <span class='ocrx_word' id='word_1_675' title='bbox 1110 1651 1137 1673; x_wconf 87' lang='lat' dir='ltr'><strong>et</strong></span> <span class='ocrx_word' id='word_1_676' title='bbox 1158 1653 1220 1673; x_wconf 89' lang='lat' dir='ltr'><strong>cum</strong></span> <span class='ocrx_word' id='word_1_677' title='bbox 1236 1645 1337 1681; x_wconf 79' lang='lat' dir='ltr'><strong>gaudio</strong></span> <span class='ocrx_word' id='word_1_678' title='bbox 1351 1645 1501 1679; x_wconf 77' lang='lat' dir='ltr'><strong>exsultant,</strong></span> <span class='ocrx_word' id='word_1_679' title='bbox 1517 1645 1627 1673; x_wconf 80' lang='lat' dir='ltr'><strong>Christo</strong></span> <span class='ocrx_word' id='word_1_680' title='bbox 1645 1653 1707 1672; x_wconf 75' lang='lat' dir='ltr'><strong>Sese</strong></span> 
     </span>
    </p>
   </div>
   <div class='ocr_carea' id='block_1_95' title="bbox 911 1692 1703 1726">
    <p class='ocr_par' dir='ltr' id='par_1_95' title="bbox 911 1692 1703 1726">
     <span class='ocr_line' id='line_1_95' title="bbox 911 1692 1703 1726; baseline -0.005 -4"><span class='ocrx_word' id='word_1_681' title='bbox 911 1695 1048 1724; x_wconf 79' lang='lat' dir='ltr'><strong>unientcs,</strong></span> <span class='ocrx_word' id='word_1_682' title='bbox 1074 1698 1101 1720; x_wconf 89' lang='lat' dir='ltr'><strong>et</strong></span> <span class='ocrx_word' id='word_1_683' title='bbox 1128 1693 1365 1719; x_wconf 84' lang='lat' dir='ltr'><strong>communicantes</strong></span> <span class='ocrx_word' id='word_1_684' title='bbox 1402 1699 1450 1726; x_wconf 83' lang='lat' dir='ltr'><strong>per</strong></span> <span class='ocrx_word' id='word_1_685' title='bbox 1480 1692 1703 1719; x_wconf 83' lang='lat' dir='ltr'><strong>sacratissimum</strong></span> 
     </span>
    </p>
   </div>
   <div class='ocr_carea' id='block_1_96' title="bbox 914 1737 1707 1774">
    <p class='ocr_par' dir='ltr' id='par_1_96' title="bbox 914 1737 1707 1774">
     <span class='ocr_line' id='line_1_96' title="bbox 914 1737 1707 1774; baseline -0.006 -6"><span class='ocrx_word' id='word_1_686' title='bbox 914 1742 966 1768; x_wconf 85' lang='lat' dir='ltr'><strong>hoc</strong></span> <span class='ocrx_word' id='word_1_687' title='bbox 995 1740 1161 1769; x_wconf 81' lang='lat' dir='ltr'><strong>sacriﬁcium</strong></span> <span class='ocrx_word' id='word_1_688' title='bbox 1190 1739 1287 1774; x_wconf 79' lang='lat' dir='ltr'><strong>purius</strong></span> <span class='ocrx_word' id='word_1_689' title='bbox 1314 1746 1346 1765; x_wconf 85' lang='lat' dir='ltr'><strong>ac</strong></span> <span class='ocrx_word' id='word_1_690' title='bbox 1373 1737 1557 1772; x_wconf 72' lang='lat' dir='ltr'><strong>splendidius,</strong></span> <span class='ocrx_word' id='word_1_691' title='bbox 1586 1742 1612 1764; x_wconf 89' lang='lat' dir='ltr'><strong>et</strong></span> <span class='ocrx_word' id='word_1_692' title='bbox 1634 1737 1707 1764; x_wconf 84' lang='lat' dir='ltr'><strong>illius</strong></span> 
     </span>
    </p>
   </div>
   <div class='ocr_carea' id='block_1_97' title="bbox 914 1782 1707 1821">
    <p class='ocr_par' dir='ltr' id='par_1_97' title="bbox 914 1782 1707 1821">
     <span class='ocr_line' id='line_1_97' title="bbox 914 1782 1707 1821; baseline -0.003 -9"><span class='ocrx_word' id='word_1_693' title='bbox 914 1793 1028 1813; x_wconf 87' lang='lat' dir='ltr'><strong>munera</strong></span> <span class='ocrx_word' id='word_1_694' title='bbox 1049 1785 1202 1821; x_wconf 86' lang='lat' dir='ltr'><strong>perfectius</strong></span> <span class='ocrx_word' id='word_1_695' title='bbox 1219 1784 1427 1820; x_wconf 86' lang='lat' dir='ltr'><strong>participantes,</strong></span> <span class='ocrx_word' id='word_1_696' title='bbox 1453 1790 1502 1818; x_wconf 88' lang='lat' dir='ltr'><strong>pro</strong></span> <span class='ocrx_word' id='word_1_697' title='bbox 1519 1782 1597 1810; x_wconf 80' lang='lat' dir='ltr'><strong>nobis</strong></span> <span class='ocrx_word' id='word_1_698' title='bbox 1613 1791 1707 1817; x_wconf 76' lang='lat' dir='ltr'><strong>preces</strong></span> 
     </span>
    </p>
   </div>
   <div class='ocr_carea' id='block_1_98' title="bbox 912 1829 1708 1864">
    <p class='ocr_par' dir='ltr' id='par_1_98' title="bbox 912 1829 1708 1864">
     <span class='ocr_line' id='line_1_98' title="bbox 912 1829 1708 1864; baseline -0.004 -6"><span class='ocrx_word' id='word_1_699' title='bbox 912 1831 1042 1858; x_wconf 79' lang='lat' dir='ltr'><strong>fundunt.</strong></span> <span class='ocrx_word' id='word_1_700' title='bbox 1071 1831 1147 1864; x_wconf 87' lang='lat' dir='ltr'><strong>Quod</strong></span> <span class='ocrx_word' id='word_1_701' title='bbox 1174 1830 1209 1857; x_wconf 88' lang='lat' dir='ltr'><strong>ob</strong></span> <span class='ocrx_word' id='word_1_702' title='bbox 1234 1838 1295 1857; x_wconf 81' lang='lat' dir='ltr'><strong>eam</strong></span> <span class='ocrx_word' id='word_1_703' title='bbox 1322 1837 1433 1857; x_wconf 81' lang='lat' dir='ltr'><strong>causam</strong></span> <span class='ocrx_word' id='word_1_704' title='bbox 1461 1830 1626 1857; x_wconf 85' lang='lat' dir='ltr'><strong>sacriﬁcium</strong></span> <span class='ocrx_word' id='word_1_705' title='bbox 1656 1829 1708 1856; x_wconf 82' lang='lat' dir='ltr'><strong>hoc</strong></span> 
     </span>
    </p>
   </div>
   <div class='ocr_carea' id='block_1_99' title="bbox 912 1876 1706 1911">
    <p class='ocr_par' dir='ltr' id='par_1_99' title="bbox 912 1876 1706 1911">
     <span class='ocr_line' id='line_1_99' title="bbox 912 1876 1706 1911; baseline -0.003 -7"><span class='ocrx_word' id='word_1_706' title='bbox 912 1878 1040 1904; x_wconf 79' lang='lat' dir='ltr'><strong>Christus</strong></span> <span class='ocrx_word' id='word_1_707' title='bbox 1054 1881 1183 1911; x_wconf 86' lang='lat' dir='ltr'><strong>operatus</strong></span> <span class='ocrx_word' id='word_1_708' title='bbox 1199 1881 1251 1908; x_wconf 83' lang='lat' dir='ltr'><strong>est,</strong></span> <span class='ocrx_word' id='word_1_709' title='bbox 1275 1881 1303 1902; x_wconf 83' lang='lat' dir='ltr'><strong>et</strong></span> <span class='ocrx_word' id='word_1_710' title='bbox 1327 1876 1440 1902; x_wconf 88' lang='lat' dir='ltr'><strong>tradidit</strong></span> <span class='ocrx_word' id='word_1_711' title='bbox 1458 1876 1484 1902; x_wconf 91' lang='lat' dir='ltr'><strong>in</strong></span> <span class='ocrx_word' id='word_1_712' title='bbox 1506 1876 1706 1902; x_wconf 81' lang='lat' dir='ltr'><strong>sanctiﬁcatio-</strong></span> 
     </span>
    </p>
   </div>
   <div class='ocr_carea' id='block_1_100' title="bbox 912 1922 1709 1956">
    <p class='ocr_par' dir='ltr' id='par_1_100' title="bbox 912 1922 1709 1956">
     <span class='ocr_line' id='line_1_100' title="bbox 912 1922 1709 1956; baseline -0.004 -4"><span class='ocrx_word' id='word_1_713' title='bbox 912 1933 974 1952; x_wconf 85' lang='lat' dir='ltr'><strong>nem</strong></span> <span class='ocrx_word' id='word_1_714' title='bbox 995 1924 1128 1956; x_wconf 80' lang='lat' dir='ltr'><strong>onittium,</strong></span> <span class='ocrx_word' id='word_1_715' title='bbox 1147 1927 1174 1949; x_wconf 87' lang='lat' dir='ltr'><strong>et</strong></span> <span class='ocrx_word' id='word_1_716' title='bbox 1199 1922 1446 1954; x_wconf 85' lang='lat' dir='ltr'><strong>illuminationem,</strong></span> <span class='ocrx_word' id='word_1_717' title='bbox 1478 1926 1506 1948; x_wconf 85' lang='lat' dir='ltr'><strong>et</strong></span> <span class='ocrx_word' id='word_1_718' title='bbox 1531 1927 1560 1948; x_wconf 91' lang='lat' dir='ltr'><strong>ut</strong></span> <span class='ocrx_word' id='word_1_719' title='bbox 1585 1929 1646 1949; x_wconf 92' lang='lat' dir='ltr'><strong>cum</strong></span> <span class='ocrx_word' id='word_1_720' title='bbox 1674 1930 1709 1949; x_wconf 80' lang='lat' dir='ltr'><strong>eo</strong></span> 
     </span>
    </p>
   </div>
   <div class='ocr_carea' id='block_1_101' title="bbox 913 1968 1709 2003">
    <p class='ocr_par' dir='ltr' id='par_1_101' title="bbox 913 1968 1709 2003">
     <span class='ocr_line' id='line_1_101' title="bbox 913 1968 1709 2003; baseline -0.005 -5"><span class='ocrx_word' id='word_1_721' title='bbox 913 1979 998 1998; x_wconf 88' lang='lat' dir='ltr'><strong>unum</strong></span> <span class='ocrx_word' id='word_1_722' title='bbox 1016 1975 1120 2002; x_wconf 78' lang='lat' dir='ltr'><strong>essent,</strong></span> <span class='ocrx_word' id='word_1_723' title='bbox 1147 1968 1379 2003; x_wconf 86' lang='lat' dir='ltr'><strong>quemadmodum</strong></span> <span class='ocrx_word' id='word_1_724' title='bbox 1407 1973 1532 2002; x_wconf 80' lang='lat' dir='ltr'><strong>precatus</strong></span> <span class='ocrx_word' id='word_1_725' title='bbox 1558 1973 1609 1995; x_wconf 82' lang='lat' dir='ltr'><strong>est.</strong></span> <span class='ocrx_word' id='word_1_726' title='bbox 1635 1968 1709 2001; x_wconf 84' lang='lat' dir='ltr'><strong>Qua-</strong></span> 
     </span>
    </p>
   </div>
   <div class='ocr_carea' id='block_1_102' title="bbox 913 2013 1710 2053">
    <p class='ocr_par' dir='ltr' id='par_1_102' title="bbox 913 2013 1710 2053">
     <span class='ocr_line' id='line_1_102' title="bbox 913 2013 1710 2053; baseline -0.003 -10"><span class='ocrx_word' id='word_1_727' title='bbox 913 2023 1024 2053; x_wconf 84' lang='lat' dir='ltr'><strong>propter</strong></span> <span class='ocrx_word' id='word_1_728' title='bbox 1044 2024 1094 2051; x_wconf 84' lang='lat' dir='ltr'><strong>pro</strong></span> <span class='ocrx_word' id='word_1_729' title='bbox 1119 2015 1154 2042; x_wconf 87' lang='lat' dir='ltr'><strong>iis</strong></span> <span class='ocrx_word' id='word_1_730' title='bbox 1177 2015 1223 2049; x_wconf 88' lang='lat' dir='ltr'><strong>qui</strong></span> <span class='ocrx_word' id='word_1_731' title='bbox 1237 2021 1332 2041; x_wconf 90' lang='lat' dir='ltr'><strong>eorum</strong></span> <span class='ocrx_word' id='word_1_732' title='bbox 1359 2013 1546 2045; x_wconf 88' lang='lat' dir='ltr'><strong>recordantur,</strong></span> <span class='ocrx_word' id='word_1_733' title='bbox 1561 2018 1588 2040; x_wconf 85' lang='lat' dir='ltr'><strong>et</strong></span> <span class='ocrx_word' id='word_1_734' title='bbox 1615 2021 1710 2041; x_wconf 84' lang='lat' dir='ltr'><strong>sacro-</strong></span> 
     </span>
    </p>
   </div>
   <div class='ocr_carea' id='block_1_103' title="bbox 913 2059 1707 2093">
    <p class='ocr_par' dir='ltr' id='par_1_103' title="bbox 913 2059 1707 2093">
     <span class='ocr_line' id='line_1_103' title="bbox 913 2059 1707 2093; baseline -0.006 -2"><span class='ocrx_word' id='word_1_735' title='bbox 913 2068 1008 2091; x_wconf 80' lang='lat' dir='ltr'><strong>sancta</strong></span> <span class='ocrx_word' id='word_1_736' title='bbox 1029 2061 1176 2093; x_wconf 86' lang='lat' dir='ltr'><strong>sacriﬁcia,</strong></span> <span class='ocrx_word' id='word_1_737' title='bbox 1188 2066 1214 2088; x_wconf 86' lang='lat' dir='ltr'><strong>et</strong></span> <span class='ocrx_word' id='word_1_738' title='bbox 1231 2059 1393 2088; x_wconf 79' lang='lat' dir='ltr'><strong>memoriam</strong></span> <span class='ocrx_word' id='word_1_739' title='bbox 1409 2060 1436 2086; x_wconf 93' lang='lat' dir='ltr'><strong>in</strong></span> <span class='ocrx_word' id='word_1_740' title='bbox 1455 2067 1548 2086; x_wconf 86' lang='lat' dir='ltr'><strong>eorum</strong></span> <span class='ocrx_word' id='word_1_741' title='bbox 1575 2059 1707 2086; x_wconf 86' lang='lat' dir='ltr'><strong>honorem</strong></span> 
     </span>
    </p>
   </div>
   <div class='ocr_carea' id='block_1_104' title="bbox 913 2106 1709 2146">
    <p class='ocr_par' dir='ltr' id='par_1_104' title="bbox 913 2106 1709 2146">
     <span class='ocr_line' id='line_1_104' title="bbox 913 2106 1709 2146; baseline -0.005 -10"><span class='ocrx_word' id='word_1_742' title='bbox 913 2114 1059 2146; x_wconf 77' lang='lat' dir='ltr'><strong>peragunt,</strong></span> <span class='ocrx_word' id='word_1_743' title='bbox 1078 2108 1210 2136; x_wconf 90' lang='lat' dir='ltr'><strong>continuo</strong></span> <span class='ocrx_word' id='word_1_744' title='bbox 1231 2107 1399 2143; x_wconf 88' lang='lat' dir='ltr'><strong>supplicant,</strong></span> <span class='ocrx_word' id='word_1_745' title='bbox 1423 2111 1451 2133; x_wconf 84' lang='lat' dir='ltr'><strong>et</strong></span> <span class='ocrx_word' id='word_1_746' title='bbox 1468 2106 1635 2134; x_wconf 84' lang='lat' dir='ltr'><strong>mediatores</strong></span> <span class='ocrx_word' id='word_1_747' title='bbox 1661 2113 1709 2133; x_wconf 88' lang='lat' dir='ltr'><strong>eo-</strong></span> 
     </span>
    </p>
   </div>
   <div class='ocr_carea' id='block_1_105' title="bbox 915 2153 1708 2188">
    <p class='ocr_par' dir='ltr' id='par_1_105' title="bbox 915 2153 1708 2188">
     <span class='ocr_line' id='line_1_105' title="bbox 915 2153 1708 2188; baseline -0.005 -4"><span class='ocrx_word' id='word_1_748' title='bbox 915 2165 975 2185; x_wconf 89' lang='lat' dir='ltr'><strong>rum</strong></span> <span class='ocrx_word' id='word_1_749' title='bbox 996 2161 1023 2184; x_wconf 85' lang='lat' dir='ltr'><strong>et</strong></span> <span class='ocrx_word' id='word_1_750' title='bbox 1038 2161 1161 2183; x_wconf 85' lang='lat' dir='ltr'><strong>oratores</strong></span> <span class='ocrx_word' id='word_1_751' title='bbox 1178 2156 1258 2188; x_wconf 86' lang='lat' dir='ltr'><strong>liunt,</strong></span> <span class='ocrx_word' id='word_1_752' title='bbox 1279 2160 1318 2186; x_wconf 85' lang='lat' dir='ltr'><strong>et,</strong></span> <span class='ocrx_word' id='word_1_753' title='bbox 1341 2158 1370 2181; x_wconf 92' lang='lat' dir='ltr'><strong>ut</strong></span> <span class='ocrx_word' id='word_1_754' title='bbox 1394 2154 1427 2181; x_wconf 88' lang='lat' dir='ltr'><strong>ad</strong></span> <span class='ocrx_word' id='word_1_755' title='bbox 1445 2153 1563 2181; x_wconf 86' lang='lat' dir='ltr'><strong>similem</strong></span> <span class='ocrx_word' id='word_1_756' title='bbox 1581 2161 1708 2180; x_wconf 81' lang='lat' dir='ltr'><strong>comnm-</strong></span> 
     </span>
    </p>
   </div>
   <div class='ocr_carea' id='block_1_106' title="bbox 915 2201 1709 2236">
    <p class='ocr_par' dir='ltr' id='par_1_106' title="bbox 915 2201 1709 2236">
     <span class='ocr_line' id='line_1_106' title="bbox 915 2201 1709 2236; baseline -0.006 -5"><span class='ocrx_word' id='word_1_757' title='bbox 915 2205 1027 2232; x_wconf 88' lang='lat' dir='ltr'><strong>niouem</strong></span> <span class='ocrx_word' id='word_1_758' title='bbox 1051 2202 1155 2230; x_wconf 86' lang='lat' dir='ltr'><strong>Christi</strong></span> <span class='ocrx_word' id='word_1_759' title='bbox 1174 2201 1285 2229; x_wconf 81' lang='lat' dir='ltr'><strong>insimul</strong></span> <span class='ocrx_word' id='word_1_760' title='bbox 1301 2206 1327 2228; x_wconf 89' lang='lat' dir='ltr'><strong>et</strong></span> <span class='ocrx_word' id='word_1_761' title='bbox 1352 2201 1406 2236; x_wconf 90' lang='lat' dir='ltr'><strong>ipsi</strong></span> <span class='ocrx_word' id='word_1_762' title='bbox 1431 2201 1554 2233; x_wconf 86' lang='lat' dir='ltr'><strong>veniant,</strong></span> <span class='ocrx_word' id='word_1_763' title='bbox 1581 2205 1709 2227; x_wconf 62' lang='lat' dir='ltr'><strong>exorant.</strong></span> 
     </span>
    </p>
   </div>
   <div class='ocr_carea' id='block_1_107' title="bbox 916 2249 1711 2284">
    <p class='ocr_par' dir='ltr' id='par_1_107' title="bbox 916 2249 1711 2284">
     <span class='ocr_line' id='line_1_107' title="bbox 916 2249 1711 2284; baseline -0.008 -7"><span class='ocrx_word' id='word_1_764' title='bbox 916 2251 1006 2284; x_wconf 84' lang='lat' dir='ltr'><strong>Quare</strong></span> <span class='ocrx_word' id='word_1_765' title='bbox 1022 2255 1049 2276; x_wconf 91' lang='lat' dir='ltr'><strong>et</strong></span> <span class='ocrx_word' id='word_1_766' title='bbox 1068 2249 1182 2276; x_wconf 85' lang='lat' dir='ltr'><strong>fratrum</strong></span> <span class='ocrx_word' id='word_1_767' title='bbox 1207 2253 1366 2275; x_wconf 87' lang='lat' dir='ltr'><strong>nostrorum</strong></span> <span class='ocrx_word' id='word_1_768' title='bbox 1390 2251 1562 2274; x_wconf 90' lang='lat' dir='ltr'><strong>mortuorum</strong></span> <span class='ocrx_word' id='word_1_769' title='bbox 1588 2254 1711 2273; x_wconf 82' lang='lat' dir='ltr'><strong>comme-</strong></span> 
     </span>
    </p>
   </div>
   <div class='ocr_carea' id='block_1_108' title="bbox 917 2292 1711 2326">
    <p class='ocr_par' dir='ltr' id='par_1_108' title="bbox 917 2292 1711 2326">
     <span class='ocr_line' id='line_1_108' title="bbox 917 2292 1711 2326; baseline -0.008 -2"><span class='ocrx_word' id='word_1_770' title='bbox 917 2296 1035 2324; x_wconf 83' lang='lat' dir='ltr'><strong>moratio</strong></span> <span class='ocrx_word' id='word_1_771' title='bbox 1047 2295 1209 2322; x_wconf 84' lang='lat' dir='ltr'><strong>inculcanda</strong></span> <span class='ocrx_word' id='word_1_772' title='bbox 1221 2298 1274 2326; x_wconf 88' lang='lat' dir='ltr'><strong>est,</strong></span> <span class='ocrx_word' id='word_1_773' title='bbox 1292 2298 1321 2320; x_wconf 94' lang='lat' dir='ltr'><strong>ut</strong></span> <span class='ocrx_word' id='word_1_774' title='bbox 1336 2298 1363 2321; x_wconf 92' lang='lat' dir='ltr'><strong>et</strong></span> <span class='ocrx_word' id='word_1_775' title='bbox 1378 2298 1500 2320; x_wconf 85' lang='lat' dir='ltr'><strong>nostrum</strong></span> <span class='ocrx_word' id='word_1_776' title='bbox 1521 2292 1565 2318; x_wconf 88' lang='lat' dir='ltr'><strong>alii</strong></span> <span class='ocrx_word' id='word_1_777' title='bbox 1590 2299 1711 2319; x_wconf 87' lang='lat' dir='ltr'><strong>comme-</strong></span> 
     </span>
    </p>
   </div>
   <div class='ocr_carea' id='block_1_109' title="bbox 919 2338 1712 2372">
    <p class='ocr_par' dir='ltr' id='par_1_109' title="bbox 919 2338 1712 2372">
     <span class='ocr_line' id='line_1_109' title="bbox 919 2338 1712 2372; baseline -0.008 -2"><span class='ocrx_word' id='word_1_778' title='bbox 919 2342 1100 2370; x_wconf 76' lang='lat' dir='ltr'><strong>morationem</strong></span> <span class='ocrx_word' id='word_1_779' title='bbox 1117 2341 1230 2372; x_wconf 74' lang='lat' dir='ltr'><strong>faciant,</strong></span> <span class='ocrx_word' id='word_1_780' title='bbox 1243 2345 1272 2367; x_wconf 88' lang='lat' dir='ltr'><strong>et</strong></span> <span class='ocrx_word' id='word_1_781' title='bbox 1285 2339 1423 2367; x_wconf 72' lang='lat' dir='ltr'><strong>oll‘ercuda</strong></span> <span class='ocrx_word' id='word_1_782' title='bbox 1442 2343 1507 2366; x_wconf 88' lang='lat' dir='ltr'><strong>sunt</strong></span> <span class='ocrx_word' id='word_1_783' title='bbox 1532 2345 1582 2372; x_wconf 88' lang='lat' dir='ltr'><strong>pro</strong></span> <span class='ocrx_word' id='word_1_784' title='bbox 1608 2338 1712 2364; x_wconf 83' lang='lat' dir='ltr'><strong>sanctis</strong></span> 
     </span>
    </p>
   </div>
   <div class='ocr_carea' id='block_1_110' title="bbox 918 2385 1710 2422">
    <p class='ocr_par' dir='ltr' id='par_1_110' title="bbox 918 2385 1710 2422">
     <span class='ocr_line' id='line_1_110' title="bbox 918 2385 1710 2422; baseline -0.009 -5"><span class='ocrx_word' id='word_1_785' title='bbox 918 2387 1054 2417; x_wconf 86' lang='lat' dir='ltr'><strong>sacriﬁcia</strong></span> <span class='ocrx_word' id='word_1_786' title='bbox 1070 2395 1118 2422; x_wconf 89' lang='lat' dir='ltr'><strong>pro</strong></span> <span class='ocrx_word' id='word_1_787' title='bbox 1134 2394 1217 2422; x_wconf 83' lang='lat' dir='ltr'><strong>posse</strong></span> <span class='ocrx_word' id='word_1_788' title='bbox 1236 2390 1343 2417; x_wconf 88' lang='lat' dir='ltr'><strong>nostro,</strong></span> <span class='ocrx_word' id='word_1_789' title='bbox 1361 2392 1389 2412; x_wconf 90' lang='lat' dir='ltr'><strong>ut</strong></span> <span class='ocrx_word' id='word_1_790' title='bbox 1418 2392 1465 2412; x_wconf 86' lang='lat' dir='ltr'><strong>eos</strong></span> <span class='ocrx_word' id='word_1_791' title='bbox 1492 2385 1669 2412; x_wconf 75' lang='lat' dir='ltr'><strong>consolantes</strong></span> <span class='ocrx_word' id='word_1_792' title='bbox 1683 2385 1710 2410; x_wconf 94' lang='lat' dir='ltr'><strong>in</strong></span> 
     </span>
    </p>
   </div>
   <div class='ocr_carea' id='block_1_111' title="bbox 919 2430 1712 2468">
    <p class='ocr_par' dir='ltr' id='par_1_111' title="bbox 919 2430 1712 2468">
     <span class='ocr_line' id='line_1_111' title="bbox 919 2430 1712 2468; baseline -0.004 -7"><span class='ocrx_word' id='word_1_793' title='bbox 919 2435 1039 2464; x_wconf 74' lang='lat' dir='ltr'><strong>Christo,</strong></span> <span class='ocrx_word' id='word_1_794' title='bbox 1067 2437 1094 2460; x_wconf 93' lang='lat' dir='ltr'><strong>ct</strong></span> <span class='ocrx_word' id='word_1_795' title='bbox 1115 2433 1279 2460; x_wconf 82' lang='lat' dir='ltr'><strong>mediatores</strong></span> <span class='ocrx_word' id='word_1_796' title='bbox 1301 2431 1450 2468; x_wconf 75' lang='lat' dir='ltr'><strong>gaudentes</strong></span> <span class='ocrx_word' id='word_1_797' title='bbox 1468 2431 1541 2465; x_wconf 78' lang='lat' dir='ltr'><strong>apud</strong></span> <span class='ocrx_word' id='word_1_798' title='bbox 1565 2431 1642 2458; x_wconf 93' lang='lat' dir='ltr'><strong>illum</strong></span> <span class='ocrx_word' id='word_1_799' title='bbox 1664 2430 1712 2458; x_wconf 87' lang='lat' dir='ltr'><strong>ha-</strong></span> 
     </span>
    </p>
   </div>
   <div class='ocr_carea' id='block_1_112' title="bbox 920 2478 1582 2514">
    <p class='ocr_par' dir='ltr' id='par_1_112' title="bbox 920 2478 1582 2514">
     <span class='ocr_line' id='line_1_112' title="bbox 920 2478 1582 2514; baseline -0.008 -5"><span class='ocrx_word' id='word_1_800' title='bbox 920 2482 1042 2512; x_wconf 77' lang='lat' dir='ltr'><strong>beamus,</strong></span> <span class='ocrx_word' id='word_1_801' title='bbox 1061 2485 1089 2507; x_wconf 87' lang='lat' dir='ltr'><strong>et</strong></span> <span class='ocrx_word' id='word_1_802' title='bbox 1109 2487 1157 2514; x_wconf 86' lang='lat' dir='ltr'><strong>per</strong></span> <span class='ocrx_word' id='word_1_803' title='bbox 1173 2486 1221 2506; x_wconf 84' lang='lat' dir='ltr'><strong>cos</strong></span> <span class='ocrx_word' id='word_1_804' title='bbox 1234 2478 1351 2504; x_wconf 86' lang='lat' dir='ltr'><strong>salutem</strong></span> <span class='ocrx_word' id='word_1_805' title='bbox 1369 2485 1582 2511; x_wconf 74' lang='lat' dir='ltr'><strong>consequantur.</strong></span> 
     </span>
    </p>
   </div>
   <div class='ocr_carea' id='block_1_113' title="bbox 955 2568 1714 2601">
    <p class='ocr_par' dir='ltr' id='par_1_113' title="bbox 955 2568 1714 2601">
     <span class='ocr_line' id='line_1_113' title="bbox 955 2568 1714 2601; baseline -0.007 -3"><span class='ocrx_word' id='word_1_806' title='bbox 955 2570 1084 2599; x_wconf 74' lang='lat' dir='ltr'><strong>Clericut.</strong></span> <span class='ocrx_word' id='word_1_807' title='bbox 1102 2569 1171 2597; x_wconf 84' lang='lat' dir='ltr'><strong>Ecce</strong></span> <span class='ocrx_word' id='word_1_808' title='bbox 1196 2569 1289 2596; x_wconf 86' lang='lat' dir='ltr'><strong>omnia</strong></span> <span class='ocrx_word' id='word_1_809' title='bbox 1318 2568 1397 2596; x_wconf 85' lang='lat' dir='ltr'><strong>nobis</strong></span> <span class='ocrx_word' id='word_1_810' title='bbox 1416 2568 1607 2601; x_wconf 82' lang='lat' dir='ltr'><strong>manifestasti,</strong></span> <span class='ocrx_word' id='word_1_811' title='bbox 1628 2575 1714 2594; x_wconf 85' lang='lat' dir='ltr'><strong>sanc-</strong></span> 
     </span>
    </p>
   </div>
   <div class='ocr_carea' id='block_1_114' title="bbox 920 2615 1712 2651">
    <p class='ocr_par' dir='ltr' id='par_1_114' title="bbox 920 2615 1712 2651">
     <span class='ocr_line' id='line_1_114' title="bbox 920 2615 1712 2651; baseline -0.008 -5"><span class='ocrx_word' id='word_1_812' title='bbox 920 2619 1033 2650; x_wconf 79' lang='lat' dir='ltr'><strong>tissnue,</strong></span> <span class='ocrx_word' id='word_1_813' title='bbox 1062 2624 1090 2645; x_wconf 89' lang='lat' dir='ltr'><strong>et</strong></span> <span class='ocrx_word' id='word_1_814' title='bbox 1113 2622 1242 2644; x_wconf 85' lang='lat' dir='ltr'><strong>accurate</strong></span> <span class='ocrx_word' id='word_1_815' title='bbox 1271 2616 1402 2646; x_wconf 85' lang='lat' dir='ltr'><strong>docuisti.</strong></span> <span class='ocrx_word' id='word_1_816' title='bbox 1431 2621 1458 2643; x_wconf 89' lang='lat' dir='ltr'><strong>et</strong></span> <span class='ocrx_word' id='word_1_817' title='bbox 1486 2623 1547 2651; x_wconf 66' lang='lat' dir='ltr'><strong>qua:</strong></span> <span class='ocrx_word' id='word_1_818' title='bbox 1572 2617 1605 2642; x_wconf 88' lang='lat' dir='ltr'><strong>ad</strong></span> <span class='ocrx_word' id='word_1_819' title='bbox 1631 2615 1712 2641; x_wconf 75' lang='lat' dir='ltr'><strong>ﬁnem</strong></span> 
     </span>
    </p>
   </div>
   <div class='ocr_carea' id='block_1_115' title="bbox 921 2664 1715 2700">
    <p class='ocr_par' dir='ltr' id='par_1_115' title="bbox 921 2664 1715 2700">
     <span class='ocr_line' id='line_1_115' title="bbox 921 2664 1715 2700; baseline -0.005 -6"><span class='ocrx_word' id='word_1_820' title='bbox 921 2673 1046 2694; x_wconf 78' lang='lat' dir='ltr'><strong>nostrum</strong></span> <span class='ocrx_word' id='word_1_821' title='bbox 1063 2667 1181 2693; x_wconf 89' lang='lat' dir='ltr'><strong>attinent</strong></span> <span class='ocrx_word' id='word_1_822' title='bbox 1197 2666 1361 2699; x_wconf 73' lang='lat' dir='ltr'><strong>exposuisti,</strong></span> <span class='ocrx_word' id='word_1_823' title='bbox 1375 2669 1403 2692; x_wconf 88' lang='lat' dir='ltr'><strong>et</strong></span> <span class='ocrx_word' id='word_1_824' title='bbox 1427 2672 1610 2700; x_wconf 66' lang='lat' dir='ltr'><strong>qumCumque</strong></span> <span class='ocrx_word' id='word_1_825' title='bbox 1636 2664 1715 2690; x_wconf 71' lang='lat' dir='ltr'><strong>nobis</strong></span> 
     </span>
    </p>
   </div>
   <div class='ocr_carea' id='block_1_116' title="bbox 921 2709 1715 2744">
    <p class='ocr_par' dir='ltr' id='par_1_116' title="bbox 921 2709 1715 2744">
     <span class='ocr_line' id='line_1_116' title="bbox 921 2709 1715 2744; baseline -0.006 -4"><span class='ocrx_word' id='word_1_826' title='bbox 921 2714 998 2741; x_wconf 81' lang='lat' dir='ltr'><strong>utilia</strong></span> <span class='ocrx_word' id='word_1_827' title='bbox 1017 2717 1080 2740; x_wconf 90' lang='lat' dir='ltr'><strong>sunt</strong></span> <span class='ocrx_word' id='word_1_828' title='bbox 1094 2719 1126 2739; x_wconf 82' lang='lat' dir='ltr'><strong>ac</strong></span> <span class='ocrx_word' id='word_1_829' title='bbox 1142 2712 1271 2738; x_wconf 82' lang='lat' dir='ltr'><strong>salutaria</strong></span> <span class='ocrx_word' id='word_1_830' title='bbox 1298 2711 1455 2742; x_wconf 83' lang='lat' dir='ltr'><strong>ostendisti,</strong></span> <span class='ocrx_word' id='word_1_831' title='bbox 1483 2710 1602 2744; x_wconf 86' lang='lat' dir='ltr'><strong>ﬁdeique</strong></span> <span class='ocrx_word' id='word_1_832' title='bbox 1623 2709 1715 2743; x_wconf 77' lang='lat' dir='ltr'><strong>expla-</strong></span> 
     </span>
    </p>
   </div>
   <div class='ocr_carea' id='block_1_117' title="bbox 923 2756 1714 2791">
    <p class='ocr_par' dir='ltr' id='par_1_117' title="bbox 923 2756 1714 2791">
     <span class='ocr_line' id='line_1_117' title="bbox 923 2756 1714 2791; baseline -0.005 -5"><span class='ocrx_word' id='word_1_833' title='bbox 923 2760 994 2786; x_wconf 72' lang='lat' dir='ltr'><strong>nasti</strong></span> <span class='ocrx_word' id='word_1_834' title='bbox 1013 2758 1217 2786; x_wconf 83' lang='lat' dir='ltr'><strong>rectitudiuem.</strong></span> <span class='ocrx_word' id='word_1_835' title='bbox 1235 2757 1305 2790; x_wconf 85' lang='lat' dir='ltr'><strong>Quid</strong></span> <span class='ocrx_word' id='word_1_836' title='bbox 1328 2765 1393 2791; x_wconf 79' lang='lat' dir='ltr'><strong>ergo</strong></span> <span class='ocrx_word' id='word_1_837' title='bbox 1412 2757 1597 2784; x_wconf 69' lang='lat' dir='ltr'><strong>I&#39;ell&#39;iltm‘mlls</strong></span> <span class='ocrx_word' id='word_1_838' title='bbox 1617 2757 1664 2783; x_wconf 86' lang='lat' dir='ltr'><strong>tibi</strong></span> <span class='ocrx_word' id='word_1_839' title='bbox 1680 2756 1714 2783; x_wconf 86' lang='lat' dir='ltr'><strong>ob</strong></span> 
     </span>
    </p>
   </div>
   <div class='ocr_carea' id='block_1_118' title="bbox 921 2801 1714 2837">
    <p class='ocr_par' dir='ltr' id='par_1_118' title="bbox 921 2801 1714 2837">
     <span class='ocr_line' id='line_1_118' title="bbox 921 2801 1714 2837; baseline -0.003 -7"><span class='ocrx_word' id='word_1_840' title='bbox 921 2810 994 2831; x_wconf 86' lang='lat' dir='ltr'><strong>tuam</strong></span> <span class='ocrx_word' id='word_1_841' title='bbox 1013 2803 1174 2830; x_wconf 85' lang='lat' dir='ltr'><strong>charitatcm</strong></span> <span class='ocrx_word' id='word_1_842' title='bbox 1193 2803 1204 2829; x_wconf 89' lang='lat'><strong>?</strong></span> <span class='ocrx_word' id='word_1_843' title='bbox 1221 2802 1331 2830; x_wconf 85' lang='lat' dir='ltr'><strong>Gratias</strong></span> <span class='ocrx_word' id='word_1_844' title='bbox 1346 2805 1452 2829; x_wconf 82' lang='lat' dir='ltr'><strong>tantum</strong></span> <span class='ocrx_word' id='word_1_845' title='bbox 1483 2801 1591 2837; x_wconf 80' lang='lat' dir='ltr'><strong>agimus</strong></span> <span class='ocrx_word' id='word_1_846' title='bbox 1607 2801 1658 2829; x_wconf 87' lang='lat' dir='ltr'><strong>soli</strong></span> <span class='ocrx_word' id='word_1_847' title='bbox 1686 2802 1714 2829; x_wconf 95' lang='lat' dir='ltr'><strong>in</strong></span> 
     </span>
    </p>
   </div>
   <div class='ocr_carea' id='block_1_119' title="bbox 922 2847 1715 2884">
    <p class='ocr_par' dir='ltr' id='par_1_119' title="bbox 922 2847 1715 2884">
     <span class='ocr_line' id='line_1_119' title="bbox 922 2847 1715 2884; baseline -0.003 -8"><span class='ocrx_word' id='word_1_848' title='bbox 922 2849 1055 2877; x_wconf 79' lang='lat' dir='ltr'><strong>Tt-initatc</strong></span> <span class='ocrx_word' id='word_1_849' title='bbox 1086 2848 1140 2876; x_wconf 80' lang='lat' dir='ltr'><strong>lleo</strong></span> <span class='ocrx_word' id='word_1_850' title='bbox 1166 2848 1212 2883; x_wconf 80' lang='lat' dir='ltr'><strong>qui</strong></span> <span class='ocrx_word' id='word_1_851' title='bbox 1240 2855 1289 2876; x_wconf 90' lang='lat' dir='ltr'><strong>nos</strong></span> <span class='ocrx_word' id='word_1_852' title='bbox 1317 2847 1427 2884; x_wconf 89' lang='lat' dir='ltr'><strong>quidem</strong></span> <span class='ocrx_word' id='word_1_853' title='bbox 1455 2847 1488 2875; x_wconf 83' lang='lat' dir='ltr'><strong>ad</strong></span> <span class='ocrx_word' id='word_1_854' title='bbox 1517 2847 1715 2876; x_wconf 86' lang='lat' dir='ltr'><strong>sciscitandum</strong></span> 
     </span>
    </p>
   </div>
  </div>
