1928 3043
222 90 291 124 ‘O’J'i

654 92 845 124 SYMEONIS
857 95 1239 131 TIlESSAl.0NlCENSlS
1259 101 1440 135 ARCHIEP.

1814 109 1859 141 696

232 148 328 179 movit,
347 147 393 175 tibi
413 155 476 175 vero
491 147 605 182 largitus
620 153 662 174 est
688 156 843 177 sermonem
867 159 916 187 pro
941 152 1017 180 nobis

1076 156 1123 182 καὶ
1149 158 1191 183 σοὶ
1221 158 1249 185 δὲ
1278 160 1468 195 παρεσχηκότι
1497 160 1576 196 λόγον
1605 162 1676 198 ὑπὲρ
1701 163 1795 199 ἡμῶν,
1819 166 1860 192 καὶ

232 193 278 228 qui
296 194 374 228 plura
390 201 422 221 ac
435 195 664 229 interrogavimus
680 195 773 223 dixisti
789 204 821 224 ac
836 198 955 227 docuisti
973 208 980 232 ;
995 206 1022 228 et

231 247 337 267 merces
360 239 397 266 sit
425 239 472 267 tibi
490 240 524 266 ab
550 247 582 267 eo
606 248 705 276 magna
725 249 767 275 ac,
801 247 895 277 utpote
920 252 934 271 a
955 244 1021 278 Deo.

231 285 383 319 multiplex.

268 329 402 362 Pontifex.
432 329 540 358 Gratias
565 332 683 368 agimus,
710 333 821 367 fratres,
849 340 874 363 et
891 339 1018 373 'gloriam

229 374 368 402 reddimus
385 375 457 403 Patri
474 381 500 404 et
517 377 585 404 Filio
602 382 629 405 et
643 379 757 414 Spiritui
774 387 880 414 sancto.
899 384 944 410 ttni
964 385 1018 412 Deo

201 408 204 422 λ
228 424 322 446 nostro
336 419 362 447 in
383 420 527 454 Trinitate,
543 423 590 457 qui
615 423 690 450 dedit
705 425 818 453 verbum
833 427 860 455 in
877 430 1019 462 apertione

204 472 209 502 1~
228 465 295 497 oris,
321 465 347 492 in
365 473 419 500 quo
434 473 484 493 nos
502 472 644 501 sperantes
659 469 692 496 de
709 469 751 497 ltis
763 472 823 498 ausi
846 479 941 501 sumus
958 474 1018 502 dis-

228 516 319 536 serere
344 517 404 544 qua:
428 518 511 545 sttper
527 519 578 538 nos
604 517 678 546 sunt,
696 521 781 548 quum
797 516 888 544 divina
917 519 972 546 sint
990 525 1019 547 et

227 554 366 581 sublimia.
385 555 440 583 Hoc
465 555 549 591 igitur
577 556 624 584 Dei
641 557 743 585 donum
759 563 801 587 est
817 567 930 597 propter
955 572 1015 598 vos,

227 608 280 627 non
298 607 408 636 propter
424 608 476 634 me,
493 603 515 629 si
533 606 622 629 tamen
637 603 715 631 utilia
736 608 927 634 tantummodo
942 609 1017 636 dixe-

226 647 324 675 rimus.
341 647 400 675 Non
417 649 488 676 enim
505 656 619 684 prorsus
639 655 752 678 autumo
767 659 848 686 quutn
870 654 1014 683 veritatem

225 693 305 719 velim
324 694 425 726 dicere.
439 694 515 722 utilia
532 699 559 722 et.
571 697 728 724 necessaria
743 699 875 735 voblsque
892 700 1016 729 fructuo-

224 747 253 766 sa
267 740 380 771 dixisse,
403 748 487 775 quum
504 742 665 770 tenuitatem
690 747 717 770 et
741 745 955 774 imbecillitatem
983 754 1015 774 ac

224 785 405 819 ignorantiam
433 787 533 822 ingenii
568 789 619 815 mei
648 797 681 817 ex
713 794 790 823 parte
815 793 950 825 noverim,
981 802 1014 820 ne

223 831 311 858 dicam
330 840 372 858 me
391 836 476 859 totum
495 841 550 866 pra:
578 834 700 863 tenebris
730 836 858 871 caligare.
890 837 918 864 Si
949 839 1012 873 quis
1028 823 1051 852 Β

225 876 293 903 forte
308 877 407 903 dixerit
424 886 430 904 :
463 877 554 910 Quare
583 880 667 914 igitur
686 881 743 909 haec
763 883 872 910 tentasti
889 884 901 910 ?
920 884 1012 912 chari-

223 928 304 948 latt‘ltt
323 924 348 949 in
364 931 474 951 causam
497 926 675 958 praztendam,
691 928 821 962 quoniam
841 930 941 963 saepius
969 939 1012 958 tne

223 970 459 1004 interrogaverunt
483 970 592 1004 fratres,
610 977 636 999 et
657 974 785 1007 quoniam
803 982 855 1002 non
875 984 946 1010 mea,
962 978 1011 1005 sed

221 1023 253 1041 ex
270 1014 411 1049 Scriptura
431 1024 510 1044 saera
526 1017 684 1053 sanctisque
699 1020 800 1048 nostris
829 1023 913 1050 verba
931 1024 1010 1051 colli-

221 1068 295 1094 gens,
317 1069 367 1096 pro
385 1062 512 1089 facultate
529 1063 638 1098 scripsi,
655 1070 682 1091 et
697 1068 839 1100 sequentia
861 1076 893 1095 ex
910 1069 1011 1098 divinis

220 1113 313 1133 eorum
327 1107 450 1135 consiliis
461 1108 640 1143 intuli.lgitur
651 1110 673 1137 si
685 1112 750 1145 quid
763 1112 888 1141 utilitatis
899 1119 925 1141 et
937 1122 1010 1142 com-

221 1152 291 1187 modi
314 1152 469 1180 inveniatur
486 1155 512 1181 in
536 1155 628 1188 dictis,
660 1156 715 1184 Deo
739 1159 852 1192 gratias,
880 1159 931 1188 hoc
959 1169 1009 1189 no-

219 1205 305 1226 strum
322 1207 373 1225 non
391 1206 442 1233 est,
457 1201 503 1228 sed
524 1209 558 1229 ex
575 1202 676 1230 divinis
691 1202 842 1239 Scripturis
856 1212 882 1233 et
898 1213 1008 1235 sancto-

219 1252 278 1272 rum
299 1247 420 1282 scriptis,
450 1254 561 1282 propter
580 1256 627 1276 vos
642 1251 689 1284 qui
711 1259 783 1286 srepc
799 1251 907 1280 diverso
928 1255 1009 1282 modo

218 1300 269 1321 nos
298 1293 529 1328 interrogavistis.
555 1302 587 1322 ac
621 1301 731 1331 propter
770 1298 838 1326 alios
873 1301 1007 1335 quosdam

219 1339 317 1366 fratres
341 1340 387 1374 qui
414 1341 447 1368 ad
474 1341 525 1368 hoc
552 1342 636 1370 variis
664 1345 832 1378 temporibus
860 1353 1009 1381 coegerunt

218 1392 278 1412 nos.
305 1384 337 1411 Et
357 1393 462 1413 merces
487 1387 573 1421 magis
598 1390 651 1415 erit
676 1389 754 1417 vobis
773 1391 819 1425 qui
847 1394 1007 1422 occasiones

216 1432 330 1460 dedistis
344 1437 480 1467 tenueqtte
493 1442 525 1461 ac
537 1439 675 1462 terrenum
695 1441 722 1463 et
742 1437 846 1465 humile
864 1439 1005 1474 ingenium

216 1485 340 1508 nostrum
366 1481 520 1508 humilitate
552 1486 641 1508 vestra
669 1490 700 1509 ac
733 1484 950 1520 interrogatione
978 1486 1005 1514 in
1022 1494 1042 1523 α

216 1527 362 1553 dilectione
376 1530 404 1553 et
432 1528 518 1560 gratia
551 1527 597 1554 Dei
627 1528 654 1555 in
687 1528 822 1557 Trinitate
847 1532 1005 1566 aperuistis.

214 1572 292 1602 Adsit
305 1573 350 1606 qui
369 1574 425 1599 haec
449 1573 527 1601 vobis
545 1574 684 1603 fructuosa
710 1576 792 1603 faciat
819 1577 1006 1614 fratribnsque

215 1618 343 1644 omnibus
381 1619 501 1652 prolicua
533 1619 560 1647 in
592 1621 708 1654 gleriam
736 1621 795 1656 ejus
835 1624 1006 1660 salutemque

216 1667 336 1690 nostram
368 1664 491 1698 ejusdem
517 1666 662 1694 clementia
692 1672 720 1694 et
752 1669 931 1704 benignitate,
961 1673 1004 1700 cui

215 1709 383 1736 conﬁdentes
401 1718 445 1737 res
461 1719 543 1745 supra
565 1713 637 1740 vires
653 1717 888 1750 nostraspositas
915 1724 1005 1747 atten-

214 1760 272 1781 tare
288 1755 346 1782 ausl
361 1763 468 1789 sumus,
482 1761 509 1783 et
528 1758 607 1791 cujus
621 1759 767 1788 dilectione
783 1762 834 1789 ista
852 1771 901 1797 pro
920 1763 1004 1792 facul-

213 1805 268 1827 tate
283 1801 480 1835 dtsposttimns.
497 1803 530 1830 Et
547 1809 601 1830 stnt
617 1804 669 1831 ista
684 1805 722 1832 illi
738 1807 764 1833 in
779 1807 892 1841 gloriam
909 1811 1003 1838 nobis-

212 1854 266 1880 que
293 1847 441 1875 humilibus
456 1848 483 1875 in
511 1850 638 1884 salutem,
657 1852 721 1885 quia
740 1852 798 1881 haec
823 1862 932 1890 quoque
952 1858 1002 1884 ob-

212 1893 324 1920 tulimus
354 1894 401 1921 uni
428 1894 456 1921 in
485 1894 618 1924 Trinitate
653 1899 730 1931 Deo,
768 1899 1000 1934 intercedentibus

210 1948 320 1974 semper
344 1940 448 1976 virgine
474 1948 501 1969 et
527 1944 703 1971 sanctissima
729 1945 925 1981 gloriosissima
952 1951 1000 1979 Dei

209 1985 360 2019 Genitticc,
393 1988 552 2022 sanctisque
576 1992 680 2025 angelis
702 2000 716 2019 a
739 1992 795 2021 Deo
823 1994 998 2031 illuminatis,

209 2033 296 2060 beatis
324 2033 406 2060 etiam
453 2036 585 2068 apostolis
633 2038 725 2068 divina
765 2042 998 2077 predicantibus,

208 2080 394 2107 sanctissimis
421 2079 537 2109 Deiferis
554 2084 744 2120 pontificibus,
774 2088 902 2122 gloriosis
926 2098 999 2118 mar-

209 2127 326 2162 tyribus,
343 2128 445 2155 sanctis
458 2134 486 2156 et
500 2130 582 2164 jnstis
608 2133 791 2169 omnibusque
819 2139 925 2166 sanctis
937 2139 997 2173 ejus

207 2182 222 2202 ο
242 2174 343 2200 saeculo
374 2180 401 2200 et
430 2181 516 2207 usque
543 2177 576 2203 ad
603 2181 867 2210 consumntationem
891 2186 996 2213 sreculi.
1013 2174 1035 2201 υ

207 2220 342 2251 Quoniam
366 2228 427 2247 eum
453 2221 527 2248 decet
549 2225 639 2251 omnis
656 2225 755 2259 gloria,
783 2230 997 2266 magnitudoque

199 2263 233 2291 ἰιι
265 2268 477 2301 magniﬁcentia.
500 2269 608 2296 Patrem
635 2276 662 2298 et
683 2272 783 2300 Filium
813 2282 996 2314 sanctutnqne

208 2312 350 2345 Spiritum,
371 2314 460 2340 solum
484 2315 511 2341 in
529 2314 663 2345 Trittitate
689 2318 787 2352 Deum,
816 2330 897 2350 unatn
919 2312 997 2354 natu-

208 2366 265 2386 rant
280 2354 496 2395 potestatemque
519 2367 546 2389 et
561 2362 689 2392 virtutem
707 2366 733 2393 in
751 2368 840 2396 tribus
868 2370 992 2400 indivisis

206 2405 414 2440 inconl'usisque
440 2409 578 2442 personis,
606 2411 681 2438 omni
713 2417 846 2449 tempore,
867 2425 940 2446 nunc
967 2425 994 2446 et

205 2458 312 2485 semper
323 2457 350 2479 et
369 2453 396 2482 in
412 2454 510 2482 saecula
529 2457 703 2486 saeculorum.
715 2460 812 2489 Amen.

1075 201 1161 228 πλείω
1186 199 1224 230 ὧν
1239 204 1424 240 ἡρωτήσαμεν
1449 206 1574 242 εἰρηκότι
1600 209 1649 236 καὶ
1675 209 1858 242 ὶκδιδᾶξαντι’

1074 248 1121 274 καὶ
1133 250 1146 275 ὁ
1160 249 1256 283 μισθὸς
1270 250 1313 286 εἴη
1332 260 1374 279 σοι
1390 253 1456 289 παρ’
1469 253 1552 284 αὑτοῦ
1569 255 1664 288 πολὺς,
1674 257 1721 283 καὶ
1736 256 1774 288 ὡς
1790 257 1860 292 παρὰ

1072 293 1141 321 Θεοῦ
1160 296 1346 330 πολλαπλοῦς.

1114 341 1291 377 Ἀρχιερεύς.
1317 345 1554 381 Εὗχαριστοῦμεν,
1572 348 1694 382 ἀδελφοὶ,
1708 349 1758 376 καὶ
1785 350 1861 381 δόξαν

1071 386 1250 422 προσάγομεν
1269 388 1308 423 τῷ
1334 389 1421 424 Ila-rp!
1451 391 1497 418 καὶ
1524 393 1564 426 τῷ
1596 393 1653 429 Υίῷ
1667 395 1715 421 καὶ
1740 394 1781 430 τῷ
1794 395 1863 431 ἁγίῳ

1071 431 1222 467 Πνεύματι,
1237 434 1277 469 τῷ
1294 435 1368 471 μόνῳ
1381 435 1441 471 Θεῷ
1455 437 1535 472 ἡμῶν
1547 439 1576 464 ἐν
1593 438 1700 474 Τριάδι,
1711 440 1752 475 τῷ
1763 441 1862 469 διδόντι

1070 478 1155 512 λόγον,
1164 481 1193 506 ὲν
1207 481 1309 514 ἀνοίξει
1331 483 1380 509 τοῦ
1397 484 1542 518 στόματος,
1561 485 1605 520 ἐφ’
1618 483 1640 520 ᾧ
1665 487 1698 522 δὴ
1722 488 1770 515 καὶ
1782 489 1863 523 ἡμεῖς

1069 525 1229 560 ἠλπικότες,
1250 527 1281 555 τὸ
1303 530 1368 565 περὶ
1391 531 1495 557 τούτων
1521 533 1610 559 εἰπεῖν
1636 534 1862 569 τετολμήκαμεν,

1069 571 1140 607 ὑπὲρ
1154 573 1228 608 ἡμᾶς
1244 574 1331 602 δντων
1353 576 1392 608 ὼς
1406 577 1487 604 θείων
1507 578 1555 605 καὶ
1573 578 1695 613 ὑψηλῶν.
1709 580 1799 607 Τοῦτο
1817 579 1864 608 οὖν

1068 617 1137 645 Θεοῦ
1160 618 1246 655 δῶρον
1259 629 1266 636 ⁶
1286 623 1333 648 καὶ
1357 622 1391 648 δι’
1406 623 1490 658 ὑμᾶς,
1508 626 1555 651 καὶ
1570 626 1602 651 οὑ
1614 625 1648 653 δι’
1661 626 1721 661 ips,
1740 627 1801 660 εἴγε
1818 630 1864 662 μδο

1067 673 1113 692 νον
1135 667 1184 694 καί
1209 676 1235 694 τι
1257 668 1312 695 τῶν
1340 668 1489 705 ὠφελίμων
1520 672 1692 707 εἰρήκαμεν·
1720 673 1784 700 οὐδὲ
1809 674 1864 709 γὰρ

1067 711 1136 744 ὅλως
1161 713 1276 748 νομίζω,
1290 716 1348 748 εἴγκ
1371 717 1419 742 καὶ
1435 716 1507 744 θέλω
1534 718 1626 745 λαλεῖν
1648 719 1698 754 τὴν
1714 719 1861 753 ἀλήῦειαν.

1066 759 1207 794 εἰρηκέναι
1221 770 1246 787 τι
1259 761 1314 788 τῶν
1328 763 1474 798 χρησίμων
1488 765 1535 790 καὶ
1547 765 1715 798 ἀναγκαίων,
1727 767 1777 804 καὶ
1793 767 1862 801 πρὸς

1066 806 1202 839 ὠφέλειαν
1233 809 1448 836 συντεινόντων·
1477 811 1539 837 ἐπεὶ
1567 813 1598 838 τὸ
1625 812 1734 843 εὐτελές
1760 822 1792 840 τε
1814 813 1863 840 καὶ

1065 853 1181 888 ἀδρανὲς
1205 854 1255 888 τῆς
1271 855 1343 890 ιμῆς
1368 856 1490 888 διανοίας
1513 858 1560 885 καὶ
1574 858 1681 892 ἀμαθὲς
1698 860 1731 885 hc
1756 861 1861 894 μέρους

1064 896 1133 929 οἴδα,
1152 899 1176 926 εί
1201 900 1249 926 καὶ
1275 901 1313 936 μὴ
1332 902 1433 933 τελέως
1449 903 1623 938 ἐσκότισμαι.
1641 905 1671 930 ει
1686 906 1716 932 δέ
1731 913 1776 937 τις
1789 906 1860 940 ἐρεῖ,

1064 946 1120 972 Καὶ
1147 946 1219 978 τίνος
1247 948 1328 982 χάριν
1353 949 1440 976 ταῦτα
1470 949 1563 982 ὲξέθου
1587 951 1698 982 λοιπόνς
1724 952 1777 979 Διά
1809 952 1861 988 τὴν

1062 991 1185 1026 ἀγάπην,
1203 994 1423 1029 ἀπολογήσομαι,
1459 997 1488 1022 ἐν
1517 997 1557 1032 τῷ
1587 997 1694 1032 ἐρωτᾷν
1725 998 1863 1030 πολλάκις

1062 1038 1125 1070 τοὺς
1148 1039 1301 1073 ἀδελφούς·
1319 1042 1367 1068 καὶ
1389 1041 1431 1067 ὅτι
1454 1042 1505 1069 οὐκ
1528 1043 1594 1076 ἐμὰ,
1615 1043 1684 1070 ἀλλὰ
1703 1046 1737 1071 τὰ
1759 1046 1794 1071 ἐκ
1810 1045 1862 1079 τῆς

1062 1084 1143 1118 ἁγίας
1158 1085 1271 1120 Γραφῆς
1285 1087 1333 1113 καὶ
1347 1087 1402 1114 τῶν
1415 1088 1502 1122 ἁγίων
1517 1089 1598 1123 ἡμῶν
1614 1089 1767 1124 συλλέγων,
1786 1092 1862 1117 δια-εὶ

1061 1130 1177 1165 δύναμιν
1192 1131 1311 1167 ἔγραψα,
1330 1136 1379 1160 καὶ
1395 1135 1429 1161 τά
1446 1135 1568 1169 ἑπόμενα
1591 1137 1645 1162 τῶν
1669 1137 1751 1163 Θείων
1766 1138 1862 1165 αὐτῶν

1062 1176 1182 1203 ἐννοιῶν.
1199 1176 1231 1212 Et
1248 1179 1298 1213 μὲν
1311 1177 1359 1205 οὖν
1373 1189 1397 1206 τι
1415 1181 1553 1215 χρήσιμον
1567 1182 1582 1216 ἢ
1597 1183 1739 1216 ὲπωφελὲς
1755 1186 1785 1210 ὲν
1801 1187 1862 1216 τοῖς

1061 1222 1227 1257 εἰρημένοις,
1248 1223 1288 1259 τῷ
1311 1225 1371 1259 Θεῷ
1400 1227 1490 1261 χάρις,
1512 1230 1558 1254 καὶ
1576 1230 1625 1264 οὐχ
1654 1231 1736 1266 ἡμῶν
1763 1233 1860 1265 τοῦτο,

1061 1268 1129 1294 ἀλλὰ
1142 1269 1196 1294 τῶν
1210 1269 1291 1296 θείων
1305 1271 1422 1305 Γραφῶν
1437 1273 1483 1299 καὶ
1497 1274 1549 1300 τῶν
1561 1275 1660 1309 ἁγίων,
1673 1278 1719 1303 καὶ
1733 1277 1768 1304 δι’
1782 1279 1860 1314 ὑμεῖς

1060 1314 1122 1345 τοὺς
1151 1314 1280 1347 πολλάκις
1303 1316 1441 1353 διαφόρως
1467 1320 1670 1354 ἡρωτηκὰτας,
1704 1324 1753 1350 καί
1777 1333 1859 1359 τινας

1060 1360 1157 1393 ἄλλους
1174 1362 1228 1388 τῶν
1244 1363 1378 1398 ἀδελφῶν,
1389 1366 1428 1396 εἰς
1441 1366 1520 1393 τοῦτο
1536 1369 1607 1395 κατὰ
1620 1370 1718 1404 καιρὸν
1731 1371 1859 1405 ἀναγκά.

1061 1414 1180 1438 σαντας-
1198 1408 1246 1434 καὶ
1270 1410 1284 1436 ὁ
1305 1410 1403 1444 μισθὸς
1419 1411 1498 1439 ἔσται
1514 1414 1617 1447 μᾶλλον
1641 1415 1707 1450 ὑμῖν
1727 1419 1787 1449 τοῖς
1805 1419 1859 1451 τὰς

1059 1454 1189 1488 ἀφορμὰς
1200 1455 1342 1488 δεδοικόσι,
1357 1458 1403 1484 καὶ
1419 1458 1467 1484 τὸν
1482 1460 1677 1490 εὐτελέστατον
1691 1464 1757 1491 νοῦν
1774 1467 1835 1496 mu]

1060 1502 1106 1526 καὶ
1121 1501 1208 1536 γεώδη
1230 1503 1277 1529 καὶ
1302 1505 1430 1532 ταπεινὸν
1451 1508 1485 1541 τῇ
1509 1510 1677 1536 ταπεινώσει
1703 1512 1784 1546 ὑμῶν
1806 1514 1859 1540 καὶ

1061 1546 1194 1581 ἐρωτήσει
1222 1549 1252 1574 ἐν
1277 1550 1373 1589 ἀγᾲπῃ
1388 1552 1436 1578 τοῦ
1450 1554 1479 1579 ἐν
1497 1554 1594 1588 Τριάδι
1611 1556 1679 1584 Θεοῦ
1694 1560 1742 1585 καὶ
1759 1560 1858 1596 χάριτι

1059 1592 1233 1626 διανοίξασιν.
1246 1596 1294 1626 Ὃς
1306 1597 1353 1623 καὶ
1367 1598 1409 1633 εἴη
1424 1599 1550 1633 χρήσιμα
1566 1602 1652 1628 ποιῶν
1668 1603 1734 1637 ὑμῖν
1749 1592 1855 1640 ταέτα,

1058 1639 1106 1664 καὶ
1129 1641 1186 1671 τοῖς
1214 1641 1341 1676 ἀδελφοῖς
1368 1643 1472 1671 ἆπασιν
1490 1647 1618 1681 ἐπωφελῆ
1644 1650 1678 1676 τὰ
1702 1653 1854 1686 εἰρημένα,

1057 1686 1104 1710 καὶ
1127 1686 1167 1716 εἰς
1194 1686 1274 1719 δόξιν
1290 1688 1373 1716 αὐτοῦ
1392 1691 1439 1717 καὶ
1463 1693 1603 1728 σωτηρίαν
1617 1696 1698 1730 ἡμῶν
1715 1698 1748 1732 τῇ
1767 1699 1853 1727 αὑτοῦ

1057 1731 1249 1768 φιλανθρωπίᾳ
1272 1735 1319 1760 καὶ
1342 1735 1504 1772 ἀγαθότητι,
1519 1735 1541 1773 ᾦ
1563 1741 1611 1767 καὶ
1633 1731 1850 1779 τεθαρρηκότες,

1056 1778 1112 1808 τοῖς
1133 1777 1203 1811 ὑπὲρ
1225 1780 1298 1814 ἡμᾶς
1326 1782 1490 1817 ἐγχειρῆσαι
1517 1777 1777 1825 κατετολμήσαμεν,
1800 1777 1850 1820 καί

1055 1823 1083 1848 ὲν
1099 1823 1193 1860 ἀγάπῃ
1211 1825 1306 1853 τούτου
1325 1827 1359 1853 τὰ
1371 1830 1443 1855 κατὰ
1456 1830 1573 1865 δύναμιν
1591 1823 1775 1870 ἑξεθήκαμεν.
1792 1841 1850 1867 Καὶ

1054 1870 1175 1902 γένοιντο
1203 1873 1244 1903 είς
1273 1872 1352 1905 δόξαν
1381 1875 1465 1903 αὑτοῦ
1494 1878 1595 1913 ταῦτα,
1610 1882 1658 1907 καὶ
1684 1883 1765 1917 ήμῶν
1792 1887 1850 1914 τῶν

1053 1915 1190 1942 ταπεινῶν
1207 1919 1347 1951 σωτηρίαν
1362 1927 1369 1934 ·
1387 1920 1429 1947 ὅτι
1449 1922 1496 1948 καὶ
1511 1922 1599 1950 ταῦτα
1616 1925 1691 1960 αὐτῷ
1708 1927 1850 1964 ἀνεθήκας

1054 1969 1104 1996 μεν
1127 1961 1166 1996 τῷ
1190 1963 1264 1998 μόνῳ
1281 1965 1310 1990 ὲν
1323 1965 1421 2000 Τριᾰδι
1436 1967 1496 2003 Θεῷ
1512 1977 1520 1983 ·
1543 1971 1704 2004 πρεσὸείαις
1717 1974 1771 2015 τῆς
1787 1961 1849 2003 duo

1052 2007 1190 2042 παρθένου
1205 2009 1253 2035 καὶ
1270 2011 1409 2044 παναγίας
1426 2013 1606 2048 ὐπερενδόξου
1624 2007 1770 2054 Θεοτὼῖον,
1790 2023 1848 2050 τῶν

1051 2052 1208 2088 θεολήπτων
1233 2057 1281 2083 καὶ
1297 2057 1384 2090 ἁγίων
1404 2060 1540 2094 ἀγγέλων,
1554 2063 1611 2090 τῶν
1630 2052 1773 2102 θεηγόρων
1798 2071 1848 2096 καὶ

1052 2102 1196 2136 μακαρίων
1214 2103 1383 2138 ἀποστόλων,
1401 2107 1456 2133 τῶν
1475 2108 1615 2145 θεοφόρων
1631 2114 1678 2139 καὶ
1703 2118 1847 2152 πανιέρων

1051 2147 1198 2182 ῑεραρχῶν,
1214 2149 1268 2176 τῶν
1292 2151 1456 2181 καλλινίκων
1473 2157 1622 2191 μαρτύρων
1644 2168 1686 2192 τε,
1701 2147 1794 2189 ὁσίων.
1816 2175 1845 2192 τε

1051 2193 1099 2219 καὶ
1123 2194 1247 2229 δικαίων,
1264 2198 1313 2224 καὶ
1339 2199 1450 2227 πάντων
1467 2202 1522 2229 τῶν
1537 2203 1586 2230 ἀπ’
1606 2206 1707 2245 αἰῶνος
1723 2212 1772 2236 καὶ
1791 2212 1845 2245 ἓως

1052 2241 1207 2273 συντελείας
1223 2244 1323 2276 αἰῶνος
1342 2246 1431 2280 ἁγίων
1446 2248 1550 2277 δούλων
1574 2253 1669 2282 αὑτοῦ.
1685 2238 1751 2285 ιΟτι
1766 2261 1844 2295 αὐτῷ

1051 2287 1151 2321 πρέπει
1178 2290 1250 2315 πᾶσα.
1265 2291 1338 2323 δόξα,
1356 2294 1538 2332 μεγαλωσύνη
1554 2306 1582 2324 τε
1606 2301 1652 2326 καὶ
1665 2289 1843 2340 μεγαλοπρέζ

1051 2341 1127 2364 natat,
1140 2334 1177 2368 τῷ
1207 2336 1306 2371 Πατρὶ.
1325 2339 1374 2366 καὶ
1395 2341 1434 2375 τῷ
1459 2341 1528 2377 Υἰῷ,
1547 2346 1595 2371 καὶ
1609 2347 1649 2381 τῷ
1756 2334 1842 2379 Ηνεὺ-

1052 2387 1126 2413 ματι,
1147 2381 1186 2416 τῷ
1202 2383 1274 2416 μόνῳ
1303 2385 1332 2411 ἐν
1347 2386 1442 2421 Τριάόι
1465 2388 1535 2425 Θεῷ,
1551 2393 1584 2426 τῇ
1612 2395 1663 2428 μιᾷ
1689 2381 1772 2429 φύσει
1793 2402 1841 2427 καὶ

1050 2425 1157 2462 ἐξουσίᾳ
1184 2430 1229 2455 καὶ
1257 2431 1382 2466 δυνάμει,
1412 2435 1442 2462 ἐν
1471 2436 1561 2471 τρισὶν
1595 2439 1763 2476 ἀδιαιρέτοις
1793 2448 1840 2473 καὶ

1050 2473 1215 2507 ἁσυγχύτοις
1238 2479 1296 2507 τατς
1320 2478 1498 2514 ὑποστάσεσι,
1514 2484 1629 2510 πάντοτε
1646 2487 1693 2513 νῦν
1709 2491 1757 2515 χλι.
1782 2493 1813 2517 a‘s
1829 2511 1837 2522 ,

1049 2517 1096 2550 καὶ
1111 2519 1150 2548 εἰς
1168 2520 1231 2551 τοὺς
1249 2521 1350 2555 αἰῶνας
1365 2525 1419 2551 τῶν
1438 2527 1554 2556 αἰώνων.
1578 2530 1674 2566 Ἀμήν,
