  <div class='ocr_page' id='page_1' title='image "/cluster/home/n/w/nwhite01/storage/ocr_20150623/155/njp.32101010943494/410.png"; bbox 0 0 1928 3043; ppageno 0'>
   <div class='ocr_carea' id='block_1_1' title="bbox 32 133 87 164">
    <p class='ocr_par' dir='ltr' id='par_1_1' title="bbox 32 133 87 164">
     <span class='ocr_line' id='line_1_1' title="bbox 32 133 87 164; baseline 0.018 -1"><span class='ocrx_word' id='word_1_1' title='bbox 32 133 87 164; x_wconf 76' lang='lat'><strong>&#39;70)</strong></span> 
     </span>
    </p>
   </div>
   <div class='ocr_carea' id='block_1_2' title="bbox 31 234 832 269">
    <p class='ocr_par' dir='ltr' id='par_1_2' title="bbox 31 234 832 269">
     <span class='ocr_line' id='line_1_2' title="bbox 31 234 832 269; baseline 0 -9"><span class='ocrx_word' id='word_1_2' title='bbox 31 234 100 260; x_wconf 76' lang='grc' dir='ltr'>τότε</span> <span class='ocrx_word' id='word_1_3' title='bbox 114 235 226 266; x_wconf 80' lang='grc' dir='ltr'>δεκτέος</span> <span class='ocrx_word' id='word_1_4' title='bbox 236 236 292 266; x_wconf 75' lang='grc' dir='ltr'>τοῖς</span> <span class='ocrx_word' id='word_1_5' title='bbox 310 236 357 261; x_wconf 81' lang='grc' dir='ltr'><strong>τοῦ</strong></span> <span class='ocrx_word' id='word_1_6' title='bbox 373 236 472 269; x_wconf 79' lang='grc' dir='ltr'>φωτός.</span> <span class='ocrx_word' id='word_1_7' title='bbox 490 236 545 262; x_wconf 75' lang='grc' dir='ltr'><strong>Καὶ</strong></span> <span class='ocrx_word' id='word_1_8' title='bbox 563 236 649 261; x_wconf 78' lang='grc' dir='ltr'>ταῦτα</span> <span class='ocrx_word' id='word_1_9' title='bbox 666 235 715 269; x_wconf 79' lang='grc' dir='ltr'>μὲν</span> <span class='ocrx_word' id='word_1_10' title='bbox 728 236 742 261; x_wconf 79' lang='grc' dir='ltr'>ὁ</span> <span class='ocrx_word' id='word_1_11' title='bbox 760 235 832 265; x_wconf 77' lang='grc' dir='ltr'>θεῖος</span> 
     </span>
    </p>
   </div>
   <div class='ocr_carea' id='block_1_3' title="bbox 32 281 834 312">
    <p class='ocr_par' dir='ltr' id='par_1_3' title="bbox 32 281 834 312">
     <span class='ocr_line' id='line_1_3' title="bbox 32 281 834 312; baseline 0.002 -6"><span class='ocrx_word' id='word_1_12' title='bbox 32 288 67 306; x_wconf 79' lang='grc' dir='ltr'><strong>τυ</strong></span> <span class='ocrx_word' id='word_1_13' title='bbox 75 281 121 306; x_wconf 72' lang='grc' dir='ltr'>ποῖ</span> <span class='ocrx_word' id='word_1_14' title='bbox 138 282 214 312; x_wconf 80' lang='grc' dir='ltr'>ναὸς,</span> <span class='ocrx_word' id='word_1_15' title='bbox 232 282 256 307; x_wconf 84' lang='grc' dir='ltr'>εἱ</span> <span class='ocrx_word' id='word_1_16' title='bbox 271 281 318 307; x_wconf 80' lang='grc' dir='ltr'>καὶ</span> <span class='ocrx_word' id='word_1_17' title='bbox 331 281 372 307; x_wconf 78' lang='grc' dir='ltr'>ἔτι</span> <span class='ocrx_word' id='word_1_18' title='bbox 389 282 475 307; x_wconf 79' lang='grc' dir='ltr'>πλείω</span> <span class='ocrx_word' id='word_1_19' title='bbox 488 282 591 308; x_wconf 78' lang='grc' dir='ltr'>τούτων</span> <span class='ocrx_word' id='word_1_20' title='bbox 608 282 664 308; x_wconf 80' lang='grc' dir='ltr'>ἔστι</span> <span class='ocrx_word' id='word_1_21' title='bbox 683 283 755 308; x_wconf 76' lang='grc' dir='ltr'>νοεῖν</span> <span class='ocrx_word' id='word_1_22' title='bbox 777 283 834 312; x_wconf 79' lang='grc' dir='ltr'>τοῖς</span> 
     </span>
    </p>
   </div>
   <div class='ocr_carea' id='block_1_4' title="bbox 35 326 833 365">
    <p class='ocr_par' dir='ltr' id='par_1_4' title="bbox 35 326 833 365">
     <span class='ocr_line' id='line_1_4' title="bbox 35 326 833 365; baseline 0.001 -13"><span class='ocrx_word' id='word_1_23' title='bbox 35 327 115 365; x_wconf 69' lang='grc' dir='ltr'>παρᾲ</span> <span class='ocrx_word' id='word_1_24' title='bbox 127 326 197 353; x_wconf 81' lang='grc' dir='ltr'>Θεοῦ</span> <span class='ocrx_word' id='word_1_25' title='bbox 216 328 329 361; x_wconf 78' lang='grc' dir='ltr'>Θεωρεῖν</span> <span class='ocrx_word' id='word_1_26' title='bbox 345 329 475 363; x_wconf 75' lang='grc' dir='ltr'>ἐσχηκόσι</span> <span class='ocrx_word' id='word_1_27' title='bbox 503 329 629 362; x_wconf 80' lang='grc' dir='ltr'>δύναμιν.</span> <span class='ocrx_word' id='word_1_28' title='bbox 652 328 682 354; x_wconf 82' lang='grc' dir='ltr'>Ὀ</span> <span class='ocrx_word' id='word_1_29' title='bbox 695 329 722 354; x_wconf 79' lang='grc' dir='ltr'><strong>δέ</strong></span> <span class='ocrx_word' id='word_1_30' title='bbox 747 337 777 362; x_wconf 88' lang='grc' dir='ltr'><strong>γε</strong></span> <span class='ocrx_word' id='word_1_31' title='bbox 795 328 833 353; x_wconf 80' lang='grc' dir='ltr'><strong>ιε-</strong></span> 
     </span>
    </p>
   </div>
   <div class='ocr_carea' id='block_1_5' title="bbox 37 372 835 409">
    <p class='ocr_par' dir='ltr' id='par_1_5' title="bbox 37 372 835 409">
     <span class='ocr_line' id='line_1_5' title="bbox 37 372 835 409; baseline 0.005 -13"><span class='ocrx_word' id='word_1_32' title='bbox 37 372 104 405; x_wconf 77' lang='grc' dir='ltr'>ρείις</span> <span class='ocrx_word' id='word_1_33' title='bbox 120 373 338 407; x_wconf 73' lang='grc' dir='ltr'>προηγουμένως</span> <span class='ocrx_word' id='word_1_34' title='bbox 361 374 412 405; x_wconf 82' lang='grc' dir='ltr'>μὲν</span> <span class='ocrx_word' id='word_1_35' title='bbox 430 375 503 408; x_wconf 68' lang='grc' dir='ltr'>παρὰ</span> <span class='ocrx_word' id='word_1_36' title='bbox 525 376 557 409; x_wconf 84' lang='grc' dir='ltr'>τῇ</span> <span class='ocrx_word' id='word_1_37' title='bbox 575 374 634 409; x_wconf 76' lang='grc' dir='ltr'>Θείᾳ</span> <span class='ocrx_word' id='word_1_38' title='bbox 657 374 752 408; x_wconf 64' lang='grc' dir='ltr'>Γραφῇ</span> <span class='ocrx_word' id='word_1_39' title='bbox 783 373 835 407; x_wconf 80' lang='grc' dir='ltr'><strong>ἂγ-</strong></span> 
     </span>
    </p>
   </div>
   <div class='ocr_carea' id='block_1_6' title="bbox 36 417 834 454">
    <p class='ocr_par' dir='ltr' id='par_1_6' title="bbox 36 417 834 454">
     <span class='ocr_line' id='line_1_6' title="bbox 36 417 834 454; baseline 0.003 -11"><span class='ocrx_word' id='word_1_40' title='bbox 36 417 120 450; x_wconf 82' lang='grc' dir='ltr'>γελος</span> <span class='ocrx_word' id='word_1_41' title='bbox 139 419 246 453; x_wconf 81' lang='grc' dir='ltr'><strong>Κυρίου</strong></span> <span class='ocrx_word' id='word_1_42' title='bbox 268 420 489 454; x_wconf 71' lang='grc' dir='ltr'>παντοκράτορος</span> <span class='ocrx_word' id='word_1_43' title='bbox 505 420 624 452; x_wconf 83' lang='grc' dir='ltr'>λέγεται,</span> <span class='ocrx_word' id='word_1_44' title='bbox 643 420 690 446; x_wconf 77' lang='grc' dir='ltr'>καὶ</span> <span class='ocrx_word' id='word_1_45' title='bbox 721 420 758 450; x_wconf 72' lang='grc' dir='ltr'><strong>ὡς</strong></span> <span class='ocrx_word' id='word_1_46' title='bbox 780 420 834 446; x_wconf 82' lang='grc' dir='ltr'>τῶν</span> 
     </span>
    </p>
   </div>
   <div class='ocr_carea' id='block_1_7' title="bbox 38 465 834 500">
    <p class='ocr_par' dir='ltr' id='par_1_7' title="bbox 38 465 834 500">
     <span class='ocr_line' id='line_1_7' title="bbox 38 465 834 500; baseline 0.005 -11"><span class='ocrx_word' id='word_1_47' title='bbox 38 465 122 490; x_wconf 78' lang='grc' dir='ltr'>Οεῖων</span> <span class='ocrx_word' id='word_1_48' title='bbox 146 465 350 499; x_wconf 72' lang='grc' dir='ltr'>ἐξαγγελτικὸς,</span> <span class='ocrx_word' id='word_1_49' title='bbox 379 467 426 492; x_wconf 71' lang='grc' dir='ltr'>καὶ</span> <span class='ocrx_word' id='word_1_50' title='bbox 455 467 493 497; x_wconf 77' lang='grc' dir='ltr'><strong>ὡς</strong></span> <span class='ocrx_word' id='word_1_51' title='bbox 522 466 575 493; x_wconf 87' lang='grc' dir='ltr'>τῶν</span> <span class='ocrx_word' id='word_1_52' title='bbox 604 467 765 500; x_wconf 80' lang='grc' dir='ltr'>οελτ,μάτων</span> <span class='ocrx_word' id='word_1_53' title='bbox 787 467 834 493; x_wconf 81' lang='grc' dir='ltr'>τοῦ</span> 
     </span>
    </p>
   </div>
   <div class='ocr_carea' id='block_1_8' title="bbox 38 509 834 547">
    <p class='ocr_par' dir='ltr' id='par_1_8' title="bbox 38 509 834 547">
     <span class='ocr_line' id='line_1_8' title="bbox 38 509 834 547; baseline 0.005 -13"><span class='ocrx_word' id='word_1_54' title='bbox 38 509 109 535; x_wconf 78' lang='grc' dir='ltr'>Θεοῦ</span> <span class='ocrx_word' id='word_1_55' title='bbox 124 511 285 546; x_wconf 71' lang='grc' dir='ltr'>πληρωτὴς.</span> <span class='ocrx_word' id='word_1_56' title='bbox 317 512 397 538; x_wconf 76' lang='grc' dir='ltr'>Ἀλλά</span> <span class='ocrx_word' id='word_1_57' title='bbox 425 513 471 539; x_wconf 72' lang='grc' dir='ltr'>καὶ</span> <span class='ocrx_word' id='word_1_58' title='bbox 493 512 538 538; x_wconf 62' lang='grc' dir='ltr'>τὸν</span> <span class='ocrx_word' id='word_1_59' title='bbox 571 513 675 547; x_wconf 80' lang='grc' dir='ltr'>Ἰησοῦν</span> <span class='ocrx_word' id='word_1_60' title='bbox 695 512 834 543; x_wconf 71' lang='grc' dir='ltr'>εἰκονίζει·</span> 
     </span>
    </p>
   </div>
   <div class='ocr_carea' id='block_1_9' title="bbox 39 556 781 594">
    <p class='ocr_par' dir='ltr' id='par_1_9' title="bbox 39 556 781 594">
     <span class='ocr_line' id='line_1_9' title="bbox 39 556 781 594; baseline 0.004 -12"><span class='ocrx_word' id='word_1_61' title='bbox 39 556 91 591; x_wconf 80' lang='grc' dir='ltr'>τὴν</span> <span class='ocrx_word' id='word_1_62' title='bbox 107 558 163 591; x_wconf 73' lang='grc' dir='ltr'>γὰρ</span> <span class='ocrx_word' id='word_1_63' title='bbox 178 558 261 584; x_wconf 82' lang='grc' dir='ltr'>αὐτοῦ</span> <span class='ocrx_word' id='word_1_64' title='bbox 277 559 309 593; x_wconf 80' lang='grc' dir='ltr'><strong>τῇ</strong></span> <span class='ocrx_word' id='word_1_65' title='bbox 333 559 484 594; x_wconf 81' lang='grc' dir='ltr'><strong>χειροτονίᾳ</strong></span> <span class='ocrx_word' id='word_1_66' title='bbox 503 560 637 594; x_wconf 82' lang='grc' dir='ltr'>κέκτηται</span> <span class='ocrx_word' id='word_1_67' title='bbox 656 558 781 594; x_wconf 80' lang='grc' dir='ltr'>δύναμιν.</span> 
     </span>
    </p>
   </div>
   <div class='ocr_carea' id='block_1_10' title="bbox 225 689 675 726">
    <p class='ocr_par' dir='ltr' id='par_1_10' title="bbox 225 689 675 726">
     <span class='ocr_line' id='line_1_10' title="bbox 225 689 675 726; baseline 0.011 -11"><span class='ocrx_word' id='word_1_68' title='bbox 225 689 277 717; x_wconf 72' lang='grc' dir='ltr'><strong>κδ’.</strong></span> <span class='ocrx_word' id='word_1_69' title='bbox 295 691 365 717; x_wconf 79' lang='grc' dir='ltr'>Τίνα</span> <span class='ocrx_word' id='word_1_70' title='bbox 378 691 470 717; x_wconf 76' lang='grc' dir='ltr'>τυποῖ</span> <span class='ocrx_word' id='word_1_71' title='bbox 483 692 499 717; x_wconf 82' lang='grc' dir='ltr'><em>ὀ</em></span> <span class='ocrx_word' id='word_1_72' title='bbox 510 693 675 726; x_wconf 76' lang='grc' dir='ltr'>ἀρχιερεύς.</span> 
     </span>
    </p>
   </div>
   <div class='ocr_carea' id='block_1_11' title="bbox 78 734 837 774">
    <p class='ocr_par' dir='ltr' id='par_1_11' title="bbox 78 734 837 774">
     <span class='ocr_line' id='line_1_11' title="bbox 78 734 837 774; baseline 0.009 -14"><span class='ocrx_word' id='word_1_73' title='bbox 78 735 136 761; x_wconf 70' lang='grc' dir='ltr'><strong>Καὶ</strong></span> <span class='ocrx_word' id='word_1_74' title='bbox 153 734 208 769; x_wconf 77' lang='grc' dir='ltr'>πρό</span> <span class='ocrx_word' id='word_1_75' title='bbox 221 743 252 768; x_wconf 84' lang='grc' dir='ltr'><strong>γε</strong></span> <span class='ocrx_word' id='word_1_76' title='bbox 266 735 362 762; x_wconf 80' lang='grc' dir='ltr'>τούτου</span> <span class='ocrx_word' id='word_1_77' title='bbox 381 736 482 769; x_wconf 79' lang='grc' dir='ltr'>μᾶλλον</span> <span class='ocrx_word' id='word_1_78' title='bbox 497 738 510 763; x_wconf 86' lang='grc' dir='ltr'>ὀ</span> <span class='ocrx_word' id='word_1_79' title='bbox 529 738 672 774; x_wconf 82' lang='grc' dir='ltr'>ἱερὰρχης,</span> <span class='ocrx_word' id='word_1_80' title='bbox 690 740 718 770; x_wconf 77' lang='grc' dir='ltr'><strong>ὃς</strong></span> <span class='ocrx_word' id='word_1_81' title='bbox 732 741 778 767; x_wconf 69' lang='grc' dir='ltr'>καὶ</span> <span class='ocrx_word' id='word_1_82' title='bbox 791 741 837 767; x_wconf 74' lang='grc' dir='ltr'><strong>ἐπὶ</strong></span> 
     </span>
    </p>
   </div>
   <div class='ocr_carea' id='block_1_12' title="bbox 44 781 838 820">
    <p class='ocr_par' dir='ltr' id='par_1_12' title="bbox 44 781 838 820">
     <span class='ocr_line' id='line_1_12' title="bbox 44 781 838 820; baseline 0.009 -14"><span class='ocrx_word' id='word_1_83' title='bbox 44 781 95 815; x_wconf 78' lang='grc' dir='ltr'><strong>τῆς</strong></span> <span class='ocrx_word' id='word_1_84' title='bbox 109 781 249 816; x_wconf 75' lang='grc' dir='ltr'><strong>καθέδρας</strong></span> <span class='ocrx_word' id='word_1_85' title='bbox 265 782 401 816; x_wconf 81' lang='grc' dir='ltr'>καθῆσθαι</span> <span class='ocrx_word' id='word_1_86' title='bbox 415 785 552 818; x_wconf 78' lang='grc' dir='ltr'><strong>γράφεται</strong></span> <span class='ocrx_word' id='word_1_87' title='bbox 567 785 614 811; x_wconf 86' lang='grc' dir='ltr'>τοῦ</span> <span class='ocrx_word' id='word_1_88' title='bbox 636 785 766 820; x_wconf 80' lang='grc' dir='ltr'><strong>Χριστοῦ,</strong></span> <span class='ocrx_word' id='word_1_89' title='bbox 790 788 838 813; x_wconf 75' lang='grc' dir='ltr'>καὶ</span> 
     </span>
    </p>
   </div>
   <div class='ocr_carea' id='block_1_13' title="bbox 43 826 837 865">
    <p class='ocr_par' dir='ltr' id='par_1_13' title="bbox 43 826 837 865">
     <span class='ocr_line' id='line_1_13' title="bbox 43 826 837 865; baseline 0.009 -13"><span class='ocrx_word' id='word_1_90' title='bbox 43 826 93 860; x_wconf 76' lang='grc' dir='ltr'>τὴν</span> <span class='ocrx_word' id='word_1_91' title='bbox 107 827 236 859; x_wconf 76' lang='grc' dir='ltr'><strong>ἐξουσίαν</strong></span> <span class='ocrx_word' id='word_1_92' title='bbox 248 828 332 854; x_wconf 83' lang='grc' dir='ltr'>αὐτοῦ</span> <span class='ocrx_word' id='word_1_93' title='bbox 347 829 470 856; x_wconf 82' lang='grc' dir='ltr'>πλουτῶν</span> <span class='ocrx_word' id='word_1_94' title='bbox 481 831 548 865; x_wconf 77' lang='grc' dir='ltr'>ἔχει,</span> <span class='ocrx_word' id='word_1_95' title='bbox 562 831 671 865; x_wconf 77' lang='grc' dir='ltr'><strong>δεσμεῖν</strong></span> <span class='ocrx_word' id='word_1_96' title='bbox 694 833 740 858; x_wconf 75' lang='grc' dir='ltr'>καὶ</span> <span class='ocrx_word' id='word_1_97' title='bbox 763 833 837 859; x_wconf 78' lang='grc' dir='ltr'>λύειν</span> 
     </span>
    </p>
   </div>
   <div class='ocr_carea' id='block_1_14' title="bbox 43 873 837 914">
    <p class='ocr_par' dir='ltr' id='par_1_14' title="bbox 43 873 837 914">
     <span class='ocr_line' id='line_1_14' title="bbox 43 873 837 914; baseline 0.009 -16"><span class='ocrx_word' id='word_1_98' title='bbox 43 874 77 907; x_wconf 80' lang='grc' dir='ltr'>τῇ</span> <span class='ocrx_word' id='word_1_99' title='bbox 95 873 144 899; x_wconf 84' lang='grc' dir='ltr'>τοῦ</span> <span class='ocrx_word' id='word_1_100' title='bbox 160 873 230 900; x_wconf 78' lang='grc' dir='ltr'>Θεοῦ</span> <span class='ocrx_word' id='word_1_101' title='bbox 256 874 405 909; x_wconf 79' lang='grc' dir='ltr'>δυνάμενος</span> <span class='ocrx_word' id='word_1_102' title='bbox 432 876 534 910; x_wconf 86' lang='grc' dir='ltr'>χάριτι.</span> <span class='ocrx_word' id='word_1_103' title='bbox 573 876 604 903; x_wconf 89' lang='lat'><strong>&#39;0</strong></span> <span class='ocrx_word' id='word_1_104' title='bbox 625 878 680 912; x_wconf 84' lang='grc' dir='ltr'><strong>γὰρ</strong></span> <span class='ocrx_word' id='word_1_105' title='bbox 707 879 837 914; x_wconf 81' lang='grc' dir='ltr'>ἱεράρχης</span> 
     </span>
    </p>
   </div>
   <div class='ocr_carea' id='block_1_15' title="bbox 44 919 838 958">
    <p class='ocr_par' dir='ltr' id='par_1_15' title="bbox 44 919 838 958">
     <span class='ocr_line' id='line_1_15' title="bbox 44 919 838 958; baseline 0.01 -15"><span class='ocrx_word' id='word_1_106' title='bbox 44 919 94 952; x_wconf 79' lang='grc' dir='ltr'>τῆς</span> <span class='ocrx_word' id='word_1_107' title='bbox 113 919 170 945; x_wconf 83' lang='grc' dir='ltr'>τῶν</span> <span class='ocrx_word' id='word_1_108' title='bbox 195 920 354 947; x_wconf 82' lang='grc' dir='ltr'>ἀποστόλων</span> <span class='ocrx_word' id='word_1_109' title='bbox 374 922 505 957; x_wconf 87' lang='grc' dir='ltr'><strong>τυγχάνει</strong></span> <span class='ocrx_word' id='word_1_110' title='bbox 527 923 662 958; x_wconf 81' lang='grc' dir='ltr'>διαδοχῆς.</span> <span class='ocrx_word' id='word_1_111' title='bbox 678 924 759 951; x_wconf 64' lang='grc' dir='ltr'>Ὅθεν</span> <span class='ocrx_word' id='word_1_112' title='bbox 789 925 838 950; x_wconf 73' lang='grc' dir='ltr'>καὶ</span> 
     </span>
    </p>
   </div>
   <div class='ocr_carea' id='block_1_16' title="bbox 43 964 836 1005">
    <p class='ocr_par' dir='ltr' id='par_1_16' title="bbox 43 964 836 1005">
     <span class='ocr_line' id='line_1_16' title="bbox 43 964 836 1005; baseline 0.009 -16"><span class='ocrx_word' id='word_1_113' title='bbox 43 964 83 995; x_wconf 83' lang='grc' dir='ltr'><strong>ὡς</strong></span> <span class='ocrx_word' id='word_1_114' title='bbox 95 965 142 990; x_wconf 85' lang='grc' dir='ltr'>τὸν</span> <span class='ocrx_word' id='word_1_115' title='bbox 154 965 273 999; x_wconf 83' lang='grc' dir='ltr'>Χριστὸν</span> <span class='ocrx_word' id='word_1_116' title='bbox 282 966 433 1001; x_wconf 81' lang='grc' dir='ltr'>είκονίζων,</span> <span class='ocrx_word' id='word_1_117' title='bbox 453 969 483 994; x_wconf 81' lang='grc' dir='ltr'>ὲν</span> <span class='ocrx_word' id='word_1_118' title='bbox 495 969 534 1003; x_wconf 86' lang='grc' dir='ltr'>τῷ</span> <span class='ocrx_word' id='word_1_119' title='bbox 548 969 657 1003; x_wconf 77' lang='grc' dir='ltr'><strong>μέλλειν</strong></span> <span class='ocrx_word' id='word_1_120' title='bbox 672 970 836 1005; x_wconf 82' lang='grc' dir='ltr'>ἱερουργεῖν,</span> 
     </span>
    </p>
   </div>
   <div class='ocr_carea' id='block_1_17' title="bbox 43 1010 839 1049">
    <p class='ocr_par' dir='ltr' id='par_1_17' title="bbox 43 1010 839 1049">
     <span class='ocr_line' id='line_1_17' title="bbox 43 1010 839 1049; baseline 0.008 -14"><span class='ocrx_word' id='word_1_121' title='bbox 43 1010 79 1036; x_wconf 73' lang='grc' dir='ltr'>τὰ</span> <span class='ocrx_word' id='word_1_122' title='bbox 101 1010 163 1045; x_wconf 76' lang='grc' dir='ltr'>ἱερὰ</span> <span class='ocrx_word' id='word_1_123' title='bbox 177 1012 372 1046; x_wconf 73' lang='grc' dir='ltr'>περιϐάλλεται</span> <span class='ocrx_word' id='word_1_124' title='bbox 385 1013 488 1047; x_wconf 82' lang='grc' dir='ltr'>ἄμφια,</span> <span class='ocrx_word' id='word_1_125' title='bbox 506 1016 647 1049; x_wconf 84' lang='grc' dir='ltr'>σημασίαν</span> <span class='ocrx_word' id='word_1_126' title='bbox 660 1015 755 1049; x_wconf 81' lang='grc' dir='ltr'>ἔχοντα</span> <span class='ocrx_word' id='word_1_127' title='bbox 771 1015 839 1041; x_wconf 80' lang='grc' dir='ltr'>πάν-</span> 
     </span>
    </p>
   </div>
   <div class='ocr_carea' id='block_1_18' title="bbox 44 1056 839 1094">
    <p class='ocr_par' dir='ltr' id='par_1_18' title="bbox 44 1056 839 1094">
     <span class='ocr_line' id='line_1_18' title="bbox 44 1056 839 1094; baseline 0.009 -13"><span class='ocrx_word' id='word_1_128' title='bbox 44 1064 81 1082; x_wconf 71' lang='grc' dir='ltr'>τα.</span> <span class='ocrx_word' id='word_1_129' title='bbox 93 1057 143 1082; x_wconf 80' lang='grc' dir='ltr'>καὶ</span> <span class='ocrx_word' id='word_1_130' title='bbox 166 1056 283 1092; x_wconf 81' lang='grc' dir='ltr'>Θεωρίαν</span> <span class='ocrx_word' id='word_1_131' title='bbox 307 1060 510 1094; x_wconf 80' lang='grc' dir='ltr'>πνευματικήν.</span> <span class='ocrx_word' id='word_1_132' title='bbox 540 1061 607 1094; x_wconf 79' lang='grc' dir='ltr'>Περὶ</span> <span class='ocrx_word' id='word_1_133' title='bbox 630 1058 667 1088; x_wconf 80' lang='grc' dir='ltr'>ὢν</span> <span class='ocrx_word' id='word_1_134' title='bbox 689 1061 738 1087; x_wconf 76' lang='grc' dir='ltr'>καὶ</span> <span class='ocrx_word' id='word_1_135' title='bbox 768 1061 839 1088; x_wconf 80' lang='grc' dir='ltr'>κατὰ</span> 
     </span>
    </p>
   </div>
   <div class='ocr_carea' id='block_1_19' title="bbox 44 1103 810 1143">
    <p class='ocr_par' dir='ltr' id='par_1_19' title="bbox 44 1103 810 1143">
     <span class='ocr_line' id='line_1_19' title="bbox 44 1103 810 1143; baseline 0.008 -15"><span class='ocrx_word' id='word_1_136' title='bbox 44 1103 165 1138; x_wconf 65' lang='grc' dir='ltr'>δόναμιν</span> <span class='ocrx_word' id='word_1_137' title='bbox 179 1104 306 1139; x_wconf 80' lang='grc' dir='ltr'>λέγομεν.</span> <span class='ocrx_word' id='word_1_138' title='bbox 324 1105 432 1140; x_wconf 74' lang='grc' dir='ltr'>Μικρὸν</span> <span class='ocrx_word' id='word_1_139' title='bbox 447 1105 476 1132; x_wconf 83' lang='grc' dir='ltr'><strong>δὲ</strong></span> <span class='ocrx_word' id='word_1_140' title='bbox 495 1107 600 1134; x_wconf 75' lang='grc' dir='ltr'>ἀνωθεν</span> <span class='ocrx_word' id='word_1_141' title='bbox 617 1107 810 1143; x_wconf 83' lang='grc' dir='ltr'>οεωρήσωμεν.</span> 
     </span>
    </p>
   </div>
   <div class='ocr_carea' id='block_1_20' title="bbox 47 1207 840 1271">
    <p class='ocr_par' dir='ltr' id='par_1_20' title="bbox 47 1207 840 1271">
     <span class='ocr_line' id='line_1_20' title="bbox 47 1207 840 1271; baseline 0.006 -38"><span class='ocrx_word' id='word_1_142' title='bbox 47 1207 78 1233; x_wconf 88' lang='grc' dir='ltr'><strong>λ’.</strong></span> <span class='ocrx_word' id='word_1_143' title='bbox 97 1208 182 1240; x_wconf 81' lang='grc' dir='ltr'><em>Τίνες</em></span> <span class='ocrx_word' id='word_1_144' title='bbox 193 1209 223 1235; x_wconf 78' lang='grc' dir='ltr'>αἱ</span> <span class='ocrx_word' id='word_1_145' title='bbox 236 1207 337 1240; x_wconf 79' lang='grc' dir='ltr'><strong>τάξεις</strong></span> <span class='ocrx_word' id='word_1_146' title='bbox 347 1208 407 1235; x_wconf 82' lang='grc' dir='ltr'>τῶν</span> <span class='ocrx_word' id='word_1_147' title='bbox 410 1209 455 1271; x_wconf 50' lang='grc' dir='ltr'><strong>έέἷ</strong></span> <span class='ocrx_word' id='word_1_148' title='bbox 469 1209 509 1242; x_wconf 82' lang='grc' dir='ltr'>τῷ</span> <span class='ocrx_word' id='word_1_149' title='bbox 523 1209 638 1244; x_wconf 80' lang='grc' dir='ltr'>,ϐήματι</span> <span class='ocrx_word' id='word_1_150' title='bbox 651 1219 840 1244; x_wconf 83' lang='grc' dir='ltr'>χειροτονου-</span> 
     </span>
     <span class='ocr_line' id='line_1_21' title="bbox 390 1253 497 1271; baseline 0 0"><span class='ocrx_word' id='word_1_151' title='bbox 390 1253 409 1271; x_wconf 83' lang='lat' dir='ltr'><strong>u</strong></span> <span class='ocrx_word' id='word_1_152' title='bbox 446 1253 497 1271; x_wconf 88' lang='grc' dir='ltr'><strong>ων.</strong></span> 
     </span>
    </p>
   </div>
   <div class='ocr_carea' id='block_1_21' title="bbox 388 1253 497 1278">
    <p class='ocr_par' dir='ltr' id='par_1_21' title="bbox 388 1253 497 1278">
     <span class='ocr_line' id='line_1_22' title="bbox 388 1253 497 1278; baseline 0.009 -7"><span class='ocrx_word' id='word_1_153' title='bbox 388 1253 497 1278; x_wconf 73' lang='grc' dir='ltr'>μενων.</span> 
     </span>
    </p>
   </div>
   <div class='ocr_carea' id='block_1_22' title="bbox 85 1290 840 1331">
    <p class='ocr_par' dir='ltr' id='par_1_22' title="bbox 85 1290 840 1331">
     <span class='ocr_line' id='line_1_23' title="bbox 85 1290 840 1331; baseline 0.009 -14"><span class='ocrx_word' id='word_1_154' title='bbox 85 1290 150 1317; x_wconf 82' lang='grc' dir='ltr'>Τῶν</span> <span class='ocrx_word' id='word_1_155' title='bbox 162 1292 193 1317; x_wconf 82' lang='grc' dir='ltr'>ὲν</span> <span class='ocrx_word' id='word_1_156' title='bbox 204 1292 244 1326; x_wconf 86' lang='grc' dir='ltr'><strong>τῷ</strong></span> <span class='ocrx_word' id='word_1_157' title='bbox 263 1293 366 1327; x_wconf 82' lang='grc' dir='ltr'><strong>βήματι</strong></span> <span class='ocrx_word' id='word_1_158' title='bbox 382 1297 630 1330; x_wconf 82' lang='grc' dir='ltr'>χειροτονουμένων</span> <span class='ocrx_word' id='word_1_159' title='bbox 647 1297 686 1327; x_wconf 76' lang='grc' dir='ltr'><strong>εἰς</strong></span> <span class='ocrx_word' id='word_1_160' title='bbox 700 1298 774 1331; x_wconf 75' lang='grc' dir='ltr'>τρεῖς</span> <span class='ocrx_word' id='word_1_161' title='bbox 791 1298 840 1324; x_wconf 82' lang='grc' dir='ltr'>τά-</span> 
     </span>
    </p>
   </div>
   <div class='ocr_carea' id='block_1_23' title="bbox 46 1337 841 1378">
    <p class='ocr_par' dir='ltr' id='par_1_23' title="bbox 46 1337 841 1378">
     <span class='ocr_line' id='line_1_24' title="bbox 46 1337 841 1378; baseline 0.01 -16"><span class='ocrx_word' id='word_1_162' title='bbox 46 1338 105 1369; x_wconf 78' lang='grc' dir='ltr'>ξεις</span> <span class='ocrx_word' id='word_1_163' title='bbox 135 1337 344 1373; x_wconf 82' lang='grc' dir='ltr'>διαιρουμένων,</span> <span class='ocrx_word' id='word_1_164' title='bbox 371 1340 536 1372; x_wconf 71' lang='grc' dir='ltr'>ἐπισκόπου,</span> <span class='ocrx_word' id='word_1_165' title='bbox 566 1343 752 1378; x_wconf 75' lang='grc' dir='ltr'>πρεσϐυτέρου</span> <span class='ocrx_word' id='word_1_166' title='bbox 793 1345 841 1370; x_wconf 69' lang='grc' dir='ltr'>καὶ</span> 
     </span>
    </p>
   </div>
   <div class='ocr_carea' id='block_1_24' title="bbox 46 1383 839 1424">
    <p class='ocr_par' dir='ltr' id='par_1_24' title="bbox 46 1383 839 1424">
     <span class='ocr_line' id='line_1_25' title="bbox 46 1383 839 1424; baseline 0.01 -16"><span class='ocrx_word' id='word_1_167' title='bbox 46 1383 188 1415; x_wconf 73' lang='grc' dir='ltr'>διακόνου,</span> <span class='ocrx_word' id='word_1_168' title='bbox 200 1385 306 1411; x_wconf 77' lang='grc' dir='ltr'>καὶτοῦ</span> <span class='ocrx_word' id='word_1_169' title='bbox 328 1385 377 1420; x_wconf 75' lang='grc' dir='ltr'>μὲν</span> <span class='ocrx_word' id='word_1_170' title='bbox 397 1387 563 1419; x_wconf 82' lang='grc' dir='ltr'>φωτιστικοῦ</span> <span class='ocrx_word' id='word_1_171' title='bbox 585 1387 743 1423; x_wconf 79' lang='grc' dir='ltr'>λεγομένου,</span> <span class='ocrx_word' id='word_1_172' title='bbox 756 1389 839 1424; x_wconf 81' lang='grc' dir='ltr'>δηλα-</span> 
     </span>
    </p>
   </div>
   <div class='ocr_carea' id='block_1_25' title="bbox 48 1429 840 1470">
    <p class='ocr_par' dir='ltr' id='par_1_25' title="bbox 48 1429 840 1470">
     <span class='ocr_line' id='line_1_26' title="bbox 48 1429 840 1470; baseline 0.011 -16"><span class='ocrx_word' id='word_1_173' title='bbox 48 1429 81 1462; x_wconf 77' lang='grc' dir='ltr'><strong>δὴ</strong></span> <span class='ocrx_word' id='word_1_174' title='bbox 99 1429 147 1455; x_wconf 82' lang='grc' dir='ltr'>τοῦ</span> <span class='ocrx_word' id='word_1_175' title='bbox 162 1431 324 1465; x_wconf 77' lang='grc' dir='ltr'>ἀρχιερέως,</span> <span class='ocrx_word' id='word_1_176' title='bbox 339 1432 385 1457; x_wconf 77' lang='grc' dir='ltr'>καὶ</span> <span class='ocrx_word' id='word_1_177' title='bbox 399 1433 574 1465; x_wconf 83' lang='grc' dir='ltr'>μεταδοτικοῢ</span> <span class='ocrx_word' id='word_1_178' title='bbox 598 1435 653 1460; x_wconf 79' lang='grc' dir='ltr'>τῶν</span> <span class='ocrx_word' id='word_1_179' title='bbox 677 1435 758 1462; x_wconf 79' lang='grc' dir='ltr'>θείων</span> <span class='ocrx_word' id='word_1_180' title='bbox 785 1436 840 1470; x_wconf 84' lang='grc' dir='ltr'><strong>φώ-</strong></span> 
     </span>
    </p>
   </div>
   <div class='ocr_carea' id='block_1_26' title="bbox 50 1476 840 1517">
    <p class='ocr_par' dir='ltr' id='par_1_26' title="bbox 50 1476 840 1517">
     <span class='ocr_line' id='line_1_27' title="bbox 50 1476 840 1517; baseline 0.01 -16"><span class='ocrx_word' id='word_1_181' title='bbox 50 1484 116 1502; x_wconf 81' lang='grc' dir='ltr'>των.</span> <span class='ocrx_word' id='word_1_182' title='bbox 134 1476 240 1508; x_wconf 78' lang='grc' dir='ltr'><strong>Πάντες</strong></span> <span class='ocrx_word' id='word_1_183' title='bbox 254 1478 308 1512; x_wconf 78' lang='grc' dir='ltr'><strong>γὰρ</strong></span> <span class='ocrx_word' id='word_1_184' title='bbox 324 1479 494 1512; x_wconf 75' lang='grc' dir='ltr'>λαμϐάνουσι</span> <span class='ocrx_word' id='word_1_185' title='bbox 510 1481 543 1506; x_wconf 78' lang='grc' dir='ltr'><strong>δι’</strong></span> <span class='ocrx_word' id='word_1_186' title='bbox 563 1480 657 1514; x_wconf 79' lang='grc' dir='ltr'>αὑτοῦ,</span> <span class='ocrx_word' id='word_1_187' title='bbox 672 1484 840 1517; x_wconf 74' lang='grc' dir='ltr'>χειροτονίας</span> 
     </span>
    </p>
   </div>
   <div class='ocr_carea' id='block_1_27' title="bbox 553 132 1178 167">
    <p class='ocr_par' dir='ltr' id='par_1_27' title="bbox 553 132 1178 167">
     <span class='ocr_line' id='line_1_28' title="bbox 553 132 1178 167; baseline 0.008 -4"><span class='ocrx_word' id='word_1_188' title='bbox 553 134 763 164; x_wconf 67' lang='lat' dir='ltr'><strong>EXPOSITIO</strong></span> <span class='ocrx_word' id='word_1_189' title='bbox 787 132 834 163; x_wconf 81' lang='lat' dir='ltr'><strong>DE</strong></span> <span class='ocrx_word' id='word_1_190' title='bbox 856 134 992 164; x_wconf 64' lang='lat' dir='ltr'><strong>DlVlNO</strong></span> <span class='ocrx_word' id='word_1_191' title='bbox 1013 133 1178 167; x_wconf 74' lang='lat' dir='ltr'><strong>TEMPLO.</strong></span> 
     </span>
    </p>
   </div>
   <div class='ocr_carea' id='block_1_28' title="bbox 32 188 838 223">
    <p class='ocr_par' dir='ltr' id='par_1_28' title="bbox 32 188 831 223">
     <span class='ocr_line' id='line_1_29' title="bbox 32 188 831 223; baseline 0 -10"><span class='ocrx_word' id='word_1_192' title='bbox 32 188 108 222; x_wconf 71' lang='grc' dir='ltr'>πρὸς</span> <span class='ocrx_word' id='word_1_193' title='bbox 123 188 230 220; x_wconf 77' lang='grc' dir='ltr'>σκότος.</span> <span class='ocrx_word' id='word_1_194' title='bbox 246 189 276 215; x_wconf 85' lang='grc' dir='ltr'>Εἰ</span> <span class='ocrx_word' id='word_1_195' title='bbox 293 188 322 216; x_wconf 82' lang='grc' dir='ltr'>δέ</span> <span class='ocrx_word' id='word_1_196' title='bbox 340 197 381 220; x_wconf 77' lang='grc' dir='ltr'>τις</span> <span class='ocrx_word' id='word_1_197' title='bbox 397 188 579 223; x_wconf 66' lang='grc' dir='ltr'>ἒπιστραφεῐη</span> <span class='ocrx_word' id='word_1_198' title='bbox 612 189 679 223; x_wconf 54' lang='lat' dir='ltr'><strong>apo;</strong></span> <span class='ocrx_word' id='word_1_199' title='bbox 704 189 734 214; x_wconf 73' lang='grc' dir='ltr'>τὸ</span> <span class='ocrx_word' id='word_1_200' title='bbox 763 188 831 222; x_wconf 80' lang='grc' dir='ltr'>φῶς,</span> 
     </span>
    </p>
   </div>
   <div class='ocr_carea' id='block_1_29' title="bbox 896 188 1133 223">
    <p class='ocr_par' dir='ltr' id='par_1_29' title="bbox 896 188 1133 220">
     <span class='ocr_line' id='line_1_30' title="bbox 896 188 1133 220; baseline 0.004 -7"><span class='ocrx_word' id='word_1_201' title='bbox 896 188 939 214; x_wconf 81' lang='lat' dir='ltr'><strong>ide</strong></span> <span class='ocrx_word' id='word_1_202' title='bbox 956 189 1133 220; x_wconf 77' lang='lat' dir='ltr'><strong>sentientem,</strong></span> 
     </span>
    </p>
   </div>
   <div class='ocr_carea' id='block_1_30' title="bbox 1620 132 1673 164">
    <p class='ocr_par' dir='ltr' id='par_1_30' title="bbox 1620 132 1673 164">
     <span class='ocr_line' id='line_1_31' title="bbox 1620 132 1673 164; baseline 0.019 -1"><span class='ocrx_word' id='word_1_203' title='bbox 1620 132 1673 164; x_wconf 75' lang='lat' dir='ltr'><strong>7J0</strong></span> 
     </span>
    </p>
   </div>
   <div class='ocr_carea' id='block_1_31' title="bbox 1170 187 1675 216">
    <p class='ocr_par' dir='ltr' id='par_1_31' title="bbox 1170 187 1675 216">
     <span class='ocr_line' id='line_1_32' title="bbox 1170 187 1675 216; baseline 0 -1"><span class='ocrx_word' id='word_1_204' title='bbox 1170 188 1245 215; x_wconf 69' lang='lat' dir='ltr'><strong>uel&#39;as</strong></span> <span class='ocrx_word' id='word_1_205' title='bbox 1273 193 1325 216; x_wconf 86' lang='lat' dir='ltr'><strong>cst.</strong></span> <span class='ocrx_word' id='word_1_206' title='bbox 1347 187 1424 215; x_wconf 83' lang='lat' dir='ltr'><strong>Nulla</strong></span> <span class='ocrx_word' id='word_1_207' title='bbox 1454 187 1525 215; x_wconf 83' lang='lat' dir='ltr'><strong>cnim</strong></span> <span class='ocrx_word' id='word_1_208' title='bbox 1556 188 1675 216; x_wconf 83' lang='lat' dir='ltr'><strong>societas</strong></span> 
     </span>
    </p>
   </div>
   <div class='ocr_carea' id='block_1_32' title="bbox 887 234 1676 269">
    <p class='ocr_par' dir='ltr' id='par_1_32' title="bbox 887 234 1676 269">
     <span class='ocr_line' id='line_1_33' title="bbox 887 234 1676 269; baseline 0 -8"><span class='ocrx_word' id='word_1_209' title='bbox 887 235 956 261; x_wconf 83' lang='lat' dir='ltr'><strong>lucis</strong></span> <span class='ocrx_word' id='word_1_210' title='bbox 973 235 1006 261; x_wconf 86' lang='lat' dir='ltr'><strong>ad</strong></span> <span class='ocrx_word' id='word_1_211' title='bbox 1024 235 1160 262; x_wconf 80' lang='lat' dir='ltr'><strong>tcnchras.</strong></span> <span class='ocrx_word' id='word_1_212' title='bbox 1191 235 1219 262; x_wconf 90' lang='lat' dir='ltr'><strong>Si</strong></span> <span class='ocrx_word' id='word_1_213' title='bbox 1238 235 1300 269; x_wconf 88' lang='lat' dir='ltr'><strong>quis</strong></span> <span class='ocrx_word' id='word_1_214' title='bbox 1323 239 1412 262; x_wconf 81' lang='lat' dir='ltr'><strong>autem</strong></span> <span class='ocrx_word' id='word_1_215' title='bbox 1433 234 1466 262; x_wconf 88' lang='lat' dir='ltr'><strong>ad</strong></span> <span class='ocrx_word' id='word_1_216' title='bbox 1492 235 1578 262; x_wconf 90' lang='lat' dir='ltr'><strong>lucem</strong></span> <span class='ocrx_word' id='word_1_217' title='bbox 1609 243 1676 261; x_wconf 89' lang='lat' dir='ltr'><strong>cou-</strong></span> 
     </span>
    </p>
   </div>
   <div class='ocr_carea' id='block_1_33' title="bbox 886 282 1678 316">
    <p class='ocr_par' dir='ltr' id='par_1_33' title="bbox 886 282 1678 316">
     <span class='ocr_line' id='line_1_34' title="bbox 886 282 1678 316; baseline 0.003 -9"><span class='ocrx_word' id='word_1_218' title='bbox 886 290 984 309; x_wconf 81' lang='lat' dir='ltr'><strong>versus</strong></span> <span class='ocrx_word' id='word_1_219' title='bbox 1022 282 1125 313; x_wconf 74' lang='lat' dir='ltr'><strong>fuerit,</strong></span> <span class='ocrx_word' id='word_1_220' title='bbox 1150 285 1206 308; x_wconf 89' lang='lat' dir='ltr'><strong>tum</strong></span> <span class='ocrx_word' id='word_1_221' title='bbox 1224 282 1267 309; x_wconf 86' lang='lat' dir='ltr'><strong>his</strong></span> <span class='ocrx_word' id='word_1_222' title='bbox 1292 282 1341 316; x_wconf 87' lang='lat' dir='ltr'><strong>qui</strong></span> <span class='ocrx_word' id='word_1_223' title='bbox 1367 282 1438 309; x_wconf 90' lang='lat' dir='ltr'><strong>lucis</strong></span> <span class='ocrx_word' id='word_1_224' title='bbox 1454 286 1528 313; x_wconf 86' lang='lat' dir='ltr'><strong>sunt,</strong></span> <span class='ocrx_word' id='word_1_225' title='bbox 1546 286 1678 315; x_wconf 79' lang='lat' dir='ltr'><strong>acceptus</strong></span> 
     </span>
    </p>
   </div>
   <div class='ocr_carea' id='block_1_34' title="bbox 885 328 1674 363">
    <p class='ocr_par' dir='ltr' id='par_1_34' title="bbox 885 328 1674 363">
     <span class='ocr_line' id='line_1_35' title="bbox 885 328 1674 363; baseline 0 -9"><span class='ocrx_word' id='word_1_226' title='bbox 885 329 948 354; x_wconf 83' lang='lat' dir='ltr'><strong>erit.</strong></span> <span class='ocrx_word' id='word_1_227' title='bbox 959 328 992 354; x_wconf 75' lang='lat' dir='ltr'><strong>Et</strong></span> <span class='ocrx_word' id='word_1_228' title='bbox 1004 329 1061 354; x_wconf 70' lang='lat' dir='ltr'><strong>lucc.</strong></span> <span class='ocrx_word' id='word_1_229' title='bbox 1074 328 1183 362; x_wconf 80' lang='lat' dir='ltr'><strong>quidem</strong></span> <span class='ocrx_word' id='word_1_230' title='bbox 1194 329 1318 354; x_wconf 79' lang='lat' dir='ltr'><strong>divinum</strong></span> <span class='ocrx_word' id='word_1_231' title='bbox 1335 329 1463 363; x_wconf 88' lang='lat' dir='ltr'><strong>templum</strong></span> <span class='ocrx_word' id='word_1_232' title='bbox 1477 334 1506 355; x_wconf 84' lang='grc' dir='ltr'><strong>ιιι</strong></span> <span class='ocrx_word' id='word_1_233' title='bbox 1521 329 1546 354; x_wconf 90' lang='lat' dir='ltr'><strong>iu</strong></span> <span class='ocrx_word' id='word_1_234' title='bbox 1557 330 1674 362; x_wconf 80' lang='lat' dir='ltr'><strong>quadam</strong></span> 
     </span>
    </p>
   </div>
   <div class='ocr_carea' id='block_1_35' title="bbox 886 374 1677 408">
    <p class='ocr_par' dir='ltr' id='par_1_35' title="bbox 886 374 1677 408">
     <span class='ocr_line' id='line_1_36' title="bbox 886 374 1677 408; baseline 0 -8"><span class='ocrx_word' id='word_1_235' title='bbox 886 374 970 407; x_wconf 71' lang='lat' dir='ltr'><strong>clligie</strong></span> <span class='ocrx_word' id='word_1_236' title='bbox 997 375 1075 401; x_wconf 74' lang='lat' dir='ltr'><strong>&quot;nilis</strong></span> <span class='ocrx_word' id='word_1_237' title='bbox 1109 375 1239 407; x_wconf 81' lang='lat' dir='ltr'><strong>exhibet;</strong></span> <span class='ocrx_word' id='word_1_238' title='bbox 1269 375 1375 402; x_wconf 86' lang='lat' dir='ltr'><strong>tametsi</strong></span> <span class='ocrx_word' id='word_1_239' title='bbox 1409 375 1485 408; x_wconf 86' lang='lat' dir='ltr'><strong>plura</strong></span> <span class='ocrx_word' id='word_1_240' title='bbox 1518 375 1579 402; x_wconf 86' lang='lat' dir='ltr'><strong>licet</strong></span> <span class='ocrx_word' id='word_1_241' title='bbox 1613 375 1677 401; x_wconf 90' lang='lat' dir='ltr'><strong>hinc</strong></span> 
     </span>
    </p>
   </div>
   <div class='ocr_carea' id='block_1_36' title="bbox 886 419 1678 455">
    <p class='ocr_par' dir='ltr' id='par_1_36' title="bbox 886 419 1678 455">
     <span class='ocr_line' id='line_1_37' title="bbox 886 419 1678 455; baseline 0 -9"><span class='ocrx_word' id='word_1_242' title='bbox 886 419 940 447; x_wconf 86' lang='lat' dir='ltr'><strong>illis</strong></span> <span class='ocrx_word' id='word_1_243' title='bbox 956 421 1118 455; x_wconf 77' lang='lat' dir='ltr'><strong>intelligere,</strong></span> <span class='ocrx_word' id='word_1_244' title='bbox 1136 422 1181 453; x_wconf 93' lang='lat' dir='ltr'><strong>qui</strong></span> <span class='ocrx_word' id='word_1_245' title='bbox 1200 421 1391 448; x_wconf 80' lang='lat' dir='ltr'><strong>considerandi</strong></span> <span class='ocrx_word' id='word_1_246' title='bbox 1410 421 1564 448; x_wconf 71' lang='lat' dir='ltr'><strong>{aeultatem</strong></span> <span class='ocrx_word' id='word_1_247' title='bbox 1593 421 1678 454; x_wconf 84' lang='lat' dir='ltr'><strong>majo-</strong></span> 
     </span>
    </p>
   </div>
   <div class='ocr_carea' id='block_1_37' title="bbox 886 466 1678 501">
    <p class='ocr_par' dir='ltr' id='par_1_37' title="bbox 886 466 1678 501">
     <span class='ocr_line' id='line_1_38' title="bbox 886 466 1678 501; baseline 0 -9"><span class='ocrx_word' id='word_1_248' title='bbox 886 473 942 492; x_wconf 85' lang='lat' dir='ltr'><strong>rem</strong></span> <span class='ocrx_word' id='word_1_249' title='bbox 969 473 983 492; x_wconf 87' lang='lat' dir='ltr'><strong>a</strong></span> <span class='ocrx_word' id='word_1_250' title='bbox 1005 466 1062 492; x_wconf 88' lang='lat' dir='ltr'><strong>Deo</strong></span> <span class='ocrx_word' id='word_1_251' title='bbox 1092 472 1266 501; x_wconf 80' lang='lat' dir='ltr'><strong>acceperunt.</strong></span> <span class='ocrx_word' id='word_1_252' title='bbox 1281 467 1415 493; x_wconf 85' lang='lat' dir='ltr'><strong>Sacerdos</strong></span> <span class='ocrx_word' id='word_1_253' title='bbox 1436 466 1571 500; x_wconf 69' lang='lat' dir='ltr'><strong>prmeipue</strong></span> <span class='ocrx_word' id='word_1_254' title='bbox 1587 466 1613 492; x_wconf 91' lang='lat' dir='ltr'><strong>in</strong></span> <span class='ocrx_word' id='word_1_255' title='bbox 1630 473 1678 492; x_wconf 85' lang='lat' dir='ltr'><strong>sa-</strong></span> 
     </span>
    </p>
   </div>
   <div class='ocr_carea' id='block_1_38' title="bbox 886 512 1676 547">
    <p class='ocr_par' dir='ltr' id='par_1_38' title="bbox 886 512 1676 547">
     <span class='ocr_line' id='line_1_39' title="bbox 886 512 1676 547; baseline -0.003 -9"><span class='ocrx_word' id='word_1_256' title='bbox 886 512 942 539; x_wconf 80' lang='lat' dir='ltr'><strong>cris</strong></span> <span class='ocrx_word' id='word_1_257' title='bbox 956 513 1054 539; x_wconf 92' lang='lat' dir='ltr'><strong>litteris</strong></span> <span class='ocrx_word' id='word_1_258' title='bbox 1064 514 1177 547; x_wconf 72' lang='lat' dir='ltr'><strong>angelus</strong></span> <span class='ocrx_word' id='word_1_259' title='bbox 1189 513 1294 539; x_wconf 82' lang='lat' dir='ltr'><strong>Domini</strong></span> <span class='ocrx_word' id='word_1_260' title='bbox 1304 512 1501 547; x_wconf 66' lang='lat' dir='ltr'><strong>omnipotentis</strong></span> <span class='ocrx_word' id='word_1_261' title='bbox 1513 512 1676 546; x_wconf 82' lang='lat' dir='ltr'><strong>appellatur,</strong></span> 
     </span>
    </p>
   </div>
   <div class='ocr_carea' id='block_1_39' title="bbox 886 558 1678 593">
    <p class='ocr_par' dir='ltr' id='par_1_39' title="bbox 886 558 1678 593">
     <span class='ocr_line' id='line_1_40' title="bbox 886 558 1678 593; baseline -0.001 -9"><span class='ocrx_word' id='word_1_262' title='bbox 886 564 916 585; x_wconf 79' lang='grc' dir='ltr'><strong>ιιι</strong></span> <span class='ocrx_word' id='word_1_263' title='bbox 937 559 982 593; x_wconf 89' lang='lat' dir='ltr'><strong>qui</strong></span> <span class='ocrx_word' id='word_1_264' title='bbox 997 559 1086 585; x_wconf 82' lang='lat' dir='ltr'><strong>divina</strong></span> <span class='ocrx_word' id='word_1_265' title='bbox 1103 564 1234 593; x_wconf 62' lang='lat' dir='ltr'><strong>praecepta</strong></span> <span class='ocrx_word' id='word_1_266' title='bbox 1248 559 1390 586; x_wconf 87' lang='lat' dir='ltr'><strong>anttuntiet</strong></span> <span class='ocrx_word' id='word_1_267' title='bbox 1405 563 1432 585; x_wconf 72' lang='lat' dir='ltr'><strong>et</strong></span> <span class='ocrx_word' id='word_1_268' title='bbox 1443 559 1563 585; x_wconf 87' lang='lat' dir='ltr'><strong>divinam</strong></span> <span class='ocrx_word' id='word_1_269' title='bbox 1579 558 1678 584; x_wconf 83' lang='lat' dir='ltr'><strong>volun-</strong></span> 
     </span>
    </p>
   </div>
   <div class='ocr_carea' id='block_1_40' title="bbox 887 604 1675 638">
    <p class='ocr_par' dir='ltr' id='par_1_40' title="bbox 887 604 1675 638">
     <span class='ocr_line' id='line_1_41' title="bbox 887 604 1675 638; baseline -0.004 -6"><span class='ocrx_word' id='word_1_270' title='bbox 887 609 968 632; x_wconf 80' lang='lat' dir='ltr'><strong>tatem</strong></span> <span class='ocrx_word' id='word_1_271' title='bbox 981 605 1101 638; x_wconf 79' lang='lat' dir='ltr'><strong>impleat.</strong></span> <span class='ocrx_word' id='word_1_272' title='bbox 1111 605 1180 637; x_wconf 81' lang='lat' dir='ltr'><strong>Quin</strong></span> <span class='ocrx_word' id='word_1_273' title='bbox 1191 610 1216 631; x_wconf 83' lang='lat' dir='ltr'><strong>et</strong></span> <span class='ocrx_word' id='word_1_274' title='bbox 1226 604 1318 632; x_wconf 82' lang='lat' dir='ltr'><strong>Jesum</strong></span> <span class='ocrx_word' id='word_1_275' title='bbox 1333 607 1520 638; x_wconf 72' lang='lat' dir='ltr'><strong>reprmsentat;</strong></span> <span class='ocrx_word' id='word_1_276' title='bbox 1533 604 1592 638; x_wconf 85' lang='lat' dir='ltr'><strong>ejus</strong></span> <span class='ocrx_word' id='word_1_277' title='bbox 1602 604 1675 631; x_wconf 82' lang='lat' dir='ltr'><strong>enim</strong></span> 
     </span>
    </p>
   </div>
   <div class='ocr_carea' id='block_1_41' title="bbox 887 651 1572 686">
    <p class='ocr_par' dir='ltr' id='par_1_41' title="bbox 887 651 1572 686">
     <span class='ocr_line' id='line_1_42' title="bbox 887 651 1572 686; baseline -0.001 -8"><span class='ocrx_word' id='word_1_278' title='bbox 887 654 1049 686; x_wconf 88' lang='lat' dir='ltr'><strong>potestatem</strong></span> <span class='ocrx_word' id='word_1_279' title='bbox 1074 659 1122 685; x_wconf 77' lang='lat' dir='ltr'><strong>por</strong></span> <span class='ocrx_word' id='word_1_280' title='bbox 1136 652 1369 678; x_wconf 73' lang='lat' dir='ltr'><strong>consecrationem</strong></span> <span class='ocrx_word' id='word_1_281' title='bbox 1388 655 1430 677; x_wconf 77' lang='lat' dir='ltr'><strong>est</strong></span> <span class='ocrx_word' id='word_1_282' title='bbox 1445 651 1572 685; x_wconf 72' lang='lat' dir='ltr'><strong>adeptus.</strong></span> 
     </span>
    </p>
   </div>
   <div class='ocr_carea' id='block_1_42' title="bbox 991 697 1553 732">
    <p class='ocr_par' dir='ltr' id='par_1_42' title="bbox 991 697 1553 732">
     <span class='ocr_line' id='line_1_43' title="bbox 991 697 1553 732; baseline 0.002 -9"><span class='ocrx_word' id='word_1_283' title='bbox 991 697 1036 724; x_wconf 74' lang='grc'><strong>29.</strong></span> <span class='ocrx_word' id='word_1_284' title='bbox 1054 697 1120 729; x_wconf 76' lang='lat' dir='ltr'><strong>Quis</strong></span> <span class='ocrx_word' id='word_1_285' title='bbox 1148 699 1332 732; x_wconf 73' lang='lat' dir='ltr'><strong>prmﬁgnretur</strong></span> <span class='ocrx_word' id='word_1_286' title='bbox 1363 698 1395 724; x_wconf 82' lang='lat' dir='ltr'><strong>ab</strong></span> <span class='ocrx_word' id='word_1_287' title='bbox 1423 699 1553 731; x_wconf 74' lang='lat' dir='ltr'><strong>episcopo.</strong></span> 
     </span>
    </p>
   </div>
   <div class='ocr_carea' id='block_1_43' title="bbox 925 742 1677 777">
    <p class='ocr_par' dir='ltr' id='par_1_43' title="bbox 925 742 1677 777">
     <span class='ocr_line' id='line_1_44' title="bbox 925 742 1677 777; baseline 0 -9"><span class='ocrx_word' id='word_1_288' title='bbox 925 742 956 768; x_wconf 77' lang='lat' dir='ltr'><strong>Et</strong></span> <span class='ocrx_word' id='word_1_289' title='bbox 979 743 1095 776; x_wconf 76' lang='lat' dir='ltr'><strong>amplius</strong></span> <span class='ocrx_word' id='word_1_290' title='bbox 1121 751 1174 775; x_wconf 66' lang='lat' dir='ltr'><strong>pra:</strong></span> <span class='ocrx_word' id='word_1_291' title='bbox 1202 743 1343 769; x_wconf 76' lang='lat' dir='ltr'><strong>sacerdote</strong></span> <span class='ocrx_word' id='word_1_292' title='bbox 1375 743 1507 777; x_wconf 71' lang='lat' dir='ltr'><strong>pontifex.</strong></span> <span class='ocrx_word' id='word_1_293' title='bbox 1535 743 1579 775; x_wconf 89' lang='lat' dir='ltr'><strong>qtti</strong></span> <span class='ocrx_word' id='word_1_294' title='bbox 1607 742 1677 768; x_wconf 87' lang='lat' dir='ltr'><strong>etin</strong></span> 
     </span>
    </p>
   </div>
   <div class='ocr_carea' id='block_1_44' title="bbox 888 788 1678 822">
    <p class='ocr_par' dir='ltr' id='par_1_44' title="bbox 888 788 1678 822">
     <span class='ocr_line' id='line_1_45' title="bbox 888 788 1678 822; baseline 0 -8"><span class='ocrx_word' id='word_1_295' title='bbox 888 788 1016 815; x_wconf 77' lang='lat' dir='ltr'><strong>cathedra</strong></span> <span class='ocrx_word' id='word_1_296' title='bbox 1056 788 1158 815; x_wconf 69' lang='lat' dir='ltr'><strong>Christi</strong></span> <span class='ocrx_word' id='word_1_297' title='bbox 1193 788 1290 816; x_wconf 81' lang='lat' dir='ltr'><strong>sedere</strong></span> <span class='ocrx_word' id='word_1_298' title='bbox 1324 789 1434 819; x_wconf 70' lang='lat' dir='ltr'><strong>dicitur.</strong></span> <span class='ocrx_word' id='word_1_299' title='bbox 1467 793 1494 814; x_wconf 85' lang='lat' dir='ltr'><strong>et</strong></span> <span class='ocrx_word' id='word_1_300' title='bbox 1535 788 1678 822; x_wconf 75' lang='lat' dir='ltr'><strong>potestatis</strong></span> 
     </span>
    </p>
   </div>
   <div class='ocr_carea' id='block_1_45' title="bbox 888 833 1678 868">
    <p class='ocr_par' dir='ltr' id='par_1_45' title="bbox 888 833 1678 868">
     <span class='ocr_line' id='line_1_46' title="bbox 888 833 1678 868; baseline -0.003 -8"><span class='ocrx_word' id='word_1_301' title='bbox 888 834 948 867; x_wconf 82' lang='lat' dir='ltr'><strong>ejus</strong></span> <span class='ocrx_word' id='word_1_302' title='bbox 963 834 1070 868; x_wconf 87' lang='lat' dir='ltr'><strong>copiam</strong></span> <span class='ocrx_word' id='word_1_303' title='bbox 1095 835 1210 866; x_wconf 79' lang='lat' dir='ltr'><strong>obtinet,</strong></span> <span class='ocrx_word' id='word_1_304' title='bbox 1226 839 1256 861; x_wconf 90' lang='lat' dir='ltr'><strong>ut</strong></span> <span class='ocrx_word' id='word_1_305' title='bbox 1285 833 1332 861; x_wconf 88' lang='lat' dir='ltr'><strong>Dei</strong></span> <span class='ocrx_word' id='word_1_306' title='bbox 1362 834 1448 868; x_wconf 79' lang='lat' dir='ltr'><strong>gratia</strong></span> <span class='ocrx_word' id='word_1_307' title='bbox 1481 834 1565 867; x_wconf 71' lang='lat' dir='ltr'><strong>ligare</strong></span> <span class='ocrx_word' id='word_1_308' title='bbox 1580 839 1606 861; x_wconf 89' lang='lat' dir='ltr'><strong>et</strong></span> <span class='ocrx_word' id='word_1_309' title='bbox 1623 834 1678 860; x_wconf 84' lang='lat' dir='ltr'><strong>sol-</strong></span> 
     </span>
    </p>
   </div>
   <div class='ocr_carea' id='block_1_46' title="bbox 890 880 1678 915">
    <p class='ocr_par' dir='ltr' id='par_1_46' title="bbox 890 880 1678 915">
     <span class='ocr_line' id='line_1_47' title="bbox 890 880 1678 915; baseline 0 -9"><span class='ocrx_word' id='word_1_310' title='bbox 890 887 953 907; x_wconf 82' lang='lat' dir='ltr'><strong>vere.</strong></span> <span class='ocrx_word' id='word_1_311' title='bbox 979 881 1075 914; x_wconf 86' lang='lat' dir='ltr'><strong>possit.</strong></span> <span class='ocrx_word' id='word_1_312' title='bbox 1090 880 1214 907; x_wconf 80' lang='lat' dir='ltr'><strong>Pontifex</strong></span> <span class='ocrx_word' id='word_1_313' title='bbox 1245 880 1318 907; x_wconf 89' lang='lat' dir='ltr'><strong>enim</strong></span> <span class='ocrx_word' id='word_1_314' title='bbox 1347 881 1591 915; x_wconf 79' lang='lat' dir='ltr'><strong>apestolorumcst</strong></span> <span class='ocrx_word' id='word_1_315' title='bbox 1616 887 1678 906; x_wconf 89' lang='lat' dir='ltr'><strong>suc-</strong></span> 
     </span>
    </p>
   </div>
   <div class='ocr_carea' id='block_1_47' title="bbox 889 926 1677 961">
    <p class='ocr_par' dir='ltr' id='par_1_47' title="bbox 889 926 1677 961">
     <span class='ocr_line' id='line_1_48' title="bbox 889 926 1677 961; baseline -0.001 -8"><span class='ocrx_word' id='word_1_316' title='bbox 889 934 991 954; x_wconf 84' lang='lat' dir='ltr'><strong>cesser.</strong></span> <span class='ocrx_word' id='word_1_317' title='bbox 1011 926 1091 954; x_wconf 84' lang='lat' dir='ltr'><strong>Unde</strong></span> <span class='ocrx_word' id='word_1_318' title='bbox 1117 927 1199 953; x_wconf 80' lang='lat' dir='ltr'><strong>etiam</strong></span> <span class='ocrx_word' id='word_1_319' title='bbox 1226 931 1355 961; x_wconf 88' lang='lat' dir='ltr'><strong>tauquam</strong></span> <span class='ocrx_word' id='word_1_320' title='bbox 1380 926 1482 954; x_wconf 87' lang='lat' dir='ltr'><strong>Christi</strong></span> <span class='ocrx_word' id='word_1_321' title='bbox 1512 927 1600 960; x_wconf 79' lang='lat' dir='ltr'><strong>imago</strong></span> <span class='ocrx_word' id='word_1_322' title='bbox 1622 933 1677 952; x_wconf 85' lang='lat' dir='ltr'><strong>rem</strong></span> 
     </span>
    </p>
   </div>
   <div class='ocr_carea' id='block_1_48' title="bbox 889 972 1680 1006">
    <p class='ocr_par' dir='ltr' id='par_1_48' title="bbox 889 972 1680 1006">
     <span class='ocr_line' id='line_1_49' title="bbox 889 972 1680 1006; baseline -0.003 -6"><span class='ocrx_word' id='word_1_323' title='bbox 889 973 1010 1000; x_wconf 81' lang='lat' dir='ltr'><strong>divinam</strong></span> <span class='ocrx_word' id='word_1_324' title='bbox 1038 972 1162 1000; x_wconf 81' lang='lat' dir='ltr'><strong>facturus</strong></span> <span class='ocrx_word' id='word_1_325' title='bbox 1193 981 1272 1000; x_wconf 85' lang='lat' dir='ltr'><strong>sacra</strong></span> <span class='ocrx_word' id='word_1_326' title='bbox 1302 974 1465 1000; x_wconf 84' lang='lat' dir='ltr'><strong>vestimenta</strong></span> <span class='ocrx_word' id='word_1_327' title='bbox 1490 973 1589 1005; x_wconf 83' lang='lat' dir='ltr'><strong>induit,</strong></span> <span class='ocrx_word' id='word_1_328' title='bbox 1619 980 1680 1006; x_wconf 67' lang='lat' dir='ltr'><strong>quin</strong></span> 
     </span>
    </p>
   </div>
   <div class='ocr_carea' id='block_1_49' title="bbox 889 1018 1679 1055">
    <p class='ocr_par' dir='ltr' id='par_1_49' title="bbox 889 1018 1679 1055">
     <span class='ocr_line' id='line_1_50' title="bbox 889 1018 1679 1055; baseline -0.003 -9"><span class='ocrx_word' id='word_1_329' title='bbox 889 1019 980 1046; x_wconf 89' lang='lat' dir='ltr'><strong>omnia</strong></span> <span class='ocrx_word' id='word_1_330' title='bbox 1009 1018 1235 1055; x_wconf 80' lang='lat' dir='ltr'><strong>signiﬁcationem</strong></span> <span class='ocrx_word' id='word_1_331' title='bbox 1257 1019 1565 1053; x_wconf 78' lang='lat' dir='ltr'><strong>considerationemque</strong></span> <span class='ocrx_word' id='word_1_332' title='bbox 1594 1018 1679 1052; x_wconf 84' lang='lat' dir='ltr'><strong>spiri-</strong></span> 
     </span>
    </p>
   </div>
   <div class='ocr_carea' id='block_1_50' title="bbox 890 1063 1679 1100">
    <p class='ocr_par' dir='ltr' id='par_1_50' title="bbox 890 1063 1679 1100">
     <span class='ocr_line' id='line_1_51' title="bbox 890 1063 1679 1100; baseline -0.003 -8"><span class='ocrx_word' id='word_1_333' title='bbox 890 1065 990 1092; x_wconf 89' lang='lat' dir='ltr'><strong>tualem</strong></span> <span class='ocrx_word' id='word_1_334' title='bbox 1036 1065 1275 1100; x_wconf 86' lang='lat' dir='ltr'><strong>complectuntur:</strong></span> <span class='ocrx_word' id='word_1_335' title='bbox 1305 1065 1340 1093; x_wconf 88' lang='lat' dir='ltr'><strong>de</strong></span> <span class='ocrx_word' id='word_1_336' title='bbox 1375 1066 1476 1100; x_wconf 88' lang='lat' dir='ltr'><strong>quibus</strong></span> <span class='ocrx_word' id='word_1_337' title='bbox 1515 1073 1565 1100; x_wconf 88' lang='lat' dir='ltr'><strong>pro</strong></span> <span class='ocrx_word' id='word_1_338' title='bbox 1605 1063 1679 1091; x_wconf 74' lang='lat' dir='ltr'><strong>virili</strong></span> 
     </span>
    </p>
   </div>
   <div class='ocr_carea' id='block_1_51' title="bbox 890 1111 1680 1145">
    <p class='ocr_par' dir='ltr' id='par_1_51' title="bbox 890 1111 1680 1145">
     <span class='ocr_line' id='line_1_52' title="bbox 890 1111 1680 1145; baseline -0.001 -7"><span class='ocrx_word' id='word_1_339' title='bbox 890 1116 986 1139; x_wconf 87' lang='lat' dir='ltr'><strong>nostra</strong></span> <span class='ocrx_word' id='word_1_340' title='bbox 1030 1111 1165 1139; x_wconf 83' lang='lat' dir='ltr'><strong>dicemus.</strong></span> <span class='ocrx_word' id='word_1_341' title='bbox 1204 1111 1291 1138; x_wconf 86' lang='lat' dir='ltr'><strong>Paulo</strong></span> <span class='ocrx_word' id='word_1_342' title='bbox 1334 1116 1425 1139; x_wconf 83' lang='lat' dir='ltr'><strong>autent</strong></span> <span class='ocrx_word' id='word_1_343' title='bbox 1464 1111 1590 1145; x_wconf 82' lang='lat' dir='ltr'><strong>superius</strong></span> <span class='ocrx_word' id='word_1_344' title='bbox 1635 1118 1680 1137; x_wconf 88' lang='lat' dir='ltr'><strong>res</strong></span> 
     </span>
    </p>
   </div>
   <div class='ocr_carea' id='block_1_52' title="bbox 891 1157 1644 1192">
    <p class='ocr_par' dir='ltr' id='par_1_52' title="bbox 891 1157 1644 1192">
     <span class='ocr_line' id='line_1_53' title="bbox 891 1157 1644 1192; baseline -0.003 -8"><span class='ocrx_word' id='word_1_345' title='bbox 891 1157 980 1185; x_wconf 89' lang='lat' dir='ltr'><strong>omnis</strong></span> <span class='ocrx_word' id='word_1_346' title='bbox 1006 1165 1021 1184; x_wconf 88' lang='lat' dir='ltr'><strong>a</strong></span> <span class='ocrx_word' id='word_1_347' title='bbox 1037 1157 1118 1184; x_wconf 88' lang='lat' dir='ltr'><strong>nobis</strong></span> <span class='ocrx_word' id='word_1_348' title='bbox 1137 1157 1368 1192; x_wconf 77' lang='lat' dir='ltr'><strong>contemplatione</strong></span> <span class='ocrx_word' id='word_1_349' title='bbox 1396 1158 1561 1184; x_wconf 80' lang='lat' dir='ltr'><strong>resumenda</strong></span> <span class='ocrx_word' id='word_1_350' title='bbox 1591 1159 1644 1183; x_wconf 86' lang='lat' dir='ltr'><strong>est.</strong></span> 
     </span>
    </p>
   </div>
   <div class='ocr_carea' id='block_1_53' title="bbox 891 1212 1678 1249">
    <p class='ocr_par' dir='ltr' id='par_1_53' title="bbox 891 1212 1678 1249">
     <span class='ocr_line' id='line_1_54' title="bbox 891 1212 1678 1249; baseline -0.003 -7"><span class='ocrx_word' id='word_1_351' title='bbox 891 1214 936 1242; x_wconf 76' lang='lat'><strong>50.</strong></span> <span class='ocrx_word' id='word_1_352' title='bbox 950 1213 1068 1246; x_wconf 76' lang='lat' dir='ltr'><strong>Quinam.</strong></span> <span class='ocrx_word' id='word_1_353' title='bbox 1082 1215 1134 1241; x_wconf 75' lang='lat' dir='ltr'><strong>sint</strong></span> <span class='ocrx_word' id='word_1_354' title='bbox 1149 1215 1254 1241; x_wconf 83' lang='lat' dir='ltr'><strong>ordmes</strong></span> <span class='ocrx_word' id='word_1_355' title='bbox 1270 1214 1315 1249; x_wconf 85' lang='lat' dir='ltr'><strong>qui</strong></span> <span class='ocrx_word' id='word_1_356' title='bbox 1333 1215 1359 1241; x_wconf 86' lang='lat' dir='ltr'><strong>in</strong></span> <span class='ocrx_word' id='word_1_357' title='bbox 1375 1214 1476 1241; x_wconf 67' lang='lat' dir='ltr'><strong>[tentate</strong></span> <span class='ocrx_word' id='word_1_358' title='bbox 1489 1213 1541 1240; x_wconf 79' lang='lat' dir='ltr'><strong>sive</strong></span> <span class='ocrx_word' id='word_1_359' title='bbox 1557 1212 1678 1240; x_wconf 74' lang='lat' dir='ltr'><strong>sacrario</strong></span> 
     </span>
    </p>
   </div>
   <div class='ocr_carea' id='block_1_54' title="bbox 1194 1249 1364 1277">
    <p class='ocr_par' dir='ltr' id='par_1_54' title="bbox 1194 1249 1364 1277">
     <span class='ocr_line' id='line_1_55' title="bbox 1194 1249 1364 1277; baseline 0.012 -2"><span class='ocrx_word' id='word_1_360' title='bbox 1194 1249 1364 1277; x_wconf 82' lang='lat' dir='ltr'><strong>ordinantur.</strong></span> 
     </span>
    </p>
   </div>
   <div class='ocr_carea' id='block_1_55' title="bbox 927 1294 1678 1329">
    <p class='ocr_par' dir='ltr' id='par_1_55' title="bbox 927 1294 1678 1329">
     <span class='ocr_line' id='line_1_56' title="bbox 927 1294 1678 1329; baseline -0.007 -6"><span class='ocrx_word' id='word_1_361' title='bbox 927 1296 1086 1324; x_wconf 89' lang='lat' dir='ltr'><strong>Distributis</strong></span> <span class='ocrx_word' id='word_1_362' title='bbox 1104 1296 1130 1323; x_wconf 94' lang='lat' dir='ltr'><strong>in</strong></span> <span class='ocrx_word' id='word_1_363' title='bbox 1153 1300 1208 1322; x_wconf 86' lang='lat' dir='ltr'><strong>tres</strong></span> <span class='ocrx_word' id='word_1_364' title='bbox 1225 1295 1329 1323; x_wconf 82' lang='lat' dir='ltr'><strong>classes</strong></span> <span class='ocrx_word' id='word_1_365' title='bbox 1354 1295 1388 1322; x_wconf 88' lang='lat' dir='ltr'><strong>iis</strong></span> <span class='ocrx_word' id='word_1_366' title='bbox 1411 1295 1457 1329; x_wconf 89' lang='lat' dir='ltr'><strong>qui</strong></span> <span class='ocrx_word' id='word_1_367' title='bbox 1494 1294 1565 1321; x_wconf 86' lang='lat' dir='ltr'><strong>intra</strong></span> <span class='ocrx_word' id='word_1_368' title='bbox 1583 1299 1678 1319; x_wconf 88' lang='lat' dir='ltr'><strong>sacra-</strong></span> 
     </span>
    </p>
   </div>
   <div class='ocr_carea' id='block_1_56' title="bbox 892 1341 1680 1377">
    <p class='ocr_par' dir='ltr' id='par_1_56' title="bbox 892 1341 1680 1377">
     <span class='ocr_line' id='line_1_57' title="bbox 892 1341 1680 1377; baseline -0.006 -7"><span class='ocrx_word' id='word_1_369' title='bbox 892 1344 962 1370; x_wconf 88' lang='lat' dir='ltr'><strong>rium</strong></span> <span class='ocrx_word' id='word_1_370' title='bbox 991 1343 1165 1374; x_wconf 89' lang='lat' dir='ltr'><strong>ordinantur,</strong></span> <span class='ocrx_word' id='word_1_371' title='bbox 1181 1343 1320 1377; x_wconf 82' lang='lat' dir='ltr'><strong>episcopo,</strong></span> <span class='ocrx_word' id='word_1_372' title='bbox 1342 1341 1497 1373; x_wconf 81' lang='lat' dir='ltr'><strong>sacerdote,</strong></span> <span class='ocrx_word' id='word_1_373' title='bbox 1511 1345 1537 1367; x_wconf 90' lang='lat' dir='ltr'><strong>et</strong></span> <span class='ocrx_word' id='word_1_374' title='bbox 1554 1341 1680 1370; x_wconf 79' lang='lat' dir='ltr'><strong>diacono,</strong></span> 
     </span>
    </p>
   </div>
   <div class='ocr_carea' id='block_1_57' title="bbox 891 1385 1681 1422">
    <p class='ocr_par' dir='ltr' id='par_1_57' title="bbox 891 1385 1681 1422">
     <span class='ocr_line' id='line_1_58' title="bbox 891 1385 1681 1422; baseline -0.004 -8"><span class='ocrx_word' id='word_1_375' title='bbox 891 1388 988 1415; x_wconf 92' lang='lat' dir='ltr'><strong>horum</strong></span> <span class='ocrx_word' id='word_1_376' title='bbox 1028 1389 1173 1422; x_wconf 84' lang='lat' dir='ltr'><strong>episcopus</strong></span> <span class='ocrx_word' id='word_1_377' title='bbox 1210 1387 1310 1414; x_wconf 88' lang='lat' dir='ltr'><strong>dicitur</strong></span> <span class='ocrx_word' id='word_1_378' title='bbox 1349 1385 1559 1415; x_wconf 82' lang='lat' dir='ltr'><strong>illuminativus,</strong></span> <span class='ocrx_word' id='word_1_379' title='bbox 1586 1389 1681 1418; x_wconf 81' lang='lat' dir='ltr'><strong>utpote</strong></span> 
     </span>
    </p>
   </div>
   <div class='ocr_carea' id='block_1_58' title="bbox 891 1430 1680 1469">
    <p class='ocr_par' dir='ltr' id='par_1_58' title="bbox 891 1430 1680 1469">
     <span class='ocr_line' id='line_1_59' title="bbox 891 1430 1680 1469; baseline -0.005 -9"><span class='ocrx_word' id='word_1_380' title='bbox 891 1434 937 1469; x_wconf 88' lang='lat' dir='ltr'><strong>qui</strong></span> <span class='ocrx_word' id='word_1_381' title='bbox 972 1434 1144 1467; x_wconf 87' lang='lat' dir='ltr'><strong>impertiendi</strong></span> <span class='ocrx_word' id='word_1_382' title='bbox 1172 1433 1283 1460; x_wconf 89' lang='lat' dir='ltr'><strong>luminis</strong></span> <span class='ocrx_word' id='word_1_383' title='bbox 1309 1432 1473 1459; x_wconf 80' lang='lat' dir='ltr'><strong>auctoritate</strong></span> <span class='ocrx_word' id='word_1_384' title='bbox 1503 1431 1595 1465; x_wconf 88' lang='lat' dir='ltr'><strong>pollet.</strong></span> <span class='ocrx_word' id='word_1_385' title='bbox 1613 1430 1680 1457; x_wconf 90' lang='lat' dir='ltr'><strong>0m-</strong></span> 
     </span>
    </p>
   </div>
   <div class='ocr_carea' id='block_1_59' title="bbox 892 1477 1680 1513">
    <p class='ocr_par' dir='ltr' id='par_1_59' title="bbox 892 1477 1680 1513">
     <span class='ocr_line' id='line_1_60' title="bbox 892 1477 1680 1513; baseline -0.008 -6"><span class='ocrx_word' id='word_1_386' title='bbox 892 1487 940 1507; x_wconf 88' lang='lat' dir='ltr'><strong>nes</strong></span> <span class='ocrx_word' id='word_1_387' title='bbox 955 1480 1026 1507; x_wconf 88' lang='lat' dir='ltr'><strong>enim</strong></span> <span class='ocrx_word' id='word_1_388' title='bbox 1047 1487 1096 1512; x_wconf 73' lang='lat' dir='ltr'><strong>per</strong></span> <span class='ocrx_word' id='word_1_389' title='bbox 1117 1488 1178 1506; x_wconf 87' lang='lat' dir='ltr'><strong>cttm</strong></span> <span class='ocrx_word' id='word_1_390' title='bbox 1199 1479 1338 1513; x_wconf 80' lang='lat' dir='ltr'><strong>accipiunt</strong></span> <span class='ocrx_word' id='word_1_391' title='bbox 1355 1478 1460 1504; x_wconf 85' lang='lat' dir='ltr'><strong>ordinis</strong></span> <span class='ocrx_word' id='word_1_392' title='bbox 1480 1477 1680 1508; x_wconf 82' lang='lat' dir='ltr'><strong>characterem,</strong></span> 
     </span>
    </p>
   </div>
   <div class='ocr_carea' id='block_1_60' title="bbox 52 1522 838 1564">
    <p class='ocr_par' dir='ltr' id='par_1_60' title="bbox 52 1522 838 1564">
     <span class='ocr_line' id='line_1_61' title="bbox 52 1522 838 1564; baseline 0.01 -17"><span class='ocrx_word' id='word_1_393' title='bbox 52 1522 103 1556; x_wconf 76' lang='grc' dir='ltr'>μὲν</span> <span class='ocrx_word' id='word_1_394' title='bbox 117 1523 166 1549; x_wconf 78' lang='grc' dir='ltr'>καὶ</span> <span class='ocrx_word' id='word_1_395' title='bbox 182 1525 333 1558; x_wconf 72' lang='grc' dir='ltr'>σφραγῖδας</span> <span class='ocrx_word' id='word_1_396' title='bbox 348 1526 431 1560; x_wconf 81' lang='grc' dir='ltr'>ίερείς</span> <span class='ocrx_word' id='word_1_397' title='bbox 445 1535 474 1552; x_wconf 82' lang='grc' dir='ltr'><strong>τε</strong></span> <span class='ocrx_word' id='word_1_398' title='bbox 503 1528 549 1553; x_wconf 72' lang='grc' dir='ltr'><strong>καὶ</strong></span> <span class='ocrx_word' id='word_1_399' title='bbox 578 1528 689 1562; x_wconf 81' lang='grc' dir='ltr'>κλῆρος,</span> <span class='ocrx_word' id='word_1_400' title='bbox 711 1529 838 1564; x_wconf 83' lang='grc' dir='ltr'>καθιερώ-</span> 
     </span>
    </p>
   </div>
   <div class='ocr_carea' id='block_1_61' title="bbox 896 1522 1682 1564">
    <p class='ocr_par' dir='ltr' id='par_1_61' title="bbox 896 1523 1682 1558">
     <span class='ocr_line' id='line_1_62' title="bbox 896 1523 1682 1558; baseline -0.008 -4"><span class='ocrx_word' id='word_1_401' title='bbox 896 1527 954 1554; x_wconf 86' lang='lat' dir='ltr'><strong>sive</strong></span> <span class='ocrx_word' id='word_1_402' title='bbox 969 1527 1138 1558; x_wconf 67' lang='lat' dir='ltr'><strong>sacerdotes,</strong></span> <span class='ocrx_word' id='word_1_403' title='bbox 1153 1526 1212 1553; x_wconf 88' lang='lat' dir='ltr'><strong>sive</strong></span> <span class='ocrx_word' id='word_1_404' title='bbox 1245 1525 1351 1555; x_wconf 79' lang='lat' dir='ltr'><strong>clerici,</strong></span> <span class='ocrx_word' id='word_1_405' title='bbox 1374 1525 1407 1551; x_wconf 89' lang='lat' dir='ltr'><strong>ab</strong></span> <span class='ocrx_word' id='word_1_406' title='bbox 1435 1531 1467 1551; x_wconf 89' lang='lat' dir='ltr'><strong>eo</strong></span> <span class='ocrx_word' id='word_1_407' title='bbox 1494 1523 1682 1550; x_wconf 82' lang='lat' dir='ltr'><strong>dedicationes</strong></span> 
     </span>
    </p>
   </div>
   <div class='ocr_carea' id='block_1_62' title="bbox 51 1570 832 1608">
    <p class='ocr_par' dir='ltr' id='par_1_62' title="bbox 51 1570 832 1608">
     <span class='ocr_line' id='line_1_63' title="bbox 51 1570 832 1608; baseline 0.012 -16"><span class='ocrx_word' id='word_1_408' title='bbox 51 1576 109 1599; x_wconf 82' lang='grc' dir='ltr'>σεις</span> <span class='ocrx_word' id='word_1_409' title='bbox 125 1577 155 1595; x_wconf 85' lang='grc' dir='ltr'><strong>τε</strong></span> <span class='ocrx_word' id='word_1_410' title='bbox 174 1570 242 1602; x_wconf 68' lang='grc' dir='ltr'>ναοὶ,</span> <span class='ocrx_word' id='word_1_411' title='bbox 254 1571 397 1605; x_wconf 77' lang='grc' dir='ltr'>βάπτισμα</span> <span class='ocrx_word' id='word_1_412' title='bbox 407 1572 434 1597; x_wconf 77' lang='grc' dir='ltr'><strong>δὲ</strong></span> <span class='ocrx_word' id='word_1_413' title='bbox 448 1573 495 1598; x_wconf 73' lang='grc' dir='ltr'>καὶ</span> <span class='ocrx_word' id='word_1_414' title='bbox 508 1572 606 1607; x_wconf 74' lang='grc' dir='ltr'>ἄφεσιν</span> <span class='ocrx_word' id='word_1_415' title='bbox 622 1574 668 1600; x_wconf 79' lang='grc' dir='ltr'>καὶ</span> <span class='ocrx_word' id='word_1_416' title='bbox 683 1575 832 1608; x_wconf 69' lang='grc' dir='ltr'>ἁγιασμὸν,</span> 
     </span>
    </p>
   </div>
   <div class='ocr_carea' id='block_1_63' title="bbox 51 1615 845 1652">
    <p class='ocr_par' dir='ltr' id='par_1_63' title="bbox 51 1615 845 1652">
     <span class='ocr_line' id='line_1_64' title="bbox 51 1615 845 1652; baseline 0.011 -13"><span class='ocrx_word' id='word_1_417' title='bbox 51 1615 214 1649; x_wconf 78' lang='grc' dir='ltr'>μυστηρίων</span> <span class='ocrx_word' id='word_1_418' title='bbox 237 1624 265 1642; x_wconf 89' lang='grc' dir='ltr'><strong>τε</strong></span> <span class='ocrx_word' id='word_1_419' title='bbox 292 1618 434 1644; x_wconf 81' lang='grc' dir='ltr'>κοινωνίαν</span> <span class='ocrx_word' id='word_1_420' title='bbox 453 1618 477 1644; x_wconf 87' lang='grc' dir='ltr'><strong>οἰ</strong></span> <span class='ocrx_word' id='word_1_421' title='bbox 493 1618 592 1651; x_wconf 56' lang='grc' dir='ltr'>λαῖκοι,</span> <span class='ocrx_word' id='word_1_422' title='bbox 610 1619 628 1646; x_wconf 75' lang='grc' dir='ltr'>ἃ</span> <span class='ocrx_word' id='word_1_423' title='bbox 642 1621 731 1647; x_wconf 83' lang='grc' dir='ltr'>πάντα</span> <span class='ocrx_word' id='word_1_424' title='bbox 754 1621 791 1652; x_wconf 83' lang='grc' dir='ltr'><strong>ὼς</strong></span> <span class='ocrx_word' id='word_1_425' title='bbox 813 1622 845 1648; x_wconf 78' lang='grc' dir='ltr'>ἐκ</span> 
     </span>
    </p>
   </div>
   <div class='ocr_carea' id='block_1_64' title="bbox 52 1661 736 1700">
    <p class='ocr_par' dir='ltr' id='par_1_64' title="bbox 52 1661 736 1700">
     <span class='ocr_line' id='line_1_65' title="bbox 52 1661 736 1700; baseline 0.003 -9"><span class='ocrx_word' id='word_1_426' title='bbox 52 1661 147 1694; x_wconf 82' lang='grc' dir='ltr'>πηγῆς</span> <span class='ocrx_word' id='word_1_427' title='bbox 162 1661 252 1694; x_wconf 73' lang='grc' dir='ltr'>φωῐὺς</span> <span class='ocrx_word' id='word_1_428' title='bbox 266 1662 316 1697; x_wconf 80' lang='grc' dir='ltr'><strong>τῆς</strong></span> <span class='ocrx_word' id='word_1_429' title='bbox 331 1663 515 1699; x_wconf 77' lang='grc' dir='ltr'>έπισκοπικῆς</span> <span class='ocrx_word' id='word_1_430' title='bbox 544 1665 597 1691; x_wconf 81' lang='grc' dir='ltr'>εἰσι</span> <span class='ocrx_word' id='word_1_431' title='bbox 614 1666 736 1700; x_wconf 80' lang='grc' dir='ltr'>χάριτος.</span> 
     </span>
    </p>
   </div>
   <div class='ocr_carea' id='block_1_65' title="bbox 897 1569 1680 1607">
    <p class='ocr_par' dir='ltr' id='par_1_65' title="bbox 897 1569 1680 1607">
     <span class='ocr_line' id='line_1_66' title="bbox 897 1569 1680 1607; baseline -0.006 -8"><span class='ocrx_word' id='word_1_432' title='bbox 897 1573 1061 1607; x_wconf 79' lang='lat' dir='ltr'><strong>templorum</strong></span> <span class='ocrx_word' id='word_1_433' title='bbox 1083 1573 1160 1600; x_wconf 81' lang='lat' dir='ltr'><strong>ﬁunt.</strong></span> <span class='ocrx_word' id='word_1_434' title='bbox 1179 1580 1212 1599; x_wconf 84' lang='lat' dir='ltr'><strong>ex</strong></span> <span class='ocrx_word' id='word_1_435' title='bbox 1228 1580 1260 1599; x_wconf 70' lang='lat' dir='ltr'><strong>eo</strong></span> <span class='ocrx_word' id='word_1_436' title='bbox 1286 1572 1451 1606; x_wconf 84' lang='lat' dir='ltr'><strong>haptisutus,</strong></span> <span class='ocrx_word' id='word_1_437' title='bbox 1484 1569 1680 1600; x_wconf 80' lang='lat' dir='ltr'><strong>sanctiﬁcatio,</strong></span> 
     </span>
    </p>
   </div>
   <div class='ocr_carea' id='block_1_66' title="bbox 896 1614 1683 1654">
    <p class='ocr_par' dir='ltr' id='par_1_66' title="bbox 896 1614 1683 1654">
     <span class='ocr_line' id='line_1_67' title="bbox 896 1614 1683 1654; baseline -0.008 -7"><span class='ocrx_word' id='word_1_438' title='bbox 896 1625 1069 1654; x_wconf 78' lang='lat' dir='ltr'><strong>peccatorum</strong></span> <span class='ocrx_word' id='word_1_439' title='bbox 1097 1618 1235 1650; x_wconf 81' lang='lat' dir='ltr'><strong>remissio,</strong></span> <span class='ocrx_word' id='word_1_440' title='bbox 1253 1621 1488 1644; x_wconf 87' lang='lat' dir='ltr'><strong>sacramentorum</strong></span> <span class='ocrx_word' id='word_1_441' title='bbox 1509 1614 1683 1650; x_wconf 83' lang='lat' dir='ltr'><strong>participatio</strong></span> 
     </span>
    </p>
   </div>
   <div class='ocr_carea' id='block_1_67' title="bbox 896 1661 1681 1697">
    <p class='ocr_par' dir='ltr' id='par_1_67' title="bbox 896 1661 1681 1697">
     <span class='ocr_line' id='line_1_68' title="bbox 896 1661 1681 1697; baseline -0.006 -5"><span class='ocrx_word' id='word_1_442' title='bbox 896 1666 923 1692; x_wconf 94' lang='lat' dir='ltr'><strong>in</strong></span> <span class='ocrx_word' id='word_1_443' title='bbox 952 1665 1034 1692; x_wconf 84' lang='lat' dir='ltr'><strong>laicus</strong></span> <span class='ocrx_word' id='word_1_444' title='bbox 1063 1671 1158 1690; x_wconf 79' lang='lat' dir='ltr'><strong>outues</strong></span> <span class='ocrx_word' id='word_1_445' title='bbox 1194 1667 1324 1697; x_wconf 83' lang='lat' dir='ltr'><strong>tanquam</strong></span> <span class='ocrx_word' id='word_1_446' title='bbox 1363 1670 1379 1690; x_wconf 92' lang='lat' dir='ltr'><strong>a</strong></span> <span class='ocrx_word' id='word_1_447' title='bbox 1409 1662 1494 1689; x_wconf 83' lang='lat' dir='ltr'><strong>fontis</strong></span> <span class='ocrx_word' id='word_1_448' title='bbox 1526 1661 1631 1688; x_wconf 88' lang='lat' dir='ltr'><strong>lumine</strong></span> <span class='ocrx_word' id='word_1_449' title='bbox 1665 1668 1681 1687; x_wconf 85' lang='lat' dir='ltr'><strong>a</strong></span> 
     </span>
    </p>
   </div>
   <div class='ocr_carea' id='block_1_68' title="bbox 840 1709 1285 1747">
    <p class='ocr_par' dir='ltr' id='par_1_68' title="bbox 840 1709 1285 1747">
     <span class='ocr_line' id='line_1_69' title="bbox 840 1709 1285 1747; baseline -0.002 -9"><span class='ocrx_word' id='word_1_450' title='bbox 840 1710 848 1717; x_wconf 83' lang='lat'>&#39;</span> <span class='ocrx_word' id='word_1_451' title='bbox 895 1712 982 1747; x_wconf 75' lang='lat' dir='ltr'><strong>gratia</strong></span> <span class='ocrx_word' id='word_1_452' title='bbox 1001 1711 1148 1746; x_wconf 79' lang='lat' dir='ltr'><strong>episcopali</strong></span> <span class='ocrx_word' id='word_1_453' title='bbox 1165 1709 1285 1746; x_wconf 87' lang='lat' dir='ltr'><strong>proﬂuit.</strong></span> 
     </span>
    </p>
   </div>
   <div class='ocr_carea' id='block_1_69' title="bbox 266 1761 613 1795">
    <p class='ocr_par' dir='ltr' id='par_1_69' title="bbox 266 1761 613 1795">
     <span class='ocr_line' id='line_1_70' title="bbox 266 1761 613 1795; baseline 0.014 -6"><span class='ocrx_word' id='word_1_454' title='bbox 266 1761 317 1791; x_wconf 85' lang='grc' dir='ltr'>λα’.</span> <span class='ocrx_word' id='word_1_455' title='bbox 333 1764 364 1791; x_wconf 80' lang='grc' dir='ltr'>Τί</span> <span class='ocrx_word' id='word_1_456' title='bbox 382 1765 417 1792; x_wconf 82' lang='grc' dir='ltr'>τὸ</span> <span class='ocrx_word' id='word_1_457' title='bbox 427 1767 613 1795; x_wconf 71' lang='grc' dir='ltr'>τελεστικόν.</span> 
     </span>
    </p>
   </div>
   <div class='ocr_carea' id='block_1_70' title="bbox 87 1884 843 1923">
    <p class='ocr_par' dir='ltr' id='par_1_70' title="bbox 87 1884 843 1923">
     <span class='ocr_line' id='line_1_71' title="bbox 87 1884 843 1923; baseline 0.008 -12"><span class='ocrx_word' id='word_1_458' title='bbox 87 1884 142 1912; x_wconf 79' lang='grc' dir='ltr'><strong>Τοῦ</strong></span> <span class='ocrx_word' id='word_1_459' title='bbox 175 1885 364 1921; x_wconf 78' lang='grc' dir='ltr'>πρεσϐυτέρου</span> <span class='ocrx_word' id='word_1_460' title='bbox 385 1887 414 1913; x_wconf 87' lang='grc' dir='ltr'><strong>δὲ</strong></span> <span class='ocrx_word' id='word_1_461' title='bbox 440 1887 589 1923; x_wconf 87' lang='grc' dir='ltr'>λεγομένου</span> <span class='ocrx_word' id='word_1_462' title='bbox 615 1889 782 1922; x_wconf 73' lang='grc' dir='ltr'>τελεπικοῦ,</span> <span class='ocrx_word' id='word_1_463' title='bbox 805 1891 843 1922; x_wconf 77' lang='grc' dir='ltr'>ὡς</span> 
     </span>
    </p>
   </div>
   <div class='ocr_carea' id='block_1_71' title="bbox 52 1931 842 1970">
    <p class='ocr_par' dir='ltr' id='par_1_71' title="bbox 52 1931 842 1970">
     <span class='ocr_line' id='line_1_72' title="bbox 52 1931 842 1970; baseline 0.009 -14"><span class='ocrx_word' id='word_1_464' title='bbox 52 1931 135 1966; x_wconf 82' lang='grc' dir='ltr'>χάριν</span> <span class='ocrx_word' id='word_1_465' title='bbox 149 1931 258 1966; x_wconf 77' lang='grc' dir='ltr'>ἔχοντος</span> <span class='ocrx_word' id='word_1_466' title='bbox 275 1932 357 1967; x_wconf 75' lang='grc' dir='ltr'>μόνον</span> <span class='ocrx_word' id='word_1_467' title='bbox 372 1934 532 1970; x_wconf 80' lang='grc' dir='ltr'>τελεστικὴν</span> <span class='ocrx_word' id='word_1_468' title='bbox 548 1935 588 1966; x_wconf 74' lang='grc' dir='ltr'><strong>εἰς</strong></span> <span class='ocrx_word' id='word_1_469' title='bbox 613 1936 662 1967; x_wconf 82' lang='grc' dir='ltr'><strong>τὰς</strong></span> <span class='ocrx_word' id='word_1_470' title='bbox 676 1935 797 1969; x_wconf 73' lang='grc' dir='ltr'>τελετὰς,</span> <span class='ocrx_word' id='word_1_471' title='bbox 811 1937 842 1963; x_wconf 77' lang='grc' dir='ltr'>οὑ</span> 
     </span>
    </p>
   </div>
   <div class='ocr_carea' id='block_1_72' title="bbox 54 1976 842 2016">
    <p class='ocr_par' dir='ltr' id='par_1_72' title="bbox 54 1976 842 2016">
     <span class='ocr_line' id='line_1_73' title="bbox 54 1976 842 2016; baseline 0.009 -15"><span class='ocrx_word' id='word_1_472' title='bbox 54 1976 107 2011; x_wconf 79' lang='grc' dir='ltr'>μὴν</span> <span class='ocrx_word' id='word_1_473' title='bbox 123 1977 317 2013; x_wconf 82' lang='grc' dir='ltr'>μεταδοτικήν.</span> <span class='ocrx_word' id='word_1_474' title='bbox 332 1979 463 2011; x_wconf 74' lang='grc' dir='ltr'>Βιπτίζει</span> <span class='ocrx_word' id='word_1_475' title='bbox 483 1980 538 2014; x_wconf 81' lang='grc' dir='ltr'>γὰρ</span> <span class='ocrx_word' id='word_1_476' title='bbox 565 1981 612 2007; x_wconf 74' lang='grc' dir='ltr'>καὶ</span> <span class='ocrx_word' id='word_1_477' title='bbox 637 1981 785 2016; x_wconf 82' lang='grc' dir='ltr'>ίερουργεῖ,</span> <span class='ocrx_word' id='word_1_478' title='bbox 812 1982 842 2008; x_wconf 87' lang='grc' dir='ltr'>οὐ</span> 
     </span>
    </p>
   </div>
   <div class='ocr_carea' id='block_1_73' title="bbox 51 2023 840 2063">
    <p class='ocr_par' dir='ltr' id='par_1_73' title="bbox 51 2023 840 2063">
     <span class='ocr_line' id='line_1_74' title="bbox 51 2023 840 2063; baseline 0.008 -15"><span class='ocrx_word' id='word_1_479' title='bbox 51 2023 203 2050; x_wconf 73' lang='grc' dir='ltr'>δύναταιδὲ</span> <span class='ocrx_word' id='word_1_480' title='bbox 222 2026 400 2059; x_wconf 82' lang='grc' dir='ltr'>χειροτονεῖν,</span> <span class='ocrx_word' id='word_1_481' title='bbox 415 2026 470 2052; x_wconf 84' lang='grc' dir='ltr'><strong>οὐδ’</strong></span> <span class='ocrx_word' id='word_1_482' title='bbox 497 2026 577 2053; x_wconf 75' lang='grc' dir='ltr'>ἄλλον</span> <span class='ocrx_word' id='word_1_483' title='bbox 600 2028 723 2063; x_wconf 76' lang='grc' dir='ltr'>ἐνεργεῖν</span> <span class='ocrx_word' id='word_1_484' title='bbox 753 2027 840 2062; x_wconf 72' lang='grc' dir='ltr'>ἱερέα,</span> 
     </span>
    </p>
   </div>
   <div class='ocr_carea' id='block_1_74' title="bbox 52 2069 628 2108">
    <p class='ocr_par' dir='ltr' id='par_1_74' title="bbox 52 2069 628 2108">
     <span class='ocr_line' id='line_1_75' title="bbox 52 2069 628 2108; baseline 0.009 -13"><span class='ocrx_word' id='word_1_485' title='bbox 52 2069 69 2103; x_wconf 79' lang='grc' dir='ltr'>ἦ</span> <span class='ocrx_word' id='word_1_486' title='bbox 85 2069 140 2096; x_wconf 88' lang='grc' dir='ltr'>τῶν</span> <span class='ocrx_word' id='word_1_487' title='bbox 155 2070 213 2097; x_wconf 83' lang='grc' dir='ltr'>ὅσοι</span> <span class='ocrx_word' id='word_1_488' title='bbox 228 2069 331 2103; x_wconf 78' lang='grc' dir='ltr'>τάξεως</span> <span class='ocrx_word' id='word_1_489' title='bbox 351 2072 512 2107; x_wconf 74' lang='grc' dir='ltr'>μετέχουσιν</span> <span class='ocrx_word' id='word_1_490' title='bbox 541 2072 628 2108; x_wconf 73' lang='grc' dir='ltr'>ἱερᾶς.</span> 
     </span>
    </p>
   </div>
   <div class='ocr_carea' id='block_1_75' title="bbox 265 2217 644 2252">
    <p class='ocr_par' dir='ltr' id='par_1_75' title="bbox 265 2217 644 2252">
     <span class='ocr_line' id='line_1_76' title="bbox 265 2217 644 2252; baseline 0.003 -8"><span class='ocrx_word' id='word_1_491' title='bbox 265 2217 314 2252; x_wconf 82' lang='grc' dir='ltr'>λβ¹.</span> <span class='ocrx_word' id='word_1_492' title='bbox 338 2217 372 2244; x_wconf 82' lang='lat' dir='ltr'><strong>TI</strong></span> <span class='ocrx_word' id='word_1_493' title='bbox 381 2217 414 2244; x_wconf 80' lang='grc' dir='ltr'>τὸ</span> <span class='ocrx_word' id='word_1_494' title='bbox 428 2219 644 2252; x_wconf 75' lang='grc' dir='ltr'>λειτουργικόν.</span> 
     </span>
    </p>
   </div>
   <div class='ocr_carea' id='block_1_76' title="bbox 88 2263 845 2301">
    <p class='ocr_par' dir='ltr' id='par_1_76' title="bbox 88 2263 845 2301">
     <span class='ocr_line' id='line_1_77' title="bbox 88 2263 845 2301; baseline 0.001 -10"><span class='ocrx_word' id='word_1_495' title='bbox 88 2263 142 2291; x_wconf 87' lang='grc' dir='ltr'><strong>Τοῦ</strong></span> <span class='ocrx_word' id='word_1_496' title='bbox 159 2264 285 2291; x_wconf 82' lang='grc' dir='ltr'>διακόνου</span> <span class='ocrx_word' id='word_1_497' title='bbox 299 2264 328 2290; x_wconf 82' lang='grc' dir='ltr'><strong>δὲ</strong></span> <span class='ocrx_word' id='word_1_498' title='bbox 344 2263 532 2298; x_wconf 82' lang='grc' dir='ltr'>λειτουργικοῦ</span> <span class='ocrx_word' id='word_1_499' title='bbox 549 2264 706 2298; x_wconf 78' lang='grc' dir='ltr'>λεγομένου,</span> <span class='ocrx_word' id='word_1_500' title='bbox 719 2265 756 2297; x_wconf 84' lang='grc' dir='ltr'>ὡς</span> <span class='ocrx_word' id='word_1_501' title='bbox 773 2266 845 2301; x_wconf 83' lang='grc' dir='ltr'>ὑπη-</span> 
     </span>
    </p>
   </div>
   <div class='ocr_carea' id='block_1_77' title="bbox 54 2304 846 2347">
    <p class='ocr_par' dir='ltr' id='par_1_77' title="bbox 54 2304 846 2347">
     <span class='ocr_line' id='line_1_78' title="bbox 54 2304 846 2347; baseline 0.004 -11"><span class='ocrx_word' id='word_1_502' title='bbox 54 2312 133 2344; x_wconf 77' lang='grc' dir='ltr'>ρέτου</span> <span class='ocrx_word' id='word_1_503' title='bbox 161 2311 239 2343; x_wconf 79' lang='grc' dir='ltr'>τάξιν</span> <span class='ocrx_word' id='word_1_504' title='bbox 264 2304 418 2346; x_wconf 79' lang='grc' dir='ltr'>ἐπέχοντος,</span> <span class='ocrx_word' id='word_1_505' title='bbox 443 2312 490 2337; x_wconf 82' lang='grc' dir='ltr'><strong>καὶ</strong></span> <span class='ocrx_word' id='word_1_506' title='bbox 523 2312 560 2346; x_wconf 81' lang='grc' dir='ltr'>μὴ</span> <span class='ocrx_word' id='word_1_507' title='bbox 592 2311 742 2346; x_wconf 76' lang='grc' dir='ltr'>δυναμένου</span> <span class='ocrx_word' id='word_1_508' title='bbox 762 2314 846 2347; x_wconf 69' lang='grc' dir='ltr'>χωρὶς</span> 
     </span>
    </p>
   </div>
   <div class='ocr_carea' id='block_1_78' title="bbox 53 2357 845 2394">
    <p class='ocr_par' dir='ltr' id='par_1_78' title="bbox 53 2357 845 2394">
     <span class='ocr_line' id='line_1_79' title="bbox 53 2357 845 2394; baseline 0.003 -11"><span class='ocrx_word' id='word_1_509' title='bbox 53 2358 152 2392; x_wconf 81' lang='grc' dir='ltr'>ἱερέως</span> <span class='ocrx_word' id='word_1_510' title='bbox 169 2366 194 2383; x_wconf 87' lang='grc' dir='ltr'><strong>τι</strong></span> <span class='ocrx_word' id='word_1_511' title='bbox 207 2357 350 2390; x_wconf 80' lang='grc' dir='ltr'>πράττειν,</span> <span class='ocrx_word' id='word_1_512' title='bbox 369 2357 383 2383; x_wconf 84' lang='grc' dir='ltr'><strong>ὃ</strong></span> <span class='ocrx_word' id='word_1_513' title='bbox 406 2357 437 2392; x_wconf 84' lang='grc' dir='ltr'><strong>δὴ</strong></span> <span class='ocrx_word' id='word_1_514' title='bbox 467 2357 518 2391; x_wconf 80' lang='grc' dir='ltr'><strong>τῆς</strong></span> <span class='ocrx_word' id='word_1_515' title='bbox 548 2358 667 2392; x_wconf 78' lang='grc' dir='ltr'>ἐσχάτης</span> <span class='ocrx_word' id='word_1_516' title='bbox 695 2358 845 2394; x_wconf 79' lang='grc' dir='ltr'>ἁγγελικῆς</span> 
     </span>
    </p>
   </div>
   <div class='ocr_carea' id='block_1_79' title="bbox 52 2403 845 2439">
    <p class='ocr_par' dir='ltr' id='par_1_79' title="bbox 52 2403 845 2439">
     <span class='ocr_line' id='line_1_80' title="bbox 52 2403 845 2439; baseline 0.003 -9"><span class='ocrx_word' id='word_1_517' title='bbox 52 2405 111 2430; x_wconf 75' lang='grc' dir='ltr'>ἐστι</span> <span class='ocrx_word' id='word_1_518' title='bbox 126 2403 241 2436; x_wconf 80' lang='grc' dir='ltr'>τάξεως,</span> <span class='ocrx_word' id='word_1_519' title='bbox 259 2403 376 2434; x_wconf 72' lang='grc' dir='ltr'>ἕκαστος</span> <span class='ocrx_word' id='word_1_520' title='bbox 387 2403 478 2430; x_wconf 74' lang='grc' dir='ltr'>αὐτῶν</span> <span class='ocrx_word' id='word_1_521' title='bbox 493 2405 525 2430; x_wconf 74' lang='grc' dir='ltr'>ἐκ</span> <span class='ocrx_word' id='word_1_522' title='bbox 541 2404 596 2430; x_wconf 84' lang='grc' dir='ltr'>τῶν</span> <span class='ocrx_word' id='word_1_523' title='bbox 628 2405 711 2439; x_wconf 80' lang='grc' dir='ltr'>τριῶν</span> <span class='ocrx_word' id='word_1_524' title='bbox 741 2405 845 2432; x_wconf 76' lang='grc' dir='ltr'>τούτων</span> 
     </span>
    </p>
   </div>
   <div class='ocr_carea' id='block_1_80' title="bbox 51 2450 847 2485">
    <p class='ocr_par' dir='ltr' id='par_1_80' title="bbox 51 2450 847 2485">
     <span class='ocr_line' id='line_1_81' title="bbox 51 2450 847 2485; baseline 0.004 -10"><span class='ocrx_word' id='word_1_525' title='bbox 51 2450 171 2482; x_wconf 74' lang='grc' dir='ltr'>τάξεων,</span> <span class='ocrx_word' id='word_1_526' title='bbox 199 2450 339 2482; x_wconf 83' lang='grc' dir='ltr'>ἀναλόγως</span> <span class='ocrx_word' id='word_1_527' title='bbox 367 2451 399 2484; x_wconf 86' lang='grc' dir='ltr'><strong>τῇ</strong></span> <span class='ocrx_word' id='word_1_528' title='bbox 427 2450 514 2482; x_wconf 81' lang='grc' dir='ltr'>τάξει,</span> <span class='ocrx_word' id='word_1_529' title='bbox 545 2451 714 2485; x_wconf 81' lang='grc' dir='ltr'>περιτίθεται</span> <span class='ocrx_word' id='word_1_530' title='bbox 737 2453 784 2478; x_wconf 76' lang='grc' dir='ltr'>καὶ</span> <span class='ocrx_word' id='word_1_531' title='bbox 812 2451 847 2478; x_wconf 68' lang='grc' dir='ltr'><strong>τὰ</strong></span> 
     </span>
    </p>
   </div>
   <div class='ocr_carea' id='block_1_81' title="bbox 52 2496 846 2533">
    <p class='ocr_par' dir='ltr' id='par_1_81' title="bbox 52 2496 846 2533">
     <span class='ocr_line' id='line_1_82' title="bbox 52 2496 846 2533; baseline -0.001 -9"><span class='ocrx_word' id='word_1_532' title='bbox 52 2498 155 2532; x_wconf 66' lang='grc' dir='ltr'>ἅμερια.</span> <span class='ocrx_word' id='word_1_533' title='bbox 176 2496 231 2523; x_wconf 69' lang='grc' dir='ltr'><strong>Καὶ</strong></span> <span class='ocrx_word' id='word_1_534' title='bbox 342 2496 463 2528; x_wconf 81' lang='grc' dir='ltr'>διάκονος</span> <span class='ocrx_word' id='word_1_535' title='bbox 480 2496 541 2530; x_wconf 85' lang='grc' dir='ltr'>μὲν,</span> <span class='ocrx_word' id='word_1_536' title='bbox 559 2497 608 2522; x_wconf 74' lang='grc' dir='ltr'>ὅσα</span> <span class='ocrx_word' id='word_1_537' title='bbox 625 2496 675 2530; x_wconf 78' lang='grc' dir='ltr'>τὴν</span> <span class='ocrx_word' id='word_1_538' title='bbox 697 2496 846 2533; x_wconf 81' lang='grc' dir='ltr'>ἀγγελικὴν</span> 
     </span>
    </p>
   </div>
   <div class='ocr_carea' id='block_1_82' title="bbox 51 2542 847 2578">
    <p class='ocr_par' dir='ltr' id='par_1_82' title="bbox 51 2542 847 2578">
     <span class='ocr_line' id='line_1_83' title="bbox 51 2542 847 2578; baseline -0.001 -9"><span class='ocrx_word' id='word_1_539' title='bbox 51 2545 136 2570; x_wconf 71' lang='grc' dir='ltr'>τυποῖ</span> <span class='ocrx_word' id='word_1_540' title='bbox 152 2543 248 2575; x_wconf 74' lang='grc' dir='ltr'>τάξιν-</span> <span class='ocrx_word' id='word_1_541' title='bbox 268 2542 456 2578; x_wconf 78' lang='grc' dir='ltr'>πρεσϐύτερος</span> <span class='ocrx_word' id='word_1_542' title='bbox 471 2543 498 2568; x_wconf 72' lang='grc' dir='ltr'>δὲ</span> <span class='ocrx_word' id='word_1_543' title='bbox 512 2543 558 2568; x_wconf 71' lang='grc' dir='ltr'><strong>καὶ</strong></span> <span class='ocrx_word' id='word_1_544' title='bbox 578 2542 666 2569; x_wconf 77' lang='grc' dir='ltr'>ταῦτα</span> <span class='ocrx_word' id='word_1_545' title='bbox 687 2543 746 2576; x_wconf 78' lang='grc' dir='ltr'>μὲν,</span> <span class='ocrx_word' id='word_1_546' title='bbox 773 2544 847 2569; x_wconf 82' lang='grc' dir='ltr'>ὲπει-</span> 
     </span>
    </p>
   </div>
   <div class='ocr_carea' id='block_1_83' title="bbox 52 2587 845 2624">
    <p class='ocr_par' dir='ltr' id='par_1_83' title="bbox 52 2587 845 2624">
     <span class='ocr_line' id='line_1_84' title="bbox 52 2587 845 2624; baseline -0.003 -8"><span class='ocrx_word' id='word_1_547' title='bbox 52 2590 140 2624; x_wconf 80' lang='grc' dir='ltr'>δήπερ</span> <span class='ocrx_word' id='word_1_548' title='bbox 154 2589 201 2615; x_wconf 60' lang='lat' dir='ltr'><strong>aut</strong></span> <span class='ocrx_word' id='word_1_549' title='bbox 214 2588 244 2614; x_wconf 77' lang='grc' dir='ltr'>τὸ</span> <span class='ocrx_word' id='word_1_550' title='bbox 255 2587 302 2614; x_wconf 75' lang='grc' dir='ltr'>τοῦ</span> <span class='ocrx_word' id='word_1_551' title='bbox 319 2588 443 2614; x_wconf 69' lang='grc' dir='ltr'>διακόνου</span> <span class='ocrx_word' id='word_1_552' title='bbox 462 2588 587 2622; x_wconf 75' lang='grc' dir='ltr'>χάρισμα</span> <span class='ocrx_word' id='word_1_553' title='bbox 604 2588 738 2622; x_wconf 81' lang='grc' dir='ltr'>πρότερον</span> <span class='ocrx_word' id='word_1_554' title='bbox 755 2588 845 2619; x_wconf 72' lang='grc' dir='ltr'>ἔλαϐε,</span> 
     </span>
    </p>
   </div>
   <div class='ocr_carea' id='block_1_84' title="bbox 52 2633 847 2668">
    <p class='ocr_par' dir='ltr' id='par_1_84' title="bbox 52 2633 847 2668">
     <span class='ocr_line' id='line_1_85' title="bbox 52 2633 847 2668; baseline -0.004 -6"><span class='ocrx_word' id='word_1_555' title='bbox 52 2638 100 2662; x_wconf 72' lang='grc' dir='ltr'>καὶ</span> <span class='ocrx_word' id='word_1_556' title='bbox 114 2636 150 2661; x_wconf 76' lang='grc' dir='ltr'>τὰ</span> <span class='ocrx_word' id='word_1_557' title='bbox 165 2635 215 2668; x_wconf 83' lang='grc' dir='ltr'>τῆς</span> <span class='ocrx_word' id='word_1_558' title='bbox 225 2633 386 2667; x_wconf 79' lang='grc' dir='ltr'>τελεστικῆς</span> <span class='ocrx_word' id='word_1_559' title='bbox 404 2634 431 2660; x_wconf 79' lang='grc' dir='ltr'>δὲ</span> <span class='ocrx_word' id='word_1_560' title='bbox 451 2634 574 2668; x_wconf 76' lang='grc' dir='ltr'>χάριτος,</span> <span class='ocrx_word' id='word_1_561' title='bbox 592 2635 624 2668; x_wconf 79' lang='grc' dir='ltr'>ἢν</span> <span class='ocrx_word' id='word_1_562' title='bbox 649 2633 678 2659; x_wconf 80' lang='grc' dir='ltr'>τὸ</span> <span class='ocrx_word' id='word_1_563' title='bbox 696 2634 847 2668; x_wconf 74' lang='grc' dir='ltr'>ἐπι-τραχή-</span> 
     </span>
    </p>
   </div>
   <div class='ocr_carea' id='block_1_85' title="bbox 51 2677 846 2715">
    <p class='ocr_par' dir='ltr' id='par_1_85' title="bbox 51 2677 846 2715">
     <span class='ocr_line' id='line_1_86' title="bbox 51 2677 846 2715; baseline -0.006 -7"><span class='ocrx_word' id='word_1_564' title='bbox 51 2682 109 2708; x_wconf 83' lang='grc' dir='ltr'>λιον</span> <span class='ocrx_word' id='word_1_565' title='bbox 125 2682 248 2715; x_wconf 80' lang='grc' dir='ltr'>φανεροί.</span> <span class='ocrx_word' id='word_1_566' title='bbox 269 2680 299 2705; x_wconf 83' lang='grc' dir='ltr'><strong>Ὀ</strong></span> <span class='ocrx_word' id='word_1_567' title='bbox 323 2679 453 2714; x_wconf 71' lang='grc' dir='ltr'>ἱερέρχης</span> <span class='ocrx_word' id='word_1_568' title='bbox 469 2678 510 2710; x_wconf 76' lang='grc' dir='ltr'><strong>δὲ,</strong></span> <span class='ocrx_word' id='word_1_569' title='bbox 540 2679 586 2704; x_wconf 76' lang='grc' dir='ltr'>καὶ</span> <span class='ocrx_word' id='word_1_570' title='bbox 620 2678 716 2710; x_wconf 82' lang='grc' dir='ltr'>ταῦτα,</span> <span class='ocrx_word' id='word_1_571' title='bbox 741 2678 787 2704; x_wconf 68' lang='grc' dir='ltr'>καὶ</span> <span class='ocrx_word' id='word_1_572' title='bbox 807 2677 846 2704; x_wconf 75' lang='grc' dir='ltr'><strong>ἑτι</strong></span> 
     </span>
    </p>
   </div>
   <div class='ocr_carea' id='block_1_86' title="bbox 53 2722 846 2761">
    <p class='ocr_par' dir='ltr' id='par_1_86' title="bbox 53 2722 846 2761">
     <span class='ocr_line' id='line_1_87' title="bbox 53 2722 846 2761; baseline -0.006 -8"><span class='ocrx_word' id='word_1_573' title='bbox 53 2728 82 2753; x_wconf 67' lang='grc' dir='ltr'><strong>τὸ</strong></span> <span class='ocrx_word' id='word_1_574' title='bbox 95 2726 263 2761; x_wconf 72' lang='grc' dir='ltr'>ὠμοιρόριον,</span> <span class='ocrx_word' id='word_1_575' title='bbox 280 2724 294 2751; x_wconf 81' lang='grc' dir='ltr'><strong>ὃ</strong></span> <span class='ocrx_word' id='word_1_576' title='bbox 310 2724 460 2760; x_wconf 54' lang='grc' dir='ltr'>πσπίστησι</span> <span class='ocrx_word' id='word_1_577' title='bbox 487 2724 697 2758; x_wconf 71' lang='grc' dir='ltr'>σεσαρκωμένον</span> <span class='ocrx_word' id='word_1_578' title='bbox 725 2723 771 2749; x_wconf 62' lang='grc' dir='ltr'>τὴν</span> <span class='ocrx_word' id='word_1_579' title='bbox 799 2722 846 2749; x_wconf 77' lang='grc' dir='ltr'>τοῦ</span> 
     </span>
    </p>
   </div>
   <div class='ocr_carea' id='block_1_87' title="bbox 54 2769 847 2806">
    <p class='ocr_par' dir='ltr' id='par_1_87' title="bbox 54 2769 847 2806">
     <span class='ocr_line' id='line_1_88' title="bbox 54 2769 847 2806; baseline -0.005 -6"><span class='ocrx_word' id='word_1_580' title='bbox 54 2774 122 2800; x_wconf 72' lang='grc' dir='ltr'>Θεοῦ</span> <span class='ocrx_word' id='word_1_581' title='bbox 143 2773 217 2800; x_wconf 64' lang='lat' dir='ltr'><strong>ridi.</strong></span> <span class='ocrx_word' id='word_1_582' title='bbox 234 2772 280 2799; x_wconf 85' lang='grc' dir='ltr'><strong>Διὸ</strong></span> <span class='ocrx_word' id='word_1_583' title='bbox 300 2771 347 2798; x_wconf 71' lang='grc' dir='ltr'>καὶ</span> <span class='ocrx_word' id='word_1_584' title='bbox 371 2771 420 2806; x_wconf 78' lang='grc' dir='ltr'>τὴν</span> <span class='ocrx_word' id='word_1_585' title='bbox 438 2770 536 2805; x_wconf 67' lang='grc' dir='ltr'>στολὴν</span> <span class='ocrx_word' id='word_1_586' title='bbox 557 2769 606 2805; x_wconf 78' lang='grc' dir='ltr'>τὴν</span> <span class='ocrx_word' id='word_1_587' title='bbox 628 2770 704 2805; x_wconf 80' lang='grc' dir='ltr'>ἱερὰν</span> <span class='ocrx_word' id='word_1_588' title='bbox 719 2769 847 2804; x_wconf 78' lang='grc' dir='ltr'>ἐνδυόμε-</span> 
     </span>
    </p>
   </div>
   <div class='ocr_carea' id='block_1_88' title="bbox 55 2817 704 2855">
    <p class='ocr_par' dir='ltr' id='par_1_88' title="bbox 55 2817 704 2855">
     <span class='ocr_line' id='line_1_89' title="bbox 55 2817 704 2855; baseline -0.005 -8"><span class='ocrx_word' id='word_1_589' title='bbox 55 2829 111 2854; x_wconf 83' lang='grc' dir='ltr'>νος,</span> <span class='ocrx_word' id='word_1_590' title='bbox 132 2820 266 2855; x_wconf 78' lang='grc' dir='ltr'>πρότερον</span> <span class='ocrx_word' id='word_1_591' title='bbox 284 2818 315 2845; x_wconf 71' lang='grc' dir='ltr'>τὸ</span> <span class='ocrx_word' id='word_1_592' title='bbox 332 2818 472 2854; x_wconf 79' lang='grc' dir='ltr'>στιχάριον</span> <span class='ocrx_word' id='word_1_593' title='bbox 497 2817 704 2853; x_wconf 72' lang='grc' dir='ltr'>περιΰάλλεται.</span> 
     </span>
    </p>
   </div>
   <div class='ocr_carea' id='block_1_89' title="bbox 894 1765 1683 1802">
    <p class='ocr_par' dir='ltr' id='par_1_89' title="bbox 894 1765 1683 1802">
     <span class='ocr_line' id='line_1_90' title="bbox 894 1765 1683 1802; baseline -0.006 -7"><span class='ocrx_word' id='word_1_594' title='bbox 894 1768 939 1795; x_wconf 77' lang='grc'><strong>51.</strong></span> <span class='ocrx_word' id='word_1_595' title='bbox 953 1768 1022 1800; x_wconf 80' lang='lat' dir='ltr'><strong>Quid</strong></span> <span class='ocrx_word' id='word_1_596' title='bbox 1032 1769 1064 1794; x_wconf 76' lang='lat' dir='ltr'><strong>sit</strong></span> <span class='ocrx_word' id='word_1_597' title='bbox 1083 1777 1175 1795; x_wconf 83' lang='lat' dir='ltr'><strong>ntmms</strong></span> <span class='ocrx_word' id='word_1_598' title='bbox 1190 1767 1335 1802; x_wconf 77' lang='lat' dir='ltr'><strong>presbyteri</strong></span> <span class='ocrx_word' id='word_1_599' title='bbox 1348 1767 1467 1797; x_wconf 81' lang='lat' dir='ltr'><strong>lelestici.</strong></span> <span class='ocrx_word' id='word_1_600' title='bbox 1487 1766 1532 1802; x_wconf 64' lang='lat' dir='ltr'><strong>qui</strong></span> <span class='ocrx_word' id='word_1_601' title='bbox 1548 1765 1683 1802; x_wconf 74' lang='lat' dir='ltr'><strong>baptizare</strong></span> 
     </span>
    </p>
   </div>
   <div class='ocr_carea' id='block_1_90' title="bbox 929 1800 1683 1836">
    <p class='ocr_par' dir='ltr' id='par_1_90' title="bbox 929 1800 1683 1836">
     <span class='ocr_line' id='line_1_91' title="bbox 929 1800 1683 1836; baseline -0.005 -6"><span class='ocrx_word' id='word_1_602' title='bbox 929 1810 951 1830; x_wconf 85' lang='lat' dir='ltr'><strong>et</strong></span> <span class='ocrx_word' id='word_1_603' title='bbox 966 1803 1165 1830; x_wconf 77' lang='lat' dir='ltr'><strong>Eucharistiam</strong></span> <span class='ocrx_word' id='word_1_604' title='bbox 1190 1800 1350 1830; x_wconf 45' lang='lat' dir='ltr'><strong>&#39;consécrare</strong></span> <span class='ocrx_word' id='word_1_605' title='bbox 1370 1801 1524 1836; x_wconf 78' lang='lat' dir='ltr'><strong>potest,sed</strong></span> <span class='ocrx_word' id='word_1_606' title='bbox 1557 1800 1683 1828; x_wconf 80' lang='lat' dir='ltr'><strong>ordinare</strong></span> 
     </span>
    </p>
   </div>
   <div class='ocr_carea' id='block_1_91' title="bbox 930 1842 1091 1873">
    <p class='ocr_par' dir='ltr' id='par_1_91' title="bbox 930 1842 1091 1873">
     <span class='ocr_line' id='line_1_92' title="bbox 930 1842 1091 1873; baseline 0 -8"><span class='ocrx_word' id='word_1_607' title='bbox 930 1847 981 1865; x_wconf 70' lang='lat'><strong>&quot;01!</strong></span> <span class='ocrx_word' id='word_1_608' title='bbox 996 1842 1091 1873; x_wconf 80' lang='lat' dir='ltr'><strong>potest.</strong></span> 
     </span>
    </p>
   </div>
   <div class='ocr_carea' id='block_1_92' title="bbox 931 1889 1683 1929">
    <p class='ocr_par' dir='ltr' id='par_1_92' title="bbox 931 1889 1683 1929">
     <span class='ocr_line' id='line_1_93' title="bbox 931 1889 1683 1929; baseline -0.005 -9"><span class='ocrx_word' id='word_1_609' title='bbox 931 1893 1077 1929; x_wconf 77' lang='lat' dir='ltr'><strong>Presbyter</strong></span> <span class='ocrx_word' id='word_1_610' title='bbox 1100 1898 1190 1920; x_wconf 85' lang='lat' dir='ltr'><strong>autem</strong></span> <span class='ocrx_word' id='word_1_611' title='bbox 1218 1892 1318 1919; x_wconf 90' lang='lat' dir='ltr'><strong>dicitur</strong></span> <span class='ocrx_word' id='word_1_612' title='bbox 1347 1891 1509 1923; x_wconf 86' lang='lat' dir='ltr'><strong>initiativus,</strong></span> <span class='ocrx_word' id='word_1_613' title='bbox 1526 1894 1619 1924; x_wconf 86' lang='lat' dir='ltr'><strong>utpote</strong></span> <span class='ocrx_word' id='word_1_614' title='bbox 1638 1889 1683 1924; x_wconf 85' lang='lat' dir='ltr'><strong>qui</strong></span> 
     </span>
    </p>
   </div>
   <div class='ocr_carea' id='block_1_93' title="bbox 895 1935 1685 1970">
    <p class='ocr_par' dir='ltr' id='par_1_93' title="bbox 895 1935 1685 1970">
     <span class='ocr_line' id='line_1_94' title="bbox 895 1935 1685 1970; baseline -0.008 -3"><span class='ocrx_word' id='word_1_615' title='bbox 895 1939 981 1967; x_wconf 80' lang='lat' dir='ltr'><strong>solum</strong></span> <span class='ocrx_word' id='word_1_616' title='bbox 1000 1939 1066 1966; x_wconf 86' lang='lat' dir='ltr'><strong>alios</strong></span> <span class='ocrx_word' id='word_1_617' title='bbox 1089 1938 1212 1965; x_wconf 86' lang='lat' dir='ltr'><strong>initiandi</strong></span> <span class='ocrx_word' id='word_1_618' title='bbox 1244 1938 1359 1969; x_wconf 67' lang='lat' dir='ltr'><strong>gratiam</strong></span> <span class='ocrx_word' id='word_1_619' title='bbox 1380 1936 1461 1963; x_wconf 88' lang='lat' dir='ltr'><strong>habet</strong></span> <span class='ocrx_word' id='word_1_620' title='bbox 1480 1937 1507 1962; x_wconf 91' lang='lat' dir='ltr'><strong>in</strong></span> <span class='ocrx_word' id='word_1_621' title='bbox 1523 1935 1610 1962; x_wconf 85' lang='lat' dir='ltr'><strong>sacris</strong></span> <span class='ocrx_word' id='word_1_622' title='bbox 1627 1942 1685 1970; x_wconf 83' lang='lat' dir='ltr'><strong>my-</strong></span> 
     </span>
    </p>
   </div>
   <div class='ocr_carea' id='block_1_94' title="bbox 895 1981 1684 2016">
    <p class='ocr_par' dir='ltr' id='par_1_94' title="bbox 895 1981 1684 2016">
     <span class='ocr_line' id='line_1_95' title="bbox 895 1981 1684 2016; baseline -0.01 -2"><span class='ocrx_word' id='word_1_623' title='bbox 895 1986 988 2014; x_wconf 86' lang='lat' dir='ltr'><strong>steriis</strong></span> <span class='ocrx_word' id='word_1_624' title='bbox 1017 1993 1098 2012; x_wconf 87' lang='lat' dir='ltr'><strong>:non</strong></span> <span class='ocrx_word' id='word_1_625' title='bbox 1130 1989 1221 2011; x_wconf 83' lang='lat' dir='ltr'><strong>tamen</strong></span> <span class='ocrx_word' id='word_1_626' title='bbox 1262 1985 1332 2011; x_wconf 87' lang='lat' dir='ltr'><strong>ltauc</strong></span> <span class='ocrx_word' id='word_1_627' title='bbox 1371 1983 1534 2010; x_wconf 83' lang='lat' dir='ltr'><strong>iuitiativam</strong></span> <span class='ocrx_word' id='word_1_628' title='bbox 1568 1981 1684 2016; x_wconf 74' lang='lat' dir='ltr'><strong>gratiam</strong></span> 
     </span>
    </p>
   </div>
   <div class='ocr_carea' id='block_1_95' title="bbox 893 2027 1684 2064">
    <p class='ocr_par' dir='ltr' id='par_1_95' title="bbox 893 2027 1684 2064">
     <span class='ocr_line' id='line_1_96' title="bbox 893 2027 1684 2064; baseline -0.008 -5"><span class='ocrx_word' id='word_1_629' title='bbox 893 2033 955 2060; x_wconf 86' lang='lat' dir='ltr'><strong>aliis</strong></span> <span class='ocrx_word' id='word_1_630' title='bbox 995 2030 1180 2058; x_wconf 83' lang='lat' dir='ltr'><strong>communicat</strong></span> <span class='ocrx_word' id='word_1_631' title='bbox 1198 2034 1225 2057; x_wconf 90' lang='lat' dir='ltr'><strong>et</strong></span> <span class='ocrx_word' id='word_1_632' title='bbox 1254 2030 1420 2064; x_wconf 88' lang='lat' dir='ltr'><strong>intpertitur.</strong></span> <span class='ocrx_word' id='word_1_633' title='bbox 1457 2029 1583 2063; x_wconf 84' lang='lat' dir='ltr'><strong>Baptizat</strong></span> <span class='ocrx_word' id='word_1_634' title='bbox 1612 2027 1684 2054; x_wconf 87' lang='lat' dir='ltr'><strong>enittt</strong></span> 
     </span>
    </p>
   </div>
   <div class='ocr_carea' id='block_1_96' title="bbox 893 2073 1686 2110">
    <p class='ocr_par' dir='ltr' id='par_1_96' title="bbox 893 2073 1686 2110">
     <span class='ocr_line' id='line_1_97' title="bbox 893 2073 1686 2110; baseline -0.006 -5"><span class='ocrx_word' id='word_1_635' title='bbox 893 2084 920 2106; x_wconf 86' lang='lat' dir='ltr'><strong>et</strong></span> <span class='ocrx_word' id='word_1_636' title='bbox 953 2082 1122 2110; x_wconf 84' lang='lat' dir='ltr'><strong>consecrat;</strong></span> <span class='ocrx_word' id='word_1_637' title='bbox 1152 2084 1206 2104; x_wconf 90' lang='lat' dir='ltr'><strong>non</strong></span> <span class='ocrx_word' id='word_1_638' title='bbox 1237 2081 1326 2103; x_wconf 86' lang='lat' dir='ltr'><strong>tamen</strong></span> <span class='ocrx_word' id='word_1_639' title='bbox 1356 2080 1444 2110; x_wconf 87' lang='lat' dir='ltr'><strong>potest</strong></span> <span class='ocrx_word' id='word_1_640' title='bbox 1484 2075 1553 2102; x_wconf 90' lang='lat' dir='ltr'><strong>alios</strong></span> <span class='ocrx_word' id='word_1_641' title='bbox 1578 2073 1686 2101; x_wconf 82' lang='lat' dir='ltr'><strong>initiare</strong></span> 
     </span>
    </p>
   </div>
   <div class='ocr_carea' id='block_1_97' title="bbox 894 2122 1688 2154">
    <p class='ocr_par' dir='ltr' id='par_1_97' title="bbox 894 2122 1688 2154">
     <span class='ocr_line' id='line_1_98' title="bbox 894 2122 1688 2154; baseline -0.005 -3"><span class='ocrx_word' id='word_1_642' title='bbox 894 2124 1051 2154; x_wconf 75' lang='lat' dir='ltr'><strong>ordinibus,</strong></span> <span class='ocrx_word' id='word_1_643' title='bbox 1090 2130 1142 2150; x_wconf 89' lang='lat' dir='ltr'><strong>nec</strong></span> <span class='ocrx_word' id='word_1_644' title='bbox 1182 2122 1266 2150; x_wconf 82' lang='lat' dir='ltr'><strong>aliutn</strong></span> <span class='ocrx_word' id='word_1_645' title='bbox 1305 2129 1399 2149; x_wconf 77' lang='lat' dir='ltr'><strong>creare</strong></span> <span class='ocrx_word' id='word_1_646' title='bbox 1426 2122 1607 2152; x_wconf 83' lang='lat' dir='ltr'><strong>sacerdotem,</strong></span> <span class='ocrx_word' id='word_1_647' title='bbox 1639 2123 1688 2147; x_wconf 79' lang='lat' dir='ltr'><strong>aut</strong></span> 
     </span>
    </p>
   </div>
   <div class='ocr_carea' id='block_1_98' title="bbox 893 2166 1684 2205">
    <p class='ocr_par' dir='ltr' id='par_1_98' title="bbox 893 2166 1684 2205">
     <span class='ocr_line' id='line_1_99' title="bbox 893 2166 1684 2205; baseline -0.006 -8"><span class='ocrx_word' id='word_1_648' title='bbox 893 2177 1086 2205; x_wconf 78' lang='lat' dir='ltr'><strong>quemcunque</strong></span> <span class='ocrx_word' id='word_1_649' title='bbox 1115 2168 1197 2196; x_wconf 85' lang='lat' dir='ltr'><strong>alium</strong></span> <span class='ocrx_word' id='word_1_650' title='bbox 1214 2168 1259 2204; x_wconf 89' lang='lat' dir='ltr'><strong>qui</strong></span> <span class='ocrx_word' id='word_1_651' title='bbox 1272 2168 1377 2195; x_wconf 90' lang='lat' dir='ltr'><strong>ordinis</strong></span> <span class='ocrx_word' id='word_1_652' title='bbox 1397 2167 1469 2194; x_wconf 81' lang='lat' dir='ltr'><strong>sacri</strong></span> <span class='ocrx_word' id='word_1_653' title='bbox 1485 2166 1521 2194; x_wconf 86' lang='lat' dir='ltr'><strong>sit</strong></span> <span class='ocrx_word' id='word_1_654' title='bbox 1537 2167 1684 2201; x_wconf 75' lang='lat' dir='ltr'><strong>particeps.</strong></span> 
     </span>
    </p>
   </div>
   <div class='ocr_carea' id='block_1_99' title="bbox 985 2213 1588 2250">
    <p class='ocr_par' dir='ltr' id='par_1_99' title="bbox 985 2213 1588 2250">
     <span class='ocr_line' id='line_1_100' title="bbox 985 2213 1588 2250; baseline -0.007 -8"><span class='ocrx_word' id='word_1_655' title='bbox 985 2215 1030 2243; x_wconf 75' lang='lat'><strong>5‘2.</strong></span> <span class='ocrx_word' id='word_1_656' title='bbox 1048 2214 1118 2247; x_wconf 83' lang='lat' dir='ltr'><strong>Quid</strong></span> <span class='ocrx_word' id='word_1_657' title='bbox 1135 2215 1285 2250; x_wconf 79' lang='lat' dir='ltr'><strong>liturgicum</strong></span> <span class='ocrx_word' id='word_1_658' title='bbox 1301 2222 1396 2240; x_wconf 75' lang='lat' dir='ltr'><strong>munus</strong></span> <span class='ocrx_word' id='word_1_659' title='bbox 1419 2213 1445 2240; x_wconf 81' lang='lat' dir='ltr'><strong>in</strong></span> <span class='ocrx_word' id='word_1_660' title='bbox 1468 2213 1588 2239; x_wconf 78' lang='lat' dir='ltr'><strong>dim-ouo.</strong></span> 
     </span>
    </p>
   </div>
   <div class='ocr_carea' id='block_1_100' title="bbox 934 2257 1687 2292">
    <p class='ocr_par' dir='ltr' id='par_1_100' title="bbox 934 2257 1687 2292">
     <span class='ocr_line' id='line_1_101' title="bbox 934 2257 1687 2292; baseline -0.007 -4"><span class='ocrx_word' id='word_1_661' title='bbox 934 2261 1071 2288; x_wconf 84' lang='lat' dir='ltr'><strong>Dlacouus</strong></span> <span class='ocrx_word' id='word_1_662' title='bbox 1098 2266 1190 2288; x_wconf 73' lang='lat' dir='ltr'><strong>autem</strong></span> <span class='ocrx_word' id='word_1_663' title='bbox 1216 2260 1435 2287; x_wconf 80' lang='lat' dir='ltr'><strong>tniuistratorius</strong></span> <span class='ocrx_word' id='word_1_664' title='bbox 1465 2259 1577 2290; x_wconf 80' lang='lat' dir='ltr'><strong>dicitur,</strong></span> <span class='ocrx_word' id='word_1_665' title='bbox 1595 2257 1687 2292; x_wconf 84' lang='lat' dir='ltr'><strong>utqui</strong></span> 
     </span>
    </p>
   </div>
   <div class='ocr_carea' id='block_1_101' title="bbox 898 2303 1688 2338">
    <p class='ocr_par' dir='ltr' id='par_1_101' title="bbox 898 2303 1688 2338">
     <span class='ocr_line' id='line_1_102' title="bbox 898 2303 1688 2338; baseline -0.008 -3"><span class='ocrx_word' id='word_1_666' title='bbox 898 2308 1016 2335; x_wconf 86' lang='lat' dir='ltr'><strong>ministri</strong></span> <span class='ocrx_word' id='word_1_667' title='bbox 1042 2307 1130 2334; x_wconf 83' lang='lat' dir='ltr'><strong>locum</strong></span> <span class='ocrx_word' id='word_1_668' title='bbox 1151 2312 1251 2338; x_wconf 81' lang='lat' dir='ltr'><strong>teneat,</strong></span> <span class='ocrx_word' id='word_1_669' title='bbox 1266 2310 1292 2334; x_wconf 81' lang='lat' dir='ltr'><strong>et</strong></span> <span class='ocrx_word' id='word_1_670' title='bbox 1311 2306 1379 2333; x_wconf 87' lang='lat' dir='ltr'><strong>citra</strong></span> <span class='ocrx_word' id='word_1_671' title='bbox 1410 2304 1580 2332; x_wconf 86' lang='lat' dir='ltr'><strong>sacerdolem</strong></span> <span class='ocrx_word' id='word_1_672' title='bbox 1599 2303 1688 2329; x_wconf 75' lang='lat' dir='ltr'><strong>facere</strong></span> 
     </span>
    </p>
   </div>
   <div class='ocr_carea' id='block_1_102' title="bbox 900 2348 1686 2388">
    <p class='ocr_par' dir='ltr' id='par_1_102' title="bbox 900 2348 1686 2388">
     <span class='ocr_line' id='line_1_103' title="bbox 900 2348 1686 2388; baseline -0.009 -8"><span class='ocrx_word' id='word_1_673' title='bbox 900 2354 967 2380; x_wconf 89' lang='lat' dir='ltr'><strong>nihil</strong></span> <span class='ocrx_word' id='word_1_674' title='bbox 992 2354 1095 2388; x_wconf 85' lang='lat' dir='ltr'><strong>possit:</strong></span> <span class='ocrx_word' id='word_1_675' title='bbox 1121 2353 1193 2388; x_wconf 89' lang='lat' dir='ltr'><strong>quod</strong></span> <span class='ocrx_word' id='word_1_676' title='bbox 1209 2357 1283 2379; x_wconf 87' lang='lat' dir='ltr'><strong>certe</strong></span> <span class='ocrx_word' id='word_1_677' title='bbox 1299 2355 1342 2379; x_wconf 82' lang='lat' dir='ltr'><strong>est</strong></span> <span class='ocrx_word' id='word_1_678' title='bbox 1368 2350 1456 2378; x_wconf 86' lang='lat' dir='ltr'><strong>ultimi</strong></span> <span class='ocrx_word' id='word_1_679' title='bbox 1480 2348 1585 2376; x_wconf 88' lang='lat' dir='ltr'><strong>ordinis</strong></span> <span class='ocrx_word' id='word_1_680' title='bbox 1602 2355 1686 2382; x_wconf 78' lang='lat' dir='ltr'><strong>auge-</strong></span> 
     </span>
    </p>
   </div>
   <div class='ocr_carea' id='block_1_103' title="bbox 899 2393 1688 2432">
    <p class='ocr_par' dir='ltr' id='par_1_103' title="bbox 899 2393 1688 2432">
     <span class='ocr_line' id='line_1_104' title="bbox 899 2393 1688 2432; baseline -0.008 -7"><span class='ocrx_word' id='word_1_681' title='bbox 899 2399 954 2425; x_wconf 88' lang='lat' dir='ltr'><strong>lici.</strong></span> <span class='ocrx_word' id='word_1_682' title='bbox 988 2398 1110 2432; x_wconf 76' lang='lat' dir='ltr'><strong>QuiSquc</strong></span> <span class='ocrx_word' id='word_1_683' title='bbox 1137 2398 1234 2424; x_wconf 84' lang='lat' dir='ltr'><strong>horum</strong></span> <span class='ocrx_word' id='word_1_684' title='bbox 1262 2396 1344 2423; x_wconf 91' lang='lat' dir='ltr'><strong>trium</strong></span> <span class='ocrx_word' id='word_1_685' title='bbox 1370 2395 1495 2421; x_wconf 89' lang='lat' dir='ltr'><strong>ordinum</strong></span> <span class='ocrx_word' id='word_1_686' title='bbox 1528 2401 1575 2428; x_wconf 92' lang='lat' dir='ltr'><strong>pro</strong></span> <span class='ocrx_word' id='word_1_687' title='bbox 1606 2393 1688 2420; x_wconf 84' lang='lat' dir='ltr'><strong>ratio-</strong></span> 
     </span>
    </p>
   </div>
   <div class='ocr_carea' id='block_1_104' title="bbox 897 2439 1686 2473">
    <p class='ocr_par' dir='ltr' id='par_1_104' title="bbox 897 2439 1686 2473">
     <span class='ocr_line' id='line_1_105' title="bbox 897 2439 1686 2473; baseline -0.008 -2"><span class='ocrx_word' id='word_1_688' title='bbox 897 2453 932 2471; x_wconf 81' lang='lat' dir='ltr'><strong>ne</strong></span> <span class='ocrx_word' id='word_1_689' title='bbox 957 2444 999 2471; x_wconf 90' lang='lat' dir='ltr'><strong>sui</strong></span> <span class='ocrx_word' id='word_1_690' title='bbox 1029 2448 1117 2471; x_wconf 85' lang='lat' dir='ltr'><strong>status</strong></span> <span class='ocrx_word' id='word_1_691' title='bbox 1144 2447 1235 2469; x_wconf 78' lang='lat' dir='ltr'><strong>vestes</strong></span> <span class='ocrx_word' id='word_1_692' title='bbox 1272 2441 1371 2468; x_wconf 84' lang='lat' dir='ltr'><strong>induit.</strong></span> <span class='ocrx_word' id='word_1_693' title='bbox 1409 2440 1543 2466; x_wconf 85' lang='lat' dir='ltr'><strong>Diaconos</strong></span> <span class='ocrx_word' id='word_1_694' title='bbox 1576 2439 1686 2473; x_wconf 77' lang='lat' dir='ltr'><strong>quidem</strong></span> 
     </span>
    </p>
   </div>
   <div class='ocr_carea' id='block_1_105' title="bbox 897 2485 1688 2525">
    <p class='ocr_par' dir='ltr' id='par_1_105' title="bbox 897 2485 1688 2525">
     <span class='ocr_line' id='line_1_106' title="bbox 897 2485 1688 2525; baseline -0.009 -8"><span class='ocrx_word' id='word_1_695' title='bbox 897 2498 958 2525; x_wconf 72' lang='lat' dir='ltr'><strong>qum</strong></span> <span class='ocrx_word' id='word_1_696' title='bbox 977 2489 1130 2524; x_wconf 70' lang='lat' dir='ltr'><strong>angelicum</strong></span> <span class='ocrx_word' id='word_1_697' title='bbox 1148 2489 1272 2514; x_wconf 84' lang='lat' dir='ltr'><strong>ordinent</strong></span> <span class='ocrx_word' id='word_1_698' title='bbox 1311 2485 1443 2513; x_wconf 80' lang='lat' dir='ltr'><strong>referunt.</strong></span> <span class='ocrx_word' id='word_1_699' title='bbox 1470 2485 1615 2520; x_wconf 75' lang='lat' dir='ltr'><strong>Prcshytcr</strong></span> <span class='ocrx_word' id='word_1_700' title='bbox 1632 2485 1688 2511; x_wconf 68' lang='lat' dir='ltr'><strong>hate</strong></span> 
     </span>
    </p>
   </div>
   <div class='ocr_carea' id='block_1_106' title="bbox 898 2530 1690 2567">
    <p class='ocr_par' dir='ltr' id='par_1_106' title="bbox 898 2530 1690 2567">
     <span class='ocr_line' id='line_1_107' title="bbox 898 2530 1690 2567; baseline -0.01 -4"><span class='ocrx_word' id='word_1_701' title='bbox 898 2536 991 2563; x_wconf 80' lang='lat' dir='ltr'><strong>eadem</strong></span> <span class='ocrx_word' id='word_1_702' title='bbox 1017 2534 1108 2566; x_wconf 78' lang='lat' dir='ltr'><strong>Itabcl,</strong></span> <span class='ocrx_word' id='word_1_703' title='bbox 1124 2532 1346 2567; x_wconf 83' lang='lat' dir='ltr'><strong>quandoquidem</strong></span> <span class='ocrx_word' id='word_1_704' title='bbox 1375 2531 1511 2558; x_wconf 88' lang='lat' dir='ltr'><strong>charisma</strong></span> <span class='ocrx_word' id='word_1_705' title='bbox 1546 2530 1604 2558; x_wconf 82' lang='lat' dir='ltr'><strong>sire</strong></span> <span class='ocrx_word' id='word_1_706' title='bbox 1628 2537 1690 2563; x_wconf 75' lang='lat' dir='ltr'><strong>gra-</strong></span> 
     </span>
    </p>
   </div>
   <div class='ocr_carea' id='block_1_107' title="bbox 898 2575 1687 2615">
    <p class='ocr_par' dir='ltr' id='par_1_107' title="bbox 898 2575 1687 2615">
     <span class='ocr_line' id='line_1_108' title="bbox 898 2575 1687 2615; baseline -0.009 -7"><span class='ocrx_word' id='word_1_707' title='bbox 898 2582 963 2608; x_wconf 82' lang='lat' dir='ltr'><strong>tiam</strong></span> <span class='ocrx_word' id='word_1_708' title='bbox 993 2581 1070 2615; x_wconf 88' lang='lat' dir='ltr'><strong>prius</strong></span> <span class='ocrx_word' id='word_1_709' title='bbox 1102 2579 1225 2613; x_wconf 84' lang='lat' dir='ltr'><strong>accepit;</strong></span> <span class='ocrx_word' id='word_1_710' title='bbox 1256 2582 1283 2604; x_wconf 90' lang='lat' dir='ltr'><strong>et</strong></span> <span class='ocrx_word' id='word_1_711' title='bbox 1321 2577 1419 2604; x_wconf 84' lang='lat' dir='ltr'><strong>deinde</strong></span> <span class='ocrx_word' id='word_1_712' title='bbox 1455 2576 1617 2603; x_wconf 79' lang='lat' dir='ltr'><strong>iuitiativam</strong></span> <span class='ocrx_word' id='word_1_713' title='bbox 1647 2575 1687 2602; x_wconf 91' lang='lat' dir='ltr'><strong>vel</strong></span> 
     </span>
    </p>
   </div>
   <div class='ocr_carea' id='block_1_108' title="bbox 898 2621 1689 2659">
    <p class='ocr_par' dir='ltr' id='par_1_108' title="bbox 898 2621 1689 2659">
     <span class='ocr_line' id='line_1_109' title="bbox 898 2621 1689 2659; baseline -0.009 -4"><span class='ocrx_word' id='word_1_714' title='bbox 898 2627 1124 2655; x_wconf 83' lang='lat' dir='ltr'><strong>sanctiﬁcativatn</strong></span> <span class='ocrx_word' id='word_1_715' title='bbox 1162 2624 1278 2659; x_wconf 81' lang='lat' dir='ltr'><strong>adeptus</strong></span> <span class='ocrx_word' id='word_1_716' title='bbox 1295 2628 1348 2656; x_wconf 90' lang='lat' dir='ltr'><strong>est,</strong></span> <span class='ocrx_word' id='word_1_717' title='bbox 1372 2632 1453 2658; x_wconf 81' lang='lat' dir='ltr'><strong>quant</strong></span> <span class='ocrx_word' id='word_1_718' title='bbox 1479 2622 1588 2657; x_wconf 88' lang='lat' dir='ltr'><strong>quidem</strong></span> <span class='ocrx_word' id='word_1_719' title='bbox 1627 2621 1689 2655; x_wconf 84' lang='lat' dir='ltr'><strong>ejus</strong></span> 
     </span>
    </p>
   </div>
   <div class='ocr_carea' id='block_1_109' title="bbox 898 2671 1690 2704">
    <p class='ocr_par' dir='ltr' id='par_1_109' title="bbox 898 2671 1690 2704">
     <span class='ocr_line' id='line_1_110' title="bbox 898 2671 1690 2704; baseline -0.009 -1"><span class='ocrx_word' id='word_1_720' title='bbox 898 2675 966 2703; x_wconf 85' lang='lat' dir='ltr'><strong>stola</strong></span> <span class='ocrx_word' id='word_1_721' title='bbox 992 2674 1107 2701; x_wconf 87' lang='lat' dir='ltr'><strong>iudicat.</strong></span> <span class='ocrx_word' id='word_1_722' title='bbox 1148 2673 1274 2700; x_wconf 77' lang='lat' dir='ltr'><strong>Pontifex</strong></span> <span class='ocrx_word' id='word_1_723' title='bbox 1321 2677 1411 2699; x_wconf 81' lang='lat' dir='ltr'><strong>autent</strong></span> <span class='ocrx_word' id='word_1_724' title='bbox 1438 2673 1547 2704; x_wconf 73' lang='lat' dir='ltr'><strong>hmc,ct</strong></span> <span class='ocrx_word' id='word_1_725' title='bbox 1576 2671 1690 2704; x_wconf 89' lang='lat' dir='ltr'><strong>insuper</strong></span> 
     </span>
    </p>
   </div>
   <div class='ocr_carea' id='block_1_110' title="bbox 899 2716 1689 2753">
    <p class='ocr_par' dir='ltr' id='par_1_110' title="bbox 899 2716 1689 2753">
     <span class='ocr_line' id='line_1_111' title="bbox 899 2716 1689 2753; baseline -0.008 -5"><span class='ocrx_word' id='word_1_726' title='bbox 899 2721 952 2748; x_wconf 83' lang='lat' dir='ltr'><strong>alia</strong></span> <span class='ocrx_word' id='word_1_727' title='bbox 981 2725 1151 2752; x_wconf 83' lang='lat' dir='ltr'><strong>ornamenta,</strong></span> <span class='ocrx_word' id='word_1_728' title='bbox 1183 2720 1307 2746; x_wconf 82' lang='lat' dir='ltr'><strong>videlicet</strong></span> <span class='ocrx_word' id='word_1_729' title='bbox 1323 2719 1448 2753; x_wconf 86' lang='lat' dir='ltr'><strong>pallium.</strong></span> <span class='ocrx_word' id='word_1_730' title='bbox 1472 2716 1598 2749; x_wconf 81' lang='lat' dir='ltr'><strong>assumit,</strong></span> <span class='ocrx_word' id='word_1_731' title='bbox 1617 2716 1689 2750; x_wconf 88' lang='lat' dir='ltr'><strong>quod</strong></span> 
     </span>
    </p>
   </div>
   <div class='ocr_carea' id='block_1_111' title="bbox 899 2761 1690 2793">
    <p class='ocr_par' dir='ltr' id='par_1_111' title="bbox 899 2761 1690 2793">
     <span class='ocr_line' id='line_1_112' title="bbox 899 2761 1690 2793; baseline -0.006 -1"><span class='ocrx_word' id='word_1_732' title='bbox 899 2766 1069 2793; x_wconf 78' lang='lat' dir='ltr'><strong>incarnatth</strong></span> <span class='ocrx_word' id='word_1_733' title='bbox 1112 2765 1157 2791; x_wconf 91' lang='lat' dir='ltr'><strong>Dei</strong></span> <span class='ocrx_word' id='word_1_734' title='bbox 1194 2764 1293 2791; x_wconf 87' lang='lat' dir='ltr'><strong>Filiuut</strong></span> <span class='ocrx_word' id='word_1_735' title='bbox 1338 2762 1568 2790; x_wconf 85' lang='lat' dir='ltr'><strong>considerationis</strong></span> <span class='ocrx_word' id='word_1_736' title='bbox 1608 2761 1690 2788; x_wconf 88' lang='lat' dir='ltr'><strong>oculo</strong></span> 
     </span>
    </p>
   </div>
   <div class='ocr_carea' id='block_1_112' title="bbox 902 2807 1689 2846">
    <p class='ocr_par' dir='ltr' id='par_1_112' title="bbox 902 2807 1689 2846">
     <span class='ocr_line' id='line_1_113' title="bbox 902 2807 1689 2846; baseline -0.003 -9"><span class='ocrx_word' id='word_1_737' title='bbox 902 2812 1022 2839; x_wconf 69' lang='lat' dir='ltr'><strong>exhibet.</strong></span> <span class='ocrx_word' id='word_1_738' title='bbox 1040 2811 1131 2837; x_wconf 81' lang='lat' dir='ltr'><strong>Sacris</strong></span> <span class='ocrx_word' id='word_1_739' title='bbox 1145 2818 1210 2846; x_wconf 83' lang='lat' dir='ltr'><strong>ergo</strong></span> <span class='ocrx_word' id='word_1_740' title='bbox 1234 2811 1357 2839; x_wconf 79' lang='lat' dir='ltr'><strong>vestibus</strong></span> <span class='ocrx_word' id='word_1_741' title='bbox 1379 2811 1443 2838; x_wconf 89' lang='lat' dir='ltr'><strong>dttm</strong></span> <span class='ocrx_word' id='word_1_742' title='bbox 1463 2809 1596 2841; x_wconf 90' lang='lat' dir='ltr'><strong>induitur,</strong></span> <span class='ocrx_word' id='word_1_743' title='bbox 1613 2807 1689 2844; x_wconf 84' lang='lat' dir='ltr'><strong>prius</strong></span> 
     </span>
    </p>
   </div>
   <div class='ocr_carea' id='block_1_113' title="bbox 900 2856 1152 2885">
    <p class='ocr_par' dir='ltr' id='par_1_113' title="bbox 900 2856 1152 2885">
     <span class='ocr_line' id='line_1_114' title="bbox 900 2856 1152 2885; baseline -0.004 0"><span class='ocrx_word' id='word_1_744' title='bbox 900 2859 992 2885; x_wconf 87' lang='lat' dir='ltr'><strong>tunica</strong></span> <span class='ocrx_word' id='word_1_745' title='bbox 1017 2856 1152 2884; x_wconf 71' lang='lat' dir='ltr'><strong>amicitur.</strong></span> 
     </span>
    </p>
   </div>
  </div>
