1928 3043
121 150 133 153 _
169 116 223 148 75!)

580 124 772 158 SYMEONIS
788 129 1013 162 THESSALON
1022 123 1172 162 [CENSIS
1187 133 1370 164 ARCHIEP.

1746 135 1798 166 756

164 180 224 206 dem
244 180 343 208 D..vidc
363 185 390 208 ct
417 180 500 207 Paulo
518 182 664 207 multorum
694 188 815 209 errorem
839 183 952 209 deorum

1011 183 1075 210 ἔστι
1089 184 1171 217 Θεός·
1182 185 1332 213 ἀπωθεῖται
1344 187 1372 213 δὲ
1383 188 1465 215 πάλιν
1481 190 1550 223 μετὰ
1563 191 1610 218 τοῦ
1622 192 1706 219 αὑτοῦ
1714 194 1799 220 Δαῦςὸ

169 227 283 261 respuit.
305 236 313 252 ι
329 227 429 254 Omnes
445 227 528 259 enim,
546 227 632 261 inquit
645 227 700 259 ille,
719 228 754 255 dii
767 228 887 262 gentium
901 227 954 254 dat-

167 274 294 305 nioniap
311 277 338 300 et
350 272 466 300 Paulus:
485 282 493 298 ι
508 273 671 300 Servicrunt
686 274 720 302 iis
730 274 775 308 qui
792 277 888 302 natura
900 281 967 306 non.

167 325 230 346 sunt
247 319 295 349 dii.
312 323 335 345 et
355 319 491 353 sapientes
508 326 569 345 cum
581 324 683 351 essent,
702 320 779 347 stulti
801 319 866 346 facti
878 325 953 351 sunt,

166 369 192 392 et
201 366 354 392 servierunt
366 368 500 392 creaturae
510 365 599 399 potius
613 373 693 400 quatit
703 364 853 392 Creatori.)
870 364 954 404 Perﬁ-

166 411 240 438 ciens
252 415 341 438 autem
360 411 433 445 quod
452 410 503 445 iugi
517 411 620 443 deerat,
641 418 691 438 nec
707 410 817 444 Filium,
831 419 881 437 nec
894 410 956 444 Spi-

159 457 247 488 (ritum
261 461 353 491 aperte
366 456 486 489 docenti,
503 456 575 483 clare
591 461 618 483 et
631 457 673 491 pie
690 457 787 483 clamat
803 464 810 483 :
829 455 913 483 Credo
928 457 954 483 iu

165 510 246 528 mlum
260 501 343 528 Deum
356 502 465 529 Patrem
481 502 689 534 omnipotente»:
704 508 713 528 :
731 502 816 528 Credo
844 501 953 536 quidem

165 556 196 575 ex
213 556 246 576 eo
265 549 339 583 quod
358 548 442 576 corde
459 548 486 575 in
516 549 600 575 Deum
626 547 829 575 confessionem
846 549 955 581 proﬁte-

166 601 221 626 tur,
238 594 315 628 juxta
334 594 447 621 Paulum
463 595 617 622 dicentem:
650 603 660 620 ι
677 594 766 621 Corde
784 587 902 621 creditur
921 593 953 619 :ul

163 642 307 674 justitiam,
328 649 375 668 ore
393 646 481 668 autem
496 640 631 668 confessio
648 640 676 667 fit
695 641 726 667 aet
743 641 860 668 salutem
894 650 902 666 ι
921 640 952 667 1η

165 695 246 713 unum
267 695 331 714 vero
350 687 445 719 Deum,
462 687 494 714 ad
512 686 710 721 oppesitiouem
725 692 780 713 tum
796 694 890 713 eorum
907 687 953 721 qui

165 733 249 760 Deum
270 739 380 768 negant,
399 738 454 760 lllll)
481 734 627 768 impiorum
643 733 688 767 qui
706 733 797 767 plures
821 732 956 760 invocant

163 778 238 805 deos.
257 778 359 805 Deinde
374 778 483 805 Patrem
508 778 736 812 omnipotentem:
754 776 862 803 Patrem
893 783 955 811 pro-

165 827 224 855 pter
240 822 298 856 ejus
315 821 606 856 nnigenitumVerhum
625 826 651 849 et
666 823 700 849 ab
714 829 746 848 co
762 822 953 856 procedentem

1010 229 1057 256 καὶ
1091 229 1133 256 ..οῦ
1153 231 1271 265 Παύλου,
1300 233 1351 268 τὴν
1375 234 1429 261 τῶν
1455 236 1563 263 πολλῶν
1591 238 1662 265 θεῶν
1676 239 1799 275 πλάνην.

1010 275 1122 309 Πάντες
1136 277 1202 312 γὰρ,
1216 277 1297 312 φησὶν
1313 280 1326 306 ὀ
1341 279 1431 313 αὐτὸς,
1446 282 1473 307 οἱ
1486 282 1547 309 θεοὶ
1561 282 1620 310 τῶν
1629 284 1728 312 ἐθνῶν
1736 286 1801 312 δαι-

1008 322 1106 366 μόνια,
1122 323 1169 349 καὶ
1185 324 1199 349 6
1211 323 1325 358 Παῦλος,
1344 326 1551 361 Ἐλάτρευσαν
1565 329 1628 363 τοῖς
1639 331 1683 364 μὴ
1707 332 1803 366 φύσει

1008 365 1080 395 οὖσι
1099 369 1188 402 θεοῖς,
1205 370 1255 397 καὶ
1286 372 1376 406 σοφοὶ
1403 373 1489 407 ὄντες
1502 365 1735 410 ἐμωράνθησαν,
1751 380 1802 407 καὶ

1008 413 1196 448 ἐλάτρευσαν
1214 415 1252 450 τῇ
1267 417 1364 444 κτίσει
1385 419 1467 452 παρὰ
1486 420 1540 446 τὸν
1569 422 1735 450 Κτίσαντα.
1753 424 1803 450 Τε-

1008 458 1117 486 λειοῦσα
1135 461 1162 487 δὲ
1178 462 1225 488 καὶ
1239 462 1288 498 τὴν
1304 463 1350 489 τοῦ
1367 464 1450 498 νόμον
1472 465 1602 501 ἔλλειψιν,
1621 467 1659 503 μὴ
1674 468 1721 495 τὸν
1736 469 1802 496 Υἰὸν

1008 506 1055 532 καὶ
1069 507 1098 532 τὸ
1115 507 1229 542 Πνεῦμα
1246 509 1340 543 σαφῶς
1366 510 1585 544 ὲκδιδάσκοντος,
1602 513 1739 549 λαμπρῶς
1754 516 1802 541 καὶ

1008 551 1127 582 εὐσεϐῶς
1156 553 1250 589 ὲκῦοᾷ,
1281 556 1415 583 Πιστεύω
1429 558 1473 590 είς
1501 557 1556 585 ἕνα
1579 559 1655 586 8e67-
1682 560 1802 594 Πατέρα

1010 597 1256 633 παντοκράτορα·
1275 599 1306 626 τὸ
1329 601 1379 635 μὲν
1402 603 1546 634 Πιστεύω,
1569 604 1613 630 διὰ
1630 604 1660 631 τὸ
1680 605 1714 632 ὲκ
1731 613 1801 640 καρ-

1007 641 1067 674 δίας
1088 644 1139 678 τὴν
1157 646 1197 675 είς
1223 646 1290 673 Θεὸν
1319 647 1469 682 κηρύσσειν
1492 650 1638 684 ὁμολογίαν
1661 652 1734 678 κατὰ
1754 653 1801 678 τὸν

1009 688 1115 715 Παῦλον
1130 690 1254 726 λέγοντα,
1273 693 1387 727 Καρδίῃ
1410 694 1470 728 μὲν
1497 696 1672 722 πιστεύεται
1692 698 1739 730 εις
1756 698 1802 724 δι-

1008 736 1187 769 καιοσύνην,
1214 738 1341 772 στόματι
1368 738 1402 765 δὲ
1423 739 1611 774 ὁμολογεῖται
1632 742 1676 774 εἰς
1698 749 1801 775 σωτη-

1005 780 1077 814 ρίαν
1091 789 1098 796 ·
1115 781 1146 808 τὸ
1160 782 1188 808 δὲ
1204 783 1256 815 Εἰς
1274 783 1329 810 ἕνα
1343 784 1427 816 Θεὸν,
1443 785 1483 816 είς
1498 786 1655 821 ἀνατροπὴν
1672 786 1732 822 ἅμα
1742 788 1800 815 τῶν

1009 833 1037 851 τε
1058 826 1095 861 μὴ
1119 827 1186 854 Θεὸν
1207 828 1423 862 ὁμολογούντων,
1445 830 1492 856 καὶ
1516 831 1569 858 τῶν
1587 832 1702 863 πολλοὺς
1717 833 1798 865 θεοὺς

164 866 308 901 Spiritum,
335 874 395 901 qua:
413 865 599 893 confitentium
616 866 699 894 Deum
713 865 789 893 multi
808 866 953 900 rejiciunt,

1007 871 1141 905 λεγόντων
1158 873 1247 900 ἀθέων
1260 882 1266 889 ·
1290 874 1385 901 ἔπειτα
1407 876 1523 909 Πατέρα
1547 877 1796 913 παντοκράτορα’

165 920 263 947 nempe
274 912 348 947 impii
360 911 444 939 Judaai
456 917 553 940 etcum
564 913 628 947 ipsis
638 913 681 939 alii
692 913 776 939 Deum
787 919 955 947 consequen-

164 964 204 985 ter
211 959 344 992 complete
361 964 502 993 negantes.
515 958 542 985 Si
556 958 627 985 enim
642 958 744 993 absque
757 957 843 985 Verbo
854 963 881 985 et
892 957 955 991 Spi-

163 1004 217 1030 ritu
231 1004 311 1036 Dcus,
328 1011 392 1038 ergo
405 1004 582 1039 imperfectus
597 1009 640 1038 ;et
655 1004 678 1031 si
693 1003 881 1038 imperfectus,
898 1010 952 1030 non

164 1057 255 1076 verus.
270 1051 357 1084 Atque
372 1050 411 1077 sic
427 1054 454 1077 et
470 1050 508 1080 hi.
523 1055 550 1076 ut
565 1050 695 1081 diximus,
716 1050 743 1077 in
760 1057 853 1077 verum
868 1049 951 1076 Deum

164 1103 219 1128 pou
234 1096 378 1123 credentes
390 1096 475 1122 athei.
488 1095 516 1122 Si
534 1096 606 1122 enitn
621 1096 647 1122 in
660 1095 844 1122 rationalibus
861 1095 953 1128 nobis,

163 1142 268 1177 angelis
287 1146 313 1169 ct
331 1142 499 1173 hominibus,
515 1141 633 1169 Verbum
646 1147 688 1169 est
701 1145 728 1169 et
742 1141 874 1176 Spiritus,
886 1149 953 1176 quo-

166 1187 246 1214 modo
263 1195 315 1214 non
334 1188 360 1214 in
380 1187 436 1214 Deo
452 1187 641 1214 universorum
659 1191 685 1213 et
700 1187 849 1221 praesertim
867 1187 949 1213 ratio-

166 1234 268 1260 nalium
287 1234 331 1267 qui
347 1241 408 1260 eum
425 1238 565 1268 utcuuqtte
574 1233 763 1268 cognoscunt?
777 1233 844 1261 Vide
860 1236 951 1260 autem

167 1279 265 1306 mirum
279 1279 305 1305 iu
319 1279 429 1305 modum
444 1283 470 1305 et
487 1279 511 1305 id
525 1278 646 1313 profecto
659 1278 891 1309 contemnentium
905 1277 952 1304 Dei

149 1324 285 1351 .Vcrbum
306 1329 333 1351 ct
347 1324 478 1358 Spiritum
494 1324 661 1358 impietatem
689 1324 842 1358 patefacere
865 1332 872 1351 :
892 1331 956 1359 pro-

169 1371 228 1403 prio
243 1372 329 1397 verbo
343 1377 375 1396 ex
389 1370 455 1404 ipsis
479 1371 570 1404 genito
594 1370 719 1397 nituntur
744 1370 790 1397 Dei
816 1370 894 1398 Verbi
924 1371 953 1398 in

166 1415 245 1442 Patre
260 1415 412 1443 viventis-et
423 1416 580 1443 exsistentis
593 1415 734 1443 destruere
748 1415 825 1450 (proh
837 1415 856 1451 l)
870 1423 952 1450 gene-

167 1463 300 1489 rationem
317 1466 380 1489 ante
396 1469 476 1489 omne
493 1461 669 1497 principium;
682 1465 708 1489 et
721 1463 851 1496 plasmata
864 1462 953 1497 imago

166 1513 338 1543 prototypum
355 1516 435 1535 suum
454 1508 678 1542 conditoremque
703 1508 822 1542 prodens
843 1508 884 1535 vel
909 1508 953 1534 in-

164 1556 231 1584 vita.
250 1562 300 1582 nec
314 1555 480 1589 intelligens,
503 1554 636 1581 adversus
654 1561 716 1581 eum
734 1553 832 1581 insane
854 1553 952 1588 fertur,

165 1605 291 1628 creatura
320 1607 484 1633 creatorem,
504 1605 532 1628 et
553 1599 636 1627 Deum
666 1600 770 1628 factura
790 1601 951 1630 contemnit.

165 1646 230 1674 Etsi
252 1654 300 1681 per
313 1654 342 1673 se
364 1647 538 1674 exsistentem
565 1646 682 1674 Verbum
702 1651 729 1673 et
749 1646 878 1681 Spiritum
896 1655 952 1674 nnn

166 1694 264 1720 habere
280 1694 346 1720 dicit
362 1692 458 1725 Deum,
471 1694 542 1720 sicut
555 1698 581 1720 et
596 1701 656 1727 qua:
670 1694 777 1728 propria
794 1697 857 1720 sunt
871 1693 952 1720 habet

166 1740 259 1770 homo,
286 1738 326 1765 sic
351 1738 427 1765 valde
448 1738 531 1773 impia
557 1743 597 1765 est
611 1751 622 1770 ,‹
647 1738 833 1765 testimonium
858 1739 951 1766 divina

163 1785 245 1812 dante
264 1785 418 1819 Scriptura,
438 1785 509 1818 quod
531 1786 623 1811 vivens
641 1784 668 1810 in
685 1784 809 1819 cceloque
825 1784 951 1812 habitans

164 1832 198 1858 sit
214 1831 259 1858 Dci
271 1830 399 1863 Verbum,
418 1831 556 1866 Sapientia
570 1831 639 1865 viva,
652 1835 679 1858 et
694 1831 720 1858 in
736 1839 765 1859 se
779 1832 836 1865 ipsa
852 1831 951 1858 intelli-

163 1878 261 1910 gentia:
275 1883 301 1904 et
318 1878 472 1905 Sanctitatis
488 1878 614 1912 spiritum
629 1878 742 1905 habens.
757 1877 789 1905 Et
806 1878 849 1905 hic
863 1877 950 1904 vivifi-

163 1931 229 1950 rans
240 1928 266 1950 et
281 1924 359 1950 vivax
372 1924 429 1958 ipse
443 1923 489 1950 Dei
505 1929 697 1951 sacrosanctus
713 1923 840 1958 Spiritus.
854 1922 950 1957 lmpiat

162 1976 226 2003 ergo
239 1975 268 1996 se
280 1969 336 2003 qtti,
352 1969 492 1996 athenrum
507 1969 625 1996 rationes
635 1976 744 2004 gerens,
755 1969 888 1996 viventem
902 1967 949 1995 Dei

166 2015 283 2041 Verbum
305 2015 420 2050 despicit
435 2019 462 2042 et
478 2014 611 2048 Spiritum
625 2035 632 2047 ,
649 2023 702 2042 non
729 2019 858 2051 reputans
876 2015 948 2050 quod

162 2066 286 2088 creatura
299 2061 344 2096 qui
361 2065 412 2093 est,
424 2061 446 2087 si
458 2061 574 2095 quodam
589 2061 668 2089 modo
680 2061 834 2089 Conditoris
850 2061 950 2096 praebet

162 2107 330 2140 imaginem,
358 2106 459 2140 pariter
480 2110 506 2133 et
520 2106 546 2133 id
572 2110 711 2141 utcunque
733 2106 760 2133 in
786 2114 815 2134 se
840 2107 948 2139 habeat,

163 2152 385 2184 ndumbrationc,
400 2160 455 2179 non
469 2153 583 2180 veritate
601 2153 733 2187 locuples.
751 2152 856 2180 Etenim
879 2160 948 2179 scm-

1006 917 1132 952 Πατέρα,
1157 919 1201 945 διὰ
1227 919 1274 945 τὸν
1291 921 1424 956 μονογενῆ
1440 922 1524 948 αὐτοῦ
1548 922 1643 956 Λόγον,
1657 925 1704 950 καὶ
1719 926 1751 951 τὸ
1766 925 1797 958 ἐξ

1007 963 1090 989 αὑτοῦ
1107 964 1230 997 Πνεῦμα.
1243 965 1277 991 Ἀ
1293 967 1339 992 καὶ
1353 966 1445 992 πολλοὶ
1459 967 1513 994 τῶν
1526 968 1733 1002 ὁμολογούντων
1749 970 1798 1005 δῆ-

1008 1009 1054 1035 Θεν
1069 1009 1136 1036 Θεὸν
1150 1010 1328 1045 ὴθιτήκασιν,
1342 1012 1379 1043 ὡς
1397 1013 1422 1039 οἱ
1437 1013 1576 1045 δυσσεϐεῖς
1595 1014 1729 1048 Ἰουδαῖοι,
1746 1015 1796 1042 καὶ

1008 1055 1057 1081 σὺν
1069 1055 1162 1087 αὐτοῖς
1181 1056 1269 1090 ἄλλοι,
1287 1057 1363 1084 ᾶθεοι
1378 1057 1519 1091 τελοῦντες
1539 1060 1586 1086 καὶ
1598 1059 1680 1087 οὗτοι.
1693 1061 1725 1087 Εἰ
1741 1062 1797 1097 γὰρ

1006 1100 1068 1135 δίχα
1077 1101 1158 1135 λόγου
1170 1102 1216 1128 καὶ
1233 1103 1389 1137 Πνεύματος
1401 1104 1414 1130 6
1427 1103 1504 1136 Θεὸς,
1516 1105 1613 1140 ἀτελὴς
1624 1106 1679 1141 ἄρα.
1691 1115 1698 1120 -
1710 1108 1758 1132 καὶ
1772 1108 1798 1134 ει

1006 1147 1115 1181 ἀτελὴς,
1129 1148 1179 1174 οὐκ
1197 1148 1302 1183 ἀληθής
1313 1157 1320 1165 ·
1336 1149 1383 1176 καὶ
1396 1149 1467 1176 οὓτω
1478 1150 1526 1176 καὶ
1540 1151 1617 1178 αὐτοὶ
1629 1151 1667 1183 ὡς
1682 1153 1797 1188 εἰρήκα-

1007 1201 1066 1227 μεν,
1085 1195 1124 1225 είς
1140 1194 1187 1221 τὸν
1213 1195 1298 1226 ὄντως
1312 1195 1379 1223 Θεὸν
1407 1195 1446 1231 μὴ
1463 1197 1639 1228 πιστεύοντες
1663 1197 1751 1226 ἄθεοι.
1765 1200 1796 1226 Εἰ

1005 1239 1059 1273 γὰρ
1074 1240 1103 1266 ὲν
1117 1241 1172 1271 τοῖς
1192 1240 1312 1275 λογικοῖς
1326 1241 1403 1277 ἡμῖν,
1421 1242 1548 1276 ἀγγέλοις
1562 1251 1591 1269 τε
1618 1243 1666 1269 καὶ
1686 1244 1797 1279 ἀνθρώο

1006 1293 1079 1317 ποις,
1099 1285 1187 1319 Λόγος
1202 1287 1261 1313 ἐστὶ
1276 1288 1321 1313 καὶ
1339 1287 1461 1322 Πνεῦμα,
1481 1289 1539 1320 πῶς
1562 1289 1612 1316 οὐκ
1629 1291 1659 1316 ὲν
1681 1290 1720 1325 τῷ
1735 1291 1797 1327 Θεῷ

1003 1330 1059 1357 τῶν
1075 1330 1154 1363 ὅλων,
1183 1332 1229 1358 καὶ
1244 1332 1298 1358 τῶν
1317 1331 1434 1367 λογικῶν
1452 1333 1581 1368 μάλιστα,
1597 1335 1651 1362 τῶν
1669 1336 1796 1363 ὁπωσοῦν

1005 1376 1240 1410 ἐπιγινωσκόντων
1265 1377 1366 1411 αὑτόνς
1397 1379 1470 1413 Ὅρα
1501 1379 1528 1406 δὲ
1555 1381 1714 1415 παραδόξως
1748 1383 1796 1408 καὶ

1005 1421 1084 1448 τοῦτο
1098 1423 1305 1457 παραστατικὸν
1326 1424 1447 1458 μάλιστα
1456 1424 1506 1459 τῆς
1520 1425 1648 1457 ἀσεϐείας
1663 1426 1720 1453 τῶν
1732 1427 1796 1453 ἀθε-

1005 1467 1123 1494 τούντων
1139 1468 1185 1494 τὸν
1199 1469 1246 1495 τοῦ
1270 1469 1337 1496 Θεοῦ
1354 1469 1440 1504 Λόγον
1458 1471 1546 1498 καὶτὸ
1561 1472 1686 1507 Πνεῦμα.
1712 1473 1795 1508 Λόγῳ

1004 1514 1059 1549 γὰρ
1088 1515 1144 1550 [δίῳ
1161 1515 1307 1550 πειρῶνται
1323 1515 1351 1549 ἐξ
1371 1516 1464 1543 αὐτῶν
1487 1519 1638 1553 τικτομένῳ
1666 1518 1716 1554 τὴν
1746 1519 1796 1546 τοῦ

1006 1560 1073 1587 Θεοῦ
1085 1561 1173 1595 Λόγου
1183 1561 1230 1588 τοῦ
1242 1561 1343 1593 ζῶντος
1358 1562 1406 1589 καὶ
1422 1562 1497 1594 ὄντος
1514 1563 1543 1590 ἐν
1555 1563 1594 1598 τῷ
1613 1564 1702 1600 Πατρὶ
1717 1565 1796 1592 ἀναι-

1007 1607 1064 1641 ρεῖν
1076 1606 1137 1642 (φεῦ
1147 1606 1165 1641 !)
1179 1607 1348 1642 προάναρχον
1363 1608 1491 1644 γέννησιν
1501 1617 1507 1625 ·
1531 1610 1577 1636 καὶ
1592 1610 1609 1645 ή
1625 1610 1795 1646 δημιουργη-

1005 1651 1081 1678 Otia:
1093 1652 1186 1684 εἰκὼν,
1199 1653 1229 1679 τὸ
1243 1653 1422 1688 πρωτότυπον
1434 1654 1533 1689 ἑαυτῆς
1546 1656 1591 1681 καὶ
1608 1657 1652 1682 τὸν
1661 1656 1795 1693 δημιουρ-

1005 1697 1052 1732 γὸν
1072 1698 1249 1734 μαρτυροῦσα
1263 1700 1311 1726 καὶ
1325 1700 1363 1735 μὴ
1379 1700 1486 1733 νοοῦσα,
1504 1702 1566 1727 κατ’
1581 1701 1664 1728 αὐτοῦ
1677 1703 1794 1737 φέρεται

1005 1738 1164 1776 άλογίστωςᾏ
1176 1744 1232 1771 Καὶ
1243 1745 1271 1771 τὸ
1286 1745 1580 1781 κτίσμα,τὸνΚτίστην
1594 1746 1696 1780 ἀθετεῖ,
1705 1749 1795 1775 καὶτὸ

1005 1790 1111 1825 ποίημα
1121 1790 1166 1816 τὸν
1176 1790 1251 1817 Θεόν.
1265 1791 1346 1827 294
1362 1791 1392 1818 Et
1403 1791 1431 1818 δὲ
1445 1793 1492 1820 καὶ
1507 1792 1545 1826 μὴ
1555 1793 1737 1821 ἐνυπόστατον
1747 1795 1794 1821 τὸν

1004 1836 1090 1870 Λόγον
1104 1836 1151 1862 καὶ
1170 1836 1201 1862 τὸ
1221 1836 1332 1871 Πνεῦμα
1346 1837 1421 1871 λέγει
1440 1838 1592 1872 κεκτῆσθαι
1608 1839 1653 1865 τὸν
1666 1839 1743 1872 Θεὸν,
1755 1841 1795 1872 ὡς

1004 1882 1098 1909 καὶτὰ
1111 1882 1209 1908 ἑαυτοῦ
1224 1882 1379 1917 ἅνθρωπος,
1397 1883 1444 1909 καὶ
1458 1883 1529 1910 οὓτω
1554 1884 1672 1919 μάλιστα
1697 1885 1795 1911 δυσσε-

1005 1927 1058 1958 ϐεῖ,
1073 1928 1123 1962 τῆς
1148 1927 1224 1959 θείας
1241 1928 1434 1963 μαρτυρούσης
1449 1929 1572 1964 Γραφῆς,
1598 1931 1645 1956 τοῦ
1662 1931 1731 1957 Θεοῦ
1745 1932 1793 1958 τὸν

1004 1973 1090 2007 Λόγον
1117 1973 1207 2004 ζῶντα
1230 1973 1277 2000 καὶ
1297 1974 1327 2000 ὲν
1350 1974 1388 2008 τῷ
1411 1975 1518 2010 οὐρανῷ
1544 1975 1716 2010 διαμένοντα,
1745 1978 1795 2004 καὶ

1003 2019 1097 2046 τοῦτον
1120 2019 1222 2054 Σοφίαν
1242 2019 1342 2052 ζῶσαν,
1361 2021 1408 2046 καὶ
1422 2021 1451 2046 ὲν
1475 2021 1544 2057 αὐτῇ
1570 2022 1683 2057 Πνεῦμα
1697 2024 1794 2058 νοερὸν

1004 2066 1051 2092 καὶ
1072 2065 1151 2100 ἅγιον
1175 2066 1290 2100 ἔχουσαν
1303 2075 1310 2083 ·
1328 2067 1375 2093 καὶ
1399 2067 1531 2098 ζωοποιὸν
1552 2068 1579 2094 δὲ
1593 2070 1642 2095 καὶ
1655 2069 1709 2101 ζῶν
1726 2070 1794 2096 αὐτὸ

1002 2115 1033 2140 τὸ
1052 2113 1099 2140 τοῦ
1125 2114 1192 2141 Θεοῦ
1216 2115 1350 2149 πανάγιον
1377 2115 1498 2150 Πνεῦμα.
1516 2117 1647 2143 Δυσσεὸεἰ
1671 2118 1761 2144 τοίνυν
1779 2119 1794 2145 6

1003 2161 1106 2188 ἀθετῶν
1135 2161 1221 2188 ἀθέως
1236 2161 1281 2188 τὸν
1307 2161 1396 2193 ζῶντα
1424 2162 1510 2195 Λάγον
1537 2162 1583 2188 τοῦ
1609 2162 1678 2189 Θεοῦ
1699 2165 1747 2190 καὶ
1762 2164 1794 2190 τὸ

163 2206 211 2233 per
225 2198 334 2233 quidem
353 2199 472 2225 existens
489 2198 557 2225 Deus
571 2206 678 2232 semper
690 2199 869 2226 cxsistcntcm
884 2198 950 2226 Ver-

1004 2206 1180 2242 llveﬁpa,pﬁ
1198 2206 1275 2237 stam;
1288 2206 1329 2232 ὅτι
1357 2206 1460 2240 κτίσμα
1474 2205 1524 2238 ὢν,
1542 2207 1566 2233 εί
1580 2207 1626 2233 καὶ
1650 2208 1792 2240 εἰκονίζων

162 2245 226 2271 bum
239 2244 427 2279 Spiritumque
442 2247 567 2270 sanctum
579 2244 711 2271 viventem
726 2244 816 2271 habet.
829 2244 949 2280 Angelus

161 2295 263 2322 autem.
274 2291 355 2317 homo
363 2290 476 2322 etiam,e
487 2297 541 2316 non
549 2289 697 2317 exsisteutc
707 2289 842 2317 exsistens
850 2289 947 2322 factus,

161 2345 214 2363 non
231 2344 339 2370 semper
359 2335 409 2362 fuit
434 2340 461 2363 et
488 2335 625 2363 mutabilis
648 2340 699 2366 cst,
715 2341 741 2363 et
760 2334 877 2362 Verbum
893 2342 946 2362 non

159 2391 208 2417 per
224 2390 253 2410 se
267 2383 453 2414 cxsisteutem,
482 2382 528 2409 sed
546 2383 657 2410 omnino
671 2382 753 2409 alium
774 2382 864 2409 habet.
882 2381 948 2409 Pro-

159 2434 252 2463 pterea
276 2428 355 2455 Pater
373 2429 452 2456 solus
479 2436 559 2456 verus
584 2429 663 2465 Deus,
684 2433 813 2463 tanquam
840 2435 948 2462 semper

160 2474 298 2501 exsistens
313 2473 402 2506 Pater,
418 2472 498 2500 Pater
514 2481 567 2500 non
582 2477 704 2500 nostrum
715 2473 759 2507 qui
778 2477 870 2507 postea
883 2471 947 2499 facti

159 2528 256 2547 sumus
268 2541 275 2553 ,
293 2520 344 2546 erit
360 2519 507 2554 aliquando
523 2520 611 2546 factus
624 2518 713 2546 Pater.
727 2519 755 2546 Si
771 2519 880 2553 quando
896 2526 945 2545 au-

159 2571 212 2594 tem
236 2571 329 2593 noster
355 2565 465 2598 dicitur,
493 2566 640 2593 secundum
655 2565 783 2600 gratiam,
804 2565 867 2600 quia
892 2572 945 2592 nos

158 2612 290 2645 condidit,
301 2620 353 2638 non
365 2612 515 2639 secundum
532 2617 655 2638 naturam
670 2619 677 2645 ;
690 2612 711 2638 si
727 2612 798 2638 enim
816 2611 878 2644 hoc,
895 2612 945 2638 im-

159 2658 306 2694 perfectus.
322 2658 379 2686 Non
396 2665 428 2685 ex
444 2658 502 2692 ipso
516 2665 567 2684 nos
582 2657 731 2684 secundum
745 2662 881 2690 naturam,
897 2657 945 2685 sed

159 2712 174 2731 ο
189 2711 242 2730 non
257 2703 452 2731 exsistentihus
469 2703 532 2729 facti
545 2710 650 2729 sumus.
660 2702 724 2730 Inde
736 2711 796 2729 cum
810 2703 945 2738 perfectus

161 2750 196 2776 sit
213 2749 295 2782 Deus,
313 2749 393 2776 Pater
410 2756 518 2783 semper
534 2752 575 2776 est
592 2755 645 2775 una
661 2756 722 2776 cum
736 2755 769 2776 eo
781 2754 906 2776 naturam
919 2754 943 2777 et

160 2795 351 2822 usistentiam
368 2796 470 2830 absque
491 2794 624 2829 principio
635 2794 796 2822 habentibus
809 2795 898 2822 Verbo
919 2799 943 2823 et

160 2840 316 2869 viviﬁcante
346 2841 459 2876 Spiritu.
476 2840 584 2875 Optime
608 2840 692 2874 igitur
712 2839 777 2867 dicit
799 2839 942 2868 Ecclesia:

1002 2254 1059 2280 ἐστὶ
1073 2254 1143 2279 κατὰ
1159 2261 1184 2279 τι
1214 2252 1257 2278 τὸν
1272 2253 1421 2286 κτίσαντα,
1439 2253 1514 2287 ὅμως
1534 2253 1582 2279 καὶ
1597 2253 1663 2280 αὐτὸ
1677 2254 1721 2280 ὅτι
1737 2262 1791 2289 περ

1001 2300 1030 2326 ὲν
1047 2299 1136 2334 ἑαυτῷ
1163 2299 1304 2333 κέκτηται,
1335 2298 1516 2334 σκιαγραφίᾳ.
1538 2299 1585 2326 καὶ
1601 2299 1651 2326 οὐκ
1673 2300 1792 2336 ἀληθείᾳ

1002 2345 1121 2373 πλουτεῖ,
1142 2345 1171 2371 Ὀ
1191 2345 1241 2379 μὲν
1256 2345 1309 2379 γὰρ
1328 2345 1394 2375 Θεὸς
1406 2345 1449 2370 ἀεὶ
1465 2345 1504 2372 ὼν
1519 2346 1588 2378 ἐστι,
1604 2346 1651 2372 καὶ
1667 2346 1712 2372 ἀεὶ
1723 2346 1792 2374 ὄντα

982 2428 985 2429 ν
1001 2391 1045 2417 τὸν
1060 2391 1145 2424 Λόγον
1158 2391 1224 2426 ἔχει,
1243 2392 1289 2418 καὶ
1305 2392 1335 2417 τὸ
1351 2391 1406 2422 ζῶν
1419 2391 1530 2426 Πνεῦμα
1547 2391 1576 2418 τὸ
1592 2392 1670 2425 ἅγιον
1681 2400 1687 2407 ·
1702 2393 1791 2427 ἄγγε-

1001 2441 1044 2468 λος
1062 2437 1089 2463 δέ
1105 2446 1136 2471 γε
1161 2438 1209 2464 καὶ
1233 2438 1373 2471 ἄνθρωπος
1393 2438 1423 2464 ὲκ
1434 2437 1481 2464 τοῦ
1496 2438 1534 2473 μὴ
1553 2438 1629 2469 ὃντος
1646 2437 1685 2464 ὢν
1707 2446 1790 2471 γεγο-

1001 2479 1064 2513 νὼς,
1081 2481 1127 2506 καὶ
1155 2481 1204 2507 οὐκ
1227 2481 1271 2507 ἀεὶ
1289 2479 1333 2515 ἦν,
1358 2482 1405 2507 καὶ
1422 2482 1569 2513 ἁλλοιωτός
1584 2483 1653 2515 ἐστι,
1671 2483 1719 2509 καὶ
1743 2483 1790 2509 τὸν

1001 2525 1080 2559 λόγον
1093 2526 1144 2552 οὐκ
1160 2526 1354 2557 ὲνυπόστατον,
1372 2526 1428 2553 ἀλλ’
1448 2526 1639 2561 ἀλλοιούμενον
1656 2527 1722 2561 ἔχει.
1738 2527 1791 2553 Διὲ

1000 2570 1079 2597 τοῦτο
1097 2571 1190 2606 Πατὴρ
1207 2571 1284 2606 μόνος
1300 2572 1314 2598 6
1329 2572 1394 2602 Θεὸς
1409 2571 1523 2607 ἀληθὴς,
1547 2572 1584 2603 ὡς
1606 2572 1650 2598 ἀεὶ
1671 2572 1711 2599 ὢν
1733 2573 1790 2598 Πα-

1000 2618 1053 2652 τήρ
1065 2625 1072 2633 ⁸
1093 2618 1139 2644 καὶ
1155 2618 1249 2653 Πατὴρ
1262 2618 1310 2653 οὐχ
1323 2618 1456 2653 ἡμέτερος
1472 2619 1526 2645 τῶν
1543 2618 1659 2653 ὕστερον
1676 2619 1789 2652 γεγονό-

1001 2672 1063 2690 των.
1082 2664 1177 2690 Ἔσται
1205 2664 1260 2699 γάρ
1276 2672 1341 2691 ποτε
1367 2663 1487 2699 γεγονὼς
1504 2665 1608 2700 Πατήρ.
1642 2665 1673 2691 Et
1695 2665 1724 2691 δὲ
1741 2665 1789 2692 καὶ

1001 2710 1096 2745 Πατὴρ
1116 2710 1197 2745 ἡμῶν
1215 2719 1279 2737 ποτε
1297 2710 1420 2744 λέγεται,
1440 2710 1512 2738 κατὰ
1538 2712 1618 2746 χάριν
1640 2710 1730 2743 τοῦτο,
1747 2711 1788 2737 ὅτι

1000 2756 1181 2791 δεδημιούργη
1188 2765 1232 2782 κεν
1246 2757 1331 2791 ἡμᾶς,
1348 2757 1378 2782 οὗ
1391 2757 1461 2784 κατὰ
1476 2757 1565 2791 φύσιν.
1587 2758 1616 2783 Et
1631 2757 1685 2792 γὰρ
1697 2757 1787 2790 τοῦτο,

1000 2801 1107 2835 ἀτελής.
1124 2802 1161 2828 Οὐ
1178 2803 1231 2837 γὰρ
1246 2803 1274 2836 ἐξ
1288 2802 1370 2830 αὐτοῦ
1386 2803 1465 2837 ἡμεῖς
1481 2803 1554 2829 κατὰ
1575 2802 1667 2837 φύσιν,
1682 2803 1740 2829 ἀλλ’
1756 2804 1788 2830 ἐκ

1005 2847 1042 2880 μὴ
1068 2847 1153 2875 ὄντων
1177 2849 1340 2884 γεγόναμεν.
1356 2849 1438 2877 Ὅθεν
1465 2849 1558 2884 ἐπειδὴ
1587 2849 1744 2882 παντέλειος
1773 2851 1788 2876 6
