1928 3043
96 69 148 103 757

625 70 831 103 EXPOSITIO
847 70 957 99 ΞΜ]Πῖ
976 67 1151 99 SYMBOLI.

1667 67 1722 99 733

91 133 156 163 Θεὸς
183 131 280 166 Πατήρ
294 132 368 158 ἐστιν
381 129 425 158 ἀεὶ
438 129 485 156 τοῦ
501 129 642 165 συμφυοῦς
656 130 730 164 αὺτῷ
748 130 794 155 καὶ
810 129 879 161 ζῶν-

941 124 1027 151 L‘redo
1043 125 1069 151 fu
1082 132 1162 150 unum
1179 123 1261 151 Deum
1281 124 1397 151 Patrem.
1425 125 1632 159 Omnipotentem
1658 133 1722 151 vero

92 188 136 210 τος
152 178 321 212 συνανάρχου
337 177 426 210 Λόγου
441 177 487 203 καὶ
500 176 546 202 τοῦ
560 176 692 207 ζωοποιοῦ
708 175 878 210 Πνεύμστος.

91 224 191 255 Καλῶς
216 223 270 259 ἄρα
287 225 304 259 ἡ
323 223 474 257 Ἐκκλησία
499 223 576 256 φησὶ,
605 221 741 248 Πιστεύω
768 222 811 254 εις
826 221 880 247 ἕνα

93 271 168 297 Θεύν
184 270 310 302 Πατέρα.
330 268 559 302 Παντοκράτοριι
585 267 623 300 δὲ,
640 267 684 294 διὰ
700 267 730 293 τὸ
742 267 775 293 τὰ
791 266 880 293 πάντα

92 316 226 351 συνέχειν.
252 316 290 342 05
311 315 366 350 γὰρ
390 314 458 350 τύχῃ
474 314 520 341 καὶ
537 313 654 348 γενέσει,
677 313 745 340 ἀλλὰ
767 312 881 348 προνοίᾳ

92 361 175 389 αὑτοῦ
191 361 281 388 πάντα
306 360 412 393 ἄγεται,
430 360 454 385 εί
484 359 530 385 καὶ
548 359 581 385 τὰ
599 358 650 393 μὲν
662 357 790 388 εὖδοκῶν,
805 358 838 383 τὰ
852 357 880 384 δὲ

93 406 247 441 συγχωρῶν
270 405 402 441 ἀρρήτοις
423 405 579 438 οίκονομίας
602 403 723 439 τρόποις,
737 403 833 429 διοικεῖ
851 410 880 428 τε

93 452 143 478 καὶ
166 451 323 485 προνοεῖται
340 449 547 484 συμφερόντως.
565 449 626 476 Ἔτι
651 447 881 481 Παντοκράτορα

91 497 179 530 λέγει,
199 497 240 522 ὅτι
255 496 343 523 πάντα
365 495 448 522 αὐτοῦ
465 495 555 527 καὶὲξ
578 494 660 522 αὑτοῦ
675 493 881 529 δημιουργικῶς

91 541 130 576 τῷ
146 541 226 576 Λόγῳ
241 549 270 567 τε
288 542 334 567 καὶ
360 540 399 575 τῷ
415 540 566 574 [Ινεύματι.
581 540 618 571 ὡς
633 541 665 566 ἐκ
693 540 730 574 μὴ
747 540 832 566 ὄντων
847 539 882 566 τὰ

92 588 182 614 πάντα
198 587 390 622 πεποιηκότος.
409 587 500 614 Πάντα
512 586 558 613 οὖν
568 587 720 622 διακρατεϊ,
736 587 780 613 καὶ
792 587 880 617 καλῶς

91 633 289 669 διακυὸερνῶν,
303 633 411 667 συνέχει
424 633 460 663 ὡς
473 632 607 668 βούλεται.
621 633 667 659 Διὺ
685 633 729 659 καὶ
741 633 881 666 ποιήματα

91 680 191 706 τούτου
209 677 326 707 εἶναιτὰ
339 678 428 705 πάντα
444 677 474 704 τὺ
492 678 563 714 ίερόν
586 687 652 713 φησι
672 678 822 714 Σύμϐολον,
839 678 882 704 λέ-

92 734 141 759 γον
159 725 242 752 αὑτὸν

93 780 230 816 Ποιητήν
242 782 372 816 οὐρανοῦ
386 782 436 844 m3)
453 782 517 825 γῇς,
530 781 645 815 ὁρατῶν
658 790 688 808 τε
699 781 820 808 πάντων
831 779 880 808 καὶ

431 825 554 844 οοατων.

431 825 554 851 ορατων.

131 863 169 890 Τὸ
192 863 242 897 μὲν
262 862 315 890 ἀπὸ
335 862 383 889 τοῦ
405 863 546 894 Μωῡσὲως
563 862 712 897 λαμϐάνον,
729 862 759 888 τδ
774 861 803 888 δὲ
827 861 881 888 ἀπὸ

94 908 142 935 τοῦ
161 909 281 936 Παύλου.
301 898 476 935 Ἐνταῦθα-δὲ
492 909 551 943 ἃμα
563 909 609 935 καὶ
624 909 714 935 πᾶσαν
732 907 881 934 ἀπωθεῖται

94 953 191 984 ἁθεῖας
204 954 340 982 ἐπίνοιαν.
350 953 410 980 Τῶν
426 962 456 980 τε
471 955 527 989 γὰρ
541 954 626 980 ἀΐδιον
639 953 827 988 ὑπειληφότων
835 952 881 979 τὸν

94 999 220 1033 οὐρανὸν,
234 999 281 1026 καὶ
298 1000 351 1034 πρὸ
366 999 460 1027 τούτου
475 999 523 1035 τὴν
539 999 606 1034 ὕλην
616 999 742 1034 ἄναρχον,
752 999 798 1025 καὶ
812 998 882 1030 ίδέας

93 1045 172 1076 τινὰς
187 1045 216 1071 ὲν
231 1045 291 1079 Θεῷ
303 1045 352 1080 τὴν
374 1045 503 1072 ἀπόνοιαν
525 1045 670 1080 καταργεῖ,
689 1045 736 1071 καὶ
755 1045 809 1070 τῶν
821 1044 882 1070 θεο-

96 1090 248 1117 ποιούντων
263 1090 291 1117 δὲ
309 1091 341 1117 τὰ
356 1090 446 1125 ἄστρα
459 1091 508 1125 τὴν
530 1090 645 1125 πλάνην,
663 1091 710 1116 καὶ
725 1090 765 1116 ἐτι
780 1089 834 1116 τῶν
848 1089 883 1116 τά

95 1137 162 1171 περὶ
175 1136 223 1170 τῆς
238 1136 300 1170 γῆς,
319 1136 366 1163 καὶ
380 1137 429 1172 τὴν
446 1138 497 1171 γῆν
509 1137 603 1172 αὐτὴν,
620 1138 667 1164 καὶ
679 1128 714 1162 τὰ
728 1136 796 1163 ἄλλα
811 1143 883 1162 στοι-

95 1182 158 1216 χεῖα
188 1181 267 1213 θεοὺς
293 1181 461 1216 νομιζόντων
481 1181 580 1213 ἀθέως,
597 1181 646 1208 καὶ
667 1181 779 1216 περὶτὰ
802 1180 884 1208 λοιπὰ

97 1227 236 1262 κτίσματα
260 1227 452 1262 πλανωμένων.
472 1228 560 1254 Μόνον
576 1229 630 1262 γὰρ
651 1228 704 1253 τῶν
719 1227 789 1254 ὅλων
803 1235 885 1262 ποιη-

95 1273 156 1308 τὴν,
171 1274 216 1300 τὸν
230 1273 296 1300 Θεόν
310 1263 402 1308 ίφησιν
417 1273 544 1308 οὐρανοῦ,
570 1274 617 1300 καὶ
635 1273 690 1299 τῶν
710 1273 739 1299 ὲν
764 1271 882 1308 οὐρανῷ,

97 1319 148 1353 γῆς
177 1319 223 1346 καὶ
238 1319 291 1345 τῶν
307 1319 335 1345 ὲν
353 1320 399 1354 γῇ,
417 1318 524 1354 ὁρατῶν
536 1327 566 1345 τε
593 1319 712 1351 πάντων,
732 1319 813 1354 ἀέρος
831 1327 883 1354 φη-

99 1365 130 1398 μὶ
146 1365 192 1390 καὶ
208 1365 263 1391 τῶν
278 1365 307 1391 ὲν
323 1364 409 1399 αὐτῷ,
427 1364 566 1400 Θαλάσσης
582 1373 612 1391 τε
628 1366 674 1392 καὶ
692 1364 745 1391 τῶν
758 1365 786 1391 ὲν
803 1364 883 1398 αὐτῇ,

98 1410 184 1443 πυρδς
201 1409 248 1435 καὶ
262 1408 316 1435 τῶν
330 1410 402 1436 κατὰ
418 1409 500 1444 μέρος
523 1409 652 1436 ἁπάντων
664 1418 672 1426 ο
687 1409 757 1435 ἀλλὰ
771 1409 815 1436 καὶ
828 1408 884 1435 τῶν

97 1452 222 1486 ἀοράτων
246 1452 346 1485 αὐτῶν,
371 1453 495 1486 ἀγγέλων
521 1454 569 1480 καὶ
594 1453 740 1488 δαιμόνων,
765 1454 812 1481 καὶ
830 1453 884 1480 τῶν

938 177 972 198 eo
987 169 1059 205 quod
1074 171 1164 198 omnia
1179 170 1332 203 contineat;
1350 178 1410 205 qua}
1424 179 1477 198 non
1493 171 1605 198 fortuito
1622 176 1647 198 et
1660 178 1722 204 pro-

939 221 999 250 pter
1017 216 1196 251 nativitatem,
1216 217 1268 253 sed
1290 216 1350 252 ejus
1372 217 1545 244 Providentia
1573 221 1724 247 moventur,

940 261 1007 288 licet
1023 260 1204 288 ineﬂ'abilibus
1217 262 1376 289 oeconomia;
1394 262 1545 290 rationibus
1560 262 1616 289 haec
1629 269 1725 296 appro-

939 306 996 338 bet.
1011 307 1054 334 illa
1070 307 1226 343 permittat;
1241 313 1394 342 opportune.
1411 312 1438 334 et
1450 309 1582 342 gubernat
1597 313 1622 334 et
1634 307 1725 342 provi-

939 352 995 380 det.
1008 353 1103 380 Adhuc
1118 352 1338 386 Omnipotcnlem
1354 353 1432 386 dicit,
1449 354 1512 388 quia
1525 354 1616 380 omnia
1639 353 1725 387 ipsius

940 401 1016 431 sunt,
1031 402 1060 424 et
1075 405 1107 424 et
1124 398 1182 432 ipso
1199 398 1348 425 conditoris
1362 399 1469 426 actione
1492 407 1539 433 per
1565 399 1682 426 Verbum
1699 404 1726 426 et

941 443 1070 478 Spiritum
1086 443 1196 475 faetore,
1208 447 1236 470 ut
1246 451 1261 471 e
1271 452 1324 471 non
1335 444 1526 472 exsistentibus
1537 448 1640 471 starent
1651 444 1725 471 exsi-

940 489 1046 516 slentia.
1063 488 1160 516 Omnia
1178 497 1242 524 ergo
1265 490 1314 517 sub
1331 490 1444 525 imperio
1462 494 1535 517 tenet
1547 512 1554 523 ,
1573 495 1600 516 et
1617 491 1727 525 optime

938 535 1104 570 gubernans,
1122 536 1244 562 continet
1261 541 1341 571 prout
1356 537 1429 568 vult;
1449 536 1509 563 ideo
1523 541 1549 562 et
1562 535 1622 570 ejus
1639 535 1725 563 factu—

940 588 997 606 ram
1014 587 1075 606 esse
1091 581 1181 608 omnia
1199 586 1322 609 sanctum
1341 582 1409 610 dicit
1426 582 1584 618 Symbolum
1599 601 1606 614 ,
1626 583 1725 617 pracdi-

938 633 1004 655 cans
1019 633 1081 655 eum

940 776 1081 805 Factorem
1097 777 1156 804 caeli
1172 782 1195 804 et
1212 783 1298 806 terrai.
1315 776 1456 837 ιίἱδίίιὶίίιιηι
1473 776 1588 802 omnium
1606 780 1630 802 et
1654 775 1720 801 invi-

1265 812 1314 837 sibi
1328 812 1390 837 ium.

1265 812 1390 838 sibiliuut.

977 857 1042 884 Illud
1060 864 1074 883 e
1089 856 1178 891 Moyse
1196 860 1302 891 petens,
1318 857 1370 884 hoc
1386 863 1400 882 ο
1412 855 1504 882 Paulo.
1523 856 1553 882 In
1571 863 1625 889 quo
1642 855 1723 882 simul

940 910 966 931 et
986 911 1093 930 (minem
1109 905 1255 938 impietatis
1273 903 1362 938 rrjicit
1381 907 1500 930 reatum.
1517 903 1630 930 istorum
1652 902 1723 928 enim

940 950 985 984 qui
1002 954 1131 976 mter-num
1143 949 1241 976 collum
1260 951 1353 983 putant
1366 955 1392 976 et
1410 954 1473 976 ante
1488 949 1553 975 illud
1583 948 1723 975 materiam

940 994 1074 1028 principio
1089 999 1238 1029 expertem,
1252 999 1279 1022 et
1299 995 1373 1021 ideas
1388 995 1520 1028 quasdam
1538 995 1564 1021 in
1581 994 1635 1021 Deo
1654 995 1725 1022 insa-

941 1040 1012 1067 niam
1026 1040 1134 1075 abjicit.
1149 1045 1176 1067 et
1201 1049 1296 1068 eorum
1313 1041 1358 1076 qui
1380 1041 1492 1068 deerum
1516 1049 1629 1068 numero
1651 1046 1724 1067 astra

938 1085 1080 1112 ascribunt
1104 1086 1314 1119 aberralionem,
1330 1086 1418 1113 adhuc
1432 1091 1458 1113 et
1471 1086 1585 1113 istorum
1599 1087 1644 1120 qui
1660 1086 1728 1114 deos

938 1131 1011 1165 quod
1035 1136 1078 1158 est
1101 1138 1186 1165 super
1212 1136 1321 1164 terram,
1336 1135 1437 1158 terram
1453 1131 1540 1166 ipsam
1556 1136 1583 1159 et
1599 1132 1650 1158 alia
1667 1133 1725 1159 ele—

926 1182 1027 1204 ‘menta
1044 1178 1186 1204 atheorum
1204 1185 1277 1204 inore
1292 1177 1471 1210 arbitrantur,
1485 1183 1512 1204 et
1526 1178 1598 1205 circa
1615 1179 1726 1205 creatu-

939 1230 985 1250 ras
999 1223 1117 1257 reliquas
1131 1229 1233 1251 errant.
1246 1223 1338 1251 Solum
1353 1224 1424 1250 enim
1439 1223 1627 1251 universorum
1642 1224 1727 1251 facto-

939 1277 995 1296 rem
1011 1269 1095 1296 Deum
1111 1269 1187 1301 dicit,
1200 1269 1261 1296 οωιί
1278 1274 1304 1296 et
1318 1277 1414 1296 eorum
1431 1276 1492 1304 quae
1508 1269 1534 1296 in
1551 1270 1631 1301 coelo,
1647 1274 1725 1296 terrm

937 1319 966 1342 et
991 1322 1085 1341 eorum
1108 1322 1167 1349 quae
1187 1315 1213 1342 in
1249 1319 1340 1347 terra;
1362 1320 1390 1342 et
1410 1315 1560 1342 visibilium
1583 1315 1704 1341 omnium
1718 1335 1726 1346 ,

938 1367 1029 1387 aerem
1042 1360 1102 1387 dico
1118 1366 1144 1386 et
1157 1368 1218 1396 qure
1230 1361 1256 1387 in
1268 1368 1311 1392 eo.
1322 1368 1397 1388 mare
1412 1366 1436 1388 et
1449 1369 1509 1396 qua:
1526 1361 1552 1388 in
1567 1369 1608 1391 eo.
1623 1361 1727 1396 ignem,

938 1411 965 1433 et
980 1406 1070 1433 omnia
1086 1406 1162 1441 juxta
1179 1414 1275 1441 genus.
1291 1406 1343 1434 Sed
1360 1411 1386 1434 et
1400 1407 1589 1445 invisibilinm,
1614 1408 1726 1442 angelo-

941 1460 1013 1486 rum,
1029 1453 1182 1480 daemonum
1200 1458 1228 1480 et
1243 1454 1344 1488 pariter
1364 1453 1544 1480 humanarum
1561 1454 1724 1483 animarum,

74 1519 79 1522 _
97 1496 275 1531 ἀνθρωπίνων
289 1497 329 1523 ἔτι
349 1497 454 1532 ψυχῶν.
476 1497 569 1524 Ταῦτα
592 1499 647 1533 γὰρ
670 1499 883 1533 προηγουμένως

941 1497 999 1526 hac
1024 1499 1095 1526 enim
1122 1500 1310 1535 principaliter
1329 1499 1406 1527 nobis
1425 1491 1531 1534 cognita
1559 1498 1703 1525 invisibilia
1717 1519 1723 1529 ,

97 1543 259 1577 ἐγνωσμένα
276 1544 344 1578 ἡμῖν
362 1544 478 1579 ἀόρατα,
491 1545 540 1571 καὶ
558 1545 661 1572 τούτων
686 1545 821 1580 κηρύσσει
839 1545 886 1580 δη-

98 1587 231 1623 μιουργὸν
245 1588 290 1615 τὸν
306 1588 372 1615 Θεόν
385 1598 392 1605 ·
408 1591 454 1616 καὶ
471 1590 508 1622 ὡς
527 1591 635 1626 ἀληθῶς
648 1591 694 1618 καὶ
708 1591 821 1622 δικαίως
836 1591 884 1626 δη-

99 1634 231 1669 μιουργὸν
253 1635 301 1661 καὶ
324 1635 378 1662 τῶν
396 1636 520 1670 ἀοράτων
539 1637 585 1663 τὸν
602 1637 668 1663 Θεὸν
683 1638 883 1672 ἐπιμαρτυρεῖ·

96 1681 139 1706 ὅτι
153 1681 200 1706 καὶ
214 1680 283 1714 ἐστι,
305 1681 352 1707 καὶ
371 1681 447 1708 οὐδὲν
460 1682 514 1708 τῶν
527 1683 689 1716 γεγονότων,
707 1683 776 1718 πλὴν
784 1682 867 1709 αὑτοῦ
876 1691 883 1698 ·

98 1727 146 1753 καὶ
170 1727 211 1753 ἐτι
235 1727 374 1760 συνετίζον
399 1729 483 1763 ἡμᾶς,
514 1728 558 1755 ἵνα
589 1729 625 1764 μὴ
641 1729 822 1765 πλανηθῶμεν
847 1730 884 1761 ὡς

97 1774 294 1809 προαιρετικὴν
310 1774 398 1809 ψυχὴν
409 1774 524 1810 ἔχοντες,
543 1775 590 1802 καὶ
606 1775 676 1810 ὑπὲρ
696 1777 768 1810 ἡμᾶς
783 1785 807 1802 τι
819 1785 884 1810 φρο-

97 1820 237 1854 νήσωμεν,
251 1819 323 1846 καθὰ
338 1820 491 1846 πεπόνθασι
508 1820 564 1847 τῶν
579 1822 717 1848 ἀσυνέτων
744 1821 849 1854 πολλοὶ,
866 1821 883 1856 ἢ

97 1865 247 1899 δαιμονίων
262 1866 436 1899 φαντασίαις,
460 1866 477 1902 ἢ
494 1867 612 1897 πλάναις
631 1867 712 1898 ἰδίαις
729 1867 776 1894 τοῦ
799 1868 885 1901 καθή-

99 1919 194 1942 κοντος
214 1911 452 1946 ἀποπλανηθέντες
464 1918 471 1926 ⁸
489 1912 567 1939 τοῦτο
586 1912 639 1947 γὶρ
658 1913 734 1948 φίλον
754 1915 809 1944 τοῖς
829 1913 885 1939 δαί-

100 1963 175 1990 μοσι,
202 1956 370 1991 πανούργοις
387 1957 558 1990 φαντασίαις,
585 1957 722 1992 ὑποσυλᾷν
745 1958 791 1983 καὶ
818 1958 885 1984 ὐπο-

99 2000 221 2036 φερὶρειν
234 2001 288 2028 τῶν
312 2002 462 2035 ἀλογίστων
480 2003 612 2033 πολλούς·
631 2004 698 2030 ἀλλὰ
720 2003 768 2030 καὶ
788 2000 885 2038 ἵναμή

99 2055 165 2073 ποτε
178 2048 227 2078 τὰς
243 2047 392 2082 ἀγγελιγὰς
410 2050 456 2074 καὶ
474 2049 603 2084 ὑπεράνω
622 2050 750 2084 δυνάμεις
761 2048 799 2081 ὡς
811 2050 887 2080 Θεοὺς

98 2092 287 2128 λογισώμεθα,
315 2093 394 2120 τςῦτο
420 2094 540 2128 τίθησιν.
558 2095 588 2121 Εἰ
614 2095 668 2130 γὰρ
681 2097 729 2121 καὶ
742 2096 808 2131 περὶ
821 2096 887 2122 Θεὸν

100 2135 191 2172 αὗται,
209 2139 256 2166 καὶ
283 2139 499 2175 πεπληρωμέναι
528 2141 617 2176 δόξης,
640 2143 687 2168 καὶ
710 2141 783 2168 θείου
801 2142 887 2168 πᾶσαι

100 2184 201 2219 φωτὸς,
217 2184 275 2211 ἀλλ’
294 2186 369 2220 ὅμως
383 2186 520 2219 κτίσματα
535 2188 582 2213 καὶ
598 2187 696 2219 ἐνδεεῖς
709 2187 763 2214 τῶν
781 2188 886 2214 ἐκεῖθεν

100 2231 337 2266 ἁπαυγασμάτων,
354 2232 401 2259 καὶ
423 2232 554 2258 λαϐοῦσαι
580 2233 643 2259 ὅσον
668 2233 823 2267 εἰλήφασιν,
845 2233 885 2260 ἔτι

100 2276 148 2302 καὶ
162 2276 258 2311 χρείαν
275 2276 366 2311 ἔχουσι
396 2276 546 2311 μειζόνων·
563 2277 609 2303 καὶ
633 2277 663 2303 τὸ
688 2277 791 2304 τέλειον
812 2277 886 2304 οὐδέ-

100 2331 165 2348 ποτε
180 2322 322 2357 liti/aveat,
343 2323 380 2358 μὴ
396 2323 534 2358 χωροῦσαι
557 2323 617 2350 ὅλον
632 2324 662 2349 τὺ
680 2324 726 2351 τοῦ
741 2324 884 2357 ἀκτίστου,

100 2369 218 2400 κτισταὶ,
234 2368 272 2400 ὠς
301 2367 420 2404 εἴρηται,
437 2369 516 2395 οὖσαι
535 2364 649 2403 ἄπειρον
665 2370 731 2404 γὰρ,
752 2369 811 2396 ἀλλ’
825 2371 886 2396 ὅσον

99 2414 230 2440 δύνανται
245 2415 358 2449 χωρεῖν,
374 2414 508 2447 ἐλλειπεῖς
529 2415 572 2442 ἀεὶ
593 2414 681 2443 οὖσαι.
700 2416 782 2447 Τέλος
796 2415 824 2441 δὲ
839 2415 886 2442 καὶ

101 2460 259 2491 παντέλειος
275 2459 357 2494 μόνος
375 2461 388 2487 ὁ
403 2461 551 2496 τριαδικῶς
572 2461 742 2496 ὑμνούμενος
757 2460 822 2496 παρ’
838 2461 885 2488 αὺ-

101 2506 156 2532 τῶν
171 2506 247 2536 Θεός.
261 2506 339 2532 Ἐστι
355 2506 390 2532 δὲ’
401 2507 449 2532 καὶ
464 2505 533 2533 ἄλλα
549 2507 667 2533 πλεῖστα
682 2507 736 2533 τῶν
750 2507 886 2542 ἀοράτων,

100 2549 137 2578 ῶν
155 2553 202 2578 καὶ
217 2552 250 2578 τὰ
264 2552 385 2586 ὀνόματα
400 2553 428 2578 ὲν
450 2552 488 2587 τῷ
507 2553 632 2587 μέλλοντι
646 2553 726 2579 αίῶνι
746 2552 886 2580 ἀποκαλύ-

101 2598 218 2624 πτεσθαι
234 2597 315 2633 295
329 2599 542 2633 μεμαθήκαμεν.
562 2598 658 2633 Ὅμως
666 2599 695 2625 δὲ
707 2599 808 2626 τούτων
820 2599 887 2626 πάν-

101 2652 155 2669 των
169 2643 294 2678 ἀοράτων
301 2652 329 2670 τε
341 2643 399 2679 ἅμα
409 2645 456 2671 καὶ
464 2644 571 2679 ὁρατῶν
585 2645 697 2679 ποιητὴν
713 2645 886 2679 ήἙκκλησία

101 2691 146 2716 τὶν
162 2689 228 2715 Θεὸν
246 2691 392 2725 μαρτυρεῖ,
408 2690 456 2716 τὸν
471 2691 580 2725 Πατέρα
600 2691 646 2717 τοῦ
665 2690 765 2722 ζῶντος
787 2691 884 2724 Λόγου,

101 2737 148 2762 τὸν
173 2735 332 2770 ἀγέννητον,
349 2735 396 2762 τὴν
427 2736 559 2770 ἀναίτιον,
577 2737 623 2763 τὸν
639 2737 820 2772 προάναρχον,
841 2738 885 2763 τον

103 2781 296 2812 ἀτελεύτητον.
311 2781 357 2807 τὸν
382 2782 502 2815 αῑῶνιον,
520 2783 565 2809 τὸν
586 2782 755 2815 παντσίτιον,
783 2782 826 2808 τὸν
844 2782 887 2809 ἀεὶ

939 1552 1056 1580 quorum
1081 1545 1253 1572 conditorem
1275 1546 1423 1580 proclamat
1444 1545 1540 1575 Deum,
1557 1548 1583 1571 et
1610 1551 1672 1570 vere
1693 1550 1726 1569 ac

938 1590 1012 1626 juste
1028 1591 1108 1617 etiam
1123 1591 1300 1618 iuvisibilium
1312 1590 1483 1618 conditorem
1498 1589 1582 1616 Deum
1599 1592 1735 1627 testatur,

940 1637 985 1671 qui
1003 1641 1045 1664 est
1059 1641 1085 1664 et
1101 1637 1162 1664 sine
1178 1637 1237 1672 ipso
1252 1637 1318 1664 nihil
1338 1637 1438 1664 factum
1457 1640 1510 1663 est.
1526 1636 1556 1662 Et
1572 1635 1661 1661 adhuc
1678 1642 1727 1661 nos

940 1682 1018 1709 docet
1032 1690 1066 1710 ne
1081 1683 1157 1718 quasi
1170 1689 1238 1710 vane
1253 1681 1464 1717 distinguentem
1482 1682 1604 1708 animum
1621 1680 1723 1707 baben-

940 1733 981 1755 tes
993 1735 1115 1754 erremus
1128 1732 1154 1754 et
1170 1735 1250 1762 supra
1264 1727 1373 1754 modum
1390 1727 1604 1761 cogitationibus
1623 1725 1726 1752 nostris

939 1773 1103 1800 extollantur
1125 1777 1204 1808 prout
1216 1773 1305 1800 aﬂ'ecti
1321 1777 1385 1800 sunt
1402 1773 1589 1807 imprudentes
1604 1772 1726 1806 plurimi,

940 1823 985 1846 aut
999 1819 1151 1846 dtcmouum
1169 1819 1320 1854 phantasiis
1336 1823 1382 1845 attt
1399 1818 1518 1853 propriis
1537 1818 1727 1845 deliramentis

940 1872 955 1891 a
970 1869 1044 1891 recto
1060 1864 1252 1896 deﬂectentes;
1266 1865 1418 1891 dzemonum
1429 1863 1530 1898 quippe
1543 1871 1601 1890 mos
1614 1868 1655 1890 est
1666 1864 1728 1898 qui-

942 1909 1058 1936 buslibet
1073 1910 1223 1943 pbautasiis
1238 1910 1328 1944 plures
1348 1910 1492 1944 subripere
1509 1914 1536 1936 et
1550 1917 1728 1944 corrumpere

941 1955 1059 1989 ineptos.
1077 1954 1129 1982 Sed
1141 1955 1222 1982 etiam
1241 1963 1274 1982 ne
1286 1955 1356 1983 forte
1371 1955 1509 1990 angelieas
1527 1959 1554 1982 et
1569 1956 1728 1990 superiores

941 2005 1089 2033 potestates
1103 2001 1168 2027 deos
1180 2001 1353 2033 arbitremur,
1371 2001 1427 2028 brec
1444 2001 1524 2028 verba
1540 2001 1647 2028 ell‘atur.
1663 2001 1729 2034 Qua:

941 2048 963 2073 si
980 2047 1051 2074 circa
1069 2048 1152 2073 Deum
1168 2047 1244 2081 ἱρείη,
1261 2047 1345 2082 gloria
1362 2047 1466 2075 τοίω-ιω
1477 2054 1504 2075 et
1516 2048 1609 2074 divino
1624 2048 1728 2075 redun-

943 2094 1037 2120 dantes
1055 2093 1165 2126 lumine,
1184 2094 1362 2122 nihilominus
1379 2099 1514 2122 creaturae
1535 2099 1562 2122 et
1582 2095 1730 2130 splendore

941 2146 955 2165 a
973 2139 1026 2166 Deo
1044 2139 1194 2174 indigentes
1210 2147 1224 2166 a
1240 2148 1294 2175 quo
1307 2145 1475 2176 acceperunt
1501 2149 1561 2176 quae
1578 2141 1681 2170 habent
1703 2146 1729 2168 et

942 2185 1093 2219 majoribus
1112 2185 1208 2213 borum
1223 2186 1311 2213 adhuc
1327 2194 1395 2221 opus
1408 2186 1520 2218 habt-nt,
1533 2191 1559 2214 et
1574 2186 1728 2222 perfectum

943 2239 1082 2266 nunquam
1108 2232 1241 2267 alliugeut
1253 2253 1261 2264 ,
1279 2232 1394 2260 increati
1413 2233 1609 2267 plenitudinem
1627 2240 1726 2267 capere

944 2286 996 2306 non
1011 2278 1141 2311 valentes.
1159 2282 1251 2313 utpote
1267 2283 1402 2306 creaturae
1414 2279 1484 2305 sicut
1500 2278 1602 2305 dictum
1615 2283 1666 2309 est,
1679 2277 1729 2303 itu-

944 2324 1073 2359 possibile
1088 2327 1130 2350 est
1143 2324 1215 2351 enim
1230 2333 1237 2356 ;
1272 2324 1318 2351 sed
1341 2323 1541 2358 quantumlibet
1556 2330 1655 2356 capere
1669 2329 1730 2357 pos-

943 2370 1009 2402 sint,
1026 2377 1136 2404 semper
1153 2371 1192 2397 eis
1207 2370 1309 2404 atiquid
1327 2369 1414 2396 deest.
1437 2369 1576 2396 Perfectus
1597 2374 1689 2395 autem
1704 2373 1731 2395 et

943 2417 1056 2443 omnino
1073 2415 1209 2450 perfectus
1221 2416 1294 2442 solus
1312 2419 1353 2441 ter
1367 2414 1402 2441 ab
1420 2414 1460 2441 eis
1474 2414 1627 2441 celebratus
1645 2414 1726 2440 Deus.

943 2461 1013 2489 Sunt
1026 2453 1055 2488 et
1067 2462 1119 2489 alia
1135 2461 1312 2489 inrisibilium
1329 2461 1459 2494 pleraque
1480 2468 1594 2494 quorum
1618 2460 1728 2486 nomina

944 2509 971 2535 in
983 2513 1098 2536 venturo
1115 2508 1214 2535 steeulo
1229 2506 1340 2533 revelari
1354 2506 1517 2533 audivimus.
1532 2505 1664 2532 Similiter
1682 2505 1733 2531 bo-

945 2562 1004 2581 rum
1025 2555 1147 2582 omnium
1167 2552 1341 2581 invisibilium
1359 2546 1460 2588 pariter
1473 2557 1499 2579 et
1522 2551 1669 2579 visibilium
1687 2544 1734 2577 l'a-I

945 2605 1048 2627 ctorem
1066 2600 1185 2628 Ecclesia
1202 2599 1286 2626 Deum
1302 2603 1428 2629 testatur.
1452 2598 1568 2625 viventis
1584 2598 1663 2624 Verbi
1681 2599 1731 2624 Pa-

945 2651 1013 2673 trem
1041 2646 1201 2680 ingenitum,
1217 2646 1320 2680 absque
1349 2652 1442 2676 causa,
1465 2643 1554 2674 initio,
1573 2643 1634 2675 line,
1651 2648 1730 2670 mter-

945 2701 1021 2721 uum.
1039 2692 1160 2718 omnium
1177 2699 1298 2723 causam,
1314 2691 1359 2726 qui
1377 2698 1487 2725 semper
1502 2694 1553 2720 est.
1570 2689 1616 2724 qui
1634 2695 1730 2715 natura

945 2737 1019 2765 solus
1036 2737 1133 2764 bonus.
1148 2737 1167 2763 E
1182 2737 1273 2771 seipso
1287 2743 1350 2763 ante
1363 2744 1444 2762 omne
1456 2735 1585 2762 Stecnlum
1601 2739 1627 2760 et
1638 2734 1730 2760 int-tru-

946 2785 1048 2816 bilitcr,
1064 2783 1122 2811 sine
1141 2783 1253 2811 materia
1270 2789 1449 2816 eorporeqne,
1472 2785 1499 2809 et
1515 2780 1619 2815 absque
1645 2779 1732 2806 animi
