1928 3043
273 117 323 150 767

663 111 858 148 SYMEONIS
877 118 1258 151 THESSALONICENSIS
1277 121 1378 151 ARCil
1386 121 1396 149 Ι
1405 121 1464 151 EP'.’

1856 122 1928 154 768

272 178 361 211 Illum,
385 184 402 205 ο
420 177 567 204 maximam
590 175 824 211 philanthropiam
849 180 879 204 et
905 177 1054 205 bonitatem

1123 177 1157 212 ἦς
1170 177 1221 212 τῆς
1237 177 1442 212 φιλανθρωπίας
1459 177 1505 204 καὶ
1520 176 1745 212 ὑπερϐαλλούσης
1763 176 1928 213 τῆβάγα-

273 231 357 259 supra
373 223 502 250 modum!
531 223 608 250 illum
628 222 771 250 nobiscum
807 223 906 250 habere
921 224 1060 258 possimus

272 273 299 297 et
312 270 388 304 quasi
408 269 518 296 fratrem
538 269 642 301 videre,
657 269 815 296 societatem
830 276 892 296 cum
910 277 943 296 eo
955 269 1059 296 haben-

274 322 313 343 tes
327 325 334 349 ;
349 316 420 350 apud
438 323 488 342 nos
502 315 643 342 hominem
657 315 809 350 perfectum
825 314 938 348 factum,
955 315 1060 350 perfec-

274 368 317 389 lus
330 362 376 396 qui
392 362 462 388 Deus
482 361 772 396 remanet,dignamur
787 368 952 396 cognoscere
971 368 1056 396 quem

277 415 393 442 corpore
412 408 545 440 ridemus,
558 407 638 441 cujus
656 411 746 434 tamen
762 407 840 434 nobis
853 406 1001 433 invisibilis
1018 405 1058 432 di-

274 455 384 481 vinitas.
398 454 461 480 Haec
475 453 628 480 exinanitio
642 457 753 487 propter
761 452 928 486 aliaquidem
938 452 1061 482 admira-

274 501 338 528 bilia
352 506 379 527 et
401 490 558 534 propterid,
568 505 596 526 ut
610 500 773 526 invisibilem
783 506 830 533 per
839 506 948 526 carnem
968 499 1061 526 videa~

274 555 352 580 mus;
365 546 500 581 siquidem
523 546 607 573 Deum
619 553 698 572 nemo
710 546 776 573 vidit
791 542 908 580 unquam
917 554 924 578 ;
934 553 982 580 per
992 545 1061 573 divi-

273 593 415 620 nissimam
427 598 516 620 tamen
528 597 555 619 et
564 592 764 619 sanctissimam
777 593 991 627 nSsumptionem
1005 592 1060 619 fra-

275 644 330 666 tres
353 639 377 666 ei
390 646 506 671 sumus;
524 638 614 672 itaque
627 637 715 665 oculis
733 637 835 664 nostris
849 645 911 665 eum
930 637 1059 670 vidimus,

273 689 303 712 ut
311 685 349 711 ait
360 684 476 712 dilectus
488 684 639 717 apostolus.
653 687 678 710 et
689 683 925 718 participationem
939 683 1060 710 societa-

273 733 384 764 temque
399 737 461 756 cum
474 730 535 764 ipso
553 729 662 763 quando
671 729 795 756 volumus
822 728 968 759 habemus,
997 735 1061 755 vere

274 783 336 802 eum
351 767 511 808 cernentes;
530 775 575 809 qui
594 775 620 801 in
639 774 717 801 terris
733 774 809 801 visus
833 778 874 800 est
889 777 992 801 etcum
1010 774 1059 800 llO-

274 821 396 849 minibus
408 824 588 848 conversatus
603 824 645 847 est
658 827 665 853 ;
680 825 706 847 et
721 819 748 846 in
764 819 906 848 altissimis
920 819 1058 847 sedentem

273 871 335 901 post
349 867 419 893 hanc
429 866 645 900 assumptionem
669 865 757 893 oculis
788 866 891 893 nostris
918 859 1015 892 iterum
1034 873 1063 892 a-

275 915 381 948 spicere
398 920 551 947 speramus,
566 920 649 938 unum
663 919 724 938 cum
744 919 775 938 eo
786 918 846 938 esse
857 916 884 939 et
901 911 994 946 gloriae
1005 912 1063 946 ejus

275 965 404 987 societate
419 959 481 988 l'rui.
494 965 542 993 per
551 959 610 992 ejus
626 957 854 990 misericordiam,
865 962 944 992 prout
955 958 1062 985 Patrem

275 1012 326 1040 pro
358 1004 435 1031 nobis
453 1004 553 1030 Otavit.
582 1002 650 1029 Illud
677 1009 742 1036 ergo
757 1005 882 1033 sanctum
895 1001 1063 1030 conﬁrmans

276 1050 430 1086 symbolqu
446 1054 509 1084 post
536 1049 616 1076 Verbi
645 1053 708 1076 ante
736 1055 816 1075 onme
839 1047 1002 1082 principium
1020 1054 1066 1082 ge-

275 1098 456 1128 nerationem.
470 1102 497 1124 et
518 1098 544 1124 in
562 1096 719 1124 novissimis
743 1095 911 1131 temporibus
935 1095 1064 1123 incarna-

277 1145 375 1172 tionem
390 1144 474 1172 dicit:

478 1190 530 1223 ριιί
546 1195 651 1224 propter
670 1197 717 1216 nos
726 1189 856 1216 homines.

312 1236 366 1264 Nos
387 1237 459 1264 enim
471 1240 617 1263 crccturus
646 1235 718 1261 venit
745 1235 848 1270 lapsos,
869 1242 921 1262 non
943 1236 1064 1271 angelos.

278 1290 395 1317 quorum
421 1283 443 1309 si
464 1281 574 1316 quidam
611 1281 780 1313 ceciderunt,
811 1281 970 1308 insanabilis
999 1282 1066 1317 ipsis

277 1335 359 1355 casus
382 1335 430 1354 sua
445 1331 543 1362 sponte
555 1326 712 1361 jacenlibus
728 1331 753 1353 et
771 1327 839 1353 mala
855 1328 922 1354 velle
935 1328 1067 1355 studenti-

278 1375 341 1405 bus.
363 1378 444 1408 atqne
470 1373 548 1400 nobis
571 1373 679 1400 malitiae
708 1372 928 1400 stintulntoribus
952 1373 1065 1402 effectis.

277 1419 373 1452 Angeli
392 1423 482 1446 autem
500 1426 514 1445 e
527 1418 607 1445 Verbi
625 1423 734 1452 propter
749 1425 798 1445 nos
815 1419 966 1445 oeconomia
979 1419 1065 1445 maxi-

279 1473 353 1492 mum
369 1470 396 1492 et
411 1465 462 1500 ipsi
480 1465 696 1497 lucratibonum,
710 1465 742 1490 ad
758 1471 878 1499 amorem
889 1464 934 1491 Dei
948 1469 973 1492 et
982 1467 1068 1493 socie-

1115 222 1244 257 θὸτητοςί
1266 223 1308 249 ἵνα
1324 223 1483 258 δυνηθῶμεν
1503 223 1576 258 ἔχειν
1594 223 1653 257 μεθ’
1665 223 1755 258 ἡμῶν,
1771 223 1820 249 καὶ
1839 231 1928 256 συγ-

1114 268 1201 302 γενῶς
1227 269 1293 303 ὁρᾷν
1319 269 1366 295 καὶ
1397 269 1541 301 κοινωνίας
1570 269 1711 304 μετέχειν,
1741 269 1804 296 καθ’
1831 267 1928 303 ἡμᾶς

1114 314 1260 347 γενόμενον
1278 313 1423 348 ἄνθρωπον
1444 314 1558 346 τέλειον,
1574 314 1689 349 μένοντα
1702 315 1806 341 τέλειον
1827 315 1926 346 Θεὸν,

1113 359 1270 394 1Ιιξιώθημεν
1285 359 1388 393 γνῶναι
1400 367 1408 374 ·
1427 359 1456 386 ὃν
1472 361 1518 386 καὶ
1532 360 1640 395 εἴδομεν
1660 359 1696 394 τῷ
1718 356 1843 394 σώματι,
1865 360 1928 386 καὶ

1115 405 1196 432 πάλιν
1215 405 1298 432 αὑτοῦ
1315 405 1473 440 ἀθεώρητος
1487 406 1553 440 ἡμῖν
1570 407 1586 441 ἡ
1607 405 1712 441 θεότης.
1728 406 1784 432 Καὶ
1807 406 1825 441 ἡ
1845 415 1928 440 συγ-

1113 451 1265 482 κατάϐασις
1293 450 1374 486 αὕτη,
1390 452 1438 478 καὶ
1465 451 1499 478 δι’
1516 451 1583 478 ἄλλα
1602 452 1652 486 μὲν
1676 452 1835 486 θαυμαστὰ,
1864 453 1928 478 καὶ

1116 497 1162 524 διὸ.
1177 497 1255 524 τοῦτο
1268 497 1308 529 δὲ,
1325 498 1368 524 ἵνα
1384 497 1429 524 τὸν
1442 498 1597 534 ἀθεώρητον
1612 499 1655 525 διὰ
1672 499 1773 532 σαρκὸς
1785 499 1899 532 ἴδωμεν
1915 506 1928 513 ’

1113 543 1175 569 ἐπεὶ
1193 542 1259 570 Θεδν
1275 543 1362 574 οὐδεὶς
1377 543 1483 578 ἑώρακε
1495 544 1617 571 πώποτε.
1633 545 1683 571 Διὰ
1697 545 1726 571 δὲ
1741 545 1790 571 τοῦ
1802 545 1924 571 θειοτά‹

1114 596 1163 614 του
1181 589 1229 615 καὶ
1251 589 1388 622 παναγίου
1413 590 1627 624 προσλήμματος
1649 590 1790 624 συγγενῶς
1808 590 1925 625 ἔχομεν

1086 638 1094 648 ¹
1114 633 1162 660 νῦν
1188 634 1256 668 πρὸς
1283 635 1376 661 αὐτόν.
1405 636 1451 662 Διὸ
1477 635 1524 662 καὶ
1552 636 1717 670 ἑωράκαμεν
1741 636 1825 663 αὐτὸν
1854 638 1922 668 τοῖς

1113 680 1264 715 ὀφθαλμοῖς
1277 681 1367 717 ἡμῶν,
1381 682 1419 713 ὡς
1433 684 1447 709 ὀ
1465 682 1644 717 ὴγαπημένος
1659 683 1742 718 φησί·
1761 683 1810 710 καὶ
1827 684 1926 718 μετέ-

1114 727 1174 762 χεῖν
1187 726 1276 757 αὐτοῦ,
1290 728 1337 755 καὶ
1352 729 1494 766 κοινωνεῖν
1508 729 1619 764 ἔχομεν,
1631 729 1714 756 ὁπότε
1730 729 1923 764 βουλοίμεθα.

1115 772 1171 798 Καὶ
1189 772 1298 807 ἀληθῶς
1313 772 1420 808 εῖδομεν
1435 773 1517 800 αὐτόν
1530 781 1537 788 ·
1554 774 1601 800 ἐπὶ
1615 774 1664 809 τῆς
1677 775 1729 809 γῆς
1744 775 1800 809 γὰρ
1816 773 1921 809 ὤφθη,

1114 818 1162 844 καὶ
1184 819 1243 857 τοῖς
1262 818 1420 853 ἀνθρώποις
1438 820 1647 855 συνανεστράφη
1660 827 1669 836 ’
1689 821 1736 847 καὶ
1752 821 1925 855 καθήμενον

1117 863 1186 896 μετὰ
1200 863 1246 890 τοῦ
1263 864 1480 900 προσλήμματος
1494 866 1550 893 ἄνω
1568 866 1667 900 αὺτοψὶ
1682 866 1766 893 πάλιν
1782 866 1853 893 ἰδεῖν
1871 867 1923 892 ﬁ).-

1115 908 1241 945 πίξομεν,
1257 910 1304 936 καὶ
1319 910 1348 937 ἓν
1361 908 1432 938 εῐναι
1446 912 1506 946 μετ’
1521 911 1615 944 αὐτοῦ,
1635 913 1683 939 καὶ
1700 913 1847 939 κοινωνεῖν
1864 913 1920 948 τῆς

1115 956 1195 991 δόξης
1206 956 1293 992 αὐτῷ,
1310 957 1380 984 ἐλέει
1393 957 1488 990 αὐτοῦ,
1507 959 1544 990 ὡς
1558 960 1627 994 πρὸς
1644 959 1690 986 τὸν
1707 959 1821 994 Πατέρα
1838 959 1920 994 ὑπὲρ

1116 1002 1196 1038 ἡμῶν
1210 1003 1396 1039 προσηύξατο.
1414 1003 1500 1031 Τοῦτο
1513 1003 1561 1032 οὖν
1574 1006 1621 1031 καὶ
1637 1005 1666 1031 τὸ
1680 1005 1756 1032 θεῖον
1770 1005 1921 1040 Σὺμὸολον

1117 1049 1244 1084 βεϐαιοῦν
1261 1051 1331 1086 μετὰ
1349 1051 1400 1086 τὴν
1416 1051 1590 1087 προάναρχον
1603 1051 1651 1078 τοῦ
1663 1051 1751 1086 Λόγου
1768 1052 1917 1088 γέννησιν,

1117 1097 1164 1123 καὶ
1175 1097 1225 1131 τὴν
1240 1097 1285 1124 ἐπ’
1298 1097 1421 1132 ἐσχάτων
1437 1098 1588 1134 σάρκωσιν,
1601 1097 1677 1132 λέγει
1690 1106 1698 1114 ’

1259 1187 1317 1215 Τὸν
1331 1188 1370 1215 δι’
1385 1187 1466 1223 ἡμᾶς
1484 1188 1556 1222 τοὺς
1575 1189 1766 1224 ἀνθρώπους.

1158 1234 1249 1268 Ἠμᾶς
1265 1234 1320 1271 γὰρ
1331 1232 1413 1270 ἦλθεν
1425 1235 1577 1270 ἀναστῆσαι
1594 1237 1787 1268 πεπτωκότας,
1803 1237 1833 1263 οὗ
1851 1238 1917 1269 τοὺς

1117 1277 1251 1312 ἀγγέλους
1263 1285 1271 1294 ·
1285 1279 1309 1305 εί
1323 1279 1378 1313 γὰρ
1391 1280 1439 1306 καὶ
1454 1279 1696 1314 παραπεπτώκασι
1706 1281 1812 1308 τούτων
1827 1283 1916 1315 τινὲς,

1118 1323 1185 1350 ἀλλὰ
1200 1324 1230 1350 τὸ
1247 1324 1348 1359 πτῶμα
1368 1325 1475 1357 τούτοις
1497 1326 1571 1353 ἐστὶν
1595 1326 1798 1361 ἀθεράπευτον,
1818 1329 1917 1355 ἑκοντὶ

1118 1370 1265 1405 κειμένοις,
1283 1371 1330 1398 καὶ
1342 1371 1516 1398 ἐθελοκακεῖν
1531 1373 1686 1404 σπεύδουσι,
1699 1375 1747 1400 καὶ
1761 1374 1830 1409 ἡμῖν
1849 1383 1917 1410 προ-

1119 1417 1205 1448 ξένοις
1226 1417 1325 1449 κακίας
1345 1419 1511 1453 γινομένοις.
1535 1419 1664 1453 Ἀγγελοι
1685 1420 1713 1446 δὲ
1734 1420 1767 1446 ἐκ
1786 1421 1840 1455 μὲν
1866 1421 1914 1453 τῆς

1120 1463 1190 1498 ὑπὲρ
1215 1463 1294 1497 ἡμῶν
1319 1464 1475 1499 οἰκονομίας
1496 1464 1543 1491 τοῦ
1572 1464 1661 1499 Λόγου
1696 1465 1748 1501 τὴν
1777 1468 1914 1502 μεγίττην

279 1515 374 1544 tatem,
387 1511 516 1545 majorem
527 1511 598 1538 nacti
615 1510 819 1546 exultationem.
831 1511 863 1537 de
875 1511 963 1538 salute
976 1516 1063 1538 nostra

1122 1507 1266 1542 ἐσχηκότες
1283 1509 1330 1535 καὶ
1351 1516 1423 1536 ουτοι
1441 1509 1586 1544 ὠφέλειαν,
1605 1510 1673 1545 πρὸς
1697 1511 1845 1546 ἀγάπησιν
1867 1513 1911 1538 τοῦ

278 1558 412 1585 laetantur.
438 1557 530 1592 Itaque
547 1558 625 1584 nobis
648 1558 731 1584 etiam
755 1558 907 1585 servientes
925 1558 1067 1590 festinant,

278 1609 306 1630 et
319 1603 447 1638 gaudent.
469 1603 572 1631 Salvati
586 1611 649 1631 vero
663 1604 776 1631 omnino
789 1608 817 1631 et
832 1604 917 1631 erecti
931 1611 980 1631 nos
1001 1604 1066 1633 soh‘.

277 1650 339 1677 Ideo
352 1650 416 1677 dicit
437 1659 446 1679 :

454 1783 489 1810 Et
501 1789 609 1818 propter
619 1787 738 1810 nostram
765 1782 888 1810 salutent.

313 1828 380 1856 Nam
397 1830 441 1864 qui
456 1831 607 1865 perierunt.
620 1838 669 1856 nos
679 1834 821 1862 sumns,et
835 1829 907 1857 salus
920 1830 1010 1862 nouis,
1020 1837 1068 1857 ex-

279 1876 373 1910 pulsos
387 1881 413 1902 et
430 1881 560 1903 enecatos
573 1883 669 1902 rursus
681 1875 714 1902 ad
726 1875 810 1902 Deum
823 1876 927 1908 reduci,
941 1881 968 1902 et
983 1877 1065 1903 vitam

277 1921 413 1949 iunobis
445 1922 545 1948 habere
563 1921 659 1952 Deum.
693 1925 720 1948 et
755 1930 801 1956 per
830 1922 915 1956 ipsam
942 1923 1066 1950 renovari

277 1975 327 1995 nos
343 1973 369 1995 et
383 1967 483 2000 vivere,
496 1975 580 2002 quare
595 1972 622 1995 et
636 1968 759 2002 pervenit
770 1976 855 2002 usque
870 1969 903 1995 ad
918 1976 968 1996 nos
985 1970 1059 2001 vita;

277 2014 349 2048 quod
365 2018 393 2041 et
408 2014 530 2042 Ecclesia
545 2014 677 2047 celebrat,
692 2014 786 2041 dict-ns
803 2023 810 2042 :

521 2103 660 2132 Descendit
679 2103 711 2130 de
730 2103 813 2131 caelis.

313 2153 372 2180 Non
395 2152 528 2186 localiter,
538 2152 584 2179 sed
599 2151 782 2179 exinanitione
799 2160 806 2179 :
822 2159 874 2178 non
891 2151 918 2179 in
933 2151 1003 2185 loco,
1020 2153 1064 2180 cui

1118 1553 1187 1580 Θεοῦ
1220 1553 1268 1580 καὶ
1293 1553 1400 1587 ἕνωσιν,
1419 1554 1551 1582 ἀνάϐασιν
1578 1555 1690 1590 μείζονα
1704 1557 1861 1592 εὑρηκότες
1881 1559 1910 1592 τῇ

1118 1599 1198 1633 ἡμῶν
1225 1599 1348 1634 σωτηρίᾳ
1373 1599 1586 1634 εὐφραίνονται·
1610 1600 1652 1627 διὸ
1677 1601 1724 1628 καὶ
1752 1603 1817 1633 ταῖς
1843 1602 1911 1638 ὑπὲρ

1119 1644 1197 1679 ἡμῶν
1214 1644 1364 1677 διακονίαις
1377 1646 1525 1673 σπεύδουσί
1541 1655 1571 1673 τε
1586 1647 1634 1673 καὶ
1647 1647 1792 1682 χαίρουσιν
1801 1656 1815 1685 _°
1830 1649 1857 1675 οι
1873 1657 1914 1675 σε·

1120 1696 1258 1726 σωσμενοι
1284 1691 1312 1717 δὲ
1340 1690 1471 1724 storem;
1500 1692 1548 1719 καὶ
1577 1693 1798 1729 ἁνεγηγερμένοι
1837 1695 1916 1730 μόνοι

1118 1736 1208 1771 ἡμεῖς,
1225 1737 1270 1763 Διὸ
1280 1737 1326 1764 καί
1344 1746 1411 1772 φησι
1422 1746 1430 1754 ·

1252 1783 1304 1811 Καὶ
1317 1784 1365 1811 διὰ
1377 1784 1436 1819 τὴν
1448 1785 1597 1820 ἠμετεραν
1608 1787 1775 1820 σωτηρίαν.

1153 1829 1185 1856 Οί
1202 1829 1257 1865 γὰρ
1274 1830 1447 1863 ἀπολωλότες
1461 1833 1544 1867 ἡμεῖς
1557 1840 1564 1846 ·
1581 1832 1628 1859 καὶ
1642 1833 1764 1867 σωτηρία
1788 1833 1858 1868 ἡμῖν
1873 1834 1913 1867 τὸ,

1117 1875 1293 1908 ἀπωσθέντας
1319 1878 1366 1903 καὶ
1392 1879 1589 1913 νεκρωθὲντας,
1608 1879 1802 1914 ἐπαναχθῆναι
1831 1881 1915 1908 πάλιν

1117 1920 1155 1956 τῷ
1170 1921 1239 1956 Θεῷ,
1261 1923 1307 1948 καὶ
1331 1923 1379 1958 τὴν
1407 1923 1480 1958 ζωὴν
1496 1927 1569 1959 σχεῖν
1587 1925 1617 1951 ὲν
1639 1925 1747 1956 ἑαυτοῖς
1764 1925 1813 1952 τὸν
1831 1926 1912 1958 Θεὸν,

1117 1968 1164 1993 καὶ
1188 1967 1222 1993 δι’
1235 1968 1319 2004 αὐτῆς
1337 1969 1564 2004 ἀνακαινισθῆναι
1591 1971 1637 1997 καὶ
1666 1971 1767 2006 ζῆσαι·
1795 1972 1838 1999 διὸ
1867 1974 1914 2000 καὶ

1117 2013 1235 2047 κατῆλθε
1253 2015 1349 2049 μέχρις
1364 2015 1442 2050 ἡμῶν
1458 2017 1474 2051 ἡ
1489 2016 1556 2052 ζωή.
1573 2017 1605 2044 Ὃ
1625 2018 1672 2044 καὶ
1685 2017 1840 2054 Ἐκκλησία
1861 2029 1913 2055 κη-

1118 2058 1221 2093 ρύττει,
1233 2059 1351 2094 λέγουσα
1361 2069 1369 2076 ·

1274 2107 1463 2134 Κιιτελθόντα
1478 2107 1513 2135 ἐκ
1527 2109 1586 2135 τῶν
1600 2109 1746 2143 adparat“.

1153 2149 1190 2175 Οὐ
1213 2151 1343 2183 τοπικῶς,
1369 2155 1615 2187 συγκαταϐατικῶς
1631 2155 1660 2182 δέ
1671 2164 1677 2170 ·
1700 2157 1730 2183 οὺ
1747 2157 1804 2193 γὰρ
1821 2158 1851 2185 ἐν
1868 2159 1910 2185 τό-

278 2208 332 2226 ιιοιι
358 2198 608 2233 coxpns;otunium
640 2203 747 2225 creator
772 2199 861 2225 omnia
887 2199 981 2233 replet,
997 2201 1063 2226 sicut

1122 2203 1162 2230 πῳ
1173 2216 1180 2229 ,
1197 2197 1258 2223 ἐπεὶ
1274 2198 1304 2223 οὐ
1322 2199 1412 2232 σῶμα,
1425 2200 1472 2226 καὶ
1488 2201 1541 2230 τῶν
1556 2201 1624 2228 ὅλων
1636 2201 1674 2228 ὣν
1697 2204 1826 2238 ποιητὴς,
1842 2206 1912 2231 πᾶν-

277 2246 406 2280 scripttttn
422 2249 474 2272 est.
493 2244 643 2271 Consilium
658 2245 764 2278 cepisse
793 2245 875 2279 igitur
895 2251 922 2272 et
937 2246 1066 2279 voluisse,

277 2292 485 2319 descensionem
502 2291 577 2322 dicit,
588 2290 634 2318 sed
646 2290 727 2318 etiam
745 2291 883 2318 humiliter
892 2291 1026 2325 abjectttm
1040 2297 1068 2319 et

279 2345 361 2364 carne
394 2337 514 2364 homints
542 2336 626 2363 lilium
652 2336 721 2368 fieri,
747 2336 774 2362 in
802 2335 1067 2370 mundoqnclnituis

280 2387 385 2410 tenuem
402 2391 463 2410 esse
475 2387 502 2410 et
525 2383 551 2410 in
566 2386 697 2417 egestate.

543 2474 577 2501 Et
591 2475 746 2501 incarnatus
754 2479 803 2501 est.

319 2520 385 2548 Vere
402 2522 474 2548 enim
494 2525 578 2548 totatn
601 2526 723 2548 nostram
753 2523 902 2556 assumpsit
927 2527 1063 2557 naturam,

278 2571 382 2594 tantum
397 2567 499 2601 absque
514 2572 633 2600 peccato,
649 2567 722 2594 sicut
742 2569 813 2595 etab
831 2569 908 2596 initio
934 2570 1065 2598 innocen-

279 2619 332 2641 tem
349 2613 491 2648 plasmavit
505 2617 532 2640 et
556 2613 616 2641 sine
631 2614 681 2641 viri
707 2616 854 2643 connubio.
883 2615 920 2643 Ita
947 2618 1018 2644 enim
1033 2617 1066 2644 de

278 2663 352 2685 terra
365 2660 399 2685 ab
414 2657 495 2685 initio
513 2658 597 2686 Adam
611 2659 767 2694 plasmavit.
783 2660 953 2688 lncarnntnm
983 2663 1066 2697 igitur

278 2704 357 2737 dicit,
373 2711 425 2731 non
441 2704 611 2738 pltantastice
641 2706 740 2738 visum,
757 2707 829 2741 quod
857 2707 932 2742 impii
955 2709 1064 2742 quidam

279 2754 419 2776 asserunt.
433 2747 461 2776 Si
479 2749 550 2776 enim
566 2749 736 2784 pliantastice
751 2751 835 2783 visus.
848 2758 917 2778 vana
933 2755 976 2779 cst
993 2759 1066 2779 oeco-

278 2794 376 2820 nomiae
393 2799 446 2822 tota
473 2795 553 2828 ratio,
570 2802 619 2822 nec
650 2797 812 2828 animarum,
843 2805 894 2824 nec
917 2805 1064 2832 corporum

279 2843 433 2867 nostrorqu
452 2840 599 2874 reparatio,
612 2839 660 2868 sed
676 2847 725 2868 nec
738 2841 766 2868 in
783 2839 893 2876 Virgine
913 2846 1064 2876 concrptus

1119 2249 1153 2267 τα
1169 2241 1280 2276 πληροῖ,
1297 2243 1368 2270 καθὰ
1383 2245 1537 2280 γέγραπται
1550 2255 1556 2262 ·
1572 2247 1602 2273 τὸ
1620 2247 1784 2283 βουληθῆναι
1802 2248 1851 2276 οὖν
1863 2253 1911 2278 καὶ

1119 2285 1231 2320 θελῆσαι
1243 2288 1317 2322 λέγει
1332 2290 1501 2317 κατάὸασιν·
1519 2291 1586 2319 ἀλλὰ
1602 2294 1648 2319 καὶ
1661 2294 1691 2319 τὸ
1702 2296 1912 2330 ταπεινωθῆναι

1118 2331 1254 2364 τοσοῦτον,
1276 2335 1321 2360 καὶ
1340 2335 1396 2361 om
1422 2336 1565 2371 ἀνθρώπου
1586 2338 1712 2371 γενέσθαι
1737 2342 1833 2375 σαρκὶ,
1859 2343 1910 2376 ὲμη

1118 2377 1310 2414 πολιτευθῆναί
1333 2389 1364 2406 τε
1393 2382 1432 2407 τῶ
1449 2382 1543 2417 κόσμῳ
1564 2385 1682 2418 μετρίως
1704 2385 1776 2418 ἄγαν
1795 2387 1845 2412 καὶ
1861 2396 1911 2414 πε-

1118 2423 1230 2457 νικρῶς-

1373 2472 1430 2499 Καὶ
1443 2474 1645 2507 σηρκωθένῖα.

1159 2515 1279 2551 ’Λληθῶς
1302 2517 1359 2553 γὰρ
1371 2518 1420 2553 τὴν
1444 2518 1508 2554 ὃλην
1527 2520 1604 2553 ἡμῶν
1619 2520 1698 2547 ἔλαϐε
1714 2522 1807 2556 φύσιν,
1827 2523 1909 2558 μόνον

1117 2561 1256 2597 ἁμαρτίας
1284 2564 1380 2598 χωρὶς,
1409 2564 1447 2595 ὡς
1476 2566 1523 2591 καὶ
1548 2565 1578 2598 ἐξ
1599 2561 1909 2605 ἀρχῆςάναμὶρτητον

1116 2607 1218 2633 ἔπλασε
1235 2608 1281 2634 καὶ
1301 2609 1386 2643 χωρὶς
1401 2609 1498 2644 ἀνδρὸς
1521 2612 1668 2646 συναφείας
1679 2620 1686 2628 '
1711 2613 1773 2638 ἐπεὶ
1788 2615 1835 2640 καὶ
1852 2615 1908 2641 ἀπὸ

1116 2652 1167 2687 γῆς
1184 2653 1271 2685 οὕτως
1287 2654 1408 2689 ἀρχῆθεν
1422 2655 1525 2682 ἔπλασε
1547 2657 1592 2683 τὸν
1606 2657 1702 2692 Ἀδάμ.
1721 2658 1906 2694 Σαρκωθέντα

1116 2699 1163 2725 οὖν
1183 2708 1273 2735 φησιν,
1292 2701 1323 2726 οὐ
1349 2701 1419 2728 κατὰ
1435 2703 1586 2735 φαντασίαν
1606 2703 1733 2738 ὀφθέντα.
1751 2705 1808 2731 Καὶ
1827 2705 1905 2732 τοῦτο

1115 2747 1169 2780 γὰρ
1186 2746 1240 2772 τῶν
1253 2747 1426 2774 ἀσεϐούντων
1438 2748 1511 2780 τινές
1529 2757 1624 2783 φασιν.
1640 2750 1671 2776 El
1695 2750 1750 2784 γὰρ
1769 2753 1905 2788 φαντασίᾳ

1115 2792 1205 2826 ὤφθην
1221 2793 1250 2819 τδ
1267 2794 1322 2820 πᾶν
1338 2795 1386 2828 τῆς
1408 2795 1566 2831 οῑκονομίας
1581 2797 1676 2824 κενόν·
1693 2798 1740 2824 καὶ
1763 2798 1826 2826 οὔτε
1847 2802 1904 2830 ni,-

1115 2839 1225 2874 ψυχαῖς,
1240 2839 1301 2867 οὔτε
1319 2843 1374 2873 τοῖς
1385 2843 1508 2878 σώμασιν
1525 2844 1603 2879 ήμῶν
1616 2845 1630 2879 ἡ
1644 2844 1810 2878 ἀνάπλασις,
1833 2846 1901 2872 'rL‘tit'
