  <div class='ocr_page' id='page_1' title='image "/cluster/home/n/w/nwhite01/storage/ocr_20150623/155/njp.32101010943494/502.png"; bbox 0 0 1918 3042; ppageno 0'>
   <div class='ocr_carea' id='block_1_1' title="bbox 67 95 124 126">
    <p class='ocr_par' dir='ltr' id='par_1_1' title="bbox 67 95 124 126">
     <span class='ocr_line' id='line_1_1' title="bbox 67 95 124 126; baseline 0 0"><span class='ocrx_word' id='word_1_1' title='bbox 67 95 124 126; x_wconf 72' lang='grc'><strong>849</strong></span> 
     </span>
    </p>
   </div>
   <div class='ocr_carea' id='block_1_2' title="bbox 409 94 1346 127">
    <p class='ocr_par' dir='ltr' id='par_1_2' title="bbox 409 94 1346 127">
     <span class='ocr_line' id='line_1_2' title="bbox 409 94 1346 127; baseline 0.002 -2"><span class='ocrx_word' id='word_1_2' title='bbox 409 95 605 126; x_wconf 81' lang='lat' dir='ltr'><strong>RESPONSA</strong></span> <span class='ocrx_word' id='word_1_3' title='bbox 640 94 691 125; x_wconf 84' lang='lat' dir='ltr'><strong>AD</strong></span> <span class='ocrx_word' id='word_1_4' title='bbox 728 94 954 126; x_wconf 82' lang='lat' dir='ltr'><strong>GABRlELEM</strong></span> <span class='ocrx_word' id='word_1_5' title='bbox 983 95 1346 127; x_wconf 86' lang='lat' dir='ltr'><strong>PENTAPOLITANUM.</strong></span> 
     </span>
    </p>
   </div>
   <div class='ocr_carea' id='block_1_3' title="bbox 1649 95 1705 126">
    <p class='ocr_par' dir='ltr' id='par_1_3' title="bbox 1649 95 1705 126">
     <span class='ocr_line' id='line_1_3' title="bbox 1649 95 1705 126; baseline -0.018 0"><span class='ocrx_word' id='word_1_6' title='bbox 1649 95 1705 126; x_wconf 70' lang='lat'><strong>85!)</strong></span> 
     </span>
    </p>
   </div>
   <div class='ocr_carea' id='block_1_4' title="bbox 71 149 868 188">
    <p class='ocr_par' dir='ltr' id='par_1_4' title="bbox 71 149 865 187">
     <span class='ocr_line' id='line_1_4' title="bbox 71 149 865 187; baseline -0.001 -9"><span class='ocrx_word' id='word_1_7' title='bbox 71 151 152 178; x_wconf 77' lang='grc' dir='ltr'>Θείαν</span> <span class='ocrx_word' id='word_1_8' title='bbox 166 150 267 185; x_wconf 75' lang='grc' dir='ltr'>γνῶσιν</span> <span class='ocrx_word' id='word_1_9' title='bbox 289 149 531 185; x_wconf 80' lang='grc' dir='ltr'>διαπορθμεύουσι.</span> <span class='ocrx_word' id='word_1_10' title='bbox 558 151 614 179; x_wconf 75' lang='grc' dir='ltr'><strong>Καὶ</strong></span> <span class='ocrx_word' id='word_1_11' title='bbox 628 150 768 186; x_wconf 79' lang='grc' dir='ltr'><strong>ὁμιλοῦσιν</strong></span> <span class='ocrx_word' id='word_1_12' title='bbox 784 151 865 187; x_wconf 79' lang='grc' dir='ltr'>ἀλλή-</span> 
     </span>
    </p>
   </div>
   <div class='ocr_carea' id='block_1_5' title="bbox 926 149 1709 188">
    <p class='ocr_par' dir='ltr' id='par_1_5' title="bbox 926 151 1709 188">
     <span class='ocr_line' id='line_1_5' title="bbox 926 151 1709 188; baseline -0.003 -8"><span class='ocrx_word' id='word_1_13' title='bbox 926 151 989 180; x_wconf 64' lang='lat' dir='ltr'><strong>ticut</strong></span> <span class='ocrx_word' id='word_1_14' title='bbox 1003 157 1031 180; x_wconf 90' lang='lat' dir='ltr'><strong>et</strong></span> <span class='ocrx_word' id='word_1_15' title='bbox 1050 152 1103 188; x_wconf 83' lang='lat' dir='ltr'><strong>ipsi</strong></span> <span class='ocrx_word' id='word_1_16' title='bbox 1137 152 1239 187; x_wconf 77' lang='lat' dir='ltr'><strong>angeli,</strong></span> <span class='ocrx_word' id='word_1_17' title='bbox 1272 153 1317 186; x_wconf 87' lang='lat' dir='ltr'><strong>qui</strong></span> <span class='ocrx_word' id='word_1_18' title='bbox 1350 151 1557 186; x_wconf 82' lang='lat' dir='ltr'><strong>incorporaliter</strong></span> <span class='ocrx_word' id='word_1_19' title='bbox 1571 151 1622 179; x_wconf 83' lang='lat' dir='ltr'><strong>sibi</strong></span> <span class='ocrx_word' id='word_1_20' title='bbox 1640 152 1709 179; x_wconf 81' lang='lat' dir='ltr'><strong>iuvi-</strong></span> 
     </span>
    </p>
   </div>
   <div class='ocr_carea' id='block_1_6' title="bbox 66 196 864 232">
    <p class='ocr_par' dir='ltr' id='par_1_6' title="bbox 66 196 864 232">
     <span class='ocr_line' id='line_1_6' title="bbox 66 196 864 232; baseline 0.003 -10"><span class='ocrx_word' id='word_1_21' title='bbox 66 197 127 228; x_wconf 88' lang='grc' dir='ltr'>λοις</span> <span class='ocrx_word' id='word_1_22' title='bbox 143 197 245 231; x_wconf 83' lang='grc' dir='ltr'>νοερῶς</span> <span class='ocrx_word' id='word_1_23' title='bbox 265 196 326 231; x_wconf 81' lang='grc' dir='ltr'>δίχα</span> <span class='ocrx_word' id='word_1_24' title='bbox 342 196 477 231; x_wconf 81' lang='grc' dir='ltr'><strong>γλώττης,</strong></span> <span class='ocrx_word' id='word_1_25' title='bbox 493 197 541 223; x_wconf 76' lang='grc' dir='ltr'>καὶ</span> <span class='ocrx_word' id='word_1_26' title='bbox 554 198 675 232; x_wconf 78' lang='grc' dir='ltr'>σχήματι</span> <span class='ocrx_word' id='word_1_27' title='bbox 692 197 721 223; x_wconf 82' lang='grc' dir='ltr'>δὲ</span> <span class='ocrx_word' id='word_1_28' title='bbox 742 197 789 224; x_wconf 79' lang='grc' dir='ltr'>καὶ</span> <span class='ocrx_word' id='word_1_29' title='bbox 803 197 864 224; x_wconf 85' lang='grc' dir='ltr'>νεύ-</span> 
     </span>
    </p>
   </div>
   <div class='ocr_carea' id='block_1_7' title="bbox 69 242 865 280">
    <p class='ocr_par' dir='ltr' id='par_1_7' title="bbox 69 242 865 280">
     <span class='ocr_line' id='line_1_7' title="bbox 69 242 865 280; baseline 0.001 -11"><span class='ocrx_word' id='word_1_30' title='bbox 69 252 138 277; x_wconf 83' lang='grc' dir='ltr'>ματι</span> <span class='ocrx_word' id='word_1_31' title='bbox 154 244 171 278; x_wconf 80' lang='grc' dir='ltr'>ἡ</span> <span class='ocrx_word' id='word_1_32' title='bbox 189 242 263 278; x_wconf 83' lang='grc' dir='ltr'>ψυχὴ</span> <span class='ocrx_word' id='word_1_33' title='bbox 278 243 325 269; x_wconf 78' lang='grc' dir='ltr'>τὸν</span> <span class='ocrx_word' id='word_1_34' title='bbox 344 242 429 276; x_wconf 78' lang='grc' dir='ltr'>αὐτῆς</span> <span class='ocrx_word' id='word_1_35' title='bbox 454 243 622 278; x_wconf 76' lang='grc' dir='ltr'><strong>ἀπαγγέλλει</strong></span> <span class='ocrx_word' id='word_1_36' title='bbox 647 243 736 277; x_wconf 83' lang='grc' dir='ltr'>λόγον.</span> <span class='ocrx_word' id='word_1_37' title='bbox 753 243 865 280; x_wconf 85' lang='grc' dir='ltr'>Γλώττῃ</span> 
     </span>
    </p>
   </div>
   <div class='ocr_carea' id='block_1_8' title="bbox 66 287 865 325">
    <p class='ocr_par' dir='ltr' id='par_1_8' title="bbox 66 287 865 325">
     <span class='ocr_line' id='line_1_8' title="bbox 66 287 865 325; baseline 0.001 -10"><span class='ocrx_word' id='word_1_38' title='bbox 66 289 97 315; x_wconf 76' lang='grc' dir='ltr'>δὲ</span> <span class='ocrx_word' id='word_1_39' title='bbox 115 289 162 316; x_wconf 76' lang='grc' dir='ltr'>καὶ</span> <span class='ocrx_word' id='word_1_40' title='bbox 184 289 330 324; x_wconf 81' lang='grc' dir='ltr'><strong>γράμματι</strong></span> <span class='ocrx_word' id='word_1_41' title='bbox 347 288 536 324; x_wconf 77' lang='grc' dir='ltr'><strong>παχυνόμενον</strong></span> <span class='ocrx_word' id='word_1_42' title='bbox 556 290 604 316; x_wconf 69' lang='grc' dir='ltr'><strong>καὶ</strong></span> <span class='ocrx_word' id='word_1_43' title='bbox 629 287 684 316; x_wconf 79' lang='grc' dir='ltr'>οἷον</span> <span class='ocrx_word' id='word_1_44' title='bbox 709 290 865 325; x_wconf 79' lang='grc' dir='ltr'>σαρκούμε-</span> 
     </span>
    </p>
   </div>
   <div class='ocr_carea' id='block_1_9' title="bbox 68 333 864 371">
    <p class='ocr_par' dir='ltr' id='par_1_9' title="bbox 68 333 864 371">
     <span class='ocr_line' id='line_1_9' title="bbox 68 333 864 371; baseline 0.004 -11"><span class='ocrx_word' id='word_1_45' title='bbox 68 342 126 366; x_wconf 86' lang='grc' dir='ltr'>νον,</span> <span class='ocrx_word' id='word_1_46' title='bbox 149 335 206 365; x_wconf 83' lang='grc' dir='ltr'>τοῑς</span> <span class='ocrx_word' id='word_1_47' title='bbox 228 333 319 365; x_wconf 79' lang='grc' dir='ltr'>ἄλλοις</span> <span class='ocrx_word' id='word_1_48' title='bbox 344 334 432 361; x_wconf 72' lang='grc' dir='ltr'>ἅπασι</span> <span class='ocrx_word' id='word_1_49' title='bbox 459 336 581 369; x_wconf 78' lang='grc' dir='ltr'>φανεροῖ.</span> <span class='ocrx_word' id='word_1_50' title='bbox 609 334 657 366; x_wconf 86' lang='grc' dir='ltr'>Ὃς</span> <span class='ocrx_word' id='word_1_51' title='bbox 685 336 731 362; x_wconf 76' lang='grc' dir='ltr'><strong>καὶ</strong></span> <span class='ocrx_word' id='word_1_52' title='bbox 749 337 778 362; x_wconf 86' lang='grc' dir='ltr'>ὲν</span> <span class='ocrx_word' id='word_1_53' title='bbox 795 336 864 371; x_wconf 84' lang='grc' dir='ltr'><strong>αὑτῇ</strong></span> 
     </span>
    </p>
   </div>
   <div class='ocr_carea' id='block_1_10' title="bbox 68 379 866 414">
    <p class='ocr_par' dir='ltr' id='par_1_10' title="bbox 68 379 866 414">
     <span class='ocr_line' id='line_1_10' title="bbox 68 379 866 414; baseline 0.004 -9"><span class='ocrx_word' id='word_1_54' title='bbox 68 379 154 406; x_wconf 80' lang='grc' dir='ltr'>πάλιν</span> <span class='ocrx_word' id='word_1_55' title='bbox 171 380 247 414; x_wconf 84' lang='grc' dir='ltr'>μένει</span> <span class='ocrx_word' id='word_1_56' title='bbox 262 381 309 406; x_wconf 72' lang='grc' dir='ltr'><strong>καὶ</strong></span> <span class='ocrx_word' id='word_1_57' title='bbox 333 380 363 406; x_wconf 81' lang='grc' dir='ltr'>οὐ</span> <span class='ocrx_word' id='word_1_58' title='bbox 384 380 528 408; x_wconf 82' lang='grc' dir='ltr'>διΐσταται.</span> <span class='ocrx_word' id='word_1_59' title='bbox 553 381 609 408; x_wconf 76' lang='grc' dir='ltr'><strong>Καὶ</strong></span> <span class='ocrx_word' id='word_1_60' title='bbox 634 381 695 413; x_wconf 82' lang='grc' dir='ltr'>ὅλος</span> <span class='ocrx_word' id='word_1_61' title='bbox 721 383 750 408; x_wconf 82' lang='grc' dir='ltr'>ἐν</span> <span class='ocrx_word' id='word_1_62' title='bbox 781 383 866 409; x_wconf 78' lang='grc' dir='ltr'>πᾶσιν</span> 
     </span>
    </p>
   </div>
   <div class='ocr_carea' id='block_1_11' title="bbox 69 425 866 462">
    <p class='ocr_par' dir='ltr' id='par_1_11' title="bbox 69 425 866 462">
     <span class='ocr_line' id='line_1_11' title="bbox 69 425 866 462; baseline 0.003 -10"><span class='ocrx_word' id='word_1_63' title='bbox 69 426 131 462; x_wconf 68' lang='grc' dir='ltr'>ἔστι</span> <span class='ocrx_word' id='word_1_64' title='bbox 150 427 207 457; x_wconf 75' lang='grc' dir='ltr'>τοῖς</span> <span class='ocrx_word' id='word_1_65' title='bbox 221 425 367 457; x_wconf 83' lang='grc' dir='ltr'>ἀκούσασι,</span> <span class='ocrx_word' id='word_1_66' title='bbox 382 426 429 452; x_wconf 75' lang='grc' dir='ltr'><strong>καὶ</strong></span> <span class='ocrx_word' id='word_1_67' title='bbox 441 426 500 457; x_wconf 83' lang='grc' dir='ltr'>ὅλος</span> <span class='ocrx_word' id='word_1_68' title='bbox 516 426 590 452; x_wconf 72' lang='grc' dir='ltr'>ἐστὶν</span> <span class='ocrx_word' id='word_1_69' title='bbox 606 428 636 453; x_wconf 81' lang='grc' dir='ltr'>ὲν</span> <span class='ocrx_word' id='word_1_70' title='bbox 658 427 739 461; x_wconf 76' lang='grc' dir='ltr'>αὐτῇ.</span> <span class='ocrx_word' id='word_1_71' title='bbox 756 428 866 455; x_wconf 77' lang='grc' dir='ltr'>Μᾶλλον</span> 
     </span>
    </p>
   </div>
   <div class='ocr_carea' id='block_1_12' title="bbox 69 471 866 507">
    <p class='ocr_par' dir='ltr' id='par_1_12' title="bbox 69 471 866 507">
     <span class='ocr_line' id='line_1_12' title="bbox 69 471 866 507; baseline 0.004 -10"><span class='ocrx_word' id='word_1_72' title='bbox 69 471 118 497; x_wconf 74' lang='grc' dir='ltr'>οὖν</span> <span class='ocrx_word' id='word_1_73' title='bbox 148 471 197 497; x_wconf 84' lang='grc' dir='ltr'>τοῦ</span> <span class='ocrx_word' id='word_1_74' title='bbox 219 471 389 506; x_wconf 72' lang='grc' dir='ltr'>προφορικοῦ</span> <span class='ocrx_word' id='word_1_75' title='bbox 416 471 430 496; x_wconf 88' lang='lat'><strong>6</strong></span> <span class='ocrx_word' id='word_1_76' title='bbox 464 472 617 504; x_wconf 77' lang='grc' dir='ltr'><strong>ἐνδιάθετος</strong></span> <span class='ocrx_word' id='word_1_77' title='bbox 653 473 734 506; x_wconf 82' lang='grc' dir='ltr'>λόγος</span> <span class='ocrx_word' id='word_1_78' title='bbox 768 473 866 507; x_wconf 80' lang='grc' dir='ltr'>λόγος,</span> 
     </span>
    </p>
   </div>
   <div class='ocr_carea' id='block_1_13' title="bbox 70 517 866 552">
    <p class='ocr_par' dir='ltr' id='par_1_13' title="bbox 70 517 866 552">
     <span class='ocr_line' id='line_1_13' title="bbox 70 517 866 552; baseline 0.006 -10"><span class='ocrx_word' id='word_1_79' title='bbox 70 517 194 552; x_wconf 81' lang='grc' dir='ltr'>μάλιστα</span> <span class='ocrx_word' id='word_1_80' title='bbox 207 517 236 543; x_wconf 78' lang='grc' dir='ltr'>δὲ</span> <span class='ocrx_word' id='word_1_81' title='bbox 249 518 263 543; x_wconf 83' lang='grc' dir='ltr'><strong>ὁ</strong></span> <span class='ocrx_word' id='word_1_82' title='bbox 279 517 359 548; x_wconf 84' lang='grc' dir='ltr'>αὐτὸς</span> <span class='ocrx_word' id='word_1_83' title='bbox 372 517 450 549; x_wconf 82' lang='grc' dir='ltr'>οὗτός</span> <span class='ocrx_word' id='word_1_84' title='bbox 467 519 541 544; x_wconf 78' lang='grc' dir='ltr'>ἔστιν</span> <span class='ocrx_word' id='word_1_85' title='bbox 554 539 560 550; x_wconf 85' lang='grc'><strong>,</strong></span> <span class='ocrx_word' id='word_1_86' title='bbox 580 519 605 545; x_wconf 80' lang='grc' dir='ltr'><strong>εἰ</strong></span> <span class='ocrx_word' id='word_1_87' title='bbox 620 520 666 545; x_wconf 71' lang='grc' dir='ltr'><strong>καὶ</strong></span> <span class='ocrx_word' id='word_1_88' title='bbox 681 520 737 550; x_wconf 85' lang='grc' dir='ltr'>τοῖς</span> <span class='ocrx_word' id='word_1_89' title='bbox 754 519 807 552; x_wconf 77' lang='grc' dir='ltr'><strong>ἔξω</strong></span> <span class='ocrx_word' id='word_1_90' title='bbox 823 529 866 547; x_wconf 89' lang='grc' dir='ltr'>σο-</span> 
     </span>
    </p>
   </div>
   <div class='ocr_carea' id='block_1_14' title="bbox 70 562 866 598">
    <p class='ocr_par' dir='ltr' id='par_1_14' title="bbox 70 562 866 598">
     <span class='ocr_line' id='line_1_14' title="bbox 70 562 866 598; baseline 0.005 -9"><span class='ocrx_word' id='word_1_91' title='bbox 70 564 133 597; x_wconf 67' lang='grc' dir='ltr'>φοῖς</span> <span class='ocrx_word' id='word_1_92' title='bbox 148 562 228 593; x_wconf 72' lang='grc' dir='ltr'>ἄλλος</span> <span class='ocrx_word' id='word_1_93' title='bbox 248 563 298 598; x_wconf 81' lang='grc' dir='ltr'>μὲν</span> <span class='ocrx_word' id='word_1_94' title='bbox 311 564 326 590; x_wconf 80' lang='grc' dir='ltr'><strong>ὁ</strong></span> <span class='ocrx_word' id='word_1_95' title='bbox 343 563 496 595; x_wconf 76' lang='grc' dir='ltr'>ἐνδιάθετος</span> <span class='ocrx_word' id='word_1_96' title='bbox 523 564 608 597; x_wconf 79' lang='grc' dir='ltr'>δοκεῖ,</span> <span class='ocrx_word' id='word_1_97' title='bbox 625 565 654 591; x_wconf 85' lang='grc' dir='ltr'>ὃν</span> <span class='ocrx_word' id='word_1_98' title='bbox 677 566 724 592; x_wconf 78' lang='grc' dir='ltr'><strong>καὶ</strong></span> <span class='ocrx_word' id='word_1_99' title='bbox 744 566 866 593; x_wconf 81' lang='grc' dir='ltr'>διάνοιαν</span> 
     </span>
    </p>
   </div>
   <div class='ocr_carea' id='block_1_15' title="bbox 69 608 867 647">
    <p class='ocr_par' dir='ltr' id='par_1_15' title="bbox 69 608 867 647">
     <span class='ocr_line' id='line_1_15' title="bbox 69 608 867 647; baseline 0.005 -13"><span class='ocrx_word' id='word_1_100' title='bbox 69 608 209 642; x_wconf 83' lang='grc' dir='ltr'>λέγουσιν,</span> <span class='ocrx_word' id='word_1_101' title='bbox 225 609 306 640; x_wconf 78' lang='grc' dir='ltr'>ἄλλος</span> <span class='ocrx_word' id='word_1_102' title='bbox 318 609 346 635; x_wconf 78' lang='grc' dir='ltr'>δὲ</span> <span class='ocrx_word' id='word_1_103' title='bbox 361 610 374 634; x_wconf 98' lang='lat'><strong>6</strong></span> <span class='ocrx_word' id='word_1_104' title='bbox 389 610 566 644; x_wconf 71' lang='grc' dir='ltr'>προφορικός.</span> <span class='ocrx_word' id='word_1_105' title='bbox 580 611 618 646; x_wconf 89' lang='grc' dir='ltr'><strong>Τῇ</strong></span> <span class='ocrx_word' id='word_1_106' title='bbox 634 611 748 647; x_wconf 75' lang='grc' dir='ltr'>ἀληθείᾳ</span> <span class='ocrx_word' id='word_1_107' title='bbox 759 611 813 646; x_wconf 82' lang='grc' dir='ltr'><strong>γὰρ</strong></span> <span class='ocrx_word' id='word_1_108' title='bbox 826 610 867 643; x_wconf 78' lang='grc' dir='ltr'>εἷς</span> 
     </span>
    </p>
   </div>
   <div class='ocr_carea' id='block_1_16' title="bbox 70 652 866 691">
    <p class='ocr_par' dir='ltr' id='par_1_16' title="bbox 70 652 866 691">
     <span class='ocr_line' id='line_1_16' title="bbox 70 652 866 691; baseline 0.004 -10"><span class='ocrx_word' id='word_1_109' title='bbox 70 656 143 681; x_wconf 72' lang='grc' dir='ltr'>ἔστι.</span> <span class='ocrx_word' id='word_1_110' title='bbox 158 656 215 681; x_wconf 76' lang='grc' dir='ltr'><strong>Καὶ</strong></span> <span class='ocrx_word' id='word_1_111' title='bbox 227 652 306 687; x_wconf 74' lang='grc' dir='ltr'>οὗτος</span> <span class='ocrx_word' id='word_1_112' title='bbox 321 655 367 682; x_wconf 82' lang='grc' dir='ltr'>τὸν</span> <span class='ocrx_word' id='word_1_113' title='bbox 383 657 517 691; x_wconf 79' lang='grc' dir='ltr'>μονογενῆ</span> <span class='ocrx_word' id='word_1_114' title='bbox 540 657 671 689; x_wconf 76' lang='grc' dir='ltr'>εῐκονίζει</span> <span class='ocrx_word' id='word_1_115' title='bbox 697 658 795 691; x_wconf 80' lang='grc' dir='ltr'>Λόγον.</span> <span class='ocrx_word' id='word_1_116' title='bbox 811 658 866 684; x_wconf 78' lang='grc' dir='ltr'><strong>Καὶ</strong></span> 
     </span>
    </p>
   </div>
   <div class='ocr_carea' id='block_1_17' title="bbox 71 699 865 736">
    <p class='ocr_par' dir='ltr' id='par_1_17' title="bbox 71 699 865 736">
     <span class='ocr_line' id='line_1_17' title="bbox 71 699 865 736; baseline 0.001 -10"><span class='ocrx_word' id='word_1_117' title='bbox 71 699 230 730; x_wconf 70' lang='grc' dir='ltr'>ἐνδιάθετος</span> <span class='ocrx_word' id='word_1_118' title='bbox 255 699 305 734; x_wconf 85' lang='grc' dir='ltr'>μὲν</span> <span class='ocrx_word' id='word_1_119' title='bbox 323 699 402 734; x_wconf 84' lang='grc' dir='ltr'>λόγος</span> <span class='ocrx_word' id='word_1_120' title='bbox 422 699 511 734; x_wconf 84' lang='grc' dir='ltr'>μένων</span> <span class='ocrx_word' id='word_1_121' title='bbox 527 700 603 730; x_wconf 80' lang='grc' dir='ltr'>ὲντὺς</span> <span class='ocrx_word' id='word_1_122' title='bbox 629 701 677 727; x_wconf 66' lang='grc' dir='ltr'>καὶ</span> <span class='ocrx_word' id='word_1_123' title='bbox 701 701 810 732; x_wconf 77' lang='grc' dir='ltr'>πολλοῖς</span> <span class='ocrx_word' id='word_1_124' title='bbox 828 701 865 736; x_wconf 84' lang='grc' dir='ltr'>μὴ</span> 
     </span>
    </p>
   </div>
   <div class='ocr_carea' id='block_1_18' title="bbox 70 745 864 783">
    <p class='ocr_par' dir='ltr' id='par_1_18' title="bbox 70 745 864 783">
     <span class='ocr_line' id='line_1_18' title="bbox 70 745 864 783; baseline 0.004 -12"><span class='ocrx_word' id='word_1_125' title='bbox 70 745 231 780; x_wconf 79' lang='grc' dir='ltr'>νοούμενος.</span> <span class='ocrx_word' id='word_1_126' title='bbox 252 745 443 781; x_wconf 83' lang='grc' dir='ltr'>Παχυνόμενος</span> <span class='ocrx_word' id='word_1_127' title='bbox 459 746 499 778; x_wconf 80' lang='grc' dir='ltr'>δὲ,</span> <span class='ocrx_word' id='word_1_128' title='bbox 518 746 566 773; x_wconf 74' lang='grc' dir='ltr'>καὶ</span> <span class='ocrx_word' id='word_1_129' title='bbox 591 747 607 782; x_wconf 74' lang='grc' dir='ltr'><strong>ἣ</strong></span> <span class='ocrx_word' id='word_1_130' title='bbox 623 748 678 778; x_wconf 79' lang='grc' dir='ltr'>τοῖς</span> <span class='ocrx_word' id='word_1_131' title='bbox 697 747 827 781; x_wconf 80' lang='grc' dir='ltr'>φθόγγοις</span> <span class='ocrx_word' id='word_1_132' title='bbox 848 747 864 783; x_wconf 79' lang='grc' dir='ltr'><strong>ἢ</strong></span> 
     </span>
    </p>
   </div>
   <div class='ocr_carea' id='block_1_19' title="bbox 70 792 866 828">
    <p class='ocr_par' dir='ltr' id='par_1_19' title="bbox 70 792 866 828">
     <span class='ocr_line' id='line_1_19' title="bbox 70 792 866 828; baseline 0.003 -10"><span class='ocrx_word' id='word_1_133' title='bbox 70 793 130 822; x_wconf 83' lang='grc' dir='ltr'>τοῖς</span> <span class='ocrx_word' id='word_1_134' title='bbox 145 792 292 827; x_wconf 84' lang='grc' dir='ltr'>γράμμασι</span> <span class='ocrx_word' id='word_1_135' title='bbox 315 793 516 827; x_wconf 83' lang='grc' dir='ltr'>φανερούμενος</span> <span class='ocrx_word' id='word_1_136' title='bbox 533 793 547 819; x_wconf 88' lang='lat'><strong>6</strong></span> <span class='ocrx_word' id='word_1_137' title='bbox 570 793 751 828; x_wconf 76' lang='grc' dir='ltr'>προφορικδς,</span> <span class='ocrx_word' id='word_1_138' title='bbox 768 794 866 820; x_wconf 77' lang='grc' dir='ltr'>εἰκονί-</span> 
     </span>
    </p>
   </div>
   <div class='ocr_carea' id='block_1_20' title="bbox 925 197 1710 232">
    <p class='ocr_par' dir='ltr' id='par_1_20' title="bbox 925 197 1710 232">
     <span class='ocr_line' id='line_1_20' title="bbox 925 197 1710 232; baseline -0.001 -7"><span class='ocrx_word' id='word_1_139' title='bbox 925 205 984 225; x_wconf 87' lang='lat' dir='ltr'><strong>cem</strong></span> <span class='ocrx_word' id='word_1_140' title='bbox 1013 198 1203 225; x_wconf 86' lang='lat' dir='ltr'><strong>transmittunt</strong></span> <span class='ocrx_word' id='word_1_141' title='bbox 1232 197 1354 224; x_wconf 89' lang='lat' dir='ltr'><strong>notitiam</strong></span> <span class='ocrx_word' id='word_1_142' title='bbox 1383 197 1440 229; x_wconf 88' lang='lat' dir='ltr'><strong>Dei,</strong></span> <span class='ocrx_word' id='word_1_143' title='bbox 1460 201 1541 232; x_wconf 89' lang='lat' dir='ltr'><strong>atque</strong></span> <span class='ocrx_word' id='word_1_144' title='bbox 1553 197 1588 224; x_wconf 86' lang='lat' dir='ltr'><strong>ad</strong></span> <span class='ocrx_word' id='word_1_145' title='bbox 1606 198 1710 224; x_wconf 82' lang='lat' dir='ltr'><strong>alteru-</strong></span> 
     </span>
    </p>
   </div>
   <div class='ocr_carea' id='block_1_21' title="bbox 910 242 1708 278">
    <p class='ocr_par' dir='ltr' id='par_1_21' title="bbox 910 242 1708 278">
     <span class='ocr_line' id='line_1_21' title="bbox 910 242 1708 278; baseline -0.003 -7"><span class='ocrx_word' id='word_1_146' title='bbox 910 248 996 271; x_wconf 80' lang='lat' dir='ltr'><strong>.trum</strong></span> <span class='ocrx_word' id='word_1_147' title='bbox 1015 244 1227 271; x_wconf 72' lang='lat' dir='ltr'><strong>contabulantur</strong></span> <span class='ocrx_word' id='word_1_148' title='bbox 1242 244 1346 278; x_wconf 80' lang='lat' dir='ltr'><strong>absque</strong></span> <span class='ocrx_word' id='word_1_149' title='bbox 1362 242 1453 277; x_wconf 76' lang='lat' dir='ltr'><strong>lingua</strong></span> <span class='ocrx_word' id='word_1_150' title='bbox 1473 247 1499 270; x_wconf 90' lang='lat' dir='ltr'><strong>et</strong></span> <span class='ocrx_word' id='word_1_151' title='bbox 1516 243 1708 270; x_wconf 66' lang='lat' dir='ltr'><strong>intellectuali-</strong></span> 
     </span>
    </p>
   </div>
   <div class='ocr_carea' id='block_1_22' title="bbox 921 288 1710 325">
    <p class='ocr_par' dir='ltr' id='par_1_22' title="bbox 921 288 1710 325">
     <span class='ocr_line' id='line_1_22' title="bbox 921 288 1710 325; baseline -0.001 -8"><span class='ocrx_word' id='word_1_152' title='bbox 921 294 972 318; x_wconf 88' lang='lat' dir='ltr'><strong>ter.</strong></span> <span class='ocrx_word' id='word_1_153' title='bbox 1007 290 1047 317; x_wconf 86' lang='lat' dir='ltr'><strong>lta</strong></span> <span class='ocrx_word' id='word_1_154' title='bbox 1074 290 1164 317; x_wconf 85' lang='lat' dir='ltr'><strong>anima</strong></span> <span class='ocrx_word' id='word_1_155' title='bbox 1183 289 1234 317; x_wconf 86' lang='lat' dir='ltr'><strong>sibi</strong></span> <span class='ocrx_word' id='word_1_156' title='bbox 1265 289 1315 324; x_wconf 87' lang='lat' dir='ltr'><strong>ipsi</strong></span> <span class='ocrx_word' id='word_1_157' title='bbox 1342 288 1427 323; x_wconf 78' lang='lat' dir='ltr'><strong>ligura</strong></span> <span class='ocrx_word' id='word_1_158' title='bbox 1444 289 1559 323; x_wconf 78' lang='lat' dir='ltr'><strong>quatiant</strong></span> <span class='ocrx_word' id='word_1_159' title='bbox 1579 294 1606 316; x_wconf 87' lang='lat' dir='ltr'><strong>et</strong></span> <span class='ocrx_word' id='word_1_160' title='bbox 1632 290 1710 325; x_wconf 76' lang='lat' dir='ltr'><strong>signo</strong></span> 
     </span>
    </p>
   </div>
   <div class='ocr_carea' id='block_1_23' title="bbox 922 333 1710 367">
    <p class='ocr_par' dir='ltr' id='par_1_23' title="bbox 922 333 1710 367">
     <span class='ocr_line' id='line_1_23' title="bbox 922 333 1710 367; baseline -0.004 -4"><span class='ocrx_word' id='word_1_161' title='bbox 922 343 1002 364; x_wconf 89' lang='lat' dir='ltr'><strong>suum</strong></span> <span class='ocrx_word' id='word_1_162' title='bbox 1021 334 1146 362; x_wconf 88' lang='lat' dir='ltr'><strong>enuntiat</strong></span> <span class='ocrx_word' id='word_1_163' title='bbox 1161 340 1336 362; x_wconf 83' lang='lat' dir='ltr'><strong>sermonem:</strong></span> <span class='ocrx_word' id='word_1_164' title='bbox 1368 333 1468 361; x_wconf 89' lang='lat' dir='ltr'><strong>deinde</strong></span> <span class='ocrx_word' id='word_1_165' title='bbox 1482 334 1573 367; x_wconf 73' lang='lat' dir='ltr'><strong>lingua</strong></span> <span class='ocrx_word' id='word_1_166' title='bbox 1592 338 1638 361; x_wconf 81' lang='lat' dir='ltr'><strong>aut</strong></span> <span class='ocrx_word' id='word_1_167' title='bbox 1663 335 1710 360; x_wconf 93' lang='lat' dir='ltr'><strong>lit-</strong></span> 
     </span>
    </p>
   </div>
   <div class='ocr_carea' id='block_1_24' title="bbox 922 381 1709 413">
    <p class='ocr_par' dir='ltr' id='par_1_24' title="bbox 922 381 1709 413">
     <span class='ocr_line' id='line_1_24' title="bbox 922 381 1709 413; baseline -0.004 -5"><span class='ocrx_word' id='word_1_168' title='bbox 922 386 978 409; x_wconf 87' lang='lat' dir='ltr'><strong>tera</strong></span> <span class='ocrx_word' id='word_1_169' title='bbox 997 386 1147 409; x_wconf 85' lang='lat' dir='ltr'><strong>concretus</strong></span> <span class='ocrx_word' id='word_1_170' title='bbox 1173 386 1199 408; x_wconf 91' lang='lat' dir='ltr'><strong>et</strong></span> <span class='ocrx_word' id='word_1_171' title='bbox 1214 389 1277 409; x_wconf 82' lang='lat' dir='ltr'><strong>vere</strong></span> <span class='ocrx_word' id='word_1_172' title='bbox 1306 382 1474 413; x_wconf 79' lang='lat' dir='ltr'><strong>incarnatus,</strong></span> <span class='ocrx_word' id='word_1_173' title='bbox 1507 381 1635 408; x_wconf 87' lang='lat' dir='ltr'><strong>omnibus</strong></span> <span class='ocrx_word' id='word_1_174' title='bbox 1649 381 1709 407; x_wconf 82' lang='lat' dir='ltr'><strong>aliis</strong></span> 
     </span>
    </p>
   </div>
   <div class='ocr_carea' id='block_1_25' title="bbox 921 427 1710 462">
    <p class='ocr_par' dir='ltr' id='par_1_25' title="bbox 921 427 1710 462">
     <span class='ocr_line' id='line_1_25' title="bbox 921 427 1710 462; baseline -0.001 -9"><span class='ocrx_word' id='word_1_175' title='bbox 921 432 1049 462; x_wconf 88' lang='lat' dir='ltr'><strong>apparet;</strong></span> <span class='ocrx_word' id='word_1_176' title='bbox 1067 427 1151 462; x_wconf 92' lang='lat' dir='ltr'><strong>quiet</strong></span> <span class='ocrx_word' id='word_1_177' title='bbox 1167 427 1194 455; x_wconf 93' lang='lat' dir='ltr'><strong>in</strong></span> <span class='ocrx_word' id='word_1_178' title='bbox 1213 429 1270 462; x_wconf 88' lang='lat' dir='ltr'><strong>ipsa</strong></span> <span class='ocrx_word' id='word_1_179' title='bbox 1289 428 1389 455; x_wconf 87' lang='lat' dir='ltr'><strong>iterum</strong></span> <span class='ocrx_word' id='word_1_180' title='bbox 1406 431 1496 455; x_wconf 92' lang='lat' dir='ltr'><strong>manet</strong></span> <span class='ocrx_word' id='word_1_181' title='bbox 1520 434 1569 454; x_wconf 88' lang='lat' dir='ltr'><strong>nec</strong></span> <span class='ocrx_word' id='word_1_182' title='bbox 1597 427 1710 453; x_wconf 87' lang='lat' dir='ltr'><strong>omnino</strong></span> 
     </span>
    </p>
   </div>
   <div class='ocr_carea' id='block_1_26' title="bbox 922 473 1711 508">
    <p class='ocr_par' dir='ltr' id='par_1_26' title="bbox 922 473 1711 508">
     <span class='ocr_line' id='line_1_26' title="bbox 922 473 1711 508; baseline -0.003 -7"><span class='ocrx_word' id='word_1_183' title='bbox 922 478 1087 508; x_wconf 85' lang='lat' dir='ltr'><strong>separatur;</strong></span> <span class='ocrx_word' id='word_1_184' title='bbox 1105 479 1132 500; x_wconf 91' lang='lat' dir='ltr'><strong>et</strong></span> <span class='ocrx_word' id='word_1_185' title='bbox 1148 477 1221 502; x_wconf 86' lang='lat' dir='ltr'><strong>totus</strong></span> <span class='ocrx_word' id='word_1_186' title='bbox 1232 479 1272 501; x_wconf 90' lang='lat' dir='ltr'><strong>est</strong></span> <span class='ocrx_word' id='word_1_187' title='bbox 1293 474 1319 500; x_wconf 93' lang='lat' dir='ltr'><strong>iu</strong></span> <span class='ocrx_word' id='word_1_188' title='bbox 1335 473 1462 501; x_wconf 92' lang='lat' dir='ltr'><strong>omnibus</strong></span> <span class='ocrx_word' id='word_1_189' title='bbox 1490 473 1663 500; x_wconf 75' lang='lat' dir='ltr'><strong>audientibus</strong></span> <span class='ocrx_word' id='word_1_190' title='bbox 1683 477 1711 499; x_wconf 89' lang='lat' dir='ltr'><strong>et</strong></span> 
     </span>
    </p>
   </div>
   <div class='ocr_carea' id='block_1_27' title="bbox 921 519 1710 554">
    <p class='ocr_par' dir='ltr' id='par_1_27' title="bbox 921 519 1710 554">
     <span class='ocr_line' id='line_1_27' title="bbox 921 519 1710 554; baseline -0.001 -8"><span class='ocrx_word' id='word_1_191' title='bbox 921 523 994 546; x_wconf 88' lang='lat' dir='ltr'><strong>totus</strong></span> <span class='ocrx_word' id='word_1_192' title='bbox 1014 519 1096 546; x_wconf 91' lang='lat' dir='ltr'><strong>simul</strong></span> <span class='ocrx_word' id='word_1_193' title='bbox 1111 523 1152 547; x_wconf 87' lang='lat' dir='ltr'><strong>est</strong></span> <span class='ocrx_word' id='word_1_194' title='bbox 1173 519 1200 546; x_wconf 89' lang='lat' dir='ltr'><strong>in</strong></span> <span class='ocrx_word' id='word_1_195' title='bbox 1218 519 1308 546; x_wconf 85' lang='lat' dir='ltr'><strong>anima</strong></span> <span class='ocrx_word' id='word_1_196' title='bbox 1334 527 1508 553; x_wconf 83' lang='lat' dir='ltr'><strong>permanens.</strong></span> <span class='ocrx_word' id='word_1_197' title='bbox 1535 519 1631 546; x_wconf 83' lang='lat' dir='ltr'><strong>Potius</strong></span> <span class='ocrx_word' id='word_1_198' title='bbox 1645 526 1710 554; x_wconf 78' lang='lat' dir='ltr'><strong>ergo</strong></span> 
     </span>
    </p>
   </div>
   <div class='ocr_carea' id='block_1_28' title="bbox 921 563 1711 599">
    <p class='ocr_par' dir='ltr' id='par_1_28' title="bbox 921 563 1711 599">
     <span class='ocr_line' id='line_1_28' title="bbox 921 563 1711 599; baseline 0.001 -10"><span class='ocrx_word' id='word_1_199' title='bbox 921 563 948 590; x_wconf 93' lang='lat' dir='ltr'><strong>iu</strong></span> <span class='ocrx_word' id='word_1_200' title='bbox 964 568 1053 590; x_wconf 81' lang='lat' dir='ltr'><strong>mente</strong></span> <span class='ocrx_word' id='word_1_201' title='bbox 1068 568 1217 598; x_wconf 88' lang='lat' dir='ltr'><strong>conceptus</strong></span> <span class='ocrx_word' id='word_1_202' title='bbox 1233 571 1315 599; x_wconf 85' lang='lat' dir='ltr'><strong>quam</strong></span> <span class='ocrx_word' id='word_1_203' title='bbox 1331 565 1451 592; x_wconf 86' lang='lat' dir='ltr'><strong>exterius</strong></span> <span class='ocrx_word' id='word_1_204' title='bbox 1468 565 1590 599; x_wconf 82' lang='lat' dir='ltr'><strong>prolatus</strong></span> <span class='ocrx_word' id='word_1_205' title='bbox 1618 571 1711 591; x_wconf 82' lang='lat' dir='ltr'><strong>sermo</strong></span> 
     </span>
    </p>
   </div>
   <div class='ocr_carea' id='block_1_29' title="bbox 921 610 1709 644">
    <p class='ocr_par' dir='ltr' id='par_1_29' title="bbox 921 610 1709 644">
     <span class='ocr_line' id='line_1_29' title="bbox 921 610 1709 644; baseline 0 -8"><span class='ocrx_word' id='word_1_206' title='bbox 921 614 963 637; x_wconf 87' lang='lat' dir='ltr'><strong>est</strong></span> <span class='ocrx_word' id='word_1_207' title='bbox 979 615 1069 637; x_wconf 90' lang='lat' dir='ltr'><strong>sermo</strong></span> <span class='ocrx_word' id='word_1_208' title='bbox 1087 618 1093 637; x_wconf 92' lang='lat'>:</span> <span class='ocrx_word' id='word_1_209' title='bbox 1114 610 1232 637; x_wconf 80' lang='lat' dir='ltr'><strong>maxime</strong></span> <span class='ocrx_word' id='word_1_210' title='bbox 1252 610 1324 637; x_wconf 90' lang='lat' dir='ltr'><strong>enim</strong></span> <span class='ocrx_word' id='word_1_211' title='bbox 1344 610 1377 637; x_wconf 85' lang='lat' dir='ltr'><strong>de</strong></span> <span class='ocrx_word' id='word_1_212' title='bbox 1407 610 1452 636; x_wconf 89' lang='lat' dir='ltr'><strong>illo</strong></span> <span class='ocrx_word' id='word_1_213' title='bbox 1470 610 1520 636; x_wconf 84' lang='lat' dir='ltr'><strong>hoc</strong></span> <span class='ocrx_word' id='word_1_214' title='bbox 1538 610 1709 644; x_wconf 77' lang='lat' dir='ltr'><strong>praedicatur.</strong></span> 
     </span>
    </p>
   </div>
   <div class='ocr_carea' id='block_1_30' title="bbox 922 655 1711 691">
    <p class='ocr_par' dir='ltr' id='par_1_30' title="bbox 922 655 1711 691">
     <span class='ocr_line' id='line_1_30' title="bbox 922 655 1711 691; baseline -0.001 -8"><span class='ocrx_word' id='word_1_215' title='bbox 922 655 1051 689; x_wconf 78' lang='lat' dir='ltr'><strong>Quamvis</strong></span> <span class='ocrx_word' id='word_1_216' title='bbox 1071 657 1172 684; x_wconf 75' lang='lat' dir='ltr'><strong>exteris</strong></span> <span class='ocrx_word' id='word_1_217' title='bbox 1188 656 1356 691; x_wconf 84' lang='lat' dir='ltr'><strong>philosophis</strong></span> <span class='ocrx_word' id='word_1_218' title='bbox 1374 656 1445 684; x_wconf 89' lang='lat' dir='ltr'><strong>alius</strong></span> <span class='ocrx_word' id='word_1_219' title='bbox 1464 656 1589 682; x_wconf 88' lang='lat' dir='ltr'><strong>videatur</strong></span> <span class='ocrx_word' id='word_1_220' title='bbox 1618 662 1711 683; x_wconf 89' lang='lat' dir='ltr'><strong>sermo</strong></span> 
     </span>
    </p>
   </div>
   <div class='ocr_carea' id='block_1_31' title="bbox 921 702 1709 737">
    <p class='ocr_par' dir='ltr' id='par_1_31' title="bbox 921 702 1709 737">
     <span class='ocr_line' id='line_1_31' title="bbox 921 702 1709 737; baseline -0.003 -8"><span class='ocrx_word' id='word_1_221' title='bbox 921 707 1073 736; x_wconf 85' lang='lat' dir='ltr'><strong>conceptus</strong></span> <span class='ocrx_word' id='word_1_222' title='bbox 1103 702 1128 729; x_wconf 94' lang='lat' dir='ltr'><strong>in</strong></span> <span class='ocrx_word' id='word_1_223' title='bbox 1152 707 1243 729; x_wconf 91' lang='lat' dir='ltr'><strong>mente</strong></span> <span class='ocrx_word' id='word_1_224' title='bbox 1267 710 1346 736; x_wconf 86' lang='lat' dir='ltr'><strong>quem</strong></span> <span class='ocrx_word' id='word_1_225' title='bbox 1377 702 1571 737; x_wconf 76' lang='lat' dir='ltr'><strong>cogitationem</strong></span> <span class='ocrx_word' id='word_1_226' title='bbox 1601 704 1709 732; x_wconf 81' lang='lat' dir='ltr'><strong>voeaut,</strong></span> 
     </span>
    </p>
   </div>
   <div class='ocr_carea' id='block_1_32' title="bbox 921 746 1711 782">
    <p class='ocr_par' dir='ltr' id='par_1_32' title="bbox 921 746 1711 782">
     <span class='ocr_line' id='line_1_32' title="bbox 921 746 1711 782; baseline -0.005 -7"><span class='ocrx_word' id='word_1_227' title='bbox 921 748 992 775; x_wconf 90' lang='lat' dir='ltr'><strong>alius</strong></span> <span class='ocrx_word' id='word_1_228' title='bbox 1008 755 1071 775; x_wconf 88' lang='lat' dir='ltr'><strong>vero</strong></span> <span class='ocrx_word' id='word_1_229' title='bbox 1085 748 1209 775; x_wconf 73' lang='lat' dir='ltr'><strong>exterius</strong></span> <span class='ocrx_word' id='word_1_230' title='bbox 1221 755 1367 782; x_wconf 84' lang='lat' dir='ltr'><strong>expressus</strong></span> <span class='ocrx_word' id='word_1_231' title='bbox 1381 755 1387 780; x_wconf 87' lang='lat'>;</span> <span class='ocrx_word' id='word_1_232' title='bbox 1403 748 1429 774; x_wconf 93' lang='lat' dir='ltr'><strong>iu</strong></span> <span class='ocrx_word' id='word_1_233' title='bbox 1444 746 1557 774; x_wconf 83' lang='lat' dir='ltr'><strong>veritate</strong></span> <span class='ocrx_word' id='word_1_234' title='bbox 1571 753 1641 773; x_wconf 91' lang='lat' dir='ltr'><strong>unus</strong></span> <span class='ocrx_word' id='word_1_235' title='bbox 1658 751 1711 777; x_wconf 85' lang='lat' dir='ltr'><strong>est,</strong></span> 
     </span>
    </p>
   </div>
   <div class='ocr_carea' id='block_1_33' title="bbox 922 792 1711 829">
    <p class='ocr_par' dir='ltr' id='par_1_33' title="bbox 922 792 1711 829">
     <span class='ocr_line' id='line_1_33' title="bbox 922 792 1711 829; baseline -0.005 -8"><span class='ocrx_word' id='word_1_236' title='bbox 922 795 1090 828; x_wconf 77' lang='lat' dir='ltr'><strong>unigenitum</strong></span> <span class='ocrx_word' id='word_1_237' title='bbox 1103 793 1221 821; x_wconf 82' lang='lat' dir='ltr'><strong>Verbum</strong></span> <span class='ocrx_word' id='word_1_238' title='bbox 1234 797 1444 829; x_wconf 83' lang='lat' dir='ltr'><strong>repraesentans,</strong></span> <span class='ocrx_word' id='word_1_239' title='bbox 1456 792 1574 827; x_wconf 90' lang='lat' dir='ltr'><strong>primum</strong></span> <span class='ocrx_word' id='word_1_240' title='bbox 1585 792 1611 818; x_wconf 93' lang='lat' dir='ltr'><strong>in</strong></span> <span class='ocrx_word' id='word_1_241' title='bbox 1621 796 1711 818; x_wconf 90' lang='lat' dir='ltr'><strong>mente</strong></span> 
     </span>
    </p>
   </div>
   <div class='ocr_carea' id='block_1_34' title="bbox 71 836 868 875">
    <p class='ocr_par' dir='ltr' id='par_1_34' title="bbox 71 838 868 875">
     <span class='ocr_line' id='line_1_34' title="bbox 71 838 868 875; baseline 0.001 -10"><span class='ocrx_word' id='word_1_242' title='bbox 71 839 129 870; x_wconf 82' lang='grc' dir='ltr'><strong>ζων</strong></span> <span class='ocrx_word' id='word_1_243' title='bbox 147 839 194 865; x_wconf 75' lang='grc' dir='ltr'>τοῦ</span> <span class='ocrx_word' id='word_1_244' title='bbox 217 838 303 872; x_wconf 88' lang='grc' dir='ltr'>Λόγου</span> <span class='ocrx_word' id='word_1_245' title='bbox 318 839 368 874; x_wconf 84' lang='grc' dir='ltr'>τὴν</span> <span class='ocrx_word' id='word_1_246' title='bbox 391 839 610 874; x_wconf 80' lang='grc' dir='ltr'>ἐνανθρώπησιν.</span> <span class='ocrx_word' id='word_1_247' title='bbox 628 840 764 875; x_wconf 82' lang='grc' dir='ltr'>’Υστερον</span> <span class='ocrx_word' id='word_1_248' title='bbox 786 840 841 875; x_wconf 74' lang='grc' dir='ltr'>γὰρ</span> <span class='ocrx_word' id='word_1_249' title='bbox 854 841 868 866; x_wconf 88' lang='lat'><strong>6</strong></span> 
     </span>
    </p>
   </div>
   <div class='ocr_carea' id='block_1_35' title="bbox 926 836 1712 875">
    <p class='ocr_par' dir='ltr' id='par_1_35' title="bbox 926 836 1712 874">
     <span class='ocr_line' id='line_1_35' title="bbox 926 836 1712 874; baseline -0.006 -7"><span class='ocrx_word' id='word_1_250' title='bbox 926 846 1069 874; x_wconf 68' lang='lat' dir='ltr'><strong>conceptus</strong></span> <span class='ocrx_word' id='word_1_251' title='bbox 1080 844 1107 867; x_wconf 87' lang='lat' dir='ltr'><strong>et</strong></span> <span class='ocrx_word' id='word_1_252' title='bbox 1120 839 1290 867; x_wconf 85' lang='lat' dir='ltr'><strong>latensintus</strong></span> <span class='ocrx_word' id='word_1_253' title='bbox 1302 843 1329 865; x_wconf 89' lang='lat' dir='ltr'><strong>et</strong></span> <span class='ocrx_word' id='word_1_254' title='bbox 1339 839 1465 873; x_wconf 84' lang='lat' dir='ltr'><strong>pluribus</strong></span> <span class='ocrx_word' id='word_1_255' title='bbox 1477 838 1595 872; x_wconf 84' lang='lat' dir='ltr'><strong>ignouis,</strong></span> <span class='ocrx_word' id='word_1_256' title='bbox 1615 836 1712 863; x_wconf 82' lang='lat' dir='ltr'><strong>deinde</strong></span> 
     </span>
    </p>
   </div>
   <div class='ocr_carea' id='block_1_36' title="bbox 71 887 628 924">
    <p class='ocr_par' dir='ltr' id='par_1_36' title="bbox 71 887 628 924">
     <span class='ocr_line' id='line_1_36' title="bbox 71 887 628 924; baseline 0.004 -11"><span class='ocrx_word' id='word_1_257' title='bbox 71 887 140 918; x_wconf 78' lang='grc' dir='ltr'>Θεὸς</span> <span class='ocrx_word' id='word_1_258' title='bbox 153 887 239 921; x_wconf 80' lang='grc' dir='ltr'>Λόγος</span> <span class='ocrx_word' id='word_1_259' title='bbox 257 888 410 923; x_wconf 79' lang='grc' dir='ltr'>σαρκωθεὶς</span> <span class='ocrx_word' id='word_1_260' title='bbox 425 888 628 924; x_wconf 76' lang='grc' dir='ltr'>πεφανέρωται.</span> 
     </span>
    </p>
   </div>
   <div class='ocr_carea' id='block_1_37' title="bbox 923 885 1711 922">
    <p class='ocr_par' dir='ltr' id='par_1_37' title="bbox 923 885 1711 922">
     <span class='ocr_line' id='line_1_37' title="bbox 923 885 1711 922; baseline -0.004 -6"><span class='ocrx_word' id='word_1_261' title='bbox 923 894 1077 922; x_wconf 87' lang='lat' dir='ltr'><strong>concretus,</strong></span> <span class='ocrx_word' id='word_1_262' title='bbox 1097 894 1123 916; x_wconf 90' lang='lat' dir='ltr'><strong>et</strong></span> <span class='ocrx_word' id='word_1_263' title='bbox 1139 893 1194 916; x_wconf 93' lang='lat' dir='ltr'><strong>tum</strong></span> <span class='ocrx_word' id='word_1_264' title='bbox 1213 889 1298 919; x_wconf 86' lang='lat' dir='ltr'><strong>sonis,</strong></span> <span class='ocrx_word' id='word_1_265' title='bbox 1318 893 1374 915; x_wconf 93' lang='lat' dir='ltr'><strong>tum</strong></span> <span class='ocrx_word' id='word_1_266' title='bbox 1389 888 1488 914; x_wconf 82' lang='lat' dir='ltr'><strong>litteris</strong></span> <span class='ocrx_word' id='word_1_267' title='bbox 1509 885 1711 913; x_wconf 78' lang='lat' dir='ltr'><strong>manifestatus-</strong></span> 
     </span>
    </p>
   </div>
   <div class='ocr_carea' id='block_1_38' title="bbox 72 934 1711 970">
    <p class='ocr_par' dir='ltr' id='par_1_38' title="bbox 72 934 1711 970">
     <span class='ocr_line' id='line_1_38' title="bbox 72 934 1711 970; baseline -0.001 -11"><span class='ocrx_word' id='word_1_268' title='bbox 72 937 157 960; x_wconf 82' lang='lat' dir='ltr'><strong>sonat</strong></span> <span class='ocrx_word' id='word_1_269' title='bbox 186 934 332 966; x_wconf 56' lang='lat' dir='ltr'><strong>exterius;</strong></span> <span class='ocrx_word' id='word_1_270' title='bbox 347 938 374 961; x_wconf 86' lang='lat' dir='ltr'><strong>et</strong></span> <span class='ocrx_word' id='word_1_271' title='bbox 409 934 496 970; x_wconf 80' lang='lat' dir='ltr'><strong>pingit</strong></span> <span class='ocrx_word' id='word_1_272' title='bbox 518 934 597 962; x_wconf 88' lang='lat' dir='ltr'><strong>Verbi</strong></span> <span class='ocrx_word' id='word_1_273' title='bbox 629 935 657 962; x_wconf 89' lang='lat' dir='ltr'><strong>in</strong></span> <span class='ocrx_word' id='word_1_274' title='bbox 687 935 812 963; x_wconf 82' lang='lat' dir='ltr'><strong>humanis</strong></span> <span class='ocrx_word' id='word_1_275' title='bbox 849 936 930 963; x_wconf 85' lang='lat' dir='ltr'><strong>vitam</strong></span> <span class='ocrx_word' id='word_1_276' title='bbox 951 936 1023 970; x_wconf 89' lang='lat' dir='ltr'><strong>quod</strong></span> <span class='ocrx_word' id='word_1_277' title='bbox 1046 935 1182 970; x_wconf 86' lang='lat' dir='ltr'><strong>posterius</strong></span> <span class='ocrx_word' id='word_1_278' title='bbox 1210 935 1281 962; x_wconf 86' lang='lat' dir='ltr'><strong>Deus</strong></span> <span class='ocrx_word' id='word_1_279' title='bbox 1311 934 1427 961; x_wconf 80' lang='lat' dir='ltr'><strong>Verbum</strong></span> <span class='ocrx_word' id='word_1_280' title='bbox 1460 934 1487 960; x_wconf 95' lang='lat' dir='ltr'><strong>iu</strong></span> <span class='ocrx_word' id='word_1_281' title='bbox 1514 940 1598 960; x_wconf 86' lang='lat' dir='ltr'><strong>carne</strong></span> <span class='ocrx_word' id='word_1_282' title='bbox 1626 937 1711 967; x_wconf 75' lang='lat' dir='ltr'><strong>appa-</strong></span> 
     </span>
    </p>
   </div>
   <div class='ocr_carea' id='block_1_39' title="bbox 73 981 140 1008">
    <p class='ocr_par' dir='ltr' id='par_1_39' title="bbox 73 981 140 1008">
     <span class='ocr_line' id='line_1_39' title="bbox 73 981 140 1008; baseline -0.015 0"><span class='ocrx_word' id='word_1_283' title='bbox 73 981 140 1008; x_wconf 87' lang='lat' dir='ltr'><strong>ruit.</strong></span> 
     </span>
    </p>
   </div>
   <div class='ocr_carea' id='block_1_40' title="bbox 361 1028 585 1057">
    <p class='ocr_par' dir='ltr' id='par_1_40' title="bbox 361 1028 585 1057">
     <span class='ocr_line' id='line_1_40' title="bbox 361 1028 585 1057; baseline 0.009 -2"><span class='ocrx_word' id='word_1_284' title='bbox 361 1029 530 1056; x_wconf 83' lang='grc' dir='ltr'><strong>ΕΡΩΤΗΣΙΣ</strong></span> <span class='ocrx_word' id='word_1_285' title='bbox 550 1028 585 1057; x_wconf 90' lang='grc' dir='ltr'><strong>Ζ’.</strong></span> 
     </span>
    </p>
   </div>
   <div class='ocr_carea' id='block_1_41' title="bbox 73 1077 871 1112">
    <p class='ocr_par' dir='ltr' id='par_1_41' title="bbox 73 1077 871 1112">
     <span class='ocr_line' id='line_1_41' title="bbox 73 1077 871 1112; baseline 0.003 -8"><span class='ocrx_word' id='word_1_286' title='bbox 73 1077 167 1104; x_wconf 74' lang='grc' dir='ltr'><strong>Εἰσὶν</strong></span> <span class='ocrx_word' id='word_1_287' title='bbox 179 1078 265 1111; x_wconf 74' lang='grc' dir='ltr'>ἕτερα</span> <span class='ocrx_word' id='word_1_288' title='bbox 280 1077 462 1112; x_wconf 76' lang='grc' dir='ltr'>συστήματα</span> <span class='ocrx_word' id='word_1_289' title='bbox 478 1080 513 1104; x_wconf 82' lang='grc' dir='ltr'>ἐν</span> <span class='ocrx_word' id='word_1_290' title='bbox 529 1077 569 1110; x_wconf 85' lang='grc' dir='ltr'>τῷ</span> <span class='ocrx_word' id='word_1_291' title='bbox 595 1078 712 1112; x_wconf 85' lang='grc' dir='ltr'><strong>οὐρανῷ</strong></span> <span class='ocrx_word' id='word_1_292' title='bbox 724 1078 785 1105; x_wconf 79' lang='grc' dir='ltr'><strong>ἅνω</strong></span> <span class='ocrx_word' id='word_1_293' title='bbox 800 1078 871 1106; x_wconf 82' lang='grc' dir='ltr'><strong>ὑδά-</strong></span> 
     </span>
    </p>
   </div>
   <div class='ocr_carea' id='block_1_42' title="bbox 157 1111 800 1147">
    <p class='ocr_par' dir='ltr' id='par_1_42' title="bbox 157 1111 800 1147">
     <span class='ocr_line' id='line_1_42' title="bbox 157 1111 800 1147; baseline 0.003 -9"><span class='ocrx_word' id='word_1_294' title='bbox 157 1121 217 1139; x_wconf 83' lang='grc' dir='ltr'><strong>των</strong></span> <span class='ocrx_word' id='word_1_295' title='bbox 229 1113 309 1146; x_wconf 79' lang='grc' dir='ltr'>παρὰ</span> <span class='ocrx_word' id='word_1_296' title='bbox 323 1112 358 1139; x_wconf 83' lang='grc' dir='ltr'>τὰ</span> <span class='ocrx_word' id='word_1_297' title='bbox 375 1111 453 1139; x_wconf 80' lang='grc' dir='ltr'>κάτω</span> <span class='ocrx_word' id='word_1_298' title='bbox 467 1120 476 1145; x_wconf 85' lang='grc'><em>;</em></span> <span class='ocrx_word' id='word_1_299' title='bbox 491 1113 541 1140; x_wconf 78' lang='grc' dir='ltr'>καὶ</span> <span class='ocrx_word' id='word_1_300' title='bbox 561 1111 779 1146; x_wconf 67' lang='grc' dir='ltr'>πῶςῚστανται</span> <span class='ocrx_word' id='word_1_301' title='bbox 790 1122 800 1147; x_wconf 90' lang='lat'>;</span> 
     </span>
    </p>
   </div>
   <div class='ocr_carea' id='block_1_43' title="bbox 113 1202 872 1239">
    <p class='ocr_par' dir='ltr' id='par_1_43' title="bbox 113 1202 872 1239">
     <span class='ocr_line' id='line_1_43' title="bbox 113 1202 872 1239; baseline 0.008 -11"><span class='ocrx_word' id='word_1_302' title='bbox 113 1203 159 1234; x_wconf 71' lang='grc' dir='ltr'><strong>Εἰς</strong></span> <span class='ocrx_word' id='word_1_303' title='bbox 193 1202 242 1238; x_wconf 80' lang='grc' dir='ltr'>τὴν</span> <span class='ocrx_word' id='word_1_304' title='bbox 273 1203 391 1239; x_wconf 78' lang='grc' dir='ltr'>ἑϐδόμην</span> <span class='ocrx_word' id='word_1_305' title='bbox 417 1204 445 1230; x_wconf 81' lang='grc' dir='ltr'>δὲ</span> <span class='ocrx_word' id='word_1_306' title='bbox 475 1204 611 1239; x_wconf 81' lang='grc' dir='ltr'>ἐρώτησιν</span> <span class='ocrx_word' id='word_1_307' title='bbox 625 1205 722 1232; x_wconf 85' lang='grc' dir='ltr'>’ταῦτα</span> <span class='ocrx_word' id='word_1_308' title='bbox 741 1213 749 1221; x_wconf 77' lang='grc'><em>’</em></span> <span class='ocrx_word' id='word_1_309' title='bbox 765 1206 872 1234; x_wconf 73' lang='grc' dir='ltr'>’Υδατα</span> 
     </span>
    </p>
   </div>
   <div class='ocr_carea' id='block_1_44' title="bbox 74 1248 867 1286">
    <p class='ocr_par' dir='ltr' id='par_1_44' title="bbox 74 1248 867 1286">
     <span class='ocr_line' id='line_1_44' title="bbox 74 1248 867 1286; baseline 0.004 -10"><span class='ocrx_word' id='word_1_310' title='bbox 74 1248 206 1284; x_wconf 77' lang='grc' dir='ltr'><strong>ὑπεράνω</strong></span> <span class='ocrx_word' id='word_1_311' title='bbox 220 1248 274 1275; x_wconf 85' lang='grc' dir='ltr'>τῶν</span> <span class='ocrx_word' id='word_1_312' title='bbox 291 1249 415 1284; x_wconf 76' lang='grc' dir='ltr'>οὐρανῶν</span> <span class='ocrx_word' id='word_1_313' title='bbox 433 1250 591 1276; x_wconf 78' lang='grc' dir='ltr'><strong>πιστεύεται</strong></span> <span class='ocrx_word' id='word_1_314' title='bbox 609 1248 679 1276; x_wconf 75' lang='grc' dir='ltr'>εἶναι</span> <span class='ocrx_word' id='word_1_315' title='bbox 695 1253 752 1283; x_wconf 82' lang='grc' dir='ltr'>τοῖς</span> <span class='ocrx_word' id='word_1_316' title='bbox 765 1252 867 1286; x_wconf 81' lang='grc' dir='ltr'>ἁγίοις.</span> 
     </span>
    </p>
   </div>
   <div class='ocr_carea' id='block_1_45' title="bbox 74 1294 867 1332">
    <p class='ocr_par' dir='ltr' id='par_1_45' title="bbox 74 1294 867 1332">
     <span class='ocr_line' id='line_1_45' title="bbox 74 1294 867 1332; baseline 0.004 -11"><span class='ocrx_word' id='word_1_317' title='bbox 74 1294 132 1321; x_wconf 79' lang='grc' dir='ltr'><strong>Καὶ</strong></span> <span class='ocrx_word' id='word_1_318' title='bbox 158 1295 221 1329; x_wconf 80' lang='grc' dir='ltr'>περὶ</span> <span class='ocrx_word' id='word_1_319' title='bbox 250 1294 345 1321; x_wconf 80' lang='grc' dir='ltr'>τούτου</span> <span class='ocrx_word' id='word_1_320' title='bbox 369 1295 546 1331; x_wconf 74' lang='grc' dir='ltr'>φιλοσοφοῦσι</span> <span class='ocrx_word' id='word_1_321' title='bbox 572 1298 732 1331; x_wconf 80' lang='grc' dir='ltr'>στέργοντες</span> <span class='ocrx_word' id='word_1_322' title='bbox 758 1298 791 1324; x_wconf 73' lang='grc' dir='ltr'><strong>τὰ</strong></span> <span class='ocrx_word' id='word_1_323' title='bbox 816 1298 867 1332; x_wconf 82' lang='grc' dir='ltr'>τῆς</span> 
     </span>
    </p>
   </div>
   <div class='ocr_carea' id='block_1_46' title="bbox 74 1340 869 1379">
    <p class='ocr_par' dir='ltr' id='par_1_46' title="bbox 74 1340 869 1379">
     <span class='ocr_line' id='line_1_46' title="bbox 74 1340 869 1379; baseline 0.006 -14"><span class='ocrx_word' id='word_1_324' title='bbox 74 1340 187 1374; x_wconf 71' lang='grc' dir='ltr'>Γραφῆς</span> <span class='ocrx_word' id='word_1_325' title='bbox 200 1341 224 1367; x_wconf 80' lang='grc' dir='ltr'>οἱ</span> <span class='ocrx_word' id='word_1_326' title='bbox 245 1341 314 1375; x_wconf 74' lang='grc' dir='ltr'>ἱεροὶ</span> <span class='ocrx_word' id='word_1_327' title='bbox 331 1342 452 1376; x_wconf 78' lang='grc' dir='ltr'>Πατέρες</span> <span class='ocrx_word' id='word_1_328' title='bbox 475 1341 554 1376; x_wconf 74' lang='grc' dir='ltr'>ἡμῶν</span> <span class='ocrx_word' id='word_1_329' title='bbox 577 1342 718 1374; x_wconf 76' lang='grc' dir='ltr'>Βασίλειος</span> <span class='ocrx_word' id='word_1_330' title='bbox 733 1344 779 1370; x_wconf 73' lang='grc' dir='ltr'>καὶ</span> <span class='ocrx_word' id='word_1_331' title='bbox 796 1344 869 1379; x_wconf 77' lang='grc' dir='ltr'>Χρυ-</span> 
     </span>
    </p>
   </div>
   <div class='ocr_carea' id='block_1_47' title="bbox 76 1384 869 1423">
    <p class='ocr_par' dir='ltr' id='par_1_47' title="bbox 76 1384 869 1423">
     <span class='ocr_line' id='line_1_47' title="bbox 76 1384 869 1423; baseline 0.005 -10"><span class='ocrx_word' id='word_1_332' title='bbox 76 1387 220 1420; x_wconf 76' lang='grc' dir='ltr'>σόστομος,</span> <span class='ocrx_word' id='word_1_333' title='bbox 243 1384 284 1418; x_wconf 67' lang='grc' dir='ltr'><strong>οἷς</strong></span> <span class='ocrx_word' id='word_1_334' title='bbox 311 1387 426 1413; x_wconf 60' lang='lat' dir='ltr'><strong>Exsulat</strong></span> <span class='ocrx_word' id='word_1_335' title='bbox 452 1388 522 1422; x_wconf 77' lang='grc' dir='ltr'><strong>ὑπὲρ</strong></span> <span class='ocrx_word' id='word_1_336' title='bbox 547 1389 601 1414; x_wconf 78' lang='grc' dir='ltr'>πᾶν</span> <span class='ocrx_word' id='word_1_337' title='bbox 616 1388 680 1416; x_wconf 78' lang='grc' dir='ltr'>ἄλλο</span> <span class='ocrx_word' id='word_1_338' title='bbox 708 1390 869 1423; x_wconf 71' lang='grc' dir='ltr'>ἀναγκαῖον.</span> 
     </span>
    </p>
   </div>
   <div class='ocr_carea' id='block_1_48' title="bbox 75 1433 870 1472">
    <p class='ocr_par' dir='ltr' id='par_1_48' title="bbox 75 1433 870 1472">
     <span class='ocr_line' id='line_1_48' title="bbox 75 1433 870 1472; baseline 0.006 -14"><span class='ocrx_word' id='word_1_339' title='bbox 75 1433 156 1463; x_wconf 82' lang='grc' dir='ltr'>Τινὲς</span> <span class='ocrx_word' id='word_1_340' title='bbox 175 1433 203 1459; x_wconf 82' lang='grc' dir='ltr'>δὲ</span> <span class='ocrx_word' id='word_1_341' title='bbox 221 1433 269 1460; x_wconf 81' lang='grc' dir='ltr'>καὶ</span> <span class='ocrx_word' id='word_1_342' title='bbox 281 1433 365 1460; x_wconf 73' lang='grc' dir='ltr'>ὕδατα</span> <span class='ocrx_word' id='word_1_343' title='bbox 381 1434 508 1468; x_wconf 78' lang='grc' dir='ltr'>ὑπεράνω</span> <span class='ocrx_word' id='word_1_344' title='bbox 522 1434 577 1461; x_wconf 85' lang='grc' dir='ltr'><strong>τῶν</strong></span> <span class='ocrx_word' id='word_1_345' title='bbox 598 1435 722 1470; x_wconf 79' lang='grc' dir='ltr'>οὐρανῶν</span> <span class='ocrx_word' id='word_1_346' title='bbox 752 1436 802 1468; x_wconf 81' lang='grc' dir='ltr'><strong>τὰς</strong></span> <span class='ocrx_word' id='word_1_347' title='bbox 818 1436 870 1472; x_wconf 74' lang='grc' dir='ltr'><strong>ἀγα</strong></span> 
     </span>
    </p>
   </div>
   <div class='ocr_carea' id='block_1_49' title="bbox 76 1479 870 1517">
    <p class='ocr_par' dir='ltr' id='par_1_49' title="bbox 76 1479 870 1517">
     <span class='ocr_line' id='line_1_49' title="bbox 76 1479 870 1517; baseline 0.005 -13"><span class='ocrx_word' id='word_1_348' title='bbox 76 1479 191 1512; x_wconf 78' lang='grc' dir='ltr'>γελικὰς</span> <span class='ocrx_word' id='word_1_349' title='bbox 211 1479 303 1506; x_wconf 75' lang='grc' dir='ltr'>νοοῦσι</span> <span class='ocrx_word' id='word_1_350' title='bbox 331 1480 470 1514; x_wconf 82' lang='grc' dir='ltr'>δυνάμεις.</span> <span class='ocrx_word' id='word_1_351' title='bbox 484 1480 522 1512; x_wconf 87' lang='grc' dir='ltr'>ὼς</span> <span class='ocrx_word' id='word_1_352' title='bbox 540 1480 679 1516; x_wconf 82' lang='grc' dir='ltr'>Πνεύματι</span> <span class='ocrx_word' id='word_1_353' title='bbox 703 1482 870 1517; x_wconf 76' lang='grc' dir='ltr'>κινουμένας</span> 
     </span>
    </p>
   </div>
   <div class='ocr_carea' id='block_1_50' title="bbox 75 1524 866 1563">
    <p class='ocr_par' dir='ltr' id='par_1_50' title="bbox 75 1524 866 1563">
     <span class='ocr_line' id='line_1_50' title="bbox 75 1524 866 1563; baseline 0.006 -13"><span class='ocrx_word' id='word_1_354' title='bbox 75 1524 157 1557; x_wconf 83' lang='grc' dir='ltr'>ἁγίῳ,</span> <span class='ocrx_word' id='word_1_355' title='bbox 172 1524 220 1550; x_wconf 82' lang='grc' dir='ltr'>καὶ</span> <span class='ocrx_word' id='word_1_356' title='bbox 230 1524 272 1555; x_wconf 85' lang='grc' dir='ltr'><strong>ὠς·</strong></span> <span class='ocrx_word' id='word_1_357' title='bbox 279 1524 393 1560; x_wconf 73' lang='grc' dir='ltr'>πλήρεις</span> <span class='ocrx_word' id='word_1_358' title='bbox 404 1526 483 1558; x_wconf 77' lang='grc' dir='ltr'>ἁγίου</span> <span class='ocrx_word' id='word_1_359' title='bbox 494 1526 660 1560; x_wconf 79' lang='grc' dir='ltr'>ιΙνεὺματος,</span> <span class='ocrx_word' id='word_1_360' title='bbox 676 1528 718 1554; x_wconf 80' lang='grc' dir='ltr'>ὅτι</span> <span class='ocrx_word' id='word_1_361' title='bbox 730 1529 777 1554; x_wconf 79' lang='grc' dir='ltr'>καὶ</span> <span class='ocrx_word' id='word_1_362' title='bbox 793 1528 866 1563; x_wconf 83' lang='grc' dir='ltr'>ὕδωρ</span> 
     </span>
    </p>
   </div>
   <div class='ocr_carea' id='block_1_51' title="bbox 74 1569 869 1607">
    <p class='ocr_par' dir='ltr' id='par_1_51' title="bbox 74 1569 869 1607">
     <span class='ocr_line' id='line_1_51' title="bbox 74 1569 869 1607; baseline 0.006 -12"><span class='ocrx_word' id='word_1_363' title='bbox 74 1569 106 1595; x_wconf 76' lang='grc' dir='ltr'>τὸ</span> <span class='ocrx_word' id='word_1_364' title='bbox 121 1569 234 1604; x_wconf 77' lang='grc' dir='ltr'>Πνεῦμα</span> <span class='ocrx_word' id='word_1_365' title='bbox 256 1569 378 1596; x_wconf 80' lang='grc' dir='ltr'>καλεῖται</span> <span class='ocrx_word' id='word_1_366' title='bbox 404 1570 433 1596; x_wconf 81' lang='grc' dir='ltr'>τὸ</span> <span class='ocrx_word' id='word_1_367' title='bbox 457 1571 545 1604; x_wconf 78' lang='grc' dir='ltr'>ἅγιον.</span> <span class='ocrx_word' id='word_1_368' title='bbox 571 1571 686 1599; x_wconf 83' lang='grc' dir='ltr'>’Λπλοῠν</span> <span class='ocrx_word' id='word_1_369' title='bbox 710 1573 759 1607; x_wconf 81' lang='grc' dir='ltr'>μὲν</span> <span class='ocrx_word' id='word_1_370' title='bbox 777 1573 869 1600; x_wconf 60' lang='lat' dir='ltr'><strong>ﬂuxa!</strong></span> 
     </span>
    </p>
   </div>
   <div class='ocr_carea' id='block_1_52' title="bbox 1194 1026 1440 1060">
    <p class='ocr_par' dir='ltr' id='par_1_52' title="bbox 1194 1026 1440 1060">
     <span class='ocr_line' id='line_1_52' title="bbox 1194 1026 1440 1060; baseline -0.008 -6"><span class='ocrx_word' id='word_1_371' title='bbox 1194 1026 1357 1060; x_wconf 70' lang='lat' dir='ltr'><strong>QU/ES&#39;l’lO</strong></span> <span class='ocrx_word' id='word_1_372' title='bbox 1386 1026 1440 1053; x_wconf 80' lang='lat' dir='ltr'><strong>VII.</strong></span> 
     </span>
    </p>
   </div>
   <div class='ocr_carea' id='block_1_53' title="bbox 922 1073 1710 1109">
    <p class='ocr_par' dir='ltr' id='par_1_53' title="bbox 922 1073 1710 1109">
     <span class='ocr_line' id='line_1_53' title="bbox 922 1073 1710 1109; baseline -0.004 -8"><span class='ocrx_word' id='word_1_373' title='bbox 922 1073 995 1102; x_wconf 83' lang='lat' dir='ltr'><strong>Nunt</strong></span> <span class='ocrx_word' id='word_1_374' title='bbox 1020 1080 1115 1109; x_wconf 75' lang='lat' dir='ltr'><strong>prteter</strong></span> <span class='ocrx_word' id='word_1_375' title='bbox 1139 1074 1279 1107; x_wconf 80' lang='lat' dir='ltr'><strong>inferiores</strong></span> <span class='ocrx_word' id='word_1_376' title='bbox 1300 1082 1383 1108; x_wconf 81' lang='lat' dir='ltr'><strong>aquas</strong></span> <span class='ocrx_word' id='word_1_377' title='bbox 1410 1074 1464 1100; x_wconf 83' lang='lat' dir='ltr'><strong>sint</strong></span> <span class='ocrx_word' id='word_1_378' title='bbox 1488 1073 1544 1100; x_wconf 85' lang='lat' dir='ltr'><strong>alia</strong></span> <span class='ocrx_word' id='word_1_379' title='bbox 1566 1076 1710 1109; x_wconf 61' lang='lat' dir='ltr'><strong>sysleinota</strong></span> 
     </span>
    </p>
   </div>
   <div class='ocr_carea' id='block_1_54' title="bbox 955 1107 1712 1145">
    <p class='ocr_par' dir='ltr' id='par_1_54' title="bbox 955 1107 1712 1145">
     <span class='ocr_line' id='line_1_54' title="bbox 955 1107 1712 1145; baseline -0.003 -9"><span class='ocrx_word' id='word_1_380' title='bbox 955 1107 1087 1145; x_wconf 66' lang='lat' dir='ltr'><strong>aquarum</strong></span> <span class='ocrx_word' id='word_1_381' title='bbox 1103 1107 1343 1143; x_wconf 73' lang='lat' dir='ltr'><strong>suprucwlestiunt.</strong></span> <span class='ocrx_word' id='word_1_382' title='bbox 1362 1115 1386 1135; x_wconf 78' lang='lat' dir='ltr'><strong>et</strong></span> <span class='ocrx_word' id='word_1_383' title='bbox 1412 1109 1542 1143; x_wconf 83' lang='lat' dir='ltr'><strong>quomoda</strong></span> <span class='ocrx_word' id='word_1_384' title='bbox 1555 1107 1608 1135; x_wconf 73' lang='lat' dir='ltr'><strong>illa:</strong></span> <span class='ocrx_word' id='word_1_385' title='bbox 1622 1107 1712 1134; x_wconf 70' lang='lat' dir='ltr'><strong>subsi-</strong></span> 
     </span>
    </p>
   </div>
   <div class='ocr_carea' id='block_1_55' title="bbox 957 1146 1050 1172">
    <p class='ocr_par' dir='ltr' id='par_1_55' title="bbox 957 1146 1050 1172">
     <span class='ocr_line' id='line_1_55' title="bbox 957 1146 1050 1172; baseline 0.011 -1"><span class='ocrx_word' id='word_1_386' title='bbox 957 1151 1028 1172; x_wconf 78' lang='lat' dir='ltr'><strong>stant</strong></span> <span class='ocrx_word' id='word_1_387' title='bbox 1037 1146 1050 1172; x_wconf 74' lang='grc' dir='ltr'><strong>ἔ)</strong></span> 
     </span>
    </p>
   </div>
   <div class='ocr_carea' id='block_1_56' title="bbox 956 1199 1711 1236">
    <p class='ocr_par' dir='ltr' id='par_1_56' title="bbox 956 1199 1711 1236">
     <span class='ocr_line' id='line_1_56' title="bbox 956 1199 1711 1236; baseline -0.001 -9"><span class='ocrx_word' id='word_1_388' title='bbox 956 1201 1018 1228; x_wconf 55' lang='lat' dir='ltr'><strong>Haec</strong></span> <span class='ocrx_word' id='word_1_389' title='bbox 1034 1201 1067 1228; x_wconf 89' lang='lat' dir='ltr'><strong>ad</strong></span> <span class='ocrx_word' id='word_1_390' title='bbox 1080 1201 1222 1236; x_wconf 78' lang='lat' dir='ltr'><strong>septimam</strong></span> <span class='ocrx_word' id='word_1_391' title='bbox 1236 1200 1415 1235; x_wconf 81' lang='lat' dir='ltr'><strong>quaestionem</strong></span> <span class='ocrx_word' id='word_1_392' title='bbox 1430 1207 1438 1226; x_wconf 87' lang='lat'><strong>:</strong></span> <span class='ocrx_word' id='word_1_393' title='bbox 1453 1199 1606 1234; x_wconf 87' lang='lat' dir='ltr'><strong>Opinautur</strong></span> <span class='ocrx_word' id='word_1_394' title='bbox 1623 1199 1711 1227; x_wconf 83' lang='lat' dir='ltr'><strong>sancti</strong></span> 
     </span>
    </p>
   </div>
   <div class='ocr_carea' id='block_1_57' title="bbox 925 1245 1707 1281">
    <p class='ocr_par' dir='ltr' id='par_1_57' title="bbox 925 1245 1707 1281">
     <span class='ocr_line' id='line_1_57' title="bbox 925 1245 1707 1281; baseline -0.001 -8"><span class='ocrx_word' id='word_1_395' title='bbox 925 1254 1013 1281; x_wconf 86' lang='lat' dir='ltr'><strong>aquas</strong></span> <span class='ocrx_word' id='word_1_396' title='bbox 1033 1253 1094 1273; x_wconf 81' lang='lat' dir='ltr'><strong>esse</strong></span> <span class='ocrx_word' id='word_1_397' title='bbox 1131 1249 1249 1281; x_wconf 84' lang='lat' dir='ltr'><strong>desuper</strong></span> <span class='ocrx_word' id='word_1_398' title='bbox 1263 1246 1396 1273; x_wconf 63' lang='lat' dir='ltr'><strong>caelorum</strong></span> <span class='ocrx_word' id='word_1_399' title='bbox 1410 1256 1416 1273; x_wconf 85' lang='lat'><strong>:</strong></span> <span class='ocrx_word' id='word_1_400' title='bbox 1431 1253 1485 1279; x_wconf 89' lang='lat' dir='ltr'><strong>quo</strong></span> <span class='ocrx_word' id='word_1_401' title='bbox 1498 1245 1531 1273; x_wconf 81' lang='lat' dir='ltr'><strong>de</strong></span> <span class='ocrx_word' id='word_1_402' title='bbox 1544 1249 1707 1281; x_wconf 81' lang='lat' dir='ltr'><strong>argumento</strong></span> 
     </span>
    </p>
   </div>
   <div class='ocr_carea' id='block_1_58' title="bbox 922 1290 1712 1326">
    <p class='ocr_par' dir='ltr' id='par_1_58' title="bbox 922 1290 1712 1326">
     <span class='ocr_line' id='line_1_58' title="bbox 922 1290 1712 1326; baseline -0.003 -6"><span class='ocrx_word' id='word_1_403' title='bbox 922 1291 1072 1323; x_wconf 70' lang='lat' dir='ltr'><strong>Scriptura:</strong></span> <span class='ocrx_word' id='word_1_404' title='bbox 1085 1300 1170 1320; x_wconf 70' lang='lat' dir='ltr'><strong>sacra:</strong></span> <span class='ocrx_word' id='word_1_405' title='bbox 1186 1292 1341 1319; x_wconf 89' lang='lat' dir='ltr'><strong>assentiunt</strong></span> <span class='ocrx_word' id='word_1_406' title='bbox 1367 1291 1541 1326; x_wconf 85' lang='lat' dir='ltr'><strong>disputantes</strong></span> <span class='ocrx_word' id='word_1_407' title='bbox 1565 1299 1580 1318; x_wconf 89' lang='lat' dir='ltr'><strong>e</strong></span> <span class='ocrx_word' id='word_1_408' title='bbox 1608 1290 1712 1319; x_wconf 89' lang='lat' dir='ltr'><strong>sanctis</strong></span> 
     </span>
    </p>
   </div>
   <div class='ocr_carea' id='block_1_59' title="bbox 921 1338 1705 1373">
    <p class='ocr_par' dir='ltr' id='par_1_59' title="bbox 921 1338 1705 1373">
     <span class='ocr_line' id='line_1_59' title="bbox 921 1338 1705 1373; baseline 0.001 -8"><span class='ocrx_word' id='word_1_409' title='bbox 921 1339 1025 1366; x_wconf 84' lang='lat' dir='ltr'><strong>nostris</strong></span> <span class='ocrx_word' id='word_1_410' title='bbox 1042 1339 1167 1365; x_wconf 82' lang='lat' dir='ltr'><strong>Patribus</strong></span> <span class='ocrx_word' id='word_1_411' title='bbox 1196 1338 1312 1365; x_wconf 84' lang='lat' dir='ltr'><strong>Basilius</strong></span> <span class='ocrx_word' id='word_1_412' title='bbox 1336 1342 1363 1365; x_wconf 91' lang='lat' dir='ltr'><strong>et</strong></span> <span class='ocrx_word' id='word_1_413' title='bbox 1387 1338 1610 1372; x_wconf 87' lang='lat' dir='ltr'><strong>Chrysostomus,</strong></span> <span class='ocrx_word' id='word_1_414' title='bbox 1642 1339 1705 1373; x_wconf 88' lang='lat' dir='ltr'><strong>qui-</strong></span> 
     </span>
    </p>
   </div>
   <div class='ocr_carea' id='block_1_60' title="bbox 921 1384 1702 1418">
    <p class='ocr_par' dir='ltr' id='par_1_60' title="bbox 921 1384 1702 1418">
     <span class='ocr_line' id='line_1_60' title="bbox 921 1384 1702 1418; baseline 0 -7"><span class='ocrx_word' id='word_1_415' title='bbox 921 1385 972 1411; x_wconf 87' lang='lat' dir='ltr'><strong>bus</strong></span> <span class='ocrx_word' id='word_1_416' title='bbox 1000 1384 1108 1411; x_wconf 88' lang='lat' dir='ltr'><strong>videtur</strong></span> <span class='ocrx_word' id='word_1_417' title='bbox 1129 1391 1242 1411; x_wconf 80' lang='lat' dir='ltr'><strong>necesse</strong></span> <span class='ocrx_word' id='word_1_418' title='bbox 1273 1390 1358 1418; x_wconf 85' lang='lat' dir='ltr'><strong>aquas</strong></span> <span class='ocrx_word' id='word_1_419' title='bbox 1404 1391 1464 1410; x_wconf 84' lang='lat' dir='ltr'><strong>esse</strong></span> <span class='ocrx_word' id='word_1_420' title='bbox 1501 1391 1583 1418; x_wconf 87' lang='lat' dir='ltr'><strong>super</strong></span> <span class='ocrx_word' id='word_1_421' title='bbox 1620 1391 1702 1411; x_wconf 84' lang='lat' dir='ltr'><strong>omne</strong></span> 
     </span>
    </p>
   </div>
   <div class='ocr_carea' id='block_1_61' title="bbox 921 1428 1710 1464">
    <p class='ocr_par' dir='ltr' id='par_1_61' title="bbox 921 1428 1710 1464">
     <span class='ocr_line' id='line_1_61' title="bbox 921 1428 1710 1464; baseline 0.001 -8"><span class='ocrx_word' id='word_1_422' title='bbox 921 1429 1006 1457; x_wconf 85' lang='lat' dir='ltr'><strong>aliud.</strong></span> <span class='ocrx_word' id='word_1_423' title='bbox 1027 1428 1144 1462; x_wconf 80' lang='lat' dir='ltr'><strong>Quidam</strong></span> <span class='ocrx_word' id='word_1_424' title='bbox 1160 1436 1248 1464; x_wconf 85' lang='lat' dir='ltr'><strong>aquas</strong></span> <span class='ocrx_word' id='word_1_425' title='bbox 1272 1437 1338 1464; x_wconf 64' lang='lat' dir='ltr'><strong>quae</strong></span> <span class='ocrx_word' id='word_1_426' title='bbox 1353 1433 1419 1456; x_wconf 89' lang='lat' dir='ltr'><strong>sunt</strong></span> <span class='ocrx_word' id='word_1_427' title='bbox 1441 1429 1558 1464; x_wconf 82' lang='lat' dir='ltr'><strong>desuper</strong></span> <span class='ocrx_word' id='word_1_428' title='bbox 1578 1430 1710 1457; x_wconf 62' lang='lat' dir='ltr'><strong>caelorqu</strong></span> 
     </span>
    </p>
   </div>
   <div class='ocr_carea' id='block_1_62' title="bbox 924 1469 1711 1510">
    <p class='ocr_par' dir='ltr' id='par_1_62' title="bbox 924 1469 1711 1510">
     <span class='ocr_line' id='line_1_62' title="bbox 924 1469 1711 1510; baseline 0.003 -8"><span class='ocrx_word' id='word_1_429' title='bbox 924 1476 1061 1510; x_wconf 80' lang='lat' dir='ltr'><strong>angelicas</strong></span> <span class='ocrx_word' id='word_1_430' title='bbox 1078 1479 1225 1502; x_wconf 86' lang='lat' dir='ltr'><strong>autumant</strong></span> <span class='ocrx_word' id='word_1_431' title='bbox 1248 1469 1316 1503; x_wconf 49' lang='lat' dir='ltr'><strong>‘esse</strong></span> <span class='ocrx_word' id='word_1_432' title='bbox 1350 1475 1475 1508; x_wconf 87' lang='lat' dir='ltr'><strong>virtutes,</strong></span> <span class='ocrx_word' id='word_1_433' title='bbox 1504 1476 1595 1510; x_wconf 88' lang='lat' dir='ltr'><strong>quiaa</strong></span> <span class='ocrx_word' id='word_1_434' title='bbox 1616 1481 1711 1504; x_wconf 86' lang='lat' dir='ltr'><strong>sancto</strong></span> 
     </span>
    </p>
   </div>
   <div class='ocr_carea' id='block_1_63' title="bbox 921 1521 1710 1557">
    <p class='ocr_par' dir='ltr' id='par_1_63' title="bbox 921 1521 1710 1557">
     <span class='ocr_line' id='line_1_63' title="bbox 921 1521 1710 1557; baseline 0.001 -8"><span class='ocrx_word' id='word_1_435' title='bbox 921 1521 1022 1557; x_wconf 89' lang='lat' dir='ltr'><strong>Spiritu</strong></span> <span class='ocrx_word' id='word_1_436' title='bbox 1039 1525 1182 1549; x_wconf 87' lang='lat' dir='ltr'><strong>moventur</strong></span> <span class='ocrx_word' id='word_1_437' title='bbox 1193 1526 1221 1549; x_wconf 89' lang='lat' dir='ltr'><strong>et</strong></span> <span class='ocrx_word' id='word_1_438' title='bbox 1233 1521 1296 1556; x_wconf 91' lang='lat' dir='ltr'><strong>quia</strong></span> <span class='ocrx_word' id='word_1_439' title='bbox 1313 1521 1415 1557; x_wconf 91' lang='lat' dir='ltr'><strong>Spiritu</strong></span> <span class='ocrx_word' id='word_1_440' title='bbox 1431 1521 1525 1550; x_wconf 91' lang='lat' dir='ltr'><strong>eodem</strong></span> <span class='ocrx_word' id='word_1_441' title='bbox 1539 1525 1602 1549; x_wconf 86' lang='lat' dir='ltr'><strong>sunt</strong></span> <span class='ocrx_word' id='word_1_442' title='bbox 1613 1522 1710 1557; x_wconf 66' lang='lat' dir='ltr'><strong>plenae.</strong></span> 
     </span>
    </p>
   </div>
   <div class='ocr_carea' id='block_1_64' title="bbox 921 1568 1708 1604">
    <p class='ocr_par' dir='ltr' id='par_1_64' title="bbox 921 1568 1708 1604">
     <span class='ocr_line' id='line_1_64' title="bbox 921 1568 1708 1604; baseline 0 -8"><span class='ocrx_word' id='word_1_443' title='bbox 921 1574 950 1596; x_wconf 89' lang='lat' dir='ltr'><strong>et</strong></span> <span class='ocrx_word' id='word_1_444' title='bbox 991 1569 1055 1603; x_wconf 86' lang='lat' dir='ltr'><strong>quia</strong></span> <span class='ocrx_word' id='word_1_445' title='bbox 1091 1568 1205 1604; x_wconf 90' lang='lat' dir='ltr'><strong>insuper</strong></span> <span class='ocrx_word' id='word_1_446' title='bbox 1241 1575 1311 1603; x_wconf 89' lang='lat' dir='ltr'><strong>aqua</strong></span> <span class='ocrx_word' id='word_1_447' title='bbox 1356 1568 1457 1595; x_wconf 92' lang='lat' dir='ltr'><strong>dicitur</strong></span> <span class='ocrx_word' id='word_1_448' title='bbox 1490 1568 1609 1602; x_wconf 83' lang='lat' dir='ltr'><strong>Spiritus</strong></span> <span class='ocrx_word' id='word_1_449' title='bbox 1643 1577 1708 1597; x_wconf 83' lang='lat' dir='ltr'><strong>san-</strong></span> 
     </span>
    </p>
   </div>
   <div class='ocr_carea' id='block_1_65' title="bbox 76 1612 868 1656">
    <p class='ocr_par' dir='ltr' id='par_1_65' title="bbox 76 1614 868 1653">
     <span class='ocr_line' id='line_1_65' title="bbox 76 1614 868 1653; baseline 0.005 -13"><span class='ocrx_word' id='word_1_450' title='bbox 76 1615 108 1641; x_wconf 78' lang='grc' dir='ltr'><strong>τδ</strong></span> <span class='ocrx_word' id='word_1_451' title='bbox 124 1614 190 1640; x_wconf 75' lang='grc' dir='ltr'>αὐτὸ</span> <span class='ocrx_word' id='word_1_452' title='bbox 204 1615 251 1641; x_wconf 79' lang='grc' dir='ltr'>καὶ</span> <span class='ocrx_word' id='word_1_453' title='bbox 267 1615 308 1647; x_wconf 79' lang='grc' dir='ltr'>ἓν,</span> <span class='ocrx_word' id='word_1_454' title='bbox 320 1614 357 1646; x_wconf 86' lang='grc' dir='ltr'>ὥς</span> <span class='ocrx_word' id='word_1_455' title='bbox 370 1624 435 1650; x_wconf 67' lang='grc' dir='ltr'>φησι</span> <span class='ocrx_word' id='word_1_456' title='bbox 453 1616 566 1650; x_wconf 77' lang='grc' dir='ltr'>Παῦλος,</span> <span class='ocrx_word' id='word_1_457' title='bbox 583 1617 691 1652; x_wconf 80' lang='grc' dir='ltr'>ἑκάστῳ</span> <span class='ocrx_word' id='word_1_458' title='bbox 705 1618 733 1645; x_wconf 80' lang='grc' dir='ltr'>δὲ</span> <span class='ocrx_word' id='word_1_459' title='bbox 748 1618 868 1653; x_wconf 77' lang='grc' dir='ltr'>διαιροῦν</span> 
     </span>
    </p>
   </div>
   <div class='ocr_carea' id='block_1_66' title="bbox 926 1612 1709 1656">
    <p class='ocr_par' dir='ltr' id='par_1_66' title="bbox 926 1612 1709 1649">
     <span class='ocr_line' id='line_1_66' title="bbox 926 1612 1709 1649; baseline 0 -8"><span class='ocrx_word' id='word_1_460' title='bbox 926 1619 997 1642; x_wconf 90' lang='lat' dir='ltr'><strong>etus.</strong></span> <span class='ocrx_word' id='word_1_461' title='bbox 1019 1614 1137 1648; x_wconf 81' lang='lat' dir='ltr'><strong>Spiritus</strong></span> <span class='ocrx_word' id='word_1_462' title='bbox 1166 1614 1275 1649; x_wconf 86' lang='lat' dir='ltr'><strong>quidem</strong></span> <span class='ocrx_word' id='word_1_463' title='bbox 1309 1612 1420 1641; x_wconf 80' lang='lat' dir='ltr'><strong>sanctus</strong></span> <span class='ocrx_word' id='word_1_464' title='bbox 1442 1614 1554 1649; x_wconf 85' lang='lat' dir='ltr'><strong>simplex</strong></span> <span class='ocrx_word' id='word_1_465' title='bbox 1573 1619 1599 1642; x_wconf 90' lang='lat' dir='ltr'><strong>et</strong></span> <span class='ocrx_word' id='word_1_466' title='bbox 1627 1623 1709 1648; x_wconf 85' lang='lat' dir='ltr'><strong>untts,</strong></span> 
     </span>
    </p>
   </div>
   <div class='ocr_carea' id='block_1_67' title="bbox 74 1662 869 1700">
    <p class='ocr_par' dir='ltr' id='par_1_67' title="bbox 74 1662 869 1700">
     <span class='ocr_line' id='line_1_67' title="bbox 74 1662 869 1700; baseline 0.005 -13"><span class='ocrx_word' id='word_1_467' title='bbox 74 1662 109 1688; x_wconf 81' lang='grc' dir='ltr'>τὰ</span> <span class='ocrx_word' id='word_1_468' title='bbox 125 1663 293 1696; x_wconf 74' lang='grc' dir='ltr'>χαρίσματα,</span> <span class='ocrx_word' id='word_1_469' title='bbox 309 1662 347 1694; x_wconf 84' lang='grc' dir='ltr'>ὡς</span> <span class='ocrx_word' id='word_1_470' title='bbox 371 1663 459 1689; x_wconf 80' lang='grc' dir='ltr'>καὶτὸ</span> <span class='ocrx_word' id='word_1_471' title='bbox 474 1662 546 1698; x_wconf 80' lang='grc' dir='ltr'>ὕδωρ</span> <span class='ocrx_word' id='word_1_472' title='bbox 563 1664 686 1698; x_wconf 84' lang='grc' dir='ltr'>ὑπάρχον</span> <span class='ocrx_word' id='word_1_473' title='bbox 702 1663 742 1697; x_wconf 81' lang='grc' dir='ltr'>ἐν,</span> <span class='ocrx_word' id='word_1_474' title='bbox 755 1665 869 1700; x_wconf 75' lang='grc' dir='ltr'>ἑκάστῳ</span> 
     </span>
    </p>
   </div>
   <div class='ocr_carea' id='block_1_68' title="bbox 75 1708 870 1744">
    <p class='ocr_par' dir='ltr' id='par_1_68' title="bbox 75 1708 870 1744">
     <span class='ocr_line' id='line_1_68' title="bbox 75 1708 870 1744; baseline 0.006 -12"><span class='ocrx_word' id='word_1_475' title='bbox 75 1708 129 1733; x_wconf 74' lang='grc' dir='ltr'><strong>τῶν</strong></span> <span class='ocrx_word' id='word_1_476' title='bbox 153 1708 258 1742; x_wconf 80' lang='grc' dir='ltr'>φυτῶν,</span> <span class='ocrx_word' id='word_1_477' title='bbox 280 1709 326 1733; x_wconf 70' lang='grc' dir='ltr'>καὶ</span> <span class='ocrx_word' id='word_1_478' title='bbox 346 1708 449 1744; x_wconf 73' lang='grc' dir='ltr'>ἑκάστῃ</span> <span class='ocrx_word' id='word_1_479' title='bbox 477 1709 532 1735; x_wconf 83' lang='grc' dir='ltr'>τῶν</span> <span class='ocrx_word' id='word_1_480' title='bbox 548 1709 668 1744; x_wconf 83' lang='grc' dir='ltr'>βοτανῶν</span> <span class='ocrx_word' id='word_1_481' title='bbox 686 1710 755 1737; x_wconf 80' lang='grc' dir='ltr'>ἰδίαν</span> <span class='ocrx_word' id='word_1_482' title='bbox 782 1710 870 1744; x_wconf 76' lang='grc' dir='ltr'>παρέ-</span> 
     </span>
    </p>
   </div>
   <div class='ocr_carea' id='block_1_69' title="bbox 76 1754 869 1790">
    <p class='ocr_par' dir='ltr' id='par_1_69' title="bbox 76 1754 869 1790">
     <span class='ocr_line' id='line_1_69' title="bbox 76 1754 869 1790; baseline 0.006 -11"><span class='ocrx_word' id='word_1_483' title='bbox 76 1762 119 1788; x_wconf 81' lang='grc' dir='ltr'>χει</span> <span class='ocrx_word' id='word_1_484' title='bbox 136 1754 207 1780; x_wconf 74' lang='grc' dir='ltr'>κατὰ</span> <span class='ocrx_word' id='word_1_485' title='bbox 223 1755 273 1788; x_wconf 79' lang='grc' dir='ltr'>τὴν</span> <span class='ocrx_word' id='word_1_486' title='bbox 288 1754 369 1788; x_wconf 81' lang='grc' dir='ltr'>φύσιν</span> <span class='ocrx_word' id='word_1_487' title='bbox 389 1754 440 1789; x_wconf 81' lang='grc' dir='ltr'><strong>τὴν</strong></span> <span class='ocrx_word' id='word_1_488' title='bbox 453 1754 568 1790; x_wconf 83' lang='grc' dir='ltr'>δύναμιν</span> <span class='ocrx_word' id='word_1_489' title='bbox 581 1756 627 1782; x_wconf 82' lang='grc' dir='ltr'>καὶ</span> <span class='ocrx_word' id='word_1_490' title='bbox 641 1756 792 1790; x_wconf 75' lang='grc' dir='ltr'>ἐνέργειαν.</span> <span class='ocrx_word' id='word_1_491' title='bbox 814 1758 869 1784; x_wconf 73' lang='lat' dir='ltr'><strong>Kal.</strong></span> 
     </span>
    </p>
   </div>
   <div class='ocr_carea' id='block_1_70' title="bbox 77 1799 870 1836">
    <p class='ocr_par' dir='ltr' id='par_1_70' title="bbox 77 1799 870 1836">
     <span class='ocr_line' id='line_1_70' title="bbox 77 1799 870 1836; baseline 0.005 -11"><span class='ocrx_word' id='word_1_492' title='bbox 77 1800 142 1834; x_wconf 75' lang='grc' dir='ltr'>περὶ</span> <span class='ocrx_word' id='word_1_493' title='bbox 154 1799 248 1826; x_wconf 74' lang='grc' dir='ltr'>τούτου</span> <span class='ocrx_word' id='word_1_494' title='bbox 258 1799 330 1826; x_wconf 81' lang='grc' dir='ltr'>οὓτω</span> <span class='ocrx_word' id='word_1_495' title='bbox 342 1801 431 1834; x_wconf 67' lang='grc' dir='ltr'>σοφῶς</span> <span class='ocrx_word' id='word_1_496' title='bbox 443 1801 455 1826; x_wconf 86' lang='lat'><strong>6</strong></span> <span class='ocrx_word' id='word_1_497' title='bbox 467 1801 553 1835; x_wconf 78' lang='grc' dir='ltr'>μέγας</span> <span class='ocrx_word' id='word_1_498' title='bbox 564 1802 630 1834; x_wconf 71' lang='grc' dir='ltr'>φησι</span> <span class='ocrx_word' id='word_1_499' title='bbox 641 1802 778 1836; x_wconf 59' lang='grc' dir='ltr'>Μάξιμον</span> <span class='ocrx_word' id='word_1_500' title='bbox 791 1803 870 1829; x_wconf 80' lang='grc' dir='ltr'>Ἐτε-</span> 
     </span>
    </p>
   </div>
   <div class='ocr_carea' id='block_1_71' title="bbox 76 1846 870 1881">
    <p class='ocr_par' dir='ltr' id='par_1_71' title="bbox 76 1846 870 1881">
     <span class='ocr_line' id='line_1_71' title="bbox 76 1846 870 1881; baseline 0.005 -10"><span class='ocrx_word' id='word_1_501' title='bbox 76 1855 118 1880; x_wconf 89' lang='grc' dir='ltr'><strong>ροι</strong></span> <span class='ocrx_word' id='word_1_502' title='bbox 135 1846 163 1872; x_wconf 78' lang='grc' dir='ltr'>δὲ</span> <span class='ocrx_word' id='word_1_503' title='bbox 178 1846 208 1872; x_wconf 81' lang='grc' dir='ltr'>τὸ</span> <span class='ocrx_word' id='word_1_504' title='bbox 225 1846 268 1872; x_wconf 82' lang='grc' dir='ltr'>διὰ</span> <span class='ocrx_word' id='word_1_505' title='bbox 289 1846 343 1872; x_wconf 82' lang='grc' dir='ltr'>τῶν</span> <span class='ocrx_word' id='word_1_506' title='bbox 358 1846 478 1880; x_wconf 80' lang='grc' dir='ltr'>νεφελῶν</span> <span class='ocrx_word' id='word_1_507' title='bbox 492 1846 565 1881; x_wconf 77' lang='grc' dir='ltr'>ὕδωρ</span> <span class='ocrx_word' id='word_1_508' title='bbox 584 1847 708 1881; x_wconf 83' lang='grc' dir='ltr'>λέγουσιν</span> <span class='ocrx_word' id='word_1_509' title='bbox 724 1856 730 1863; x_wconf 89' lang='grc'><strong>·</strong></span> <span class='ocrx_word' id='word_1_510' title='bbox 746 1849 807 1875; x_wconf 77' lang='grc' dir='ltr'><strong>ἐπεὶ</strong></span> <span class='ocrx_word' id='word_1_511' title='bbox 823 1849 870 1876; x_wconf 74' lang='grc' dir='ltr'>καὶ</span> 
     </span>
    </p>
   </div>
   <div class='ocr_carea' id='block_1_72' title="bbox 75 1891 871 1929">
    <p class='ocr_par' dir='ltr' id='par_1_72' title="bbox 75 1891 871 1929">
     <span class='ocr_line' id='line_1_72' title="bbox 75 1891 871 1929; baseline 0.004 -11"><span class='ocrx_word' id='word_1_512' title='bbox 75 1893 89 1918; x_wconf 90' lang='lat'><strong>6</strong></span> <span class='ocrx_word' id='word_1_513' title='bbox 103 1892 158 1926; x_wconf 81' lang='grc' dir='ltr'><strong>ἀὴρ</strong></span> <span class='ocrx_word' id='word_1_514' title='bbox 176 1892 290 1927; x_wconf 81' lang='grc' dir='ltr'>οὐρανὸς</span> <span class='ocrx_word' id='word_1_515' title='bbox 311 1891 475 1926; x_wconf 80' lang='grc' dir='ltr'>ὀνομάζεται</span> <span class='ocrx_word' id='word_1_516' title='bbox 500 1894 574 1928; x_wconf 69' lang='grc' dir='ltr'>παρὰ</span> <span class='ocrx_word' id='word_1_517' title='bbox 589 1895 621 1928; x_wconf 88' lang='grc' dir='ltr'>τῇ</span> <span class='ocrx_word' id='word_1_518' title='bbox 639 1894 745 1929; x_wconf 81' lang='grc' dir='ltr'>Γραφῇ.</span> <span class='ocrx_word' id='word_1_519' title='bbox 764 1895 803 1920; x_wconf 80' lang='grc' dir='ltr'><strong>Τὰ</strong></span> <span class='ocrx_word' id='word_1_520' title='bbox 823 1903 871 1921; x_wconf 81' lang='grc' dir='ltr'><strong>πε-</strong></span> 
     </span>
    </p>
   </div>
   <div class='ocr_carea' id='block_1_73' title="bbox 73 1937 870 1975">
    <p class='ocr_par' dir='ltr' id='par_1_73' title="bbox 73 1937 870 1975">
     <span class='ocr_line' id='line_1_73' title="bbox 73 1937 870 1975; baseline 0.003 -11"><span class='ocrx_word' id='word_1_521' title='bbox 73 1938 153 1964; x_wconf 70' lang='grc' dir='ltr'>τεινὰ</span> <span class='ocrx_word' id='word_1_522' title='bbox 178 1939 233 1973; x_wconf 74' lang='grc' dir='ltr'>γάρ</span> <span class='ocrx_word' id='word_1_523' title='bbox 260 1946 326 1973; x_wconf 83' lang='grc' dir='ltr'>φησι</span> <span class='ocrx_word' id='word_1_524' title='bbox 352 1937 400 1964; x_wconf 80' lang='grc' dir='ltr'>τοῦ</span> <span class='ocrx_word' id='word_1_525' title='bbox 427 1938 555 1970; x_wconf 77' lang='grc' dir='ltr'>οὐρανοῦ.</span> <span class='ocrx_word' id='word_1_526' title='bbox 580 1939 674 1974; x_wconf 84' lang='grc' dir='ltr'>Ὅμως</span> <span class='ocrx_word' id='word_1_527' title='bbox 702 1939 772 1975; x_wconf 77' lang='grc' dir='ltr'>ὕδωρ</span> <span class='ocrx_word' id='word_1_528' title='bbox 799 1937 870 1967; x_wconf 72' lang='grc' dir='ltr'>εἶναι</span> 
     </span>
    </p>
   </div>
   <div class='ocr_carea' id='block_1_74' title="bbox 74 1984 870 2021">
    <p class='ocr_par' dir='ltr' id='par_1_74' title="bbox 74 1984 870 2021">
     <span class='ocr_line' id='line_1_74' title="bbox 74 1984 870 2021; baseline 0.003 -11"><span class='ocrx_word' id='word_1_529' title='bbox 74 1984 171 2011; x_wconf 71' lang='grc' dir='ltr'><strong>ἐπάνω</strong></span> <span class='ocrx_word' id='word_1_530' title='bbox 188 1984 233 2010; x_wconf 86' lang='grc' dir='ltr'>τοῦ</span> <span class='ocrx_word' id='word_1_531' title='bbox 261 1984 467 2019; x_wconf 79' lang='grc' dir='ltr'>στερεώματος,</span> <span class='ocrx_word' id='word_1_532' title='bbox 482 1985 519 2016; x_wconf 84' lang='grc' dir='ltr'>ὼς</span> <span class='ocrx_word' id='word_1_533' title='bbox 540 1986 732 2021; x_wconf 84' lang='grc' dir='ltr'>γεγραμμένον</span> <span class='ocrx_word' id='word_1_534' title='bbox 759 1994 870 2012; x_wconf 81' lang='grc' dir='ltr'>πιστευ-</span> 
     </span>
    </p>
   </div>
   <div class='ocr_carea' id='block_1_75' title="bbox 74 2028 868 2067">
    <p class='ocr_par' dir='ltr' id='par_1_75' title="bbox 74 2028 868 2067">
     <span class='ocr_line' id='line_1_75' title="bbox 74 2028 868 2067; baseline 0.004 -11"><span class='ocrx_word' id='word_1_535' title='bbox 74 2031 148 2058; x_wconf 78' lang='grc' dir='ltr'>τέον.</span> <span class='ocrx_word' id='word_1_536' title='bbox 162 2028 225 2056; x_wconf 74' lang='grc' dir='ltr'>Οἵδε</span> <span class='ocrx_word' id='word_1_537' title='bbox 240 2030 294 2065; x_wconf 83' lang='grc' dir='ltr'>γὰρ</span> <span class='ocrx_word' id='word_1_538' title='bbox 308 2029 322 2055; x_wconf 82' lang='grc' dir='ltr'>ὁ</span> <span class='ocrx_word' id='word_1_539' title='bbox 338 2030 427 2057; x_wconf 82' lang='grc' dir='ltr'>πάντα</span> <span class='ocrx_word' id='word_1_540' title='bbox 443 2031 601 2066; x_wconf 77' lang='grc' dir='ltr'>πεποιηκὼς</span> <span class='ocrx_word' id='word_1_541' title='bbox 612 2032 666 2058; x_wconf 85' lang='grc' dir='ltr'>τίνι</span> <span class='ocrx_word' id='word_1_542' title='bbox 681 2032 773 2067; x_wconf 80' lang='grc' dir='ltr'>τρόπῳ</span> <span class='ocrx_word' id='word_1_543' title='bbox 788 2032 868 2060; x_wconf 78' lang='grc' dir='ltr'>τοῦτο</span> 
     </span>
    </p>
   </div>
   <div class='ocr_carea' id='block_1_76' title="bbox 74 2066 299 2103">
    <p class='ocr_par' dir='ltr' id='par_1_76' title="bbox 74 2066 299 2103">
     <span class='ocr_line' id='line_1_76' title="bbox 74 2066 299 2103; baseline 0.009 -2"><span class='ocrx_word' id='word_1_544' title='bbox 74 2076 168 2102; x_wconf 73' lang='grc' dir='ltr'>ἐκεῖσε</span> <span class='ocrx_word' id='word_1_545' title='bbox 181 2066 299 2103; x_wconf 63' lang='grc' dir='ltr'>τέθεικε.</span> 
     </span>
    </p>
   </div>
   <div class='ocr_carea' id='block_1_77' title="bbox 314 2198 660 2239">
    <p class='ocr_par' dir='ltr' id='par_1_77' title="bbox 314 2198 660 2239">
     <span class='ocr_line' id='line_1_77' title="bbox 314 2198 660 2239; baseline 0.006 -14"><span class='ocrx_word' id='word_1_546' title='bbox 314 2198 395 2234; x_wconf 83' lang='lat'><strong>330</strong></span> <span class='ocrx_word' id='word_1_547' title='bbox 408 2198 574 2225; x_wconf 73' lang='lat' dir='ltr'><strong>sportislz</strong></span> <span class='ocrx_word' id='word_1_548' title='bbox 592 2200 630 2227; x_wconf 88' lang='lat' dir='ltr'><strong>H&#39;.</strong></span> <span class='ocrx_word' id='word_1_549' title='bbox 658 2237 660 2239; x_wconf 95' lang='lat'><em>_</em></span> 
     </span>
    </p>
   </div>
   <div class='ocr_carea' id='block_1_78' title="bbox 76 2256 868 2292">
    <p class='ocr_par' dir='ltr' id='par_1_78' title="bbox 76 2256 868 2292">
     <span class='ocr_line' id='line_1_78' title="bbox 76 2256 868 2292; baseline 0.004 -10"><span class='ocrx_word' id='word_1_550' title='bbox 76 2256 160 2292; x_wconf 71' lang='grc' dir='ltr'>Διατζ</span> <span class='ocrx_word' id='word_1_551' title='bbox 185 2257 477 2292; x_wconf 71' lang='grc' dir='ltr'>παραλαμϐάνουσιν</span> <span class='ocrx_word' id='word_1_552' title='bbox 491 2257 519 2283; x_wconf 82' lang='grc' dir='ltr'>οἱ</span> <span class='ocrx_word' id='word_1_553' title='bbox 542 2256 623 2283; x_wconf 74' lang='grc' dir='ltr'>ἄθεοι</span> <span class='ocrx_word' id='word_1_554' title='bbox 649 2257 798 2290; x_wconf 78' lang='grc' dir='ltr'>τοσαύτας</span> <span class='ocrx_word' id='word_1_555' title='bbox 809 2266 868 2292; x_wconf 85' lang='grc' dir='ltr'><strong>μυ-</strong></span> 
     </span>
    </p>
   </div>
   <div class='ocr_carea' id='block_1_79' title="bbox 108 2291 910 2331">
    <p class='ocr_par' dir='ltr' id='par_1_79' title="bbox 108 2291 910 2331">
     <span class='ocr_line' id='line_1_79' title="bbox 108 2291 910 2331; baseline 0.002 -13"><span class='ocrx_word' id='word_1_556' title='bbox 108 2291 218 2331; x_wconf 56' lang='grc' dir='ltr'>ριιέδας</span> <span class='ocrx_word' id='word_1_557' title='bbox 233 2291 348 2331; x_wconf 64' lang='grc' dir='ltr'>πιστῶν</span> <span class='ocrx_word' id='word_1_558' title='bbox 362 2300 393 2331; x_wconf 60' lang='grc' dir='ltr'>τες</span> <span class='ocrx_word' id='word_1_559' title='bbox 405 2292 591 2331; x_wconf 24' lang='grc' dir='ltr'>κίιὶμνηπιξον,</span> <span class='ocrx_word' id='word_1_560' title='bbox 607 2292 656 2331; x_wconf 55' lang='grc' dir='ltr'><strong>νεα)</strong></span> <span class='ocrx_word' id='word_1_561' title='bbox 666 2293 699 2317; x_wconf 80' lang='grc' dir='ltr'><strong>ἐν</strong></span> <span class='ocrx_word' id='word_1_562' title='bbox 712 2291 870 2331; x_wconf 54' lang='grc' dir='ltr'>τοσούτοις</span> <span class='ocrx_word' id='word_1_563' title='bbox 883 2296 910 2326; x_wconf 79' lang='lat' dir='ltr'><strong><em>D</em></strong></span> 
     </span>
    </p>
   </div>
   <div class='ocr_carea' id='block_1_80' title="bbox 113 2326 870 2361">
    <p class='ocr_par' dir='ltr' id='par_1_80' title="bbox 113 2326 870 2361">
     <span class='ocr_line' id='line_1_80' title="bbox 113 2326 870 2361; baseline 0.003 -9"><span class='ocrx_word' id='word_1_564' title='bbox 113 2326 178 2358; x_wconf 87' lang='grc' dir='ltr'>τοῖς</span> <span class='ocrx_word' id='word_1_565' title='bbox 205 2327 326 2360; x_wconf 82' lang='grc' dir='ltr'>χρόνοις</span> <span class='ocrx_word' id='word_1_566' title='bbox 339 2334 346 2342; x_wconf 80' lang='lat'><em>-</em></span> <span class='ocrx_word' id='word_1_567' title='bbox 362 2327 397 2353; x_wconf 83' lang='grc' dir='ltr'>τὰ</span> <span class='ocrx_word' id='word_1_568' title='bbox 408 2328 508 2361; x_wconf 61' lang='grc' dir='ltr'>βρέφη</span> <span class='ocrx_word' id='word_1_569' title='bbox 529 2326 563 2353; x_wconf 82' lang='grc' dir='ltr'>δὲ</span> <span class='ocrx_word' id='word_1_570' title='bbox 582 2326 704 2360; x_wconf 74' lang='grc' dir='ltr'>μᾶλλον</span> <span class='ocrx_word' id='word_1_571' title='bbox 726 2327 870 2358; x_wconf 78' lang='grc' dir='ltr'>βεϐαπτι-</span> 
     </span>
    </p>
   </div>
   <div class='ocr_carea' id='block_1_81' title="bbox 110 2361 870 2396">
    <p class='ocr_par' dir='ltr' id='par_1_81' title="bbox 110 2361 870 2396">
     <span class='ocr_line' id='line_1_81' title="bbox 110 2361 870 2396; baseline 0.004 -9"><span class='ocrx_word' id='word_1_572' title='bbox 110 2361 223 2395; x_wconf 78' lang='grc' dir='ltr'>σμένιι,</span> <span class='ocrx_word' id='word_1_573' title='bbox 259 2361 326 2396; x_wconf 39' lang='grc' dir='ltr'>καὶ,</span> <span class='ocrx_word' id='word_1_574' title='bbox 332 2362 431 2396; x_wconf 85' lang='grc' dir='ltr'>μηδὲν</span> <span class='ocrx_word' id='word_1_575' title='bbox 458 2362 655 2395; x_wconf 77' lang='grc' dir='ltr'>γινώσκοντα,</span> <span class='ocrx_word' id='word_1_576' title='bbox 681 2370 738 2388; x_wconf 84' lang='grc' dir='ltr'><strong>ουκ</strong></span> <span class='ocrx_word' id='word_1_577' title='bbox 759 2363 870 2396; x_wconf 73' lang='grc' dir='ltr'>ἔμελλε</span> 
     </span>
    </p>
   </div>
   <div class='ocr_carea' id='block_1_82' title="bbox 111 2394 869 2430">
    <p class='ocr_par' dir='ltr' id='par_1_82' title="bbox 111 2394 869 2430">
     <span class='ocr_line' id='line_1_82' title="bbox 111 2394 869 2430; baseline 0.004 -7"><span class='ocrx_word' id='word_1_578' title='bbox 111 2394 229 2423; x_wconf 69' lang='grc' dir='ltr'>τούτων</span> <span class='ocrx_word' id='word_1_579' title='bbox 241 2404 286 2428; x_wconf 82' lang='grc' dir='ltr'>τις</span> <span class='ocrx_word' id='word_1_580' title='bbox 302 2394 378 2423; x_wconf 63' lang='grc' dir='ltr'><strong>εῖν-αὶ</strong></span> <span class='ocrx_word' id='word_1_581' title='bbox 392 2398 435 2429; x_wconf 76' lang='grc' dir='ltr'><strong>εἰς</strong></span> <span class='ocrx_word' id='word_1_582' title='bbox 448 2394 607 2430; x_wconf 66' lang='grc' dir='ltr'><strong>ἀποδοχὴν</strong></span> <span class='ocrx_word' id='word_1_583' title='bbox 621 2395 714 2428; x_wconf 76' lang='grc' dir='ltr'>Θεοῦ;</span> <span class='ocrx_word' id='word_1_584' title='bbox 726 2394 869 2426; x_wconf 77' lang='grc' dir='ltr'>καῐόιατι</span> 
     </span>
    </p>
   </div>
   <div class='ocr_carea' id='block_1_83' title="bbox 111 2431 495 2465">
    <p class='ocr_par' dir='ltr' id='par_1_83' title="bbox 111 2431 495 2465">
     <span class='ocr_line' id='line_1_83' title="bbox 111 2431 495 2465; baseline -0.003 -6"><span class='ocrx_word' id='word_1_585' title='bbox 111 2431 246 2464; x_wconf 75' lang='grc' dir='ltr'>ἅπαντες</span> <span class='ocrx_word' id='word_1_586' title='bbox 262 2431 477 2465; x_wconf 78' lang='grc' dir='ltr'>παραδίδονται</span> <span class='ocrx_word' id='word_1_587' title='bbox 486 2439 495 2463; x_wconf 82' lang='grc'><strong><em>;</em></strong></span> 
     </span>
    </p>
   </div>
   <div class='ocr_carea' id='block_1_84' title="bbox 112 2488 868 2525">
    <p class='ocr_par' dir='ltr' id='par_1_84' title="bbox 112 2488 868 2525">
     <span class='ocr_line' id='line_1_84' title="bbox 112 2488 868 2525; baseline 0.003 -10"><span class='ocrx_word' id='word_1_588' title='bbox 112 2488 185 2523; x_wconf 73' lang='grc' dir='ltr'>Πρὸς</span> <span class='ocrx_word' id='word_1_589' title='bbox 200 2488 229 2514; x_wconf 72' lang='grc' dir='ltr'>δὲ</span> <span class='ocrx_word' id='word_1_590' title='bbox 248 2488 297 2524; x_wconf 83' lang='grc' dir='ltr'>τὴν</span> <span class='ocrx_word' id='word_1_591' title='bbox 313 2488 410 2523; x_wconf 78' lang='grc' dir='ltr'>ὀγδόην</span> <span class='ocrx_word' id='word_1_592' title='bbox 424 2489 559 2524; x_wconf 76' lang='grc' dir='ltr'>ἐρώτησιν</span> <span class='ocrx_word' id='word_1_593' title='bbox 573 2488 684 2516; x_wconf 81' lang='grc' dir='ltr'>λεκτέον</span> <span class='ocrx_word' id='word_1_594' title='bbox 694 2497 700 2505; x_wconf 85' lang='grc'><strong>·</strong></span> <span class='ocrx_word' id='word_1_595' title='bbox 719 2490 801 2518; x_wconf 77' lang='grc' dir='ltr'>Οὐδὲν</span> <span class='ocrx_word' id='word_1_596' title='bbox 818 2490 868 2525; x_wconf 80' lang='grc' dir='ltr'>μὲν</span> 
     </span>
    </p>
   </div>
   <div class='ocr_carea' id='block_1_85' title="bbox 75 2532 869 2570">
    <p class='ocr_par' dir='ltr' id='par_1_85' title="bbox 75 2532 869 2570">
     <span class='ocr_line' id='line_1_85' title="bbox 75 2532 869 2570; baseline 0.003 -10"><span class='ocrx_word' id='word_1_597' title='bbox 75 2535 138 2569; x_wconf 77' lang='grc' dir='ltr'>δίχα</span> <span class='ocrx_word' id='word_1_598' title='bbox 158 2534 208 2568; x_wconf 82' lang='grc' dir='ltr'><strong>τῆς</strong></span> <span class='ocrx_word' id='word_1_599' title='bbox 223 2532 269 2560; x_wconf 74' lang='grc' dir='ltr'>τοῦ</span> <span class='ocrx_word' id='word_1_600' title='bbox 292 2533 360 2560; x_wconf 82' lang='grc' dir='ltr'>Θεοῦ</span> <span class='ocrx_word' id='word_1_601' title='bbox 378 2533 518 2568; x_wconf 63' lang='grc' dir='ltr'>προνοίας,</span> <span class='ocrx_word' id='word_1_602' title='bbox 541 2534 603 2560; x_wconf 78' lang='grc' dir='ltr'>οὐδὲ</span> <span class='ocrx_word' id='word_1_603' title='bbox 619 2534 730 2568; x_wconf 82' lang='grc' dir='ltr'>γεγονός</span> <span class='ocrx_word' id='word_1_604' title='bbox 749 2543 776 2562; x_wconf 83' lang='grc' dir='ltr'><strong>τι</strong></span> <span class='ocrx_word' id='word_1_605' title='bbox 793 2536 869 2570; x_wconf 77' lang='grc' dir='ltr'><strong>παρᾶ</strong></span> 
     </span>
    </p>
   </div>
   <div class='ocr_carea' id='block_1_86' title="bbox 75 2578 870 2614">
    <p class='ocr_par' dir='ltr' id='par_1_86' title="bbox 75 2578 870 2614">
     <span class='ocr_line' id='line_1_86' title="bbox 75 2578 870 2614; baseline 0.004 -11"><span class='ocrx_word' id='word_1_606' title='bbox 75 2578 126 2614; x_wconf 76' lang='grc' dir='ltr'>τὴν</span> <span class='ocrx_word' id='word_1_607' title='bbox 141 2578 242 2612; x_wconf 82' lang='grc' dir='ltr'>γνῶσιν</span> <span class='ocrx_word' id='word_1_608' title='bbox 268 2578 351 2604; x_wconf 66' lang='grc' dir='ltr'>αὑτοῦ</span> <span class='ocrx_word' id='word_1_609' title='bbox 364 2586 370 2593; x_wconf 87' lang='grc'><em>”</em></span> <span class='ocrx_word' id='word_1_610' title='bbox 394 2579 425 2604; x_wconf 76' lang='grc' dir='ltr'>οὐ</span> <span class='ocrx_word' id='word_1_611' title='bbox 439 2579 529 2605; x_wconf 69' lang='grc' dir='ltr'>πάντα</span> <span class='ocrx_word' id='word_1_612' title='bbox 545 2579 573 2605; x_wconf 66' lang='grc' dir='ltr'>δὲ</span> <span class='ocrx_word' id='word_1_613' title='bbox 592 2579 662 2605; x_wconf 76' lang='grc' dir='ltr'>κατὰ</span> <span class='ocrx_word' id='word_1_614' title='bbox 685 2579 793 2614; x_wconf 73' lang='grc' dir='ltr'>θέλησιν</span> <span class='ocrx_word' id='word_1_615' title='bbox 821 2580 870 2606; x_wconf 80' lang='grc' dir='ltr'>καὶ</span> 
     </span>
    </p>
   </div>
   <div class='ocr_carea' id='block_1_87' title="bbox 77 2624 868 2660">
    <p class='ocr_par' dir='ltr' id='par_1_87' title="bbox 77 2624 868 2660">
     <span class='ocr_line' id='line_1_87' title="bbox 77 2624 868 2660; baseline 0.001 -9"><span class='ocrx_word' id='word_1_616' title='bbox 77 2625 203 2652; x_wconf 76' lang='grc' dir='ltr'>εὐδοκίαν</span> <span class='ocrx_word' id='word_1_617' title='bbox 218 2624 310 2651; x_wconf 77' lang='grc' dir='ltr'>αὐτοῦ.</span> <span class='ocrx_word' id='word_1_618' title='bbox 330 2625 387 2651; x_wconf 74' lang='grc' dir='ltr'>Καὶ</span> <span class='ocrx_word' id='word_1_619' title='bbox 410 2624 490 2659; x_wconf 83' lang='grc' dir='ltr'>δῆλον</span> <span class='ocrx_word' id='word_1_620' title='bbox 506 2625 560 2652; x_wconf 78' lang='grc' dir='ltr'>ἀπὸ</span> <span class='ocrx_word' id='word_1_621' title='bbox 573 2625 623 2660; x_wconf 85' lang='grc' dir='ltr'>τῆς</span> <span class='ocrx_word' id='word_1_622' title='bbox 643 2625 690 2651; x_wconf 82' lang='grc' dir='ltr'>τοῦ</span> <span class='ocrx_word' id='word_1_623' title='bbox 714 2626 801 2660; x_wconf 75' lang='grc' dir='ltr'>’Λδᾱιμ</span> <span class='ocrx_word' id='word_1_624' title='bbox 814 2635 868 2652; x_wconf 82' lang='grc' dir='ltr'>πα-</span> 
     </span>
    </p>
   </div>
   <div class='ocr_carea' id='block_1_88' title="bbox 79 2671 868 2706">
    <p class='ocr_par' dir='ltr' id='par_1_88' title="bbox 79 2671 868 2706">
     <span class='ocr_line' id='line_1_88' title="bbox 79 2671 868 2706; baseline 0 -9"><span class='ocrx_word' id='word_1_625' title='bbox 79 2671 223 2706; x_wconf 77' lang='grc' dir='ltr'>ραϐάσεως</span> <span class='ocrx_word' id='word_1_626' title='bbox 235 2679 243 2686; x_wconf 88' lang='grc'><strong>·</strong></span> <span class='ocrx_word' id='word_1_627' title='bbox 261 2671 319 2706; x_wconf 70' lang='grc' dir='ltr'>ᾔδει</span> <span class='ocrx_word' id='word_1_628' title='bbox 336 2672 387 2706; x_wconf 74' lang='grc' dir='ltr'><strong>γὰρ</strong></span> <span class='ocrx_word' id='word_1_629' title='bbox 403 2671 489 2706; x_wconf 79' lang='grc' dir='ltr'>αὐτὴν</span> <span class='ocrx_word' id='word_1_630' title='bbox 504 2671 661 2705; x_wconf 82' lang='grc' dir='ltr'>γεγονέναι’</span> <span class='ocrx_word' id='word_1_631' title='bbox 680 2671 727 2697; x_wconf 79' lang='grc' dir='ltr'>καὶ</span> <span class='ocrx_word' id='word_1_632' title='bbox 741 2671 770 2697; x_wconf 84' lang='grc' dir='ltr'>τὸ</span> <span class='ocrx_word' id='word_1_633' title='bbox 789 2671 868 2704; x_wconf 73' lang='grc' dir='ltr'>ξύλον</span> 
     </span>
    </p>
   </div>
   <div class='ocr_carea' id='block_1_89' title="bbox 78 2715 866 2752">
    <p class='ocr_par' dir='ltr' id='par_1_89' title="bbox 78 2715 866 2752">
     <span class='ocr_line' id='line_1_89' title="bbox 78 2715 866 2752; baseline 0.003 -10"><span class='ocrx_word' id='word_1_634' title='bbox 78 2718 128 2751; x_wconf 79' lang='grc' dir='ltr'>τῆς</span> <span class='ocrx_word' id='word_1_635' title='bbox 143 2717 272 2749; x_wconf 79' lang='grc' dir='ltr'>γνώσεως</span> <span class='ocrx_word' id='word_1_636' title='bbox 293 2717 374 2749; x_wconf 76' lang='grc' dir='ltr'>αὐτὸς</span> <span class='ocrx_word' id='word_1_637' title='bbox 395 2718 409 2744; x_wconf 87' lang='lat'><strong>6</strong></span> <span class='ocrx_word' id='word_1_638' title='bbox 424 2717 562 2751; x_wconf 82' lang='grc' dir='ltr'>φυτεύσας</span> <span class='ocrx_word' id='word_1_639' title='bbox 582 2715 626 2752; x_wconf 85' lang='grc' dir='ltr'>ἦν,</span> <span class='ocrx_word' id='word_1_640' title='bbox 645 2717 703 2743; x_wconf 84' lang='grc' dir='ltr'>ἀλλ’</span> <span class='ocrx_word' id='word_1_641' title='bbox 726 2717 775 2752; x_wconf 75' lang='grc' dir='ltr'><strong>οὐχ</strong></span> <span class='ocrx_word' id='word_1_642' title='bbox 793 2717 837 2743; x_wconf 84' lang='grc' dir='ltr'>ἵνα</span> <span class='ocrx_word' id='word_1_643' title='bbox 853 2718 866 2744; x_wconf 85' lang='lat'><strong>6</strong></span> 
     </span>
    </p>
   </div>
   <div class='ocr_carea' id='block_1_90' title="bbox 84 2761 868 2798">
    <p class='ocr_par' dir='ltr' id='par_1_90' title="bbox 84 2761 868 2798">
     <span class='ocr_line' id='line_1_90' title="bbox 84 2761 868 2798; baseline 0.001 -11"><span class='ocrx_word' id='word_1_644' title='bbox 84 2761 171 2796; x_wconf 69' lang='grc' dir='ltr'>’Λδὰμ</span> <span class='ocrx_word' id='word_1_645' title='bbox 190 2762 312 2798; x_wconf 74' lang='grc' dir='ltr'>παραϐῇ,</span> <span class='ocrx_word' id='word_1_646' title='bbox 331 2763 389 2789; x_wconf 82' lang='grc' dir='ltr'>ἀλλ’</span> <span class='ocrx_word' id='word_1_647' title='bbox 413 2763 468 2795; x_wconf 78' lang='grc' dir='ltr'>ἵνα,</span> <span class='ocrx_word' id='word_1_648' title='bbox 483 2763 553 2789; x_wconf 85' lang='grc' dir='ltr'>κατὰ</span> <span class='ocrx_word' id='word_1_649' title='bbox 567 2762 661 2797; x_wconf 81' lang='grc' dir='ltr'>καιρὸν</span> <span class='ocrx_word' id='word_1_650' title='bbox 676 2762 759 2789; x_wconf 79' lang='grc' dir='ltr'>αὑτοῦ</span> <span class='ocrx_word' id='word_1_651' title='bbox 785 2771 868 2797; x_wconf 78' lang='grc' dir='ltr'>μετα-</span> 
     </span>
    </p>
   </div>
   <div class='ocr_carea' id='block_1_91' title="bbox 79 2808 866 2845">
    <p class='ocr_par' dir='ltr' id='par_1_91' title="bbox 79 2808 866 2845">
     <span class='ocr_line' id='line_1_91' title="bbox 79 2808 866 2845; baseline 0 -10"><span class='ocrx_word' id='word_1_652' title='bbox 79 2809 182 2842; x_wconf 77' lang='grc' dir='ltr'>λαϐὼν,</span> <span class='ocrx_word' id='word_1_653' title='bbox 195 2809 322 2845; x_wconf 73' lang='grc' dir='ltr'>ὡφεληοῇ</span> <span class='ocrx_word' id='word_1_654' title='bbox 335 2809 426 2842; x_wconf 82' lang='grc' dir='ltr'>πλέον,</span> <span class='ocrx_word' id='word_1_655' title='bbox 444 2809 551 2843; x_wconf 79' lang='grc' dir='ltr'>πρῶτον</span> <span class='ocrx_word' id='word_1_656' title='bbox 567 2809 664 2836; x_wconf 82' lang='grc' dir='ltr'>ἑαυτοῦ</span> <span class='ocrx_word' id='word_1_657' title='bbox 678 2810 728 2844; x_wconf 76' lang='grc' dir='ltr'>τὴν</span> <span class='ocrx_word' id='word_1_658' title='bbox 741 2808 866 2844; x_wconf 82' lang='grc' dir='ltr'>ὑπακοὴν</span> 
     </span>
    </p>
   </div>
   <div class='ocr_carea' id='block_1_92' title="bbox 923 1659 1711 1704">
    <p class='ocr_par' dir='ltr' id='par_1_92' title="bbox 923 1659 1711 1704">
     <span class='ocr_line' id='line_1_92' title="bbox 923 1659 1711 1704; baseline 0.001 -17"><span class='ocrx_word' id='word_1_659' title='bbox 923 1665 954 1688; x_wconf 89' lang='lat' dir='ltr'><strong>ut</strong></span> <span class='ocrx_word' id='word_1_660' title='bbox 985 1660 1104 1695; x_wconf 89' lang='lat' dir='ltr'><strong>loquitur</strong></span> <span class='ocrx_word' id='word_1_661' title='bbox 1132 1660 1245 1693; x_wconf 88' lang='lat' dir='ltr'><strong>Paulus,</strong></span> <span class='ocrx_word' id='word_1_662' title='bbox 1274 1659 1443 1704; x_wconf 68' lang='lat' dir='ltr'><strong>distribuens</strong></span> <span class='ocrx_word' id='word_1_663' title='bbox 1463 1661 1630 1688; x_wconf 84' lang='lat' dir='ltr'><strong>charismata</strong></span> <span class='ocrx_word' id='word_1_664' title='bbox 1652 1661 1711 1689; x_wconf 91' lang='lat' dir='ltr'><strong>siu-</strong></span> 
     </span>
    </p>
   </div>
   <div class='ocr_carea' id='block_1_93' title="bbox 923 1706 1712 1741">
    <p class='ocr_par' dir='ltr' id='par_1_93' title="bbox 923 1706 1712 1741">
     <span class='ocr_line' id='line_1_93' title="bbox 923 1706 1712 1741; baseline 0.001 -8"><span class='ocrx_word' id='word_1_665' title='bbox 923 1706 1004 1741; x_wconf 79' lang='lat' dir='ltr'><strong>gulis,</strong></span> <span class='ocrx_word' id='word_1_666' title='bbox 1034 1707 1106 1734; x_wconf 85' lang='lat' dir='ltr'><strong>sicut</strong></span> <span class='ocrx_word' id='word_1_667' title='bbox 1123 1710 1150 1734; x_wconf 90' lang='lat' dir='ltr'><strong>et</strong></span> <span class='ocrx_word' id='word_1_668' title='bbox 1170 1714 1240 1741; x_wconf 87' lang='lat' dir='ltr'><strong>aqua</strong></span> <span class='ocrx_word' id='word_1_669' title='bbox 1267 1714 1327 1741; x_wconf 63' lang='lat' dir='ltr'><strong>quae</strong></span> <span class='ocrx_word' id='word_1_670' title='bbox 1343 1714 1395 1733; x_wconf 85' lang='lat' dir='ltr'><strong>una</strong></span> <span class='ocrx_word' id='word_1_671' title='bbox 1412 1706 1522 1741; x_wconf 88' lang='lat' dir='ltr'><strong>quidem</strong></span> <span class='ocrx_word' id='word_1_672' title='bbox 1537 1711 1591 1739; x_wconf 80' lang='lat' dir='ltr'><strong>est.</strong></span> <span class='ocrx_word' id='word_1_673' title='bbox 1608 1711 1633 1734; x_wconf 93' lang='lat' dir='ltr'><strong>ct</strong></span> <span class='ocrx_word' id='word_1_674' title='bbox 1653 1707 1712 1734; x_wconf 89' lang='lat' dir='ltr'><strong>sin-</strong></span> 
     </span>
    </p>
   </div>
   <div class='ocr_carea' id='block_1_94' title="bbox 922 1752 1707 1787">
    <p class='ocr_par' dir='ltr' id='par_1_94' title="bbox 922 1752 1707 1787">
     <span class='ocr_line' id='line_1_94' title="bbox 922 1752 1707 1787; baseline 0 -8"><span class='ocrx_word' id='word_1_675' title='bbox 922 1753 993 1787; x_wconf 79' lang='lat' dir='ltr'><strong>gulis</strong></span> <span class='ocrx_word' id='word_1_676' title='bbox 1005 1753 1134 1779; x_wconf 90' lang='lat' dir='ltr'><strong>arborum</strong></span> <span class='ocrx_word' id='word_1_677' title='bbox 1149 1758 1176 1780; x_wconf 84' lang='lat' dir='ltr'><strong>et</strong></span> <span class='ocrx_word' id='word_1_678' title='bbox 1192 1753 1336 1781; x_wconf 75' lang='lat' dir='ltr'><strong>herbarum</strong></span> <span class='ocrx_word' id='word_1_679' title='bbox 1351 1753 1488 1787; x_wconf 83' lang='lat' dir='ltr'><strong>propriam</strong></span> <span class='ocrx_word' id='word_1_680' title='bbox 1504 1752 1647 1780; x_wconf 79' lang='lat' dir='ltr'><strong>distribuit</strong></span> <span class='ocrx_word' id='word_1_681' title='bbox 1663 1761 1707 1780; x_wconf 84' lang='lat' dir='ltr'><strong>se-</strong></span> 
     </span>
    </p>
   </div>
   <div class='ocr_carea' id='block_1_95' title="bbox 922 1798 1711 1833">
    <p class='ocr_par' dir='ltr' id='par_1_95' title="bbox 922 1798 1711 1833">
     <span class='ocr_line' id='line_1_95' title="bbox 922 1798 1711 1833; baseline 0 -8"><span class='ocrx_word' id='word_1_682' title='bbox 922 1799 1041 1826; x_wconf 83' lang='lat' dir='ltr'><strong>cundum</strong></span> <span class='ocrx_word' id='word_1_683' title='bbox 1058 1804 1182 1825; x_wconf 75' lang='lat' dir='ltr'><strong>naturam</strong></span> <span class='ocrx_word' id='word_1_684' title='bbox 1193 1799 1407 1833; x_wconf 81' lang='lat' dir='ltr'><strong>uniuscujusque</strong></span> <span class='ocrx_word' id='word_1_685' title='bbox 1417 1798 1468 1824; x_wconf 90' lang='lat' dir='ltr'><strong>vim</strong></span> <span class='ocrx_word' id='word_1_686' title='bbox 1480 1802 1506 1825; x_wconf 91' lang='lat' dir='ltr'><strong>et</strong></span> <span class='ocrx_word' id='word_1_687' title='bbox 1518 1799 1655 1833; x_wconf 77' lang='lat' dir='ltr'><strong>encrgiam</strong></span> <span class='ocrx_word' id='word_1_688' title='bbox 1668 1803 1711 1826; x_wconf 75' lang='grc' dir='ltr'><strong>εει</strong></span> 
     </span>
    </p>
   </div>
   <div class='ocr_carea' id='block_1_96' title="bbox 922 1844 1706 1878">
    <p class='ocr_par' dir='ltr' id='par_1_96' title="bbox 922 1844 1706 1878">
     <span class='ocr_line' id='line_1_96' title="bbox 922 1844 1706 1878; baseline 0 -8"><span class='ocrx_word' id='word_1_689' title='bbox 922 1844 956 1871; x_wconf 92' lang='lat' dir='ltr'><strong>de</strong></span> <span class='ocrx_word' id='word_1_690' title='bbox 986 1845 1035 1871; x_wconf 88' lang='lat' dir='ltr'><strong>hoc</strong></span> <span class='ocrx_word' id='word_1_691' title='bbox 1051 1844 1090 1871; x_wconf 84' lang='lat' dir='ltr'><strong>sic</strong></span> <span class='ocrx_word' id='word_1_692' title='bbox 1117 1844 1238 1878; x_wconf 84' lang='lat' dir='ltr'><strong>loquitur</strong></span> <span class='ocrx_word' id='word_1_693' title='bbox 1258 1845 1396 1878; x_wconf 79' lang='lat' dir='ltr'><strong>sapienter</strong></span> <span class='ocrx_word' id='word_1_694' title='bbox 1414 1844 1547 1871; x_wconf 77' lang='lat' dir='ltr'><strong>Maximus</strong></span> <span class='ocrx_word' id='word_1_695' title='bbox 1564 1851 1679 1878; x_wconf 80' lang='lat' dir='ltr'><strong>magnus</strong></span> <span class='ocrx_word' id='word_1_696' title='bbox 1699 1853 1706 1871; x_wconf 91' lang='lat'><strong>:</strong></span> 
     </span>
    </p>
   </div>
   <div class='ocr_carea' id='block_1_97' title="bbox 921 1889 1712 1923">
    <p class='ocr_par' dir='ltr' id='par_1_97' title="bbox 921 1889 1712 1923">
     <span class='ocr_line' id='line_1_97' title="bbox 921 1889 1712 1923; baseline 0.001 -8"><span class='ocrx_word' id='word_1_697' title='bbox 921 1889 972 1915; x_wconf 82' lang='lat' dir='ltr'><strong>Alii</strong></span> <span class='ocrx_word' id='word_1_698' title='bbox 986 1889 1081 1915; x_wconf 89' lang='lat' dir='ltr'><strong>dicunt</strong></span> <span class='ocrx_word' id='word_1_699' title='bbox 1100 1896 1197 1923; x_wconf 82' lang='lat' dir='ltr'><strong>aquam</strong></span> <span class='ocrx_word' id='word_1_700' title='bbox 1211 1896 1270 1915; x_wconf 84' lang='lat' dir='ltr'><strong>esse</strong></span> <span class='ocrx_word' id='word_1_701' title='bbox 1286 1896 1317 1915; x_wconf 88' lang='lat' dir='ltr'><strong>ex</strong></span> <span class='ocrx_word' id='word_1_702' title='bbox 1329 1889 1456 1919; x_wconf 64' lang='lat' dir='ltr'><strong>nubabus,</strong></span> <span class='ocrx_word' id='word_1_703' title='bbox 1473 1896 1534 1915; x_wconf 88' lang='lat' dir='ltr'><strong>cutn</strong></span> <span class='ocrx_word' id='word_1_704' title='bbox 1547 1893 1574 1915; x_wconf 84' lang='lat' dir='ltr'><strong>et</strong></span> <span class='ocrx_word' id='word_1_705' title='bbox 1589 1896 1636 1915; x_wconf 86' lang='lat' dir='ltr'><strong>aer</strong></span> <span class='ocrx_word' id='word_1_706' title='bbox 1652 1896 1695 1916; x_wconf 72' lang='lat' dir='ltr'><strong>eos</strong></span> <span class='ocrx_word' id='word_1_707' title='bbox 1706 1903 1712 1906; x_wconf 57' lang='grc'>&lt;</span> 
     </span>
    </p>
   </div>
   <div class='ocr_carea' id='block_1_98' title="bbox 923 1933 1709 1970">
    <p class='ocr_par' dir='ltr' id='par_1_98' title="bbox 923 1933 1709 1970">
     <span class='ocr_line' id='line_1_98' title="bbox 923 1933 1709 1970; baseline 0.001 -10"><span class='ocrx_word' id='word_1_708' title='bbox 923 1935 977 1960; x_wconf 86' lang='lat' dir='ltr'><strong>lnin</strong></span> <span class='ocrx_word' id='word_1_709' title='bbox 991 1934 1143 1968; x_wconf 75' lang='lat' dir='ltr'><strong>appellatur</strong></span> <span class='ocrx_word' id='word_1_710' title='bbox 1153 1941 1167 1960; x_wconf 92' lang='lat' dir='ltr'><strong>a</strong></span> <span class='ocrx_word' id='word_1_711' title='bbox 1178 1933 1330 1968; x_wconf 64' lang='lat' dir='ltr'><strong>Scriptura,</strong></span> <span class='ocrx_word' id='word_1_712' title='bbox 1343 1941 1403 1968; x_wconf 74' lang='lat' dir='ltr'><strong>qua:</strong></span> <span class='ocrx_word' id='word_1_713' title='bbox 1413 1933 1479 1961; x_wconf 81' lang='lat' dir='ltr'><strong>dicit</strong></span> <span class='ocrx_word' id='word_1_714' title='bbox 1490 1933 1523 1961; x_wconf 84' lang='lat' dir='ltr'><strong>de</strong></span> <span class='ocrx_word' id='word_1_715' title='bbox 1535 1934 1631 1961; x_wconf 76' lang='lat' dir='ltr'><strong>avibus</strong></span> <span class='ocrx_word' id='word_1_716' title='bbox 1646 1935 1709 1970; x_wconf 84' lang='lat' dir='ltr'><strong>quia</strong></span> 
     </span>
    </p>
   </div>
   <div class='ocr_carea' id='block_1_99' title="bbox 922 1979 1710 2014">
    <p class='ocr_par' dir='ltr' id='par_1_99' title="bbox 922 1979 1710 2014">
     <span class='ocr_line' id='line_1_99' title="bbox 922 1979 1710 2014; baseline 0 -7"><span class='ocrx_word' id='word_1_717' title='bbox 922 1985 986 2007; x_wconf 89' lang='lat' dir='ltr'><strong>sunt</strong></span> <span class='ocrx_word' id='word_1_718' title='bbox 1018 1979 1138 2006; x_wconf 84' lang='lat' dir='ltr'><strong>volatilia</strong></span> <span class='ocrx_word' id='word_1_719' title='bbox 1174 1981 1247 2008; x_wconf 84' lang='lat' dir='ltr'><strong>coeli.</strong></span> <span class='ocrx_word' id='word_1_720' title='bbox 1276 1979 1408 2007; x_wconf 86' lang='lat' dir='ltr'><strong>Similiter</strong></span> <span class='ocrx_word' id='word_1_721' title='bbox 1422 1984 1449 2007; x_wconf 89' lang='lat' dir='ltr'><strong>et</strong></span> <span class='ocrx_word' id='word_1_722' title='bbox 1461 1984 1573 2007; x_wconf 86' lang='lat' dir='ltr'><strong>credere</strong></span> <span class='ocrx_word' id='word_1_723' title='bbox 1602 1985 1710 2014; x_wconf 85' lang='lat' dir='ltr'><strong>oportet</strong></span> 
     </span>
    </p>
   </div>
   <div class='ocr_carea' id='block_1_100' title="bbox 921 2027 1708 2061">
    <p class='ocr_par' dir='ltr' id='par_1_100' title="bbox 921 2027 1708 2061">
     <span class='ocr_line' id='line_1_100' title="bbox 921 2027 1708 2061; baseline 0.001 -8"><span class='ocrx_word' id='word_1_724' title='bbox 921 2033 1017 2060; x_wconf 87' lang='lat' dir='ltr'><strong>aquam</strong></span> <span class='ocrx_word' id='word_1_725' title='bbox 1033 2034 1092 2054; x_wconf 88' lang='lat' dir='ltr'><strong>esse</strong></span> <span class='ocrx_word' id='word_1_726' title='bbox 1105 2034 1187 2060; x_wconf 91' lang='lat' dir='ltr'><strong>super</strong></span> <span class='ocrx_word' id='word_1_727' title='bbox 1201 2027 1415 2059; x_wconf 80' lang='lat' dir='ltr'><strong>ﬁrmamentum,</strong></span> <span class='ocrx_word' id='word_1_728' title='bbox 1425 2028 1497 2054; x_wconf 85' lang='lat' dir='ltr'><strong>sicut</strong></span> <span class='ocrx_word' id='word_1_729' title='bbox 1509 2027 1640 2061; x_wconf 88' lang='lat' dir='ltr'><strong>scriptum</strong></span> <span class='ocrx_word' id='word_1_730' title='bbox 1655 2031 1708 2055; x_wconf 89' lang='lat' dir='ltr'><strong>est.</strong></span> 
     </span>
    </p>
   </div>
   <div class='ocr_carea' id='block_1_101' title="bbox 922 2072 1709 2108">
    <p class='ocr_par' dir='ltr' id='par_1_101' title="bbox 922 2072 1709 2108">
     <span class='ocr_line' id='line_1_101' title="bbox 922 2072 1709 2108; baseline 0.003 -9"><span class='ocrx_word' id='word_1_731' title='bbox 922 2072 1050 2107; x_wconf 83' lang='lat' dir='ltr'><strong>Vidilque</strong></span> <span class='ocrx_word' id='word_1_732' title='bbox 1082 2073 1126 2108; x_wconf 90' lang='lat' dir='ltr'><strong>qui</strong></span> <span class='ocrx_word' id='word_1_733' title='bbox 1146 2073 1209 2101; x_wconf 81' lang='lat' dir='ltr'><strong>fecit</strong></span> <span class='ocrx_word' id='word_1_734' title='bbox 1239 2073 1334 2100; x_wconf 82' lang='lat' dir='ltr'><strong>omnia</strong></span> <span class='ocrx_word' id='word_1_735' title='bbox 1358 2081 1411 2108; x_wconf 89' lang='lat' dir='ltr'><strong>qua</strong></span> <span class='ocrx_word' id='word_1_736' title='bbox 1436 2072 1525 2101; x_wconf 81' lang='lat' dir='ltr'><strong>forma</strong></span> <span class='ocrx_word' id='word_1_737' title='bbox 1543 2081 1629 2108; x_wconf 87' lang='lat' dir='ltr'><strong>aquas</strong></span> <span class='ocrx_word' id='word_1_738' title='bbox 1652 2074 1709 2102; x_wconf 83' lang='lat' dir='ltr'><strong>illic</strong></span> 
     </span>
    </p>
   </div>
   <div class='ocr_carea' id='block_1_102' title="bbox 920 2120 1615 2148">
    <p class='ocr_par' dir='ltr' id='par_1_102' title="bbox 920 2120 1615 2148">
     <span class='ocr_line' id='line_1_102' title="bbox 920 2120 1615 2148; baseline 0 0"><span class='ocrx_word' id='word_1_739' title='bbox 920 2125 994 2148; x_wconf 83' lang='lat' dir='ltr'><strong>stare</strong></span> <span class='ocrx_word' id='word_1_740' title='bbox 1015 2120 1089 2148; x_wconf 82' lang='lat' dir='ltr'><strong>fecit.</strong></span> <span class='ocrx_word' id='word_1_741' title='bbox 1612 2121 1615 2124; x_wconf 87' lang='lat'>&#39;</span> 
     </span>
    </p>
   </div>
   <div class='ocr_carea' id='block_1_103' title="bbox 1188 2198 1445 2232">
    <p class='ocr_par' dir='ltr' id='par_1_103' title="bbox 1188 2198 1445 2232">
     <span class='ocr_line' id='line_1_103' title="bbox 1188 2198 1445 2232; baseline 0.004 -6"><span class='ocrx_word' id='word_1_742' title='bbox 1188 2198 1349 2232; x_wconf 68' lang='lat' dir='ltr'><strong>QUIESTIO</strong></span> <span class='ocrx_word' id='word_1_743' title='bbox 1376 2199 1445 2228; x_wconf 82' lang='lat' dir='ltr'><strong>Vlll.</strong></span> 
     </span>
    </p>
   </div>
   <div class='ocr_carea' id='block_1_104' title="bbox 921 2256 1710 2293">
    <p class='ocr_par' dir='ltr' id='par_1_104' title="bbox 921 2256 1710 2293">
     <span class='ocr_line' id='line_1_104' title="bbox 921 2256 1710 2293; baseline 0.005 -11"><span class='ocrx_word' id='word_1_744' title='bbox 921 2256 1011 2289; x_wconf 82' lang='lat' dir='ltr'><strong>Quare</strong></span> <span class='ocrx_word' id='word_1_745' title='bbox 1026 2257 1097 2293; x_wconf 73' lang='lat' dir='ltr'><strong>qthei</strong></span> <span class='ocrx_word' id='word_1_746' title='bbox 1121 2256 1363 2292; x_wconf 78' lang='lat' dir='ltr'><strong>(Multammedaui)</strong></span> <span class='ocrx_word' id='word_1_747' title='bbox 1379 2262 1416 2285; x_wconf 76' lang='lat' dir='ltr'><strong>tot</strong></span> <span class='ocrx_word' id='word_1_748' title='bbox 1435 2259 1571 2293; x_wconf 81' lang='lat' dir='ltr'><strong>myriades</strong></span> <span class='ocrx_word' id='word_1_749' title='bbox 1588 2258 1710 2292; x_wconf 63' lang='lat' dir='ltr'><strong>ﬁdelium</strong></span> 
     </span>
    </p>
   </div>
   <div class='ocr_carea' id='block_1_105' title="bbox 958 2292 1710 2328">
    <p class='ocr_par' dir='ltr' id='par_1_105' title="bbox 958 2292 1710 2328">
     <span class='ocr_line' id='line_1_105' title="bbox 958 2292 1710 2328; baseline 0.004 -11"><span class='ocrx_word' id='word_1_750' title='bbox 958 2296 981 2317; x_wconf 87' lang='lat' dir='ltr'><strong>et</strong></span> <span class='ocrx_word' id='word_1_751' title='bbox 999 2292 1144 2325; x_wconf 77' lang='lat' dir='ltr'><strong>infantium</strong></span> <span class='ocrx_word' id='word_1_752' title='bbox 1159 2297 1183 2318; x_wconf 80' lang='lat' dir='ltr'><strong>et</strong></span> <span class='ocrx_word' id='word_1_753' title='bbox 1195 2297 1249 2319; x_wconf 85' lang='lat' dir='ltr'><strong>tam</strong></span> <span class='ocrx_word' id='word_1_754' title='bbox 1263 2293 1340 2327; x_wconf 86' lang='lat' dir='ltr'><strong>longo</strong></span> <span class='ocrx_word' id='word_1_755' title='bbox 1349 2294 1408 2327; x_wconf 85' lang='lat' dir='ltr'><strong>jam</strong></span> <span class='ocrx_word' id='word_1_756' title='bbox 1426 2292 1551 2328; x_wconf 66' lang='lat' dir='ltr'><strong>lentpore,</strong></span> <span class='ocrx_word' id='word_1_757' title='bbox 1562 2301 1710 2328; x_wconf 73' lang='lat' dir='ltr'><strong>puerosque</strong></span> 
     </span>
    </p>
   </div>
   <div class='ocr_carea' id='block_1_106' title="bbox 960 2328 1709 2362">
    <p class='ocr_par' dir='ltr' id='par_1_106' title="bbox 960 2328 1709 2362">
     <span class='ocr_line' id='line_1_106' title="bbox 960 2328 1709 2362; baseline 0.004 -10"><span class='ocrx_word' id='word_1_758' title='bbox 960 2328 1246 2362; x_wconf 31' lang='lat' dir='ltr'><strong>muriqteﬁbaptizalos</strong></span> <span class='ocrx_word' id='word_1_759' title='bbox 1261 2334 1283 2354; x_wconf 77' lang='lat' dir='ltr'><strong>et</strong></span> <span class='ocrx_word' id='word_1_760' title='bbox 1300 2329 1417 2354; x_wconf 78' lang='lat' dir='ltr'><strong>euntium</strong></span> <span class='ocrx_word' id='word_1_761' title='bbox 1433 2336 1520 2354; x_wconf 83' lang='lat' dir='ltr'><strong>rerum</strong></span> <span class='ocrx_word' id='word_1_762' title='bbox 1533 2329 1640 2362; x_wconf 71' lang='lat' dir='ltr'><strong>ignaros</strong></span> <span class='ocrx_word' id='word_1_763' title='bbox 1660 2337 1709 2356; x_wconf 76' lang='lat' dir='ltr'><strong>ra-</strong></span> 
     </span>
    </p>
   </div>
   <div class='ocr_carea' id='block_1_107' title="bbox 958 2361 1706 2397">
    <p class='ocr_par' dir='ltr' id='par_1_107' title="bbox 958 2361 1706 2397">
     <span class='ocr_line' id='line_1_107' title="bbox 958 2361 1706 2397; baseline 0.005 -10"><span class='ocrx_word' id='word_1_764' title='bbox 958 2361 1056 2395; x_wconf 77' lang='lat' dir='ltr'><strong>piunt?</strong></span> <span class='ocrx_word' id='word_1_765' title='bbox 1070 2361 1140 2388; x_wconf 85' lang='lat' dir='ltr'><strong>Nunt</strong></span> <span class='ocrx_word' id='word_1_766' title='bbox 1162 2362 1231 2389; x_wconf 73' lang='lat' dir='ltr'><strong>Deus</strong></span> <span class='ocrx_word' id='word_1_767' title='bbox 1249 2362 1349 2389; x_wconf 70' lang='lat' dir='ltr'><strong>nullius</strong></span> <span class='ocrx_word' id='word_1_768' title='bbox 1362 2371 1393 2389; x_wconf 75' lang='lat' dir='ltr'><strong>ex</strong></span> <span class='ocrx_word' id='word_1_769' title='bbox 1405 2363 1446 2390; x_wconf 80' lang='lat' dir='ltr'><strong>Itis</strong></span> <span class='ocrx_word' id='word_1_770' title='bbox 1461 2361 1591 2390; x_wconf 73' lang='lat' dir='ltr'><strong>ratiotiem</strong></span> <span class='ocrx_word' id='word_1_771' title='bbox 1606 2363 1686 2391; x_wconf 70' lang='lat' dir='ltr'><strong>habet</strong></span> <span class='ocrx_word' id='word_1_772' title='bbox 1697 2383 1706 2397; x_wconf 87' lang='lat'><strong>,</strong></span> 
     </span>
    </p>
   </div>
   <div class='ocr_carea' id='block_1_108' title="bbox 958 2397 1443 2431">
    <p class='ocr_par' dir='ltr' id='par_1_108' title="bbox 958 2397 1443 2431">
     <span class='ocr_line' id='line_1_108' title="bbox 958 2397 1443 2431; baseline 0.004 -8"><span class='ocrx_word' id='word_1_773' title='bbox 958 2402 982 2423; x_wconf 84' lang='lat' dir='ltr'><strong>et</strong></span> <span class='ocrx_word' id='word_1_774' title='bbox 996 2405 1076 2431; x_wconf 82' lang='lat' dir='ltr'><strong>quare</strong></span> <span class='ocrx_word' id='word_1_775' title='bbox 1092 2398 1206 2424; x_wconf 79' lang='lat' dir='ltr'><strong>universi</strong></span> <span class='ocrx_word' id='word_1_776' title='bbox 1222 2399 1260 2424; x_wconf 78' lang='lat' dir='ltr'><strong>sit:</strong></span> <span class='ocrx_word' id='word_1_777' title='bbox 1275 2398 1419 2424; x_wconf 82' lang='lat' dir='ltr'><strong>traduntur</strong></span> <span class='ocrx_word' id='word_1_778' title='bbox 1429 2397 1443 2425; x_wconf 68' lang='grc' dir='ltr'>Ρ</span> 
     </span>
    </p>
   </div>
   <div class='ocr_carea' id='block_1_109' title="bbox 957 2485 1705 2522">
    <p class='ocr_par' dir='ltr' id='par_1_109' title="bbox 957 2485 1705 2522">
     <span class='ocr_line' id='line_1_109' title="bbox 957 2485 1705 2522; baseline 0.004 -9"><span class='ocrx_word' id='word_1_779' title='bbox 957 2487 999 2514; x_wconf 86' lang='lat' dir='ltr'><strong>Ad</strong></span> <span class='ocrx_word' id='word_1_780' title='bbox 1012 2492 1135 2514; x_wconf 82' lang='lat' dir='ltr'><strong>octavam</strong></span> <span class='ocrx_word' id='word_1_781' title='bbox 1150 2486 1327 2522; x_wconf 61' lang='lat' dir='ltr'><strong>quaestionem</strong></span> <span class='ocrx_word' id='word_1_782' title='bbox 1345 2485 1505 2515; x_wconf 86' lang='lat' dir='ltr'><strong>dicendum.</strong></span> <span class='ocrx_word' id='word_1_783' title='bbox 1519 2486 1614 2522; x_wconf 85' lang='lat' dir='ltr'><strong>Neque</strong></span> <span class='ocrx_word' id='word_1_784' title='bbox 1628 2488 1705 2517; x_wconf 88' lang='lat' dir='ltr'><strong>enim</strong></span> 
     </span>
    </p>
   </div>
   <div class='ocr_carea' id='block_1_110' title="bbox 922 2532 1706 2570">
    <p class='ocr_par' dir='ltr' id='par_1_110' title="bbox 922 2532 1706 2570">
     <span class='ocr_line' id='line_1_110' title="bbox 922 2532 1706 2570; baseline 0.004 -11"><span class='ocrx_word' id='word_1_785' title='bbox 922 2532 981 2560; x_wconf 86' lang='lat' dir='ltr'><strong>sine</strong></span> <span class='ocrx_word' id='word_1_786' title='bbox 996 2533 1042 2560; x_wconf 88' lang='lat' dir='ltr'><strong>Dei</strong></span> <span class='ocrx_word' id='word_1_787' title='bbox 1062 2533 1247 2568; x_wconf 71' lang='lat' dir='ltr'><strong>prtescientia,</strong></span> <span class='ocrx_word' id='word_1_788' title='bbox 1265 2540 1353 2567; x_wconf 89' lang='lat' dir='ltr'><strong>neque</strong></span> <span class='ocrx_word' id='word_1_789' title='bbox 1381 2537 1480 2568; x_wconf 68' lang='lat' dir='ltr'><strong>praeter</strong></span> <span class='ocrx_word' id='word_1_790' title='bbox 1494 2534 1554 2569; x_wconf 81' lang='lat' dir='ltr'><strong>ejus</strong></span> <span class='ocrx_word' id='word_1_791' title='bbox 1569 2535 1706 2570; x_wconf 75' lang='lat' dir='ltr'><strong>cognitio-</strong></span> 
     </span>
    </p>
   </div>
   <div class='ocr_carea' id='block_1_111' title="bbox 921 2579 1702 2614">
    <p class='ocr_par' dir='ltr' id='par_1_111' title="bbox 921 2579 1702 2614">
     <span class='ocr_line' id='line_1_111' title="bbox 921 2579 1702 2614; baseline 0.004 -8"><span class='ocrx_word' id='word_1_792' title='bbox 921 2586 983 2606; x_wconf 85' lang='lat' dir='ltr'><strong>nem</strong></span> <span class='ocrx_word' id='word_1_793' title='bbox 1001 2579 1149 2613; x_wconf 84' lang='lat' dir='ltr'><strong>quidquam</strong></span> <span class='ocrx_word' id='word_1_794' title='bbox 1178 2580 1286 2607; x_wconf 85' lang='lat' dir='ltr'><strong>cvenit:</strong></span> <span class='ocrx_word' id='word_1_795' title='bbox 1318 2587 1403 2614; x_wconf 80' lang='lat' dir='ltr'><strong>neque</strong></span> <span class='ocrx_word' id='word_1_796' title='bbox 1429 2581 1520 2608; x_wconf 88' lang='lat' dir='ltr'><strong>omnia</strong></span> <span class='ocrx_word' id='word_1_797' title='bbox 1552 2582 1702 2610; x_wconf 86' lang='lat' dir='ltr'><strong>secundum</strong></span> 
     </span>
    </p>
   </div>
   <div class='ocr_carea' id='block_1_112' title="bbox 921 2624 1705 2659">
    <p class='ocr_par' dir='ltr' id='par_1_112' title="bbox 921 2624 1705 2659">
     <span class='ocr_line' id='line_1_112' title="bbox 921 2624 1705 2659; baseline 0.005 -8"><span class='ocrx_word' id='word_1_798' title='bbox 921 2624 1196 2659; x_wconf 74' lang='lat' dir='ltr'><strong>ejusheueplacituin</strong></span> <span class='ocrx_word' id='word_1_799' title='bbox 1214 2631 1242 2652; x_wconf 90' lang='lat' dir='ltr'><strong>et</strong></span> <span class='ocrx_word' id='word_1_800' title='bbox 1254 2625 1481 2653; x_wconf 77' lang='lat' dir='ltr'><strong>benevolentiam.</strong></span> <span class='ocrx_word' id='word_1_801' title='bbox 1500 2627 1577 2659; x_wconf 84' lang='lat' dir='ltr'><strong>Quod</strong></span> <span class='ocrx_word' id='word_1_802' title='bbox 1594 2627 1705 2655; x_wconf 84' lang='lat' dir='ltr'><strong>eviden-</strong></span> 
     </span>
    </p>
   </div>
   <div class='ocr_carea' id='block_1_113' title="bbox 922 2670 1704 2704">
    <p class='ocr_par' dir='ltr' id='par_1_113' title="bbox 922 2670 1704 2704">
     <span class='ocr_line' id='line_1_113' title="bbox 922 2670 1704 2704; baseline 0.004 -10"><span class='ocrx_word' id='word_1_803' title='bbox 922 2672 963 2695; x_wconf 86' lang='lat' dir='ltr'><strong>ter</strong></span> <span class='ocrx_word' id='word_1_804' title='bbox 988 2673 1095 2696; x_wconf 86' lang='lat' dir='ltr'><strong>constat</strong></span> <span class='ocrx_word' id='word_1_805' title='bbox 1127 2677 1174 2703; x_wconf 87' lang='lat' dir='ltr'><strong>per</strong></span> <span class='ocrx_word' id='word_1_806' title='bbox 1200 2670 1307 2704; x_wconf 84' lang='lat' dir='ltr'><strong>culpam</strong></span> <span class='ocrx_word' id='word_1_807' title='bbox 1327 2670 1408 2696; x_wconf 78' lang='lat' dir='ltr'><strong>Adze:</strong></span> <span class='ocrx_word' id='word_1_808' title='bbox 1427 2670 1529 2697; x_wconf 88' lang='lat' dir='ltr'><strong>sciebat</strong></span> <span class='ocrx_word' id='word_1_809' title='bbox 1543 2671 1613 2697; x_wconf 78' lang='lat' dir='ltr'><strong>enim</strong></span> <span class='ocrx_word' id='word_1_810' title='bbox 1629 2671 1704 2698; x_wconf 90' lang='lat' dir='ltr'><strong>illam</strong></span> 
     </span>
    </p>
   </div>
   <div class='ocr_carea' id='block_1_114' title="bbox 922 2716 1705 2751">
    <p class='ocr_par' dir='ltr' id='par_1_114' title="bbox 922 2716 1705 2751">
     <span class='ocr_line' id='line_1_114' title="bbox 922 2716 1705 2751; baseline 0.003 -9"><span class='ocrx_word' id='word_1_811' title='bbox 922 2719 1104 2750; x_wconf 78' lang='lat' dir='ltr'><strong>perpetratum</strong></span> <span class='ocrx_word' id='word_1_812' title='bbox 1120 2721 1197 2742; x_wconf 81' lang='lat' dir='ltr'><strong>esse:</strong></span> <span class='ocrx_word' id='word_1_813' title='bbox 1223 2721 1250 2743; x_wconf 84' lang='lat' dir='ltr'><strong>et</strong></span> <span class='ocrx_word' id='word_1_814' title='bbox 1270 2716 1372 2750; x_wconf 79' lang='lat' dir='ltr'><strong>lignum</strong></span> <span class='ocrx_word' id='word_1_815' title='bbox 1391 2716 1512 2743; x_wconf 71' lang='lat' dir='ltr'><strong>scientia:</strong></span> <span class='ocrx_word' id='word_1_816' title='bbox 1535 2716 1705 2751; x_wconf 76' lang='lat' dir='ltr'><strong>plantaverat</strong></span> 
     </span>
    </p>
   </div>
   <div class='ocr_carea' id='block_1_115' title="bbox 922 2760 1705 2796">
    <p class='ocr_par' dir='ltr' id='par_1_115' title="bbox 922 2760 1705 2796">
     <span class='ocr_line' id='line_1_115' title="bbox 922 2760 1705 2796; baseline 0 -8"><span class='ocrx_word' id='word_1_817' title='bbox 922 2761 991 2796; x_wconf 88' lang='lat' dir='ltr'><strong>ipse.</strong></span> <span class='ocrx_word' id='word_1_818' title='bbox 1012 2768 1064 2788; x_wconf 88' lang='lat' dir='ltr'><strong>non</strong></span> <span class='ocrx_word' id='word_1_819' title='bbox 1080 2760 1190 2796; x_wconf 88' lang='lat' dir='ltr'><strong>quidem</strong></span> <span class='ocrx_word' id='word_1_820' title='bbox 1208 2767 1237 2787; x_wconf 92' lang='lat' dir='ltr'><strong>ut</strong></span> <span class='ocrx_word' id='word_1_821' title='bbox 1251 2762 1336 2788; x_wconf 81' lang='lat' dir='ltr'><strong>Adam</strong></span> <span class='ocrx_word' id='word_1_822' title='bbox 1355 2770 1417 2789; x_wconf 87' lang='lat' dir='ltr'><strong>reus</strong></span> <span class='ocrx_word' id='word_1_823' title='bbox 1434 2762 1521 2795; x_wconf 81' lang='lat' dir='ltr'><strong>ﬁeret,</strong></span> <span class='ocrx_word' id='word_1_824' title='bbox 1553 2763 1599 2790; x_wconf 88' lang='lat' dir='ltr'><strong>sed</strong></span> <span class='ocrx_word' id='word_1_825' title='bbox 1613 2767 1640 2789; x_wconf 91' lang='lat' dir='ltr'><strong>ut</strong></span> <span class='ocrx_word' id='word_1_826' title='bbox 1655 2770 1705 2796; x_wconf 86' lang='lat' dir='ltr'><strong>0p-</strong></span> 
     </span>
    </p>
   </div>
   <div class='ocr_carea' id='block_1_116' title="bbox 922 2808 1705 2844">
    <p class='ocr_par' dir='ltr' id='par_1_116' title="bbox 922 2808 1705 2844">
     <span class='ocr_line' id='line_1_116' title="bbox 922 2808 1705 2844; baseline 0.001 -9"><span class='ocrx_word' id='word_1_827' title='bbox 922 2812 1038 2844; x_wconf 80' lang='lat' dir='ltr'><strong>portuue</strong></span> <span class='ocrx_word' id='word_1_828' title='bbox 1055 2812 1081 2835; x_wconf 90' lang='lat' dir='ltr'><strong>et</strong></span> <span class='ocrx_word' id='word_1_829' title='bbox 1094 2808 1237 2835; x_wconf 82' lang='lat' dir='ltr'><strong>commode</strong></span> <span class='ocrx_word' id='word_1_830' title='bbox 1253 2809 1284 2835; x_wconf 88' lang='lat' dir='ltr'><strong>de</strong></span> <span class='ocrx_word' id='word_1_831' title='bbox 1297 2808 1433 2835; x_wconf 78' lang='lat' dir='ltr'><strong>fructibus</strong></span> <span class='ocrx_word' id='word_1_832' title='bbox 1451 2809 1635 2840; x_wconf 71' lang='lat' dir='ltr'><strong>eiussutueus</strong></span> <span class='ocrx_word' id='word_1_833' title='bbox 1647 2817 1705 2836; x_wconf 49' lang='grc' dir='ltr'><strong>ηιμ</strong></span> 
     </span>
    </p>
   </div>
   <div class='ocr_carea' id='block_1_117' title="bbox 1302 2910 1318 2920">
    <p class='ocr_par' dir='ltr' id='par_1_117' title="bbox 1302 2910 1318 2920">
     <span class='ocr_line' id='line_1_117' title="bbox 1302 2910 1318 2920; baseline 0 0"><span class='ocrx_word' id='word_1_834' title='bbox 1302 2910 1318 2920; x_wconf 48' lang='grc' dir='ltr'>ς</span> 
     </span>
    </p>
   </div>
  </div>
