1918 3042
61 76 117 109 853

436 73 634 104 RESPONSA
654 74 703 103 AD
718 71 944 104 GABRIELEM
958 73 1324 106 PENTAPOLITANUM.

1644 74 1697 106 854

62 135 122 170 κίᾳ,
138 135 166 160 ἐν
179 134 213 168 τῇ
232 133 315 168 γενεᾷ
331 132 405 168 πάσῃ
418 131 513 164 αὑτοῦ,
530 132 590 166 ἥτις
608 132 654 158 καὶ
670 129 858 165 κατακλυσμῷ

919 138 970 157 'um
989 136 1060 158 recta
1080 136 1108 160 et
1120 133 1162 166 pia
1184 132 1373 160 manifestatur
1386 133 1451 166 vita,
1467 137 1495 160 ut
1507 133 1615 161 fuerunt
1630 134 1697 169 Abel

63 180 274 215 ἐξωλόθρευται,
291 179 320 205 ὲν
375 179 484 209 πάντως
499 179 581 213 γενεᾷ
593 179 626 212 τῇ
646 177 792 212 φθαρείσῃ,
808 177 856 203 καὶ

64 227 153 262 νήπια
174 226 315 261 μυριάδες,
336 225 414 260 331
443 225 532 251 πάντα
551 225 599 251 καὶ
614 224 683 250 αὐτᾶ
707 223 778 250 κατά
795 223 858 253 τοὺς

66 273 194 307 Πατέρας
215 272 345 307 μέλλοντα
361 272 453 305 ζῆσαι.
471 270 528 297 Καὶ
543 270 580 301 ὡς
601 269 726 304 ’Λῧραὰμ
744 271 773 295 ὲν
785 269 858 295 Χαλ-

64 319 154 350 δαίοις
164 319 212 345 καὶ
228 318 302 354 πάσῃ
314 319 349 353 γῇ
364 318 435 353 πλὴν
452 316 620 352 Μελχισεδὲκ
634 317 679 343 καὶ
691 317 744 342 τῶν
758 316 858 351 ὁμοίων

65 367 154 402 αὐτῷ,
172 366 252 401 εἴπερ
276 367 324 392 καὶ
340 365 417 392 ἄλλοι
434 363 495 391 κατ’
516 363 614 390 αὐτόν·
634 363 682 389 καὶ¹
699 362 737 393 ὡς
752 362 813 388 Λὼτ
829 363 858 388 ὲν

67 413 208 447 Σοδόμοις,
237 413 285 439 καὶ
306 412 405 446 Ἰωσὴφ
429 411 459 437 ὲν
490 409 633 444 Αἰγύπτῳ,
662 409 709 434 καὶ
731 409 763 434 τὸ
783 408 858 439 ἔθνος

65 458 123 484 τῶν
143 457 279 485 Ἰουδαίων
298 457 377 492 μόνον
401 457 430 482 ἐν
446 457 492 490 γῇ,
507 456 553 481 καὶ
576 455 642 481 αὐτὸ
662 455 777 481 πλεῖστα
792 453 857 480 πολ-

66 504 150 534 λάκις
175 504 371 537 σφαλλόμενον.
396 503 444 534 Τίς
457 500 504 529 οὖν
527 502 606 536 ἄραό
628 501 713 532 αἴτιος
728 501 778 536 τῆς
795 501 858 527 ἀσε-

68 550 148 581 ϐείας
159 551 215 580 τοῖς
229 549 377 580 ἀσεϐοῦσι;
392 548 476 580 Θεός;
498 548 584 583 ’Υπὲρ
599 548 690 574 πᾶσαν
703 547 782 573 τοῦτο
796 546 859 574 ἀσέ-

66 597 145 623 ϐειαν
173 596 256 627 εἴτις
280 596 338 630 ἐρεῖ
353 595 400 621 καὶ
422 594 606 629 βλασφημίαν.
632 593 715 628 Δῆλον
744 593 798 627 γὰρ
821 592 859 624 ὡς

67 643 180 676 κολάζει
200 643 263 674 τοὺς
280 642 399 673 ἀσεϐεῖς.
418 641 495 668 Διατι
520 639 566 668 οὖν
581 641 648 675 τιμᾷ
665 641 713 674 μὲν
725 639 856 672 δικαίους,

67 691 117 717 καὶ
143 690 246 716 τούτων
265 688 387 723 κήδεται,
414 688 575 722 τιμωρεῖται
606 687 635 713 δὲ
658 685 859 717 δυσσεϐοὖντας

68 736 118 762 καὶ
138 735 341 771 ἀποστρέφεται
356 744 364 767 ;
380 735 492 764 Πάντως
515 734 553 764 ὡς
577 732 639 763 τοὺς
665 732 787 763 εὐσεσεῐς
811 730 860 765 μὲν

68 780 288 815 ἀποδεχόμενος,
313 781 376 810 τοὺς
407 779 515 809 ἀσεϐεῖς
539 778 568 805 δὲ
596 777 859 812 ἀποστρεφόμενος,

68 826 134 852 ἐπεὶ
150 825 211 852 οὐδὲ
230 825 327 860 ἀφίησι
349 834 375 851 τι
399 825 452 851 τῶν
468 824 542 858 πρὸς·
562 823 702 858 σωτηρίαν
730 823 767 856 μὴ
783 823 861 857 ὲνερ-

68 873 142 906 γεῖν,
156 871 227 898 ὥστε
248 872 398 905 ἐπιγνῶναι
423 870 505 897 αὐτόν
517 879 525 886 ·
557 871 604 897 καὶ
621 870 666 896 τὸν
690 869 791 904 κόσμον
807 869 861 905 γὰρ

70 918 108 944 δι’
123 918 198 953 ἡμᾶς
212 917 325 952 ἐποίησέ
348 925 377 943 τε
395 917 444 943 καὶ
460 916 565 946 διοικεῖ,
583 915 629 941 καὶ
646 914 680 941 τὰ
697 914 745 949 τῆς
760 913 861 948 ἀρετῆς

70 963 184 997 ἔμφυτα
203 962 302 996 ἔθηκεν
316 963 344 988 ὲν
359 957 435 996 ἡμῖν,
451 961 499 988 καὶ
511 960 622 991 δούλους
639 959 798 987 ἀπέστειλεν
811 959 862 985 αὐ-

72 1009 122 1035 τοῦ
141 1008 173 1035 τὸ
186 1007 268 1035 αὑτοῦ
286 1007 473 1042 κηρύττοντας
488 1007 597 1041 θέλημα
611 1013 618 1021 ·
635 1007 680 1032 καὶ
692 1005 773 1040 νόμον
784 1005 862 1031 ἔθετο

70 1054 155 1086 θεῖον,
175 1054 222 1081 καὶ
245 1054 387 1089 προφήτας
411 1053 505 1086 ἔδειξε,
520 1053 566 1079 καὶ
594 1051 669 1082 τέλος
694 1051 775 1082 αὐτὸς
797 1048 862 1086 ﬁxos

70 1101 106 1127 δι’
121 1100 221 1127 ἑαυτοῦ
232 1108 239 1116 ·
258 1101 306 1127 καὶ
330 1099 460 1134 μαθητῶν
476 1098 558 1134 χορὸν
582 1098 733 1132 ἐξελέξατο,
750 1097 796 1123 καὶ
823 1098 863 1128 εἰς

73 1147 119 1174 τὸν
134 1148 235 1182 κόσμον
251 1147 398 1182 κηρύσσειν
418 1145 565 1180 ἐξέπεμψε,
584 1145 631 1172 καὶ
655 1144 782 1178 θαύματα
797 1152 864 1170 κατ-

72 1195 234 1230 ειργάσατο,
256 1194 337 1221 ἅτινα
352 1193 383 1229 δὴ
399 1195 445 1220 καὶ
460 1193 542 1227 μέχρι
557 1191 606 1218 νῦν
630 1191 792 1225 ἐνεργεῖται.
810 1190 864 1216 Καὶ

74 1243 186 1277 πρῶτον
202 1241 250 1276 μὲν
266 1240 312 1267 τοῦ
325 1240 456 1275 ὀνόματος
472 1238 556 1266 αὐτοῦ
569 1237 772 1273 κηρυττομένου
783 1236 864 1262 παντὶ

74 1289 114 1324 τῷ
131 1289 238 1323 κόσμῳ,
263 1287 359 1313 ἔπειτα
381 1286 425 1312 διά
448 1286 499 1317 τῆς
519 1284 673 1318 Παρθενίας
690 1282 773 1318 αὑτοῦ
787 1283 864 1309 πολι-

73 1335 227 1370 τευομένης
248 1335 276 1361 ἑν
300 1334 335 1369 γῇ
348 1341 356 1349 ·
373 1331 432 1359 εἶτα
453 1331 495 1358 διὰ
509 1331 557 1366 τῆς
577 1331 624 1357 τοῦ
646 1329 750 1365 κόσμου
765 1329 864 1363 φυγῆς,

77 1381 156 1417 παρὰ
173 1380 280 1407 πολλῶν
293 1379 356 1414 ἄχρι
370 1379 417 1405 τοῦ
430 1377 476 1404 νῦν
490 1377 691 1412 πραττομένης,
709 1377 757 1402 καὶ
769 1375 809 1402 ἔτι
823 1375 866 1402 διὰ

77 1429 130 1462 τῆς
149 1426 318 1461 μονογαμίας
343 1425 390 1451 καὶ
406 1424 584 1459 σωφροσύνης
598 1423 652 1449 τῶν
673 1423 743 1450 κατά
764 1423 865 1457 κόσμον

74 1472 225 1508 ὀρθοδόξων
242 1471 346 1498 πιστῶν
376 1470 471 1502 αὑτοῦ,
490 1470 584 1495 ἔπειτα
609 1469 653 1495 διὰ
681 1468 731 1504 τῆς
752 1476 875 1495 κακοπα-

76 1520 154 1551 θείας
177 1519 228 1553 τῆς
250 1518 361 1553 σαρκὸς.
387 1517 416 1543 ἐν
441 1516 547 1547 πολλοῖς
568 1515 622 1542 τῶν
647 1515 748 1541 δούλων
781 1514 864 1542 αὐτοῦ

76 1565 280 1601 ἐνεργουμένης
300 1563 431 1593 ἑκουσίως
449 1563 481 1596 τῇ
501 1561 617 1595 ἀσκήσει
635 1560 682 1586 καὶ
693 1561 866 1595 ἀναχωρήσει

77 1612 134 1638 τῶν
145 1609 300 1646 κοσμικῶν,
313 1609 350 1640 ὡς
363 1609 445 1639 αὐτὸς
457 1606 607 1639 διετάξατο,
621 1606 667 1632 καὶ
680 1605 724 1631 διὰ
735 1605 789 1631 τῶν
800 1605 867 1631 imo-

77 1657 254 1692 θνησκόντων
270 1656 334 1690 ἄχρι
349 1654 397 1681 τοῦ
419 1654 465 1680 νῦν
479 1653 525 1680 καὶ
538 1652 715 1687 διωκομένων
733 1651 803 1685 ὑπὲρ
816 1650 866 1684 τῆς

76 1703 161 1730 αὑτοῦ
179 1702 332 1737 μαρτυρίας
347 1701 394 1727 καὶ
418 1699 464 1726 τοῦ
482 1699 552 1732 ὑπὲρ
567 1698 617 1732 τῆς
639 1698 756 1728 πίστεως
773 1696 865 1731 ζήλου.

79 1750 136 1776 Καὶ
156 1748 190 1775 δι’
207 1747 297 1774 αὐτῶν
311 1746 337 1772 δὲ
353 1746 406 1772 τῶν
422 1744 502 1778 ιερῶν
527 1745 626 1774 τόπων,
643 1744 672 1769 ἐν
686 1741 727 1773 οἷς
751 1743 784 1769 τὰ
797 1742 867 1777 ὑπὲρ

77 1796 158 1830 ἡμῶν
177 1795 325 1828 ἐνήργησε,
346 1793 376 1818 τὸ
392 1791 550 1826 θαυμαστὸν
569 1789 731 1823 καθορᾶται,
748 1788 799 1814 ὑπὸ
813 1787 867 1813 τῶν

80 1840 317 1877 βλασφημούντων
328 1838 409 1865 αὐτον
421 1837 511 1864 ἀθέων
522 1836 556 1862 τά
571 1836 660 1862 ἐκεῖσε
675 1835 814 1869 ἀρχόντων
830 1834 867 1868 μὴ

77 1889 300 1924 ἀφανιζομένων,
323 1885 526 1920 συνισταμένων
552 1883 580 1910 δὲ
606 1883 706 1917 μᾶλλον
733 1882 818 1914 ἁγίων
839 1883 869 1906 ἐν

79 1936 174 1965 αὐτοῖς
187 1933 282 1965 οἴκων,
300 1932 346 1959 καὶ
359 1931 397 1965 τῷ
414 1930 461 1957 τοῦ
479 1930 605 1964 Σωτῆρος
619 1929 731 1962 ὀνόματι
745 1928 868 1962 τιμωμέα

79 1990 146 2013 νων,
163 1981 209 2006 καὶ
225 1978 319 2009 ἁπλῶς
332 1977 366 2004 δι’
381 1977 483 2012 ἐτέρων
497 1975 692 2010 ἀναριθμήτων
708 1973 866 2008 θαυμάτων,

79 2029 136 2055 τῶν
152 2035 183 2053 τε
208 2027 237 2052 ἐν
251 2025 338 2059 ἁγίοις
353 2025 438 2054 ναοῖς,
455 2024 484 2048 ὲν
500 2023 587 2056 ἁγίοις
605 2021 708 2052 ὕδασιν,
732 2021 760 2047 ἐν
775 2019 869 2053 ἁγίαις

77 2072 184 2098 εἰκόσιν
196 2091 202 2103 ,
225 2071 253 2096 ὲν
277 2069 359 2103 ἱεροῖς
375 2068 512 2102 λειψάνοις
528 2066 743 2101 ἐνεργουμένων,
765 2065 812 2091 καὶ
827 2064 869 2090 διὰ

78 2116 128 2144 τοῦ
152 2116 245 2151 μένειν
273 2114 342 2141 αὐτὰ
364 2113 450 2147 εὐώδη
469 2113 516 2139 καὶ
539 2111 630 2143 ἀσινῆ,
648 2111 688 2137 ἔτι
712 2119 740 2137 τε
761 2110 804 2136 διὰ
822 2109 868 2136 τοῦ

908 181 936 204 et
952 176 1025 210 Sem,
1042 178 1092 205 soli
1108 178 1135 205 in
1151 179 1328 213 generatione
1336 179 1413 211 Cain,
1428 184 1456 207 et
1472 179 1528 207 Noe
1543 181 1618 208 solus
1632 188 1696 207 cum

909 230 958 250 sua
971 222 1053 250 domo
1067 223 1093 250 in
1113 224 1187 251 otnni
1206 224 1264 259 ejus
1281 225 1455 259 generatione
1475 233 1535 260 qua:
1552 231 1579 252 ct
1595 225 1698 253 diluvio

910 275 1071 306 consumpta
1086 276 1127 299 est
1143 281 1150 299 :
1169 277 1196 299 et
1222 272 1249 298 in
1264 272 1307 300 illa
1333 273 1444 300 omnino
1469 280 1596 308 corrupta
1619 281 1700 308 gene—

911 317 1016 357 ratione
1032 322 1108 344 erant
1126 324 1234 351 quoque
1255 318 1382 350 infantes,
1410 324 1438 346 et
1460 318 1571 353 in3uper
1587 327 1696 352 omnes,

911 368 941 390 ut
957 367 1050 390 notant
1066 363 1170 395 Patres,
1182 364 1229 398 qui
1245 364 1326 392 modo
1342 365 1493 400 ingressuri
1518 370 1596 392 erant
1612 365 1645 392 ad
1659 366 1699 392 vi-

911 413 964 436 tam
978 418 985 443 ;
1000 416 1026 436 et
1038 410 1174 437 Abraham
1188 411 1214 437 in
1227 410 1361 438 Cbaldmis
1373 415 1400 438 et
1418 411 1443 437 in
1459 415 1512 438 tota
1529 416 1610 442 terra,
1628 419 1698 445 prte-

911 460 950 482 tt-r
975 456 1182 488 Melchisedech,
1211 457 1247 484 illi
1275 457 1386 490 similes,
1413 457 1459 484 alii
1485 458 1557 484 enim
1573 458 1701 484 dicuntur

910 502 1061 529 secundum
1082 503 1244 538 exemplum'
1256 503 1314 537 ejus
1332 504 1449 536 vixisse;
1478 507 1504 531 et
1521 504 1594 531 sicut
1606 503 1655 529 Lnt
1672 503 1700 530 in

911 545 1093 580 Sodomis,‘et
1109 549 1207 581 Joseph
1233 549 1259 575 in
1278 549 1403 584 Egypto,
1419 554 1445 577 et
1471 550 1586 584 pepulus
1620 549 1701 576 Israel

911 592 985 623 solus
1001 595 1072 622 inter
1085 596 1198 629 populos
1214 599 1293 623 teme
1321 596 1368 630 qui
1396 600 1485 623 tamen
1500 599 1526 623 et
1540 596 1654 623 multum
1671 601 1699 623 et

910 647 981 674 saepe
993 640 1117 674 deliquit.
1131 641 1198 673 Quis
1208 649 1272 675 ergo
1282 641 1372 676 impiis
1384 649 1466 669 causa
1480 647 1522 669 est
1533 641 1702 676 impietatis?

913 685 1002 714 Deus?
1017 685 1073 713 [Ioc
1089 687 1112 713 si
1131 687 1194 721 quis
1213 686 1324 718 dixerit,
1342 694 1425 721 super
1440 694 1550 715 onmem
1579 687 1703 722 impieta~

912 736 967 759 tem
988 737 1013 760 et
1035 733 1243 768 blasphemiam.
1266 733 1380 761 Evidens
1407 734 1479 760 enim
1502 737 1545 761 est
1567 739 1702 767 quantum

913 779 1006 813 puniat
1021 779 1129 814 impios.
1142 779 1231 812 Quare
1248 787 1312 814 ergo
1330 780 1445 807 honorat
1456 780 1546 814 justes
1561 785 1587 808 et
1601 781 1634 808 de
1649 781 1703 808 illis

912 832 1000 859 curat,
1016 826 1078 853 dum
1091 827 1206 861 castigat
1222 830 1250 854 et
1273 827 1346 861 ejicit
1365 827 1483 861 impios?
1498 827 1615 854 Omnino
1629 828 1704 854 sicut

911 872 971 906 pios
1002 871 1135 906 glorificat
1161 878 1187 899 et
1221 872 1319 906 impios
1347 872 1455 906 clongat
1483 879 1574 900 :cum
1593 872 1704 907 quidem

914 918 980 945 nihil
1002 925 1056 945 non
1085 918 1181 945 fecerit
1209 923 1334 954 propten
1344 919 1459 946 salutem
1477 923 1599 946 nostram
1625 924 1652 946 ct
1675 923 1705 946 ut

912 968 1139 999 cognosceretur;
1152 969 1177 991 et
1188 964 1450 998 Orbemﬁuniversum
1460 965 1582 992 condidit
1597 971 1706 999 propter

912 1018 963 1038 nos
977 1015 1003 1038 et
1018 1011 1167 1046 gubernat;
1179 1016 1206 1038 et
1218 1011 1245 1037 in
1259 1010 1337 1038 nobis
1350 1011 1441 1046 posuit
1457 1011 1562 1038 semina
1578 1011 1706 1043 virtutis;

914 1061 941 1085 et
964 1057 1040 1085 misit
1071 1065 1167 1085 servos
1193 1064 1258 1084 suos
1281 1057 1328 1092 qui
1357 1057 1435 1084 nobis
1460 1057 1623 1084 annuntient
1645 1057 1706 1091 ejus

913 1102 1099 1134 voluntatem;
1117 1106 1144 1129 ct
1164 1103 1251 1136 legem
1273 1101 1369 1129 statuit
1391 1102 1510 1129 divinam
1526 1106 1572 1135 ;et
1587 1104 1707 1137 prephc-

916 1153 956 1176 tas
974 1148 1064 1181 misit;
1081 1153 1107 1176 et
1121 1147 1241 1182 denique
1256 1149 1314 1182 ipse
1342 1148 1415 1175 venit
1433 1157 1440 1181 ;
1457 1153 1484 1176 et
1502 1148 1706 1182 discirmlorum

915 1195 1030 1222 chorum
1050 1195 1132 1230 elegit
1162 1202 1232 1229 quos
1250 1194 1325 1221 misit
1341 1194 1368 1221 in
1391 1194 1549 1222 universum
1570 1194 1706 1221 mundum

916 1242 1124 1277 praedicaturus;
1153 1244 1179 1268 et
1209 1240 1342 1267 miracula
1375 1239 1438 1268 fecit
1463 1247 1522 1274 quae
1550 1240 1658 1274 quidem
1681 1243 1710 1267 et

915 1295 1003 1323 usque
1036 1295 1108 1315 nunc
1126 1291 1262 1322 operatur.
1297 1287 1417 1319 Quorum
1445 1288 1562 1321 primum
1595 1286 1646 1313 fuit
1682 1290 1711 1313 ut

917 1334 1112 1369 praedicaretur
1136 1341 1233 1361 nomen
1260 1333 1319 1367 ejus
1335 1335 1362 1360 in
1389 1337 1444 1360 toto
1464 1333 1530 1360 orbe
1552 1338 1708 1365 terrarum;

916 1382 1013 1408 deinde
1032 1385 1060 1406 ut
1079 1387 1126 1414 pt'l‘
1137 1380 1316 1414 virginitatem
1334 1379 1393 1413 ejus
1416 1372 1573 1406 a'lliceretur
1589 1383 1615 1407 et
1631 1381 1711 1414 quasi

916 1427 1116 1461 gubernaretur
1136 1424 1334 1458 terra;deinxle
1346 1429 1375 1452 ιιι
1392 1425 1510 1451 mundus
1532 1425 1711 1452 desereretur

889 1471 911 1502 C
928 1477 953 1499 et
968 1479 981 1497 a
995 1471 1087 1497 multis
1101 1471 1183 1498 etiam
1216 1477 1288 1497 nunc
1304 1470 1466 1504 deseratur;
1482 1475 1509 1498 ct
1525 1475 1554 1498 ut
1568 1472 1712 1499 credentes

921 1518 947 1544 in
968 1525 1030 1544 cum
1051 1516 1084 1543 de
1101 1516 1204 1543 mundo
1219 1516 1367 1544 didicerint
1381 1521 1407 1543 et
1422 1517 1634 1551 approbaverint
1652 1526 1711 1544 mo-

922 1563 1075 1597 nogamiam
1094 1568 1121 1590 et
1141 1563 1308 1589 castitatem.
1338 1563 1440 1589 Deinde
1459 1567 1488 1589 ut
1503 1571 1640 1590 servorum
1653 1565 1713 1599 ejus

922 1608 1049 1643 permulti
1079 1608 1198 1643 amplexi
1239 1608 1295 1635 sint
1321 1608 1558 1635 mortificationem
1575 1609 1713 1638 heroicam

921 1655 1011 1682 carnis
1043 1658 1142 1688 sponte
1174 1662 1221 1694 sua
1252 1662 1299 1688 per
1316 1654 1573 1688 contrmplationem
1590 1659 1617 1682 et
1646 1664 1714 1684 ana-

922 1700 1087 1727 choreticam
1109 1700 1279 1727 eversionem
1307 1708 1321 1727 a
1350 1701 1506 1732 mundanis,
1533 1701 1605 1728 sicut
1620 1710 1712 1729 exem-

923 1746 966 1781 plo
985 1747 1045 1782 igne
1061 1746 1203 1779 docuerat,
1220 1751 1246 1773 et
1269 1751 1296 1774 nl
1329 1747 1406 1773 multi
1434 1753 1548 1774 mortem
1580 1749 1715 1775 subierint

923 1798 949 1820 ct
963 1793 1089 1819 exsilium
1107 1800 1193 1827 usque
1210 1801 1280 1820 nunc
1301 1794 1325 1819 in
1345 1794 1528 1820 testiimniunt
1540 1794 1599 1828 eju~
1615 1798 1642 1821 et
1658 1794 1715 1822 zelo

924 1839 984 1866 nilei
1002 1848 1007 1863 :
1025 1842 1095 1865 etut
1113 1839 1138 1865 in
1157 1839 1223 1866 locis
1244 1839 1347 1866 sanctis
1379 1839 1424 1865 ubi
1442 1843 1553 1874 propter
1570 1848 1619 1866 nos
1642 1840 1715 1866 lalvo-

924 1884 993 1911 rnvit
1026 1888 1185 1919 perpetuum
1222 1884 1405 1918 conspiciatur
1442 1885 1604 1911 miraculum
1642 1886 1714 1919 qunti

924 1929 1101 1964 blaspltcmiis
1128 1929 1269 1956 atbeorum
1298 1937 1351 1956 non
1377 1929 1522 1956 obscurata
1544 1934 1570 1956 et
1600 1931 1714 1964 praecisa

924 1977 977 2002 sint
996 1982 1057 2010 qute
1089 1975 1155 2002 inibi
1172 1976 1333 2010 principimn
1352 1975 1524 2008 habuerunt,
1551 1977 1597 2003 sed
1627 1977 1716 2010 potius

924 2022 1053 2050 stabilita:
1080 2022 1135 2049 sint
1153 2022 1179 2048 in
1206 2022 1256 2048 illis
1268 2025 1425 2049 sanctorum
1455 2022 1554 2050 donnts
1571 2027 1598 2049 et
1618 2030 1714 2050 eorum

924 2069 970 2103 qui
987 2067 1137 2095 Salvatoris
1163 2074 1260 2094 nomen
1278 2067 1438 2102 glorificant.
1461 2066 1522 2094 Uno
1535 2067 1618 2094 verbo
1632 2068 1715 2094 innu-

925 2122 1000 2142 mera
1016 2114 1068 2141 alia
1082 2118 1186 2148 patrata
1205 2118 1269 2140 sunt
1281 2113 1413 2140 miracula
1430 2113 1456 2140 in
1475 2114 1579 2140 sanctis
1593 2114 1715 2147 templis.

80 2162 233 2197 μυστηρίου
257 2161 305 2195 τῆς
330 2160 441 2195 χάριτος
460 2158 507 2185 τοῦ
523 2158 598 2184 λύειν
620 2165 649 2184 τε
679 2157 725 2183 καὶ
748 2157 865 2191 δεσμεῖνΙ

927 2161 953 2188 in
971 2160 1075 2188 sanctis
1101 2159 1190 2194 aquis,
1213 2159 1238 2186 in
1255 2158 1357 2186 sanctis
1373 2158 1550 2192 imaginibus,
1568 2159 1594 2186 in
1613 2160 1718 2187 sanctis

79 2209 129 2235 καὶ
153 2207 199 2233 διὰ
213 2206 260 2232 τοῦ
274 2207 365 2241 μένειν
382 2205 550 2240 διωκομένην
563 2204 613 2238 τὴν
635 2203 812 2237 Ἐκκλησίαν.
825 2203 873 2229 καὶ⁹

79 2254 165 2288 μέσον
182 2250 266 2279 οὖσαν
279 2252 332 2278 τῶν
348 2251 434 2278 ἐθνῶν
450 2250 619 2285 μισουμένην
636 2249 684 2275 καὶ
703 2248 871 2282 θλιϐομένην

79 2300 152 2326 κατά
167 2299 218 2334 τὴν
235 2299 434 2334 προαγόρευσιν
452 2297 506 2323 τῶν
523 2296 603 2323 θείων
626 2296 713 2328 λόγων
729 2295 822 2326 αὑτοῦ,
838 2294 872 2320 δι’

79 2343 118 2373 ὧν
130 2346 179 2372 καὶ
197 2345 247 2379 τὴν
264 2344 401 2379 βασιλείαν
416 2343 509 2376 αὑτοῦ,
526 2343 563 2373 ὡς
580 2341 642 2377 ἔφη,
661 2341 817 2375 ἐλπίζομεν.
837 2340 873 2366 Τὸ

82 2394 176 2428 μεῖζον
188 2391 217 2418 δέ
227 2400 270 2425 γε,
286 2392 327 2418 ὅτι
341 2391 388 2417 καὶ
398 2390 482 2425 χωρὶς
496 2390 644 2424 μαχαίρας,
659 2388 741 2423 χωρίς
749 2397 779 2414 τε
793 2395 874 2422 στρα-

81 2439 241 2472 τευμάτων,
256 2437 303 2464 καὶ
317 2437 401 2471 χωρὶς
416 2436 549 2472 βασιλέων
563 2434 787 2469 στρατευομένων
802 2433 873 2468 ὑπὲρ

82 2486 180 2516 αὑτοῦ,
208 2484 241 2510 δι’
257 2484 357 2512 ἀλιέων
375 2484 423 2510 καὶ
442 2483 576 2518 πενήτων,
601 2480 784 2515 διωκομένων,
805 2480 873 2506 ἀπο-

81 2527 267 2563 θνησκόντων,
294 2527 418 2560 ἰδιωτῶν,
436 2527 639 2561 ἀγραμμάτων,
657 2525 871 2560 λοιδορουμένων

80 2575 129 2601 καὶ
144 2573 410 2608 καταφρονουμένων
438 2571 471 2599 δι’
498 2572 591 2603 αὐτὸν,
615 2572 720 2603 πάντας
749 2572 872 2606 νικῆσαι,

83 2621 131 2647 καὶ
145 2621 179 2646 τὰ
194 2621 300 2654 μεγάλα
314 2619 538 2655 κατωρθωκέναι.
560 2618 644 2645 Ἃ).λά
663 2618 711 2645 καὶ
727 2619 757 2644 τὸ
782 2618 874 2653 μένειν

84 2667 171 2694 αὑτοῦ
183 2667 233 2702 τὴν
254 2666 420 2701 Ἐκκλησίαν
445 2666 507 2700 δίχα
523 2666 658 2700 κοσμικῆς
672 2665 719 2691 νῦν
739 2664 874 2697 ἐξουσίας,

84 2714 256 2748 διωκομένην
273 2713 338 2748 παρ’
363 2713 479 2748 ἐχθρῶν,
496 2713 565 2747 ὅπερ
581 2713 626 2739 καὶ
647 2713 702 2743 τοῖς
720 2711 827 2742 πολλοῖς
841 2711 874 2738 ἂν

86 2759 230 2796 νομισθείη
246 2759 383 2792 ἀσθένεια,
401 2759 516 2793 δύναμις
532 2759 614 2785 αὐτοῦ
631 2758 731 2793 μᾶλλον
746 2758 794 2784 καὶ
810 2758 876 2792 κρά-

86 2813 130 2836 τος
149 2805 224 2831 ἔσται
243 2805 345 2840 σαφῶς.
359 2805 416 2832 Ἰνα
431 2803 468 2839 μὴ
481 2804 654 2839 καυχήσηται
669 2803 786 2838 (Παῦλός
799 2803 876 2838 φησι)

926 2206 1050 2241 reliquiis
1067 2213 1127 2240 qua:
1148 2205 1298 2232 manebant
1325 2206 1405 2240 plene
1431 2206 1598 2240 incorrupta
1611 2210 1637 2232 et
1653 2214 1717 2232 sna-

924 2252 1068 2279 vissimum
1092 2251 1220 2278 efﬂabant
1235 2252 1356 2278 odorem.
1384 2252 1416 2278 Et
1433 2251 1546 2285 insuper
1567 2251 1592 2278 in
1613 2257 1716 2286 myste-

927 2300 967 2326 rio
980 2299 1075 2334 gratia:
1099 2306 1160 2333 qure
1183 2298 1264 2326 solvit
1281 2302 1307 2325 et
1320 2297 1403 2333 ligat;
1426 2298 1452 2324 in
1467 2305 1500 2324 eo
1527 2298 1597 2331 quod
1625 2303 1718 2325 manet

927 2345 1048 2372 Ecclesia
1061 2345 1212 2379 proscripta
1226 2349 1252 2371 et
1265 2344 1342 2378 quasi
1362 2343 1534 2370 exsulans-in
1552 2343 1640 2370 medio
1651 2351 1719 2378 gen-

929 2390 995 2417 tium
1009 2398 1068 2425 quze
1076 2398 1135 2417 eam
1147 2390 1263 2417 oderunt
1275 2393 1302 2416 et
1313 2389 1483 2421 conculcant,
1499 2392 1526 2414 ut
1551 2389 1720 2423 atlitnplean-

928 2441 972 2463 tur
1002 2444 1146 2464 sermones
1173 2436 1230 2470 ejus
1259 2435 1344 2462 divini
1370 2434 1470 2468 quibus
1495 2435 1575 2461 etiam
1608 2443 1719 2469 sperare

923 2483 1050 2518 jubemur
1066 2490 1177 2518 regnum
1197 2481 1267 2515 eius.
1289 2481 1359 2508 Illud
1392 2486 1481 2508 autem
1515 2482 1635 2508 niaxime
1663 2486 1718 2507 stn-

927 2529 1045 2564 pentlutn
1058 2529 1129 2563 quod
1141 2529 1244 2562 absque
1261 2528 1409 2557 mae-litera,
1422 2527 1526 2562 absque
1540 2527 1719 2559 exercitibus,

929 2580 956 2603 ct
971 2575 1073 2609 absque
1090 2573 1201 2607 regibus
1221 2580 1271 2606 pro
1293 2572 1338 2600 illo
1366 2573 1552 2608 pugnantibus
1571 2579 1618 2606 per
1632 2572 1721 2605 pisea-

929 2625 1002 2648 torcs
1021 2620 1146 2650 miseros,
1165 2617 1278 2652 eiectos,
1296 2618 1415 2650 occisos,
1442 2619 1612 2652 ignorantes,
1638 2616 1718 2644 ditia-

931 2671 1019 2693 matos
1044 2669 1071 2692 cl
1094 2668 1265 2698 contemptos
1292 2669 1405 2698 propter
1430 2664 1529 2698 ipsum,
1547 2670 1641 2689 omnes
1659 2663 1720 2688 \‘in-

930 2719 991 2738 cere
1006 2715 1032 2738 et
1044 2717 1141 2745 magna
1159 2709 1278 2743 dirigere
1296 2709 1393 2744 potuit.
1411 2709 1478 2735 Dum
1495 2712 1585 2735 autem
1598 2707 1718 2735 Ειείιξ›ἰίι

930 2757 989 2792 ejus
1005 2755 1077 2782 omni
1097 2759 1187 2782 manet
1209 2756 1346 2783 mundana
1361 2754 1516 2783 substantia
1538 2757 1565 2780 et
1586 2757 1720 2788 potestate

932 2803 1074 2835 destituta,
1105 2801 1138 2829 ab
1158 2800 1278 2830 inimicis
1309 2802 1416 2838 repulsa
1434 2807 1460 2830 et
1479 2801 1584 2837 ejecta;
1604 2800 1675 2836 quod
1705 2806 1721 2826 ιι
