1918 3042
216 99 268 130 855
277 107 280 110 ‘

659 99 852 131 SYMEONIS
871 97 1245 129 TIIESSALONICENSIS
1260 95 1441 127 ARCHIEP.

1793 95 1844 122 856

215 154 311 181 multis
326 153 495 188 judicaretur
514 154 672 189 inﬁrmitas,
689 155 749 190 ejus
762 155 852 190 potius
867 154 920 182 erit
939 155 993 182 vir-
1007 180 1009 184 .

1054 155 1119 180 πᾶσα
1134 153 1202 188 σὰρξ
1217 152 1388 180 ἑνώπιον’τοῦ
1404 150 1500 178 Θεοῦ.»
1519 149 1573 177 Καὶ
1588 147 1669 176 πάλιν
1681 157 1688 164 ι
1711 157 1720 173 ι
1736 147 1770 174 'll
1788 148 1843 180 γὰρ

215 203 260 226 tus
272 205 299 226 et
317 200 399 227 robur
415 201 565 228 evidenter.
586 209 595 226 ι
615 200 649 228 Ut
666 209 720 228 non
749 202 928 236 gloriﬁcetur,
961 201 999 229 ait

215 247 334 278 Paulus,
353 247 442 274 omnis
464 254 529 274 caro
555 247 581 275 in
599 252 746 283 conspectu
763 248 809 276 Dei
827 248 847 275 ⁸.
875 258 884 274 ι
906 249 938 275 Et
952 248 999 276 ite-

214 300 274 319 rum
291 301 298 319 :
315 302 324 318 ι
342 291 436 320 Virtus
465 298 554 321 autem
584 301 643 321 mea
660 294 688 321 in
707 293 866 322 inlirmitate
895 295 1001 330 perﬁci-

216 344 259 364 tnr
275 340 298 365 ’.
317 347 327 364 ι
352 338 383 366 Ει
408 339 480 366 sicut
501 340 577 375 prius
602 347 616 367 a
632 341 741 375 regibus
768 341 854 375 ejecta
880 341 999 369 Ecclesia

214 384 261 411 Dei
291 392 438 418 regnorum
466 385 603 419 superavit
635 387 795 421 potentiam.
823 387 861 414 ita
880 392 908 415 et
924 395 997 415 nttnc

213 437 262 465 per
278 430 404 465 pietatem
435 431 538 459 refecta
567 433 650 468 regali
678 433 846 466 infirmitate,
876 433 1000 461 Ecclesia

187 478 189 485 '
214 475 308 502 eadem
339 476 437 503 iterum
467 481 558 505 manet
574 478 645 505 inter
671 482 766 512 gentes
776 483 803 505 et
820 478 932 506 ﬁrmiter
945 485 1000 507 sta-

215 522 328 548 tuitur:
356 522 493 556 pressuris
517 527 543 550 et
575 524 751 558 passionibus
776 526 1000 552 antecedentibus

215 567 344 601 splendor
359 570 418 602 ejus
439 569 525 604 magis
538 570 646 596 acuitur
656 575 684 597 et
707 572 762 597 hare
774 571 874 598 clarius
887 571 999 599 relucet.

218 614 271 640 Sed
298 614 397 649 aliquis
423 615 492 642 forte
512 615 605 643 dicet:
625 615 772 644 Potentiori
793 617 1001 650 permittebatur

216 659 362 688 humiliare
378 661 483 695 piorum
495 668 606 696 regnum
622 667 649 689 et
666 662 817 695 virtutem?
834 663 946 691 Minime
960 671 1002 691 re-

216 705 283 733 fero.
301 705 443 739 Quomodo
462 707 555 735 enim?
585 707 654 736 Deus
680 709 767 743 ipsum
783 709 888 742 dilexit,
910 710 1000 744 ipsum

215 751 307 785 posuit
325 756 352 778 et
371 753 458 785 auxit,
473 756 500 779 et
521 752 644 786 praedixit
668 753 743 779 illum
766 760 826 780 esse
842 760 1000 780 mansurum

216 805 302 832 usque
318 798 344 824 in
364 798 444 825 ﬁnem
459 798 633 830 saeculorum,
647 799 723 833 juxta
740 797 867 833 Paulum,
881 799 975 827 dicens
992 808 998 826 :

222 844 297 872 «Non
308 845 398 872 veniet
413 846 484 872 ﬁlius
494 846 656 880 iniquitatis,
666 846 718 872 nisi
733 846 864 874 resistens
874 851 993 882 pereat.»

217 890 263 917 Pia
278 895 352 917 certe
365 891 488 918 Romana
507 896 638 926 potestas,
658 897 684 919 et
709 896 797 920 tamen
813 900 898 927 prona
918 894 1002 920 abivit

218 937 245 963 in
261 937 438 975 ignominiam
454 941 481 964 et
497 937 675 972 dejectionem
695 945 742 973 per
757 939 872 970 scelera,
890 943 917 966 et
934 946 1001 966 con-

217 983 365 1010 temnendo
394 982 485 1010 divina
524 989 658 1019 praecepta
686 985 758 1019 regis
785 985 907 1012 ontniunt
937 985 1001 1012 Jesu

216 1028 330 1056 Christi.
350 1028 484 1063 Superbia
500 1033 527 1056 et
544 1030 757 1064 praesumptione
773 1031 899 1066 prolapsa
914 1036 957 1058 est
974 1030 1001 1057 in

217 1075 389 1102 insolentiam
423 1080 450 1103 et
479 1075 711 1109 dissolutionem,
744 1081 771 1104 et
801 1078 828 1104 in
856 1077 1002 1111 spurcitias

217 1121 339 1155 gentium
355 1126 381 1148 et
404 1121 431 1148 in
461 1121 577 1156 injustas
601 1122 733 1154 actiones,
763 1130 911 1157 pauperum
930 1123 1002 1150 bona

217 1166 269 1194 sibi
286 1171 315 1193 ιιι
330 1167 440 1201 propria
471 1167 602 1202 rapiendo
619 1166 727 1200 ascivit,
745 1171 840 1194 contra
852 1175 898 1195 eos
910 1168 1001 1202 pra-lia

216 1221 271 1240 non
290 1213 425 1241 dubitavit
442 1213 618 1246 interserere,
636 1217 664 1241 et
680 1213 808 1241 Ecclesia:
825 1214 894 1242 ﬁlios
909 1219 1002 1241 osten-

216 1259 255 1285 tui
286 1259 380 1286 habuit
409 1267 416 1286 :
455 1259 506 1286 hoc
537 1259 621 1294 igitur
655 1265 782 1287 οιιιιιιυυε
815 1259 871 1287 fere
900 1260 1003 1287 devotis

216 1304 315 1331 accidit
330 1305 519 1339 conjuratione
535 1305 679 1339 daemonis,
696 1311 723 1333 et
741 1306 779 1333 ita
801 1306 901 1334 factum
915 1311 957 1334 est
973 1311 1003 1334 ιιι

215 1349 317 1377 Paulus
343 1351 433 1378 innuit
462 1350 555 1379 dicens
573 1360 580 1379 :
601 1361 610 1377 ι
633 1352 661 1379 lu
686 1352 844 1380 novissimis
870 1353 1002 1381 diebus...

217 1401 300 1423 erunt
333 1396 458 1424 homines
494 1398 600 1432 seipsos
629 1403 804 1431 amantes,...
835 1399 1001 1433 voluptatum

217 1445 411 1474 amatores,
430 1443 643 1476 incontinentes,
664 1453 673 1470 ι
694 1448 760 1474 ete..
786 1449 813 1472 et
837 1444 956 1479 denique
975 1445 1001 1472 in

1050 199 1164 234 δύναμίς
1174 207 1223 234 μου
1236 200 1265 225 ὲν
1276 198 1402 233 ἀσθενείᾳ
1409 196 1572 224 τελειοῦται.
1587 205 1597 222 ι
1609 195 1663 221 Καὶ
1675 194 1772 228 ὥσπερ
1785 193 1844 219 διω-

1050 245 1154 280 κομένη
1170 244 1236 279 πρὶν
1252 244 1304 270 ὑπὸ
1329 244 1462 278 βασιλέων
1477 243 1491 273 ή
1513 241 1661 276 Ἐκκλησία
1679 239 1766 267 αὐτοῦ
1794 240 1846 272 τὴν

1052 290 1192 324 βασιλείαν
1209 290 1309 325 μᾶλλον
1326 289 1410 325 ἑαυτῇ
1428 288 1628 319 καθυπέταξεν,
1647 286 1720 313 οὕτω
1731 286 1782 312 καὶ
1796 285 1843 310 νῦν

1051 337 1100 371 τῆς
1117 337 1247 369 εὐσεϐοῦς
1263 336 1401 371 βασιλείας
1416 335 1548 366 ἀσθενοῦς
1562 335 1721 369 γενομένης,
1739 334 1756 368 ή
1779 334 1842 360 Ἐκ-

1051 383 1151 418 κλησία
1177 383 1257 409 πάλιν
1276 385 1358 418 μέσον
1381 383 1436 409 τῶν
1456 382 1542 408 ὲονῶν
1559 383 1633 417 μένει
1654 389 1683 406 τε
1701 382 1748 407 καὶ
1765 381 1842 405 συνε-

1052 438 1159 461 σταται,
1183 429 1328 464 θλιϐομένη
1353 429 1399 456 καὶ
1416 429 1569 463 πάσχουσα,
1598 426 1690 458 καθὼς
1710 427 1844 461 προεῖπεν

1051 475 1143 506 αὐτὸς,
1176 474 1367 509 λαμπρύνεται
1396 474 1506 508 μᾶλλον,
1532 473 1587 500 Καὶ
1608 472 1667 507 ὲρεί
1687 480 1732 502 τις
1765 471 1843 503 ῐσως,

1051 522 1154 549 Λοιπὸν
1172 522 1298 556 κρεῖσσον
1312 518 1345 555 ἦν
1360 521 1390 547 τὸ
1405 519 1607 552 ταπεινωθῆναι
1622 518 1671 551 τὴν
1687 517 1745 544 τῶν
1762 517 1842 543 εὐσε-

1052 567 1107 594 ϐῶν
1135 566 1274 602 βασιλείαν
1288 574 1295 600 ;
1310 566 1444 601 Οὐδαμῶς
1466 565 1582 598 ετποιμι.
1603 564 1665 595 Πῶς
1687 563 1763 597 γάρ;
1782 562 1844 588 ἐπεὶ

1052 613 1117 645 Θεὸς
1132 613 1235 648 ταύτην
1260 613 1400 648 ἠγάπησε,
1427 612 1475 638 καὶ
1499 611 1704 645 συστησάμενος
1729 608 1843 643 ηὔξανε,

1052 659 1098 686 καὶ
1111 658 1155 685 διὰ
1173 657 1278 684 Παύλου
1296 657 1376 693 μέχρι
1391 657 1485 688 τέλους
1498 657 1595 688 αἰῶνος
1611 656 1704 691 μένειν
1719 655 1844 689 προὲφη-

1053 713 1111 737 σεν,
1128 705 1180 731 «Oti
1198 704 1236 739 μὴ
1245 704 1326 737 ἔλθοι,
1336 704 1432 738 λέγων,
1444 704 1458 730 ὁ
1469 703 1525 734 υἱὸς
1541 705 1590 738 τῆς
1602 704 1727 736 ἀνομίας,
1737 701 1763 727 εί
1779 701 1817 735 μὴ
1832 701 1846 726 ὸ

1053 751 1173 785 κατέχων
1184 751 1215 777 ἐκ
1231 750 1315 784 μέσου
1325 750 1463 785 γένηται.»
1480 749 1513 775 Ἣ
1523 748 1664 782 Ῥωμαῖκὴ
1676 747 1814 781 βασιλεία,
1825 747 1842 781 ἡ

1054 799 1168 834 εὐσεϐὴς
1183 798 1293 833 δηλαδὴ,
1309 798 1326 832 ἢ
1337 799 1384 824 καὶ
1396 797 1571 832 συνεχωρήθη
1585 795 1790 829 ταπεινωθῆναι
1800 794 1845 820 διὰ

1053 844 1101 876 τὰς
1116 845 1266 878 ἁμαρτίας,
1281 845 1328 870 καὶ
1341 844 1370 870 τὸ
1384 843 1421 878 μὴ
1438 843 1579 876 συντηρεῖν
1593 842 1628 869 τὰ
1644 842 1691 868 τοῦ
1708 841 1843 876 βασιλέως

1053 891 1107 918 τῶν
1118 891 1186 917 ὅλων
1204 890 1291 925 Ἰησοῦ
1304 889 1422 924 Χριστοῦ
1433 890 1492 916 θεῖα
1503 889 1656 924 θελήματα.
1667 889 1844 922 ὑπερηφανίᾳ

1053 936 1080 962 δὲ
1095 935 1143 962 καὶ
1156 936 1244 970 οἰήσει
1259 935 1435 966 καταπεσεῖν,
1453 934 1499 960 καὶ
1512 934 1628 968 τρυφαῖς
1639 934 1688 960 καὶ
1703 933 1841 963 ἁνέσεσιν,

1054 981 1234 1016 ἀκαθαρσίαις
1247 989 1277 1007 τε
1295 981 1424 1012 ἐθνικαῖς,
1437 982 1484 1006 καὶ
1501 979 1603 1011 ἀδίκοις
1624 979 1727 1013 ἔργοις,
1744 977 1842 1004 καὶτὰ

1053 1028 1106 1054 τῶν
1207 1027 1329 1063 πενήτων
1341 1026 1522 1057 οίκειοῦσθαις
1532 1025 1570 1056 ὡς
1582 1025 1645 1056 ἴδια,
1661 1025 1709 1050 καὶ
1723 1025 1788 1050 κατ’
1797 1024 1845 1050 αὒ-

1054 1073 1107 1100 τῶν
1121 1074 1204 1108 ὁμόσε
1214 1073 1324 1107 χωρεῖν,
1340 1072 1386 1098 καὶ
1396 1071 1451 1097 τῶν
1463 1071 1512 1105 τῆς
1529 1070 1691 1105 Ἐκκλησίας
1707 1077 1844 1105 περιφρο-

1054 1119 1120 1145 νεῖν.
1137 1117 1223 1144 Τοῦτο
1242 1117 1288 1143 οῦν
1297 1117 1343 1143 καὶ
1357 1117 1413 1147 τοίς
1428 1116 1552 1142 εὐσεϐέσι
1568 1116 1661 1150 σχεδὸν
1674 1116 1762 1141 ἅπασι
1779 1117 1844 1148 γέγο

1055 1173 1098 1191 νεν
1113 1163 1234 1190 ὲπιθέσει
1247 1163 1294 1189 τοῦ
1308 1162 1427 1197 πονηροῦ
1439 1182 1446 1194 ,
1467 1162 1513 1188 καὶ
1530 1162 1602 1188 οὕτω
1623 1161 1736 1194 συνέϐη,
1753 1160 1845 1191 καθὼς

1054 1211 1068 1236 ὁ
1091 1208 1196 1240 Παῦλὸς
1219 1217 1286 1243 φησι
1311 1208 1400 1241 λέγων
1411 1216 1418 1223 ’
1436 1207 1500 1233 ιἘν
1515 1208 1575 1238 ταῖς
1583 1208 1711 1242 ἐσχάταις
1727 1207 1845 1241 ἡμέραις

1054 1256 1161 1282 ἔσονται
1176 1255 1200 1281 οἱ
1211 1255 1351 1289 ἄνθρωποι
1366 1253 1502 1287 φίλαυτοι,
1516 1253 1663 1287 φιλήδονοι,
1673 1253 1817 1287 ἀκρατεῖς,
1831 1261 1841 1278 ι

1055 1302 1101 1328 καὶ
1111 1302 1144 1328 τὰ
1153 1300 1229 1336 ἑξῆς”
1242 1303 1290 1327 καὶ
1299 1301 1388 1333 τέλος,
1403 1310 1412 1327 ι
1419 1302 1558 1336 μόρφωσιν
1572 1300 1678 1334 ἔχοντες
1688 1299 1842 1331 εὐσεϐείας,

1054 1349 1087 1383 τὴ
1100 1348 1142 1374 νδὲ
1152 1348 1268 1382 δύναμιν
1278 1348 1364 1382 αὐτῆς
1375 1347 1549 1383 ἠρνημένοι.»
1565 1346 1602 1372 Οὐ
1615 1346 1694 1372 τοῦτο
1710 1346 1843 1380 σήμερον,

1055 1393 1153 1428 ἀδελφέ
1167 1402 1175 1427 ;
1189 1393 1238 1425 Ti;
1261 1393 1315 1420 τῶν
1330 1393 1434 1420 πιστῶν
1449 1393 1513 1427 ἄρτι
1527 1392 1565 1423 ὡς
1581 1391 1629 1418 τοῦ
1646 1391 1768 1425 Χριστοῦ
1783 1390 1846 1417 δοῦ-

1055 1441 1099 1472 λος
1114 1441 1225 1474 γνήσιος
1249 1439 1443 1471 πολιτεύεται;
1460 1439 1502 1470 τίς
1525 1438 1575 1472 τὴν
1595 1437 1794 1472 Χριστιανικὴν
1809 1436 1843 1471 ζῇ

218 1488 272 1514 line
289 1497 296 1514 :
310 1497 319 1513 ι
338 1487 476 1516 [labentes
488 1490 597 1524 quidem
610 1489 729 1524 speciem
743 1490 860 1524 pietatis,
873 1491 1000 1518 virtutem

1054 1487 1126 1521 ζωήν
1141 1495 1148 1519 ;
1165 1487 1205 1517 τίς
1219 1486 1253 1512 τὰ
1268 1486 1317 1520 τῆς
1333 1485 1546 1520 ἀρχιερωσύνης
1560 1483 1693 1518 ἄμεμπτα
1713 1483 1844 1516 συντηρεί

219 1538 307 1560 autent
336 1534 394 1569 ejus
418 1535 581 1570 abnegantes
611 1536 642 1562 ιο.
679 1535 775 1563 Nonne
801 1535 852 1563 hoc
877 1537 1002 1564 similiter

219 1579 312 1611 hodie,
343 1580 527 1614 frater?Quis
555 1582 626 1610 inter
653 1582 796 1610 credentes
827 1587 856 1609 ut
879 1591 961 1611 vcrus
975 1588 1003 1610 et

217 1625 356 1659 perfectus
382 1626 484 1654 Christi
512 1634 608 1655 servus
636 1629 696 1655 vitae
714 1633 836 1656 ten0rem
865 1629 1003 1656 instituit?

218 1669 286 1702 Quis
309 1671 495 1699 Christianam
512 1673 594 1700 vitam
622 1674 697 1707 agit?
719 1674 787 1706 Quis
813 1674 1002 1709 pontiﬁcatum

219 1715 334 1750 adeptus
349 1717 615 1750 irreprcltensibilcm
633 1726 661 1746 se
678 1719 796 1746 custodit
820 1720 976 1754 pontiﬁcem
991 1720 1002 1746 τ

221 1763 272 1790 Ubi
290 1763 408 1790 zelautes
425 1763 564 1799 episcopi?
585 1764 634 1792 Ubi
651 1765 762 1793 scientia
780 1765 941 1793 doctorum?
954 1765 1002 1793 Ubi

220 1809 392 1835 immaculata
409 1809 484 1836 vita?
498 1809 564 1842 Quis
579 1810 706 1838 sacerdos
725 1811 872 1838 sacerdotii
890 1819 1003 1839 munera

219 1854 353 1882 inoﬁensa
367 1855 474 1882 servat?
492 1855 558 1888 Quis
571 1856 722 1882 monachus
737 1856 928 1883 iutemeratmn
943 1864 999 1885 mo-

218 1901 299 1927 nachi
319 1901 519 1935 professionem
536 1901 612 1936 agit?
628 1901 722 1929 Nonne
738 1909 834 1929 omnes
849 1902 928 1928 simul
944 1903 1001 1930 inu-

219 1946 281 1974 tiles
315 1946 376 1974 facti
405 1947 522 1974 sumus?
545 1947 612 1980 Quis
644 1947 726 1982 igitur
752 1948 839 1982 pretio
865 1949 1004 1983 perpendit

219 1993 368 2019 nativitatis
384 1993 522 2027 gratiam?
540 1993 579 2019 Ad
597 1993 661 2027 quid
676 1993 775 2020 deinde
789 1993 924 2020 aediﬁcata
940 1997 1004 2021 sunt

219 2039 336 2073 templa?
351 2039 390 2065 Ad
407 2039 470 2073 quid
492 2039 679 2066 monasteria?
708 2039 803 2067 Nonne
819 2045 848 2066 ut
878 2041 932 2067 sint
948 2041 1005 2068 olli-

217 2086 285 2112 cin:e
298 2085 415 2112 salutis?
426 2085 504 2112 Nunc
517 2090 620 2118 autem,
636 2090 664 2117 ιιι
673 2085 748 2113 dixit.
759 2085 895 2120 Christus,
908 2087 1003 2115 domos

217 2130 264 2157 Dei
279 2130 394 2158 i'etimus
423 2132 568 2166 speluncas
594 2132 730 2159 latronum
753 2141 759 2159 :
778 2138 804 2159 et
833 2134 960 2160 monachi
975 2138 1003 2160 et

217 2176 374 2203 sacerdotes
402 2177 556 2204 invadimus
571 2183 665 2205 sancta
691 2179 817 2213 :itnpure
837 2184 864 2206 et
888 2180 1003 2207 arbitrio

218 2226 313 2247 nostro
331 2221 468 2254 vivimus;
487 2222 646 2255 parentibus
672 2227 697 2250 et
712 2224 808 2250 amicis
833 2229 859 2251 et
874 2225 1003 2258 proximis

219 2267 322 2293 nostris
342 2275 401 2301 (luas
418 2268 463 2294 Dei
479 2271 543 2294 sunt
563 2275 706 2302 perperam
727 2268 866 2303 elTuseque
897 2270 1003 2302 impen-

219 2313 321 2347 dimus,
336 2314 480 2341 scelestius
496 2314 532 2341 ita
549 2319 694 2348 peccantes
714 2323 795 2349 quam
815 2316 936 2344 inﬁdeles
956 2316 1003 2350 qui

219 2359 378 2394 dispertlunt
395 2365 500 2391 sancta.
519 2367 580 2387 cuin
594 2364 623 2386 ut
639 2359 731 2387 ﬁdeles
750 2360 797 2387 Dei
811 2368 900 2388 rerum
917 2361 1004 2388 admi-

218 2407 298 2432 nistri
315 2406 379 2432 facti
396 2406 491 2433 simus.
511 2405 616 2433 Idcirco
633 2406 719 2433 multo
735 2406 825 2433 minus
841 2407 880 2432 ira
900 2407 945 2434 Dei
961 2408 1004 2434 in-

218 2451 345 2478 cenditur
361 2452 386 2478 in
400 2456 496 2486 gentes
512 2460 573 2486 qua:
589 2452 642 2479 ﬁde
663 2457 789 2480 carentes
807 2458 902 2480 sancta
915 2454 1004 2488 despi-

219 2498 305 2529 eiunt,
322 2505 401 2531 quant
420 2498 446 2524 in
465 2506 514 2525 nos
528 2498 574 2532 qui
600 2498 679 2525 ﬁdem
706 2498 849 2526 habemus.
865 2499 924 2526 Non
940 2507 1006 2534 ergo

219 2545 376 2571 sciscitctnr
391 2545 453 2579 quis
476 2545 614 2578 quomodo
643 2545 677 2572 ab
706 2545 797 2579 impiis
810 2546 1006 2573 contumeliose

220 2596 376 2618 tractentur
408 2599 451 2618 res
479 2599 564 2618 sacrm
590 2596 635 2618 aut
652 2591 789 2626 quomodo
806 2593 892 2619 sancti
912 2592 1003 2620 ﬁdeles

219 2638 253 2664 ab
280 2637 436 2665 inﬁdelibus
462 2638 653 2673 exagitentur;
682 2638 730 2666 sed
764 2639 853 2673 potius
890 2639 1004 2665 miretur

219 2682 357 2716 quomodo
376 2682 463 2709 adhuc
479 2683 662 2710 subsistatnns
680 2685 706 2710 in
728 2690 798 2711 terra
828 2688 929 2711 tantum
956 2683 1003 2711 Dei

220 2728 449 2762 contemptionem
463 2728 648 2756 ostendentes.
670 2729 762 2761 Quare
777 2729 848 2756 enim
866 2729 1002 2763 imprimis

251 2817 261 2832 '
278 2817 287 2843 ι
306 2816 371 2844 Cor.
389 2825 408 2851 t,
426 2817 471 2844 29.

1055 1534 1108 1560 τῶν
1123 1533 1275 1567 ἀρχιερέων
1291 1540 1298 1565 ;
1321 1531 1372 1558 ποῦ
1387 1531 1402 1557 ὁ
1418 1531 1498 1564 ζῆλος
1517 1529 1572 1556 τῶν
1593 1529 1770 1560 ἐπισκόπων;
1791 1537 1811 1554 π
1828 1527 1843 1554 ῦ

1054 1581 1072 1614 ἡ
1084 1579 1245 1606 διδασκαλία
1264 1577 1320 1603 τῶν
1346 1577 1537 1608 διδασκάλωνς
1567 1575 1623 1602 ποῦ·
1642 1576 1657 1609 ἡ
1682 1575 1842 1609 καθαρότης

1053 1625 1101 1652 τοῦ
1128 1624 1204 1660 βίους
1229 1625 1271 1655 τίς
1298 1623 1387 1658 ἱερεὺς
1414 1623 1449 1648 τὰ
1472 1622 1522 1656 τῆς
1541 1620 1690 1655 ἱερωσύνης
1711 1620 1843 1654 φυλάττει

1055 1671 1182 1704 ἁλιέιϐητα
1196 1679 1204 1703 ;
1218 1670 1258 1702 τίς
1276 1669 1391 1704 μοναχὸς
1411 1669 1445 1695 τὰ
1460 1668 1508 1694 τοῦ
1525 1667 1666 1702 μοναχῶς
1686 1667 1718 1692 οὐ
1739 1667 1841 1697 πάντες

1054 1716 1122 1752 ὁμοῦ
1138 1716 1330 1751 ἡχρειώοημεν
1345 1723 1352 1748 ;
1367 1714 1408 1746 τίς
1435 1712 1483 1741 οὖν
1506 1714 1560 1748 ἄρα
1575 1712 1713 1747 θαυμάσοι
1732 1712 1787 1738 τῶν
1801 1720 1844 1745 γι-

1057 1763 1178 1798 νομένων
1193 1762 1243 1796 τὴν
1263 1761 1366 1795 χάριν;
1385 1760 1458 1786 διατι
1481 1760 1510 1786 δὲ
1531 1760 1700 1793 συνέστησαν
1722 1759 1747 1784 οἱ
1764 1758 1844 1791 ναοῖς

1054 1809 1124 1836 διατι
1137 1809 1164 1834 αἱ
1183 1807 1261 1843 μοναί
1274 1816 1280 1839 ;
1300 1807 1350 1841 οὐχ
1373 1806 1417 1832 ῖνα
1431 1806 1602 1841 ἐργαστήρια
1617 1805 1755 1839 σωτηρίας
1771 1800 1843 1836 dm;

1055 1855 1112 1882 Νῦν
1137 1854 1176 1886 δὲ,
1189 1854 1224 1885 ὼς
1241 1853 1292 1888 ἔφη
1316 1852 1443 1887 Χριστὸς,
1463 1852 1526 1883 τοὺς
1543 1852 1632 1884 θείους
1646 1851 1739 1882 οἴκους
1756 1849 1843 1878 αὑτοῦ

1056 1902 1177 1937 σπήλαια
1203 1900 1338 1936 ποιοῦμεν
1361 1898 1484 1934 λῃστῶν·
1509 1898 1670 1934 ἁρπάζομεν
1686 1897 1721 1924 τὰ
1738 1897 1799 1931 ἱερὰ
1817 1898 1841 1923 οἱ

1059 1948 1170 1984 μοναχοί
1187 1956 1216 1973 τε
1235 1947 1283 1973 καὶ
1299 1945 1392 1981 ἱερεῖς,
1409 1944 1573 1979 ἁκαθάρτως
1589 1943 1692 1977 ζῶμεν,
1709 1942 1844 1977 temperie-

1057 2003 1126 2030 μως·
1139 1994 1194 2020 τῶν
1209 1991 1369 2028 προσευχῶν
1385 1990 1551 2025 ἀμελοῦμεν,
1565 1989 1780 2022 τοϊίσυγγενέσι
1795 1988 1845 2014 καὶ

1055 2043 1111 2073 τοῖς
1137 2040 1311 2075 φιλουμένοις
1341 2038 1388 2064 καὶ
1417 2035 1627 2072 προσκειμένοις
1651 2036 1719 2070 ἡμῖν
1739 2034 1774 2061 τὰ
1795 2033 1844 2061 τοῦ

1056 2087 1123 2114 Θεοῦ
1144 2085 1270 2120 πονηρῶς
1289 2084 1474 2118 ἀναλίσκομεν
1486 2102 1495 2115 ,
1512 2082 1606 2109 πλεῖον
1636 2081 1844 2116 ἁμαρτάνοντες

1056 2134 1111 2160 τῶν
1127 2132 1250 2163 ἀπίστοις
1267 2130 1417 2167 ριπτόντων
1445 2129 1478 2155 τὰ
1500 2129 1569 2163 ἅγια
1580 2149 1587 2161 ,
1606 2128 1645 2160 ὡς
1660 2128 1754 2154 πιστοὶ
1768 2128 1843 2160 ὄντες

1056 2180 1122 2214 περὶ
1142 2179 1177 2205 τὰ
1197 2178 1256 2204 θεῖα
1271 2176 1511 2212 περιφρρνητικῶς
1539 2174 1720 2209 διακείμενοι.
1737 2174 1784 2200 Διὸ
1800 2176 1845 2199 καὶ

1054 2229 1084 2254 οὐ
1111 2225 1238 2253 τοσοῦτον
1263 2224 1294 2250 τὸ
1319 2223 1396 2250 Θεῖον
1417 2222 1558 2257 ὀργίζεται
1584 2222 1660 2256 παρὰ
1684 2221 1739 2248 τῶν
1758 2220 1845 2247 ἐθνῶν

1055 2271 1294 2307 περιφρονούντων
1316 2269 1349 2296 τὰ
1369 2268 1445 2303 ἅγια,
1474 2268 1599 2295 ἀπίστων
1621 2267 1726 2300 ὅντων,
1740 2267 1757 2301 ἢ
1779 2267 1844 2301 παρ’

1055 2318 1135 2354 ἡμῶν
1154 2317 1209 2343 τῶν
1227 2316 1343 2342 πιστῶν.
1360 2316 1405 2348 Μὴ
1421 2315 1587 2348 διαπορείτω
1611 2313 1701 2340 τοίνυν
1717 2322 1770 2347 τις,
1785 2314 1844 2346 πῶς

1055 2365 1102 2391 ὑπ’
1125 2362 1232 2391 ἀσεϐῶν
1245 2361 1280 2388 τὰ
1293 2362 1358 2395 ἆγιιι
1374 2360 1584 2395 καθυϐριζεται,
1600 2359 1616 2395 ἦ
1632 2360 1691 2390 πῶς
1706 2360 1732 2385 οἱ
1748 2361 1843 2386 πιστοὶ

1054 2411 1200 2438 διώκονται
1225 2409 1290 2444 παρ’
1321 2409 1446 2435 ἀπίστων
1462 2413 1469 2421 ·
1493 2406 1561 2433 ἀλλὰ
1590 2406 1756 2440 θαυμαζέτω
1787 2406 1845 2438 πῶς

1055 2458 1124 2488 ὅλως
1140 2457 1257 2491 μένομεν
1278 2454 1324 2481 ἐπὶ
1336 2454 1399 2488 γῆς,
1416 2452 1542 2480 τοσοῦτον
1555 2453 1758 2487 -περιφρονητειὶ
1773 2452 1842 2479 Θεοῦ

1056 2501 1233 2535 δεδειγμένοι.
1257 2500 1334 2525 Διατί
1359 2499 1387 2525 δὲ
1416 2498 1515 2533 μᾶλλον
1543 2498 1590 2524 καὶ
1616 2498 1650 2523 τὰ
1679 2497 1786 2524 παλαιὰ
1805 2499 1843 2528 εἰς

1058 2546 1197 2582 προνομὴν
1208 2545 1279 2572 οὕτω
1297 2545 1409 2575 δέδοται,
1426 2545 1459 2570 τὰ
1473 2543 1538 2570 ποτὲ
1559 2543 1625 2578 θείῳ
1643 2543 1761 2577 νεύματι
1776 2544 1845 2570 δεδο-

1060 2592 1128 2627 μένα
1147 2591 1186 2627 τῷ
1207 2591 1323 2625 Μωῡσῇ,
1343 2590 1372 2615 οὺ
1388 2589 1434 2615 διὰ
1445 2589 1475 2614 τὸ
1491 2589 1694 2623 περιφρονητὰς
1711 2589 1761 2615 τοῦ
1777 2589 1843 2615 Θεοῦ

1058 2637 1186 2671 γενέσθαι
1200 2637 1261 2668 τοὺς
1282 2636 1357 2666 υἱοὺς
1378 2635 1425 2661 τοῦ
1445 2635 1575 2670 Ἰσραήλς
1597 2635 1628 2660 Εἰ
1645 2633 1693 2660 οὖν
1704 2635 1740 2660 δι’
1755 2635 1844 2661 eum

1058 2682 1182 2713 τοσοῦτος
1201 2682 1282 2717 ζῆλος
1301 2681 1380 2713 Θεοῦ,
1396 2681 1430 2707 δι’
1445 2680 1562 2714 ἀγγέλου
1584 2688 1614 2706 τε
1639 2679 1785 2714 δειχθέντα
1798 2680 1842 2707 καὶ

1058 2729 1102 2755 διὰ
1129 2728 1223 2755 δούλου
1241 2728 1370 2765 λδοθέντα,
1389 2728 1464 2762 πόσῳ
1493 2734 1524 2760 γε
1553 2725 1654 2761 μᾶλλον
1671 2725 1749 2754 ἔσται
1765 2726 1842 2761 ζῆλος

523 2818 562 2845 'll
582 2817 644 2845 Cor.
666 2825 712 2850 xu,
730 2816 756 2845 9.
798 2817 818 2833 ¹⁰
836 2816 856 2843 ll
871 2818 940 2845 'l‘im.
960 2825 1001 2852 ιιι,
1020 2817 1077 2852 1-3,
1091 2818 1117 2848 5.
