1918 3042
79 84 138 114 957

479 81 676 113 RESPONSA
697 81 749 111 AD
766 79 993 110 GABRIELEM
1009 78 1355 110 PENTAPOLITANUM

1675 75 1728 108 8‘58

81 141 126 176 τῷ
144 140 217 174 eeo,
235 139 279 167 διὰ
293 139 328 166 τὰ
344 139 530 174 πεπραγμένα
552 138 629 173 παρὰ
651 137 699 164 τοῦ
720 136 877 172 μονογενοῦς

936 140 1026 163 vetera
1053 135 1210 163 Iudaeorum
1229 141 1326 163 sancta
1357 136 1383 162 in
1412 134 1596 170 direptionem
1625 134 1726 161 tradita

81 187 174 213 αὑτοῦ
203 186 295 219 λόγου.
326 186 380 212 Καὶ
408 185 488 211 τοῦτο
508 185 645 219 μαρτυρεῖ
661 182 766 214 Παῦλος
781 182 882 215 λέγων,

90 231 249 266 usus“;
276 240 318 263 τις
347 232 429 264 νόμον
455 231 596 262 Μωῡσέως
611 229 659 256 ἐπὶ
682 230 758 256 δυσὶν
775 230 792 264 ἢ
809 229 884 264 τρισὶ

85 278 229 312 μάρτυσιν
245 277 426 312 ἀποθνήσκει,
445 276 521 312 πόσῳ
534 277 644 303 δοκεῖτε
661 275 784 310 μείζονος
803 275 884 307 ἀξιω-

86 323 206 358 Θήσεται
224 323 362 358 τιμωρίας
375 345 381 356 ,
400 323 414 349 ὁ
431 323 477 349 τὸν
497 323 562 348 Υιὸν
575 321 622 348 τοῦ
640 322 706 348 Θεοῦ
724 322 885 354 καταπατή-

86 378 141 401 σας
156 378 164 403 ;
180 370 228 396 καὶ
245 370 275 396 τὺ
291 366 362 404 αἷμα
376 370 426 403 τῆς
440 369 574 404 διαθήκης
590 368 681 395 κοινὸν
697 367 883 402 ἡγησάμενος,

85 416 118 442 ὲν
139 412 162 449 ᾧ
180 415 310 450 ἡγιάσθη,
330 415 378 441 καὶ
400 415 450 449 τὴν
475 416 562 454 χάριν
577 413 625 440 τοῦ
647 414 805 448 Πνεὺματος
823 414 883 439 ἐνυ-

85 461 199 496 6ρίσας.
225 462 272 488 Διὸ
296 462 321 488 εί
349 462 396 488 καὶ
411 461 571 495 θαυμαστὸν
597 460 627 486 τὺ
648 460 807 494 λεγόμενον,
826 459 884 486 ἀλλ’

85 507 168 541 ὅμως
189 507 290 541 ἀληθὲς
303 526 310 536 .
337 507 374 538 ὡς
397 506 509 533 ἔλαττον
527 507 637 541 ἡγεῖται
655 505 722 537 Θεὸς
737 505 804 540 παρ’
818 508 883 533 ἀσε-

86 553 147 579 ϐῶν
165 553 348 587 ἀτιμάζεσθαι
361 554 394 579 τὰ
413 553 508 583 αὐτοῦ,
526 553 542 587 ἢ
568 552 643 587 παρὰ
660 552 714 578 τῶν
731 553 882 579 δοκούντων

85 598 186 626 αὑτοῦ.
213 598 281 624 Τίνα
312 599 340 625 δὲ
368 600 416 625 καὶ
439 598 587 632 ἀπολογίαν
610 599 718 630 ἕξουσιν
744 599 769 624 οἱ
800 600 882 633 μέσον

84 645 145 671 τῶν
161 644 246 672 ἐθνῶν
265 645 357 671 πιστοὶ
384 645 567 679 ἀσεϐοῦντεςς
592 647 668 671 ποῖον
689 645 750 680 ἄρτι
776 645 879 680 μαρτύ-

88 699 170 727 ριον;
195 691 237 723 τίς
264 691 405 725 διωγμός;
424 692 498 717 ποῖαι
525 691 674 724 χολάσεις;
697 692 726 718 ὲν
746 691 791 723 αἷς
816 701 882 719 ποτε

93 737 199 770 μᾶλλον
219 738 244 763 oi
263 737 335 771 ἅγιοι
361 737 603 772 ὲνευφραινόμενοι
622 735 713 772 ἧσανς
728 740 774 764 καὶ
796 738 882 770 οὕτως

85 783 309 816 ἀποθνήσκοντες
341 783 442 817 μᾶλλον
471 783 665 817 ὲπληθύνοντο.
692 784 724 810 Τί
744 784 880 818 πάσχεις;

86 829 130 855 ὃτι
149 829 244 860 δοῦλος
268 829 384 864 ὲτάάθης
399 837 408 863 ;
424 829 465 855 ὅτι
487 829 550 863 τέλη
580 831 731 863 παρέχεις

87 875 351 909 περιφρονουμένων
367 873 412 908 si;
431 876 483 902 Καὶ
497 876 523 902 τί
539 875 635 908 tuom;
651 875 787 902 ’Ἑκαστον
803 875 880 906 ἔθνος

86 923 134 947 καὶ
144 922 288 952 ταπεινοὺς
301 921 365 955 ἔχει,
378 922 423 948 καὶ
435 921 544 952 δούλους
556 921 698 955 κέκτηται.
712 922 766 948 Καὶ
775 921 879 956 ὑπηρέ-

86 976 138 998 τας
154 968 185 993 ἐκ
201 967 248 993 τοῦ
274 967 367 999 αὑτοῦ,
385 968 433 994 καὶ
450 969 463 994 ό
479 967 574 1002 μισθὸς
598 968 690 999 αὐτοῖς
705 969 802 994 τούτου
818 967 875 994 ἕνα-

87 1022 125 1039 κα
155 1014 185 1040 Εἰ
204 1013 232 1040 δὲ
259 1014 291 1040 σὺ
311 1015 325 1040 ὁ
349 1013 445 1044 πιστὸς
466 1014 510 1040 διὰ
537 1013 656 1048 Χριστὸν
682 1015 776 1048 φέρεις
800 1013 880 1040 τοῦτο

88 1060 138 1086 καὶ
153 1060 245 1094 μόνον,
269 1060 318 1086 οὐκ
344 1060 461 1094 ἄμισθον
483 1059 559 1086 ἔσται
581 1068 633 1086 σοι.
651 1060 705 1086 Καὶ
723 1060 784 1086 οὐδὲ
800 1060 880 1086 τοῦτο

87 1105 143 1132 κᾶν
160 1107 273 1140 φέρει;;
292 1106 339 1132 καὶ
367 1106 426 1136 πῶς
452 1105 543 1137 δοῦλος
560 1105 608 1142 ἔσῃ
625 1106 744 1141 Χριστοῦ
761 1115 769 1139 ;
792 1106 821 1137 ὃς
836 1106 880 1133 διὰ

88 1154 121 1179 σὲ
141 1154 230 1179 πάντα
248 1154 294 1180 καὶ
311 1152 425 1178 θάνατον
441 1152 541 1186 ἣνεγκε
556 1159 564 1185 ;
579 1152 629 1178 Διὰ
645 1152 729 1178 ταῦτα
741 1153 791 1179 οὐκ
807 1154 880 1179 ἀπο-

87 1199 185 1233 λογίαν
200 1199 309 1231 ἒξουσιν
324 1198 350 1224 οἱ
367 1198 460 1224 πιστοὶ
484 1198 659 1231 διωκόμενοι,
683 1198 705 1224 ει
731 1197 880 1224 ἀσεὸοῦσιν

88 1245 128 1277 ὦς
148 1254 227 1280 φασι.
245 1245 306 1272 κατ’
324 1245 461 1279 ἀνάγκην,
475 1244 648 1270 ’Ἀποστάται
666 1244 719 1279 γάρ
738 1245 802 1271 εἰσι.
824 1245 878 1270 Οὖ-

89 1292 118 1318 δδ
136 1292 160 1318 οἱ
176 1291 379 1326 λαμὸανόμενοι
396 1292 436 1318 ἐτι
457 1291 547 1326 νήπια
558 1299 564 1306 ⁸
578 1291 691 1326 ἔμελλον
715 1291 769 1326 γὰρ
790 1291 879 1326 ὅμοιοι

88 1339 148 1369 τοῖς
160 1338 297 1372 πατράσιν
313 1336 395 1365 εἶναι.
414 1338 469 1364 Καὶ
481 1338 561 1372 δῆλον
577 1337 632 1363 ἀπὸ
646 1337 699 1364 τῶν
713 1338 752 1368 εις
767 1337 879 1372 ἡλικίαν

90 1383 235 1417 ἐλθόντων,
256 1383 297 1410 ὅτι
318 1383 419 1418 γνῶσιν
435 1384 543 1419 ἔχοντες
564 1383 598 1410 τὰ
618 1384 668 1417 τῆς
695 1383 814 1414 πίστεως
829 1383 879 1410 οὐκ

89 1428 248 1463 ἐφύλαξαν,
278 1429 315 1461 ὡς
336 1429 386 1464 τῆς
402 1429 503 1464 σαρκὸς
520 1429 596 1460 ὄντες
612 1429 678 1461 ὅλοι,
695 1429 743 1455 καὶ
767 1429 879 1464 μηδενὸς

89 1476 144 1502 τῶν
162 1475 207 1502 τοῦ
225 1475 293 1501 Θεοῦ
319 1475 396 1510 λόγον
413 1475 480 1508 ὅλως
500 1476 666 1509 ποιούμενοι.
685 1475 779 1502 Ταῦτα
800 1472 878 1509 οἶμαι

89 1521 127 1554 ὼς
143 1521 241 1556 ἀληθῆ,
257 1522 304 1548 καὶ
326 1523 366 1549 ὅτι
391 1523 445 1549 τῶν
468 1523 702 1558 παραπιπτόντων
718 1523 767 1557 οὐχ
781 1523 796 1548 ὁ
811 1522 877 1554 Θεὸς

91 1567 189 1600 αἴτιος,
209 1567 266 1594 ἀλλ’
284 1568 300 1602 ἡ
325 1568 446 1603 ῥᾳθυμία
468 1569 518 1595 ικαὶ
534 1571 564 1595 τὸ
591 1568 631 1603 φι)
639 1569 754 1604 ηδονεῖν,
771 1569 816 1594 καὶ
835 1577 880 1602 φι-

91 1615 215 1647 λοζωείν.
227 1616 322 1650 Ὅμως
340 1615 510 1651 θαρροῦντας
523 1617 596 1650 ἡμᾶς
611 1617 643 1650 τῇ
661 1616 708 1643 τοῦ
724 1616 792 1642 Θεοῦ
801 1616 880 1642 ἀπει-

93 1670 132 1697 ρῳ
153 1660 345 1696 φιλανθρωπίᾳ
356 1681 363 1693 ,
383 1661 436 1696 χρὴ
452 1661 553 1688 διδόναι
570 1661 667 1689 ἐλπίδα
680 1663 735 1693 τοῖς
752 1661 880 1695 ἐπιστρέ-

91 1715 184 1742 φουσι,
199 1707 245 1733 καί
256 1707 360 1738 πάντας
372 1706 499 1741 δέχεσθαι
510 1707 572 1738 τοὺς
584 1706 709 1733 ὁπωσοῦν
720 1706 879 1742 μετανοοῦν-

91 1761 152 1784 τας,
170 1753 200 1779 οὐ
219 1752 272 1787 μὴν
286 1753 348 1784 τοὺς
363 1752 486 1787 μηδάλως
505 1751 703 1787 μετανοοῦντας
715 1761 721 1767 ·
740 1752 877 1787 διακρίσει

92 1799 120 1825 δὲ
130 1798 247 1833 χρῆσθαι
263 1798 352 1833 ἀγαθῇ
362 1799 410 1825 καὶ
424 1798 489 1832 περὶ
503 1797 557 1824 τῶν
567 1798 798 1835 ἐπιστρεφόντων,
809 1798 843 1834 ἥν
853 1798 879 1824 ot

90 1843 164 1875 ᾶγιοι
187 1842 351 1875 διετάξαντο.
375 1842 614 1878 Καὶᾶλλως333
635 1844 684 1878 μὲν
696 1843 879 1878 ὲξοικονομεῖν

88 1890 152 1921 τοὺς
167 1889 229 1924 δίχα
248 1889 373 1924 βασάνων
389 1889 437 1916 καὶ
460 1888 583 1924 διωγμοῦ
593 1909 601 1922 ,
616 1890 651 1916 δι’
666 1890 755 1925 ἔρωτα
772 1890 879 1923 χρημά-

88 1945 143 1963 των
158 1936 175 1970 ἢ
191 1935 271 1969 δόξαν
289 1935 306 1969 ἦ
322 1935 419 1969 ἡδονὴν
441 1928 646 1970 γεγενημένους
662 1933 786 1969 νεκρούς·
805 1932 878 1958 οὕτω

88 1982 144 2017 γὰρ
170 1980 227 2015 ἐγὼ
268 1980 342 2007 καλῶ
380 1980 451 2015 μιτὰ
491 1979 538 2006 τοῦ
575 1981 758 2014 ἠγαπημένον
777 1999 784 2012 ,
815 1979 878 2010 τοὺς

87 2028 135 2055 τὸν
152 2027 231 2057 ,Θεὸν
261 2027 461 2063 ἁθετήσαντοις,
486 2027 524 2058 ὡς
552 2027 621 2062 πρὸς
640 2026 755 2053 θάνατον
788 2025 878 2060 ἀμαρ-

87 2073 238 2108 τήσαντας.
260 2073 378 2109 Ἑτέρως
400 2072 430 2099 δὲ
455 2072 538 2099 πάλιν
553 2073 617 2103 τοὺς
642 2070 755 2106 διωγμῷ
770 2071 818 2097 καὶ
830 2070 878 2106 βα-

89 2118 183 2149 σάνοις
200 2117 217 2153 ἢ
236 2117 363 2149 ἀπειλαῖς
385 2115 432 2143 καὶ
455 2117 599 2152 ὲπηρείαις
613 2118 684 2143 τισίν
698 2125 705 2131 ⁸
725 2116 828 2149 ἑτέρως
854 2115 877 2142 δ’

892 1495 914 1524 C

935 189 1018 218 sunt;
1034 184 1093 212 haec
1122 185 1240 212 maxime
1251 192 1311 219 qua:
1337 184 1401 211 olim
1421 183 1506 218 Moysi
1531 184 1592 209 data
1619 182 1728 209 fuerant

935 237 1027 258 nonne
1040 230 1103 265 quia
1130 230 1178 257 ﬁlii
1204 230 1287 258 Israel
1317 230 1400 256 Deum
1428 228 1677 262 contempserunt?
1698 227 1728 255 Si

935 282 1004 310 ergo
1017 280 1129 309 propter
1144 275 1196 302 ista
1210 283 1270 310 quae
1287 275 1401 309 angelus
1414 274 1582 305 ostenderat,
1596 280 1657 307 quae
1670 279 1727 300 ser-

934 327 987 348 \US
1014 319 1141 352 dederat,
1161 324 1237 348 tanta
1254 320 1429 347 aemulatione
1459 319 1530 346 Deus
1554 324 1643 345 motus
1673 322 1726 348 est.

937 370 1044 400 quanto
1069 366 1156 401 magis
1173 366 1328 394 movebitur
1352 370 1464 400 propter
1484 373 1514 392 ea
1532 372 1593 399 qttze
1614 365 1648 391 ab
1663 364 1727 391 uni-

935 411 1027 446 genito
1045 411 1132 439 Verbo
1153 411 1213 446 ejus
1230 412 1313 438 allata
1339 416 1404 438 sunt
1430 416 1478 438 aut
1494 411 1575 438 facta.
1601 411 1635 438 Et
1659 411 1725 438 illud

935 460 1051 484 testatur
1063 457 1164 484 Paulus
1175 458 1286 485 dicens:
1303 467 1311 484 t
1327 457 1346 484 lt
1357 458 1435 484 ritatn
1453 458 1557 485 faciens
1570 457 1725 493 quislcgem

934 501 1071 537 Moysis...
1081 503 1190 530 duobus
1199 504 1240 530 vel
1254 505 1340 531 tribus
1354 504 1468 532 testibus
1480 505 1591 531 moritur
1603 512 1611 538 ς
1623 509 1727 538 quanto

935 548 1022 583 magis
1035 549 1138 582 putatis
1153 549 1289 576 deteriora
1303 551 1402 577 mereri
1421 551 1555 584 supplicia
1569 552 1615 585 qui
1626 550 1725 577 Filium

935 593 981 621 Dei
1002 595 1217 629 conculcavcrit,
1240 600 1268 623 et
1287 597 1448 631 sanguinem
1465 599 1619 625 testamenti
1635 598 1725 632 pollu-

934 644 991 666 tum
1007 640 1126 673 duxerit,
1151 642 1178 668 in
1203 650 1258 677 quo
1275 645 1463 671 sanctilieatus
1486 649 1538 677 est,
1555 649 1582 671 et
1606 644 1727 678 Spiritus

934 687 1019 722 gratia
1035 689 1228 716 contumeliam
1257 689 1350 717 fecerit
1368 691 1379 717 ἲ
1396 700 1404 716 ι
1424 690 1513 723 Quare
1528 691 1580 718 hoc
1599 691 1726 725 quamvis

934 733 1088 761 mirandum
1104 736 1177 769 quod
1192 736 1310 764 dicimus
1321 737 1401 764 simul
1416 742 1534 765 attamen
1550 738 1724 765 verissimum

934 779 970 806 ita
1000 784 1029 807 ut
1056 781 1147 809 minus
1173 782 1277 815 judiuet
1300 783 1368 810 Deus
1393 791 1436 811 res
1468 791 1533 811 suas
1564 784 1729 813 inhonorari

759 830 799 856 ὅτι
824 830 879 856 τῶν
897 829 915 854 Β
931 826 968 852 ab
989 827 1080 861 impiis
1101 835 1183 862 quatn
1207 836 1222 855 a
1245 829 1418 856 credentibus
1455 830 1482 857 in
1510 831 1610 866 ipsum.
1637 832 1725 864 Quam

932 872 1005 899 enim
1018 874 1223 902 excusationem
1239 875 1340 902 habent
1352 876 1492 904 credentes
1507 877 1589 912 impie
1603 878 1726 906 viventes

932 917 957 943 iu
974 919 1062 946 medio
1077 920 1217 954 gentium?
1234 922 1298 956 quid
1322 930 1421 949 novum
1445 925 1607 958 proponitur
1625 931 1726 961 marty-

932 964 1023 991 rium?
1047 972 1106 999 quze
1130 967 1284 1000 persocutio
1306 968 1409 994 ittslul?
1431 968 1497 1001 Quae
1514 978 1602 1005 poena:
1622 979 1727 1006 prrcpa-

933 1009 1050 1036 rantur?
1065 1009 1094 1036 In
1109 1011 1148 1037 eis
1163 1018 1236 1046 saepe
1258 1013 1343 1047 magis
1366 1013 1519 1047 gaudebant
1535 1015 1632 1047 sancti,
1643 1020 1669 1042 et
1685 1016 1726 1042 sic

933 1056 1080 1084 morientes
1119 1058 1206 1092 magis
1235 1058 1407 1093 multiplicati
1434 1064 1507 1087 sunt.
1536 1061 1606 1093 Quid
1637 1067 1726 1090 tauto-

932 1109 996 1135 pere
1008 1103 1103 1130 doles?
1127 1104 1198 1137 quod
1215 1111 1312 1132 Servus
1328 1106 1496 1134 constitutus
1513 1107 1562 1134 es?
1578 1109 1650 1142 quod
1676 1109 1724 1136 tri«

932 1148 996 1175 buta
1027 1149 1076 1176 tibi
1095 1150 1291 1183 imponuntur?
1311 1152 1383 1186 qttod
1405 1152 1476 1178 inter
1505 1155 1723 1188 contemptibiles
1743 1148 1759 1153 ῃ

932 1194 1086 1222 inveniris?
1101 1194 1152 1222 Sed
1175 1196 1240 1230 qttid
1264 1201 1305 1224 est
1331 1197 1403 1224 hoc?
1425 1197 1546 1233 Quaeque
1563 1208 1629 1235 gens
1657 1209 1722 1229 suos

933 1240 1015 1266 habet
1028 1240 1145 1268 humiles
1157 1246 1184 1268 et
1198 1242 1322 1276 pusillos,
1338 1248 1364 1269 et
1381 1250 1476 1270 servos
1488 1245 1618 1278 possidet,
1638 1250 1665 1272 et
1682 1247 1723 1281 ip-

932 1286 970 1313 sis
989 1290 1030 1314 est
1044 1286 1149 1314 fructus
1162 1288 1322 1316 obedientiue
1336 1286 1466 1318 causa.Si
1479 1298 1544 1327 ergo
1555 1296 1596 1326 tu,
1604 1293 1649 1327 qui
1663 1301 1723 1321 cre-

931 1332 984 1364 dis,
1008 1338 1120 1367 propter
1131 1333 1271 1362 Christum
1287 1335 1350 1362 talia
1364 1337 1495 1370 stistines,
1519 1345 1573 1364 non
1584 1338 1640 1366 eris
1661 1339 1725 1367 sine

932 1379 1059 1407 mercede
1074 1388 1080 1406 :
1100 1380 1145 1407 sed
1161 1380 1184 1408 si
1200 1389 1253 1408 non
1273 1382 1324 1409 hoc
1339 1383 1432 1410 saltem
1444 1384 1567 1417 patiaris,
1583 1386 1725 1420 quomodo

930 1424 1030 1451 Christi
1056 1433 1153 1453 servus
1177 1434 1237 1454 esse
1263 1428 1366 1462 poteris
1388 1429 1435 1463 qui
1458 1435 1569 1464 propter
1592 1432 1724 1459 cnimus—

932 1478 985 1505 que
1011 1471 1044 1498 ad
1068 1476 1184 1499 ntortem
1207 1473 1502 1510 toleravitﬂ’ropterca
1513 1477 1720 1505 excusationem

932 1525 987 1544 non
1004 1517 1142 1546 habebunt
1159 1519 1252 1547 ﬁdeles
1277 1521 1324 1554 qui
1344 1522 1536 1555 persecutione
1558 1527 1721 1557 premuntur

931 1565 952 1590 si
964 1564 1046 1598 itnpie
1053 1570 1147 1599 agunt,
1158 1569 1188 1592 ut
1201 1566 1305 1597 dicunt,
1316 1568 1478 1595 necessitate
1488 1570 1640 1603 compulsi;
1654 1574 1720 1597 sunt

930 1610 1002 1637 enint
1030 1618 1093 1638 vere
1120 1615 1263 1646 apostatae.
1278 1611 1334 1639 Nec
1357 1613 1435 1640 aliter
1452 1614 1599 1642 dicendum
1628 1615 1719 1643 dehis

931 1657 977 1691 qui
991 1664 1005 1683 a
1023 1657 1136 1691 pueritia
1155 1658 1262 1685 abducti
1277 1662 1341 1686 sunt
1358 1669 1365 1686 :
1381 1659 1486 1687 similes
1499 1660 1572 1687 enim
1597 1661 1724 1695 patribus

931 1704 989 1732 suis
1015 1703 1098 1731 futuri
1128 1710 1217 1732 erant.
1255 1705 1333 1739 Quod
1355 1707 1451 1734 saltem
1482 1708 1595 1736 evidens
1615 1713 1658 1736 est
1686 1709 1725 1736 de

931 1749 964 1776 iis
978 1750 1023 1783 qui
1045 1749 1157 1785 jamjam
1188 1752 1385 1780 adoleverunt:
1409 1752 1617 1788 intelligentiam
1646 1755 1720 1782 enim

930 1795 1076 1828 habentes,
1103 1797 1264 1825 documenta
1296 1798 1356 1826 ﬁdei
1389 1800 1501 1827 minime
1529 1805 1720 1834 servaverunt,

931 1843 1005 1869 carni
1021 1843 1230 1877 acquieveruut,
1253 1849 1280 1871 et
1298 1845 1366 1871 nihil
1389 1847 1503 1872 omnino
1517 1846 1550 1873 de
1567 1846 1613 1873 Dei
1632 1847 1724 1874 Verbo

931 1892 1058 1914 curantes
1070 1894 1192 1922 egerunt.
1209 1888 1282 1919 Ha‘c.
1297 1889 1402 1924 judicio
1418 1898 1491 1921 meo.
1507 1892 1650 1919 verissima
1669 1900 1676 1919 :
1693 1897 1723 1920 et

932 1931 1043 1958 otnnino
1060 1932 1204 1960 dicendunt
1232 1933 1315 1962 Deum
1344 1943 1397 1962 non
1420 1944 1480 1964 esse
1504 1937 1583 1964 alicui
1609 1945 1723 1964 causam

932 1976 1035 2012 lapsus,
1052 1977 1254 2013 sedignaviam,
1270 1979 1439 2014 voluptatum
1459 1987 1485 2008 ct
1508 1983 1570 2009 vit:e
1589 1990 1720 2010 amorem.

932 2022 1140 2056 Verumtamen,
1159 2024 1239 2059 plene
1264 2025 1432 2054 confidentes
1448 2027 1562 2054 inﬁnita:
1580 2026 1626 2055 Dei
1642 2028 1719 2056 boni-

931 2069 1031 2102 tati,ut
1043 2075 1149 2104 oportet
1164 2071 1398 2105 resipiscentibus,
1412 2080 1487 2108 spem
1502 2075 1620 2102 excitare
1636 2074 1722 2102 debet

931 2123 1003 2148 mus,
1031 2123 1183 2150 omnesque
1209 2123 1370 2151 exspectare
1391 2123 1418 2146 et
1442 2120 1582 2155 suscipere
1609 2129 1723 2156 quoquo

88 2162 123 2192 αὗ
146 2164 209 2195 τοὺς
229 2164 314 2198 νήπια
335 2163 383 2190 καὶ
401 2164 490 2198 βρέφη
504 2163 692 2197 ἁρπαγέντας.
713 2162 758 2195 Ἐξ
772 2159 810 2189 ὧν
827 2162 874 2189 καὶ

931 2161 1010 2188 modo
1036 2161 1210 2196 pmnitentes,
1233 2162 1281 2190 sed
1307 2171 1359 2190 l|0n
1387 2171 1436 2192 eos
1461 2165 1507 2199 qui
1531 2167 1720 2201 paenitentiam

87 2210 123 2237 τὰ
137 2209 290 2245 τεθνηκότα
306 2209 390 2244 μήπω
407 2210 447 2240 εις
463 2208 565 2242 γνῶσιν
578 2208 692 2236 ἐλθόντα
706 2209 790 2235 καλοῦ
806 2209 875 2240 ὅλως

87 2256 104 2290 ἢ
130 2256 272 2291 πονηροῦ,
298 2256 315 2291 ἢ
339 2256 481 2291 βάπτισμα
508 2255 590 2291 μόνον
616 2256 708 2291 ἔσχον,
731 2256 876 2291 ἐλεηθῆναι

88 2302 199 2338 θαρῤὧν
213 2302 282 2336 ειμι.
302 2302 406 2333 Πάντες
424 2301 453 2328 δὲ
470 2301 498 2327 οἰ
514 2309 544 2328 τε
559 2302 591 2327 ἐκ
608 2301 750 2336 προγόνων
763 2301 875 2328 ἄπιστοι

86 2348 159 2375 οὕτω
169 2348 306 2383 μένοντες,
320 2348 389 2382 μετὰ
398 2347 650 2382 δαιμόνωνδικαιως
657 2347 876 2383 κατακριθὴσον-

87 2402 143 2426 ται,
160 2393 207 2420 καὶ
224 2392 249 2419 ot
269 2393 300 2419 ὲκ
313 2394 418 2420 πιστῶν
432 2393 509 2424 ὅντες
519 2412 526 2425 ,
543 2393 590 2420 καὶ
605 2392 656 2428 τὴν
671 2393 763 2420 πίστιν
782 2395 876 2430 οῑῳδή-

86 2446 140 2465 τινι
153 2438 249 2473 τρόπῳ
266 2437 503 2475 ἀπαρνησάμενοι,
521 2438 544 2464 εἰ
558 2438 676 2472 μένωσιν
691 2438 802 2465 ἄπιστοι
812 2447 819 2454 ·
834 2439 875 2465 ὃτι

86 2483 137 2510 οὐκ
162 2483 222 2509 ἔστι
247 2483 326 2517 λόγος
344 2484 456 2515 αὐτοῖς,
482 2482 529 2509 τοῦ
546 2482 619 2509 θείου
648 2485 825 2518 κηρύγματος
845 2485 879 2511 ὲν

87 2530 126 2565 τῷ
146 2530 243 2564 κόσμῳ
260 2529 330 2564 ὑπὲρ
353 2529 399 2556 τὸν
423 2530 500 2564 ἥλιον
515 2529 673 2564 λάμψαντός
699 2537 728 2555 τε
745 2530 792 2556 καὶ
806 2530 875 2565 λάμ-

86 2584 196 2606 ποντος,
225 2576 273 2601 καὶ
297 2575 347 2610 τῆς
375 2575 559 2612 ςὺαγγελικῆς
579 2575 627 2601 καὶ
647 2574 778 2609 οὐρανίου
801 2574 873 2609 ζωῆς

87 2621 156 2655 ὑπὲρ
181 2621 210 2646 τὸ
230 2620 287 2654 φῶς
308 2620 528 2655 ἁστροιπτούσης.
558 2619 612 2646 Καὶ
624 2618 710 2646 ταῦτα
735 2619 784 2654 μὲν
806 2619 870 2654 περὶ

86 2666 181 2693 τούτου
203 2666 241 2698 ὡς
264 2666 376 2692 δυνατὸν
399 2666 433 2692 δι’
448 2666 556 2700 ὀλίγων.
579 2665 642 2697 Τοῖς
665 2666 753 2699 ἁγίοις
770 2665 798 2692 δὲ
815 2666 872 2692 Πα-

87 2713 182 2746 τράσιν
200 2712 278 2747 ἡμῶν
301 2711 470 2747 πλατύτερον
496 2711 613 2747 εἴρηται.
638 2711 692 2737 Καὶ
715 2712 790 2738 πᾶσα
808 2711 873 2746 περὶ

87 2758 181 2785 τούτου
201 2758 308 2793 πλήρης
328 2757 394 2792 ἁγία
410 2758 518 2793 Γραφή.

931 2211 1077 2243 respuunt.
1089 2207 1182 2235 Refert
1197 2209 1270 2236 enim
1283 2211 1384 2245 optime
1400 2211 1556 2239 discernere
1570 2213 1641 2241 inter
1654 2221 1720 2241 con-

931 2258 1049 2284 versos,
1080 2252 1230 2280 secundum
1258 2255 1382 2282 ordinem
1412 2265 1427 2283 ιι
1459 2257 1562 2285 sanctis
1596 2259 1720 2293 praescri-

930 2302 1018 2331 ptum.
1035 2297 1140 2325 Etenim
1156 2299 1202 2334 qui
1220 2307 1252 2326 ea
1269 2299 1326 2335 lege
1345 2306 1427 2336 agunt
1447 2307 1476 2329 ut
1492 2303 1597 2338 fugiant
1613 2303 1720 2332 labores

930 2347 958 2370 et
975 2344 1141 2372 tentationes
1163 2347 1385 2379 persecutionum
1403 2353 1513 2382 propter
1533 2357 1652 2376 antorem
1670 2349 1718 2377 bo-

931 2396 1045 2421 norum;
1061 2390 1102 2417 vel
1123 2390 1226 2426 gloria,
1248 2391 1292 2418 vel
1309 2392 1480 2427 voluptatum
1497 2395 1578 2421 ntorti
1595 2402 1624 2422 se
1640 2396 1718 2423 addi-

930 2440 996 2462 cunt
1007 2444 1013 2469 ;
1026 2436 1091 2464 mihi
1101 2437 1173 2464 enim
1184 2444 1246 2464 eum
1259 2438 1395 2473 discipulo
1409 2439 1509 2467 dilecto
1521 2441 1562 2469 t‘as
1574 2443 1719 2472 estdicere

930 2488 977 2509 eos
995 2482 1040 2518 qtti
1057 2490 1108 2510 tton
1128 2483 1292 2510 conﬁtentur
1308 2483 1392 2511 Deum
1411 2493 1524 2519 peccare
1538 2487 1572 2514 ad
1588 2494 1716 2517 mortem.

929 2527 981 2560 Qui
995 2535 1010 2555 e
1021 2533 1115 2556 contra
1130 2528 1200 2563 passi
1214 2534 1279 2557 sunt
1291 2531 1520 2565 persecutionem,
1534 2533 1651 2566 labores.
1668 2535 1716 2561 tui-

930 2581 979 2601 nas
998 2579 1024 2602 et
1038 2575 1228 2608 contumelias,
1258 2576 1311 2604 alia
1331 2578 1456 2606 mercede
1481 2579 1667 2607 donabuntur.
1679 2580 1717 2608 Ex

929 2620 1020 2653 pueris
1029 2625 1055 2647 et
1064 2620 1204 2649 inl‘antnlis
1216 2622 1261 2656 qui
1272 2623 1354 2650 ablati
1365 2629 1438 2657 sunt,
1449 2625 1493 2659 qui
1505 2626 1604 2653 tuortui
1617 2626 1718 2654 fuerint

929 2671 1074 2700 antequam
1095 2668 1300 2704 intelligentiam
1324 2671 1479 2705 habuerint,
1498 2672 1561 2700 boni
1585 2673 1626 2700 vel
1652 2673 1716 2700 mali

927 2712 1050 2744 omnino.
1068 2714 1148 2742 modo
1170 2715 1304 2751 baptisma
1323 2718 1486 2752 receperint,
1504 2719 1719 2746 misericorditer

928 2760 1026 2793 pieque
1063 2768 1077 2786 ιι
1100 2761 1154 2788 Deo
1167 2762 1340 2797 recipiendos
1359 2764 1477 2791 conﬁdo.
1499 2765 1598 2792 Omnes
1624 2769 1716 2792 autem

89 2804 220 2842 inﬁdeles,
245 2804 303 2832 sive
334 2804 405 2832 avita
439 2804 598 2833 inﬁdelitate
629 2808 784 2838 teneantur,
815 2811 876 2832 cum
899 2805 1152 2840 tltentonibttsjusle
1166 2807 1512 2843 condemnabunturnive
1530 2810 1622 2844 etiam,
1654 2811 1719 2838 ohm
