1918 3042
47 127 103 159 865

428 127 627 159 RESPONSA
651 128 702 159 AD
711 107 743 158 ’ϐ
750 130 770 158 A
778 129 825 159 BR
832 130 951 161 IELEM
971 132 1095 164 ΡΕΝΤΑ
1102 133 1233 166 POLI'I‘A
1241 136 1335 169 NUM.

1635 141 1686 172 866

45 184 175 219 ρωμένον
191 184 291 218 γνῶναι
312 183 361 219 τὴν
380 184 448 211 ῑδίαν
465 186 593 219 γυναῖκα,
609 193 645 212 κο.
677 185 738 212 κατ’
757 186 842 221 αὐτὴν

911 196 986 224 ngem
1003 198 1080 218 suam
1094 199 1270 227 cognoscere,
1289 200 1315 221 et
1329 195 1476 227 praesertim
1501 196 1545 223 die
1560 204 1613 230 quo
1641 206 1688 225 sa-

39 231 94 265 τὴν
121 231 231 266 ἡμέραν
263 231 484 266 ίερουργῆσαι.ἢ
514 232 583 266 μετὰ
609 232 639 259 τὸ
666 232 842 268 ἱερουργῆσαι

41 276 150 309 γνῶναι
164 277 261 312 αὐτήν.
277 277 317 303 Τὰ
328 278 441 304 τοιαῦτα
454 277 508 312 γὰρ
523 278 682 313 ἀδιαφορίας
696 279 744 305 καὶ
757 280 843 314 ἁκρα-·

42 323 107 353 σίας
126 323 195 357 ἔργα
211 323 290 351 εἰσίν,
314 323 342 349 ’0
355 323 382 350 δὲ
405 324 606 358 ἀγωνιζόμενος
622 324 713 351 πάντα
741 325 840 359 ἐγκρα-

42 368 166 397 τεύεται.
182 371 196 395 ὁ
210 368 315 400 Παῦλος
329 369 419 404 φησίν.
431 369 462 395 El
477 367 524 396 οὖν
537 370 592 401 τοῖς
609 369 747 404 θεωρῆσαι
758 371 840 404 μόνον

41 413 209 447 ἠξιωμένοις
225 413 424 447 καπνιζόμενον
437 415 465 439 τὸ
477 414 539 448 ὅρος
556 415 634 445 Σινᾶ,
651 415 698 441 καὶ
713 415 762 450 τῆς
785 424 841 450 φω-

44 459 95 491 νῆς
110 459 264 485 ἐπακοῦσαι
281 459 329 495 γῆς
347 459 505 493 σάλπιγγος,
523 460 697 494 παραγγελία
714 459 838 494 γέγονεν,

44 505 118 530 ὥστε
146 505 176 530 έν
205 507 293 539 τρισὶν
321 505 437 540 ἡμέραις
467 505 504 540 μὴ
529 506 690 540 προσελθεῖν
717 507 839 540 γυναικὶ,

45 551 95 576 καὶ
129 551 143 576 ὁ
177 551 324 584 ἁρχέρεὺς
357 551 489 586 ’Δόιάθαρ
519 551 666 586 ζητήσαντι
693 551 732 585 τῷ
757 552 841 578 Δαὸἱδ

43 596 111 627 τοὺς
136 597 185 630 τῆς
207 596 362 631 προθέσεως
387 596 486 630 ἄρτους
511 598 620 630 φαγεῖν,
644 597 771 632 ἠρώτησε
801 598 839 632 μή

46 649 116 667 ποτε
135 641 259 676 είσῆλοον
273 643 312 673 είς
332 644 450 675 γυναῖκα
464 641 536 669 κατὰ
552 643 600 678 τὴν
618 642 704 669 νύκτα
719 643 838 678 ἐκείνην,

47 688 97 714 καὶ
120 688 350 721 ὁμολογησάντων
372 689 410 722 μὴ
440 688 584 721 εἰσελθεῖν,
611 689 672 715 τότε
695 689 726 723 δὴ
743 689 841 724 τεθάρ-

48 735 136 769 ρηχεν
167 733 259 764 αὐτοῖς
297 733 388 760 δοῦναι
417 734 458 765 εἰς
486 734 588 769 βρῶσιν
620 734 683 765 τοὺς
707 736 846 771 ἰτυίιιικοὺς¹

48 780 175 810 ἐκείνους
190 779 289 814 ἄρτους
302 788 309 795 ·
326 779 366 810 τίς
379 779 433 814 ἄρα
447 780 597 815 τολμητίας
608 781 736 807 τοσοῦτον
752 781 839 813 ἔσται,

49 826 123 852 ὥστε
143 826 212 859 μετὰ
235 826 283 859 τὴν
300 825 410 858 ὁμιλίαν
435 825 486 860 τῆς
505 826 632 858 γυναικὸς
659 827 841 861 προσεγγίσαι

50 872 91 906 τῷ
109 872 316 907 θ,υτιαστηρίῳ;
335 872 397 907 ῆτῇ
420 872 473 905 πρὸ
489 871 540 906 τῆς
552 872 647 904 Θυσίας
663 873 758 905 νυκτί;
776 873 844 898 ὃπου
861 865 881 892 Β

51 928 84 954 γε
102 920 149 946 καὶ
166 918 316 953 φαντασίαις
331 919 412 952 μόνον
427 917 572 952 συμῦάσης
585 919 744 952 νυκτερινῆς
756 918 845 952 χρεὼν

53 966 242 997 ιῦλαόεἶσθαι,
259 965 296 996 ῶς
313 959 513 1000 ὲδιδάχῦημινί
533 964 564 990 Et
587 963 641 1000 γὰρ
664 965 711 990 καὶ
725 964 817 999 τίμιος
833 965 847 990 ὁ

52 1013 156 1046 γάμος,
176 1012 190 1039 ὁ
210 1011 314 1042 Παῦλός
336 1019 413 1045 φησι,
429 1010 476 1036 καὶ
496 1011 512 1045 ἡ
529 1009 605 1045 κοίτη
630 1009 772 1044 ἀμίαντος,
787 1008 845 1035 ἀλλ’

54 1059 168 1092 ἐπάγει,
186 1066 195 1083 ι
214 1058 334 1092 Πόρνους
351 1057 378 1083 δὲ
402 1057 450 1083 καὶ
467 1056 578 1090 μοιχοὺς
605 1057 696 1090 κρινεῖ
711 1056 725 1082 ὁ
737 1055 814 1086 Θεός,
835 1064 844 1081 ι

56 1105 141 1131 Ὠστε
155 1104 199 1130 διὰ
213 1103 243 1129 τὸ
256 1105 293 1138 μὴ
307 1102 449 1137 πορνεύειν
471 1102 487 1138 ἢ
506 1101 644 1137 μοιχεύειν
659 1102 738 1128 τοῦτο
754 1110 847 1136 φησιν,

56 1151 120 1185 οὺχ).
144 1150 173 1177 δὲ
201 1149 239 1185 μὴ
264 1150 367 1185 φθορὰν
391 1149 472 1176 τοῦτο
500 1149 547 1174 καὶ
578 1147 750 1181 ἀκαθαρσίαν
777 1146 851 1180 λογί-

58 1199 167 1231 ζεσθαι.
184 1207 193 1224 ι
225 1197 269 1223 Ἑν
285 1197 411 1231 ἀνομίαις
431 1197 496 1233 γὰρ,
513 1195 595 1230 φησὶν
610 1195 624 1220 ὁ
651 1194 744 1226 Δαόὶδ,
771 1202 850 1220 συνε-

59 1245 178 1280 λήφθην.
194 1245 240 1270 καὶ
264 1244 293 1270 ὲν
316 1242 466 1278 ἁμαρτίαις
494 1242 625 1274 ὲκίσσησέ
653 1250 686 1276 με
714 1242 730 1275 ἡ
761 1241 851 1276 μήτηρ

62 1301 127 1327 μου.
141 1301 150 1317 ι
167 1292 248 1317 Ὥστε
264 1290 335 1317 κατὰ
354 1289 530 1324 συγχώρησιν
543 1288 615 1314 ἐστὶν
627 1289 640 1315 ὁ
656 1288 756 1322 γάμος,
772 1287 852 1322 χάριν

61 1339 111 1373 τῆς
127 1337 296 1368 παιδοποιΐας
313 1337 358 1362 καὶ
376 1336 466 1369 μόνον,
484 1335 531 1361 καὶ
546 1335 596 1369 τῆς
620 1335 667 1360 τοῦ
686 1335 781 1368 γένους
797 1334 853 1359 δια-

62 1384 166 1419 δοχῆς·
196 1384 226 1410 οὺ
254 1383 306 1417 μὴν
337 1382 365 1408 δὲ
395 1381 463 1408 Θεοῦ
493 1381 703 1416 προηγούμενον
735 1379 852 1414 θέλημα.

64 1429 152 1457 Τοῦτο
173 1429 201 1456 δὲ
224 1429 406 1462 ἐκλεξάμενος
424 1427 528 1457 Παῦλος
551 1426 580 1452 τὸ
598 1425 690 1459 ἁγνῶς
704 1424 764 1459 ζῇν,
781 1424 855 1459 ὅμως

64 1475 129 1506 τοὺς
153 1473 263 1504 λοιποὺς
283 1473 313 1499 οὐ
329 1472 439 1502 κωλύει,
456 1471 588 1506 νομίμους
613 1471 686 1505 ἔχειν
710 1471 854 1504 γυναῖκας,

897 237 952 264 cris
970 236 1078 265 functus
1106 243 1148 266 est
1170 247 1228 266 eam
1255 241 1338 266 adire.
1357 241 1419 267 llree
1449 246 1514 268 sunt
1535 249 1616 276 opera
1647 244 1687 270 vel

897 282 1084 311 indifferentia:
1106 284 1145 310 vel
1167 284 1388 319 intemperantize.
1407 286 1535 320 Quienim
1555 288 1581 314 in
1602 295 1689 322 agone

897 328 1035 356 contendit
1050 330 1083 356 ab
1101 330 1225 358 omnibus
1249 338 1278 357 se
1298 332 1428 365 abstinet,
1451 333 1516 359 dicit
1534 332 1633 360 Paulus
1655 334 1686 360 ¹¹.

897 374 925 401 Si
942 375 1022 407 igitur
1040 380 1067 402 nt
1083 376 1207 403 viderent
1221 377 1390 405 solummodo
1401 383 1516 405 montem
1530 378 1602 406 Sinai
1617 380 1689 406 hiino
1720 371 1729 407 ξ

877 436 883 438 ~
897 421 1065 454 obvolutum,
1081 427 1107 449 et
1124 423 1249 450 audirent
1266 431 1362 450 sonum
1383 425 1504 451 buccinae
1519 425 1600 459 digne
1621 433 1688 459 prse-

896 467 1007 500 parandi
1022 474 1110 497 erant.
1126 473 1152 494 et
1169 468 1222 495 illis
1239 470 1424 503 praescriptum
1453 470 1540 496 fuerat
1555 478 1588 496 ne
1600 471 1687 497 tribus

897 512 993 539 diebus
1022 514 1271 548 appropinquarent
1296 515 1423 542 uxoribus
1440 514 1487 530 ""
1504 520 1551 542 :ct
1571 515 1599 541 si
1615 523 1689 541 sum-

897 566 957 585 tnus
973 559 1092 593 pontifex
1111 559 1241 586 Abiathar
1262 560 1408 595 postulanti
1423 561 1504 587 David
1523 566 1551 588 ut
1567 561 1683 588 mandu-

895 607 970 630 caret
987 611 1069 637 panes
1088 605 1290 638 propositionis.
1316 607 1456 640 respondit
1480 614 1603 640 qumrens
1623 615 1686 633 num

896 646 966 673 forte
984 647 1148 675 intraverint
1167 649 1200 675 ad
1218 650 1347 683 conjuges
1380 650 1436 684 ipsa
1454 655 1532 678 nocte
1546 671 1553 683 ,
1581 657 1607 678 et
1624 659 1687 678 cum

895 692 1110 719 asseveraverint
1124 700 1153 720 se
1168 701 1221 720 non
1234 694 1388 727 intravisse,
1417 700 1481 721 tunc
1508 703 1561 722 non
1583 696 1691 722 dubita-

896 737 933 764 vit
951 737 1003 764 illis
1019 738 1125 764 tradere
1141 740 1346 767 manducandos
1357 749 1439 774 panes
1455 741 1517 768 illus
1537 742 1642 777 typicos
1662 741 1690 764 ’ἲ

897 784 959 819 quis
978 789 1059 812 tantm
1076 786 1127 812 erit
1141 786 1264 814 audaciae
1277 792 1306 814 ut
1335 789 1405 815 inter
1429 789 1592 816 commercia
1622 797 1690 816 con-

899 830 1004 865 jugalia
1017 832 1126 858 accedat
1144 833 1177 859 ad
1202 833 1287 860 altare
1303 833 1314 860 ?
1340 835 1382 861 vel
1400 835 1426 861 in
1455 835 1512 869 ipsa
1537 842 1616 863 nocte
1630 845 1692 870 qme

897 877 1024 911 praecedit
1039 879 1203 906 sacritieium
1217 879 1229 906 ?
1246 879 1298 906 Sed
1311 879 1366 913 jam
1381 889 1470 907 nonne
1495 882 1616 916 apprime
1633 887 1695 908 mo'

898 930 994 949 nemur
1009 924 1041 949 ab
1058 924 1115 957 ipsa
1135 924 1263 958 religione
1285 932 1318 952 ne
1335 926 1375 953 vel
1397 931 1546 954 conventus
1567 928 1695 956 nocturni

903 967 1093 1002 imagunculae
1117 969 1318 998 admittamus?
1337 971 1443 998 Etenim
1460 972 1493 1004 si,
1507 977 1535 998 ut
1550 973 1615 999 dicit
1626 972 1695 999 Pau-

900 1013 953 1045 lus,
973 1013 1137 1042 Honorabile
1159 1016 1325 1043 connuhium
1343 1022 1368 1043 et
1384 1017 1479 1045 thorus
1492 1017 1693 1049 itnmacnlatus.

904 1064 994 1086 tamen
1011 1060 1085 1088 addit
1100 1070 1107 1088 :
1123 1071 1132 1086 σ
1147 1061 1429 1089 Fornicatoresaulem
1439 1067 1465 1090 ct
1478 1063 1697 1098 adulterosjudi-

902 1105 974 1132 cahit
988 1105 1081 1133 Deus“.
1096 1116 1104 1132 ι
1119 1106 1300 1139 Quamobrem
1313 1108 1395 1134 simul
1412 1108 1453 1134 bis
1466 1108 1558 1135 verbis
1571 1109 1695 1136 innuitur

906 1159 959 1177 non
978 1159 1040 1179 esse
1060 1152 1247 1179 fernicandum
1266 1160 1314 1180 nec
1327 1153 1544 1185 adulterandum,
1558 1159 1584 1180 et
1597 1155 1694 1180 iterum

903 1204 955 1223 non
969 1197 1109 1232 cogitanda
1122 1205 1181 1224 esse
1192 1203 1316 1232 stuprum
1330 1202 1375 1224 aut
1384 1194 1535 1226 lasciviam.
1546 1198 1613 1225 Dicit
1622 1199 1694 1226 enim

904 1243 1004 1269 David:
1022 1253 1029 1268 ι
1044 1242 1072 1269 ln
1090 1243 1278 1277 iniquitatibus
1287 1249 1434 1278 conceptus
1448 1252 1518 1275 sum.
1529 1245 1590 1272 etin
1602 1244 1699 1278 pccca‘

904 1289 937 1315 tis
954 1289 1078 1322 concepit
1092 1297 1134 1316 me
1148 1295 1234 1316 mater
1246 1298 1304 1317 mea
1315 1290 1337 1316 ⁸.
1350 1300 1358 1315 ι
1373 1289 1435 1317 Ideo
1444 1291 1477 1317 de
1489 1291 1565 1318 venia
1579 1291 1695 1325 quadam

910 1339 952 1361 est
962 1335 1140 1365 connuhium,
1149 1335 1176 1361 in
1188 1335 1300 1369 gratiam
1314 1335 1402 1363 solum
1415 1336 1522 1370 generis
1534 1336 1661 1364 servandi
1671 1341 1698 1361 et

905 1380 1084 1407 creandorum
1114 1380 1272 1411 liberorum.
1291 1388 1345 1407 non
1370 1389 1433 1407 vero
1445 1388 1477 1407 ex
1496 1381 1636 1408 voluntate
1652 1381 1697 1407 ln-i

906 1426 1094 1453 antecedente.
1124 1427 1232 1461 Eligens
1257 1426 1329 1453 enim
1363 1427 1465 1454 Paulus
1497 1432 1570 1454 caste
1587 1427 1697 1459 vivere,

908 1473 974 1500 alios
988 1480 1040 1500 non
1056 1473 1195 1508 prohibuit
1208 1473 1272 1508 quin
1290 1472 1424 1500 baberent
1440 1473 1574 1507 legitimas
1588 1480 1697 1503 uxores,

67 1523 111 1550 ινα
138 1522 176 1556 μὴ
197 1520 373 1556 πορνεύοντες
399 1518 605 1553 ἁμαρτάνωσιν,
634 1516 732 1549 λέγων,
749 1525 758 1541 ι
781 1516 857 1542 Θέλω

911 1527 943 1546 ne
957 1519 982 1545 in
998 1519 1207 1546 fornicationem
1230 1519 1382 1546 incidentes
1400 1523 1557 1553 peecarcnt,
1582 1519 1675 1545 dircns
1690 1526 1697 1544 :

67 1568 173 1598 πάντας
201 1564 271 1593 εἷναι
286 1566 324 1596 ὡς
349 1564 437 1598 κάγὼ,
454 1573 463 1589 ι
482 1565 606 1590 τουτέστι
624 1562 798 1597 παρθενεύειν
813 1563 859 1588 καὶ

69 1615 230 1650 σωφρονεῖν.
244 1623 253 1639 ι
268 1613 317 1640 Διά
328 1613 356 1639 δὲ
368 1613 416 1644 τὰς
426 1610 554 1646 πορνείας
575 1611 689 1641 ἕκαστος
702 1609 750 1644 τὴν
764 1608 860 1635 ἑαυτοῦ

68 1663 186 1696 γυναῖκα
197 1660 291 1696 ἐχέτω.
307 1652 318 1686 ί
335 1659 417 1693 Ὁρᾷς
433 1655 488 1684 οἷον
497 1657 527 1683 τὸ
538 1657 617 1692 ἔργον
628 1655 674 1682 τοῦ
686 1656 809 1687 Παύλου;
822 1655 862 1681 ὄτι

69 1706 221 1741 ἁγιωσύνῃ.
237 1706 287 1732 Διὰ
311 1705 338 1731 δὲ
364 1705 394 1732 τὸ
424 1704 462 1739 μὴ
491 1702 646 1738 πορνεύειν,
673 1701 861 1736 συγκαταϐαί-

69 1762 125 1779 νων
147 1752 224 1787 φησί.
240 1752 293 1778 Καὶ
317 1750 398 1778 πάλιν
415 1750 539 1780 εὐλαϐεῖς
555 1750 641 1775 ποιῶν
665 1749 728 1779 τοὺς
749 1747 862 1779 πιστοὺς

70 1800 155 1833 λέγιι,
175 1807 184 1824 ι
205 1798 242 1824 Τὸ
264 1797 355 1824 λοιπὸν
383 1797 397 1823 ὁ
422 1796 516 1829 καιρὸς
542 1795 757 1829 συνεσταλμένος
774 1794 862 1825 ἐστὶν,

71 1847 117 1873 ῐνα
134 1845 181 1872 καὶ
208 1845 233 1871 οι
253 1844 362 1879 ἔχοντες
387 1844 519 1877 γυναῖκας
543 1843 581 1875 ὼς
608 1842 646 1878 μὴ
668 1841 776 1877 ἔχοντες
798 1838 861 1873 ὦσι,

72 1893 156 1920 καλοί
182 1891 318 1926 χρώμενοι
341 1890 379 1925 τῷ
413 1890 520 1924 κόσμῳ,
548 1889 586 1921 ὼς
615 1888 653 1924 μὴ
682 1887 864 1922 καταχρώμε-

72 1947 125 1965 νοι.
139 1947 148 1964 ι
162 1937 360 1969 Φυλαξὰτωσαν
384 1934 431 1962 οὖν
445 1936 558 1966 ἑαυτοὺς
571 1935 595 1961 οἱ
624 1934 768 1968 ἱερωμένοι
783 1933 864 1968 337

73 1985 104 2011 ἐν
119 1984 159 2019 τῷ
182 1984 293 2018 μέλλειν
316 1983 479 2017 ἱερουργεῖν,
506 1983 552 2008 καὶ
568 1981 637 2016 μετὰ
649 1980 698 2016 τὴν
709 1980 865 2014 ἱερουργίαν

73 2032 135 2058 κατ’
151 2030 235 2065 αὐτὴν
263 2030 311 2064 τὴν
337 2029 454 2064 ἡμέραν,
481 2028 518 2060 ὡς
541 2027 704 2063 ἡγιασμένοι
728 2026 804 2057 ὄντες
831 2026 864 2060 τῇ

74 2077 215 2112 κοινωνίᾳ,
231 2076 272 2102 ὅτι
289 2076 319 2102 οὐ
331 2075 383 2110 χρὴ
404 2074 541 2101 κοινωνεῖν
553 2073 612 2108 Θεῷ
640 2073 688 2099 καὶ
704 2072 798 2107 σαρκί,
812 2072 866 2098 Καὶ

75 2125 100 2150 εἰ
116 2123 166 2157 μὲν
179 2115 209 2148 οὖ
225 2120 349 2156 βούλεται
368 2120 520 2154 ἱερουργεῖν
530 2118 559 2144 οὐ
573 2117 707 2144 κωλύεται
718 2125 725 2132 ⁸
743 2117 767 2143 εί
783 2115 804 2142 δ’
820 2113 866 2142 οὖν

75 2169 226 2200 κωλύεται,
250 2168 291 2194 ὅτι
315 2167 404 2193 ἐκεῖνο
425 2166 474 2201 μὲν
496 2165 597 2200 σαρκὸς
619 2164 758 2191 κοινωνία.
791 2162 866 2188 Ἐπεὶ

914 1564 999 1592 (Volo
1015 1572 1111 1592 omnes
1125 1572 1185 1592 esse
1196 1565 1263 1592 sicut
1280 1570 1364 1600 etego
1378 1566 1462 1596 stnn,’
1475 1575 1484 1591 ι
1505 1565 1556 1592 hoc
1566 1570 1606 1592 est
1619 1565 1701 1598 virgi-

912 1617 960 1638 nes
974 1615 1001 1637 et
1022 1616 1120 1637 castos.
1146 1610 1197 1638 Sed
1215 1620 1224 1636 ι
1239 1616 1349 1645 propter
1373 1610 1590 1643 fornicationem,
1613 1610 1700 1643 addit,

921 1659 1093 1692 unusquique
1109 1665 1185 1684 suam
1201 1665 1312 1684 uxorem
1329 1658 1436 1684 haln-at.
1451 1659 1462 1674 ⁸
1478 1667 1487 1683 ι
1506 1657 1622 1684 Videsne
1633 1665 1701 1692 qua-

915 1703 967 1730 lem
1002 1704 1205 1738 occupationem
1232 1703 1329 1730 habeat
1358 1704 1474 1730 Paulus:
1505 1703 1703 1730 Smctitiratio-

916 1758 988 1776 netu.
1006 1748 1041 1776 Ut
1056 1757 1107 1777 non
1126 1749 1324 1777 fornicarentur
1339 1757 1385 1784 per
1401 1749 1594 1784 indulgentiam
1609 1750 1702 1784 lnque-

918 1797 1009 1824 batur.
1031 1796 1084 1824 Sed
1107 1797 1213 1823 interim
1233 1797 1378 1831 prudentes
1391 1801 1417 1823 et
1432 1797 1490 1830 pios
1506 1797 1597 1824 volens
1614 1797 1703 1823 facere

917 1843 1061 1870 credentes
1071 1843 1125 1870 ait:
1141 1843 1299 1877 (Reliquum
1316 1847 1357 1870 est
1372 1847 1409 1873 nt,
1422 1846 1543 1877 tempore
1559 1842 1704 1870 abbrevia-

916 1893 962 1920 ιο,
990 1889 1036 1923 qui
1064 1888 1164 1915 habent
1189 1895 1289 1915 uxores
1332 1894 1460 1922 tamquam
1491 1896 1542 1914 non
1573 1889 1703 1915 habentes

917 1934 973 1962 sint
985 1954 991 1961 .
1006 1954 1013 1960 .
1026 1952 1047 1961 ..
1063 1939 1089 1961 et
1108 1934 1153 1967 qui
1170 1937 1283 1960 utuntur
1307 1933 1357 1960 hoc
1369 1934 1471 1959 mundo
1494 1937 1623 1968 tanquam
1648 1941 1703 1960 nou

918 1982 1053 2010 utantur".
1075 1991 1084 2006 ι
1109 1981 1271 2008 Custodiant
1296 1988 1360 2015 ergo
1391 1980 1494 2013 seipSOs
1521 1980 1705 2008 sacriﬁcaturi

918 2031 1046 2061 tanquam
1063 2030 1191 2061 perpetuo
1205 2026 1391 2053 desiderantes
1408 2026 1505 2053 offerre
1519 2031 1545 2053 et
1567 2026 1645 2053 modo
1661 2035 1707 2053 ce-

924 2071 1054 2099 lebraturi
1072 2078 1079 2104 ;
1095 2075 1122 2098 et
1144 2071 1240 2098 deinde
1262 2076 1323 2106 post
1344 2071 1551 2098 celebrationem
1565 2079 1611 2105 per
1621 2076 1704 2099 totam

919 2118 989 2144 hanc
1021 2116 1092 2144 diem
1116 2116 1276 2143 sanctilieati
1309 2117 1527 2149 communione;
1553 2124 1608 2143 non
1633 2118 1705 2144 enim

919 2168 1026 2199 oportet
1052 2163 1255 2191 communicare
1269 2163 1321 2190 Deo
1351 2167 1378 2191 et
1401 2166 1488 2191 carni.
1512 2164 1538 2191 Si
1567 2172 1630 2191 vero
1660 2172 1707 2191 no-

76 2217 199 2247 ἔσονται,
218 2215 311 2248 φησιν,
326 2213 349 2238 οἱ
364 2212 411 2238 δύο
427 2211 466 2242 εἰς
482 2211 572 2245 σάρκα
585 2210 660 2244 μίαν.
679 2209 709 2236 ’0
723 2208 752 2235 δὲ
768 2207 855 2234 κολλώ

922 2210 1002 2237 luerit
1017 2209 1115 2236 oﬂ'erre
1130 2216 1182 2236 non
1202 2209 1371 2243 prohibetur,
1389 2209 1459 2236 bene
1475 2215 1564 2237 autem
1579 2210 1707 2245 prohibe-

78 2269 160 2297 μενος
176 2259 216 2294 τῷ
231 2259 337 2293 Κυρῖῳ,
355 2257 384 2284 ἓν
401 2256 513 2291 Πνεῦμα
529 2257 598 2282 ἐστι.
622 2254 677 2281 Καὶ
691 2254 733 2285 τίς
756 2253 868 2288 συμφώ-

77 2314 156 2340 νησις
172 2304 232 2339 Θεῷ
255 2303 301 2329 καὶ
317 2302 398 2338 σαρκί
416 2310 423 2335 ;
437 2301 482 2328 Διὸ
507 2302 554 2327 καὶ
572 2299 676 2330 Ιιαῦλός
692 2307 758 2333 φησι
774 2298 867 2329 πάλιν,

80 2362 90 2379 ι
107 2351 153 2386 Μὴ
167 2350 344 2383 ἀποστερεῖτε
360 2348 500 2383 ἀλλήλους,
513 2348 537 2373 εί.
550 2347 586 2381 μή
599 2355 624 2372 τι
639 2346 693 2381 ἄρα
706 2347 737 2372 ὲκ
753 2346 868 2379 συμφώ-

78 2406 136 2425 νου.
153 2397 258 2428 ιΔιατίς
273 2395 331 2420 Ἵνα
344 2393 519 2428 συνέρχησθε,
532 2393 624 2426 φησὶν,
639 2393 667 2418 ἐν
678 2392 738 2422 ταῖς
749 2399 867 2426 προσευ-

78 2446 152 2480 χαῖς.
169 2443 244 2477 Ἅμα
259 2441 304 2468 οὖν
325 2442 372 2468 καὶ
395 2441 478 2475 ἄμφω
492 2439 622 2471 διδάσκει,
637 2439 683 2464 καὶ
699 2438 729 2464 τδ
741 2438 779 2473 μὴ
801 2438 869 2464 ἁπο-

81 2490 190 2525 στερεῖν
209 2488 343 2522 ἀλλήλους
360 2486 403 2513 διὰ
417 2487 465 2517 τὰς
487 2484 627 2518 πορνείας,
648 2485 694 2510 καὶ
717 2483 746 2510 τὸ
770 2484 871 2518 ἐγκρα-

81 2535 211 2563 τεύεσθαι
229 2536 262 2560 ἐκ
282 2533 429 2568 συμφώνου
444 2532 488 2558 διὰ
507 2531 555 2562 τὰς
571 2531 734 2565 προσευχὰς,
755 2529 871 2564 βεϐαιῶν

81 2581 133 2608 ttat
156 2578 234 2611 οὗτος
250 2579 279 2606 τὸ
304 2579 385 2614 ῥηθὲν
407 2577 458 2604 ὑπὸ
481 2576 526 2604 τοῦ
551 2576 629 2608 Θεοῦ,
657 2577 685 2602 έν
703 2575 742 2610 τῷ
764 2576 872 2610 μέλλειν

82 2626 248 2662 ἀνέρχεσθαι
260 2625 358 2656 αὐτοὺς
370 2624 437 2660 πρὸς
453 2623 483 2650 τὸ
495 2622 567 2658 ὅρος,
583 2631 592 2648 ι
613 2622 694 2656 Τρεῖς
710 2621 816 2656 ἡμέρας
834 2621 872 2655 μὴ

89 2672 260 2707 προσέλθητε
270 2670 390 2705 γυναικί.
406 2679 414 2696 ι
431 2670 461 2696 Et
477 2667 524 2696 οὖν
534 2668 627 2699 ἁπλῶς
642 2668 670 2694 ἐν
682 2668 720 2702 τῷ
734 2668 872 2702 θεωρῆσαι

89 2717 159 2745 Θεοῦ
176 2718 224 2753 τὴν
246 2717 336 2750 δόξαν,
359 2716 405 2743 καὶ
434 2717 463 2742 έν
483 2714 523 2750 τῷ
549 2713 750 2749 προσεύξασθαι
774 2716 874 2747 ἐγκρα-

93 2863 144 2889 ιιι,
160 2855 188 2883 5.
238 2855 249 2872 '
277 2854 346 2883 Ibid.
368 2854 396 2883 2.

447 2855 457 2870 '
477 2855 546 2883 Ibid.
559 2855 604 2883 29.

922 2262 966 2284 tnr
990 2256 1013 2284 si
1030 2256 1153 2283 voluerit.
1171 2255 1239 2282 Nam
1251 2256 1303 2282 hoc
1319 2260 1360 2282 est
1371 2255 1461 2283 carnis
1484 2256 1705 2288 communicatio.

921 2302 1070 2329 secundum
1084 2300 1169 2328 illud:
1185 2309 1195 2326 ι
1218 2300 1303 2328 Erunt
1325 2301 1379 2328 duo
1394 2301 1421 2328 in
1437 2308 1518 2328 carne
1530 2308 1595 2333 una,
1626 2310 1635 2326 ι
1651 2302 1703 2333 Qui

922 2352 1011 2374 autem
1029 2347 1148 2374 adhaeret
1159 2347 1284 2378 Domino,
1299 2354 1370 2373 unus
1380 2345 1497 2380 Spiritus
1512 2352 1553 2373 est
1565 2346 1597 2372 ‘°.
1612 2355 1621 2371 ι
1641 2346 1705 2379 Quae

923 2395 996 2421 enim
1015 2394 1158 2421 conventio
1175 2393 1229 2420 Deo
1250 2399 1277 2419 et
1293 2392 1388 2419 carni?
1405 2392 1494 2425 Quare
1517 2392 1614 2419 iterum
1636 2392 1708 2420 Pau-

925 2440 966 2467 lus
982 2440 1048 2467 dieit
1065 2448 1073 2466 ι
1088 2449 1097 2464 ι
1117 2439 1205 2466 Nolite
1220 2438 1346 2465 fraudare
1370 2438 1557 2469 invicem.nisi
1581 2439 1650 2467 forte
1676 2447 1709 2467 ex

925 2493 1061 2512 consensu
1074 2485 1105 2511 “.
1119 2493 1127 2510 ι
1142 2484 1230 2517 Quare
1240 2483 1597 2517 tandem?Utconveniatis,
1610 2485 1708 2519 inquit,

927 2533 960 2559 ad
972 2533 1131 2559 orationem.
1148 2531 1206 2557 Duo
1222 2531 1303 2564 igitur
1316 2530 1397 2557 simul
1416 2524 1463 2558 hic
1480 2531 1557 2559 ducet
1572 2540 1579 2558 :
1606 2532 1710 2559 scilicet

927 2584 955 2604 ut
973 2577 1195 2605 usndefraudeut
1219 2584 1248 2604 sc
1273 2576 1387 2604 invicem
1411 2581 1522 2612 propter
1548 2578 1710 2606 fornicatio-

927 2632 998 2655 nem,
1013 2628 1040 2650 ct
1059 2623 1173 2650 alterum
1191 2626 1218 2649 ut
1237 2622 1393 2650 abstineant
1421 2631 1452 2650 ex
1488 2631 1622 2651 consensu
1648 2631 1711 2659 pro-

926 2675 985 2705 pter
999 2668 1149 2696 orationem
1167 2677 1174 2696 :
1188 2668 1353 2696 cottﬁrmans
1368 2669 1424 2704 ipse
1435 2669 1506 2704 quod
1519 2669 1588 2697 Deus
1604 2669 1711 2698 dixerat

929 2715 1060 2743 lsraelitis
1074 2707 1135 2743 cum
1153 2716 1234 2742 modo
1247 2715 1385 2743 accessuri
1397 2719 1475 2745 erant
1491 2716 1524 2743 ad
1537 2722 1655 2743 montem
1671 2724 1678 2743 :
1695 2725 1707 2742 ι

126 2821 148 2835 ¹¹¹
166 2819 250 2848 lCor.
266 2827 316 2852 tx,.
329 2819 375 2847 25.
417 2819 462 2835 ¹³”³
477 2819 562 2846 Exod.
574 2818 792 2848 xtx.15.16.18.
832 2819 857 2833 ν

126 2863 144 2882 ι.
160 2855 188 2882 5.
238 2855 249 2872 ³
277 2854 346 2882 Ibid.
368 2854 396 2882 2.
447 2855 457 2870 ⁹
477 2855 546 2882 Ibid.
559 2855 604 2882 29.
656 2854 676 2870 '°
690 2853 700 2880 Ι
714 2855 776 2882 Cor.
790 2862 827 2882 VI.
848 2855 857 2880 I

911 2827 942 2853 ig.
960 2826 1016 2849 ιιιιι,
1031 2817 1092 2845 Α-6.
1130 2818 1140 2834 ¹
1155 2818 1237 2846 llebr.
1255 2825 1313 2850 χιιι,
1327 2818 1354 2846 4.
1393 2817 1476 2846 ‘Psal.
1493 2826 1519 2852 L,
1536 2818 1562 2846 7.
1599 2819 1608 2835 ⁷
1622 2817 1632 2845 I
1648 2819 1711 2848 Cor.

925 2854 965 2881 17.
1014 2855 1035 2870 ¹¹
1066 2853 1076 2880 I
1103 2853 1168 2882 Cor.
1192 2862 1238 2882 vn.
1265 2854 1291 2882 5.

770 2873 776 2881 ι
794 2873 827 2888 τι,
850 2873 891 2887 ιν,

1014 2855 1035 2870 “¹
1066 2853 1076 2880 l
1103 2853 1168 2882 Cor.
1192 2862 1238 2888 vn,
1265 2854 1291 2882 5.
