  <div class='ocr_page' id='page_1' title='image "/cluster/home/n/w/nwhite01/storage/ocr_20150623/155/njp.32101010943494/533.png"; bbox 0 0 1918 3042; ppageno 0'>
   <div class='ocr_carea' id='block_1_1' title="bbox 464 204 746 237">
    <p class='ocr_par' dir='ltr' id='par_1_1' title="bbox 464 204 746 237">
     <span class='ocr_line' id='line_1_1' title="bbox 464 204 746 237; baseline 0.004 -6"><span class='ocrx_word' id='word_1_1' title='bbox 464 204 629 237; x_wconf 56' lang='grc' dir='ltr'>ουλεδτιο</span> <span class='ocrx_word' id='word_1_2' title='bbox 653 206 746 234; x_wconf 81' lang='lat' dir='ltr'><strong>LVIII.</strong></span> 
     </span>
    </p>
   </div>
   <div class='ocr_carea' id='block_1_2' title="bbox 214 258 1000 298">
    <p class='ocr_par' dir='ltr' id='par_1_2' title="bbox 214 258 1000 298">
     <span class='ocr_line' id='line_1_2' title="bbox 214 258 1000 298; baseline 0.004 -10"><span class='ocrx_word' id='word_1_3' title='bbox 214 260 287 291; x_wconf 72' lang='lat' dir='ltr'><strong>Nunt</strong></span> <span class='ocrx_word' id='word_1_4' title='bbox 311 260 339 287; x_wconf 81' lang='lat' dir='ltr'><strong>in</strong></span> <span class='ocrx_word' id='word_1_5' title='bbox 363 258 750 298; x_wconf 66' lang='lat' dir='ltr'><strong>Missa&#39;prmsanctiﬁcatorum</strong></span> <span class='ocrx_word' id='word_1_6' title='bbox 777 263 896 298; x_wconf 69' lang='lat' dir='ltr'><strong>fragmen</strong></span> <span class='ocrx_word' id='word_1_7' title='bbox 917 264 1000 291; x_wconf 83' lang='lat' dir='ltr'><strong>divini</strong></span> 
     </span>
    </p>
   </div>
   <div class='ocr_carea' id='block_1_3' title="bbox 365 297 848 333">
    <p class='ocr_par' dir='ltr' id='par_1_3' title="bbox 365 297 848 333">
     <span class='ocr_line' id='line_1_3' title="bbox 365 297 848 333; baseline 0.008 -11"><span class='ocrx_word' id='word_1_8' title='bbox 365 297 443 330; x_wconf 78' lang='lat' dir='ltr'><strong>panis</strong></span> <span class='ocrx_word' id='word_1_9' title='bbox 460 305 494 323; x_wconf 86' lang='lat' dir='ltr'><strong>an</strong></span> <span class='ocrx_word' id='word_1_10' title='bbox 509 297 608 331; x_wconf 75' lang='lat' dir='ltr'><strong>integer</strong></span> <span class='ocrx_word' id='word_1_11' title='bbox 627 299 719 333; x_wconf 66' lang='grc' dir='ltr'><em>απαννί</em></span> <span class='ocrx_word' id='word_1_12' title='bbox 735 297 848 326; x_wconf 74' lang='lat' dir='ltr'><strong>debeat?</strong></span> 
     </span>
    </p>
   </div>
   <div class='ocr_carea' id='block_1_4' title="bbox 242 340 999 378">
    <p class='ocr_par' dir='ltr' id='par_1_4' title="bbox 242 340 999 378">
     <span class='ocr_line' id='line_1_4' title="bbox 242 340 999 378; baseline 0.005 -10"><span class='ocrx_word' id='word_1_13' title='bbox 242 340 332 369; x_wconf 66' lang='lat' dir='ltr'><strong>Panis</strong></span> <span class='ocrx_word' id='word_1_14' title='bbox 346 349 429 376; x_wconf 89' lang='lat' dir='ltr'><strong>porro</strong></span> <span class='ocrx_word' id='word_1_15' title='bbox 454 349 506 370; x_wconf 87' lang='lat' dir='ltr'><strong>non</strong></span> <span class='ocrx_word' id='word_1_16' title='bbox 523 344 600 371; x_wconf 86' lang='lat' dir='ltr'><strong>debet</strong></span> <span class='ocrx_word' id='word_1_17' title='bbox 612 351 675 371; x_wconf 85' lang='lat' dir='ltr'><strong>esse</strong></span> <span class='ocrx_word' id='word_1_18' title='bbox 703 344 847 378; x_wconf 79' lang='lat' dir='ltr'><strong>particula,</strong></span> <span class='ocrx_word' id='word_1_19' title='bbox 864 344 912 372; x_wconf 87' lang='lat' dir='ltr'><strong>sed</strong></span> <span class='ocrx_word' id='word_1_20' title='bbox 930 344 999 372; x_wconf 88' lang='lat' dir='ltr'><strong>inte-</strong></span> 
     </span>
    </p>
   </div>
   <div class='ocr_carea' id='block_1_5' title="bbox 214 388 999 426">
    <p class='ocr_par' dir='ltr' id='par_1_5' title="bbox 214 388 999 426">
     <span class='ocr_line' id='line_1_5' title="bbox 214 388 999 426; baseline 0.001 -11"><span class='ocrx_word' id='word_1_21' title='bbox 214 395 272 424; x_wconf 73' lang='lat' dir='ltr'><strong>ger,</strong></span> <span class='ocrx_word' id='word_1_22' title='bbox 292 392 321 415; x_wconf 90' lang='lat' dir='ltr'><strong>ut</strong></span> <span class='ocrx_word' id='word_1_23' title='bbox 335 388 361 415; x_wconf 90' lang='lat' dir='ltr'><strong>in</strong></span> <span class='ocrx_word' id='word_1_24' title='bbox 386 394 488 423; x_wconf 84' lang='lat' dir='ltr'><strong>partes,</strong></span> <span class='ocrx_word' id='word_1_25' title='bbox 508 390 546 417; x_wconf 95' lang='lat' dir='ltr'><strong>uti</strong></span> <span class='ocrx_word' id='word_1_26' title='bbox 562 391 646 418; x_wconf 89' lang='lat' dir='ltr'><strong>moris</strong></span> <span class='ocrx_word' id='word_1_27' title='bbox 660 395 713 422; x_wconf 82' lang='lat' dir='ltr'><strong>est,</strong></span> <span class='ocrx_word' id='word_1_28' title='bbox 730 391 814 418; x_wconf 84' lang='lat' dir='ltr'><strong>dividi</strong></span> <span class='ocrx_word' id='word_1_29' title='bbox 828 391 924 426; x_wconf 88' lang='lat' dir='ltr'><strong>possit,</strong></span> <span class='ocrx_word' id='word_1_30' title='bbox 942 389 999 417; x_wconf 81' lang='lat' dir='ltr'><strong>fra-</strong></span> 
     </span>
    </p>
   </div>
   <div class='ocr_carea' id='block_1_6' title="bbox 215 434 999 467">
    <p class='ocr_par' dir='ltr' id='par_1_6' title="bbox 215 434 999 467">
     <span class='ocr_line' id='line_1_6' title="bbox 215 434 999 467; baseline 0.001 -5"><span class='ocrx_word' id='word_1_31' title='bbox 215 440 329 467; x_wconf 85' lang='lat' dir='ltr'><strong>ctusque</strong></span> <span class='ocrx_word' id='word_1_32' title='bbox 346 434 547 467; x_wconf 78' lang='lat' dir='ltr'><strong>distribuatur;</strong></span> <span class='ocrx_word' id='word_1_33' title='bbox 575 436 627 462; x_wconf 86' lang='lat' dir='ltr'><strong>hoc</strong></span> <span class='ocrx_word' id='word_1_34' title='bbox 654 436 728 463; x_wconf 89' lang='lat' dir='ltr'><strong>enim</strong></span> <span class='ocrx_word' id='word_1_35' title='bbox 757 436 848 463; x_wconf 88' lang='lat' dir='ltr'><strong>minus</strong></span> <span class='ocrx_word' id='word_1_36' title='bbox 875 436 957 464; x_wconf 89' lang='lat' dir='ltr'><strong>habet</strong></span> <span class='ocrx_word' id='word_1_37' title='bbox 985 443 999 463; x_wconf 91' lang='lat' dir='ltr'><strong>a</strong></span> 
     </span>
    </p>
   </div>
   <div class='ocr_carea' id='block_1_7' title="bbox 214 480 1001 516">
    <p class='ocr_par' dir='ltr' id='par_1_7' title="bbox 214 480 1001 516">
     <span class='ocr_line' id='line_1_7' title="bbox 214 480 1001 516; baseline 0.001 -8"><span class='ocrx_word' id='word_1_38' title='bbox 214 481 300 508; x_wconf 89' lang='lat' dir='ltr'><strong>missa</strong></span> <span class='ocrx_word' id='word_1_39' title='bbox 319 480 449 516; x_wconf 84' lang='lat' dir='ltr'><strong>perlecta.</strong></span> <span class='ocrx_word' id='word_1_40' title='bbox 466 482 497 508; x_wconf 81' lang='lat' dir='ltr'><strong>Et</strong></span> <span class='ocrx_word' id='word_1_41' title='bbox 511 489 579 516; x_wconf 84' lang='lat' dir='ltr'><strong>aqua</strong></span> <span class='ocrx_word' id='word_1_42' title='bbox 598 482 686 509; x_wconf 84' lang='lat' dir='ltr'><strong>calida</strong></span> <span class='ocrx_word' id='word_1_43' title='bbox 705 487 769 509; x_wconf 89' lang='lat' dir='ltr'><strong>tunc</strong></span> <span class='ocrx_word' id='word_1_44' title='bbox 781 489 890 516; x_wconf 85' lang='lat' dir='ltr'><strong>quoque</strong></span> <span class='ocrx_word' id='word_1_45' title='bbox 917 482 1001 509; x_wconf 89' lang='lat' dir='ltr'><strong>intro-</strong></span> 
     </span>
    </p>
   </div>
   <div class='ocr_carea' id='block_1_8' title="bbox 214 523 1000 561">
    <p class='ocr_par' dir='ltr' id='par_1_8' title="bbox 214 523 1000 561">
     <span class='ocr_line' id='line_1_8' title="bbox 214 523 1000 561; baseline 0.001 -9"><span class='ocrx_word' id='word_1_46' title='bbox 214 523 412 559; x_wconf 60' lang='lat' dir='ltr'><strong>mittiturTnon</strong></span> <span class='ocrx_word' id='word_1_47' title='bbox 429 526 605 560; x_wconf 75' lang='lat' dir='ltr'><strong>perfectionis</strong></span> <span class='ocrx_word' id='word_1_48' title='bbox 629 525 743 560; x_wconf 90' lang='lat' dir='ltr'><strong>alicujus</strong></span> <span class='ocrx_word' id='word_1_49' title='bbox 759 527 856 561; x_wconf 72' lang='lat' dir='ltr'><strong>gratia.</strong></span> <span class='ocrx_word' id='word_1_50' title='bbox 870 534 932 554; x_wconf 88' lang='lat' dir='ltr'><strong>cum</strong></span> <span class='ocrx_word' id='word_1_51' title='bbox 948 533 1000 553; x_wconf 84' lang='lat' dir='ltr'><strong>nee</strong></span> 
     </span>
    </p>
   </div>
   <div class='ocr_carea' id='block_1_9' title="bbox 211 571 1001 607">
    <p class='ocr_par' dir='ltr' id='par_1_9' title="bbox 211 571 1001 607">
     <span class='ocr_line' id='line_1_9' title="bbox 211 571 1001 607; baseline 0.003 -10"><span class='ocrx_word' id='word_1_52' title='bbox 211 571 242 597; x_wconf 85' lang='lat' dir='ltr'><strong>in</strong></span> <span class='ocrx_word' id='word_1_53' title='bbox 258 571 343 599; x_wconf 80' lang='lat' dir='ltr'><strong>missa</strong></span> <span class='ocrx_word' id='word_1_54' title='bbox 363 571 481 606; x_wconf 77' lang='lat' dir='ltr'><strong>perlecta</strong></span> <span class='ocrx_word' id='word_1_55' title='bbox 508 572 542 599; x_wconf 90' lang='lat' dir='ltr'><strong>ob</strong></span> <span class='ocrx_word' id='word_1_56' title='bbox 559 572 754 605; x_wconf 77' lang='lat' dir='ltr'><strong>perfectionem</strong></span> <span class='ocrx_word' id='word_1_57' title='bbox 782 572 900 607; x_wconf 87' lang='lat' dir='ltr'><strong>aliquam</strong></span> <span class='ocrx_word' id='word_1_58' title='bbox 917 573 1001 599; x_wconf 83' lang='lat' dir='ltr'><strong>intro-</strong></span> 
     </span>
    </p>
   </div>
   <div class='ocr_carea' id='block_1_10' title="bbox 214 617 998 652">
    <p class='ocr_par' dir='ltr' id='par_1_10' title="bbox 214 617 998 652">
     <span class='ocr_line' id='line_1_10' title="bbox 214 617 998 652; baseline 0.003 -9"><span class='ocrx_word' id='word_1_59' title='bbox 214 617 349 650; x_wconf 86' lang='lat' dir='ltr'><strong>mittatur,</strong></span> <span class='ocrx_word' id='word_1_60' title='bbox 369 618 415 644; x_wconf 88' lang='lat' dir='ltr'><strong>sed</strong></span> <span class='ocrx_word' id='word_1_61' title='bbox 429 622 459 644; x_wconf 89' lang='lat' dir='ltr'><strong>ut</strong></span> <span class='ocrx_word' id='word_1_62' title='bbox 477 618 568 652; x_wconf 87' lang='lat' dir='ltr'><strong>tepido</strong></span> <span class='ocrx_word' id='word_1_63' title='bbox 590 619 731 646; x_wconf 87' lang='lat' dir='ltr'><strong>tremendo</strong></span> <span class='ocrx_word' id='word_1_64' title='bbox 747 618 792 645; x_wconf 89' lang='lat' dir='ltr'><strong>illo</strong></span> <span class='ocrx_word' id='word_1_65' title='bbox 817 619 901 646; x_wconf 85' lang='lat' dir='ltr'><strong>calice</strong></span> <span class='ocrx_word' id='word_1_66' title='bbox 916 618 998 650; x_wconf 80' lang='lat' dir='ltr'><strong>facto,</strong></span> 
     </span>
    </p>
   </div>
   <div class='ocr_carea' id='block_1_11' title="bbox 215 662 999 697">
    <p class='ocr_par' dir='ltr' id='par_1_11' title="bbox 215 662 999 697">
     <span class='ocr_line' id='line_1_11' title="bbox 215 662 999 697; baseline 0.003 -7"><span class='ocrx_word' id='word_1_67' title='bbox 215 662 281 690; x_wconf 81' lang='lat' dir='ltr'><strong>illud</strong></span> <span class='ocrx_word' id='word_1_68' title='bbox 292 662 385 690; x_wconf 82' lang='lat' dir='ltr'><strong>animo</strong></span> <span class='ocrx_word' id='word_1_69' title='bbox 408 663 606 697; x_wconf 84' lang='lat' dir='ltr'><strong>concipiamus,</strong></span> <span class='ocrx_word' id='word_1_70' title='bbox 622 663 702 690; x_wconf 87' lang='lat' dir='ltr'><strong>etiam</strong></span> <span class='ocrx_word' id='word_1_71' title='bbox 725 663 837 691; x_wconf 88' lang='lat' dir='ltr'><strong>Christo</strong></span> <span class='ocrx_word' id='word_1_72' title='bbox 848 664 999 696; x_wconf 86' lang='lat' dir='ltr'><strong>demortuo,</strong></span> 
     </span>
    </p>
   </div>
   <div class='ocr_carea' id='block_1_12' title="bbox 214 708 1001 744">
    <p class='ocr_par' dir='ltr' id='par_1_12' title="bbox 214 708 1001 744">
     <span class='ocr_line' id='line_1_12' title="bbox 214 708 1001 744; baseline 0.003 -10"><span class='ocrx_word' id='word_1_73' title='bbox 214 708 352 736; x_wconf 83' lang='lat' dir='ltr'><strong>viviﬁcum</strong></span> <span class='ocrx_word' id='word_1_74' title='bbox 367 708 439 736; x_wconf 87' lang='lat' dir='ltr'><strong>illius</strong></span> <span class='ocrx_word' id='word_1_75' title='bbox 463 716 563 744; x_wconf 88' lang='lat' dir='ltr'><strong>corpus</strong></span> <span class='ocrx_word' id='word_1_76' title='bbox 592 716 608 736; x_wconf 86' lang='lat' dir='ltr'><strong>a</strong></span> <span class='ocrx_word' id='word_1_77' title='bbox 632 709 775 736; x_wconf 75' lang='lat' dir='ltr'><strong>divinitate</strong></span> <span class='ocrx_word' id='word_1_78' title='bbox 802 717 889 744; x_wconf 81' lang='lat' dir='ltr'><strong>neque</strong></span> <span class='ocrx_word' id='word_1_79' title='bbox 923 709 1001 736; x_wconf 86' lang='lat' dir='ltr'><strong>avul-</strong></span> 
     </span>
    </p>
   </div>
   <div class='ocr_carea' id='block_1_13' title="bbox 215 754 1001 789">
    <p class='ocr_par' dir='ltr' id='par_1_13' title="bbox 215 754 1001 789">
     <span class='ocr_line' id='line_1_13' title="bbox 215 754 1001 789; baseline 0.001 -8"><span class='ocrx_word' id='word_1_80' title='bbox 215 761 276 782; x_wconf 86' lang='lat' dir='ltr'><strong>sum</strong></span> <span class='ocrx_word' id='word_1_81' title='bbox 289 761 378 789; x_wconf 79' lang='lat' dir='ltr'><strong>neque</strong></span> <span class='ocrx_word' id='word_1_82' title='bbox 396 760 563 789; x_wconf 89' lang='lat' dir='ltr'><strong>separatum,</strong></span> <span class='ocrx_word' id='word_1_83' title='bbox 587 755 814 789; x_wconf 83' lang='lat' dir='ltr'><strong>quemadmodum</strong></span> <span class='ocrx_word' id='word_1_84' title='bbox 832 755 923 782; x_wconf 82' lang='lat' dir='ltr'><strong>divina</strong></span> <span class='ocrx_word' id='word_1_85' title='bbox 941 754 1001 789; x_wconf 80' lang='lat' dir='ltr'><strong>ejus</strong></span> 
     </span>
    </p>
   </div>
   <div class='ocr_carea' id='block_1_14' title="bbox 214 799 1000 835">
    <p class='ocr_par' dir='ltr' id='par_1_14' title="bbox 214 799 1000 835">
     <span class='ocr_line' id='line_1_14' title="bbox 214 799 1000 835; baseline 0.001 -9"><span class='ocrx_word' id='word_1_86' title='bbox 214 799 319 831; x_wconf 73' lang='lat' dir='ltr'><strong>anima,</strong></span> <span class='ocrx_word' id='word_1_87' title='bbox 332 800 378 828; x_wconf 88' lang='lat' dir='ltr'><strong>sed</strong></span> <span class='ocrx_word' id='word_1_88' title='bbox 399 800 603 835; x_wconf 81' lang='lat' dir='ltr'><strong>operationibus</strong></span> <span class='ocrx_word' id='word_1_89' title='bbox 615 800 734 834; x_wconf 82' lang='lat' dir='ltr'><strong>Spiritus</strong></span> <span class='ocrx_word' id='word_1_90' title='bbox 751 800 835 827; x_wconf 80' lang='lat' dir='ltr'><strong>fuisse</strong></span> <span class='ocrx_word' id='word_1_91' title='bbox 850 801 1000 834; x_wconf 83' lang='lat' dir='ltr'><strong>oppletum.</strong></span> 
     </span>
    </p>
   </div>
   <div class='ocr_carea' id='block_1_15' title="bbox 214 844 999 880">
    <p class='ocr_par' dir='ltr' id='par_1_15' title="bbox 214 844 999 880">
     <span class='ocr_line' id='line_1_15' title="bbox 214 844 999 880; baseline 0 -8"><span class='ocrx_word' id='word_1_92' title='bbox 214 844 282 872; x_wconf 77' lang='lat' dir='ltr'><strong>Illud</strong></span> <span class='ocrx_word' id='word_1_93' title='bbox 292 853 400 880; x_wconf 85' lang='lat' dir='ltr'><strong>quoque</strong></span> <span class='ocrx_word' id='word_1_94' title='bbox 414 845 500 873; x_wconf 88' lang='lat' dir='ltr'><strong>calida</strong></span> <span class='ocrx_word' id='word_1_95' title='bbox 514 846 612 877; x_wconf 85' lang='lat' dir='ltr'><strong>innuit,</strong></span> <span class='ocrx_word' id='word_1_96' title='bbox 629 845 761 880; x_wconf 87' lang='lat' dir='ltr'><strong>Spiritum</strong></span> <span class='ocrx_word' id='word_1_97' title='bbox 777 853 838 873; x_wconf 84' lang='lat' dir='ltr'><strong>esse</strong></span> <span class='ocrx_word' id='word_1_98' title='bbox 850 845 999 878; x_wconf 80' lang='lat' dir='ltr'><strong>Viviﬁcnm,</strong></span> 
     </span>
    </p>
   </div>
   <div class='ocr_carea' id='block_1_16' title="bbox 643 147 1420 181">
    <p class='ocr_par' dir='ltr' id='par_1_16' title="bbox 643 147 1420 181">
     <span class='ocr_line' id='line_1_16' title="bbox 643 147 1420 181; baseline 0.004 -4"><span class='ocrx_word' id='word_1_99' title='bbox 643 147 833 178; x_wconf 82' lang='lat' dir='ltr'><strong>SYMEONIS</strong></span> <span class='ocrx_word' id='word_1_100' title='bbox 853 148 1227 180; x_wconf 83' lang='lat' dir='ltr'><strong>THESSALONICENSIS</strong></span> <span class='ocrx_word' id='word_1_101' title='bbox 1243 149 1420 181; x_wconf 81' lang='lat' dir='ltr'><strong>ARCHIEP.</strong></span> 
     </span>
    </p>
   </div>
   <div class='ocr_carea' id='block_1_17' title="bbox 1789 147 1843 178">
    <p class='ocr_par' dir='ltr' id='par_1_17' title="bbox 1789 147 1843 178">
     <span class='ocr_line' id='line_1_17' title="bbox 1789 147 1843 178; baseline 0.019 -1"><span class='ocrx_word' id='word_1_102' title='bbox 1789 147 1843 178; x_wconf 76' lang='lat'><strong>912</strong></span> 
     </span>
    </p>
   </div>
   <div class='ocr_carea' id='block_1_18' title="bbox 1315 204 1574 234">
    <p class='ocr_par' dir='ltr' id='par_1_18' title="bbox 1315 204 1574 234">
     <span class='ocr_line' id='line_1_18' title="bbox 1315 204 1574 234; baseline 0 -1"><span class='ocrx_word' id='word_1_103' title='bbox 1315 207 1483 233; x_wconf 79' lang='grc' dir='ltr'><strong>ΕΡΩΤΗΣΙΣ</strong></span> <span class='ocrx_word' id='word_1_104' title='bbox 1505 204 1574 234; x_wconf 83' lang='lat' dir='ltr'><strong>Nil&#39;.</strong></span> 
     </span>
    </p>
   </div>
   <div class='ocr_carea' id='block_1_19' title="bbox 1057 260 1844 296">
    <p class='ocr_par' dir='ltr' id='par_1_19' title="bbox 1057 260 1844 296">
     <span class='ocr_line' id='line_1_19' title="bbox 1057 260 1844 296; baseline -0.005 -7"><span class='ocrx_word' id='word_1_105' title='bbox 1057 262 1105 289; x_wconf 83' lang='grc' dir='ltr'><strong>Ἐν</strong></span> <span class='ocrx_word' id='word_1_106' title='bbox 1115 261 1153 295; x_wconf 77' lang='grc' dir='ltr'>τῇ</span> <span class='ocrx_word' id='word_1_107' title='bbox 1166 263 1337 296; x_wconf 65' lang='grc' dir='ltr'>λειτουργίᾳ</span> <span class='ocrx_word' id='word_1_108' title='bbox 1348 262 1406 288; x_wconf 81' lang='grc' dir='ltr'><strong>τῶν</strong></span> <span class='ocrx_word' id='word_1_109' title='bbox 1419 260 1668 295; x_wconf 76' lang='grc' dir='ltr'><strong>προηγιασμένων</strong></span> <span class='ocrx_word' id='word_1_110' title='bbox 1680 261 1740 296; x_wconf 61' lang='grc' dir='ltr'>χρὴ</span> <span class='ocrx_word' id='word_1_111' title='bbox 1750 266 1844 293; x_wconf 77' lang='grc' dir='ltr'>προσ-</span> 
     </span>
    </p>
   </div>
   <div class='ocr_carea' id='block_1_20' title="bbox 1086 295 1809 332">
    <p class='ocr_par' dir='ltr' id='par_1_20' title="bbox 1086 295 1809 332">
     <span class='ocr_line' id='line_1_20' title="bbox 1086 295 1809 332; baseline -0.003 -9"><span class='ocrx_word' id='word_1_112' title='bbox 1086 297 1190 331; x_wconf 76' lang='grc' dir='ltr'>φέρειν</span> <span class='ocrx_word' id='word_1_113' title='bbox 1206 297 1256 323; x_wconf 77' lang='grc' dir='ltr'>καὶ</span> <span class='ocrx_word' id='word_1_114' title='bbox 1278 295 1379 332; x_wconf 68' lang='grc' dir='ltr'>τμῆμα</span> <span class='ocrx_word' id='word_1_115' title='bbox 1398 297 1452 324; x_wconf 84' lang='grc' dir='ltr'><strong>τοῦ</strong></span> <span class='ocrx_word' id='word_1_116' title='bbox 1474 297 1556 323; x_wconf 81' lang='grc' dir='ltr'><strong>θείου</strong></span> <span class='ocrx_word' id='word_1_117' title='bbox 1569 296 1661 330; x_wconf 74' lang='grc' dir='ltr'>ἄρτου</span> <span class='ocrx_word' id='word_1_118' title='bbox 1676 295 1695 329; x_wconf 84' lang='grc' dir='ltr'>ἢ</span> <span class='ocrx_word' id='word_1_119' title='bbox 1709 295 1809 326; x_wconf 61' lang='lat' dir='ltr'><strong>olor;</strong></span> 
     </span>
    </p>
   </div>
   <div class='ocr_carea' id='block_1_21' title="bbox 1090 339 1846 378">
    <p class='ocr_par' dir='ltr' id='par_1_21' title="bbox 1090 339 1846 378">
     <span class='ocr_line' id='line_1_21' title="bbox 1090 339 1846 378; baseline -0.005 -8"><span class='ocrx_word' id='word_1_120' title='bbox 1090 343 1209 378; x_wconf 83' lang='grc' dir='ltr'>Ὀφείλει</span> <span class='ocrx_word' id='word_1_121' title='bbox 1225 343 1254 370; x_wconf 75' lang='grc' dir='ltr'><strong>δὲ</strong></span> <span class='ocrx_word' id='word_1_122' title='bbox 1270 344 1317 370; x_wconf 74' lang='grc' dir='ltr'>καὶ</span> <span class='ocrx_word' id='word_1_123' title='bbox 1333 344 1346 369; x_wconf 89' lang='grc' dir='ltr'>ὁ</span> <span class='ocrx_word' id='word_1_124' title='bbox 1373 343 1455 378; x_wconf 80' lang='grc' dir='ltr'><strong><em>ἄρτος</em></strong></span> <span class='ocrx_word' id='word_1_125' title='bbox 1482 342 1518 377; x_wconf 81' lang='grc' dir='ltr'>μὴ</span> <span class='ocrx_word' id='word_1_126' title='bbox 1533 342 1629 377; x_wconf 82' lang='grc' dir='ltr'>τμῆμα</span> <span class='ocrx_word' id='word_1_127' title='bbox 1659 339 1743 374; x_wconf 81' lang='grc' dir='ltr'>εἶναι,</span> <span class='ocrx_word' id='word_1_128' title='bbox 1774 340 1846 366; x_wconf 69' lang='grc' dir='ltr'>ἀλλὰ</span> 
     </span>
    </p>
   </div>
   <div class='ocr_carea' id='block_1_22' title="bbox 1049 388 1845 425">
    <p class='ocr_par' dir='ltr' id='par_1_22' title="bbox 1049 388 1845 425">
     <span class='ocr_line' id='line_1_22' title="bbox 1049 388 1845 425; baseline -0.004 -9"><span class='ocrx_word' id='word_1_129' title='bbox 1049 391 1160 421; x_wconf 77' lang='grc' dir='ltr'>τέλειος,</span> <span class='ocrx_word' id='word_1_130' title='bbox 1176 390 1214 422; x_wconf 81' lang='grc' dir='ltr'><strong>ὡς</strong></span> <span class='ocrx_word' id='word_1_131' title='bbox 1232 389 1266 416; x_wconf 79' lang='grc' dir='ltr'>ἂν</span> <span class='ocrx_word' id='word_1_132' title='bbox 1279 389 1395 425; x_wconf 83' lang='grc' dir='ltr'>μελισθῇ</span> <span class='ocrx_word' id='word_1_133' title='bbox 1416 389 1488 416; x_wconf 83' lang='grc' dir='ltr'>κατὰ</span> <span class='ocrx_word' id='word_1_134' title='bbox 1501 390 1531 416; x_wconf 82' lang='grc' dir='ltr'>τὸ</span> <span class='ocrx_word' id='word_1_135' title='bbox 1548 389 1618 421; x_wconf 75' lang='grc' dir='ltr'>ἔθος,</span> <span class='ocrx_word' id='word_1_136' title='bbox 1644 389 1694 416; x_wconf 72' lang='grc' dir='ltr'><strong>καὶ</strong></span> <span class='ocrx_word' id='word_1_137' title='bbox 1707 388 1845 418; x_wconf 76' lang='grc' dir='ltr'>κλασθεὶς</span> 
     </span>
    </p>
   </div>
   <div class='ocr_carea' id='block_1_23' title="bbox 1052 430 1846 470">
    <p class='ocr_par' dir='ltr' id='par_1_23' title="bbox 1052 430 1846 470">
     <span class='ocr_line' id='line_1_23' title="bbox 1052 430 1846 470; baseline -0.006 -9"><span class='ocrx_word' id='word_1_138' title='bbox 1052 434 1195 470; x_wconf 82' lang='grc' dir='ltr'>μεταδοθῇ.</span> <span class='ocrx_word' id='word_1_139' title='bbox 1216 434 1303 460; x_wconf 76' lang='grc' dir='ltr'>Τοῦτο</span> <span class='ocrx_word' id='word_1_140' title='bbox 1328 434 1383 469; x_wconf 73' lang='grc' dir='ltr'>γὰρ</span> <span class='ocrx_word' id='word_1_141' title='bbox 1409 434 1534 460; x_wconf 80' lang='grc' dir='ltr'>λείπεται</span> <span class='ocrx_word' id='word_1_142' title='bbox 1559 433 1614 460; x_wconf 73' lang='grc' dir='ltr'><strong>ἀπὸ</strong></span> <span class='ocrx_word' id='word_1_143' title='bbox 1642 433 1692 467; x_wconf 77' lang='grc' dir='ltr'>τῆς</span> <span class='ocrx_word' id='word_1_144' title='bbox 1715 430 1846 461; x_wconf 72' lang='grc' dir='ltr'><strong>ἐντελοῦς</strong></span> 
     </span>
    </p>
   </div>
   <div class='ocr_carea' id='block_1_24' title="bbox 1050 477 1845 515">
    <p class='ocr_par' dir='ltr' id='par_1_24' title="bbox 1050 477 1845 515">
     <span class='ocr_line' id='line_1_24' title="bbox 1050 477 1845 515; baseline -0.006 -8"><span class='ocrx_word' id='word_1_145' title='bbox 1050 480 1230 515; x_wconf 80' lang='grc' dir='ltr'><strong>λειτουργίας.</strong></span> <span class='ocrx_word' id='word_1_146' title='bbox 1247 479 1302 506; x_wconf 76' lang='lat' dir='ltr'><strong>Kal.</strong></span> <span class='ocrx_word' id='word_1_147' title='bbox 1317 479 1347 506; x_wconf 74' lang='grc' dir='ltr'>τὸ</span> <span class='ocrx_word' id='word_1_148' title='bbox 1361 479 1421 512; x_wconf 79' lang='grc' dir='ltr'>ζέον</span> <span class='ocrx_word' id='word_1_149' title='bbox 1434 479 1462 506; x_wconf 79' lang='grc' dir='ltr'><strong>δὲ</strong></span> <span class='ocrx_word' id='word_1_150' title='bbox 1478 479 1538 505; x_wconf 82' lang='grc' dir='ltr'>τότε</span> <span class='ocrx_word' id='word_1_151' title='bbox 1547 479 1700 512; x_wconf 83' lang='grc' dir='ltr'>εἰσάγεται,</span> <span class='ocrx_word' id='word_1_152' title='bbox 1713 477 1745 504; x_wconf 78' lang='grc' dir='ltr'>οὐ</span> <span class='ocrx_word' id='word_1_153' title='bbox 1761 477 1845 511; x_wconf 76' lang='grc' dir='ltr'>χάριν</span> 
     </span>
    </p>
   </div>
   <div class='ocr_carea' id='block_1_25' title="bbox 1050 523 1847 559">
    <p class='ocr_par' dir='ltr' id='par_1_25' title="bbox 1050 523 1847 559">
     <span class='ocr_line' id='line_1_25' title="bbox 1050 523 1847 559; baseline -0.005 -7"><span class='ocrx_word' id='word_1_154' title='bbox 1050 526 1124 557; x_wconf 72' lang='grc' dir='ltr'>τινος</span> <span class='ocrx_word' id='word_1_155' title='bbox 1147 525 1325 557; x_wconf 78' lang='grc' dir='ltr'><strong>τελειώσεως,</strong></span> <span class='ocrx_word' id='word_1_156' title='bbox 1344 525 1407 551; x_wconf 71' lang='grc' dir='ltr'><strong>ἐπεὶ</strong></span> <span class='ocrx_word' id='word_1_157' title='bbox 1421 525 1481 551; x_wconf 77' lang='grc' dir='ltr'><strong>οὐδὲ</strong></span> <span class='ocrx_word' id='word_1_158' title='bbox 1503 525 1573 551; x_wconf 77' lang='grc' dir='ltr'>κατὰ</span> <span class='ocrx_word' id='word_1_159' title='bbox 1597 523 1644 559; x_wconf 77' lang='grc' dir='ltr'>τὴν</span> <span class='ocrx_word' id='word_1_160' title='bbox 1662 523 1773 550; x_wconf 82' lang='grc' dir='ltr'>τελείαν</span> <span class='ocrx_word' id='word_1_161' title='bbox 1790 523 1847 548; x_wconf 87' lang='grc' dir='ltr'>λει-</span> 
     </span>
    </p>
   </div>
   <div class='ocr_carea' id='block_1_26' title="bbox 1051 568 1843 606">
    <p class='ocr_par' dir='ltr' id='par_1_26' title="bbox 1051 568 1843 606">
     <span class='ocr_line' id='line_1_26' title="bbox 1051 568 1843 606; baseline -0.006 -8"><span class='ocrx_word' id='word_1_162' title='bbox 1051 571 1181 606; x_wconf 83' lang='grc' dir='ltr'>τουργίαν</span> <span class='ocrx_word' id='word_1_163' title='bbox 1203 571 1247 597; x_wconf 81' lang='grc' dir='ltr'><strong>διὰ</strong></span> <span class='ocrx_word' id='word_1_164' title='bbox 1274 571 1416 598; x_wconf 73' lang='grc' dir='ltr'>τελείωσιν</span> <span class='ocrx_word' id='word_1_165' title='bbox 1437 579 1497 597; x_wconf 87' lang='grc' dir='ltr'>τινα</span> <span class='ocrx_word' id='word_1_166' title='bbox 1526 571 1679 603; x_wconf 75' lang='grc' dir='ltr'>εἰσάγεται,</span> <span class='ocrx_word' id='word_1_167' title='bbox 1707 568 1769 595; x_wconf 79' lang='grc' dir='ltr'>ἀλλ’</span> <span class='ocrx_word' id='word_1_168' title='bbox 1799 568 1843 594; x_wconf 68' lang='grc' dir='ltr'>ἶνα</span> 
     </span>
    </p>
   </div>
   <div class='ocr_carea' id='block_1_27' title="bbox 1052 613 1844 651">
    <p class='ocr_par' dir='ltr' id='par_1_27' title="bbox 1052 613 1844 651">
     <span class='ocr_line' id='line_1_27' title="bbox 1052 613 1844 651; baseline -0.006 -9"><span class='ocrx_word' id='word_1_169' title='bbox 1052 616 1164 651; x_wconf 81' lang='grc' dir='ltr'>χλιαροῦ</span> <span class='ocrx_word' id='word_1_170' title='bbox 1181 615 1229 642; x_wconf 84' lang='grc' dir='ltr'><strong>τοῦ</strong></span> <span class='ocrx_word' id='word_1_171' title='bbox 1242 615 1357 650; x_wconf 84' lang='grc' dir='ltr'>φρικτοῦ</span> <span class='ocrx_word' id='word_1_172' title='bbox 1374 616 1504 651; x_wconf 70' lang='grc' dir='ltr'>ποτηρίου</span> <span class='ocrx_word' id='word_1_173' title='bbox 1516 615 1669 649; x_wconf 77' lang='grc' dir='ltr'><strong>γευόμενοι,</strong></span> <span class='ocrx_word' id='word_1_174' title='bbox 1686 613 1844 647; x_wconf 73' lang='grc' dir='ltr'>ἐννοῶμεν,</span> 
     </span>
    </p>
   </div>
   <div class='ocr_carea' id='block_1_28' title="bbox 1051 658 1844 696">
    <p class='ocr_par' dir='ltr' id='par_1_28' title="bbox 1051 658 1844 696">
     <span class='ocr_line' id='line_1_28' title="bbox 1051 658 1844 696; baseline -0.005 -8"><span class='ocrx_word' id='word_1_175' title='bbox 1051 661 1088 694; x_wconf 74' lang='grc' dir='ltr'>ὡς</span> <span class='ocrx_word' id='word_1_176' title='bbox 1102 661 1150 688; x_wconf 76' lang='grc' dir='ltr'>καὶ</span> <span class='ocrx_word' id='word_1_177' title='bbox 1180 661 1365 696; x_wconf 76' lang='grc' dir='ltr'>νεκρωθέντος</span> <span class='ocrx_word' id='word_1_178' title='bbox 1395 660 1526 696; x_wconf 76' lang='grc' dir='ltr'><strong>Χριστοῦ,</strong></span> <span class='ocrx_word' id='word_1_179' title='bbox 1544 660 1575 686; x_wconf 82' lang='grc' dir='ltr'>τὸ</span> <span class='ocrx_word' id='word_1_180' title='bbox 1603 659 1738 692; x_wconf 74' lang='grc' dir='ltr'>ζωοποιὸν</span> <span class='ocrx_word' id='word_1_181' title='bbox 1756 658 1844 685; x_wconf 75' lang='grc' dir='ltr'>αὐτοῦ</span> 
     </span>
    </p>
   </div>
   <div class='ocr_carea' id='block_1_29' title="bbox 1053 703 1844 741">
    <p class='ocr_par' dir='ltr' id='par_1_29' title="bbox 1053 703 1844 741">
     <span class='ocr_line' id='line_1_29' title="bbox 1053 703 1844 741; baseline -0.005 -9"><span class='ocrx_word' id='word_1_182' title='bbox 1053 707 1133 741; x_wconf 80' lang='grc' dir='ltr'>σῶμα</span> <span class='ocrx_word' id='word_1_183' title='bbox 1149 705 1301 740; x_wconf 83' lang='grc' dir='ltr'>ἀχώριστον</span> <span class='ocrx_word' id='word_1_184' title='bbox 1317 703 1351 740; x_wconf 84' lang='grc' dir='ltr'>ἦν</span> <span class='ocrx_word' id='word_1_185' title='bbox 1377 705 1424 732; x_wconf 69' lang='grc' dir='ltr'>καὶ</span> <span class='ocrx_word' id='word_1_186' title='bbox 1445 705 1599 740; x_wconf 75' lang='grc' dir='ltr'>ἀδιαίρετον</span> <span class='ocrx_word' id='word_1_187' title='bbox 1627 704 1676 737; x_wconf 77' lang='grc' dir='ltr'>τῆς</span> <span class='ocrx_word' id='word_1_188' title='bbox 1697 703 1844 737; x_wconf 69' lang='grc' dir='ltr'>θεότητος,</span> 
     </span>
    </p>
   </div>
   <div class='ocr_carea' id='block_1_30' title="bbox 1052 748 1846 786">
    <p class='ocr_par' dir='ltr' id='par_1_30' title="bbox 1052 748 1846 786">
     <span class='ocr_line' id='line_1_30' title="bbox 1052 748 1846 786; baseline -0.005 -8"><span class='ocrx_word' id='word_1_189' title='bbox 1052 752 1089 783; x_wconf 87' lang='grc' dir='ltr'>ὡς</span> <span class='ocrx_word' id='word_1_190' title='bbox 1107 752 1154 777; x_wconf 77' lang='grc' dir='ltr'>καὶ</span> <span class='ocrx_word' id='word_1_191' title='bbox 1171 751 1187 784; x_wconf 87' lang='grc' dir='ltr'><strong>ἡ</strong></span> <span class='ocrx_word' id='word_1_192' title='bbox 1204 751 1263 778; x_wconf 81' lang='grc' dir='ltr'>θεία</span> <span class='ocrx_word' id='word_1_193' title='bbox 1277 750 1362 786; x_wconf 80' lang='grc' dir='ltr'>ψυχὴ,</span> <span class='ocrx_word' id='word_1_194' title='bbox 1382 751 1429 778; x_wconf 81' lang='grc' dir='ltr'>καὶ</span> <span class='ocrx_word' id='word_1_195' title='bbox 1445 751 1500 776; x_wconf 84' lang='grc' dir='ltr'>τῶν</span> <span class='ocrx_word' id='word_1_196' title='bbox 1520 749 1665 784; x_wconf 70' lang='grc' dir='ltr'><strong>ἐνεργειῶν</strong></span> <span class='ocrx_word' id='word_1_197' title='bbox 1691 748 1740 775; x_wconf 84' lang='grc' dir='ltr'><strong>τοῦ</strong></span> <span class='ocrx_word' id='word_1_198' title='bbox 1758 748 1846 774; x_wconf 86' lang='grc' dir='ltr'><strong>1]νεὺ-</strong></span> 
     </span>
    </p>
   </div>
   <div class='ocr_carea' id='block_1_31' title="bbox 1054 793 1844 832">
    <p class='ocr_par' dir='ltr' id='par_1_31' title="bbox 1054 793 1844 832">
     <span class='ocr_line' id='line_1_31' title="bbox 1054 793 1844 832; baseline -0.006 -9"><span class='ocrx_word' id='word_1_199' title='bbox 1054 805 1138 832; x_wconf 87' lang='grc' dir='ltr'>ματος</span> <span class='ocrx_word' id='word_1_200' title='bbox 1160 796 1274 831; x_wconf 85' lang='grc' dir='ltr'>πλῆρες.</span> <span class='ocrx_word' id='word_1_201' title='bbox 1301 796 1356 822; x_wconf 79' lang='grc' dir='ltr'><strong>Καὶ</strong></span> <span class='ocrx_word' id='word_1_202' title='bbox 1381 795 1460 822; x_wconf 85' lang='grc' dir='ltr'>τοῦτο</span> <span class='ocrx_word' id='word_1_203' title='bbox 1477 795 1506 821; x_wconf 67' lang='grc' dir='ltr'>τὴ</span> <span class='ocrx_word' id='word_1_204' title='bbox 1529 793 1632 830; x_wconf 79' lang='grc' dir='ltr'>θερμὸν</span> <span class='ocrx_word' id='word_1_205' title='bbox 1657 794 1786 822; x_wconf 75' lang='grc' dir='ltr'>ἑκτυποί.</span> <span class='ocrx_word' id='word_1_206' title='bbox 1804 794 1844 819; x_wconf 78' lang='grc' dir='ltr'>ὅτι</span> 
     </span>
    </p>
   </div>
   <div class='ocr_carea' id='block_1_32' title="bbox 1053 837 1845 875">
    <p class='ocr_par' dir='ltr' id='par_1_32' title="bbox 1053 837 1845 875">
     <span class='ocr_line' id='line_1_32' title="bbox 1053 837 1845 875; baseline -0.009 -6"><span class='ocrx_word' id='word_1_207' title='bbox 1053 842 1184 875; x_wconf 74' lang='grc' dir='ltr'>ζωοποιδν</span> <span class='ocrx_word' id='word_1_208' title='bbox 1199 842 1230 867; x_wconf 84' lang='grc' dir='ltr'><strong>τὺ</strong></span> <span class='ocrx_word' id='word_1_209' title='bbox 1244 841 1364 874; x_wconf 77' lang='grc' dir='ltr'><strong>Πνεῦμα,</strong></span> <span class='ocrx_word' id='word_1_210' title='bbox 1381 841 1428 869; x_wconf 78' lang='grc' dir='ltr'><strong>καὶ</strong></span> <span class='ocrx_word' id='word_1_211' title='bbox 1441 841 1488 867; x_wconf 85' lang='grc' dir='ltr'><strong>τοῦ</strong></span> <span class='ocrx_word' id='word_1_212' title='bbox 1502 839 1634 871; x_wconf 82' lang='grc' dir='ltr'>ζωοποιοῦ</span> <span class='ocrx_word' id='word_1_213' title='bbox 1651 839 1781 872; x_wconf 81' lang='grc' dir='ltr'>σώματος</span> <span class='ocrx_word' id='word_1_214' title='bbox 1797 837 1845 863; x_wconf 68' lang='grc' dir='ltr'><strong>τοῦ</strong></span> 
     </span>
    </p>
   </div>
   <div class='ocr_carea' id='block_1_33' title="bbox 215 880 1006 926">
    <p class='ocr_par' dir='ltr' id='par_1_33' title="bbox 215 890 1000 926">
     <span class='ocr_line' id='line_1_33' title="bbox 215 890 1000 926; baseline 0.003 -9"><span class='ocrx_word' id='word_1_215' title='bbox 215 895 243 917; x_wconf 82' lang='lat' dir='ltr'><strong>et</strong></span> <span class='ocrx_word' id='word_1_216' title='bbox 255 890 362 918; x_wconf 84' lang='lat' dir='ltr'><strong>viviﬁco</strong></span> <span class='ocrx_word' id='word_1_217' title='bbox 372 890 474 925; x_wconf 84' lang='lat' dir='ltr'><strong>Spiritu</strong></span> <span class='ocrx_word' id='word_1_218' title='bbox 489 898 503 918; x_wconf 89' lang='lat' dir='ltr'><strong>a</strong></span> <span class='ocrx_word' id='word_1_219' title='bbox 517 891 626 918; x_wconf 84' lang='lat' dir='ltr'><strong>Christo</strong></span> <span class='ocrx_word' id='word_1_220' title='bbox 638 899 692 918; x_wconf 87' lang='lat' dir='ltr'><strong>non</strong></span> <span class='ocrx_word' id='word_1_221' title='bbox 711 891 844 925; x_wconf 75' lang='lat' dir='ltr'><strong>sejuncto,</strong></span> <span class='ocrx_word' id='word_1_222' title='bbox 861 900 947 926; x_wconf 79' lang='lat' dir='ltr'><strong>neque</strong></span> <span class='ocrx_word' id='word_1_223' title='bbox 961 893 1000 920; x_wconf 92' lang='lat' dir='ltr'><strong>di-</strong></span> 
     </span>
    </p>
   </div>
   <div class='ocr_carea' id='block_1_34' title="bbox 1055 880 1845 926">
    <p class='ocr_par' dir='ltr' id='par_1_34' title="bbox 1055 884 1845 923">
     <span class='ocr_line' id='line_1_34' title="bbox 1055 884 1845 923; baseline -0.008 -9"><span class='ocrx_word' id='word_1_224' title='bbox 1055 887 1173 923; x_wconf 82' lang='grc' dir='ltr'><strong>Χριστοῦ</strong></span> <span class='ocrx_word' id='word_1_225' title='bbox 1189 887 1226 922; x_wconf 80' lang='grc' dir='ltr'>μὴ</span> <span class='ocrx_word' id='word_1_226' title='bbox 1240 887 1372 919; x_wconf 73' lang='grc' dir='ltr'>ἀποστὰν,</span> <span class='ocrx_word' id='word_1_227' title='bbox 1389 886 1450 913; x_wconf 79' lang='grc' dir='ltr'><strong>οὐδὲ</strong></span> <span class='ocrx_word' id='word_1_228' title='bbox 1474 887 1490 921; x_wconf 84' lang='grc' dir='ltr'>ἡ</span> <span class='ocrx_word' id='word_1_229' title='bbox 1508 886 1602 919; x_wconf 80' lang='grc' dir='ltr'>θεότης</span> <span class='ocrx_word' id='word_1_230' title='bbox 1620 885 1703 911; x_wconf 77' lang='grc' dir='ltr'>αὐτοῦ</span> <span class='ocrx_word' id='word_1_231' title='bbox 1725 884 1845 919; x_wconf 68' lang='grc' dir='ltr'>κεχώρια</span> 
     </span>
    </p>
   </div>
   <div class='ocr_carea' id='block_1_35' title="bbox 217 936 1000 973">
    <p class='ocr_par' dir='ltr' id='par_1_35' title="bbox 217 936 1000 973">
     <span class='ocr_line' id='line_1_35' title="bbox 217 936 1000 973; baseline 0.004 -11"><span class='ocrx_word' id='word_1_232' title='bbox 217 937 355 963; x_wconf 85' lang='lat' dir='ltr'><strong>vinitatem</strong></span> <span class='ocrx_word' id='word_1_233' title='bbox 369 936 402 964; x_wconf 89' lang='lat' dir='ltr'><strong>ab</strong></span> <span class='ocrx_word' id='word_1_234' title='bbox 413 944 446 964; x_wconf 89' lang='lat' dir='ltr'><strong>eo</strong></span> <span class='ocrx_word' id='word_1_235' title='bbox 459 937 542 966; x_wconf 84' lang='lat' dir='ltr'><strong>fuisse</strong></span> <span class='ocrx_word' id='word_1_236' title='bbox 553 938 677 969; x_wconf 82' lang='lat' dir='ltr'><strong>divisam.</strong></span> <span class='ocrx_word' id='word_1_237' title='bbox 691 939 776 965; x_wconf 90' lang='lat' dir='ltr'><strong>Immo</strong></span> <span class='ocrx_word' id='word_1_238' title='bbox 787 944 813 965; x_wconf 88' lang='lat' dir='ltr'><strong>et</strong></span> <span class='ocrx_word' id='word_1_239' title='bbox 827 946 895 972; x_wconf 83' lang='lat' dir='ltr'><strong>aqua</strong></span> <span class='ocrx_word' id='word_1_240' title='bbox 912 939 1000 973; x_wconf 82' lang='lat' dir='ltr'><strong>imago</strong></span> 
     </span>
    </p>
   </div>
   <div class='ocr_carea' id='block_1_36' title="bbox 217 981 999 1018">
    <p class='ocr_par' dir='ltr' id='par_1_36' title="bbox 217 981 999 1018">
     <span class='ocr_line' id='line_1_36' title="bbox 217 981 999 1018; baseline 0 -8"><span class='ocrx_word' id='word_1_241' title='bbox 217 985 260 1010; x_wconf 79' lang='lat' dir='ltr'><strong>est</strong></span> <span class='ocrx_word' id='word_1_242' title='bbox 270 981 397 1015; x_wconf 79' lang='lat' dir='ltr'><strong>Spiritus,</strong></span> <span class='ocrx_word' id='word_1_243' title='bbox 406 982 452 1017; x_wconf 86' lang='lat' dir='ltr'><strong>qui</strong></span> <span class='ocrx_word' id='word_1_244' title='bbox 461 990 531 1017; x_wconf 86' lang='lat' dir='ltr'><strong>aqua</strong></span> <span class='ocrx_word' id='word_1_245' title='bbox 545 988 729 1018; x_wconf 85' lang='lat' dir='ltr'><strong>nuncupatur.</strong></span> <span class='ocrx_word' id='word_1_246' title='bbox 743 983 860 1015; x_wconf 84' lang='lat' dir='ltr'><strong>etcalor,</strong></span> <span class='ocrx_word' id='word_1_247' title='bbox 872 988 999 1018; x_wconf 82' lang='lat' dir='ltr'><strong>tanquam</strong></span> 
     </span>
    </p>
   </div>
   <div class='ocr_carea' id='block_1_37' title="bbox 216 1027 1000 1066">
    <p class='ocr_par' dir='ltr' id='par_1_37' title="bbox 216 1027 1000 1066">
     <span class='ocr_line' id='line_1_37' title="bbox 216 1027 1000 1066; baseline 0.003 -11"><span class='ocrx_word' id='word_1_248' title='bbox 216 1027 263 1063; x_wconf 88' lang='lat' dir='ltr'><strong>qui</strong></span> <span class='ocrx_word' id='word_1_249' title='bbox 278 1028 313 1055; x_wconf 75' lang='lat' dir='ltr'><strong>sb</strong></span> <span class='ocrx_word' id='word_1_250' title='bbox 328 1027 390 1063; x_wconf 73' lang='lat' dir='ltr'><strong>igne</strong></span> <span class='ocrx_word' id='word_1_251' title='bbox 400 1032 442 1066; x_wconf 79' lang='lat' dir='ltr'><strong>est</strong></span> <span class='ocrx_word' id='word_1_252' title='bbox 454 1028 613 1061; x_wconf 83' lang='lat' dir='ltr'><strong>divinitatis,</strong></span> <span class='ocrx_word' id='word_1_253' title='bbox 628 1029 699 1064; x_wconf 88' lang='lat' dir='ltr'><strong>quod</strong></span> <span class='ocrx_word' id='word_1_254' title='bbox 718 1028 787 1056; x_wconf 76' lang='lat' dir='ltr'><strong>Deus</strong></span> <span class='ocrx_word' id='word_1_255' title='bbox 815 1034 907 1056; x_wconf 84' lang='lat' dir='ltr'><strong>noster</strong></span> <span class='ocrx_word' id='word_1_256' title='bbox 928 1029 1000 1063; x_wconf 77' lang='lat' dir='ltr'><strong>ignis</strong></span> 
     </span>
    </p>
   </div>
   <div class='ocr_carea' id='block_1_38' title="bbox 217 1072 998 1109">
    <p class='ocr_par' dir='ltr' id='par_1_38' title="bbox 217 1072 998 1109">
     <span class='ocr_line' id='line_1_38' title="bbox 217 1072 998 1109; baseline 0 -9"><span class='ocrx_word' id='word_1_257' title='bbox 217 1072 364 1101; x_wconf 80' lang='lat' dir='ltr'><strong>absumens</strong></span> <span class='ocrx_word' id='word_1_258' title='bbox 378 1077 438 1106; x_wconf 86' lang='lat' dir='ltr'><strong>est;</strong></span> <span class='ocrx_word' id='word_1_259' title='bbox 455 1073 584 1109; x_wconf 84' lang='lat' dir='ltr'><strong>ideoque,</strong></span> <span class='ocrx_word' id='word_1_260' title='bbox 612 1081 672 1101; x_wconf 91' lang='lat' dir='ltr'><strong>cum</strong></span> <span class='ocrx_word' id='word_1_261' title='bbox 685 1082 745 1102; x_wconf 82' lang='lat' dir='ltr'><strong>eam</strong></span> <span class='ocrx_word' id='word_1_262' title='bbox 762 1074 892 1106; x_wconf 79' lang='lat' dir='ltr'><strong>infundit,</strong></span> <span class='ocrx_word' id='word_1_263' title='bbox 910 1074 974 1101; x_wconf 90' lang='lat' dir='ltr'><strong>dicit</strong></span> <span class='ocrx_word' id='word_1_264' title='bbox 991 1082 998 1099; x_wconf 90' lang='lat'><strong>:</strong></span> 
     </span>
    </p>
   </div>
   <div class='ocr_carea' id='block_1_39' title="bbox 220 1117 1000 1155">
    <p class='ocr_par' dir='ltr' id='par_1_39' title="bbox 220 1117 1000 1155">
     <span class='ocr_line' id='line_1_39' title="bbox 220 1117 1000 1155; baseline 0.003 -10"><span class='ocrx_word' id='word_1_265' title='bbox 220 1117 315 1146; x_wconf 72' lang='lat' dir='ltr'><strong>«Calor</strong></span> <span class='ocrx_word' id='word_1_266' title='bbox 329 1117 448 1153; x_wconf 85' lang='lat' dir='ltr'><strong>Spiritus</strong></span> <span class='ocrx_word' id='word_1_267' title='bbox 463 1120 561 1151; x_wconf 86' lang='lat' dir='ltr'><strong>sancti,</strong></span> <span class='ocrx_word' id='word_1_268' title='bbox 577 1119 690 1147; x_wconf 70' lang='lat' dir='ltr'><strong>Amen.»</strong></span> <span class='ocrx_word' id='word_1_269' title='bbox 705 1120 794 1152; x_wconf 84' lang='lat' dir='ltr'><strong>Quare</strong></span> <span class='ocrx_word' id='word_1_270' title='bbox 806 1119 905 1147; x_wconf 76' lang='lat' dir='ltr'><strong>trullam</strong></span> <span class='ocrx_word' id='word_1_271' title='bbox 918 1120 1000 1155; x_wconf 84' lang='lat' dir='ltr'><strong>majo-</strong></span> 
     </span>
    </p>
   </div>
   <div class='ocr_carea' id='block_1_40' title="bbox 216 1165 1000 1201">
    <p class='ocr_par' dir='ltr' id='par_1_40' title="bbox 216 1165 1000 1201">
     <span class='ocr_line' id='line_1_40' title="bbox 216 1165 1000 1201; baseline -0.001 -9"><span class='ocrx_word' id='word_1_272' title='bbox 216 1171 274 1192; x_wconf 85' lang='lat' dir='ltr'><strong>rem</strong></span> <span class='ocrx_word' id='word_1_273' title='bbox 286 1165 402 1201; x_wconf 75' lang='lat' dir='ltr'><strong>gratiam</strong></span> <span class='ocrx_word' id='word_1_274' title='bbox 413 1165 506 1193; x_wconf 88' lang='lat' dir='ltr'><strong>divina</strong></span> <span class='ocrx_word' id='word_1_275' title='bbox 517 1173 631 1194; x_wconf 83' lang='lat' dir='ltr'><strong>munera</strong></span> <span class='ocrx_word' id='word_1_276' title='bbox 645 1166 793 1200; x_wconf 87' lang='lat' dir='ltr'><strong>accipiunt,</strong></span> <span class='ocrx_word' id='word_1_277' title='bbox 805 1173 867 1193; x_wconf 90' lang='lat' dir='ltr'><strong>cum</strong></span> <span class='ocrx_word' id='word_1_278' title='bbox 882 1165 1000 1200; x_wconf 71' lang='lat' dir='ltr'><strong>perfecta</strong></span> 
     </span>
    </p>
   </div>
   <div class='ocr_carea' id='block_1_41' title="bbox 216 1210 999 1245">
    <p class='ocr_par' dir='ltr' id='par_1_41' title="bbox 216 1210 999 1245">
     <span class='ocr_line' id='line_1_41' title="bbox 216 1210 999 1245; baseline -0.003 -7"><span class='ocrx_word' id='word_1_279' title='bbox 216 1210 290 1245; x_wconf 75' lang='lat' dir='ltr'><strong>sint;</strong></span> <span class='ocrx_word' id='word_1_280' title='bbox 314 1210 361 1239; x_wconf 86' lang='lat' dir='ltr'><strong>sed</strong></span> <span class='ocrx_word' id='word_1_281' title='bbox 385 1218 468 1239; x_wconf 85' lang='lat' dir='ltr'><strong>causa</strong></span> <span class='ocrx_word' id='word_1_282' title='bbox 483 1211 568 1239; x_wconf 86' lang='lat' dir='ltr'><strong>nostri</strong></span> <span class='ocrx_word' id='word_1_283' title='bbox 586 1212 773 1239; x_wconf 83' lang='lat' dir='ltr'><strong>tantummodo</strong></span> <span class='ocrx_word' id='word_1_284' title='bbox 799 1215 999 1245; x_wconf 88' lang='lat' dir='ltr'><strong>proponuntur,</strong></span> 
     </span>
    </p>
   </div>
   <div class='ocr_carea' id='block_1_42' title="bbox 217 1250 859 1292">
    <p class='ocr_par' dir='ltr' id='par_1_42' title="bbox 217 1250 859 1292">
     <span class='ocr_line' id='line_1_42' title="bbox 217 1250 859 1292; baseline 0 -9"><span class='ocrx_word' id='word_1_285' title='bbox 217 1260 248 1283; x_wconf 86' lang='lat' dir='ltr'><strong>ut</strong></span> <span class='ocrx_word' id='word_1_286' title='bbox 263 1263 311 1291; x_wconf 86' lang='lat' dir='ltr'><strong>per</strong></span> <span class='ocrx_word' id='word_1_287' title='bbox 327 1263 359 1284; x_wconf 88' lang='lat' dir='ltr'><strong>ea</strong></span> <span class='ocrx_word' id='word_1_288' title='bbox 371 1263 475 1285; x_wconf 86' lang='lat' dir='ltr'><strong>necnon</strong></span> <span class='ocrx_word' id='word_1_289' title='bbox 491 1261 518 1285; x_wconf 86' lang='lat' dir='ltr'><strong>et</strong></span> <span class='ocrx_word' id='word_1_290' title='bbox 534 1264 629 1292; x_wconf 80' lang='lat' dir='ltr'><strong>preces</strong></span> <span class='ocrx_word' id='word_1_291' title='bbox 646 1250 859 1284; x_wconf 78' lang='lat' dir='ltr'><strong>sanctiﬂcemtir.</strong></span> 
     </span>
    </p>
   </div>
   <div class='ocr_carea' id='block_1_43' title="bbox 481 1301 735 1335">
    <p class='ocr_par' dir='ltr' id='par_1_43' title="bbox 481 1301 735 1335">
     <span class='ocr_line' id='line_1_43' title="bbox 481 1301 735 1335; baseline -0.004 -6"><span class='ocrx_word' id='word_1_292' title='bbox 481 1301 645 1334; x_wconf 66' lang='lat' dir='ltr'><strong>QUAESTIU</strong></span> <span class='ocrx_word' id='word_1_293' title='bbox 655 1301 735 1335; x_wconf 52' lang='lat' dir='ltr'><strong>lux.</strong></span> 
     </span>
    </p>
   </div>
   <div class='ocr_carea' id='block_1_44' title="bbox 216 1346 1000 1381">
    <p class='ocr_par' dir='ltr' id='par_1_44' title="bbox 216 1346 1000 1381">
     <span class='ocr_line' id='line_1_44' title="bbox 216 1346 1000 1381; baseline 0 -7"><span class='ocrx_word' id='word_1_294' title='bbox 216 1347 308 1381; x_wconf 72' lang='lat' dir='ltr'><strong>Quare</strong></span> <span class='ocrx_word' id='word_1_295' title='bbox 326 1351 351 1375; x_wconf 82' lang='lat' dir='ltr'><strong>et</strong></span> <span class='ocrx_word' id='word_1_296' title='bbox 370 1347 399 1374; x_wconf 81' lang='lat' dir='ltr'><strong>in</strong></span> <span class='ocrx_word' id='word_1_297' title='bbox 415 1346 477 1374; x_wconf 81' lang='lat' dir='ltr'><strong>aliis</strong></span> <span class='ocrx_word' id='word_1_298' title='bbox 497 1347 560 1373; x_wconf 84' lang='lat' dir='ltr'><strong>anni</strong></span> <span class='ocrx_word' id='word_1_299' title='bbox 574 1347 665 1374; x_wconf 82' lang='lat' dir='ltr'><strong>diebus</strong></span> <span class='ocrx_word' id='word_1_300' title='bbox 686 1355 737 1373; x_wconf 85' lang='lat' dir='ltr'><strong>non</strong></span> <span class='ocrx_word' id='word_1_301' title='bbox 759 1347 904 1375; x_wconf 79' lang='lat' dir='ltr'><strong>celebretur</strong></span> <span class='ocrx_word' id='word_1_302' title='bbox 919 1347 1000 1374; x_wconf 77' lang='lat' dir='ltr'><strong>missa</strong></span> 
     </span>
    </p>
   </div>
   <div class='ocr_carea' id='block_1_45' title="bbox 459 1381 761 1416">
    <p class='ocr_par' dir='ltr' id='par_1_45' title="bbox 459 1381 761 1416">
     <span class='ocr_line' id='line_1_45' title="bbox 459 1381 761 1416; baseline 0.007 -8"><span class='ocrx_word' id='word_1_303' title='bbox 459 1381 761 1416; x_wconf 74' lang='lat' dir='ltr'><strong>Prwsancti/tcatomm.</strong></span> 
     </span>
    </p>
   </div>
   <div class='ocr_carea' id='block_1_46' title="bbox 250 1437 998 1473">
    <p class='ocr_par' dir='ltr' id='par_1_46' title="bbox 250 1437 998 1473">
     <span class='ocr_line' id='line_1_46' title="bbox 250 1437 998 1473; baseline 0 -8"><span class='ocrx_word' id='word_1_304' title='bbox 250 1437 362 1471; x_wconf 85' lang='lat' dir='ltr'><strong>Diebus,</strong></span> <span class='ocrx_word' id='word_1_305' title='bbox 374 1437 473 1473; x_wconf 84' lang='lat' dir='ltr'><strong>quibus</strong></span> <span class='ocrx_word' id='word_1_306' title='bbox 492 1445 525 1465; x_wconf 81' lang='lat' dir='ltr'><strong>ex</strong></span> <span class='ocrx_word' id='word_1_307' title='bbox 537 1438 696 1473; x_wconf 67' lang='lat' dir='ltr'><strong>praescripto</strong></span> <span class='ocrx_word' id='word_1_308' title='bbox 708 1438 998 1466; x_wconf 82' lang='lat' dir='ltr'><strong>Praesanctiticatorum</strong></span> 
     </span>
    </p>
   </div>
   <div class='ocr_carea' id='block_1_47' title="bbox 215 1483 998 1518">
    <p class='ocr_par' dir='ltr' id='par_1_47' title="bbox 215 1483 998 1518">
     <span class='ocr_line' id='line_1_47' title="bbox 215 1483 998 1518; baseline -0.001 -7"><span class='ocrx_word' id='word_1_309' title='bbox 215 1483 300 1513; x_wconf 78' lang='lat' dir='ltr'><strong>missa</strong></span> <span class='ocrx_word' id='word_1_310' title='bbox 312 1489 366 1511; x_wconf 90' lang='lat' dir='ltr'><strong>non</strong></span> <span class='ocrx_word' id='word_1_311' title='bbox 382 1483 539 1518; x_wconf 84' lang='lat' dir='ltr'><strong>imperatur,</strong></span> <span class='ocrx_word' id='word_1_312' title='bbox 552 1483 586 1510; x_wconf 87' lang='lat' dir='ltr'><strong>ab</strong></span> <span class='ocrx_word' id='word_1_313' title='bbox 595 1491 627 1511; x_wconf 88' lang='lat' dir='ltr'><strong>ea</strong></span> <span class='ocrx_word' id='word_1_314' title='bbox 635 1483 795 1511; x_wconf 82' lang='lat' dir='ltr'><strong>celebranda</strong></span> <span class='ocrx_word' id='word_1_315' title='bbox 807 1483 998 1510; x_wconf 81' lang='lat' dir='ltr'><strong>abstinendum</strong></span> 
     </span>
    </p>
   </div>
   <div class='ocr_carea' id='block_1_48' title="bbox 215 1528 998 1573">
    <p class='ocr_par' dir='ltr' id='par_1_48' title="bbox 215 1528 998 1573">
     <span class='ocr_line' id='line_1_48' title="bbox 215 1528 998 1573; baseline -0.004 -16"><span class='ocrx_word' id='word_1_316' title='bbox 215 1533 258 1557; x_wconf 83' lang='lat' dir='ltr'><strong>est</strong></span> <span class='ocrx_word' id='word_1_317' title='bbox 277 1538 284 1557; x_wconf 86' lang='lat'><strong>:</strong></span> <span class='ocrx_word' id='word_1_318' title='bbox 303 1529 349 1563; x_wconf 88' lang='lat' dir='ltr'><strong>qui</strong></span> <span class='ocrx_word' id='word_1_319' title='bbox 375 1529 563 1564; x_wconf 75' lang='lat' dir='ltr'><strong>enim’przeter</strong></span> <span class='ocrx_word' id='word_1_320' title='bbox 578 1528 605 1557; x_wconf 92' lang='lat' dir='ltr'><strong>id</strong></span> <span class='ocrx_word' id='word_1_321' title='bbox 628 1529 701 1563; x_wconf 84' lang='lat' dir='ltr'><strong>quod</strong></span> <span class='ocrx_word' id='word_1_322' title='bbox 727 1529 855 1573; x_wconf 51' lang='lat' dir='ltr'><strong>trad&#39;uum</strong></span> <span class='ocrx_word' id='word_1_323' title='bbox 877 1534 918 1556; x_wconf 86' lang='lat' dir='ltr'><strong>est</strong></span> <span class='ocrx_word' id='word_1_324' title='bbox 933 1528 998 1563; x_wconf 79' lang='lat' dir='ltr'><strong>agit,</strong></span> 
     </span>
    </p>
   </div>
   <div class='ocr_carea' id='block_1_49' title="bbox 215 1573 1000 1609">
    <p class='ocr_par' dir='ltr' id='par_1_49' title="bbox 215 1573 1000 1609">
     <span class='ocr_line' id='line_1_49' title="bbox 215 1573 1000 1609; baseline 0.001 -9"><span class='ocrx_word' id='word_1_325' title='bbox 215 1574 304 1609; x_wconf 69' lang='lat' dir='ltr'><strong>poenis</strong></span> <span class='ocrx_word' id='word_1_326' title='bbox 317 1574 452 1601; x_wconf 82' lang='lat' dir='ltr'><strong>obnoxius</strong></span> <span class='ocrx_word' id='word_1_327' title='bbox 467 1573 507 1601; x_wconf 87' lang='lat' dir='ltr'><strong>iit.</strong></span> <span class='ocrx_word' id='word_1_328' title='bbox 523 1583 532 1600; x_wconf 76' lang='grc' dir='ltr'>ι</span> <span class='ocrx_word' id='word_1_329' title='bbox 549 1573 662 1601; x_wconf 84' lang='lat' dir='ltr'><strong>Servate</strong></span> <span class='ocrx_word' id='word_1_330' title='bbox 692 1581 820 1608; x_wconf 89' lang='lat' dir='ltr'><strong>namque,</strong></span> <span class='ocrx_word' id='word_1_331' title='bbox 834 1574 871 1601; x_wconf 89' lang='lat' dir='ltr'><strong>ait</strong></span> <span class='ocrx_word' id='word_1_332' title='bbox 888 1573 1000 1607; x_wconf 83' lang='lat' dir='ltr'><strong>Paulus,</strong></span> 
     </span>
    </p>
   </div>
   <div class='ocr_carea' id='block_1_50' title="bbox 215 1618 1003 1654">
    <p class='ocr_par' dir='ltr' id='par_1_50' title="bbox 215 1618 1003 1654">
     <span class='ocr_line' id='line_1_50' title="bbox 215 1618 1003 1654; baseline -0.001 -7"><span class='ocrx_word' id='word_1_333' title='bbox 215 1618 386 1652; x_wconf 83' lang='lat' dir='ltr'><strong>traditiones,</strong></span> <span class='ocrx_word' id='word_1_334' title='bbox 414 1626 483 1654; x_wconf 90' lang='lat' dir='ltr'><strong>quas</strong></span> <span class='ocrx_word' id='word_1_335' title='bbox 511 1619 670 1647; x_wconf 88' lang='lat' dir='ltr'><strong>tradidimus</strong></span> <span class='ocrx_word' id='word_1_336' title='bbox 691 1619 779 1652; x_wconf 85' lang='lat' dir='ltr'><strong>vobis,</strong></span> <span class='ocrx_word' id='word_1_337' title='bbox 801 1619 860 1646; x_wconf 83' lang='lat' dir='ltr'><strong>sive</strong></span> <span class='ocrx_word' id='word_1_338' title='bbox 884 1626 931 1653; x_wconf 91' lang='lat' dir='ltr'><strong>per</strong></span> <span class='ocrx_word' id='word_1_339' title='bbox 957 1627 1003 1646; x_wconf 77' lang='lat' dir='ltr'><strong>vo-</strong></span> 
     </span>
    </p>
   </div>
   <div class='ocr_carea' id='block_1_51' title="bbox 216 1664 1002 1699">
    <p class='ocr_par' dir='ltr' id='par_1_51' title="bbox 216 1664 1002 1699">
     <span class='ocr_line' id='line_1_51' title="bbox 216 1664 1002 1699; baseline -0.003 -7"><span class='ocrx_word' id='word_1_340' title='bbox 216 1671 286 1696; x_wconf 86' lang='lat' dir='ltr'><strong>cem,</strong></span> <span class='ocrx_word' id='word_1_341' title='bbox 296 1664 353 1692; x_wconf 86' lang='lat' dir='ltr'><strong>sive</strong></span> <span class='ocrx_word' id='word_1_342' title='bbox 364 1672 412 1698; x_wconf 88' lang='lat' dir='ltr'><strong>per</strong></span> <span class='ocrx_word' id='word_1_343' title='bbox 427 1664 578 1699; x_wconf 84' lang='lat' dir='ltr'><strong>epistolam.</strong></span> <span class='ocrx_word' id='word_1_344' title='bbox 592 1673 602 1690; x_wconf 75' lang='grc' dir='ltr'>ι</span> <span class='ocrx_word' id='word_1_345' title='bbox 617 1664 673 1692; x_wconf 84' lang='lat' dir='ltr'><strong>Hoc</strong></span> <span class='ocrx_word' id='word_1_346' title='bbox 684 1664 777 1699; x_wconf 82' lang='lat' dir='ltr'><strong>itaque</strong></span> <span class='ocrx_word' id='word_1_347' title='bbox 788 1669 815 1691; x_wconf 87' lang='lat' dir='ltr'><strong>et</strong></span> <span class='ocrx_word' id='word_1_348' title='bbox 829 1664 856 1691; x_wconf 90' lang='lat' dir='ltr'><strong>in</strong></span> <span class='ocrx_word' id='word_1_349' title='bbox 871 1664 932 1691; x_wconf 85' lang='lat' dir='ltr'><strong>aliis</strong></span> <span class='ocrx_word' id='word_1_350' title='bbox 946 1671 1002 1690; x_wconf 88' lang='lat' dir='ltr'><strong>ser-</strong></span> 
     </span>
    </p>
   </div>
   <div class='ocr_carea' id='block_1_52' title="bbox 215 1708 999 1745">
    <p class='ocr_par' dir='ltr' id='par_1_52' title="bbox 215 1708 999 1745">
     <span class='ocr_line' id='line_1_52' title="bbox 215 1708 999 1745; baseline 0.001 -10"><span class='ocrx_word' id='word_1_351' title='bbox 215 1708 336 1736; x_wconf 83' lang='lat' dir='ltr'><strong>vandum</strong></span> <span class='ocrx_word' id='word_1_352' title='bbox 353 1713 395 1737; x_wconf 85' lang='lat' dir='ltr'><strong>est</strong></span> <span class='ocrx_word' id='word_1_353' title='bbox 408 1709 546 1743; x_wconf 90' lang='lat' dir='ltr'><strong>omnibus,</strong></span> <span class='ocrx_word' id='word_1_354' title='bbox 560 1717 621 1745; x_wconf 75' lang='lat' dir='ltr'><strong>quae</strong></span> <span class='ocrx_word' id='word_1_355' title='bbox 635 1710 670 1737; x_wconf 85' lang='lat' dir='ltr'><strong>ab</strong></span> <span class='ocrx_word' id='word_1_356' title='bbox 683 1709 796 1745; x_wconf 89' lang='lat' dir='ltr'><strong>antiquo</strong></span> <span class='ocrx_word' id='word_1_357' title='bbox 805 1709 884 1737; x_wconf 88' lang='lat' dir='ltr'><strong>nobis</strong></span> <span class='ocrx_word' id='word_1_358' title='bbox 899 1708 999 1736; x_wconf 87' lang='lat' dir='ltr'><strong>tradita</strong></span> 
     </span>
    </p>
   </div>
   <div class='ocr_carea' id='block_1_53' title="bbox 189 1755 292 1783">
    <p class='ocr_par' dir='ltr' id='par_1_53' title="bbox 189 1755 292 1783">
     <span class='ocr_line' id='line_1_53' title="bbox 189 1755 292 1783; baseline -0.029 0"><span class='ocrx_word' id='word_1_359' title='bbox 189 1755 194 1760; x_wconf 75' lang='lat'><strong>‘</strong></span> <span class='ocrx_word' id='word_1_360' title='bbox 216 1757 292 1783; x_wconf 84' lang='lat' dir='ltr'><strong>sunt.</strong></span> 
     </span>
    </p>
   </div>
   <div class='ocr_carea' id='block_1_54' title="bbox 487 1788 730 1833">
    <p class='ocr_par' dir='ltr' id='par_1_54' title="bbox 487 1788 730 1833">
     <span class='ocr_line' id='line_1_54' title="bbox 487 1788 730 1833; baseline 0 -6"><span class='ocrx_word' id='word_1_361' title='bbox 487 1788 650 1833; x_wconf 61' lang='lat' dir='ltr'><strong>oﬁmsrto</strong></span> <span class='ocrx_word' id='word_1_362' title='bbox 673 1800 730 1827; x_wconf 69' lang='grc' dir='ltr'><strong>ωε.</strong></span> 
     </span>
    </p>
   </div>
   <div class='ocr_carea' id='block_1_55' title="bbox 217 1853 1000 1892">
    <p class='ocr_par' dir='ltr' id='par_1_55' title="bbox 217 1853 1000 1892">
     <span class='ocr_line' id='line_1_55' title="bbox 217 1853 1000 1892; baseline 0 -9"><span class='ocrx_word' id='word_1_363' title='bbox 217 1853 315 1890; x_wconf 76' lang='lat' dir='ltr'><strong>Ecquis</strong></span> <span class='ocrx_word' id='word_1_364' title='bbox 330 1854 435 1892; x_wconf 74' lang='lat' dir='ltr'><strong>primus</strong></span> <span class='ocrx_word' id='word_1_365' title='bbox 450 1856 590 1883; x_wconf 78' lang='lat' dir='ltr'><strong>tradiderit</strong></span> <span class='ocrx_word' id='word_1_366' title='bbox 605 1856 725 1884; x_wconf 78' lang='lat' dir='ltr'><strong>divinum</strong></span> <span class='ocrx_word' id='word_1_367' title='bbox 742 1861 914 1892; x_wconf 80' lang='lat' dir='ltr'><strong>sanctumque</strong></span> <span class='ocrx_word' id='word_1_368' title='bbox 925 1857 1000 1884; x_wconf 85' lang='lat' dir='ltr'><strong>habi-</strong></span> 
     </span>
    </p>
   </div>
   <div class='ocr_carea' id='block_1_56' title="bbox 251 1891 1000 1926">
    <p class='ocr_par' dir='ltr' id='par_1_56' title="bbox 251 1891 1000 1926">
     <span class='ocr_line' id='line_1_56' title="bbox 251 1891 1000 1926; baseline 0.003 -10"><span class='ocrx_word' id='word_1_369' title='bbox 251 1894 306 1916; x_wconf 86' lang='lat' dir='ltr'><strong>tum</strong></span> <span class='ocrx_word' id='word_1_370' title='bbox 330 1891 532 1926; x_wconf 59' lang='lat' dir='ltr'><strong>monachorum.</strong></span> <span class='ocrx_word' id='word_1_371' title='bbox 555 1899 637 1926; x_wconf 79' lang='lat' dir='ltr'><strong>quare</strong></span> <span class='ocrx_word' id='word_1_372' title='bbox 661 1891 795 1926; x_wconf 71' lang='lat' dir='ltr'><strong>angelicas</strong></span> <span class='ocrx_word' id='word_1_373' title='bbox 825 1891 949 1926; x_wconf 67' lang='lat' dir='ltr'><strong>dicetur,</strong></span> <span class='ocrx_word' id='word_1_374' title='bbox 976 1897 1000 1919; x_wconf 78' lang='lat' dir='ltr'><strong>et</strong></span> 
     </span>
    </p>
   </div>
   <div class='ocr_carea' id='block_1_57' title="bbox 249 1925 658 1959">
    <p class='ocr_par' dir='ltr' id='par_1_57' title="bbox 249 1925 658 1959">
     <span class='ocr_line' id='line_1_57' title="bbox 249 1925 658 1959; baseline 0.002 -8"><span class='ocrx_word' id='word_1_375' title='bbox 249 1931 309 1959; x_wconf 68' lang='lat' dir='ltr'><strong>qua:</strong></span> <span class='ocrx_word' id='word_1_376' title='bbox 324 1925 358 1952; x_wconf 86' lang='lat' dir='ltr'><strong>sit</strong></span> <span class='ocrx_word' id='word_1_377' title='bbox 377 1925 452 1952; x_wconf 72' lang='lat' dir='ltr'><strong>illius</strong></span> <span class='ocrx_word' id='word_1_378' title='bbox 468 1925 565 1953; x_wconf 78' lang='lat' dir='ltr'><strong>traditi</strong></span> <span class='ocrx_word' id='word_1_379' title='bbox 578 1926 658 1953; x_wconf 81' lang='lat' dir='ltr'><strong>ratio.</strong></span> 
     </span>
    </p>
   </div>
   <div class='ocr_carea' id='block_1_58' title="bbox 252 1979 1001 2017">
    <p class='ocr_par' dir='ltr' id='par_1_58' title="bbox 252 1979 1001 2017">
     <span class='ocr_line' id='line_1_58' title="bbox 252 1979 1001 2017; baseline 0.003 -9"><span class='ocrx_word' id='word_1_380' title='bbox 252 1979 291 2008; x_wconf 79' lang='lat' dir='ltr'><strong>De</strong></span> <span class='ocrx_word' id='word_1_381' title='bbox 311 1980 434 2016; x_wconf 74' lang='lat' dir='ltr'><strong>angelica</strong></span> <span class='ocrx_word' id='word_1_382' title='bbox 463 1985 491 2009; x_wconf 84' lang='lat' dir='ltr'><strong>et</strong></span> <span class='ocrx_word' id='word_1_383' title='bbox 529 1981 619 2009; x_wconf 83' lang='lat' dir='ltr'><strong>divina</strong></span> <span class='ocrx_word' id='word_1_384' title='bbox 648 1981 799 2010; x_wconf 86' lang='lat' dir='ltr'><strong>monastica</strong></span> <span class='ocrx_word' id='word_1_385' title='bbox 831 1982 1001 2017; x_wconf 79' lang='lat' dir='ltr'><strong>professione</strong></span> 
     </span>
    </p>
   </div>
   <div class='ocr_carea' id='block_1_59' title="bbox 216 2025 1000 2061">
    <p class='ocr_par' dir='ltr' id='par_1_59' title="bbox 216 2025 1000 2061">
     <span class='ocr_line' id='line_1_59' title="bbox 216 2025 1000 2061; baseline 0.003 -9"><span class='ocrx_word' id='word_1_386' title='bbox 216 2025 323 2060; x_wconf 81' lang='lat' dir='ltr'><strong>primus</strong></span> <span class='ocrx_word' id='word_1_387' title='bbox 345 2025 456 2060; x_wconf 82' lang='lat' dir='ltr'><strong>scripsit</strong></span> <span class='ocrx_word' id='word_1_388' title='bbox 467 2025 616 2061; x_wconf 83' lang='lat' dir='ltr'><strong>Dionysius</strong></span> <span class='ocrx_word' id='word_1_389' title='bbox 631 2034 638 2052; x_wconf 92' lang='lat'><strong>:</strong></span> <span class='ocrx_word' id='word_1_390' title='bbox 655 2027 702 2054; x_wconf 89' lang='lat' dir='ltr'><strong>sed</strong></span> <span class='ocrx_word' id='word_1_391' title='bbox 719 2026 792 2053; x_wconf 85' lang='lat' dir='ltr'><strong>illam</strong></span> <span class='ocrx_word' id='word_1_392' title='bbox 807 2026 927 2054; x_wconf 88' lang='lat' dir='ltr'><strong>instituit</strong></span> <span class='ocrx_word' id='word_1_393' title='bbox 942 2027 1000 2061; x_wconf 90' lang='lat' dir='ltr'><strong>ipse</strong></span> 
     </span>
    </p>
   </div>
   <div class='ocr_carea' id='block_1_60' title="bbox 216 2068 996 2106">
    <p class='ocr_par' dir='ltr' id='par_1_60' title="bbox 216 2068 996 2106">
     <span class='ocr_line' id='line_1_60' title="bbox 216 2068 996 2106; baseline -0.001 -8"><span class='ocrx_word' id='word_1_394' title='bbox 216 2068 354 2103; x_wconf 70' lang='lat' dir='ltr'><strong>Salvator,</strong></span> <span class='ocrx_word' id='word_1_395' title='bbox 374 2071 590 2099; x_wconf 80' lang='lat' dir='ltr'><strong>observaverunt</strong></span> <span class='ocrx_word' id='word_1_396' title='bbox 606 2070 667 2106; x_wconf 81' lang='lat' dir='ltr'><strong>ejus</strong></span> <span class='ocrx_word' id='word_1_397' title='bbox 691 2071 832 2106; x_wconf 85' lang='lat' dir='ltr'><strong>discipuli.</strong></span> <span class='ocrx_word' id='word_1_398' title='bbox 853 2071 911 2099; x_wconf 86' lang='lat' dir='ltr'><strong>Non</strong></span> <span class='ocrx_word' id='word_1_399' title='bbox 924 2072 996 2099; x_wconf 86' lang='lat' dir='ltr'><strong>enim</strong></span> 
     </span>
    </p>
   </div>
   <div class='ocr_carea' id='block_1_61' title="bbox 216 2114 999 2149">
    <p class='ocr_par' dir='ltr' id='par_1_61' title="bbox 216 2114 999 2149">
     <span class='ocr_line' id='line_1_61' title="bbox 216 2114 999 2149; baseline 0 -6"><span class='ocrx_word' id='word_1_400' title='bbox 216 2114 388 2143; x_wconf 82' lang='lat' dir='ltr'><strong>solummodo</strong></span> <span class='ocrx_word' id='word_1_401' title='bbox 401 2123 416 2143; x_wconf 86' lang='lat' dir='ltr'><strong>a</strong></span> <span class='ocrx_word' id='word_1_402' title='bbox 429 2116 532 2144; x_wconf 85' lang='lat' dir='ltr'><strong>sanctis</strong></span> <span class='ocrx_word' id='word_1_403' title='bbox 550 2115 714 2149; x_wconf 82' lang='lat' dir='ltr'><strong>Pacbomio,</strong></span> <span class='ocrx_word' id='word_1_404' title='bbox 729 2115 814 2143; x_wconf 84' lang='lat' dir='ltr'><strong>Paulo</strong></span> <span class='ocrx_word' id='word_1_405' title='bbox 828 2115 957 2143; x_wconf 83' lang='lat' dir='ltr'><strong>Thebano</strong></span> <span class='ocrx_word' id='word_1_406' title='bbox 971 2120 999 2143; x_wconf 85' lang='lat' dir='ltr'><strong>et</strong></span> 
     </span>
    </p>
   </div>
   <div class='ocr_carea' id='block_1_62' title="bbox 215 2161 997 2197">
    <p class='ocr_par' dir='ltr' id='par_1_62' title="bbox 215 2161 997 2197">
     <span class='ocr_line' id='line_1_62' title="bbox 215 2161 997 2197; baseline -0.001 -8"><span class='ocrx_word' id='word_1_407' title='bbox 215 2161 336 2190; x_wconf 77' lang='lat' dir='ltr'><strong>Antonio</strong></span> <span class='ocrx_word' id='word_1_408' title='bbox 344 2161 478 2196; x_wconf 84' lang='lat' dir='ltr'><strong>incepitet</strong></span> <span class='ocrx_word' id='word_1_409' title='bbox 490 2162 564 2197; x_wconf 72' lang='lat' dir='ltr'><strong>leges</strong></span> <span class='ocrx_word' id='word_1_410' title='bbox 576 2162 692 2194; x_wconf 85' lang='lat' dir='ltr'><strong>invenit,</strong></span> <span class='ocrx_word' id='word_1_411' title='bbox 703 2166 732 2189; x_wconf 95' lang='lat' dir='ltr'><strong>ut</strong></span> <span class='ocrx_word' id='word_1_412' title='bbox 741 2161 851 2196; x_wconf 85' lang='lat' dir='ltr'><strong>quidam</strong></span> <span class='ocrx_word' id='word_1_413' title='bbox 860 2162 997 2194; x_wconf 83' lang='lat' dir='ltr'><strong>dixerunt,</strong></span> 
     </span>
    </p>
   </div>
   <div class='ocr_carea' id='block_1_63' title="bbox 1055 930 1844 968">
    <p class='ocr_par' dir='ltr' id='par_1_63' title="bbox 1055 930 1844 968">
     <span class='ocr_line' id='line_1_63' title="bbox 1055 930 1844 968; baseline -0.005 -8"><span class='ocrx_word' id='word_1_414' title='bbox 1055 942 1127 963; x_wconf 74' lang='grc' dir='ltr'>σται.</span> <span class='ocrx_word' id='word_1_415' title='bbox 1143 933 1221 968; x_wconf 81' lang='grc' dir='ltr'>’Δμα</span> <span class='ocrx_word' id='word_1_416' title='bbox 1249 933 1295 960; x_wconf 76' lang='grc' dir='ltr'>οὖν</span> <span class='ocrx_word' id='word_1_417' title='bbox 1318 933 1364 960; x_wconf 65' lang='grc' dir='ltr'><strong>καὶ</strong></span> <span class='ocrx_word' id='word_1_418' title='bbox 1382 933 1413 959; x_wconf 88' lang='grc' dir='ltr'>τὸ</span> <span class='ocrx_word' id='word_1_419' title='bbox 1441 932 1513 966; x_wconf 78' lang='grc' dir='ltr'>ὕδωρ</span> <span class='ocrx_word' id='word_1_420' title='bbox 1528 932 1558 958; x_wconf 84' lang='grc' dir='ltr'><strong>τὺ</strong></span> <span class='ocrx_word' id='word_1_421' title='bbox 1582 931 1696 965; x_wconf 82' lang='grc' dir='ltr'>Πνεῦμα</span> <span class='ocrx_word' id='word_1_422' title='bbox 1712 930 1844 962; x_wconf 71' lang='grc' dir='ltr'>εἰκονίζει</span> 
     </span>
    </p>
   </div>
   <div class='ocr_carea' id='block_1_64' title="bbox 1054 975 1844 1014">
    <p class='ocr_par' dir='ltr' id='par_1_64' title="bbox 1054 975 1844 1014">
     <span class='ocr_line' id='line_1_64' title="bbox 1054 975 1844 1014; baseline -0.008 -8"><span class='ocrx_word' id='word_1_423' title='bbox 1054 978 1126 1014; x_wconf 75' lang='grc' dir='ltr'><strong>ὕδωρ</strong></span> <span class='ocrx_word' id='word_1_424' title='bbox 1151 978 1328 1013; x_wconf 80' lang='grc' dir='ltr'>καλούμενον,</span> <span class='ocrx_word' id='word_1_425' title='bbox 1345 977 1392 1005; x_wconf 72' lang='grc' dir='ltr'>καὶ</span> <span class='ocrx_word' id='word_1_426' title='bbox 1404 978 1434 1004; x_wconf 80' lang='grc' dir='ltr'>τὸ</span> <span class='ocrx_word' id='word_1_427' title='bbox 1449 977 1550 1012; x_wconf 67' lang='grc' dir='ltr'>θερμὸν</span> <span class='ocrx_word' id='word_1_428' title='bbox 1566 976 1603 1008; x_wconf 76' lang='grc' dir='ltr'>ὥς</span> <span class='ocrx_word' id='word_1_429' title='bbox 1618 976 1664 1003; x_wconf 72' lang='grc' dir='ltr'><strong>τοῦ</strong></span> <span class='ocrx_word' id='word_1_430' title='bbox 1681 976 1770 1010; x_wconf 48' lang='lat' dir='ltr'><strong>mpii;</strong></span> <span class='ocrx_word' id='word_1_431' title='bbox 1796 975 1844 1009; x_wconf 72' lang='grc' dir='ltr'>τὴν</span> 
     </span>
    </p>
   </div>
   <div class='ocr_carea' id='block_1_65' title="bbox 1054 1021 1841 1060">
    <p class='ocr_par' dir='ltr' id='par_1_65' title="bbox 1054 1021 1841 1060">
     <span class='ocr_line' id='line_1_65' title="bbox 1054 1021 1841 1060; baseline -0.008 -8"><span class='ocrx_word' id='word_1_432' title='bbox 1054 1025 1177 1060; x_wconf 87' lang='grc' dir='ltr'>θεότητα.</span> <span class='ocrx_word' id='word_1_433' title='bbox 1195 1025 1261 1052; x_wconf 69' lang='grc' dir='ltr'><strong>Ὀτι</strong></span> <span class='ocrx_word' id='word_1_434' title='bbox 1270 1025 1284 1051; x_wconf 81' lang='grc' dir='ltr'><strong>ὁ</strong></span> <span class='ocrx_word' id='word_1_435' title='bbox 1297 1024 1363 1055; x_wconf 84' lang='grc' dir='ltr'>Θεὸς</span> <span class='ocrx_word' id='word_1_436' title='bbox 1374 1024 1454 1058; x_wconf 83' lang='grc' dir='ltr'>ἡμῶν</span> <span class='ocrx_word' id='word_1_437' title='bbox 1465 1024 1520 1059; x_wconf 79' lang='grc' dir='ltr'>πῦρ</span> <span class='ocrx_word' id='word_1_438' title='bbox 1537 1022 1750 1053; x_wconf 75' lang='grc' dir='ltr'><strong>καταναλίσκον,</strong></span> <span class='ocrx_word' id='word_1_439' title='bbox 1765 1021 1841 1056; x_wconf 75' lang='grc' dir='ltr'>φησι.</span> 
     </span>
    </p>
   </div>
   <div class='ocr_carea' id='block_1_66' title="bbox 1054 1067 1840 1103">
    <p class='ocr_par' dir='ltr' id='par_1_66' title="bbox 1054 1067 1840 1103">
     <span class='ocr_line' id='line_1_66' title="bbox 1054 1067 1840 1103; baseline -0.004 -7"><span class='ocrx_word' id='word_1_440' title='bbox 1054 1069 1099 1095; x_wconf 87' lang='grc' dir='ltr'><strong>Διὺ</strong></span> <span class='ocrx_word' id='word_1_441' title='bbox 1115 1069 1161 1096; x_wconf 76' lang='grc' dir='ltr'>καὶ</span> <span class='ocrx_word' id='word_1_442' title='bbox 1176 1069 1309 1103; x_wconf 80' lang='grc' dir='ltr'><strong>ἐπιλέγει,</strong></span> <span class='ocrx_word' id='word_1_443' title='bbox 1330 1078 1340 1094; x_wconf 74' lang='grc' dir='ltr'>ι</span> <span class='ocrx_word' id='word_1_444' title='bbox 1356 1069 1433 1100; x_wconf 86' lang='grc' dir='ltr'>Ζέσις</span> <span class='ocrx_word' id='word_1_445' title='bbox 1446 1067 1601 1103; x_wconf 82' lang='grc' dir='ltr'>Πνεύματος</span> <span class='ocrx_word' id='word_1_446' title='bbox 1615 1067 1704 1100; x_wconf 80' lang='grc' dir='ltr'><strong>ἁγίου.</strong></span> <span class='ocrx_word' id='word_1_447' title='bbox 1714 1067 1815 1101; x_wconf 78' lang='grc' dir='ltr'>Ἀμήν.</span> <span class='ocrx_word' id='word_1_448' title='bbox 1831 1076 1840 1091; x_wconf 69' lang='grc' dir='ltr'>ι</span> 
     </span>
    </p>
   </div>
   <div class='ocr_carea' id='block_1_67' title="bbox 1054 1112 1842 1149">
    <p class='ocr_par' dir='ltr' id='par_1_67' title="bbox 1054 1112 1842 1149">
     <span class='ocr_line' id='line_1_67' title="bbox 1054 1112 1842 1149; baseline -0.005 -8"><span class='ocrx_word' id='word_1_449' title='bbox 1054 1115 1136 1142; x_wconf 86' lang='grc' dir='ltr'>Ὅθεν</span> <span class='ocrx_word' id='word_1_450' title='bbox 1151 1116 1198 1141; x_wconf 78' lang='grc' dir='ltr'>καὶ</span> <span class='ocrx_word' id='word_1_451' title='bbox 1215 1115 1245 1142; x_wconf 79' lang='grc' dir='ltr'>οὒ</span> <span class='ocrx_word' id='word_1_452' title='bbox 1260 1115 1371 1141; x_wconf 76' lang='grc' dir='ltr'>πλείονα</span> <span class='ocrx_word' id='word_1_453' title='bbox 1386 1114 1465 1149; x_wconf 85' lang='grc' dir='ltr'>χάριν</span> <span class='ocrx_word' id='word_1_454' title='bbox 1482 1113 1544 1140; x_wconf 79' lang='grc' dir='ltr'>τινὰ</span> <span class='ocrx_word' id='word_1_455' title='bbox 1561 1114 1595 1139; x_wconf 83' lang='grc' dir='ltr'><strong>τὰ</strong></span> <span class='ocrx_word' id='word_1_456' title='bbox 1607 1112 1667 1139; x_wconf 85' lang='grc' dir='ltr'>θεῖα</span> <span class='ocrx_word' id='word_1_457' title='bbox 1677 1112 1755 1144; x_wconf 83' lang='grc' dir='ltr'>δῶρα</span> <span class='ocrx_word' id='word_1_458' title='bbox 1773 1112 1842 1146; x_wconf 83' lang='grc' dir='ltr'>λαμ-</span> 
     </span>
    </p>
   </div>
   <div class='ocr_carea' id='block_1_68' title="bbox 1054 1157 1843 1194">
    <p class='ocr_par' dir='ltr' id='par_1_68' title="bbox 1054 1157 1843 1194">
     <span class='ocr_line' id='line_1_68' title="bbox 1054 1157 1843 1194; baseline -0.008 -6"><span class='ocrx_word' id='word_1_459' title='bbox 1054 1162 1166 1188; x_wconf 74' lang='grc' dir='ltr'>ϐάνουσι</span> <span class='ocrx_word' id='word_1_460' title='bbox 1181 1161 1271 1188; x_wconf 84' lang='grc' dir='ltr'>τέλεια</span> <span class='ocrx_word' id='word_1_461' title='bbox 1288 1160 1351 1187; x_wconf 73' lang='grc' dir='ltr'>ὅντα</span> <span class='ocrx_word' id='word_1_462' title='bbox 1367 1168 1374 1175; x_wconf 90' lang='grc'><strong>·</strong></span> <span class='ocrx_word' id='word_1_463' title='bbox 1392 1159 1460 1187; x_wconf 79' lang='grc' dir='ltr'>ἀλλὰ</span> <span class='ocrx_word' id='word_1_464' title='bbox 1472 1159 1506 1186; x_wconf 82' lang='grc' dir='ltr'><strong>δι’</strong></span> <span class='ocrx_word' id='word_1_465' title='bbox 1523 1159 1596 1194; x_wconf 81' lang='grc' dir='ltr'>ἡμᾶς</span> <span class='ocrx_word' id='word_1_466' title='bbox 1613 1157 1775 1193; x_wconf 76' lang='grc' dir='ltr'>προτίθεται</span> <span class='ocrx_word' id='word_1_467' title='bbox 1794 1157 1843 1191; x_wconf 81' lang='grc' dir='ltr'>μό-</span> 
     </span>
    </p>
   </div>
   <div class='ocr_carea' id='block_1_69' title="bbox 1054 1204 1842 1242">
    <p class='ocr_par' dir='ltr' id='par_1_69' title="bbox 1054 1204 1842 1242">
     <span class='ocr_line' id='line_1_69' title="bbox 1054 1204 1842 1242; baseline -0.009 -7"><span class='ocrx_word' id='word_1_468' title='bbox 1054 1216 1109 1239; x_wconf 87' lang='grc' dir='ltr'>νον,</span> <span class='ocrx_word' id='word_1_469' title='bbox 1130 1207 1164 1234; x_wconf 74' lang='grc' dir='ltr'><strong>ῐν’</strong></span> <span class='ocrx_word' id='word_1_470' title='bbox 1181 1207 1359 1242; x_wconf 82' lang='grc' dir='ltr'>ἁγιασοῶμεν</span> <span class='ocrx_word' id='word_1_471' title='bbox 1386 1207 1468 1241; x_wconf 80' lang='grc' dir='ltr'>ἡμεῖς</span> <span class='ocrx_word' id='word_1_472' title='bbox 1489 1205 1522 1232; x_wconf 88' lang='grc' dir='ltr'><strong>δι’</strong></span> <span class='ocrx_word' id='word_1_473' title='bbox 1554 1204 1644 1231; x_wconf 81' lang='grc' dir='ltr'>αὐτῶν</span> <span class='ocrx_word' id='word_1_474' title='bbox 1671 1213 1700 1230; x_wconf 88' lang='grc' dir='ltr'>τε</span> <span class='ocrx_word' id='word_1_475' title='bbox 1722 1205 1770 1230; x_wconf 72' lang='grc' dir='ltr'><strong>καὶ</strong></span> <span class='ocrx_word' id='word_1_476' title='bbox 1790 1204 1842 1229; x_wconf 55' lang='grc' dir='ltr'>τεῒν</span> 
     </span>
    </p>
   </div>
   <div class='ocr_carea' id='block_1_70' title="bbox 1053 1254 1150 1288">
    <p class='ocr_par' dir='ltr' id='par_1_70' title="bbox 1053 1254 1150 1288">
     <span class='ocr_line' id='line_1_70' title="bbox 1053 1254 1150 1288; baseline 0.01 -9"><span class='ocrx_word' id='word_1_477' title='bbox 1053 1254 1150 1288; x_wconf 81' lang='grc' dir='ltr'>εὐχῶν.</span> 
     </span>
    </p>
   </div>
   <div class='ocr_carea' id='block_1_71' title="bbox 1319 1298 1577 1326">
    <p class='ocr_par' dir='ltr' id='par_1_71' title="bbox 1319 1298 1577 1326">
     <span class='ocr_line' id='line_1_71' title="bbox 1319 1298 1577 1326; baseline 0.004 -1"><span class='ocrx_word' id='word_1_478' title='bbox 1319 1299 1487 1326; x_wconf 80' lang='grc' dir='ltr'><strong>ΕΡΩΤΗΣΙΣ</strong></span> <span class='ocrx_word' id='word_1_479' title='bbox 1512 1298 1577 1326; x_wconf 83' lang='lat' dir='ltr'><strong>N8’.</strong></span> 
     </span>
    </p>
   </div>
   <div class='ocr_carea' id='block_1_72' title="bbox 1054 1344 1841 1379">
    <p class='ocr_par' dir='ltr' id='par_1_72' title="bbox 1054 1344 1841 1379">
     <span class='ocr_line' id='line_1_72' title="bbox 1054 1344 1841 1379; baseline 0 -8"><span class='ocrx_word' id='word_1_480' title='bbox 1054 1346 1136 1372; x_wconf 82' lang='grc' dir='ltr'>Διατί</span> <span class='ocrx_word' id='word_1_481' title='bbox 1149 1345 1197 1372; x_wconf 78' lang='grc' dir='ltr'>καὶ</span> <span class='ocrx_word' id='word_1_482' title='bbox 1213 1346 1248 1372; x_wconf 81' lang='grc' dir='ltr'><strong>ὲν</strong></span> <span class='ocrx_word' id='word_1_483' title='bbox 1258 1345 1368 1378; x_wconf 75' lang='grc' dir='ltr'>ἄλλαις</span> <span class='ocrx_word' id='word_1_484' title='bbox 1383 1344 1436 1371; x_wconf 73' lang='grc' dir='ltr'><strong>τοῦ</strong></span> <span class='ocrx_word' id='word_1_485' title='bbox 1455 1346 1568 1379; x_wconf 78' lang='grc' dir='ltr'>χρόνον</span> <span class='ocrx_word' id='word_1_486' title='bbox 1591 1344 1713 1379; x_wconf 78' lang='grc' dir='ltr'><strong>ἡμέραις</strong></span> <span class='ocrx_word' id='word_1_487' title='bbox 1732 1344 1770 1371; x_wconf 85' lang='grc' dir='ltr'>οὐ</span> <span class='ocrx_word' id='word_1_488' title='bbox 1783 1345 1841 1371; x_wconf 65' lang='grc' dir='ltr'>λει-</span> 
     </span>
    </p>
   </div>
   <div class='ocr_carea' id='block_1_73' title="bbox 1079 1379 1814 1415">
    <p class='ocr_par' dir='ltr' id='par_1_73' title="bbox 1079 1379 1814 1415">
     <span class='ocr_line' id='line_1_73' title="bbox 1079 1379 1814 1415; baseline -0.001 -8"><span class='ocrx_word' id='word_1_489' title='bbox 1079 1380 1245 1415; x_wconf 66' lang='grc' dir='ltr'>τοιεργεῖται</span> <span class='ocrx_word' id='word_1_490' title='bbox 1259 1381 1279 1414; x_wconf 74' lang='grc' dir='ltr'>ἡ</span> <span class='ocrx_word' id='word_1_491' title='bbox 1293 1380 1465 1414; x_wconf 76' lang='grc' dir='ltr'>λειτουργία</span> <span class='ocrx_word' id='word_1_492' title='bbox 1478 1380 1537 1406; x_wconf 81' lang='grc' dir='ltr'><strong>τῶν</strong></span> <span class='ocrx_word' id='word_1_493' title='bbox 1551 1379 1814 1414; x_wconf 76' lang='grc' dir='ltr'><strong>προηγιασμένων.</strong></span> 
     </span>
    </p>
   </div>
   <div class='ocr_carea' id='block_1_74' title="bbox 1089 1438 1839 1474">
    <p class='ocr_par' dir='ltr' id='par_1_74' title="bbox 1089 1438 1839 1474">
     <span class='ocr_line' id='line_1_74' title="bbox 1089 1438 1839 1474; baseline -0.004 -8"><span class='ocrx_word' id='word_1_494' title='bbox 1089 1439 1125 1466; x_wconf 73' lang='grc' dir='ltr'><strong>Οὐ</strong></span> <span class='ocrx_word' id='word_1_495' title='bbox 1145 1439 1197 1474; x_wconf 80' lang='grc' dir='ltr'>χρὴ</span> <span class='ocrx_word' id='word_1_496' title='bbox 1214 1439 1288 1473; x_wconf 70' lang='grc' dir='ltr'>παρὰ</span> <span class='ocrx_word' id='word_1_497' title='bbox 1313 1439 1362 1470; x_wconf 82' lang='grc' dir='ltr'><strong>τὰς</strong></span> <span class='ocrx_word' id='word_1_498' title='bbox 1379 1439 1550 1473; x_wconf 81' lang='grc' dir='ltr'>τεταγμένας</span> <span class='ocrx_word' id='word_1_499' title='bbox 1570 1438 1677 1473; x_wconf 82' lang='grc' dir='ltr'>ἡμέρας</span> <span class='ocrx_word' id='word_1_500' title='bbox 1703 1446 1839 1472; x_wconf 51' lang='grc' dir='ltr'>προηγο-</span> 
     </span>
    </p>
   </div>
   <div class='ocr_carea' id='block_1_75' title="bbox 1055 1482 1837 1518">
    <p class='ocr_par' dir='ltr' id='par_1_75' title="bbox 1055 1482 1837 1518">
     <span class='ocr_line' id='line_1_75' title="bbox 1055 1482 1837 1518; baseline -0.001 -10"><span class='ocrx_word' id='word_1_501' title='bbox 1055 1483 1142 1517; x_wconf 82' lang='grc' dir='ltr'>σμὲνα</span> <span class='ocrx_word' id='word_1_502' title='bbox 1154 1483 1323 1517; x_wconf 77' lang='grc' dir='ltr'>λειτουργεῖν</span> <span class='ocrx_word' id='word_1_503' title='bbox 1337 1491 1344 1499; x_wconf 91' lang='grc'>·</span> <span class='ocrx_word' id='word_1_504' title='bbox 1363 1483 1392 1509; x_wconf 87' lang='grc' dir='ltr'>οὖ</span> <span class='ocrx_word' id='word_1_505' title='bbox 1414 1482 1467 1517; x_wconf 73' lang='grc' dir='ltr'>γὰρ</span> <span class='ocrx_word' id='word_1_506' title='bbox 1485 1482 1675 1518; x_wconf 74' lang='grc' dir='ltr'>παραδέδοται.</span> <span class='ocrx_word' id='word_1_507' title='bbox 1702 1483 1732 1508; x_wconf 90' lang='lat' dir='ltr'><strong>&#39;O</strong></span> <span class='ocrx_word' id='word_1_508' title='bbox 1749 1483 1837 1508; x_wconf 72' lang='grc' dir='ltr'>τοίνυν</span> 
     </span>
    </p>
   </div>
   <div class='ocr_carea' id='block_1_76' title="bbox 1055 1527 1840 1563">
    <p class='ocr_par' dir='ltr' id='par_1_76' title="bbox 1055 1527 1840 1563">
     <span class='ocr_line' id='line_1_76' title="bbox 1055 1527 1840 1563; baseline -0.001 -10"><span class='ocrx_word' id='word_1_509' title='bbox 1055 1528 1129 1562; x_wconf 81' lang='grc' dir='ltr'>παρὰ</span> <span class='ocrx_word' id='word_1_510' title='bbox 1147 1528 1182 1554; x_wconf 80' lang='grc' dir='ltr'><strong>τὰ</strong></span> <span class='ocrx_word' id='word_1_511' title='bbox 1199 1527 1403 1563; x_wconf 66' lang='grc' dir='ltr'>παραδεδομένα</span> <span class='ocrx_word' id='word_1_512' title='bbox 1414 1528 1499 1554; x_wconf 83' lang='grc' dir='ltr'>ποιῶν</span> <span class='ocrx_word' id='word_1_513' title='bbox 1513 1527 1696 1559; x_wconf 73' lang='grc' dir='ltr'>κανονίζεται.</span> <span class='ocrx_word' id='word_1_514' title='bbox 1714 1536 1724 1552; x_wconf 84' lang='grc'><strong><em>‹</em></strong></span> <span class='ocrx_word' id='word_1_515' title='bbox 1737 1527 1840 1553; x_wconf 70' lang='grc' dir='ltr'>Φυλάσ-</span> 
     </span>
    </p>
   </div>
   <div class='ocr_carea' id='block_1_77' title="bbox 1054 1571 1839 1610">
    <p class='ocr_par' dir='ltr' id='par_1_77' title="bbox 1054 1571 1839 1610">
     <span class='ocr_line' id='line_1_77' title="bbox 1054 1571 1839 1610; baseline -0.004 -9"><span class='ocrx_word' id='word_1_516' title='bbox 1054 1583 1115 1601; x_wconf 84' lang='grc' dir='ltr'>σετε</span> <span class='ocrx_word' id='word_1_517' title='bbox 1129 1575 1194 1610; x_wconf 85' lang='grc' dir='ltr'>γὰρ,</span> <span class='ocrx_word' id='word_1_518' title='bbox 1215 1575 1282 1609; x_wconf 82' lang='grc' dir='ltr'>φησὶ</span> <span class='ocrx_word' id='word_1_519' title='bbox 1299 1574 1415 1606; x_wconf 77' lang='grc' dir='ltr'>Παῦλος,</span> <span class='ocrx_word' id='word_1_520' title='bbox 1430 1575 1480 1605; x_wconf 84' lang='grc' dir='ltr'>τὰς</span> <span class='ocrx_word' id='word_1_521' title='bbox 1491 1573 1654 1608; x_wconf 80' lang='grc' dir='ltr'>παραδόσεις</span> <span class='ocrx_word' id='word_1_522' title='bbox 1666 1572 1699 1603; x_wconf 67' lang='grc' dir='ltr'>ἃς</span> <span class='ocrx_word' id='word_1_523' title='bbox 1715 1571 1839 1608; x_wconf 84' lang='grc' dir='ltr'>παρεδώ-</span> 
     </span>
    </p>
   </div>
   <div class='ocr_carea' id='block_1_78' title="bbox 1052 1618 1836 1655">
    <p class='ocr_par' dir='ltr' id='par_1_78' title="bbox 1052 1618 1836 1655">
     <span class='ocr_line' id='line_1_78' title="bbox 1052 1618 1836 1655; baseline -0.005 -8"><span class='ocrx_word' id='word_1_524' title='bbox 1052 1629 1141 1655; x_wconf 85' lang='grc' dir='ltr'>καμεν</span> <span class='ocrx_word' id='word_1_525' title='bbox 1172 1621 1237 1655; x_wconf 77' lang='grc' dir='ltr'>ὑμῖν</span> <span class='ocrx_word' id='word_1_526' title='bbox 1262 1622 1317 1647; x_wconf 73' lang='lat' dir='ltr'><strong>stu</strong></span> <span class='ocrx_word' id='word_1_527' title='bbox 1341 1620 1385 1647; x_wconf 86' lang='grc' dir='ltr'><strong>διὰ</strong></span> <span class='ocrx_word' id='word_1_528' title='bbox 1411 1620 1502 1653; x_wconf 86' lang='grc' dir='ltr'>λόγου,</span> <span class='ocrx_word' id='word_1_529' title='bbox 1524 1620 1579 1646; x_wconf 86' lang='grc' dir='ltr'>εῐτε</span> <span class='ocrx_word' id='word_1_530' title='bbox 1596 1619 1629 1645; x_wconf 86' lang='grc' dir='ltr'><strong>δι’</strong></span> <span class='ocrx_word' id='word_1_531' title='bbox 1649 1618 1807 1652; x_wconf 78' lang='grc' dir='ltr'>ἐπιστολῆς.</span> <span class='ocrx_word' id='word_1_532' title='bbox 1828 1626 1836 1642; x_wconf 79' lang='grc' dir='ltr'>ι</span> 
     </span>
    </p>
   </div>
   <div class='ocr_carea' id='block_1_79' title="bbox 1052 1664 1838 1701">
    <p class='ocr_par' dir='ltr' id='par_1_79' title="bbox 1052 1664 1838 1701">
     <span class='ocr_line' id='line_1_79' title="bbox 1052 1664 1838 1701; baseline -0.003 -9"><span class='ocrx_word' id='word_1_533' title='bbox 1052 1666 1138 1692; x_wconf 86' lang='grc' dir='ltr'>Τοῦτο</span> <span class='ocrx_word' id='word_1_534' title='bbox 1153 1665 1198 1692; x_wconf 84' lang='grc' dir='ltr'>οὖν</span> <span class='ocrx_word' id='word_1_535' title='bbox 1219 1665 1352 1701; x_wconf 81' lang='grc' dir='ltr'>τηρητέον</span> <span class='ocrx_word' id='word_1_536' title='bbox 1367 1665 1413 1692; x_wconf 79' lang='grc' dir='ltr'>καὶ</span> <span class='ocrx_word' id='word_1_537' title='bbox 1429 1665 1475 1691; x_wconf 76' lang='grc' dir='ltr'><strong>ἐπὶ</strong></span> <span class='ocrx_word' id='word_1_538' title='bbox 1494 1666 1551 1695; x_wconf 79' lang='grc' dir='ltr'>τοῖς</span> <span class='ocrx_word' id='word_1_539' title='bbox 1566 1664 1658 1695; x_wconf 80' lang='grc' dir='ltr'>ἄλλοις</span> <span class='ocrx_word' id='word_1_540' title='bbox 1679 1665 1737 1696; x_wconf 60' lang='lat' dir='ltr'><strong>tot;</strong></span> <span class='ocrx_word' id='word_1_541' title='bbox 1754 1672 1838 1699; x_wconf 70' lang='grc' dir='ltr'>παρα-</span> 
     </span>
    </p>
   </div>
   <div class='ocr_carea' id='block_1_80' title="bbox 1051 1711 1414 1747">
    <p class='ocr_par' dir='ltr' id='par_1_80' title="bbox 1051 1711 1414 1747">
     <span class='ocr_line' id='line_1_80' title="bbox 1051 1711 1414 1747; baseline 0 -9"><span class='ocrx_word' id='word_1_542' title='bbox 1051 1711 1202 1747; x_wconf 82' lang='grc' dir='ltr'>δεδομένοις</span> <span class='ocrx_word' id='word_1_543' title='bbox 1218 1711 1322 1738; x_wconf 74' lang='grc' dir='ltr'>ἄνωθεν</span> <span class='ocrx_word' id='word_1_544' title='bbox 1337 1712 1414 1738; x_wconf 75' lang='grc' dir='ltr'><strong>πᾶσι.</strong></span> 
     </span>
    </p>
   </div>
   <div class='ocr_carea' id='block_1_81' title="bbox 1311 1800 1537 1828">
    <p class='ocr_par' dir='ltr' id='par_1_81' title="bbox 1311 1800 1537 1828">
     <span class='ocr_line' id='line_1_81' title="bbox 1311 1800 1537 1828; baseline 0 -1"><span class='ocrx_word' id='word_1_545' title='bbox 1311 1800 1480 1827; x_wconf 83' lang='grc' dir='ltr'><strong>ΕΡΩἸἮΣΙΣ</strong></span> <span class='ocrx_word' id='word_1_546' title='bbox 1499 1801 1537 1828; x_wconf 83' lang='grc' dir='ltr'><strong>Ξ’.</strong></span> 
     </span>
    </p>
   </div>
   <div class='ocr_carea' id='block_1_82' title="bbox 1053 1856 1836 1891">
    <p class='ocr_par' dir='ltr' id='par_1_82' title="bbox 1053 1856 1836 1891">
     <span class='ocr_line' id='line_1_82' title="bbox 1053 1856 1836 1891; baseline 0 -7"><span class='ocrx_word' id='word_1_547' title='bbox 1053 1857 1091 1884; x_wconf 84' lang='grc' dir='ltr'><strong>Τὸ</strong></span> <span class='ocrx_word' id='word_1_548' title='bbox 1106 1857 1186 1885; x_wconf 82' lang='grc' dir='ltr'>θεῖον</span> <span class='ocrx_word' id='word_1_549' title='bbox 1213 1856 1263 1884; x_wconf 69' lang='grc' dir='ltr'><strong>καὶ</strong></span> <span class='ocrx_word' id='word_1_550' title='bbox 1288 1857 1374 1891; x_wconf 79' lang='grc' dir='ltr'>ἅγιον</span> <span class='ocrx_word' id='word_1_551' title='bbox 1390 1857 1495 1891; x_wconf 82' lang='grc' dir='ltr'>σχῆμα</span> <span class='ocrx_word' id='word_1_552' title='bbox 1517 1857 1576 1883; x_wconf 81' lang='grc' dir='ltr'><strong>τῶν</strong></span> <span class='ocrx_word' id='word_1_553' title='bbox 1599 1856 1745 1891; x_wconf 79' lang='grc' dir='ltr'>μοναχῶν</span> <span class='ocrx_word' id='word_1_554' title='bbox 1759 1857 1804 1890; x_wconf 84' lang='grc' dir='ltr'>τίς</span> <span class='ocrx_word' id='word_1_555' title='bbox 1820 1858 1836 1884; x_wconf 81' lang='grc' dir='ltr'><em>ὀ</em></span> 
     </span>
    </p>
   </div>
   <div class='ocr_carea' id='block_1_83' title="bbox 1087 1891 1835 1927">
    <p class='ocr_par' dir='ltr' id='par_1_83' title="bbox 1087 1891 1835 1927">
     <span class='ocr_line' id='line_1_83' title="bbox 1087 1891 1835 1927; baseline 0 -9"><span class='ocrx_word' id='word_1_556' title='bbox 1087 1892 1258 1926; x_wconf 80' lang='grc' dir='ltr'>παραδούς;</span> <span class='ocrx_word' id='word_1_557' title='bbox 1284 1892 1334 1918; x_wconf 75' lang='grc' dir='ltr'>καὶ</span> <span class='ocrx_word' id='word_1_558' title='bbox 1360 1892 1422 1924; x_wconf 84' lang='grc' dir='ltr'><em>πῶς</em></span> <span class='ocrx_word' id='word_1_559' title='bbox 1447 1892 1608 1927; x_wconf 72' lang='grc' dir='ltr'>ἀγγελικὸν</span> <span class='ocrx_word' id='word_1_560' title='bbox 1627 1893 1770 1925; x_wconf 70' lang='lat' dir='ltr'><strong>Jéretat;</strong></span> <span class='ocrx_word' id='word_1_561' title='bbox 1789 1891 1835 1919; x_wconf 74' lang='grc' dir='ltr'>καὶ</span> 
     </span>
    </p>
   </div>
   <div class='ocr_carea' id='block_1_84' title="bbox 1085 1926 1394 1961">
    <p class='ocr_par' dir='ltr' id='par_1_84' title="bbox 1085 1926 1394 1961">
     <span class='ocr_line' id='line_1_84' title="bbox 1085 1926 1394 1961; baseline 0 -8"><span class='ocrx_word' id='word_1_562' title='bbox 1085 1928 1164 1954; x_wconf 76' lang='grc' dir='ltr'>διατι</span> <span class='ocrx_word' id='word_1_563' title='bbox 1180 1926 1379 1961; x_wconf 79' lang='grc' dir='ltr'>παραδέδοται</span> <span class='ocrx_word' id='word_1_564' title='bbox 1383 1935 1394 1959; x_wconf 92' lang='grc'><em>;</em></span> 
     </span>
    </p>
   </div>
   <div class='ocr_carea' id='block_1_85' title="bbox 1087 1983 1838 2018">
    <p class='ocr_par' dir='ltr' id='par_1_85' title="bbox 1087 1983 1838 2018">
     <span class='ocr_line' id='line_1_85' title="bbox 1087 1983 1838 2018; baseline -0.001 -8"><span class='ocrx_word' id='word_1_565' title='bbox 1087 1984 1153 2018; x_wconf 83' lang='grc' dir='ltr'>Περὶ</span> <span class='ocrx_word' id='word_1_566' title='bbox 1171 1983 1218 2010; x_wconf 74' lang='grc' dir='ltr'><strong>τοῦ</strong></span> <span class='ocrx_word' id='word_1_567' title='bbox 1235 1983 1381 2018; x_wconf 80' lang='grc' dir='ltr'>ἀγγελικοῦ</span> <span class='ocrx_word' id='word_1_568' title='bbox 1406 1984 1453 2010; x_wconf 71' lang='grc' dir='ltr'>καὶ</span> <span class='ocrx_word' id='word_1_569' title='bbox 1473 1984 1546 2010; x_wconf 80' lang='grc' dir='ltr'>θείου</span> <span class='ocrx_word' id='word_1_570' title='bbox 1564 1983 1711 2018; x_wconf 80' lang='grc' dir='ltr'>μοναχικοῦ</span> <span class='ocrx_word' id='word_1_571' title='bbox 1733 1983 1838 2018; x_wconf 80' lang='grc' dir='ltr'>σχήμα-</span> 
     </span>
    </p>
   </div>
   <div class='ocr_carea' id='block_1_86' title="bbox 1049 2029 1837 2064">
    <p class='ocr_par' dir='ltr' id='par_1_86' title="bbox 1049 2029 1837 2064">
     <span class='ocr_line' id='line_1_86' title="bbox 1049 2029 1837 2064; baseline 0 -9"><span class='ocrx_word' id='word_1_572' title='bbox 1049 2037 1094 2060; x_wconf 74' lang='grc' dir='ltr'><strong>τος</strong></span> <span class='ocrx_word' id='word_1_573' title='bbox 1115 2029 1222 2064; x_wconf 85' lang='grc' dir='ltr'>πρῶτον</span> <span class='ocrx_word' id='word_1_574' title='bbox 1241 2029 1291 2062; x_wconf 83' lang='grc' dir='ltr'>μὲν</span> <span class='ocrx_word' id='word_1_575' title='bbox 1304 2029 1318 2055; x_wconf 80' lang='grc' dir='ltr'>ὁ</span> <span class='ocrx_word' id='word_1_576' title='bbox 1342 2029 1411 2060; x_wconf 74' lang='grc' dir='ltr'>θεῖος</span> <span class='ocrx_word' id='word_1_577' title='bbox 1426 2029 1528 2063; x_wconf 71' lang='grc' dir='ltr'>ἔγραψε</span> <span class='ocrx_word' id='word_1_578' title='bbox 1552 2029 1705 2060; x_wconf 55' lang='grc' dir='ltr'>Διονύσιος</span> <span class='ocrx_word' id='word_1_579' title='bbox 1722 2030 1753 2055; x_wconf 79' lang='grc' dir='ltr'>τὸ</span> <span class='ocrx_word' id='word_1_580' title='bbox 1776 2029 1837 2064; x_wconf 72' lang='grc' dir='ltr'>περὶ</span> 
     </span>
    </p>
   </div>
   <div class='ocr_carea' id='block_1_87' title="bbox 1049 2074 1836 2110">
    <p class='ocr_par' dir='ltr' id='par_1_87' title="bbox 1049 2074 1836 2110">
     <span class='ocr_line' id='line_1_87' title="bbox 1049 2074 1836 2110; baseline 0 -9"><span class='ocrx_word' id='word_1_581' title='bbox 1049 2075 1143 2101; x_wconf 81' lang='grc' dir='ltr'>τούτου</span> <span class='ocrx_word' id='word_1_582' title='bbox 1159 2075 1187 2101; x_wconf 83' lang='grc' dir='ltr'><strong>δὲ</strong></span> <span class='ocrx_word' id='word_1_583' title='bbox 1205 2074 1252 2102; x_wconf 79' lang='grc' dir='ltr'><strong>καὶ</strong></span> <span class='ocrx_word' id='word_1_584' title='bbox 1266 2075 1347 2106; x_wconf 74' lang='grc' dir='ltr'>αὐτὸς</span> <span class='ocrx_word' id='word_1_585' title='bbox 1362 2076 1520 2109; x_wconf 82' lang='grc' dir='ltr'>παρέδωκεν</span> <span class='ocrx_word' id='word_1_586' title='bbox 1535 2076 1548 2102; x_wconf 82' lang='grc' dir='ltr'><strong>ὁ</strong></span> <span class='ocrx_word' id='word_1_587' title='bbox 1563 2075 1669 2110; x_wconf 85' lang='grc' dir='ltr'>Σωτήρ.</span> <span class='ocrx_word' id='word_1_588' title='bbox 1688 2075 1744 2101; x_wconf 85' lang='grc' dir='ltr'><strong>Καὶ</strong></span> <span class='ocrx_word' id='word_1_589' title='bbox 1759 2075 1836 2102; x_wconf 86' lang='grc' dir='ltr'>τοῦτο</span> 
     </span>
    </p>
   </div>
   <div class='ocr_carea' id='block_1_88' title="bbox 1049 2120 1836 2156">
    <p class='ocr_par' dir='ltr' id='par_1_88' title="bbox 1049 2120 1836 2156">
     <span class='ocr_line' id='line_1_88' title="bbox 1049 2120 1836 2156; baseline 0.001 -10"><span class='ocrx_word' id='word_1_590' title='bbox 1049 2121 1073 2146; x_wconf 77' lang='grc' dir='ltr'><strong>οι</strong></span> <span class='ocrx_word' id='word_1_591' title='bbox 1089 2120 1184 2147; x_wconf 83' lang='grc' dir='ltr'>τούτου</span> <span class='ocrx_word' id='word_1_592' title='bbox 1197 2121 1333 2155; x_wconf 79' lang='grc' dir='ltr'>ἐτήρησαν</span> <span class='ocrx_word' id='word_1_593' title='bbox 1351 2120 1481 2156; x_wconf 82' lang='grc' dir='ltr'>μαθηταί.</span> <span class='ocrx_word' id='word_1_594' title='bbox 1496 2121 1533 2147; x_wconf 76' lang='grc' dir='ltr'><strong>Οὔ</strong></span> <span class='ocrx_word' id='word_1_595' title='bbox 1548 2122 1601 2155; x_wconf 78' lang='grc' dir='ltr'>γὰρ</span> <span class='ocrx_word' id='word_1_596' title='bbox 1618 2122 1672 2147; x_wconf 68' lang='grc' dir='ltr'><strong>ἀπὸ</strong></span> <span class='ocrx_word' id='word_1_597' title='bbox 1688 2121 1743 2147; x_wconf 82' lang='grc' dir='ltr'><strong>τῶν</strong></span> <span class='ocrx_word' id='word_1_598' title='bbox 1757 2121 1836 2147; x_wconf 80' lang='grc' dir='ltr'>ὁσίων</span> 
     </span>
    </p>
   </div>
   <div class='ocr_carea' id='block_1_89' title="bbox 1050 2166 1835 2201">
    <p class='ocr_par' dir='ltr' id='par_1_89' title="bbox 1050 2166 1835 2201">
     <span class='ocr_line' id='line_1_89' title="bbox 1050 2166 1835 2201; baseline 0 -9"><span class='ocrx_word' id='word_1_599' title='bbox 1050 2166 1142 2200; x_wconf 79' lang='grc' dir='ltr'>μόνον,</span> <span class='ocrx_word' id='word_1_600' title='bbox 1164 2166 1312 2200; x_wconf 80' lang='grc' dir='ltr'>Παχωμίου</span> <span class='ocrx_word' id='word_1_601' title='bbox 1332 2175 1362 2193; x_wconf 79' lang='grc' dir='ltr'>τε</span> <span class='ocrx_word' id='word_1_602' title='bbox 1379 2166 1426 2193; x_wconf 77' lang='grc' dir='ltr'>καὶ</span> <span class='ocrx_word' id='word_1_603' title='bbox 1445 2167 1564 2201; x_wconf 78' lang='grc' dir='ltr'>Θηϐαίου</span> <span class='ocrx_word' id='word_1_604' title='bbox 1581 2167 1698 2198; x_wconf 73' lang='grc' dir='ltr'>Παύλου,</span> <span class='ocrx_word' id='word_1_605' title='bbox 1713 2168 1760 2193; x_wconf 75' lang='grc' dir='ltr'><strong>καὶ</strong></span> <span class='ocrx_word' id='word_1_606' title='bbox 1778 2167 1835 2194; x_wconf 76' lang='grc' dir='ltr'><strong>Ἀν-</strong></span> 
     </span>
    </p>
   </div>
   <div class='ocr_carea' id='block_1_90' title="bbox 214 2206 1006 2249">
    <p class='ocr_par' dir='ltr' id='par_1_90' title="bbox 214 2206 996 2243">
     <span class='ocr_line' id='line_1_90' title="bbox 214 2206 996 2243; baseline 0.001 -9"><span class='ocrx_word' id='word_1_607' title='bbox 214 2206 262 2234; x_wconf 82' lang='lat' dir='ltr'><strong>sed</strong></span> <span class='ocrx_word' id='word_1_608' title='bbox 273 2206 308 2234; x_wconf 79' lang='lat' dir='ltr'><strong>ab</strong></span> <span class='ocrx_word' id='word_1_609' title='bbox 322 2207 382 2241; x_wconf 84' lang='lat' dir='ltr'><strong>ipso</strong></span> <span class='ocrx_word' id='word_1_610' title='bbox 394 2207 568 2235; x_wconf 84' lang='lat' dir='ltr'><strong>Salvatoreet</strong></span> <span class='ocrx_word' id='word_1_611' title='bbox 581 2207 609 2234; x_wconf 92' lang='lat' dir='ltr'><strong>in</strong></span> <span class='ocrx_word' id='word_1_612' title='bbox 631 2208 771 2243; x_wconf 85' lang='lat' dir='ltr'><strong>apostolos</strong></span> <span class='ocrx_word' id='word_1_613' title='bbox 794 2208 915 2241; x_wconf 77' lang='lat' dir='ltr'><strong>invexit;</strong></span> <span class='ocrx_word' id='word_1_614' title='bbox 934 2215 996 2235; x_wconf 87' lang='lat' dir='ltr'><strong>nam</strong></span> 
     </span>
    </p>
   </div>
   <div class='ocr_carea' id='block_1_91' title="bbox 1055 2206 1836 2249">
    <p class='ocr_par' dir='ltr' id='par_1_91' title="bbox 1055 2211 1836 2249">
     <span class='ocr_line' id='line_1_91' title="bbox 1055 2211 1836 2249; baseline 0.003 -12"><span class='ocrx_word' id='word_1_615' title='bbox 1055 2211 1145 2238; x_wconf 79' lang='grc' dir='ltr'>ιωνίου</span> <span class='ocrx_word' id='word_1_616' title='bbox 1158 2211 1236 2238; x_wconf 79' lang='grc' dir='ltr'>τοῦτο</span> <span class='ocrx_word' id='word_1_617' title='bbox 1250 2213 1351 2247; x_wconf 78' lang='grc' dir='ltr'>ἤρξατο</span> <span class='ocrx_word' id='word_1_618' title='bbox 1366 2213 1383 2248; x_wconf 84' lang='grc' dir='ltr'><strong>ἢ</strong></span> <span class='ocrx_word' id='word_1_619' title='bbox 1399 2213 1619 2249; x_wconf 79' lang='grc' dir='ltr'>νενομοθέτηται,</span> <span class='ocrx_word' id='word_1_620' title='bbox 1638 2213 1675 2244; x_wconf 83' lang='grc' dir='ltr'>ὥς</span> <span class='ocrx_word' id='word_1_621' title='bbox 1696 2213 1770 2244; x_wconf 81' lang='grc' dir='ltr'>τινές</span> <span class='ocrx_word' id='word_1_622' title='bbox 1787 2221 1836 2246; x_wconf 78' lang='grc' dir='ltr'><strong>φα-</strong></span> 
     </span>
    </p>
   </div>
   <div class='ocr_carea' id='block_1_92' title="bbox 215 2251 995 2288">
    <p class='ocr_par' dir='ltr' id='par_1_92' title="bbox 215 2251 995 2288">
     <span class='ocr_line' id='line_1_92' title="bbox 215 2251 995 2288; baseline 0 -8"><span class='ocrx_word' id='word_1_623' title='bbox 215 2255 243 2280; x_wconf 85' lang='lat' dir='ltr'><strong>et</strong></span> <span class='ocrx_word' id='word_1_624' title='bbox 252 2251 290 2280; x_wconf 81' lang='lat' dir='ltr'><strong>illi</strong></span> <span class='ocrx_word' id='word_1_625' title='bbox 304 2251 454 2280; x_wconf 86' lang='lat' dir='ltr'><strong>monastice</strong></span> <span class='ocrx_word' id='word_1_626' title='bbox 467 2252 593 2280; x_wconf 81' lang='lat' dir='ltr'><strong>vivebant</strong></span> <span class='ocrx_word' id='word_1_627' title='bbox 605 2254 631 2280; x_wconf 92' lang='lat' dir='ltr'><strong>in</strong></span> <span class='ocrx_word' id='word_1_628' title='bbox 649 2253 829 2287; x_wconf 87' lang='lat' dir='ltr'><strong>continentia,</strong></span> <span class='ocrx_word' id='word_1_629' title='bbox 841 2253 867 2280; x_wconf 91' lang='lat' dir='ltr'><strong>in</strong></span> <span class='ocrx_word' id='word_1_630' title='bbox 879 2261 995 2288; x_wconf 79' lang='lat' dir='ltr'><strong>pauper-</strong></span> 
     </span>
    </p>
   </div>
   <div class='ocr_carea' id='block_1_93' title="bbox 215 2297 997 2331">
    <p class='ocr_par' dir='ltr' id='par_1_93' title="bbox 215 2297 997 2331">
     <span class='ocr_line' id='line_1_93' title="bbox 215 2297 997 2331; baseline -0.001 -5"><span class='ocrx_word' id='word_1_631' title='bbox 215 2301 282 2330; x_wconf 75' lang='lat' dir='ltr'><strong>tate,</strong></span> <span class='ocrx_word' id='word_1_632' title='bbox 295 2298 322 2325; x_wconf 90' lang='lat' dir='ltr'><strong>In</strong></span> <span class='ocrx_word' id='word_1_633' title='bbox 335 2297 416 2331; x_wconf 83' lang='lat' dir='ltr'><strong>cibis,</strong></span> <span class='ocrx_word' id='word_1_634' title='bbox 431 2298 459 2325; x_wconf 93' lang='lat' dir='ltr'><strong>in</strong></span> <span class='ocrx_word' id='word_1_635' title='bbox 477 2298 607 2330; x_wconf 83' lang='lat' dir='ltr'><strong>vestibus,</strong></span> <span class='ocrx_word' id='word_1_636' title='bbox 621 2299 649 2325; x_wconf 91' lang='lat' dir='ltr'><strong>in</strong></span> <span class='ocrx_word' id='word_1_637' title='bbox 664 2298 834 2325; x_wconf 89' lang='lat' dir='ltr'><strong>orationibus</strong></span> <span class='ocrx_word' id='word_1_638' title='bbox 848 2306 856 2331; x_wconf 90' lang='lat'><strong>;</strong></span> <span class='ocrx_word' id='word_1_639' title='bbox 888 2303 915 2325; x_wconf 87' lang='lat' dir='ltr'><strong>et</strong></span> <span class='ocrx_word' id='word_1_640' title='bbox 927 2299 997 2325; x_wconf 85' lang='lat' dir='ltr'><strong>inter</strong></span> 
     </span>
    </p>
   </div>
   <div class='ocr_carea' id='block_1_94' title="bbox 214 2343 997 2371">
    <p class='ocr_par' dir='ltr' id='par_1_94' title="bbox 214 2343 997 2371">
     <span class='ocr_line' id='line_1_94' title="bbox 214 2343 997 2371; baseline 0.001 -2"><span class='ocrx_word' id='word_1_641' title='bbox 214 2349 388 2371; x_wconf 80' lang='lat' dir='ltr'><strong>successores</strong></span> <span class='ocrx_word' id='word_1_642' title='bbox 399 2347 477 2370; x_wconf 78' lang='lat' dir='ltr'><strong>aucta</strong></span> <span class='ocrx_word' id='word_1_643' title='bbox 491 2347 534 2371; x_wconf 86' lang='lat' dir='ltr'><strong>est</strong></span> <span class='ocrx_word' id='word_1_644' title='bbox 548 2347 575 2371; x_wconf 90' lang='lat' dir='ltr'><strong>et</strong></span> <span class='ocrx_word' id='word_1_645' title='bbox 587 2343 659 2370; x_wconf 87' lang='lat' dir='ltr'><strong>inter</strong></span> <span class='ocrx_word' id='word_1_646' title='bbox 669 2349 782 2371; x_wconf 85' lang='lat' dir='ltr'><strong>sanctos</strong></span> <span class='ocrx_word' id='word_1_647' title='bbox 795 2343 889 2371; x_wconf 85' lang='lat' dir='ltr'><strong>Patres</strong></span> <span class='ocrx_word' id='word_1_648' title='bbox 902 2343 997 2370; x_wconf 83' lang='lat' dir='ltr'><strong>miriﬁ-</strong></span> 
     </span>
    </p>
   </div>
   <div class='ocr_carea' id='block_1_95' title="bbox 213 2387 995 2423">
    <p class='ocr_par' dir='ltr' id='par_1_95' title="bbox 213 2387 995 2423">
     <span class='ocr_line' id='line_1_95' title="bbox 213 2387 995 2423; baseline 0.003 -8"><span class='ocrx_word' id='word_1_649' title='bbox 213 2394 245 2415; x_wconf 85' lang='lat' dir='ltr'><strong>ee</strong></span> <span class='ocrx_word' id='word_1_650' title='bbox 260 2387 406 2423; x_wconf 84' lang='lat' dir='ltr'><strong>splenduit.</strong></span> <span class='ocrx_word' id='word_1_651' title='bbox 422 2388 537 2422; x_wconf 84' lang='lat' dir='ltr'><strong>Quidam</strong></span> <span class='ocrx_word' id='word_1_652' title='bbox 550 2388 632 2416; x_wconf 81' lang='lat' dir='ltr'><strong>etiam</strong></span> <span class='ocrx_word' id='word_1_653' title='bbox 658 2388 755 2416; x_wconf 75' lang='lat' dir='ltr'><strong>fideles</strong></span> <span class='ocrx_word' id='word_1_654' title='bbox 792 2388 884 2417; x_wconf 61' lang='lat' dir='ltr'><strong>idiota:</strong></span> <span class='ocrx_word' id='word_1_655' title='bbox 897 2397 995 2417; x_wconf 78' lang='lat' dir='ltr'><strong>consc-</strong></span> 
     </span>
    </p>
   </div>
   <div class='ocr_carea' id='block_1_96' title="bbox 213 2432 994 2471">
    <p class='ocr_par' dir='ltr' id='par_1_96' title="bbox 213 2432 994 2471">
     <span class='ocr_line' id='line_1_96' title="bbox 213 2432 994 2471; baseline 0.003 -11"><span class='ocrx_word' id='word_1_656' title='bbox 213 2432 308 2460; x_wconf 73' lang='lat' dir='ltr'><strong>crandi</strong></span> <span class='ocrx_word' id='word_1_657' title='bbox 320 2433 485 2461; x_wconf 76' lang='lat' dir='ltr'><strong>accedebam</strong></span> <span class='ocrx_word' id='word_1_658' title='bbox 499 2434 563 2461; x_wconf 86' lang='lat' dir='ltr'><strong>huic</strong></span> <span class='ocrx_word' id='word_1_659' title='bbox 574 2434 635 2461; x_wconf 55' lang='lat' dir='ltr'><strong>vitae</strong></span> <span class='ocrx_word' id='word_1_660' title='bbox 650 2438 772 2468; x_wconf 89' lang='lat' dir='ltr'><strong>tempore</strong></span> <span class='ocrx_word' id='word_1_661' title='bbox 784 2433 840 2469; x_wconf 87' lang='lat' dir='ltr'><strong>jam</strong></span> <span class='ocrx_word' id='word_1_662' title='bbox 855 2435 994 2471; x_wconf 85' lang='lat' dir='ltr'><strong>apostolo-</strong></span> 
     </span>
    </p>
   </div>
   <div class='ocr_carea' id='block_1_97' title="bbox 213 2478 994 2507">
    <p class='ocr_par' dir='ltr' id='par_1_97' title="bbox 213 2478 994 2507">
     <span class='ocr_line' id='line_1_97' title="bbox 213 2478 994 2507; baseline 0.005 -4"><span class='ocrx_word' id='word_1_663' title='bbox 213 2483 274 2504; x_wconf 83' lang='lat' dir='ltr'><strong>rum</strong></span> <span class='ocrx_word' id='word_1_664' title='bbox 302 2485 310 2504; x_wconf 87' lang='lat'><strong>:</strong></span> <span class='ocrx_word' id='word_1_665' title='bbox 336 2481 364 2505; x_wconf 82' lang='lat' dir='ltr'><strong>et</strong></span> <span class='ocrx_word' id='word_1_666' title='bbox 408 2478 459 2506; x_wconf 85' lang='lat' dir='ltr'><strong>boc</strong></span> <span class='ocrx_word' id='word_1_667' title='bbox 506 2479 680 2507; x_wconf 75' lang='lat' dir='ltr'><strong>manifestum</strong></span> <span class='ocrx_word' id='word_1_668' title='bbox 710 2484 754 2507; x_wconf 85' lang='lat' dir='ltr'><strong>est</strong></span> <span class='ocrx_word' id='word_1_669' title='bbox 786 2480 813 2506; x_wconf 90' lang='lat' dir='ltr'><strong>in</strong></span> <span class='ocrx_word' id='word_1_670' title='bbox 858 2481 994 2507; x_wconf 84' lang='lat' dir='ltr'><strong>monacho</strong></span> 
     </span>
    </p>
   </div>
   <div class='ocr_carea' id='block_1_98' title="bbox 213 2521 996 2559">
    <p class='ocr_par' dir='ltr' id='par_1_98' title="bbox 213 2521 996 2559">
     <span class='ocr_line' id='line_1_98' title="bbox 213 2521 996 2559; baseline 0.005 -10"><span class='ocrx_word' id='word_1_671' title='bbox 213 2521 371 2557; x_wconf 80' lang='lat' dir='ltr'><strong>Demophilo</strong></span> <span class='ocrx_word' id='word_1_672' title='bbox 385 2531 465 2558; x_wconf 88' lang='lat' dir='ltr'><strong>quem</strong></span> <span class='ocrx_word' id='word_1_673' title='bbox 476 2524 624 2559; x_wconf 87' lang='lat' dir='ltr'><strong>Dionysius</strong></span> <span class='ocrx_word' id='word_1_674' title='bbox 636 2528 715 2552; x_wconf 83' lang='lat' dir='ltr'><strong>vocat</strong></span> <span class='ocrx_word' id='word_1_675' title='bbox 745 2524 793 2553; x_wconf 87' lang='lat' dir='ltr'><strong>Dei</strong></span> <span class='ocrx_word' id='word_1_676' title='bbox 805 2524 936 2553; x_wconf 79' lang='lat' dir='ltr'><strong>famulum</strong></span> <span class='ocrx_word' id='word_1_677' title='bbox 953 2526 996 2553; x_wconf 84' lang='lat' dir='ltr'><strong>vel</strong></span> 
     </span>
    </p>
   </div>
   <div class='ocr_carea' id='block_1_99' title="bbox 212 2568 995 2607">
    <p class='ocr_par' dir='ltr' id='par_1_99' title="bbox 212 2568 995 2607">
     <span class='ocr_line' id='line_1_99' title="bbox 212 2568 995 2607; baseline 0.006 -13"><span class='ocrx_word' id='word_1_678' title='bbox 212 2568 388 2601; x_wconf 78' lang='lat' dir='ltr'><strong>monachum,</strong></span> <span class='ocrx_word' id='word_1_679' title='bbox 399 2568 482 2596; x_wconf 86' lang='lat' dir='ltr'><strong>Deum</strong></span> <span class='ocrx_word' id='word_1_680' title='bbox 494 2570 629 2598; x_wconf 85' lang='lat' dir='ltr'><strong>colentem</strong></span> <span class='ocrx_word' id='word_1_681' title='bbox 647 2579 654 2599; x_wconf 90' lang='lat'><strong>:</strong></span> <span class='ocrx_word' id='word_1_682' title='bbox 667 2575 695 2599; x_wconf 88' lang='lat' dir='ltr'><strong>et</strong></span> <span class='ocrx_word' id='word_1_683' title='bbox 711 2571 870 2607; x_wconf 79' lang='lat' dir='ltr'><strong>mysterium</strong></span> <span class='ocrx_word' id='word_1_684' title='bbox 885 2572 995 2606; x_wconf 81' lang='lat' dir='ltr'><strong>exponit</strong></span> 
     </span>
    </p>
   </div>
   <div class='ocr_carea' id='block_1_100' title="bbox 212 2613 996 2651">
    <p class='ocr_par' dir='ltr' id='par_1_100' title="bbox 212 2613 996 2651">
     <span class='ocr_line' id='line_1_100' title="bbox 212 2613 996 2651; baseline 0.005 -12"><span class='ocrx_word' id='word_1_685' title='bbox 212 2613 369 2641; x_wconf 71' lang='lat' dir='ltr'><strong>monasticae</strong></span> <span class='ocrx_word' id='word_1_686' title='bbox 383 2613 570 2648; x_wconf 76' lang='lat' dir='ltr'><strong>perfectionis,</strong></span> <span class='ocrx_word' id='word_1_687' title='bbox 586 2622 668 2650; x_wconf 88' lang='lat' dir='ltr'><strong>quam</strong></span> <span class='ocrx_word' id='word_1_688' title='bbox 686 2621 779 2651; x_wconf 86' lang='lat' dir='ltr'><strong>aperte</strong></span> <span class='ocrx_word' id='word_1_689' title='bbox 795 2617 872 2651; x_wconf 89' lang='lat' dir='ltr'><strong>ponit</strong></span> <span class='ocrx_word' id='word_1_690' title='bbox 888 2621 996 2651; x_wconf 86' lang='lat' dir='ltr'><strong>postre-</strong></span> 
     </span>
    </p>
   </div>
   <div class='ocr_carea' id='block_1_101' title="bbox 211 2658 994 2694">
    <p class='ocr_par' dir='ltr' id='par_1_101' title="bbox 211 2658 994 2694">
     <span class='ocr_line' id='line_1_101' title="bbox 211 2658 994 2694; baseline 0.006 -10"><span class='ocrx_word' id='word_1_691' title='bbox 211 2663 257 2684; x_wconf 80' lang='lat' dir='ltr'><strong>mo</strong></span> <span class='ocrx_word' id='word_1_692' title='bbox 269 2658 366 2685; x_wconf 86' lang='lat' dir='ltr'><strong>ordine</strong></span> <span class='ocrx_word' id='word_1_693' title='bbox 390 2665 485 2686; x_wconf 86' lang='lat' dir='ltr'><strong>eorum</strong></span> <span class='ocrx_word' id='word_1_694' title='bbox 500 2660 547 2694; x_wconf 89' lang='lat' dir='ltr'><strong>qui</strong></span> <span class='ocrx_word' id='word_1_695' title='bbox 562 2667 591 2688; x_wconf 87' lang='lat' dir='ltr'><strong>se</strong></span> <span class='ocrx_word' id='word_1_696' title='bbox 604 2659 659 2688; x_wconf 85' lang='lat' dir='ltr'><strong>Deo</strong></span> <span class='ocrx_word' id='word_1_697' title='bbox 673 2661 786 2689; x_wconf 85' lang='lat' dir='ltr'><strong>colendo</strong></span> <span class='ocrx_word' id='word_1_698' title='bbox 801 2661 946 2689; x_wconf 83' lang='lat' dir='ltr'><strong>devovent.</strong></span> <span class='ocrx_word' id='word_1_699' title='bbox 961 2662 994 2689; x_wconf 92' lang='lat' dir='ltr'><strong>Il-</strong></span> 
     </span>
    </p>
   </div>
   <div class='ocr_carea' id='block_1_102' title="bbox 211 2701 996 2741">
    <p class='ocr_par' dir='ltr' id='par_1_102' title="bbox 211 2701 996 2741">
     <span class='ocr_line' id='line_1_102' title="bbox 211 2701 996 2741; baseline 0.008 -12"><span class='ocrx_word' id='word_1_700' title='bbox 211 2701 257 2729; x_wconf 74' lang='grc' dir='ltr'><strong>Ιοά</strong></span> <span class='ocrx_word' id='word_1_701' title='bbox 271 2707 299 2730; x_wconf 89' lang='lat' dir='ltr'><strong>et</strong></span> <span class='ocrx_word' id='word_1_702' title='bbox 311 2703 450 2738; x_wconf 75' lang='lat' dir='ltr'><strong>prophetae</strong></span> <span class='ocrx_word' id='word_1_703' title='bbox 478 2704 689 2741; x_wconf 66' lang='lat' dir='ltr'><strong>praﬂgurabant</strong></span> <span class='ocrx_word' id='word_1_704' title='bbox 700 2706 771 2734; x_wconf 89' lang='lat' dir='ltr'><strong>sicut</strong></span> <span class='ocrx_word' id='word_1_705' title='bbox 786 2712 813 2734; x_wconf 92' lang='lat' dir='ltr'><strong>et</strong></span> <span class='ocrx_word' id='word_1_706' title='bbox 825 2712 921 2734; x_wconf 85' lang='lat' dir='ltr'><strong>caetera</strong></span> <span class='ocrx_word' id='word_1_707' title='bbox 935 2708 996 2735; x_wconf 67' lang='lat' dir='ltr'><strong>vitae</strong></span> 
     </span>
    </p>
   </div>
   <div class='ocr_carea' id='block_1_103' title="bbox 210 2747 994 2785">
    <p class='ocr_par' dir='ltr' id='par_1_103' title="bbox 210 2747 994 2785">
     <span class='ocr_line' id='line_1_103' title="bbox 210 2747 994 2785; baseline 0.009 -11"><span class='ocrx_word' id='word_1_708' title='bbox 210 2747 377 2781; x_wconf 86' lang='lat' dir='ltr'><strong>Salvatoris;</strong></span> <span class='ocrx_word' id='word_1_709' title='bbox 394 2756 502 2776; x_wconf 86' lang='lat' dir='ltr'><strong>crucem</strong></span> <span class='ocrx_word' id='word_1_710' title='bbox 521 2755 546 2777; x_wconf 89' lang='lat' dir='ltr'><strong>et</strong></span> <span class='ocrx_word' id='word_1_711' title='bbox 565 2750 733 2785; x_wconf 83' lang='lat' dir='ltr'><strong>passionem,</strong></span> <span class='ocrx_word' id='word_1_712' title='bbox 765 2754 994 2781; x_wconf 86' lang='lat' dir='ltr'><strong>resurrectionem</strong></span> 
     </span>
    </p>
   </div>
   <div class='ocr_carea' id='block_1_104' title="bbox 211 2793 994 2830">
    <p class='ocr_par' dir='ltr' id='par_1_104' title="bbox 211 2793 994 2830">
     <span class='ocr_line' id='line_1_104' title="bbox 211 2793 994 2830; baseline 0.01 -13"><span class='ocrx_word' id='word_1_713' title='bbox 211 2795 238 2818; x_wconf 85' lang='lat' dir='ltr'><strong>et</strong></span> <span class='ocrx_word' id='word_1_714' title='bbox 249 2793 449 2826; x_wconf 75' lang='lat' dir='ltr'><strong>ascensionem,</strong></span> <span class='ocrx_word' id='word_1_715' title='bbox 461 2794 627 2822; x_wconf 81' lang='lat' dir='ltr'><strong>nativitatem</strong></span> <span class='ocrx_word' id='word_1_716' title='bbox 642 2795 702 2830; x_wconf 84' lang='lat' dir='ltr'><strong>ejus</strong></span> <span class='ocrx_word' id='word_1_717' title='bbox 711 2796 769 2824; x_wconf 84' lang='lat' dir='ltr'><strong>sine</strong></span> <span class='ocrx_word' id='word_1_718' title='bbox 779 2797 886 2825; x_wconf 86' lang='lat' dir='ltr'><strong>semine</strong></span> <span class='ocrx_word' id='word_1_719' title='bbox 898 2798 994 2825; x_wconf 87' lang='lat' dir='ltr'><strong>buma-</strong></span> 
     </span>
    </p>
   </div>
   <div class='ocr_carea' id='block_1_105' title="bbox 213 2836 995 2878">
    <p class='ocr_par' dir='ltr' id='par_1_105' title="bbox 213 2836 995 2878">
     <span class='ocr_line' id='line_1_105' title="bbox 213 2836 995 2878; baseline 0.013 -16"><span class='ocrx_word' id='word_1_720' title='bbox 213 2842 260 2870; x_wconf 87' lang='lat' dir='ltr'><strong>no,</strong></span> <span class='ocrx_word' id='word_1_721' title='bbox 275 2836 479 2867; x_wconf 77' lang='lat' dir='ltr'><strong>sanctissimum</strong></span> <span class='ocrx_word' id='word_1_722' title='bbox 490 2839 550 2874; x_wconf 82' lang='lat' dir='ltr'><strong>ejus</strong></span> <span class='ocrx_word' id='word_1_723' title='bbox 570 2839 703 2874; x_wconf 75' lang='lat' dir='ltr'><strong>baptisma</strong></span> <span class='ocrx_word' id='word_1_724' title='bbox 727 2845 756 2870; x_wconf 85' lang='lat' dir='ltr'><strong>et</strong></span> <span class='ocrx_word' id='word_1_725' title='bbox 785 2845 906 2870; x_wconf 84' lang='lat' dir='ltr'><strong>sanctam</strong></span> <span class='ocrx_word' id='word_1_726' title='bbox 935 2843 995 2878; x_wconf 82' lang='lat' dir='ltr'><strong>ejus</strong></span> 
     </span>
    </p>
   </div>
   <div class='ocr_carea' id='block_1_106' title="bbox 1050 2257 1835 2293">
    <p class='ocr_par' dir='ltr' id='par_1_106' title="bbox 1050 2257 1835 2293">
     <span class='ocr_line' id='line_1_106' title="bbox 1050 2257 1835 2293; baseline 0.001 -10"><span class='ocrx_word' id='word_1_727' title='bbox 1050 2265 1104 2289; x_wconf 86' lang='grc' dir='ltr'>σιν,</span> <span class='ocrx_word' id='word_1_728' title='bbox 1120 2257 1177 2283; x_wconf 80' lang='grc' dir='ltr'>ἀλλ’</span> <span class='ocrx_word' id='word_1_729' title='bbox 1192 2257 1240 2283; x_wconf 82' lang='grc' dir='ltr'><strong>ἀπ’</strong></span> <span class='ocrx_word' id='word_1_730' title='bbox 1253 2258 1338 2284; x_wconf 79' lang='grc' dir='ltr'>αὐτοῦ</span> <span class='ocrx_word' id='word_1_731' title='bbox 1351 2258 1399 2284; x_wconf 84' lang='grc' dir='ltr'><strong>τοῦ</strong></span> <span class='ocrx_word' id='word_1_732' title='bbox 1423 2259 1548 2293; x_wconf 76' lang='grc' dir='ltr'>Σωτῆρος</span> <span class='ocrx_word' id='word_1_733' title='bbox 1568 2259 1614 2284; x_wconf 84' lang='grc' dir='ltr'><strong>καὶ</strong></span> <span class='ocrx_word' id='word_1_734' title='bbox 1628 2259 1668 2290; x_wconf 86' lang='grc' dir='ltr'><strong>εἰς</strong></span> <span class='ocrx_word' id='word_1_735' title='bbox 1688 2258 1752 2289; x_wconf 79' lang='grc' dir='ltr'>τοὺς</span> <span class='ocrx_word' id='word_1_736' title='bbox 1768 2259 1835 2285; x_wconf 79' lang='grc' dir='ltr'><strong>ἀπο-</strong></span> 
     </span>
    </p>
   </div>
   <div class='ocr_carea' id='block_1_107' title="bbox 1049 2303 1836 2338">
    <p class='ocr_par' dir='ltr' id='par_1_107' title="bbox 1049 2303 1836 2338">
     <span class='ocr_line' id='line_1_107' title="bbox 1049 2303 1836 2338; baseline 0 -9"><span class='ocrx_word' id='word_1_737' title='bbox 1049 2303 1161 2334; x_wconf 84' lang='grc' dir='ltr'>στόλους</span> <span class='ocrx_word' id='word_1_738' title='bbox 1178 2303 1264 2334; x_wconf 82' lang='grc' dir='ltr'>ἑλθὸν,</span> <span class='ocrx_word' id='word_1_739' title='bbox 1276 2304 1336 2329; x_wconf 77' lang='grc' dir='ltr'><strong>ἐπεὶ</strong></span> <span class='ocrx_word' id='word_1_740' title='bbox 1360 2305 1480 2331; x_wconf 76' lang='grc' dir='ltr'>κάκεῖνοι</span> <span class='ocrx_word' id='word_1_741' title='bbox 1508 2304 1661 2338; x_wconf 79' lang='grc' dir='ltr'>μοναδικῶς</span> <span class='ocrx_word' id='word_1_742' title='bbox 1682 2304 1752 2335; x_wconf 75' lang='grc' dir='ltr'><strong>ἔζων</strong></span> <span class='ocrx_word' id='word_1_743' title='bbox 1765 2305 1795 2329; x_wconf 70' lang='grc' dir='ltr'>ἓν</span> <span class='ocrx_word' id='word_1_744' title='bbox 1808 2312 1836 2329; x_wconf 71' lang='grc' dir='ltr'><strong>τε</strong></span> 
     </span>
    </p>
   </div>
   <div class='ocr_carea' id='block_1_108' title="bbox 1048 2348 1835 2384">
    <p class='ocr_par' dir='ltr' id='par_1_108' title="bbox 1048 2348 1835 2384">
     <span class='ocr_line' id='line_1_108' title="bbox 1048 2348 1835 2384; baseline 0 -10"><span class='ocrx_word' id='word_1_745' title='bbox 1048 2348 1145 2382; x_wconf 74' lang='grc' dir='ltr'>ἁγνείᾳ</span> <span class='ocrx_word' id='word_1_746' title='bbox 1167 2350 1214 2374; x_wconf 71' lang='grc' dir='ltr'>καὶ</span> <span class='ocrx_word' id='word_1_747' title='bbox 1229 2350 1343 2383; x_wconf 75' lang='grc' dir='ltr'>τροφαῖς</span> <span class='ocrx_word' id='word_1_748' title='bbox 1365 2349 1412 2375; x_wconf 73' lang='grc' dir='ltr'>καὶ</span> <span class='ocrx_word' id='word_1_749' title='bbox 1435 2349 1566 2384; x_wconf 75' lang='grc' dir='ltr'><strong>ἐνδύμασι</strong></span> <span class='ocrx_word' id='word_1_750' title='bbox 1584 2350 1631 2376; x_wconf 75' lang='grc' dir='ltr'>καὶ</span> <span class='ocrx_word' id='word_1_751' title='bbox 1646 2349 1766 2384; x_wconf 80' lang='grc' dir='ltr'>ἀκτησίᾳ</span> <span class='ocrx_word' id='word_1_752' title='bbox 1791 2349 1835 2375; x_wconf 75' lang='grc' dir='ltr'>καὶ</span> 
     </span>
    </p>
   </div>
   <div class='ocr_carea' id='block_1_109' title="bbox 1048 2394 1835 2430">
    <p class='ocr_par' dir='ltr' id='par_1_109' title="bbox 1048 2394 1835 2430">
     <span class='ocr_line' id='line_1_109' title="bbox 1048 2394 1835 2430; baseline 0.001 -12"><span class='ocrx_word' id='word_1_753' title='bbox 1048 2394 1221 2427; x_wconf 78' lang='grc' dir='ltr'>προσευχαῖς,</span> <span class='ocrx_word' id='word_1_754' title='bbox 1235 2395 1280 2420; x_wconf 67' lang='grc' dir='ltr'>καὶ</span> <span class='ocrx_word' id='word_1_755' title='bbox 1305 2395 1343 2426; x_wconf 81' lang='grc' dir='ltr'><strong>εις</strong></span> <span class='ocrx_word' id='word_1_756' title='bbox 1360 2394 1422 2426; x_wconf 76' lang='grc' dir='ltr'>τοὺς</span> <span class='ocrx_word' id='word_1_757' title='bbox 1436 2394 1502 2429; x_wconf 82' lang='grc' dir='ltr'>μετ’</span> <span class='ocrx_word' id='word_1_758' title='bbox 1514 2395 1635 2425; x_wconf 75' lang='grc' dir='ltr'>ἐκείνους</span> <span class='ocrx_word' id='word_1_759' title='bbox 1658 2394 1774 2430; x_wconf 71' lang='grc' dir='ltr'>ηὐξήθη,</span> <span class='ocrx_word' id='word_1_760' title='bbox 1791 2395 1835 2420; x_wconf 72' lang='grc' dir='ltr'>καὶ</span> 
     </span>
    </p>
   </div>
   <div class='ocr_carea' id='block_1_110' title="bbox 1047 2438 1834 2474">
    <p class='ocr_par' dir='ltr' id='par_1_110' title="bbox 1047 2438 1834 2474">
     <span class='ocr_line' id='line_1_110' title="bbox 1047 2438 1834 2474; baseline 0.004 -11"><span class='ocrx_word' id='word_1_761' title='bbox 1047 2438 1086 2469; x_wconf 76' lang='grc' dir='ltr'>εἰς</span> <span class='ocrx_word' id='word_1_762' title='bbox 1101 2439 1163 2469; x_wconf 80' lang='grc' dir='ltr'>τοὺς</span> <span class='ocrx_word' id='word_1_763' title='bbox 1177 2439 1266 2470; x_wconf 75' lang='grc' dir='ltr'>ὁσίους</span> <span class='ocrx_word' id='word_1_764' title='bbox 1280 2440 1402 2474; x_wconf 82' lang='grc' dir='ltr'>Πατέρα;</span> <span class='ocrx_word' id='word_1_765' title='bbox 1416 2440 1562 2474; x_wconf 78' lang='grc' dir='ltr'>ἐξέλαμψε.</span> <span class='ocrx_word' id='word_1_766' title='bbox 1579 2440 1634 2466; x_wconf 80' lang='grc' dir='ltr'><strong>Καὶ</strong></span> <span class='ocrx_word' id='word_1_767' title='bbox 1650 2440 1795 2474; x_wconf 75' lang='grc' dir='ltr'>ίερωμένοι</span> <span class='ocrx_word' id='word_1_768' title='bbox 1807 2440 1834 2465; x_wconf 79' lang='grc' dir='ltr'><strong>δὲ</strong></span> 
     </span>
    </p>
   </div>
   <div class='ocr_carea' id='block_1_111' title="bbox 1048 2479 1833 2520">
    <p class='ocr_par' dir='ltr' id='par_1_111' title="bbox 1048 2479 1833 2520">
     <span class='ocr_line' id='line_1_111' title="bbox 1048 2479 1833 2520; baseline 0.001 -11"><span class='ocrx_word' id='word_1_769' title='bbox 1048 2484 1216 2518; x_wconf 82' lang='grc' dir='ltr'>μετήρχοντο</span> <span class='ocrx_word' id='word_1_770' title='bbox 1233 2484 1311 2511; x_wconf 86' lang='grc' dir='ltr'>τοῦτο</span> <span class='ocrx_word' id='word_1_771' title='bbox 1321 2479 1371 2511; x_wconf 71' lang='grc' dir='ltr'>καῖ</span> <span class='ocrx_word' id='word_1_772' title='bbox 1384 2485 1488 2512; x_wconf 72' lang='grc' dir='ltr'>ἰδιῶταί</span> <span class='ocrx_word' id='word_1_773' title='bbox 1499 2494 1572 2517; x_wconf 84' lang='grc' dir='ltr'>τινες</span> <span class='ocrx_word' id='word_1_774' title='bbox 1586 2486 1614 2511; x_wconf 84' lang='grc' dir='ltr'>ὲν</span> <span class='ocrx_word' id='word_1_775' title='bbox 1630 2485 1668 2520; x_wconf 81' lang='grc' dir='ltr'>τῷ</span> <span class='ocrx_word' id='word_1_776' title='bbox 1681 2485 1771 2520; x_wconf 81' lang='grc' dir='ltr'>καιρῷ</span> <span class='ocrx_word' id='word_1_777' title='bbox 1783 2486 1833 2511; x_wconf 80' lang='grc' dir='ltr'>τῶν</span> 
     </span>
    </p>
   </div>
   <div class='ocr_carea' id='block_1_112' title="bbox 1047 2529 1832 2570">
    <p class='ocr_par' dir='ltr' id='par_1_112' title="bbox 1047 2529 1832 2570">
     <span class='ocr_line' id='line_1_112' title="bbox 1047 2529 1832 2570; baseline 0.001 -14"><span class='ocrx_word' id='word_1_778' title='bbox 1047 2529 1215 2557; x_wconf 78' lang='grc' dir='ltr'>ἀποστόλων.</span> <span class='ocrx_word' id='word_1_779' title='bbox 1232 2530 1286 2556; x_wconf 76' lang='grc' dir='ltr'><strong>Καὶ</strong></span> <span class='ocrx_word' id='word_1_780' title='bbox 1304 2531 1383 2565; x_wconf 76' lang='grc' dir='ltr'>δῆλον</span> <span class='ocrx_word' id='word_1_781' title='bbox 1402 2531 1456 2557; x_wconf 81' lang='grc' dir='ltr'><strong>ἀπὸ</strong></span> <span class='ocrx_word' id='word_1_782' title='bbox 1485 2530 1604 2566; x_wconf 88' lang='grc' dir='ltr'>μοναχοῦ</span> <span class='ocrx_word' id='word_1_783' title='bbox 1626 2532 1792 2570; x_wconf 58' lang='grc' dir='ltr'>Δημθφίλου,</span> <span class='ocrx_word' id='word_1_784' title='bbox 1806 2532 1832 2557; x_wconf 76' lang='grc' dir='ltr'>ὃν</span> 
     </span>
    </p>
   </div>
   <div class='ocr_carea' id='block_1_113' title="bbox 1048 2574 1831 2613">
    <p class='ocr_par' dir='ltr' id='par_1_113' title="bbox 1048 2574 1831 2613">
     <span class='ocr_line' id='line_1_113' title="bbox 1048 2574 1831 2613; baseline 0.005 -13"><span class='ocrx_word' id='word_1_785' title='bbox 1048 2574 1219 2610; x_wconf 82' lang='grc' dir='ltr'>θεραπευτὴν</span> <span class='ocrx_word' id='word_1_786' title='bbox 1230 2576 1288 2610; x_wconf 76' lang='grc' dir='ltr'>ἦτοι</span> <span class='ocrx_word' id='word_1_787' title='bbox 1301 2577 1427 2611; x_wconf 77' lang='grc' dir='ltr'>μοναχὸν,</span> <span class='ocrx_word' id='word_1_788' title='bbox 1441 2576 1508 2603; x_wconf 79' lang='grc' dir='ltr'>Θεὸν</span> <span class='ocrx_word' id='word_1_789' title='bbox 1520 2577 1719 2611; x_wconf 79' lang='grc' dir='ltr'>θεραπεύοντα,</span> <span class='ocrx_word' id='word_1_790' title='bbox 1733 2578 1750 2613; x_wconf 75' lang='grc' dir='ltr'><strong><em>ἢ</em></strong></span> <span class='ocrx_word' id='word_1_791' title='bbox 1767 2578 1831 2604; x_wconf 81' lang='grc' dir='ltr'>Θεοῦ</span> 
     </span>
    </p>
   </div>
   <div class='ocr_carea' id='block_1_114' title="bbox 1048 2619 1828 2658">
    <p class='ocr_par' dir='ltr' id='par_1_114' title="bbox 1048 2619 1828 2658">
     <span class='ocr_line' id='line_1_114' title="bbox 1048 2619 1828 2658; baseline 0.006 -13"><span class='ocrx_word' id='word_1_792' title='bbox 1048 2619 1202 2654; x_wconf 76' lang='grc' dir='ltr'>θεράποντα</span> <span class='ocrx_word' id='word_1_793' title='bbox 1217 2621 1295 2647; x_wconf 81' lang='grc' dir='ltr'>καλεῖ</span> <span class='ocrx_word' id='word_1_794' title='bbox 1306 2621 1453 2653; x_wconf 75' lang='grc' dir='ltr'>Διονύσιος.</span> <span class='ocrx_word' id='word_1_795' title='bbox 1466 2622 1520 2648; x_wconf 77' lang='grc' dir='ltr'><strong>Καὶ</strong></span> <span class='ocrx_word' id='word_1_796' title='bbox 1536 2624 1686 2658; x_wconf 77' lang='grc' dir='ltr'>μυστήριον</span> <span class='ocrx_word' id='word_1_797' title='bbox 1710 2623 1828 2658; x_wconf 66' lang='grc' dir='ltr'>ἐκτίθησι</span> 
     </span>
    </p>
   </div>
   <div class='ocr_carea' id='block_1_115' title="bbox 1049 2667 1828 2704">
    <p class='ocr_par' dir='ltr' id='par_1_115' title="bbox 1049 2667 1828 2704">
     <span class='ocr_line' id='line_1_115' title="bbox 1049 2667 1828 2704; baseline 0.006 -13"><span class='ocrx_word' id='word_1_798' title='bbox 1049 2667 1198 2701; x_wconf 80' lang='grc' dir='ltr'>μοναχικῆς</span> <span class='ocrx_word' id='word_1_799' title='bbox 1226 2667 1403 2700; x_wconf 77' lang='grc' dir='ltr'>τελειώσεως,</span> <span class='ocrx_word' id='word_1_800' title='bbox 1433 2670 1481 2695; x_wconf 74' lang='grc' dir='ltr'>καὶ</span> <span class='ocrx_word' id='word_1_801' title='bbox 1496 2668 1548 2704; x_wconf 78' lang='grc' dir='ltr'><strong>τὴν</strong></span> <span class='ocrx_word' id='word_1_802' title='bbox 1569 2669 1648 2702; x_wconf 78' lang='grc' dir='ltr'>τάξιν</span> <span class='ocrx_word' id='word_1_803' title='bbox 1671 2670 1779 2703; x_wconf 73' lang='grc' dir='ltr'>τούτου,</span> <span class='ocrx_word' id='word_1_804' title='bbox 1793 2670 1828 2696; x_wconf 75' lang='grc' dir='ltr'>ὅτι</span> 
     </span>
    </p>
   </div>
   <div class='ocr_carea' id='block_1_116' title="bbox 1047 2710 1827 2750">
    <p class='ocr_par' dir='ltr' id='par_1_116' title="bbox 1047 2710 1827 2750">
     <span class='ocr_line' id='line_1_116' title="bbox 1047 2710 1827 2750; baseline 0.008 -14"><span class='ocrx_word' id='word_1_805' title='bbox 1047 2710 1128 2742; x_wconf 69' lang='grc' dir='ltr'>εὐθὺς</span> <span class='ocrx_word' id='word_1_806' title='bbox 1145 2712 1214 2746; x_wconf 77' lang='grc' dir='ltr'>μετὰ</span> <span class='ocrx_word' id='word_1_807' title='bbox 1231 2713 1292 2744; x_wconf 73' lang='grc' dir='ltr'>τοὺς</span> <span class='ocrx_word' id='word_1_808' title='bbox 1309 2713 1476 2748; x_wconf 77' lang='grc' dir='ltr'>ἱερωμένους</span> <span class='ocrx_word' id='word_1_809' title='bbox 1502 2715 1571 2741; x_wconf 58' lang='lat' dir='ltr'><strong>ﬁeri.</strong></span> <span class='ocrx_word' id='word_1_810' title='bbox 1589 2716 1793 2750; x_wconf 72' lang='grc' dir='ltr'>Προετύπωσαν</span> <span class='ocrx_word' id='word_1_811' title='bbox 1802 2716 1827 2741; x_wconf 70' lang='grc' dir='ltr'><strong>δὲ</strong></span> 
     </span>
    </p>
   </div>
   <div class='ocr_carea' id='block_1_117' title="bbox 1047 2755 1827 2794">
    <p class='ocr_par' dir='ltr' id='par_1_117' title="bbox 1047 2755 1827 2794">
     <span class='ocr_line' id='line_1_117' title="bbox 1047 2755 1827 2794; baseline 0.009 -13"><span class='ocrx_word' id='word_1_812' title='bbox 1047 2755 1127 2782; x_wconf 74' lang='grc' dir='ltr'>τοῦτο</span> <span class='ocrx_word' id='word_1_813' title='bbox 1144 2757 1189 2782; x_wconf 79' lang='grc' dir='ltr'>καὶ</span> <span class='ocrx_word' id='word_1_814' title='bbox 1205 2757 1230 2783; x_wconf 87' lang='grc' dir='ltr'><strong>οι</strong></span> <span class='ocrx_word' id='word_1_815' title='bbox 1249 2758 1397 2792; x_wconf 53' lang='grc' dir='ltr'>προῳῆται,</span> <span class='ocrx_word' id='word_1_816' title='bbox 1419 2759 1456 2790; x_wconf 76' lang='grc' dir='ltr'>ὡς</span> <span class='ocrx_word' id='word_1_817' title='bbox 1473 2759 1520 2787; x_wconf 77' lang='grc' dir='ltr'>καὶ</span> <span class='ocrx_word' id='word_1_818' title='bbox 1531 2759 1565 2786; x_wconf 81' lang='grc' dir='ltr'>τὰ</span> <span class='ocrx_word' id='word_1_819' title='bbox 1579 2761 1661 2787; x_wconf 76' lang='grc' dir='ltr'>λοιπὰ</span> <span class='ocrx_word' id='word_1_820' title='bbox 1676 2761 1724 2787; x_wconf 79' lang='grc' dir='ltr'><strong>τοῦ</strong></span> <span class='ocrx_word' id='word_1_821' title='bbox 1742 2761 1827 2794; x_wconf 75' lang='grc' dir='ltr'><strong>Σωτῆ-</strong></span> 
     </span>
    </p>
   </div>
   <div class='ocr_carea' id='block_1_118' title="bbox 1048 2803 1824 2839">
    <p class='ocr_par' dir='ltr' id='par_1_118' title="bbox 1048 2803 1824 2839">
     <span class='ocr_line' id='line_1_118' title="bbox 1048 2803 1824 2839; baseline 0.006 -13"><span class='ocrx_word' id='word_1_822' title='bbox 1048 2809 1105 2836; x_wconf 78' lang='grc' dir='ltr'>ρος,</span> <span class='ocrx_word' id='word_1_823' title='bbox 1126 2803 1172 2827; x_wconf 58' lang='grc' dir='ltr'><strong>τὸν</strong></span> <span class='ocrx_word' id='word_1_824' title='bbox 1198 2804 1314 2838; x_wconf 60' lang='grc' dir='ltr'>σταυρὸν</span> <span class='ocrx_word' id='word_1_825' title='bbox 1328 2805 1423 2839; x_wconf 55' lang='grc' dir='ltr'>καὶδτὰ</span> <span class='ocrx_word' id='word_1_826' title='bbox 1444 2805 1530 2839; x_wconf 77' lang='grc' dir='ltr'>πάθη,</span> <span class='ocrx_word' id='word_1_827' title='bbox 1545 2806 1591 2832; x_wconf 83' lang='grc' dir='ltr'>καὶ</span> <span class='ocrx_word' id='word_1_828' title='bbox 1605 2806 1655 2839; x_wconf 80' lang='grc' dir='ltr'><strong>τὴν</strong></span> <span class='ocrx_word' id='word_1_829' title='bbox 1670 2807 1824 2836; x_wconf 77' lang='grc' dir='ltr'>ἀνάστασιν,</span> 
     </span>
    </p>
   </div>
   <div class='ocr_carea' id='block_1_119' title="bbox 1048 2846 1824 2886">
    <p class='ocr_par' dir='ltr' id='par_1_119' title="bbox 1048 2846 1824 2886">
     <span class='ocr_line' id='line_1_119' title="bbox 1048 2846 1824 2886; baseline 0.006 -15"><span class='ocrx_word' id='word_1_830' title='bbox 1048 2846 1095 2871; x_wconf 74' lang='grc' dir='ltr'>καὶ</span> <span class='ocrx_word' id='word_1_831' title='bbox 1106 2846 1248 2881; x_wconf 66' lang='grc' dir='ltr'>ἀνάληψιν,</span> <span class='ocrx_word' id='word_1_832' title='bbox 1269 2847 1316 2874; x_wconf 76' lang='grc' dir='ltr'>καὶ</span> <span class='ocrx_word' id='word_1_833' title='bbox 1329 2849 1374 2875; x_wconf 62' lang='grc' dir='ltr'><strong>τὸν</strong></span> <span class='ocrx_word' id='word_1_834' title='bbox 1391 2850 1476 2884; x_wconf 75' lang='grc' dir='ltr'>χωρὶς</span> <span class='ocrx_word' id='word_1_835' title='bbox 1503 2852 1606 2886; x_wconf 73' lang='grc' dir='ltr'>σπορᾶς</span> <span class='ocrx_word' id='word_1_836' title='bbox 1619 2851 1710 2885; x_wconf 85' lang='grc' dir='ltr'>τόκον,</span> <span class='ocrx_word' id='word_1_837' title='bbox 1738 2851 1783 2878; x_wconf 74' lang='grc' dir='ltr'>καὶ</span> <span class='ocrx_word' id='word_1_838' title='bbox 1798 2852 1824 2877; x_wconf 72' lang='grc' dir='ltr'>τὸ</span> 
     </span>
    </p>
   </div>
  </div>
