1918 3042
177 102 230 134 927
324 124 337 134 ι

605 103 770 133 δΥΜΕΟΝί
777 104 796 132 S
807 102 949 132 TlIESSA
955 103 1177 134 LONICENSIS
1197 102 1372 133 ARCHIEP.

1746 105 1795 137 928

176 164 250 194 vina,
263 162 320 188 sive
333 161 388 194 jam
403 163 527 194 paratum
543 159 744 192 inveniat,sive
759 167 812 187 non
828 166 954 194 paratum

1010 161 1047 195 μὴ
1063 161 1205 196 πρόθυμον
1221 159 1358 194 διεγείρας
1376 159 1475 194 πολλὴν
1500 160 1574 195 αὖτῷ
1596 162 1726 195 προξενεῖ
1750 163 1798 197 τὴν

177 208 308 242 impellat,
328 207 437 233 multatn
466 206 504 232 illi
530 205 654 233 conferet
675 206 829 239 utilitatem,
846 211 873 234 et
899 207 958 241 ipse

176 253 388 281 communicabit
414 251 530 278 mercedi
555 251 684 286 operarii.
711 252 764 278 Nec
789 256 895 286 oportet
911 259 959 279 eos

177 304 282 326 tantum
309 298 354 331 qui
371 301 564 331 .pcccaverunt
584 298 616 323 ad
633 297 831 332 cleemosynam
856 301 884 324 ct
906 305 960 324 ca:-

177 351 232 371 tera
261 351 342 377 opera
367 343 561 369 misericordiae
578 348 604 370 et
621 343 728 375 pietatis
759 343 889 375 excitare,
912 342 959 369 sed

177 392 259 418 ctiam
279 390 389 416 fratrem
411 391 456 423 qui
474 397 526 416 non
557 389 699 422 peccavit;
718 388 776 414 ﬁeri
805 389 875 415 enim
907 395 960 414 non

176 441 265 471 potest
292 440 320 462 ιιι
346 435 407 469 quis
435 442 486 461 non
503 438 606 468 peccet.
637 434 762 460 Attamen
777 434 849 468 juSte
870 433 961 461 vivere

176 487 264 517 potest
284 483 375 512 homo,
401 488 483 514 opt-ra
507 480 620 514 justitiae
643 487 782 506 exercens.
802 479 835 506 Et
853 479 959 514 justitia

176 535 218 555 ('Sl
233 533 262 554 ut
288 528 341 555 Deo
357 533 381 554 et
397 526 472 553 fratri
487 526 636 553 secundum
662 526 733 558 quod
759 525 891 552 docemur
914 525 960 552 de-

178 575 232 601 hila
248 578 407 608 praestemus
431 572 518 599 ollicia
551 576 578 598 et
601 571 771 598 charitatem.
798 571 882 596 Amor
899 578 963 602 erga

179 621 263 646 Deum
282 620 337 646 vult
353 624 382 646 ut
397 621 519 646 vivamus
535 618 701 645 immaculati
717 622 743 645 et
760 617 960 652 irrcprehensi-

182 667 258 695 hilrs.
279 670 306 692 et
339 671 367 692 ut
397 666 484 699 ipsum
511 672 665 698 prccemur,
696 668 720 690 et
745 664 805 698 ejus
831 670 963 690 canamus

180 712 306 746 gloriam,
325 715 352 738 et
375 711 570 738 conreniamus
585 710 617 736 ad
641 710 738 743 templa
755 709 841 746 ipsius
857 714 960 737 sancta.

180 758 217 785 Ad
239 757 294 784 lucc
319 757 401 783 etiam
418 756 514 783 alierre
529 756 552 782 ei
570 756 699 783 debemus
721 755 792 788 quod
807 755 963 787 accepimus

178 803 211 829 ab
225 810 269 834 eo,
295 802 328 828 ad
345 803 403 836 ejus
420 802 533 836 gloriam
554 805 581 827 et
596 801 728 827 honorem
744 805 771 827 et
785 805 905 827 nostram
921 800 963 827 in-

179 848 344 878 nocentiam,
357 852 384 873 et
398 851 427 872 ut
438 845 592 872 sanctitatis
604 849 630 872 et
643 846 856 872 consecrationis
867 846 964 872 divina:

180 894 315 926 possimus
330 892 478 926 participes
490 898 563 918 esse.
579 892 670 917 Amori
683 895 773 917 autem
786 898 849 925 erga
865 890 963 918 fratres

177 938 354 965 includuntur
369 945 422 964 non
439 937 527 963 solum
544 936 644 963 oblivio
660 936 822 971 iujuriarum
850 944 883 964 ex
904 937 963 964 ani-

178 990 234 1013 mo,
251 983 320 1009 bona
336 982 508 1009 conversatio
525 986 552 1008 et
571 982 709 1009 vinculum
727 983 812 1016 pacis,
829 972 856 1009 et
873 984 962 1011 unitas

177 1028 410 1061 conformilasque
426 1034 582 1054 sermonum
597 1027 775 1062 laudumque,
800 1035 861 1062 qum
877 1028 962 1055 debe-

179 1081 240 1101 mus
255 1078 394 1108 praestare;
413 1074 458 1100 sed
473 1073 528 1100 haec
543 1073 669 1107 operibus
680 1078 785 1108 oportet
798 1073 960 1101 ostendere:

178 1127 269 1146 esram
288 1119 433 1146 tribuendo
450 1119 581 1146 esurienti
601 1124 629 1145 et
645 1120 746 1146 sitienti
763 1123 868 1154 potum,
884 1127 962 1154 pere-

177 1166 422 1200 grinohospitium,
439 1166 510 1192 nudo
521 1165 722 1198 vestimentum,
732 1170 758 1192 et
772 1165 880 1192 iullrmo
896 1173 961 1192 con-

179 1213 352 1242 solationem.
366 1215 393 1238 et
408 1212 433 1238 in
450 1218 560 1238 carcere
576 1210 693 1237 detentis
708 1219 802 1237 curam
818 1215 844 1237 et
861 1211 962 1237 sollici-

183 1259 315 1288 tudinem,
338 1262 366 1283 ut
381 1256 474 1283 docuit
493 1255 634 1288 Salvator;
650 1257 696 1290 qui
712 1257 755 1282 illa
773 1264 856 1290 opera
880 1264 960 1282 exer-

179 1309 272 1331 centes
287 1303 444 1330 benedictos
470 1307 558 1334 vorat,
585 1302 624 1329 eis
652 1303 677 1328 in
693 1303 746 1328 linc
760 1302 961 1336 grutilieaturus

177 1358 291 1382 regnum
305 1351 448 1376 caelorum.
467 1347 581 1375 Maxime
595 1355 659 1382 ergo
673 1349 855 1375 necessariam
866 1352 916 1379 est.
933 1352 962 1374 ut

177 1397 282 1424 dictum
305 1401 355 1427 est,
374 1395 472 1422 fratres
500 1395 598 1422 docere
615 1399 642 1421 et
661 1395 799 1422 exhortari
826 1399 854 1421 ut
877 1402 959 1429 opera

179 1443 309 1470 bonitatis
322 1446 485 1474 exerceant,
500 1442 687 1476 eleemosynas
702 1446 729 1468 et
746 1441 879 1468 sacrilicia
895 1440 955 1468 olfe-

1009 205 1155 240 ώφέλειαν,
1185 204 1233 230 καὶ
1257 204 1385 235 κοινωνὸς
1409 203 1486 230 ἔσται
1515 205 1553 240 τῷ
1570 206 1727 240 ἑνεργοῦντι
1750 207 1798 234 τοῦ

1011 251 1119 286 μισθοῦ.
1158 251 1212 277 Kal
1246 251 1298 286 χρὴ
1333 251 1363 276 οὐ
1395 251 1476 284 μόνον
1503 251 1698 286 ἡμαρτηκότας
1731 254 1802 287 προς

1010 296 1085 322 ἔλεον
1112 298 1159 323 καὶ
1189 298 1222 324 τὰ
1249 297 1332 324 λοιπὰ
1352 297 1506 333 διεγείρειν,
1525 298 1593 324 ἀλλὰ
1610 299 1657 325 καὶ
1685 299 1733 325 τὸν
1761 299 1800 334 μὴ

1011 342 1247 377 πλημμελήσαντα
1270 343 1395 377 ἀδελφὺν,
1413 343 1482 378 ὅπερ
1505 344 1579 369 ἐστιν
1604 344 1737 370 ἀδύνατον
1761 345 1802 379 μὴ

1012 387 1172 422 ἀμαρτῆσαί
1189 397 1261 416 τινα.
1275 388 1371 421 Ὅμως
1391 388 1416 414 εί
1441 388 1488 414 καὶ
1514 389 1624 420 δικαίως
1651 389 1718 423 βιῶν
1743 390 1803 416 ὲστί

1011 441 1064 464 τις,
1090 433 1136 459 καὶ
1163 433 1258 459 τούτου
1291 433 1395 463 δίκαιος
1422 434 1508 466 Errat,
1534 435 1565 460 ἐκ
1594 434 1640 461 τοῦ
1667 435 1702 461 τὰ
1729 435 1801 470 ἔργα

1013 477 1063 511 τῆς
1082 478 1258 514 δικαιοσύνης
1282 480 1379 506 ποιεῖν.
1406 480 1568 514 Δικαιοσύνη
1595 480 1622 506 δὲ
1647 481 1801 515 ἀπονέμειν

1013 522 1051 556 τῷ
1074 523 1133 558 Θεῷ
1156 524 1202 549 καὶ
1229 523 1268 557 τῷ
1283 523 1390 558 ἀδελφῷ
1413 524 1484 550 καθὰ
1498 525 1681 559 διδασκόμεθα
1701 526 1736 552 τὰ
1750 526 1803 561 τῆς

1013 569 1123 603 όφειλῆς
1155 570 1201 595 καὶ
1229 570 1350 604 ἀγάπης.
1374 565 1480 604 ’Δγάτὲη
1497 571 1525 597 δὲ
1550 573 1589 602 είς
1615 572 1681 598 Θεὸν
1707 572 1756 598 καὶ
1772 573 1804 598 τὸ

1014 615 1176 650 καθαρεύειν
1194 616 1242 649 μὲν
1256 616 1304 642 καὶ
1319 615 1520 652 προσεύχεσθαι
1541 617 1588 643 καὶ
1603 618 1735 652 ἁνυμνεῖν
1750 619 1805 645 αὺ-

1014 661 1059 686 τὶν
1086 661 1133 687 καὶ
1161 660 1322 696 δοξολογεῖν,
1348 664 1395 689 καὶ
1425 663 1604 698 προστρέχειν
1631 664 1715 690 αὐτοῦ
1743 665 1805 696 τοῖς

1015 707 1098 739 θείοις
1113 709 1195 739 ναοῖς.
1211 709 1283 743 Πρὸς
1295 707 1400 739 τούτοις
1412 708 1438 734 δὲ
1456 709 1503 734 καὶ
1516 711 1545 734 τὸ
1559 710 1707 744 προσάγειν
1724 710 1805 744 αὐτῷ

1016 753 1045 784 ἐξ
1062 750 1099 779 ὦν
1123 753 1300 788 λαμϐάνομεν
1317 754 1382 788 παρ’
1396 753 1490 786 αὐτοῦ,
1504 755 1543 785 είς
1557 755 1636 787 δόξαν
1652 755 1736 781 αὑτοῦ
1753 756 1804 782 καὶ

1015 798 1098 841 τέμὴν
1123 800 1171 826 καὶ
1184 801 1322 834 ἡμετέραν
1338 801 1480 835 κάθαρσιν,
1497 801 1543 827 καὶ
1560 801 1606 827 τοῦ
1623 801 1695 828 θείου
1720 802 1804 835 ἁγια-

1017 845 1085 878 σμοῦ
1101 846 1229 880 μετοχήν.
1245 846 1299 872 Kal
1313 847 1342 873 ὲν
1357 848 1413 878 τοῖς
1426 846 1550 881 ἀδελφοῖς
1561 847 1590 873 δὲ
1609 848 1639 874 οὐ
1658 848 1740 882 μόνον
1755 849 1803 875 διὰ

1014 890 1063 925 τῆς
1076 891 1266 926 ἀμνησικάκου
1283 892 1394 927 γνώμης
1415 893 1463 919 καὶ
1486 893 1570 928 καλῆς
1589 893 1739 925 διιθεσεως
1753 895 1802 921 καὶ

1013 936 1117 970 τρόπου
1133 936 1285 971 εἰρηνικοῦ,
1300 937 1350 963 καὶ
1367 938 1511 971 συνεργίας
1526 939 1574 973 τῆς
1592 939 1635 965 διὰ
1649 939 1736 972 λόγων
1751 941 1802 967 καὶ

1013 982 1132 1008 ἐπαίνων
1156 984 1204 1010 καὶ
1228 984 1383 1017 ἐγκωμίων,
1399 983 1548 1018 ἀπονέμειν
1564 984 1594 1010 τὸ
1608 985 1802 1020 ὀφειλόμενον,

1013 1027 1081 1054 ἀλλὰ
1097 1029 1143 1054 καὶ
1160 1028 1194 1054 δι’
1205 1029 1293 1064 ἔργων
1320 1029 1397 1055 τοῦτο
1421 1029 1567 1063 δεικνύναι,
1587 1032 1615 1057 ἐν
1630 1031 1669 1066 τῷ
1682 1032 1801 1066 τρέφειν

1013 1074 1157 1106 πεινῶντα,
1173 1074 1220 1100 καὶ
1234 1073 1352 1105 ποτίζειν
1366 1075 1494 1108 διψῶντα,
1508 1076 1553 1102 καὶ
1569 1075 1644 1108 ξένον
1656 1078 1800 1111 συνάγειν,

1012 1120 1059 1146 καὶ
1075 1120 1177 1153 γυμνὸν
1193 1120 1376 1155 περιϐάλλειν,
1390 1122 1437 1148 καὶ
1450 1122 1551 1157 ἀσθενῆ
1567 1124 1799 1157 ἐπισκέπτεσθαι,

1012 1165 1060 1192 καὶ
1079 1166 1132 1192 τῶν
1152 1166 1181 1192 ἐν
1197 1166 1303 1201 φυλακῇ
1320 1166 1503 1201 προνοεῖσθαι,
1520 1167 1558 1199 ὠς
1571 1168 1691 1200 ἐδίδαξεν
1711 1171 1725 1196 ὸ
1741 1171 1800 1196 Σω-

1011 1211 1072 1246 τὴρ,
1090 1210 1125 1237 δι’
1140 1207 1176 1237 ὧν
1190 1212 1237 1237 καὶ
1253 1211 1452 1245 εὑλογημένους
1468 1212 1547 1239 καλεῖ
1559 1214 1620 1243 τοὺς
1631 1214 1666 1240 τά
1679 1214 1798 1242 τοιαῦτα

1011 1256 1141 1291 δρῶντας,
1155 1257 1203 1283 καὶ
1215 1256 1265 1292 τὴν
1280 1256 1421 1291 βασιλείαν
1431 1257 1522 1295 αὐτοῖς
1535 1259 1687 1293 χαρίζεται.
1699 1260 1802 1295 ’Δναγ-

1011 1302 1154 1328 καιότατον
1183 1300 1240 1333 οὖν,
1257 1302 1294 1333 ὡς
1319 1302 1439 1337 εῐρηται,
1457 1293 1693 1339 ἰδ’ἀγαθοεργεῖν
1719 1293 1800 1332 3-1.5;-

1009 1347 1130 1381 δάσκειν,
1145 1349 1192 1375 καὶ
1209 1348 1395 1383 ἐλεημοσύνας
1411 1350 1457 1375 καὶ
1472 1349 1566 1382 θυσίας
1581 1351 1656 1386 ἱερὰς
1673 1352 1799 1379 ἐκτελεῖν

1010 1393 1073 1424 τοὺς
1087 1393 1228 1427 ἀδελφούς.
1252 1394 1307 1420 Καὶ
1323 1396 1379 1425 τοῖς
1398 1395 1552 1430 ἐγκλήμασι
1574 1396 1624 1431 μὲν
1646 1397 1799 1432 ὑποκειμέ-

1011 1449 1066 1471 νοις
1080 1440 1117 1472 ὡς
1135 1441 1236 1467 κανόνα
1257 1441 1338 1468 τοῦτο
1352 1441 1452 1468 διδόναι
1468 1441 1532 1476 χρὴ,
1549 1443 1614 1473 τοὺς
1634 1442 1744 1474 λοιποὺς
1767 1443 1798 1470 δὲ

161 1494 165 1499 ‘
179 1495 251 1516 rant.
269 1489 315 1516 llis
330 1488 427 1516 deinde
443 1488 490 1522 qui
506 1487 726 1514 contentionibus
748 1487 878 1521 implicati
896 1491 960 1513 sunt

1012 1486 1090 1511 τοῦτο
1109 1486 1254 1521 παραινεῖν
1269 1487 1358 1512 ποιεῖν
1383 1486 1429 1511 καὶ
1445 1486 1483 1520 μὴ
1494 1485 1672 1520 ἐνεχομένους
1694 1486 1799 1521 ἐγκλή-

179 1537 236 1563 haac
249 1536 285 1563 sit
303 1535 398 1569 agendi
416 1541 531 1566 norma;
547 1538 576 1560 ut
592 1533 689 1568 reliqui
707 1535 741 1559 ita
757 1533 895 1560 exhortari
914 1541 959 1560 sa-

179 1585 281 1615 lagaul,
298 1588 330 1606 tu:
342 1579 530 1606 contentiones
545 1579 641 1604 itcrum
655 1578 731 1609 fiant,
748 1582 858 1612 propter
871 1577 958 1604 ofﬁcia

178 1634 238 1661 quae
256 1626 310 1653 Deo
326 1626 458 1652 debentur
471 1629 497 1651 et
519 1624 625 1658 nequis
642 1625 668 1650 in
684 1631 823 1658 peccatum
840 1623 957 1650 labatur.

179 1671 231 1697 Sed
244 1675 269 1697 et
286 1678 334 1704 pro
353 1669 511 1704 parentibus
527 1673 554 1694 et
573 1668 784 1702 consanguineis
800 1673 826 1695 et
853 1667 958 1694 caeteris

177 1717 230 1751 piis
247 1721 353 1750 oportet
379 1721 473 1741 omnes
491 1713 592 1740 offerre
609 1715 743 1741 sacrilicia
762 1714 826 1745 Deo,
842 1715 914 1741 sicut
932 1717 959 1741 et

178 1761 204 1786 iu
222 1760 352 1785 honorem
365 1762 392 1784 et
402 1757 562 1784 memoriam
575 1760 742 1789 sanctorum,
757 1764 825 1791 quos
838 1757 959 1784 invenire

176 1806 313 1840 possimus
333 1803 495 1830 mediatores
512 1801 610 1829 salutis
624 1807 733 1834 nostrae,
743 1806 769 1828 et
783 1801 880 1829 deinde
895 1809 957 1829 cum
976 1823 979 1827 .

177 1853 243 1887 ipsis
259 1849 461 1878 (-mnutunicare
472 1848 584 1883 gloriam
602 1847 713 1874 Christi.
732 1848 899 1875 Pcenitentes
916 1849 957 1875 in-

176 1906 256 1933 super
272 1897 317 1932 qui
334 1896 467 1924 accedunt
485 1901 594 1922 monere
609 1897 715 1928 oportet
730 1898 757 1920 ut
782 1894 834 1921 ista
857 1893 958 1922 faciant

177 1951 241 1970 vero
257 1950 349 1970 amore
362 1942 419 1968 Dei.
437 1940 512 1974 Quod
530 1944 660 1974 praeterea
672 1939 705 1966 ad
720 1939 814 1967 Patres
827 1939 956 1974 spiritua-

178 1990 216 2017 lcs
227 1990 334 2020 attinet.
345 1989 402 2015 haec
413 1988 503 2014 omnia
516 1994 567 2013 non
579 1990 688 2020 propter
698 1990 831 2020 quaestum
844 1985 954 2019 faciant,

177 2043 237 2070 quae
254 2035 300 2061 Dei
324 2037 388 2060 sunt
406 2032 631 2066 intercipientes,
656 2032 683 2058 in
707 2039 784 2058 suam
810 2031 956 2066 pessimam

178 2083 295 2113 ruinam,
312 2084 338 2106 et
355 2079 388 2106 de
410 2078 510 2113 quibus
527 2078 597 2104 ratio
630 2077 682 2103 erit
711 2076 859 2104 reddenda.
886 2075 957 2103 Olli:-

178 2133 267 2154 rrntcs
282 2130 372 2153 autem
387 2125 456 2152 idem
480 2123 582 2150 faciunt
598 2130 629 2150 ac
645 2123 681 2150 illi
707 2124 753 2158 qui
777 2122 956 2157 projiciebant

176 2174 246 2201 hom
261 2180 320 2207 quae
343 2171 478 2198 habebant
496 2176 559 2197 ante
573 2170 653 2204 pedes
666 2169 874 2204 apostolorum;
892 2176 954 2195 cum
970 2164 995 2194 D

177 2226 280 2255 partem
301 2226 334 2246 ex
348 2219 386 2245 eis
402 2218 517 2244 retinent
531 2217 674 2252 imitantur
686 2217 820 2243 Ananiam
833 2223 894 2242 cum
908 2214 955 2242 Sa-

176 2268 253 2303 phira
270 2271 297 2293 et.
313 2265 387 2300 pejus
403 2268 496 2298 agunt.
514 2263 559 2290 Ille
580 2263 687 2297 quidem
704 2270 736 2289 ex
751 2262 868 2297 propriis
892 2261 958 2288 sub-

175 2314 297 2345 trahens,
311 2317 397 2339 totum
411 2310 467 2345 agri
485 2309 602 2344 pretium
614 2308 737 2335 attulisse
753 2315 783 2335 se
795 2307 957 2342 praedicabat

177 2363 202 2386 et
217 2364 281 2385 ante
298 2358 379 2392 pedes
403 2356 489 2384 sancti
518 2354 589 2382 Petri
616 2354 765 2389 exspiravit
790 2354 871 2381 simul
894 2361 956 2381 cum

176 2411 261 2432 uxore
278 2422 285 2435 ,
316 2401 453 2436 sacrilegii
494 2400 640 2428 manifeste
666 2407 729 2427 reus
756 2400 856 2427 factus.
893 2399 958 2426 Tale

171 2451 306 2484 judicium
333 2448 386 2475 sibi
417 2451 523 2482 parant,
554 2451 628 2474 utet
653 2450 731 2473 antea
762 2445 829 2478 dixi,
849 2446 956 2480 opinor,

178 2499 226 2532 qui
247 2497 412 2525 subtrahunt
425 2502 456 2522 ea
469 2501 530 2529 quae
544 2493 592 2521 Dei
610 2497 674 2521 sunt
689 2497 718 2520 ut
731 2493 830 2520 exinde
845 2493 955 2519 thesau-

175 2548 272 2571 rtzent.
289 2542 341 2569 Sed
355 2549 409 2568 non
424 2540 637 2575 dedignandum,
650 2546 737 2573 neque
755 2538 953 2573 denegandum,

175 2590 333 2625 operarium
358 2586 508 2622 quemlibet
532 2585 565 2612 ad
589 2592 667 2612 suam
695 2584 779 2611 solam
811 2583 955 2610 utilitatem

175 2637 294 2662 lructum
310 2633 459 2668 percipere.
475 2631 521 2658 Sic
536 2631 609 2659 enim
625 2631 705 2658 docet
733 2630 847 2662 Paulus,
875 2629 956 2657 nobis

174 2688 282 2715 gregem
294 2686 448 2714 proponens
460 2677 610 2705 laborantis
619 2677 709 2704 coloni
726 2680 752 2703 et
767 2676 886 2710 pastoris
901 2675 957 2702 fru-

174 2732 248 2753 ctum
269 2725 414 2757 facientis;
441 2723 567 2759 quamvis
590 2723 647 2757 ipse
667 2722 842 2757 Evangelium
871 2721 956 2756 gratis

173 2774 325 2809 prmdieans
340 2776 368 2799 ct
383 2771 535 2799 mercedem
552 2777 568 2797 ο
583 2769 652 2797 coelo
667 2775 781 2803 sperans
796 2775 850 2794 non
867 2773 957 2794 utere-

175 2825 218 2847 tur
228 2819 278 2846 hac
288 2818 424 2846 facultate.
437 2816 503 2844 Nam
516 2815 617 2844 idcirco
629 2813 801 2842 laborabatet
813 2820 893 2848 opere
905 2821 955 2842 suo

1013 1540 1091 1566 μασι,
1107 1532 1151 1558 διά
1163 1539 1192 1558 τε
1208 1532 1257 1566 τὴν
1273 1532 1341 1565 πρὸς
1357 1531 1422 1558 Θεὸν
1437 1531 1558 1566 ὀφειλὴν,
1578 1533 1625 1558 καὶ
1646 1531 1676 1558 τὸ
1695 1532 1733 1568 μὴ
1750 1533 1800 1558 ἀν-

1011 1578 1168 1612 αμάρτητόν
1185 1586 1245 1604 τινα
1256 1574 1337 1606 εἶναι.
1354 1579 1409 1604 Καὶ
1423 1578 1493 1612 ὑπὲρ
1509 1578 1611 1612 γονέων
1626 1578 1653 1605 δὲ
1667 1580 1715 1605 καὶ
1728 1587 1805 1612 συγ--

1010 1623 1096 1656 γενῶν
1112 1623 1159 1649 καὶ
1174 1622 1276 1649 λοιπῶν
1295 1622 1384 1649 ἄλλων
1397 1622 1517 1649 εὐσεϐῶν
1536 1623 1655 1656 ὀφείλειν
1676 1625 1798 1659 upon-es-

1012 1676 1069 1702 ρειν
1079 1668 1136 1702 Θεῷ
1150 1668 1264 1699 πάντας,
1275 1668 1321 1694 καὶ
1333 1668 1402 1702 ὑπὲρ
1415 1668 1497 1703 τιμῆς
1511 1668 1557 1694 καὶ
1571 1669 1682 1704 μνήμης
1694 1669 1796 1702 ἁγίων,

1010 1713 1048 1745 ὡς
1072 1713 1105 1740 ἂν
1122 1715 1237 1748 μεσίτας
1256 1715 1346 1740 ἐκεῖσε
1371 1713 1499 1749 εὕροιμεν
1524 1715 1571 1742 καὶ
1594 1715 1796 1748 συγκοινωνοίις

1009 1760 1058 1794 τῆς
1073 1759 1152 1795 δόξης
1167 1760 1297 1794 Χριστοῦ.
1314 1761 1368 1786 Καὶ
1393 1759 1478 1786 ταῦτα
1500 1761 1551 1794 μὲν
1573 1760 1708 1788 διδάσκειν
1730 1761 1795 1792 τοὺς

1010 1806 1173 1840 προσιόντας
1187 1806 1318 1840 θεοφιλῶς
1332 1807 1454 1844 ἐνεργεῖν
1464 1815 1471 1822 ·
1486 1807 1517 1833 οὐ
1534 1807 1588 1842 μὴν
1600 1808 1628 1834 δὲ
1641 1808 1704 1838 τοὺς
1714 1817 1795 1834 πνευ-

1011 1852 1142 1885 ματικοὺς
1156 1852 1280 1885 Πατέρας
1304 1852 1350 1878 ἐπὶ
1368 1853 1458 1886 κέρδει
1478 1861 1556 1879 τουτο
1572 1854 1669 1885 ποιεῖν,
1685 1854 1721 1880 τὰ
1745 1853 1794 1880 τοῦ

1009 1897 1077 1924 Θεοῦ
1094 1897 1302 1932 νοσφιζομένους
1313 1906 1322 1915 ο
1337 1899 1422 1934 ζημία
1440 1899 1494 1933 γὰρ
1510 1900 1601 1931 αὐτοῖς
1622 1901 1638 1935 ή
1663 1901 1792 1935 μεγίστη,

1009 1943 1057 1971 καὶ
1085 1943 1164 1977 λόγον
1187 1944 1432 1979 άπαιτηοήσονται.
1461 1945 1516 1971 Kal
1542 1945 1566 1971 οί
1594 1946 1644 1979 μὲν
1673 1946 1794 1978 διδόντες

1008 1989 1098 2015 έκεῖνο
1127 1989 1233 2015 ποιοῦσι
1258 1990 1289 2015 τὸ
1311 1990 1366 2017 τῶν
1396 1991 1546 2026 ριπτόντων
1578 1991 1612 2018 τὰ
1632 1992 1792 2027 ὑπάρχοντα

1009 2034 1085 2068 παρὰ
1100 2036 1163 2066 τοὺς
1185 2035 1267 2066 πόδας
1281 2035 1335 2061 τῶν
1356 2036 1533 2061 ἀποστόλων·
1551 2037 1576 2062 οί
1598 2036 1627 2062 δέ
1648 2045 1680 2071 γε
1706 2045 1794 2071 napa-

1008 2080 1182 2114 κρατοῦντες,
1199 2081 1266 2115 ὅπερ
1283 2081 1331 2107 σὺν
1343 2082 1377 2116 τῇ
1393 2082 1537 2117 Σαπφείρᾳ
1557 2083 1571 2109 ό
1588 2082 1725 2114 Ἀνανίας,
1744 2085 1793 2109 καὶ

1009 2128 1117 2162 χεῖρον·
1147 2127 1210 2153 ἐπεὶ
1222 2128 1324 2158 ἐκεῖνος
1341 2129 1372 2154 ὲκ
1388 2128 1441 2154 τῶν
1463 2128 1536 2154 ἰδίων
1552 2129 1724 2163 ἐνοσφίσατο.
1739 2127 1792 2155 Οἶι-

1007 2181 1053 2204 τος
1074 2173 1128 2207 γὰρ
1143 2173 1292 2204 όἍνανίας
1311 2174 1545 2208 ἐπαγγειλάμενος
1562 2174 1635 2201 ἅπαν
1651 2174 1744 2201 δοῦναι
1761 2176 1792 2202 τὺ

1006 2219 1054 2246 τοῦ
1068 2220 1206 2254 κτήματος
1221 2219 1341 2254 τίμημα,
1357 2221 1404 2246 καὶ
1426 2221 1623 2255 νοσφισάμενος
1643 2221 1673 2254 ἐξ
1692 2221 1787 2254 αὐτοῦ,

1007 2266 1083 2301 παρὰ
1098 2266 1161 2296 τοὺς
1177 2265 1259 2297 πόδας
1273 2266 1320 2292 τοῦ
1337 2267 1409 2293 θείου
1425 2266 1540 2302 τέθνηκε
1556 2268 1661 2302 Πέτρου
1680 2267 1788 2302 σύναμα

1007 2313 1039 2347 τῇ
1071 2311 1191 2345 γυναικὶ,
1225 2312 1363 2347 ἱερόσυλος
1392 2312 1549 2346 ὲκφανθεὶς,
1581 2311 1611 2339 οὗ
1644 2313 1675 2339 τὸ
1706 2314 1791 2340 κατά-

1007 2365 1094 2392 κριμα
1125 2355 1214 2393 οἶμαι,
1250 2358 1287 2388 ὠς
1315 2360 1363 2384 καὶ
1398 2359 1531 2392 προέφην,
1567 2358 1718 2392 λαμϐάνειν
1750 2359 1789 2390 εἰς

1008 2404 1132 2435 ἑαυτοὺς,
1155 2403 1218 2434 τοὺς
1244 2404 1489 2438 παρακρατοῦντας
1510 2404 1544 2430 τὰ
1572 2404 1618 2430 τοῦ
1642 2404 1710 2431 Θεοῦ
1742 2405 1789 2430 καὶ

1007 2447 1085 2483 361
1103 2447 1133 2480 ἐξ
1148 2447 1238 2475 αὐτῶν
1261 2449 1485 2484 θησαυρίζοντας.
1504 2449 1561 2484 Τὴν
1584 2450 1680 2484 χρείαν
1703 2450 1731 2476 δέ
1757 2458 1788 2483 γε

1009 2494 1094 2528 μόνην
1107 2494 1256 2529 λαμϐάνειν
1271 2493 1309 2526 ὥς
1323 2495 1462 2521 κοπιῶντα
1474 2503 1544 2528 τινα,
1560 2496 1610 2522 οὐκ
1624 2496 1787 2530 ἀπόϐλητον.

1007 2538 1062 2565 Kal
1077 2537 1182 2570 Παῦλος
1196 2538 1275 2565 τοῦτό
1291 2546 1385 2573 φησιν,
1406 2539 1459 2564 ἀπὸ
1471 2538 1518 2564 τοῦ
1533 2539 1683 2570 κοπιῶντος
1702 2546 1788 2572 γεωρ-

1007 2583 1056 2618 γοῦ
1071 2584 1119 2611 καὶ
1134 2583 1181 2611 τοῦ
1209 2584 1400 2618 ποιμαίνοντος
1417 2584 1536 2619 ποίμνην
1553 2585 1693 2619 παριστῶν
1712 2585 1786 2619 ἡμῖν,

1007 2631 1033 2657 εί
1060 2631 1107 2657 καὶ
1129 2630 1210 2662 αὐτὸς
1239 2631 1376 2658 ἀδάπανον
1398 2631 1472 2665 ἐτίθη
1493 2630 1522 2657 τὸ
1548 2630 1724 2664 Εὑαγγέλιον,
1741 2631 1788 2658 καὶ

1006 2675 1068 2707 τοὺς
1097 2675 1209 2710 μισθοὺς
1238 2675 1357 2707 ἐλπίζων
1385 2675 1415 2708 ἐξ
1439 2674 1557 2709 οὐρανοῦ
1580 2675 1631 2701 οὐκ
1652 2675 1787 2710 ἐχρήσατο

1006 2721 1093 2756 ταύτῃ
1112 2723 1145 2755 τῇ
1171 2721 1291 2756 ἐξουσίᾳ.
1313 2722 1358 2747 Διὸ
1375 2721 1422 2747 καὶ
1448 2720 1551 2748 κοπιῶν
1565 2718 1600 2756 ἦν
1615 2721 1660 2746 καὶ
1675 2720 1787 2754 ἐργαζό-

1007 2775 1088 2801 μενος
1098 2768 1157 2798 ταῖς
1169 2767 1256 2802 χερσί.
1276 2777 1285 2793 ι
1304 2767 1358 2794 Καὶ
1373 2768 1431 2798 ταῖς
1447 2767 1554 2801 χρείαις
1572 2774 1636 2801 μου,
1651 2766 1728 2800 φησι,
1741 2765 1787 2792 καὶ

1006 2814 1062 2844 τοῖς
1079 2811 1139 2840 οὖσι
1159 2813 1217 2848 μετ’
1233 2812 1312 2848 ἐμοῦ,
1325 2813 1502 2848 ὑπηρέτησαν
1518 2812 1546 2839 al
1564 2813 1654 2847 χεῖρες
1665 2808 1756 2838 αὗται.
1774 2819 1783 2835 ι
