1918 3042
126 67 180 101 929

483 72 676 119 RESPONSA
696 76 746 106 AD
757 76 980 109 GABRIELEM
1000 79 1357 111 PENTAPOIJTANUM.

1703 75 1756 107 930

125 129 174 155 Διὸ
191 129 206 155 ὁ
218 128 274 155 τῶν
293 129 388 164 ψυχῶν
402 130 547 167 οἰκονόμος
568 134 672 168 ὀφείλει
688 135 781 170 σχεδὸν
804 137 910 172 μηδενὸς

971 138 1073 166 victum
1092 139 1244 174 quaerebat,
1262 144 1290 166 ut
1306 142 1424 167 testatur
1442 146 1448 165 :
1467 148 1475 164 ι
1496 138 1537 166 Ad
1552 145 1582 164 ea
1608 145 1666 172 qum
1691 137 1755 163 mihi

125 174 262 202 ἅπτεσθαι
279 176 334 202 τῶν
361 179 607 213 προσφερομένων,
624 181 648 206 εί
667 182 790 215 δυνατὸν,
808 183 851 210 ἵνα
876 184 914 219 μὴ

125 222 253 257 ἀνάγκην
270 222 318 258 ἔχῃ
333 222 459 259 ἀνασπᾷν
483 225 627 260 ἀλλοτρίας
645 227 781 260 ἀκάνθας
797 230 822 256 εἰ
839 230 867 256 δέ
882 239 913 264 γε

125 268 208 304 χρεία
219 269 324 304 τροφῆς
338 268 354 305 ἡ
372 270 533 304 ἐνδύματος,
551 272 588 307 μὴ
601 273 632 299 τὸ
647 274 785 308 περιττὸν,
804 276 872 302 ἀλλὰ
884 277 914 303 τὸ

125 315 196 350 πρὸς
215 316 312 350 χρείαν
338 316 421 350 μόνον
451 318 573 350 ποιείτω,
594 319 642 345 καλ⁸
662 319 710 351 τὰς
726 321 808 355 εὐχὰς
820 322 912 349 ἀποδι-

124 360 206 393 δότω,
235 361 281 388 καὶ
305 361 356 393 τὰς
380 361 478 394 θυσίας
492 364 639 391 ὲκτελείτω
661 366 732 400 ὑπὲρ
747 367 795 392 τοῦ
812 376 913 402 προσε-

124 407 273 441 νέγκαντος
280 407 318 442 τῷ
329 408 399 443 Θεῷ,
414 412 589 444 μεμνημένος
598 412 645 439 καὶ
657 413 711 439 τῶν
721 415 856 449 πενήτων,
867 415 914 442 καὶ

124 453 166 479 ὅτι
189 454 239 481 οὐκ
264 455 346 486 αὐτὸς
362 456 454 490 μόνον,
469 457 537 485 ἀλλὰ
566 459 615 484 καὶ
634 458 723 494 ἕτεροι
749 460 801 494 τῆς
819 461 913 496 χρείας

124 499 252 533 ἀνάγκην
267 499 387 534 ἔχουσιν.
401 501 432 527 Et
445 501 474 527 δὲ
489 502 537 528 καὶ
553 503 663 538 ἰδιώτης
681 505 695 531 ὁ
715 505 750 531 τὰ
761 506 814 532 τῶν
832 515 914 541 μετα-

124 544 261 571 νοούντων
283 545 438 580 δεχόμενος,
462 546 655 581 ἀσφαλιζέσθω
673 549 753 576 πλέον
767 558 773 566 ·
800 551 841 577 ὅτι
869 552 912 579 διὰ

123 589 175 623 τῆς
204 590 354 624 ίερωσύνης
379 591 414 618 τὰ
440 593 490 627 τῆς
514 593 655 628 σωτηρίας
674 595 730 626 τοῖς
757 595 913 631 ἀνθρώποις

123 636 278 670 ἐνεργεῖται
290 656 297 668 ,
315 637 361 663 καὶ
377 637 420 664 διὰ
440 638 491 673 τῆς
519 639 594 674 lapsi;
608 640 636 667 δὲ
658 640 754 672 Θυσίας
770 642 817 668 καὶ
833 642 912 677 εὐχε-

123 680 204 708 λαίου
224 682 272 709 καὶ
286 683 341 709 τῶν
357 683 458 711 λοιπῶν
470 685 589 712 τελετῶν
606 687 623 720 ἡ
640 687 737 720 ἄφεσίς
751 697 781 714 τε
797 688 844 716 καὶ
861 689 913 715 κά‹

126 727 226 763 θαρσις
241 728 353 760 δίδοται.
370 730 417 757 καὶ
442 731 458 766 ἡ
474 732 618 764 μετάδοσις
637 733 684 758 τοῦ
699 733 848 769 ἁγιασμοῦ,
865 735 913 761 καὶ

125 774 230 808 μᾶλλον
241 775 291 809 τῆς
305 775 398 810 χρείας
411 776 504 811 ἔχουσι
519 778 662 810 κοινωνίας
678 780 693 814 ἡ
710 781 779 813 μετὰ
792 781 911 816 Χριστοῦ

123 819 232 851 ἓνωσις.
251 820 297 847 Διὸ
317 822 341 848 εί
355 821 437 848 πάθει
455 830 498 854 τις
511 823 616 858 οἰκείῳ,
665 824 701 856 ὡς
716 825 912 862 διαφθονούμε-

124 874 170 896 νος
189 866 269 901 ίερεί,
283 867 300 901 ἢ
318 866 356 898 ὡς
381 869 617 902 παρακερδαίνειν
639 870 720 902 αὐτὸς
739 871 914 907 βουλόμενος⁹

123 911 227 938 κωλύει
253 912 303 947 μὲν
330 913 433 948 ιερεῦσι
457 914 598 949 διδόναι,ῆ
618 915 667 951 τὴν
685 917 800 952 φρικτὴν
819 917 915 945 ουσίαν

122 956 140 991 ἡ
159 957 193 983 τὰ
209 957 255 984 τοῦ
266 958 405 994 εὐχελαίου
417 960 543 994 γενέσθαι
559 961 628 995 ὑπέρ
645 971 729 996 τινος,
748 964 915 998 προφασίζε-

122 1011 170 1029 ται
187 1003 215 1029 δὲ
237 1004 286 1038 τὴν
316 1005 512 1041 ἐλεημοσύνην,
530 1007 578 1033 καὶ
601 1007 680 1034 τοῦτο
706 1010 832 1043 κρεῖσσον
845 1008 916 1037 εῖναι

123 1049 236 1077 πᾶντων
247 1051 322 1084 φησὶ,
334 1052 379 1078 καὶ
390 1052 536 1088 ἀποστερεί
545 1062 606 1080 τινα
616 1054 672 1081 τῶν
683 1055 787 1082 πιστῶν
799 1056 848 1091 τῆς
861 1057 915 1083 ἀπὸ

122 1095 171 1123 τοῦ
185 1096 263 1129 ἁγίου
276 1097 367 1124 ἐλαίου
380 1098 427 1125 καὶ
446 1099 501 1126 τῶν
514 1101 602 1135 εὐχῶν
617 1101 789 1136 καθάρσεως,
806 1103 853 1129 καὶ
865 1103 913 1130 τοῦ

122 1141 197 1168 Θείου
210 1142 264 1169 ἀπὺ
272 1144 321 1178 τῆς
331 1145 498 1180 κοινωνίαςῆ
509 1147 664 1181 ἱερουργίας
674 1149 821 1184 ἁγιασμοῢ,
833 1150 914 1180 αὐτος

121 1189 170 1215 τὸν
178 1189 243 1225 περὶ
250 1190 346 1217 τούτου
355 1191 434 1225 λόγον
442 1193 541 1227 μᾶλλον
551 1194 857 1231 ἀπαιτηθὴσεται.Πλὴν
866 1196 914 1223 καὶ

122 1235 240 1262 ἕκαστον
254 1237 308 1263 τῶν
317 1237 527 1273 ἁμαρτημάτων
535 1240 564 1266 τὺ
574 1241 674 1268 οίκεϊον
686 1242 741 1275 ἕξει
752 1242 799 1268 καὶ
816 1243 914 1270 ἀνάλο-

121 1291 171 1317 γον
186 1284 336 1319 ἐπιτίμιον,
365 1286 414 1312 καὶ
430 1287 458 1312 οὺ
477 1287 566 1314 πάντα
592 1288 626 1314 δι’
639 1288 699 1320 ἑνὸς
724 1289 831 1315 ἔσονται
848 1297 914 1323 συγ-

122 1329 288 1364 χωρούμενα
299 1337 305 1345 ·
323 1331 380 1357 ἀλλ’
392 1332 416 1358 εί
430 1331 479 1365 μὲν
495 1333 574 1366 φόνος
585 1333 628 1368 είη
640 1333 671 1360 τὸ
686 1334 823 1370 ἔγκλημα,
842 1336 912 1370 μετὰ

121 1375 170 1401 τὸν
185 1376 287 1402 κανόνα
302 1377 350 1411 τῆς
369 1377 535 1412 Ἐκκλησίας
556 1379 603 1406 καὶ
621 1380 797 1415 αἰχμαλώτου
812 1381 910 1416 λύτρον

123 1419 196 1455 ὑπὲρ
212 1420 261 1447 τοῦ
292 1422 485 1457 ἡμαρτηκότος
512 1423 559 1450 καὶ
573 1424 621 1451 τοῦ
639 1425 799 1459 τεθνηκότος
813 1426 838 1452 εἰ
862 1434 913 1452 πε-

965 192 1034 219 opus
1047 190 1138 218 erant,
1153 191 1179 212 el
1197 186 1241 213 his
1263 186 1309 219 qui
1327 193 1432 212 mecum
1457 190 1520 211 sunt
1535 184 1758 211 ministrarerunt

966 239 1063 263 manus
1078 231 1136 258 ista:
1152 231 1186 258 ¹¹.
1207 241 1216 257 ι
1233 231 1322 264 Quare
1339 231 1494 257 moderator
1514 230 1668 256 animarum
1691 228 1758 254 nihil

964 283 1051 311 prope
1065 276 1099 304 ab
1113 276 1212 304 oblatis
1240 277 1384 304 dcsumere
1409 276 1500 308 debet,
1525 276 1548 302 si
1573 275 1629 301 ﬁeri
1646 278 1735 309 potest
1750 294 1757 304 ,

965 321 1017 348 nisi
1035 322 1106 349 forte
1126 330 1237 349 necesse
1256 322 1356 349 habeat
1370 321 1467 349 alienis
1489 319 1693 348 difficultatibus
1708 319 1757 345 nb-

965 368 1068 400 venire,
1091 372 1138 395 aut
1161 376 1230 402 opus
1248 368 1348 395 habeat
1364 369 1388 394 in
1403 368 1505 394 victum
1522 371 1549 394 et
1567 367 1592 393 in
1610 366 1757 392 vestimen-

965 416 1033 445 tum,
1051 421 1103 440 non
1121 414 1263 448 splendide
1280 414 1388 447 quidem
1406 413 1572 447 impendere,
1586 411 1632 439 sed
1652 416 1754 438 tantum

965 462 1046 493 prout
1063 466 1174 486 necesse
1189 459 1279 491 habet,
1293 464 1321 486 et
1337 459 1435 486 fundat
1453 466 1558 493 preces,
1576 462 1601 485 et
1620 457 1753 484 sacriﬁcia

963 504 1019 532 Deo
1035 505 1180 539 adimpleat
1197 513 1245 539 pro
1259 505 1398 537 offerente,
1414 513 1562 539 pauperum
1575 504 1752 535 recordatus;

964 559 1019 579 non
1035 551 1104 578 enim
1124 552 1182 586 ipse
1196 553 1282 583 solus,
1301 552 1346 578 sed
1371 552 1460 578 adhuc
1488 551 1576 578 ueteri
1596 550 1640 585 jus
1655 549 1755 576 habent

964 597 990 624 in
1007 597 1075 624 tales
1090 596 1206 625 fructus.
1241 597 1273 624 Et
1288 598 1310 624 si
1329 597 1452 631 privatus
1467 597 1569 631 aliquis
1586 604 1600 623 a
1620 595 1755 630 poeniten-

965 642 1036 669 tibus
1053 642 1183 677 recipiat,
1196 648 1291 670 caveat
1309 643 1406 677 magis,
1422 643 1485 677 quia
1506 651 1553 677 per
1571 641 1753 670 sacerdotium

964 689 1038 716 salus
1054 688 1211 716 hominibus
1231 689 1367 723 provenit,
1386 694 1413 715 et
1430 689 1494 723 quia
1512 696 1559 722 per
1576 688 1696 714 divinum
1710 694 1755 713 sa-

963 732 1109 764 crificium,
1125 741 1172 768 per
1189 741 1297 761 sacrum
1312 733 1400 761 oleum
1417 739 1443 760 et
1455 742 1501 768 per
1517 738 1630 760 cmteras
1644 737 1754 759 sanctas

963 779 1142 807 caeremonias
1158 780 1236 806 venia
1253 780 1417 807 conceditur
1432 784 1459 806 et
1477 779 1633 807 innocentia
1651 783 1755 805 restau-

967 831 1053 856 ratur,
1066 828 1092 851 et
1104 825 1276 860 participatio
1289 825 1515 853 sanctificationis
1526 825 1584 857 Dei,
1598 829 1624 851 et
1635 824 1756 850 maximo

965 870 1032 897 unio
1046 878 1106 897 cum
1121 870 1231 898 Christo
1246 879 1296 906 per
1310 870 1412 898 fructus
1426 870 1642 898 communionis.
1662 869 1753 902 Quare

966 914 989 942 si
1012 915 1144 943 acciderit
1161 916 1241 943 alicui
1266 920 1294 943 ut
1311 917 1352 943 vel
1366 917 1466 943 invidia
1483 924 1545 951 erga
1565 915 1734 943 sacerdotem
1747 934 1756 948 ,

966 959 1007 987 vel
1019 967 1066 994 spe
1082 961 1182 995 proprii
1198 961 1332 988 commodi
1347 966 1375 988 et
1392 961 1459 987 lucri
1474 980 1481 993 ,
1509 961 1656 995 prohibeat
1681 959 1757 985 obla-

966 1006 1057 1034 tiones
1084 1006 1141 1034 {ieri
1163 1007 1367 1039 sacerdotibus,
1397 1007 1441 1034 .vel
1470 1006 1561 1034 oiferri
1588 1005 1754 1033 saerilicium

967 1053 1149 1084 tremendum,
1164 1054 1206 1081 vel
1229 1053 1327 1081 conilci
1344 1054 1435 1081 oleum
1452 1060 1560 1080 sacrum
1584 1060 1633 1086 pro
1651 1052 1755 1086 aliquo,

967 1099 1166 1133 cleemosynam
1180 1106 1244 1126 vero
1261 1099 1432 1133 praetendat,
1454 1099 1531 1133 quasi
1558 1099 1594 1125 sit
1618 1099 1674 1125 haec
1697 1105 1757 1124 Olll-
1810 1098 1815 1107 '

966 1145 1041 1172 nium
1058 1145 1193 1172 bonorum
1212 1145 1371 1177 maximum,
1393 1150 1419 1173 et
1440 1145 1475 1172 ita
1492 1145 1610 1179 aliquem
1637 1145 1754 1171 [lilelium

966 1195 1084 1220 arceata
1101 1191 1286 1226 comparanda
1306 1191 1463 1218 innocentia
1478 1199 1539 1226 qua:
1554 1199 1586 1217 ex
1604 1197 1682 1217 sacro
1694 1191 1754 1218 oleo

965 1237 1112 1269 obtinetur,
1124 1237 1193 1265 vela
1208 1237 1298 1264 divina
1314 1237 1502 1264 benedictione
1512 1244 1572 1271 qua!
1581 1244 1614 1263 ex
1630 1244 1754 1264 commu-

965 1284 1047 1311 nione
1067 1288 1114 1310 aut
1133 1284 1269 1311 sacriﬁcio
1290 1284 1451 1318 percipitur,
1469 1283 1512 1310 ille
1533 1283 1649 1310 maxime
1667 1283 1747 1317 hujus

965 1329 1086 1356 criminis
1115 1334 1249 1357 rationem
1279 1328 1391 1356 reddere
1416 1328 1537 1356 debebit.
1562 1329 1666 1355 interea
1691 1335 1754 1355 vero

964 1380 1093 1402 caveatur
1111 1375 1223 1410 insuper
1246 1375 1362 1410 singulis
1378 1375 1500 1410 peccatis
1520 1383 1596 1402 suam
1614 1377 1752 1409 propriam

964 1421 1057 1449 deberi
1074 1421 1200 1452 multam,
1222 1428 1272 1447 nec
1287 1421 1378 1448 omnia
1398 1420 1492 1447 eodem
1516 1421 1597 1447 modo
1616 1419 1751 1454 expianda

123 1467 248 1500 ριουσίαν
264 1467 278 1493 ό
294 1467 428 1500 φονεύσας
444 1469 512 1504 ἔχει,
539 1471 658 1502 γινέσθω
680 1471 755 1507 ψυχὴ
781 1472 842 1500 ἀντὶ
861 1473 910 1507 τῆς

964 1474 1024 1495 esse
1052 1472 1078 1494 et
1108 1467 1280 1494 remittenda.
1306 1466 1334 1493 Si
1360 1474 1425 1500 ergo
1449 1470 1546 1500 agatur
1559 1466 1592 1493 de
1611 1464 1752 1492 homicidii

120 1512 232 1547 ψυχῆς·
251 1514 274 1540 εί
287 1514 314 1554 δέ
332 1523 363 1547 γε
381 1515 502 1549 ὲμῦρύου
519 1517 651 1551 ἀποϐολὴ,
670 1518 702 1544 δι’
717 1519 851 1554 ἀναδοχῆς
865 1520 912 1547 καὶ

121 1559 281 1594 ἀνατροφῆς
296 1559 405 1595 πτωχοῦ
424 1563 523 1596 νηπίου
549 1563 690 1598 ἡίατρεία
720 1565 801 1591 ἔστω.
830 1566 859 1591 El
884 1565 913 1593 δὲ

121 1604 237 1639 πορνεία
249 1604 265 1639 ἢ
281 1605 414 1641 μοιχείαῆ
430 1615 472 1637 τις
483 1607 652 1643 ἀκαθαρσία,
665 1608 700 1634 δι’
714 1609 821 1644 ἀποχῆς
835 1610 912 1645 πρῶ-

120 1658 169 1676 τον
187 1650 236 1684 μὲν
250 1650 298 1677 τοῦ
323 1651 494 1686 πταίσματος
519 1653 565 1679 καὶ
582 1655 632 1688 τῆς
650 1655 799 1690 ἁμαρτίας.
813 1655 911 1683 ἔπειτα

120 1696 150 1722 δὲ
162 1696 208 1722 διὰ
218 1697 267 1730 τῆς
278 1696 350 1723 κατὰ
358 1697 473 1732 δύναμιν
483 1699 667 1731 κακοπαθείας
676 1701 726 1735 τῆς
739 1702 840 1737 σαρκός
852 1710 857 1716 ·
870 1703 911 1730 ὅτι

121 1742 170 1769 καὶ
178 1744 285 1777 τρυφῆς
304 1744 353 1770 καὶ
370 1745 472 1779 σαρκὸς
480 1746 575 1780 ἡδονῆς
585 1746 615 1772 τ’)
631 1747 793 1781 ἁμάρτημα.
808 1749 863 1776 Καὶ
873 1749 912 1781 ὡς

119 1788 154 1822 τῇ
171 1788 227 1822 Εῠᾳ
237 1788 319 1815 λύπαι
334 1788 394 1815 ἀντὶ
407 1791 456 1824 τῆς
469 1790 578 1824 ἡδονῆς,
593 1791 639 1817 καὶ
652 1791 692 1826 τῷ
700 1792 784 1827 Ἀδὰμ
801 1794 911 1828 ἱδρῶτες

119 1834 168 1860 καὶ
184 1833 313 1867 ἄκανθαι,
328 1834 427 1869 ὁμοίως
437 1835 577 1867 ,στένωσις
594 1837 695 1871 σαρκὺς
721 1839 760 1869 είς
776 1838 910 1865 ταπείνω-

121 1887 164 1905 σιν
183 1879 269 1914 αὖτῆς
284 1888 313 1906 τε
329 1880 378 1906 καὶ
396 1881 518 1915 ἰατρείαν
536 1881 614 1908 ἔσται
635 1882 674 1915 τῷ
690 1883 733 1909 διὰ
754 1883 910 1918 φιληδονίας

120 1925 241 1951 πεσόντι.
260 1925 291 1951 Et
304 1925 328 1952 δ’
341 1926 372 1952 οὐ
385 1926 546 1961 προαίρεσις
563 1927 623 1954 οὐδὲ
641 1929 701 1962 ίσχὺ
708 1938 730 1960 ς,
745 1928 779 1955 δι’
795 1929 910 1963 ἐλεημο-

120 1970 205 2005 σύνης
224 1971 395 2006 ίατρευθήτω
419 1971 435 2008 ἡ
453 1973 618 2008 ἐγκρατείας
637 1973 653 2008 ἢ
670 1973 832 2007 λυτρὼσεως
849 1975 909 2009 αίχ-

122 2016 261 2052 μαλώτου,
279 2016 303 2042 ει
324 2017 441 2052 εὐπορία
454 2017 492 2052 τῷ
513 2018 686 2052 ἡμαρτηκότι
712 2019 786 2045 ἐστίν
799 2027 808 2034 σ
828 2020 853 2046 εί
879 2020 908 2047 δὲ

118 2062 228 2094 ἀδικίας
252 2062 321 2097 ἔργα
349 2062 460 2098 συνέϐη,
481 2063 525 2090 διὰ
542 2064 591 2097 τῆς
627 2065 784 2096 ἀποδόσεως
797 2065 844 2092 τοῦ
859 2065 908 2100 λη-

119 2107 236 2142 φθέντος
253 2107 330 2135 ἔσται
339 2108 389 2143 τῆς
401 2109 540 2144 ἁμαρτίας
554 2110 709 2145 ἀπαλλαγή.
720 2110 905 2146 Ἐλεημοσύνη

119 2154 149 2181 δὲ
165 2154 236 2181 κατὰ
263 2154 308 2181 τὸν
325 2156 460 2190 Ζακχαῖον
476 2155 613 2190 κάθαρσις
631 2156 700 2183 ἔστω
717 2156 764 2183 τοῦ
784 2158 834 2192 τῆς
849 2158 906 2184 ἀδι-

119 2200 184 2231 κίας
210 2200 258 2228 καὶ
272 2201 399 2236 ἁρπαγῆς
414 2202 601 2237 ἐγκλήματος.
619 2203 650 2229 Εἰ
670 2203 698 2229 δὲ
715 2203 874 2240 βλασφημία
890 2204 906 2240 ἢ

121 2247 237 2282 ἄρνησίς
255 2256 309 2274 τινι
337 2248 444 2281 γέγονε,
461 2248 505 2275 διὰ
528 2250 684 2284 προσευχῆς
708 2250 848 2284 συνεχοῦς,
865 2249 909 2276 ἵνα

119 2293 169 2325 τὴν
186 2292 360 2328 βλασφημίαν
376 2294 464 2331 ἐξέλῃ,
484 2295 530 2322 καὶ
546 2295 681 2329 δακρύων,
701 2295 735 2321 ἵν’
759 2295 907 2331 ἐκπλυνοῇ,

120 2338 169 2364 καὶ
183 2338 370 2374 ὲλεημοσύνης
386 2339 420 2366 tv‘
443 2340 537 2372 ἐλέους
564 2340 682 2375 ἐπιτύχῃ
711 2340 849 2375 ἀθετήσας
862 2340 908 2367 τὸν

121 2384 247 2419 ποιητὴν,
258 2385 304 2411 καὶ
316 2385 482 2421 ἐγκρατείας
494 2386 538 2413 διὰ
549 2387 599 2417 τὰς
612 2386 788 2421 κρεωφαγίας
801 2386 908 2419 καὶτὰς

120 2430 295 2464 ἀκαθάρτους
306 2431 389 2462 ἄλλοις
400 2432 514 2466 τροφάς,
534 2432 678 2467 Ἐπιορκία
689 2431 717 2458 δὲ
733 2432 757 2458 εί
773 2431 907 2467 συμϐαίη,
929 2457 936 2469 χ

120 2474 137 2510 ἡ
153 2475 263 2510 διαϐολὴ
282 2484 356 2508 τινος
373 2477 442 2511 πρὸς
457 2477 561 2513 ἕτερον,
585 2478 601 2513 ἢ
620 2478 750 2513 προδοσία
771 2477 840 2513 πρὸς
858 2478 907 2513 ἄρ-

121 2529 205 2556 χοντα
217 2522 381 2554 πταίσαντος
400 2523 416 2558 ἡ
433 2524 469 2558 μὴ
488 2524 663 2556 πταίσαντος,
676 2524 722 2551 διὰ
738 2523 792 2550 τῶν
804 2523 906 2557 ὁμοίων

120 2566 172 2600 τῆς
193 2566 370 2602 βλασφημίας
393 2568 608 2604 διορθωθήσεται
631 2570 645 2596 ὁ
662 2569 766 2602 πεσὼν,
790 2569 838 2596 καὶ
859 2568 906 2595 τοῦ

119 2613 276 2646 ἀπαλλάξαι
291 2615 337 2641 τὸν
350 2614 492 2651 ἄνθρωπον
513 2616 562 2642 τοῦ
583 2616 681 2644 κακοῦ.
699 2616 838 2650 Ἐνέχεται
851 2615 905 2650 γὰρ

120 2657 200 2684 τοῦτο
211 2659 322 2693 πρῶτον
333 2661 459 2694 ποιῆσαι,
476 2662 501 2687 εί
515 2661 641 2693 δύναται,
657 2661 695 2692 ὡς
721 2662 769 2688 καὶ
786 2661 835 2696 τὴν
849 2661 906 2687 ἁδι-

122 2704 184 2730 ιιίαν
216 2705 325 2740 πρῶτον
338 2706 485 2734 ἀποδοῦναι
501 2708 516 2735 ὁ
531 2708 666 2745 ἀδικήσας
689 2708 705 2743 ἡ
721 2707 834 2742 κλέψας.
849 2706 905 2734 εἴτε

159 2799 180 2815 ³⁵
194 2800 255 2827 Act.
270 2807 314 2832 xx,
330 2801 375 2828 56.

964 1518 1052 1546 reatu,
1079 1513 1229 1541 secundum
1253 1513 1383 1540 Ecclesia:
1406 1521 1534 1545 canones,
1563 1514 1586 1540 si
1614 1513 1750 1540 occidenti

964 1558 1044 1586 fuerit
1060 1558 1174 1586 fortunzc
1184 1559 1274 1593 copia,
1286 1567 1334 1593 pro
1344 1567 1373 1586 se
1389 1564 1415 1586 et
1431 1567 1479 1593 pro
1495 1559 1585 1586 oceiso
1593 1559 1751 1593 expiaturus

963 1605 1050 1635 solvet
1066 1605 1184 1639 pretium
1197 1606 1278 1632 unius
1291 1605 1402 1639 captivi,
1425 1610 1452 1632 et
1465 1605 1506 1632 sic
1530 1606 1582 1632 erit
1596 1606 1685 1631 anima
1703 1613 1751 1639 pro

963 1651 1065 1678 anima.
1082 1650 1110 1678 Si
1127 1650 1210 1678 fuerit
1224 1651 1381 1683 abortivus,
1403 1651 1595 1678 remissionem
1615 1658 1752 1678 mereatur

962 1695 1060 1723 alendo
1077 1700 1104 1723 et
1120 1695 1262 1724 educando
1298 1703 1446 1730 pauperem
1472 1696 1591 1731 aliquem
1608 1690 1750 1724 infantem.

966 1741 994 1770 Si
1010 1743 1043 1770 de
1061 1742 1244 1770 fornicatione
1267 1748 1374 1778 agatur,
1402 1743 1444 1770 vel
1472 1743 1619 1777 adulterio,
1643 1744 1682 1770 vel
1699 1744 1750 1770 alia

962 1788 1059 1823 quavis
1075 1789 1243 1822 impuritate.
1255 1790 1382 1817 remissio
1395 1790 1438 1817 tiet
1456 1790 1543 1824 primo
1561 1797 1607 1824 per
1621 1790 1752 1817 cessat-io-

962 1841 1023 1860 nem
1042 1834 1127 1868 culpre
1151 1839 1178 1861 ct
1204 1835 1307 1869 peccati
1323 1845 1329 1862 :
1343 1835 1440 1862 deinde
1457 1843 1567 1862 carnem
1596 1843 1645 1870 pro
1670 1838 1751 1870 posse

961 1880 1131 1914 castigando,
1150 1881 1213 1914 quia
1229 1885 1371 1914 peccatum
1390 1881 1441 1907 fuit
1456 1881 1482 1907 in
1505 1881 1618 1908 mollitie
1634 1886 1661 1908 et
1676 1882 1751 1908 volu-

961 1929 1035 1960 ptate
1052 1925 1155 1952 carnis.
1184 1924 1218 1951 Et
1239 1926 1311 1953 sicut
1328 1925 1387 1953 Evae
1403 1926 1510 1953 dolores
1532 1934 1581 1961 pro
1596 1927 1746 1961 voluptate,

959 1973 987 1996 et
998 1969 1103 1997 Adamo
1116 1970 1229 1998 sudores
1245 1975 1271 1997 et
1285 1971 1400 1998 tribulos
1417 1976 1444 1999 et
1455 1972 1549 2005 spinas
1568 1973 1689 2001 minatus
1702 1979 1746 2002 est

962 2016 1043 2048 Deus,
1056 2016 1091 2043 ita
1107 2017 1244 2052 repressio
1271 2018 1363 2045 carnis
1377 2017 1411 2045 sit
1425 2018 1450 2045 in
1461 2018 1520 2053 ejus
1531 2018 1747 2046 lnmiiliationcm

958 2067 984 2088 et
999 2061 1168 2089 sanationem
1188 2063 1226 2089 illi
1241 2063 1287 2097 qui
1303 2064 1525 2098 concupiscentia
1539 2065 1632 2091 carnis
1649 2072 1731 2098 pecca

959 2108 1008 2134 vit.
1027 2107 1055 2135 Si
1074 2115 1137 2135 vero
1156 2115 1207 2135 nec
1230 2109 1291 2135 vita:
1310 2116 1406 2143 genus,
1420 2116 1470 2137 nec
1485 2109 1630 2137 inﬁrmitas
1645 2110 1745 2142 obstet,

958 2153 1148 2189 paenitentiam
1164 2154 1246 2181 faciet
1261 2162 1307 2188 per
1329 2154 1539 2191 eleemosynatn,
1555 2157 1745 2184 abslinentiam

957 2203 1003 2226 aut
1016 2199 1228 2235 redemptionem
1239 2201 1348 2234 captivi.
1359 2200 1387 2228 Si
1398 2202 1674 2237 t'eroopesinjustitia
1688 2211 1735 2237 par

958 2249 991 2273 ta:
1006 2246 1061 2273 sint
1079 2246 1173 2280 alicui,
1188 2248 1367 2275 restitutione
1385 2248 1466 2275 ablati
1477 2250 1578 2283 peccati
1599 2249 1675 2276 venia
1694 2250 1745 2276 im-

958 2292 1125 2327 petrabitur.
1141 2298 1170 2320 ut
1186 2294 1291 2321 Zachaai
1308 2302 1450 2322 monemur
1464 2296 1598 2328 exemplo,
1615 2296 1661 2330 qui
1673 2296 1743 2322 elec—

959 2345 1072 2374 mosyna
1093 2339 1209 2366 redemit
1236 2340 1375 2374 iujustititr.
1388 2344 1415 2366 et
1431 2341 1550 2367 avaritiae
1575 2345 1690 2368 reatum.
1717 2342 1746 2368 Si

960 2389 1051 2412 autem
1066 2391 1211 2420 peccatum
1228 2386 1402 2420 blasphemiae
1415 2386 1454 2412 vel
1468 2385 1512 2412 Dei
1528 2387 1682 2421 negationis
1697 2388 1746 2414 ali-

956 2430 999 2458 cui
1015 2431 1158 2464 acciderit,
1174 2431 1291 2459 assid-uis
1305 2436 1382 2458 vacet
1396 2432 1577 2465 orationibus,
1590 2437 1618 2460 ut
1636 2434 1746 2460 miseri-

955 2476 1076 2504 cordiam
1094 2484 1143 2511 pro
1157 2476 1327 2510 blasphemia
1349 2477 1479 2509 obtineat,
1495 2477 1641 2512 etjugibus
1658 2478 1746 2513 lacry-

956 2522 1007 2549 mis
1028 2530 1088 2549 eam
1110 2522 1213 2554 abluat,
1228 2523 1448 2558 eteleemosyua,
1466 2527 1495 2550 ut
1519 2523 1646 2551 misereat
1662 2524 1745 2551 Deum

960 2567 1054 2594 miseri
1083 2567 1175 2601 hujus,
1195 2568 1240 2602 qui
1267 2574 1347 2595 antea
1376 2568 1532 2596 Creatorem
1551 2573 1703 2603 spreverat,
1719 2573 1746 2596 ct

959 2613 1075 2647 denique
1087 2613 1250 2640 abstinentia
1262 2615 1295 2640 ab
1307 2622 1353 2641 esu
1367 2615 1490 2641 carnium
1510 2615 1551 2642 vel
1562 2615 1595 2641 ab
1604 2614 1663 2641 aliis
1679 2622 1747 2648 quo-

960 2659 1097 2694 quomodo
1111 2660 1234 2694 impuris.
1244 2659 1273 2688 Si
1288 2661 1392 2688 crimen
1403 2661 1514 2696 perjuril
1533 2661 1689 2693 incurrerit,
1705 2659 1746 2686 vel

959 2706 1100 2735 calumnia:
1110 2706 1226 2742 alicujus
1235 2712 1330 2736 contra
1343 2707 1510 2742 proximum,
1524 2706 1563 2734 vel
1583 2706 1747 2742 proditionis
