1918 3042
62 107 115 140 941

420 112 627 156 RESPONSA_
637 113 688 143 AD
708 113 822 143 GABRI
831 112 933 142 ELEM
951 113 1311 144 PENTAPOLITANUM.

1648 111 1699 142 9i?

67 179 121 205 μον
137 171 258 198 ποιεῖται
281 170 403 205 Χριστῷ,
425 172 474 198 καὶ
490 172 520 199 ἒν
536 172 616 207 μέλος
634 172 780 207 καθίστησι
800 171 858 207 μετ’

915 172 1063 199 membrum
1079 179 1162 199 unum
1178 172 1216 199 illi
1240 175 1359 205 coaptat,
1382 175 1409 197 et
1433 169 1561 204 templum
1584 170 1698 197 Domino

64 216 164 249 αὑτοῦ,
179 217 227 243 καὶ
242 217 307 243 ναὸν
323 218 424 252 Κυρίου
440 218 652 251 κατασκευάζει.
667 219 737 250 Τοὺς
751 219 789 254 μὴ
803 227 858 245 κοι-

67 262 222 294 νωνοῦντας
236 263 265 290 δὲ
283 264 316 290 δι’
331 264 487 298 εὐλάϐειαν,
502 265 594 292 πίστει
609 265 637 292 δὲ
653 266 701 292 καὶ
717 265 858 300 προθυμίᾳ

67 309 309 343 παρισταμένους,
337 310 392 336 τῶν
418 311 630 346 ἁμαρτημάτων
655 311 795 345 καθαίρει,
811 312 858 338 ἁλ-

66 354 136 381 λοιοϊ
150 355 220 388 πρὸς
235 356 268 382 τὰ
280 356 436 390 κρείττονα,
455 357 525 390 μετὰ
537 358 592 383 τῶν
607 357 734 390 ἀγγέλων
747 358 859 383 καὶτῶν

68 400 158 433 ἁγίων
178 401 244 432 ἑνοῖ,
267 401 406 436 ἀγιασμοῦ
422 401 494 428 θείου
511 403 620 437 πληροῖ,
635 403 681 429 καὶ
695 403 785 437 ψυχὴν
802 411 859 436 φω-

68 445 150 477 τίζει,
168 446 217 472 καὶ
233 446 322 480 λόγον,
338 447 385 474 καὶ
399 448 471 478 νοῦν.
495 448 589 475 καὶτὰ
605 448 653 475 τοῦ
670 449 796 482 σώματος
815 449 858 474 αί-

69 491 219 527 σθητήρια.
246 493 294 519 Διὰ
309 493 365 528 γὰρ
391 493 442 528 τῆς
462 494 619 528 ἱερουργίας
641 495 690 521 τοῦ
716 495 858 530 Κυριακοῡ

69 537 198 572 σώματός
213 547 244 565 τε
264 541 311 566 καὶ
334 541 463 574 αἵματος,
481 540 642 575 Πνεύματος
664 541 743 575 ἁγίου
762 541 858 576 ἐπιδη-

71 583 198 618 μοῦντος,
213 587 260 612 καὶ
270 586 438 621 τηλικαύτης
455 587 624 619 ἀλλοιώσεως
640 588 688 615 καὶ
705 588 859 623 μεταϐολῆς

68 629 229 665 γινομένης,
243 630 289 658 τοῦ
309 631 399 658 κοινοῦ
417 633 500 666 ἄρτου
516 634 562 659 καὶ
578 634 710 668 ποτηρίου
724 635 764 666 εἰς
779 634 859 668 σῶμα

70 675 181 709 ἀληθῶς
199 676 245 702 καὶ
263 675 333 711 αἷμα
350 677 589 713 μεταϐαλλομένου
607 680 859 712 Δεσποτικὺν,αὒτδ

71 719 179 754 ἀληθῶς
206 722 254 748 καὶ
278 722 328 748 οὐκ
353 723 427 756 ἄλλο,
450 723 559 759 εὐδοκία
576 725 692 758 Πατρδς,
708 725 860 761 αὐτουργίᾳ

71 766 150 798 Τξοῦ,
167 766 213 793 καὶ
231 768 360 802 συνεργίᾳ
378 768 425 795 τοῦ
447 770 614 804 Πνεύματος.
632 770 664 797 Τί
682 770 731 796 οὐκ
744 770 777 797 ἂν
791 772 860 803 ἁγα-

72 810 119 836 θὸν
147 812 317 847 χορηγηθείη
340 814 397 844 τοῖς
421 815 491 848 μετὰ
517 815 637 847 πίστεως
653 816 700 842 καὶ
716 816 860 847 εὐλαϐείας

72 857 213 892 προσοχῆς
225 866 255 884 τε
271 859 317 885 καὶ
332 859 488 894 προσευχῆς
507 861 596 887 ἐκεῖσε
621 861 839 895 παρισταμὲνοις
852 870 860 895 ;

72 903 109 927 Οὺ
124 902 179 937 γὰρ
195 903 236 929 ἔτι
253 905 292 934 είς
318 905 370 938 γῆν
396 905 465 931 είσιν
491 902 575 938 οὗτοι,
603 906 661 932 ἀλλ’
684 907 724 938 είς
746 907 862 941 οὐρανὸν

72 948 193 982 ἀληθῶς.
223 948 302 983 Οὕτω
331 951 386 984 γὰρ
412 950 545 986 ἠθέλησεν
566 953 580 978 ό
605 952 707 986 ἀγαθὸς
734 953 862 980 ἁπάντων

72 994 215 1029 Δεσπότης
242 996 290 1022 καὶ
312 996 360 1022 τοῦ
377 996 492 1030 οὐρανοῦ
511 997 649 1032 βασιλεὺς,
673 998 719 1024 ἐπὶ
745 998 794 1031 τῆς
812 999 862 1032 γίς

72 1041 226 1074 καταϐῆναι
239 1042 273 1068 δι’
289 1043 372 1077 ἡμᾶς,
384 1043 429 1069 καὶ
441 1043 497 1070 ἄνω
509 1044 582 1078 ἡμᾶς
600 1044 718 1078 ὑψῶσαι,
735 1044 783 1071 καὶ
795 1045 863 1071 πάν-

72 1096 133 1114 τοτε
152 1085 222 1114 εἷναι
247 1088 308 1123 μεθ’
323 1089 413 1124 ἡμῶν.
442 1090 496 1116 Καὶ
511 1091 547 1117 τὰ
563 1090 625 1122 ξένα
639 1091 725 1118 ταῦτα
746 1091 789 1118 διὰ
814 1092 863 1123 τῆς

72 1133 228 1169 ἱερωσύνης
244 1135 352 1169 ἐνεργεῖ
368 1136 509 1171 πανταχοῦ
527 1137 634 1172 παρὼν,
656 1139 704 1164 καὶ
727 1139 771 1164 διὰ
792 1139 864 1165 πάν-

76 1189 132 1207 των
145 1181 228 1208 αὑτοῦ
255 1182 310 1209 τῶν
324 1182 419 1217 ίερέων
435 1182 588 1217 φιλάγαθος
610 1183 659 1215 ὣν,
675 1184 713 1216 ὡς
738 1185 785 1212 καὶ
799 1185 864 1215 τοὺς
886 1189 889 1191 ”

74 1227 209 1261 ἀγγέλους
222 1228 304 1255 αὐτοῦ
318 1230 365 1256 καὶ
382 1229 431 1261 τὰς
453 1229 508 1257 τῶν
527 1230 614 1264 ἁγίων
633 1230 722 1265 ψυχὰς
738 1231 865 1266 λαμπρύ-

75 1281 115 1298 νει
133 1281 162 1299 τε
179 1273 226 1299 καὶ
244 1273 317 1308 teat,
339 1274 385 1300 καὶ
404 1274 509 1306 πάντας
527 1276 591 1307 τοὺς
619 1275 702 1302 αὑτοῦ
717 1277 864 1308 ταπεινοὺς

72 1317 183 1348 δούλους
200 1319 275 1352 ἡμᾶς
290 1319 330 1350 είς
345 1319 374 1345 τὸ
391 1321 516 1352 κρεῖττον
533 1320 637 1347 ἀλλοιοί
649 1321 696 1347 καὶ
711 1321 864 1356 συμπαθδλς

75 1363 258 1397 κατοικτείρει
277 1365 324 1391 καὶ
343 1365 468 1398 φωτίζων
497 1367 674 1399 καθαγιάζει.
699 1368 862 1403 Προσερχὼ-

76 1409 148 1444 μεῦα
163 1409 210 1437 οὖν
235 1412 304 1445 μετὰ
317 1412 399 1438 πόθου
415 1413 463 1439 καὶ
479 1413 622 1444 εὐλαϐείας
638 1414 770 1448 διηνεκῶς
783 1415 866 1450 366

75 1457 100 1482 εἰ
111 1456 225 1483 δυνατὸν
242 1458 313 1492 ὑπὲρ
329 1459 420 1485 πᾶσαν
443 1459 527 1493 ἀλλην
548 1461 704 1495 προσευχὴν
720 1461 782 1488 καθ’
798 1462 864 1488 ἐκά-

912 222 1075 251 consecra';
1091 225 1139 245 eos
1152 217 1233 245 etiam
1249 217 1295 251 qui
1314 224 1367 243 non
1385 211 1588 243 communicant
1604 221 1631 242 et
1654 216 1699 249 qui

911 271 973 298 erga
989 264 1062 291 illam
1083 265 1110 291 in
1123 264 1224 298 pietate
1240 264 1354 298 zeloque
1368 262 1477 289 radtcati
1493 267 1604 288 manent
1620 269 1700 288 mun-

910 310 956 336 dat
975 318 989 336 a
1006 310 1140 343 peccatis,
1169 314 1255 336 mutat
1283 309 1309 335 in
1328 309 1437 341 melius,
1468 307 1570 342 angelis
1592 312 1618 334 et
1636 315 1700 334 sau-

911 356 964 382 ctis
979 356 1132 389 cci-jungit.
1155 361 1248 382 sancta
1269 355 1317 382 Dei
1339 355 1424 390 gratia
1441 354 1545 389 replet;
1561 354 1677 380 animam
1691 372 1698 382 ,

912 407 1030 428 mentem
1057 405 1085 428 et
1104 402 1236 428 rationem
1259 401 1391 427 illuminat
1415 401 1497 427 etiam
1524 400 1550 426 in
1576 400 1700 434 corporis

910 447 1037 474 sensibus
1055 447 1133 480 quasi
1159 454 1319 481 repercussa
1337 446 1500 472 vibratione.
1530 445 1633 472 Etenim
1654 453 1701 478 per

909 493 1073 520 oblationem
1104 493 1225 527 corporis
1251 498 1277 519 et
1303 492 1447 524 sangu'uis
1479 491 1600 520 Domini.
1635 490 1699 524 Spi-

911 539 964 565 ritu
989 543 1084 565 sancto
1107 539 1225 573 desuper
1248 538 1441 569 obumbrante,
1469 542 1542 564 tanta
1559 536 1700 570 perﬁcitur

912 585 1026 611 mutatio
1040 590 1068 611 et
1089 584 1371 615 transsubstantiatio,
1388 588 1416 609 nt
1436 584 1513 618 panis
1530 587 1608 610 antea
1627 590 1702 610 com-

910 619 1003 658 munis
1020 635 1047 658 et
1075 636 1157 666 potus
1173 631 1294 665 vulgaris
1318 630 1344 657 iu
1369 637 1467 664 corpus
1488 634 1516 657 et
1540 630 1699 663 sanguinem

912 682 1032 704 transeat
1044 686 1052 711 ;
1066 683 1093 705 ct
1116 686 1180 705 vere
1196 683 1322 712 superest
1336 685 1436 710 corpus
1453 677 1542 711 ipsum
1558 684 1620 703 cum
1636 683 1700 702 vero

910 724 1042 758 sanguine
1050 723 1162 756 Christi,
1180 732 1233 750 non
1248 724 1340 755 aliud;
1356 723 1497 750 voluntate
1510 722 1607 753 Patris,
1617 728 1701 756 opere

910 768 971 796 Filii
988 775 1016 796 et
1033 770 1226 804 eooperationc
1247 770 1364 804 Spiritus
1378 769 1479 796 sancti.
1497 768 1574 802 Quod
1598 769 1700 794 bonum

912 823 966 842 non
988 816 1131 850 proveniet
1146 816 1191 843 his
1208 816 1253 848 qui
1270 815 1321 842 ﬁde
1334 815 1422 846 ﬁrma,
1437 818 1463 841 et
1484 814 1583 848 pietate
1599 812 1701 840 fervida

914 862 1011 888 atlettti
1035 866 1062 888 et
1083 866 1194 888 orantes
1220 860 1375 893 huiusmodi
1397 860 1531 886 sacriﬁcio
1547 859 1699 886 assistent?

915 907 969 934 Nec
984 907 1038 940 jam
1057 907 1083 934 in
1100 912 1172 934 terra
1191 907 1256 933 tales
1272 911 1363 938 erunt,
1385 906 1433 933 sed
1460 913 1523 932 vere
1549 905 1575 932 in
1602 905 1702 932 caelum

919 953 1075 980 transibunt
1092 961 1099 985 ;
1116 953 1151 979 ita
1168 953 1241 979 enim
1270 952 1355 979 voluit
1375 952 1495 986 optimus
1515 952 1636 979 omnium
1652 951 1704 978 Do-

915 999 1007 1025 minus
1024 1002 1052 1025 et
1071 999 1204 1026 cmlornm
1226 1007 1283 1030 rex,
1302 999 1348 1031 qui
1368 1002 1479 1032 propter
1493 1005 1542 1025 nos
1559 998 1586 1024 in
1603 1003 1703 1025 terram

915 1045 1058 1072 descendit
1073 1049 1101 1072 ut
1121 1053 1170 1072 nos
1185 1045 1306 1072 elcvarel,
1325 1045 1352 1071 in
1376 1045 1461 1072 caelos
1480 1049 1508 1071 et
1531 1051 1638 1078 semper
1656 1052 1704 1072 no-

916 1091 1022 1118 biscum
1041 1097 1173 1118 maneret.
1193 1091 1225 1118 Et
1252 1091 1386 1118 mirabilia
1402 1092 1459 1119 haec
1475 1095 1502 1118 et
1524 1091 1601 1118 terris
1614 1091 1703 1118 aliena

915 1145 965 1171 per
992 1136 1177 1163 sacerdotium
1203 1141 1332 1167 operatur
1360 1137 1462 1171 ubique
1488 1137 1593 1167 vivens,
1611 1141 1638 1163 ct
1656 1144 1704 1170 per

915 1189 1010 1209 omnes
1028 1189 1092 1208 suos
1106 1181 1262 1208 sacerdotes
1277 1189 1334 1208 suae
1350 1181 1484 1209 bonitatis
1505 1185 1531 1207 et
1547 1180 1704 1207 dilectionis

915 1228 1066 1262 operarios.
1091 1228 1124 1255 Et
1153 1228 1224 1255 sicut
1250 1235 1348 1255 omnes
1359 1229 1469 1263 angelos
1482 1232 1509 1254 et
1527 1228 1629 1254 anitnas
1640 1235 1704 1253 san-

915 1280 1022 1301 ctorum
1040 1274 1164 1301 claritate
1182 1280 1207 1301 et
1227 1274 1331 1309 fulgore
1344 1275 1424 1301 vestit
1441 1280 1467 1301 et
1478 1274 1566 1301 elevat
1583 1273 1608 1299 in
1626 1273 1704 1300 stades

906 1319 1053 1353 .coeln-SIes,
1076 1321 1113 1347 ita
1135 1328 1186 1347 nos
1204 1328 1298 1347 omnes
1312 1328 1405 1347 εγω-οε
1420 1327 1485 1347 suos
1501 1319 1652 1346 humillimo
1679 1319 1704 1345 in

916 1367 1050 1401 optimum
1067 1372 1164 1398 mutat,
1187 1371 1213 1393 et
1241 1372 1413 1400 peramantcr
1431 1366 1548 1400 suscipit
1565 1365 1704 1399 fovetque.

916 1420 945 1440 ut
961 1413 1064 1440 lumine
1089 1421 1141 1440 suo
1158 1413 1339 1440 circumfusos
1357 1413 1442 1439 societ
1454 1413 1604 1439 sanctitati.
1624 1415 1708 1439 Acce—

916 1459 1013 1486 damus
1032 1459 1113 1494 igitur
1127 1460 1234 1487 assidue
1250 1460 1412 1486 anhelantes
1428 1459 1568 1486 desiderio
1591 1464 1619 1486 et
1644 1458 1704 1492 pie-

77 1511 144 1538 στην
157 1504 190 1538 τῇ
210 1503 271 1538 ἱερᾷ
284 1505 477 1540 μυσταγωγίᾳ·
494 1506 534 1532 ὅτι
552 1506 628 1532 οὐδὲν
642 1507 671 1540 ἐξ
689 1507 770 1534 ἄλλου
781 1510 863 1535 παντὶ

917 1510 970 1532 tate
989 1505 1136 1537 ferventes.
1154 1510 1284 1540 quantum
1298 1513 1452 1540 possumus,
1468 1506 1501 1532 ad
1515 1509 1640 1532 sanctum
1660 1511 1706 1531 sa-

76 1549 167 1583 πιστῷ
182 1550 221 1579 ὡς
235 1551 268 1576 ἐκ
281 1550 377 1576 τούτου
392 1551 422 1577 τὸ
440 1551 546 1585 ὄφελος.
562 1553 617 1580 Καὶ
634 1554 702 1587 μηδὲ
720 1554 810 1588 ίερεύς
821 1564 864 1586 τις

75 1595 172 1622 τούτου
196 1596 395 1630 καταμελείτω.
423 1596 467 1624 ἵνα
492 1598 529 1633 μὴ
548 1599 595 1625 καὶ
617 1599 692 1633 αὐτῷ
714 1601 760 1626 καὶ
783 1601 864 1627 παντὶ

76 1641 166 1676 πιστῷ
184 1642 317 1677 μεγίστην
330 1642 448 1677 προξενῇ
468 1644 518 1678 τὴν
541 1643 656 1678 ζημίαν.
677 1645 736 1677 Καὶ
751 1646 803 1681 γὰρ
820 1646 864 1672 ἵνα

76 1687 181 1723 βλάϐην
206 1688 254 1714 καὶ
279 1687 380 1722 ζημίαν
398 1689 467 1716 ’καθ’
490 1689 644 1725 ὑπερϐολὴν
668 1690 787 1725 ἔχωμεν,
815 1692 864 1718 καὶ

76 1735 194 1761 πάντοτε
208 1734 259 1768 μὲν
273 1735 313 1765 είς
327 1735 377 1765 τὰς
393 1736 548 1770 προσευχὰς
559 1736 573 1762 ὁ
590 1736 708 1771 πονηρὸς
723 1737 864 1772 ῥᾳθύμους

75 1788 105 1807 τι
119 1779 170 1806 καὶ
185 1780 354 1814 ἀκηδιῶντας
372 1781 435 1811 τοὺς
452 1781 575 1813 εὐσεϐεῖς
598 1782 672 1817 ἡμᾶς
695 1784 742 1810 καὶ
756 1783 865 1819 ὀρθοδό-

77 1826 140 1859 ξους
157 1826 303 1861 ἐργάζεται
330 1826 490 1853 τούναντίον
516 1826 544 1853 δὲ
562 1828 625 1860 τοὺς
646 1828 743 1860 ἀθέους
760 1829 806 1855 καὶ
822 1830 866 1856 al-

77 1873 236 1907 ρετίζοντας
249 1873 289 1903 εἰς
303 1872 353 1903 τὰς
371 1873 472 1907 μιαρᾶς
488 1874 580 1900 αὐτῶν
597 1876 752 1909 προσευχὰς
765 1875 864 1907 αὐτοὺς

75 1919 220 1953 διεγείρει,
232 1918 269 1949 ὡς
280 1918 314 1945 ἂν
324 1919 425 1945 ἐκεῖνοι
441 1919 490 1953 μὲν
502 1920 546 1946 διὰ
561 1920 615 1946 τῶν
630 1921 737 1954 ἐναγῶν
748 1930 865 1955 προσευ-

77 1965 134 2000 χῶν
149 1965 251 1997 αὐτῶν,
271 1965 310 1996 ὡς
324 1965 371 1991 ἐπὶ
391 1965 471 1992 πλέον
493 1965 719 2001 βλασφημοῦντες
735 1975 866 2002 κατακρι-

76 2011 156 2038 θῶσι·
173 2011 338 2045 θεομαχοῦσι
352 2011 406 2046 γὰρ
421 2012 469 2038 καὶ
494 2012 544 2038 οὐκ
571 2011 696 2047 εὔχονται
712 2021 720 2028 ·
737 2013 817 2047 ἡμεῖς
836 2014 864 2039 δὲ

78 2057 117 2092 μὴ
133 2057 275 2092 εὐχόμενοι
302 2057 341 2091 τῷ
372 2057 491 2093 ἀληθινῷ
512 2057 572 2092 Θεῷ
596 2059 688 2094 ἡμῶν,
714 2059 764 2093 τῆς
781 2059 864 2086 αὐτοῦ

77 2103 190 2138 χάριτος
216 2103 402 2138 στερηθῶμεν.
432 2104 479 2130 Διὸ
508 2104 556 2131 καὶ
584 2105 701 2132 πάντοτε
724 2105 774 2140 μὲν
790 2106 865 2141 ἡμᾶς

77 2148 191 2175 σπεύδει
217 2147 334 2174 κωλύειν
352 2150 402 2182 τῆς
419 2149 584 2183 προσευχῆς,
605 2149 724 2183 μάλιστα
746 2151 774 2177 δὲ
795 2152 865 2178 κατὰ

75 2195 126 2230 τὴν
156 2194 231 2221 θείαν
257 2195 428 2230 ίερουργίαν.
451 2195 507 2222 Καὶ
532 2196 682 2222 ἐπιτίθεται
702 2196 862 2233 βαρύτερον,

77 2241 125 2268 καὶ
152 2241 204 2274 τὴν
229 2241 305 2267 θείαν
331 2240 402 2268 θέλει
425 2241 541 2268 κωλύειν
566 2241 746 2278 λειτουργίαν.
767 2244 824 2270 Καὶ
847 2244 864 2279 ἢ

77 2286 203 2323 ῥᾳθυμίᾳ
222 2287 239 2322 ἢ
265 2287 386 2321 εὐλόγοις
403 2287 486 2321 δῆθεν
503 2288 605 2320 αίτίαις
624 2289 742 2322 ἀπάγειν
764 2289 866 2324 ταύτης

77 2334 224 2369 ἐπιχειρεῖ·
243 2334 290 2360 καὶ
307 2334 471 2367 φαντασίαις
482 2335 509 2360 δὲ
525 2336 697 2369 νυκτεριναῖς
711 2336 773 2367 τοὺς
788 2337 866 2371 ἱερω-

79 2380 180 2415 μένους
204 2387 233 2404 τε
250 2379 299 2405 καὶ
313 2379 376 2408 τοὺς
394 2378 575 2413 βουλομένους
602 2380 727 2414 μετέχειν
744 2381 798 2407 τῶν
813 2390 865 2415 μυ-

78 2425 211 2460 στηρίων,
228 2424 385 2459 ἐμποδίζειν
399 2424 430 2450 οὐ
450 2427 634 2459 παραιτεῖται,
649 2425 686 2456 ὡς
701 2426 746 2452 διὰ
761 2426 866 2453 πολλῶν

76 2472 211 2505 ἔγνωμεν,
229 2470 383 2504 βασκαίνων
398 2470 444 2496 τοῦ
462 2471 600 2505 ἁγιασμοῦ
621 2472 667 2497 καὶ
682 2472 734 2506 τῆς
750 2472 866 2507 δωρεᾶς,

76 2518 136 2547 τοῖς
157 2524 187 2542 τε
207 2515 366 2550 ίερωμένοις
383 2515 535 2550 ὀρθοδέξοις
551 2517 616 2549 ἡμῖν
640 2517 668 2542 ἐν
691 2517 803 2552 Χριστῷ
820 2519 869 2544 καὶ

76 2563 135 2593 τοῖς
155 2562 269 2593 λαῑκοῐς,
287 2563 319 2587 ὲκ
333 2561 428 2588 τούτου
445 2561 546 2596 μᾶλλον
564 2563 578 2588 ὁ
593 2561 710 2593 δείλαιος
721 2563 869 2597 ἐλεγχόμε-

78 2617 126 2640 νος
144 2609 191 2634 καὶ
210 2607 475 2642 καταισχυνόμενος,
491 2607 529 2639 ὡς
553 2607 689 2642 βάσκανος
705 2607 743 2634 ὢν
757 2609 804 2634 καὶ
820 2617 870 2635 πο·-

79 2654 174 2689 νηρός.
190 2653 244 2680 Καὶ
263 2654 338 2680 ἄκων
354 2653 383 2680 δὲ
403 2655 538 2689 μαρτυρεῖ
555 2653 587 2680 τὸ
606 2654 678 2680 θετον
703 2654 750 2680 τοῦ
772 2655 866 2690 ἔργου,

79 2700 129 2728 καὶ
145 2699 177 2726 τδ
200 2698 250 2734 τῆς
274 2701 386 2734 χάριτος
410 2700 535 2734 μέγεθος.
562 2699 599 2726 Οὐ
619 2700 673 2735 γὰρ
694 2699 728 2726 ἂν
747 2699 864 2732 ἐκώλυε,

81 2747 121 2782 μὴ
147 2747 281 2782 μεγίστην
298 2745 416 2782 νομίζων
439 2746 490 2781 τὴν
513 2745 629 2781 δωρεὰν,
649 2747 695 2772 καὶ
720 2746 864 2780 ὡίέλειαν.

87 2793 130 2818 Ἄ)
138 2792 170 2819 λὰ
187 2792 369 2827 προσεκτέον·
385 2792 432 2819 καὶ
454 2792 549 2819 τοῦτον
567 2792 618 2826 μὲν
643 2792 784 2827 συντρίψει
801 2793 869 2828 Χριη

84 2839 158 2872 στις,
175 2840 208 2874 τῇ
224 2837 418 2873 ἐξομολογήσει
442 2838 469 2865 δὲ
486 2839 532 2865 καὶ
548 2837 713 2865 ταπεινώσει
736 2839 765 2866 ἐν
784 2845 868 2872 μετα-

915 1551 1049 1578 criﬁcium
1080 1560 1134 1586 pra:
1159 1553 1288 1579 omnibus
1319 1558 1345 1579 et
1373 1552 1490 1586 singulis
1507 1550 1703 1583 orationibus;

915 1599 978 1632 quia
994 1605 1026 1625 ex
1043 1598 1115 1624 nulla
1133 1598 1184 1624 alia
1203 1603 1275 1625 tanta
1295 1603 1385 1631 potest
1402 1597 1471 1624 fideli
1487 1597 1642 1631 cuicunque
1654 1595 1705 1623 ob-

915 1645 1010 1671 venire
1025 1644 1139 1672 utilitas.
1160 1644 1193 1671 Et
1217 1644 1345 1673 sacerdos
1372 1651 1512 1677 nunquam
1536 1643 1601 1669 illud
1620 1641 1706 1677 negli-

916 1697 983 1723 gens
996 1690 1198 1724 praetermittat,
1215 1697 1250 1716 ne
1265 1689 1324 1723 ipse
1334 1689 1385 1716 sibi
1400 1693 1426 1716 et
1439 1688 1569 1715 omnibus
1581 1687 1706 1714 ﬁdelibus

914 1742 1054 1761 sumntum
1084 1735 1182 1762 inferat
1205 1735 1348 1761 damnum.
1387 1733 1499 1760 Miriﬁce
1516 1733 1588 1760 enim
1612 1732 1655 1759 hic
1679 1735 1708 1759 et

915 1780 1103 1815 praeiudicium
1118 1785 1146 1807 et
1161 1780 1292 1807 damnum
1311 1779 1452 1806 incurrere
1468 1785 1627 1813 possumus;
1642 1784 1705 1804 nam

916 1834 1024 1861 semper
1039 1826 1129 1852 malus
1144 1826 1205 1860 pios
1223 1830 1248 1852 et
1263 1825 1432 1852 ortltodoxos
1447 1824 1474 1850 in
1489 1823 1593 1850 orando
1608 1830 1705 1857 Segnes

915 1877 942 1899 et
956 1872 1099 1898 act-diosus
1119 1871 1188 1898 solet
1208 1870 1309 1902 facere,
1326 1870 1420 1896 atheos
1442 1874 1536 1896 contra
1552 1873 1578 1895 et
1596 1869 1707 1895 hmreti-

916 1925 963 1945 cos
981 1918 1013 1944 ad
1035 1919 1153 1951 impttras
1178 1921 1205 1943 et
1220 1916 1342 1942 nefarias
1356 1923 1424 1948 quas
1440 1915 1535 1942 dicunt
1549 1922 1643 1949 preces
1659 1914 1707 1940 im-

916 1963 1018 1998 pellere
1031 1962 1139 1997 satagit,
1158 1966 1186 1988 ut
1203 1962 1260 1988 Suis
1275 1961 1449 1988 orationibus
1465 1961 1552 1995 magis
1570 1968 1603 1986 ac
1619 1961 1706 1994 magis

917 2009 1140 2043 blasphemantcs
1158 2008 1378 2035 condemnentur
1391 2016 1400 2034 :
1423 2006 1506 2034 Dentri
1522 2006 1594 2033 enim
1618 2006 1707 2040 impu-

916 2060 1000 2088 gnaut
1016 2055 1116 2082 nedum
1132 2059 1228 2087 orent;
1247 2062 1298 2081 nos
1311 2061 1376 2081 vero
1406 2061 1441 2080 ne
1470 2053 1524 2080 Dt-o
1539 2057 1631 2080 nostro
1643 2060 1707 2086 pre-

916 2112 962 2132 ces
977 2111 1031 2129 non
1051 2101 1197 2128 fundentes
1216 2101 1302 2135 gratia
1318 2099 1378 2133 ejus
1393 2099 1585 2126 destituatnur.
1603 2098 1706 2125 Idcirco

918 2157 1026 2183 semper
1041 2148 1141 2175 nititur
1152 2155 1201 2174 nos
1212 2153 1306 2173 arcere
1319 2145 1354 2172 ab
1366 2139 1500 2177 oratione,
1530 2145 1576 2172 sed
1590 2145 1708 2172 maxime

918 2205 932 2223 a
948 2201 1043 2222 sancto
1059 2198 1085 2221 et
1099 2193 1194 2220 divino
1212 2192 1357 2224 sacriﬁcio,
1369 2196 1397 2219 et
1413 2191 1561 2219 instantius
1572 2192 1669 2225 premit
1680 2195 1710 2217 ut

919 2242 1050 2276 impediat
1067 2240 1278 2268 celebrationem
1295 2239 1390 2270 Missm.
1408 2242 1435 2266 et
1461 2238 1517 2265 sive
1544 2237 1706 2276 negligentia

916 2274 997 2324 jitstis
1014 2288 1047 2315 dc
1063 2286 1154 2314 causis
1167 2287 1201 2313 ab
1218 2286 1262 2312 illa
1277 2285 1418 2312 deterrere
1436 2289 1519 2312 tentat
1535 2293 1542 2317 ;
1570 2291 1621 2311 nec
1635 2274 1709 2310 dedi—

921 2339 1021 2369 gnatur
1037 2332 1183 2360 nocturnis
1201 2331 1385 2362 illusionibus,
1402 2335 1430 2358 et
1442 2337 1489 2356 eos
1505 2331 1551 2364 qui
1568 2336 1713 2356 consecra-

922 2381 973 2408 turi
992 2384 1057 2406 sunt
1074 2383 1099 2406 et
1112 2386 1160 2405 eos
1175 2377 1220 2412 qui
1238 2377 1363 2409 mysteria
1376 2376 1539 2410 participare
1551 2375 1709 2408 intendunt,

921 2432 951 2454 ut
971 2427 997 2453 in
1013 2426 1136 2460 pluribus
1157 2425 1256 2451 factum
1281 2423 1419 2454 novimus,
1448 2422 1598 2456 praepedire
1616 2430 1630 2448 a
1649 2429 1710 2456 pro-

923 2473 1024 2508 posito,
1039 2471 1156 2498 irridens
1169 2468 1403 2496 consecrationem
1421 2466 1476 2494 Deo
1495 2472 1522 2494 et
1542 2466 1588 2494 Dei
1609 2466 1709 2494 donum

921 2518 1000 2546 nobis
1014 2515 1241 2545 consecrantihus
1254 2514 1281 2540 in
1297 2513 1407 2540 Christo
1433 2517 1459 2540 et
1475 2513 1560 2544 laicis,
1574 2513 1638 2539 inde
1655 2520 1712 2539 ma-

922 2566 993 2592 xime
1011 2561 1194 2598 improbitatis
1221 2564 1249 2587 et
1267 2559 1394 2593 nequitiae
1424 2547 1714 2586 convictus‘et’l'asci-

923 2608 1044 2636 nationis
1061 2613 1087 2634 et
1104 2605 1228 2641 pessima:
1246 2605 1312 2632 artis
1340 2609 1403 2631 nota
1421 2604 1537 2631 inustus.
1555 2603 1657 2630 Invitus
1672 2608 1712 2629 ta-

923 2663 983 2682 men
996 2655 1086 2689 operis
1104 2653 1176 2680 illius
1189 2652 1359 2679 divinitatem
1375 2655 1490 2677 testatur
1514 2655 1540 2677 et
1553 2650 1647 2684 gratiae
1663 2658 1709 2676 ex-

919 2702 1090 2732 cellentiam;
1104 2700 1168 2727 dum
1185 2698 1258 2726 enim
1273 2697 1306 2724 alt
1324 2697 1376 2724 illis
1388 2697 1538 2727 dissuadet,
1554 2695 1648 2722 sedulo
1663 2702 1711 2722 ca-

919 2753 964 2774 vet
978 2754 1012 2774 ne
1026 2745 1181 2773 celsitudini
1202 2750 1230 2772 et
1260 2744 1333 2771 bono
1351 2743 1415 2770 doni
1443 2742 1523 2777 hujus
1545 2741 1712 2768 attendatur.

922 2793 974 2820 Sed
987 2792 1134 2828 diligenter
1148 2791 1423 2818 animadvertendum
1439 2793 1482 2816 est
1497 2796 1504 2822 ;
1519 2789 1592 2816 hunc
1603 2787 1713 2822 quidem

922 2838 1050 2866 Christus
1071 2839 1242 2866 comminuet
1257 2844 1265 2864 :
1285 2836 1465 2864 confessione
1482 2840 1572 2862 autetn
1587 2839 1614 2862 et
1627 2833 1715 2862 humi-
