1918 3042
82 132 131 163 945

432 134 627 166 RESPONSA
647 135 697 166 AD
721 135 945 166 GABRlELEM
967 136 1321 169 PENTAPOLITANUM.

1655 141 1707 172 946

82 189 221 224 απόδομα·
245 198 254 215 ι
273 189 310 220 ὼς
349 189 396 216 καὶ
433 190 472 224 τῷ
495 190 593 224 Ἀδὰμ,
613 199 623 216 ι
653 191 855 226 Ἐπικατάρατο

923 191 949 217 in
966 193 1094 226 operibus
1109 196 1161 221 luis
1177 194 1210 226 ’°,
1230 203 1238 219 ι
1262 199 1288 221 ct
1305 193 1404 229 reliqua
1420 194 1520 223 doloris
1536 203 1704 232 argumenta.

81 236 97 269 ἡ
111 235 146 270 γῆ
165 236 193 261 ὲν
202 235 257 266 τοῖς
275 235 366 268 ἔργοις
383 243 439 267 σου,
451 245 460 261 ι
481 236 529 262 καὶ
545 237 579 262 τὰ
598 236 680 262 λοιπὰ
694 237 743 270 τῆς
760 236 866 269 ὀδύνης.

81 281 128 307 Arb
141 282 190 307 καὶ
210 281 235 307 οἱ
254 280 304 315 μὲν
320 282 521 316 ἡμαρτηκότες,
546 282 579 309 δι’
596 282 691 317 ὀδύνης
708 284 755 310 καὶ
779 283 868 310 πόνων

79 326 113 353 τὰ
129 326 179 360 τῆς
196 326 294 361 ἡδονῆς
311 327 413 358 λύουσι,
430 329 477 354 καὶ
507 328 556 362 τῆς
576 328 672 363 ὀδύνης
695 329 804 364 ἐκείνης
819 329 868 355 οὔκ

79 373 325 406 αὶσθανθήσονται,
343 373 416 399 καθὰ
433 373 465 408 δὴ
485 374 529 400 καὶ
558 374 625 401 πολὺ
652 375 751 409 πλῆθος
777 376 867 410 εἰργά-

80 427 149 445 σατο
171 418 227 444 τῶν
248 418 339 451 ὁσίων,
371 419 420 445 καὶ
441 420 466 445 ol
483 420 511 446 ἐν
541 421 573 454 τῇ
595 420 709 454 κλίμακι
739 415 867 455 μακᾶριοι

77 464 180 490 ὲκείνοι
198 464 355 491 κατάδικοι*
371 466 397 490 ol
416 465 452 500 μὴ
472 465 720 500 πλημμελήσαντες
739 466 778 498 δὲ,
797 466 865 499 ὅπερ

77 510 175 544 σχεδὸν
190 510 290 542 οὐδενὶ,
306 510 354 536 καὶ
377 510 421 536 διὰ
437 511 486 545 τὴν
503 510 549 537 τοῦ
574 512 709 537 Δεσπότου
725 511 809 546 τιμὴν
820 520 868 545 τη-

76 554 198 582 λικαῦτα
213 555 247 581 δι’
262 556 336 589 ἡμᾶς
365 556 541 587 πεπονθότος,
569 557 616 582 καὶ
637 556 669 582 δι’
697 557 768 589 ἆττερ
793 556 868 590 ὀφεί-

76 599 168 631 λουσι,
183 600 230 626 καὶ
245 600 289 626 διὰ
300 600 330 626 τὸ
356 600 393 635 μὴ
409 602 513 631 πεσεῖν,
536 601 658 635 ἀνάγκην
675 601 782 636 ἔχουσιν
792 603 866 635 ἐνερ-

77 647 149 679 γεῖν.
168 646 199 671 E’.
217 646 271 680 γὰρ
290 647 304 672 ὁ
323 646 427 677 Παῦλος
460 646 642 680 stimulat-{Mat
667 647 696 674 τὺ
713 648 803 682 σῶμα,
823 649 865 674 ἵνα

41 727 45 730 ξ
77 691 117 725 μὴ
131 691 259 725 ἀδόκιμος
272 691 391 726 γένηται,
402 692 441 723 τίς
457 693 524 724 ὅλως
537 693 670 728 Θαρῤἠσει
684 694 722 728 τῷ
734 695 841 729 σώματι
856 703 864 728 ;
892 729 895 737 γ

33 734 44 741 “
79 746 90 762 ι
118 737 202 763 Ἀλλὰ
229 737 277 764 καὶ
305 738 402 773 βιαστή
423 738 497 765 ἐστιν
520 739 678 774 ἡβασιλεία
709 741 762 767 τῶν
781 741 866 776 οὐρα-

75 782 144 814 νῶν,
167 793 176 809 ι
193 785 209 818 ἡ
242 783 367 817 ’Δλήοεια
391 784 455 818 ἔφη,
472 793 480 809 ι
497 786 544 811 καὶ
571 787 680 817 βιασταὶ
694 787 864 821 ἁρπάζουσιν

75 829 175 863 αὐτὴν.
198 839 207 855 ι
229 830 283 856 Καὶ
298 829 384 856 ταῦτα
402 830 451 864 μὲν
464 831 529 865 περὶ
544 832 593 866 τῆς
609 833 637 858 ὲν
653 832 763 868 Χριστῷ
779 842 863 860 κακο-

75 875 206 906 παθείας.
241 875 274 901 Ἦ
292 875 457 908 ταπείνωσις
485 876 513 903 δὲ
537 877 586 912 τὴν
612 877 660 905 τοῦ
687 879 862 914 ὑπερηφάνου

74 920 169 955 οἴησιν
197 920 287 953 ἄθεον,
307 922 356 947 καὶ
382 922 412 948 τὸ
427 922 478 957 τῆς
511 923 629 955 ἰσοθεῖας
653 925 776 952 ἀντίθεον
798 927 865 960 φρό-

73 974 152 1000 νημα
164 966 210 993 τοῦ
225 968 441 1002 πρωτοπλάστου
453 969 590 1004 καθαίρει,
599 971 646 997 καὶ
659 970 704 997 τὸν
719 971 862 1007 ἄνθρωπον

73 1012 185 1046 ἁνυψοί.
200 1014 245 1040 Διὸ
261 1015 305 1040 καὶ
321 1015 375 1044 πᾶς
393 1015 443 1049 μὲν
457 1016 669 1050 ταπεινούμενος
685 1017 787 1053 ἀληθής
797 1027 803 1033 ·
822 1020 862 1046 ὅτι

74 1059 123 1085 καὶ
156 1059 259 1093 κτίσμα
291 1060 339 1086 καὶ
354 1060 429 1087 οὐδὲν
445 1060 491 1094 ἀφ’
512 1061 610 1088 ἑαυτοῦ
637 1063 780 1098 κέκτηται,
809 1065 862 1092 κᾶν

72 1106 149 1140 ἔχειν
162 1106 238 1141 δοκῇ.
258 1107 290 1134 τι
307 1108 360 1143 γὰρ
384 1108 456 1142 ἔχεις
471 1109 485 1135 ὃ
506 1110 556 1136 οὐκ
572 1110 666 1142 ἔλαϐες
682 1121 689 1144 ;
711 1113 788 1146 φησι.
806 1114 862 1144 Πᾶς

71 1152 102 1178 δὲ
119 1153 239 1185 ἀλαζὼν,
255 1154 292 1185 ὡς
308 1156 322 1181 ὁ
341 1154 472 1187 διάϐολος,
488 1156 619 1192 ψεύστης,
645 1158 712 1191 μήτε
727 1158 811 1185 Θέλων
821 1161 862 1185 εί-

71 1198 158 1229 sem.
175 1199 243 1233 μήτε
261 1199 340 1230 εἰδὼς
351 1201 398 1227 τὸν
424 1201 512 1228 αἴτιον
535 1204 582 1229 καὶ
614 1203 793 1238 δημιουργὸν,
809 1206 860 1232 κᾶν

72 1246 121 1270 καὶ
139 1244 239 1271 εἰδέναι
255 1245 337 1281 δοκῇ·
357 1247 403 1272 καὶ
420 1247 474 1278 πᾶς
490 1248 540 1282 μὲν
556 1250 724 1277 κακοπαθῶν
739 1251 782 1277 διὰ
796 1252 862 1286 Χρι-

73 1290 148 1319 στὸν.
162 1290 294 1325 ἀθλητὴς,
318 1292 365 1318 καὶ
381 1291 430 1327 τὴν
448 1294 552 1327 τρυφὴν
571 1294 605 1320 δι’
616 1295 650 1330 ἣν
676 1296 862 1332 πεπτώκαμεν

73 1335 217 1362 καταλύων
232 1337 280 1362 καὶ
295 1337 431 1372 ἀναιρῶν,
462 1340 564 1373 καὶμὴ
590 1340 706 1374 θερίζων
733 1343 786 1368 ἀπὸ
810 1345 860 1377 τῆς

73 1382 176 1415 σαρκὸς
194 1382 307 1416 φθοράν.
330 1382 359 1409 '0
380 1384 407 1410 δὲ
425 1385 572 1411 σπαταλῶν
585 1387 726 1420 κομίζεται
738 1388 859 1423 οὶεορον,

72 1429 121 1453 καὶ
135 1427 191 1459 ζῶν
207 1429 390 1464 ἀποθνήσκει,
417 1431 464 1457 καὶ
485 1432 600 1467 συνιστᾷ
624 1433 672 1468 τὴν
691 1435 857 1468 παράὸασιν,

73 1474 121 1500 καὶ
133 1474 233 1506 σαρκός
251 1475 308 1500 ἐστι
326 1475 428 1507 δοῦλος,
443 1477 490 1503 καὶ
500 1479 588 1512 τρυγᾷ
602 1479 716 1506 θάνατον
730 1481 797 1514 ὁμοῦ
813 1483 859 1508 καὶ

921 237 1024 265 Idcirco
1041 244 1096 266 tum
1115 240 1161 274 qui
1194 245 1374 274 peccaverunt
1398 249 1444 275 per
1458 241 1558 269 doloris
1571 251 1665 277 pinnas
1680 248 1707 271 et

920 283 1028 310 labores
1040 285 1187 319 voluptatis
1203 293 1284 320 opera
1300 286 1378 313 luunt
1394 295 1400 312 :
1418 287 1478 320 ejus
1492 292 1582 314 tamen
1594 289 1705 317 aculeos

920 329 1021 356 doloris
1037 337 1091 356 non
1107 331 1226 357 sentient
1244 332 1399 366 aliquando,
1419 333 1485 359 utin
1500 334 1623 367 pluribus
1640 343 1705 361 san-

919 375 971 402 ctis
986 375 1085 402 factum
1102 381 1140 403 est
1155 385 1161 409 ;
1179 382 1206 404 et
1222 377 1310 405 beatis
1332 379 1386 405 illis
1398 380 1442 408 qui
1459 380 1485 405 in
1498 380 1611 406 climace
1639 389 1704 408 con-

919 421 1037 448 demnati
1075 423 1240 455 manebant;
1270 430 1326 450 tum
1354 426 1398 457 qui
1433 433 1485 452 non
1513 426 1702 460 deliquerunt.

919 471 945 492 at
962 466 1012 493 hoc
1025 466 1082 493 fere
1099 467 1163 494 nulli
1194 469 1318 503 contigit,
1334 474 1360 496 et
1379 475 1489 504 propter
1508 472 1637 498 honorem
1653 472 1704 498 Do-

920 513 983 539 mini
1002 513 1046 547 qui
1064 518 1137 540 tanta
1156 522 1205 549 pro
1221 515 1300 542 nobis
1317 516 1437 549 pertulit,
1454 521 1480 542 et
1502 522 1611 551 propter
1623 518 1702 544 debi-

920 563 974 584 tum
985 558 1114 591 cilicium,
1127 564 1153 586 ot
1163 565 1274 594 propter
1288 562 1517 594 perseverantiam
1531 562 1557 588 in
1572 570 1626 589 non
1642 570 1703 596 pec-

920 604 1017 636 cando,
1044 612 1159 632 necesse
1181 606 1283 633 [tabent
1302 615 1430 634 exercere
1454 607 1587 634 dolorem.
1606 607 1702 635 Nonne

917 649 989 676 enim
1007 649 1107 677 Paulus
1123 658 1222 685 corpus
1234 659 1312 678 suum
1330 653 1355 678 in
1371 653 1528 680 servitutem
1553 654 1701 689 redigebat,

920 702 953 721 ne
993 696 1126 729 reprobus
1153 698 1365 725 elliccretur“?
1405 699 1471 731 Quis
1498 707 1563 733 ergo
1593 701 1701 734 corpori

918 739 1091 775 indulgebit?
1122 741 1169 768 sed
1189 747 1216 768 ct
1248 741 1355 769 Veritas
1371 742 1439 769 dixit
1457 751 1463 768 :
1500 752 1508 767 ι
1529 742 1587 769 Vin:
1603 743 1703 776 patitur

918 794 1031 821 regnum
1056 786 1199 819 C(olorum,
1216 793 1242 814 et
1273 787 1382 815 violenti
1415 788 1524 822 rapiunt
1555 788 1619 814 illud
1635 788 1667 813 ¹¹.
1688 796 1697 811 ι

918 832 951 859 Ει
973 833 1031 860 haec
1063 832 1097 860 de
1122 833 1283 867 perferendo
1313 833 1404 860 delere
1433 837 1459 860 in
1484 833 1605 860 Christo.
1639 832 1698 859 llu-

916 878 1015 905 militas
1042 885 1106 905 vero
1133 883 1211 905 sanat
1234 883 1261 905 et
1287 885 1384 913 purgat
1403 879 1538 913 superbia:
1569 885 1699 912 praesum-

915 924 1033 958 ptionem
1066 924 1112 950 Dei
1139 924 1338 956 immemorem,
1366 925 1421 952 imo
1448 929 1542 952 contra
1558 924 1641 950 Dmm
1667 931 1698 950 se

913 969 1097 1001 extollentem,
1115 973 1144 996 ut
1163 970 1190 996 in
1217 975 1421 1004 protoparente,
1447 970 1492 1005 qui
1512 978 1541 997 se
1566 969 1695 1004 aequalem

913 1016 969 1043 Deo
988 1016 1150 1048 aestimabat,
1173 1021 1200 1043 et
1222 1016 1256 1043 ita
1275 1016 1412 1043 hominem
1428 1024 1490 1042 vere
1505 1015 1585 1053 extoll
1598 1020 1616 1042 ι.
1637 1016 1698 1042 Ideo
1719 1038 1722 1039 ν

913 1062 1001 1089 omnis
1017 1062 1062 1096 qui
1087 1069 1116 1090 se
1134 1062 1257 1089 humiliat
1269 1082 1277 1094 ,
1300 1063 1326 1088 in
1344 1062 1458 1088 veritate
1477 1065 1536 1093 est;
1556 1069 1617 1088 nam
1634 1068 1696 1087 cum

913 1109 948 1136 sit
961 1113 1096 1139 creatura,
1110 1109 1176 1135 nihil
1192 1108 1242 1135 sibi
1260 1109 1318 1142 ipse
1333 1107 1447 1134 contulit
1462 1107 1495 1134 de
1509 1107 1550 1133 his
1565 1114 1624 1141 qtne
1639 1114 1698 1132 ere-

913 1155 1011 1182 ιΙὶὼ-ι-ἰι
1023 1155 1131 1181 habere.
1143 1163 1152 1179 ι
1165 1154 1236 1186 Quid
1249 1154 1318 1180 enim
1335 1154 1418 1180 habes
1434 1153 1506 1187 quod
1522 1160 1576 1178 non
1590 1153 1698 1186 accepi-

912 1203 967 1228 sti?
987 1211 995 1226 ι
1015 1201 1052 1228 ait
1067 1200 1165 1227 Paulus
1179 1201 1210 1226 “.
1223 1199 1317 1227 Omnis
1333 1207 1397 1234 ergo
1411 1201 1454 1232 qui
1472 1207 1500 1225 se
1511 1199 1594 1233 jaclat
1611 1205 1636 1224 et
1651 1205 1699 1224 cx-

913 1248 992 1278 tollit.
1009 1247 1170 1274 utdiabo'us
1188 1246 1302 1272 mendax
1320 1250 1362 1272 est
1375 1249 1529 1276 veterator;
1545 1251 1633 1278 neque
1650 1251 1698 1270 vo-

911 1293 970 1320 lens
992 1300 1151 1328 agnoseore,
1169 1300 1257 1325 neque
1281 1291 1374 1318 sciens
1391 1298 1500 1317 causam
1528 1294 1554 1317 et
1572 1290 1696 1324 opilieem

911 1341 963 1367 etsi
989 1340 1080 1366 credat
1108 1345 1264 1373 agnoscere.
1290 1337 1387 1364 Omnis
1401 1337 1446 1371 qui
1471 1337 1573 1370 patitur
1588 1342 1699 1371 propter

910 1386 1060 1417 Christum,
1076 1385 1188 1416 athleta,
1204 1384 1362 1418 superbiam
1379 1391 1425 1418 per
1439 1391 1518 1418 quam
1537 1383 1699 1417 deliquimus

910 1433 1019 1459 solvens
1035 1436 1061 1458 et
1077 1431 1232 1462 dcstruens,
1249 1438 1303 1457 non
1319 1430 1353 1456 de
1364 1437 1446 1456 carne
1457 1430 1534 1456 metit
1546 1429 1699 1463 corruptio-

910 1485 983 1510 nem,
994 1478 1056 1504 dum
1073 1477 1117 1504 ille
1136 1476 1182 1511 qul
1197 1476 1326 1502 dt-liciose
1341 1475 1418 1509 vivit,
1429 1475 1537 1502 ruinam
1553 1475 1697 1507 accelerat,

73 1519 188 1554 φθοράν.
221 1521 252 1546 El
276 1519 322 1547 οὖν
341 1522 389 1547 καὶ
408 1523 421 1548 ό
449 1523 551 1557 Κύριος
574 1526 741 1553 κακοπαθῶν
769 1526 802 1563 ἦν
823 1528 859 1564 μὴ

913 1529 940 1551 et
953 1524 1047 1551 vivens
1064 1527 1187 1550 mortuus
1203 1527 1262 1554 est,
1288 1527 1315 1549 et
1330 1521 1438 1556 culpam
1478 1525 1570 1556 auget.
1595 1526 1623 1549 et
1641 1529 1701 1549 ser-

71 1564 200 1598 ὸφείλων,
219 1566 266 1591 καὶ
280 1566 385 1598 Παῦλος
401 1567 561 1600 ὑποπιάζιον
586 1570 617 1596 τὸ
631 1570 711 1604 σῶμα
731 1573 779 1599 καὶ
799 1573 858 1599 δου-

71 1610 208 1644 λαγωγῶν
234 1612 280 1637 καὶ
309 1612 365 1638 τῶν
387 1614 544 1640 ἀποστόλων
577 1615 605 1642 δὲ
627 1617 675 1643 καὶ
698 1618 796 1652 ίερέων
813 1620 859 1645 καὶ

72 1657 183 1683 πάντων
199 1656 334 1684 ἐκλεκτῶν
345 1658 370 1684 οι
391 1659 476 1693 χοροὶ,
493 1661 505 1685 ό
521 1660 617 1695 Σωτὴρ
634 1661 662 1688 δὲ
678 1663 724 1689 καὶ
739 1671 859 1697 σωματι-

73 1703 131 1734 κῶς
145 1703 285 1738 ὑπήνεγκε
303 1704 417 1731 θάνατον
445 1706 492 1732 καὶ
510 1707 612 1741 μυρίας
627 1707 711 1739 ἄλλας
736 1717 860 1736 κακοπα-

72 1750 150 1781 θείας
177 1750 223 1776 καὶ
241 1749 355 1784 θλίψεις,
371 1752 417 1777 καὶ
438 1751 464 1777 οί
484 1753 611 1787 ἀπαρχῆς
636 1753 679 1780 τοῦ
700 1754 782 1789 νόμου
812 1756 858 1782 καὶ

71 1796 120 1830 τῆς
141 1796 253 1830 χάριτος
269 1796 415 1831 ὑπηρέται,
434 1798 482 1824 καὶ
510 1799 658 1834 μαρτύρων
687 1801 776 1836 πλήθη
792 1803 857 1838 ἄχρι

72 1843 200 1876 βασάνων
215 1844 261 1869 καὶ
276 1842 395 1869 θανάτου
421 1844 641 1879 ἁνδρισαμένων,
672 1849 814 1881 μοναστῶν
830 1858 858 1875 τε

70 1889 118 1916 καὶ
138 1890 266 1924 ἀσκητῶν
286 1892 332 1916 καὶ
350 1889 493 1924 παρθένων
506 1891 576 1926 ὑπὲρ
588 1892 705 1927 ἀριθμὸν
720 1894 856 1928 σύλλογοι,

69 1934 112 1966 τις
128 1935 192 1969 περὶ
204 1934 301 1961 τούτου
328 1935 505 1970 διαπορήσειε
521 1937 622 1970 πλέον;
639 1939 693 1964 Καὶ
706 1939 738 1965 σὺ
755 1941 855 1971 τοίνυν,

68 1979 167 2013 ἑδελφὲ
182 1980 369 2010 ποθεινότατε.
386 1981 517 2015 καθαρῶς
534 1982 612 2013 εἰδὼς
635 1984 669 2009 τὰ
680 1984 793 2011 τοιαῦτα
810 1986 858 2012 καὶ

67 2023 129 2050 κατ’
143 2018 263 2056 ἐκείνους
286 2026 387 2052 ὁδεύων
417 2027 480 2058 τοὺς
498 2027 544 2054 τοῦ
561 2028 693 2062 Χριστοῦ,
711 2031 757 2055 καὶ
775 2031 856 2059 αὑτὸν

66 2070 94 2095 δὲ
108 2069 156 2096 τὸν
169 2070 309 2104 Δεσπότην
331 2070 410 2105 ἠμῶν
423 2071 523 2106 ζηλῶν,
539 2073 584 2099 καὶ
597 2073 635 2105 ὡς
650 2073 710 2100 ινδν
723 2076 856 2111 ἐκμιμού-

67 2124 161 2149 μενος,
181 2115 261 2149 εὖχου
287 2117 335 2143 καὶ
353 2118 427 2152 ἡμᾶς
455 2121 668 2156 καταφρονητάς
685 2122 801 2158 ὀφθῆναι
826 2124 855 2150 ἐν

65 2161 141 2198 αὑτῷ
155 2161 194 2196 τῷ
212 2163 308 2197 Κυρίῳ
321 2163 368 2198 τῆς
381 2164 567 2200 φθειρομένης
593 2167 706 2202 σαρκὸς,
725 2169 772 2195 καὶ
788 2170 852 2204 ἐρα-

65 2207 131 2238 στὰς
142 2207 271 2241 γενέσθαι
286 2209 340 2236 τῶν
362 2209 507 2244 οὐρανίων,
526 2212 565 2243 ὡς
590 2213 624 2239 ἂν
641 2214 853 2250 καταξιωθῶμεν

63 2254 135 2280 ἐλέει
150 2253 247 2280 τούτου
265 2254 449 2288 ἀναλύσαντες
465 2257 497 2283 ἐκ
514 2257 561 2283 τοῦ
580 2258 718 2292 σώματος,
739 2261 787 2287 σὺν
803 2260 852 2287 αὐ-

62 2299 101 2334 τῷ
123 2296 195 2326 ιῐναι
225 2299 384 2334 διαπαντὸς,
401 2301 439 2336 τῷ
469 2303 542 2338 μόνῳ
556 2304 664 2339 ὲραστῷ
676 2305 788 2342 Χριστῷ
815 2307 853 2342 τῷ

62 2345 122 2382 Θεῷ
137 2345 227 2381 ἡμῶν.

912 1576 961 1595 vus
976 1568 1065 1595 carnis
1078 1568 1252 1598 constitutus,
1269 1567 1303 1593 de
1314 1573 1396 1593 carne
1416 1566 1492 1593 metit
1506 1566 1587 1593 simul
1603 1573 1699 1593 currit-

911 1616 1029 1650 ptiouem
1045 1620 1073 1642 et
1088 1619 1214 1641 ntortr-m.
1229 1613 1298 1640 Cum
1317 1613 1399 1648 igitur
1415 1619 1442 1640 et
1457 1613 1587 1640 Dominus
1603 1621 1700 1648 passus

910 1663 955 1693 sit,
970 1662 1017 1697 qui
1035 1666 1125 1687 tamen
1144 1668 1193 1687 nec
1210 1660 1367 1687 merebatur
1382 1667 1433 1687 nec
1448 1668 1517 1694 opus
1532 1660 1658 1692 habebat;
1675 1660 1698 1687 si

910 1708 1011 1735 Paulus
1025 1711 1170 1734 conterens
1185 1714 1285 1741 corpus
1307 1706 1371 1733 illud
1394 1706 1420 1733 in
1440 1707 1598 1734 servitutem
1618 1707 1698 1734 rede-

910 1753 966 1787 git;
994 1753 1015 1779 si
1046 1752 1230 1786 apostolorum
1252 1770 1259 1781 ,
1285 1756 1310 1778 et
1335 1751 1517 1782 sacerdotum,
1534 1754 1561 1778 et
1576 1751 1698 1778 omnium

910 1798 1059 1825 electorum
1082 1797 1169 1829 chori,
1187 1796 1303 1822 Domino
1319 1796 1363 1827 qui
1383 1802 1498 1822 mortem
1521 1796 1698 1829 corporaliter

910 1844 1030 1870 subierat
1044 1848 1072 1869 et
1089 1843 1163 1869 mille
1184 1842 1254 1869 alias
1281 1841 1446 1868 toleraverat
1461 1849 1607 1873 aerumnas,
1624 1842 1697 1869 vices

909 1890 1018 1916 easdem
1041 1887 1226 1920 reddiderint;
1250 1887 1272 1913 si
1299 1886 1365 1920 legis
1380 1887 1450 1912 servi
1467 1893 1482 1911 a
1501 1887 1638 1920 principio
1669 1891 1696 1914 et

908 1934 1002 1969 gratia:
1016 1932 1073 1965 liliiI
1088 1937 1115 1960 et
1131 1937 1279 1967 martyrum
1296 1931 1404 1966 agmina
1423 1932 1538 1959 viriliter
1555 1933 1696 1959 sustinue-

908 1984 972 2007 runt
989 1979 1023 2006 ad
1049 1983 1183 2006 tormenta
1209 1983 1236 2005 et
1259 1985 1345 2012 usque
1365 1977 1399 2004 ad
1414 1983 1544 2009 mortem;
1562 1978 1583 2004 si
1601 1985 1697 2004 mona-

909 2024 1020 2051 chorum
1038 2027 1065 2050 et
1078 2024 1256 2050 eremitarum
1274 2028 1301 2049 et
1318 2022 1453 2057 virginum
1465 2023 1651 2050 multitudines
1668 2026 1693 2049 in

908 2070 979 2097 idem
994 2068 1120 2095 abierunt
1134 2068 1316 2103 propositum,
1330 2069 1391 2103 quis
1417 2075 1499 2103 super
1514 2068 1696 2096 liisdnbitare

904 2116 959 2151 jam
976 2115 1081 2150 queat?
1098 2115 1138 2142 Tu
1157 2121 1232 2150 ergo,
1247 2114 1330 2141 frater
1349 2114 1592 2147 desideratissime,
1611 2116 1695 2150 probe

907 2163 1004 2189 doctus
1023 2162 1080 2189 lucc
1102 2161 1192 2188 omnia
1210 2179 1218 2192 ,
1243 2160 1355 2188 incedas
1382 2167 1408 2188 ct
1433 2161 1491 2195 ipse
1506 2165 1566 2196 post
1585 2161 1696 2196 vestigia

905 2208 1018 2241 Christi,
1037 2212 1064 2235 et
1080 2207 1154 2234 illum
1171 2207 1245 2234 omni
1268 2207 1403 2234 desiderio
1419 2208 1603 2242 prosequaris,
1618 2212 1644 2235 et
1655 2208 1697 2242 ip-

906 2263 966 2285 sum
983 2254 1071 2282 solum
1096 2253 1225 2280 memoria
1240 2252 1377 2286 cordeque
1406 2253 1527 2282 habeas:
1553 2259 1696 2286 precamur

906 2306 998 2331 autem
1015 2305 1044 2328 ct
1064 2307 1113 2327 nos
1135 2303 1165 2326 ut
1189 2299 1327 2333 possimus
1344 2306 1452 2333 semper
1470 2299 1554 2325 videri
1571 2303 1695 2325 contem-

907 2353 1005 2378 nentes
1020 2348 1047 2375 iu
1063 2346 1175 2374 Christo
1193 2345 1306 2372 Domino
1319 2354 1430 2372 carnem
1449 2346 1517 2372 hanc
1531 2353 1571 2371 om
1581 2345 1691 2379 ruptibi.

63 2394 127 2426 lem,
143 2397 171 2420 et
185 2393 336 2421 caelestium
350 2395 477 2424 ardentes
491 2401 627 2425 amatores
643 2397 711 2430 ﬁeri.
732 2404 762 2426 ut
776 2400 848 2436 digni
864 2399 1015 2427 habeantur
1036 2402 1068 2421 ex
1093 2393 1144 2420 hac
1156 2392 1247 2419 carnis
1283 2393 1391 2418 sarcina
1426 2392 1486 2426 eius
1511 2392 1695 2418 ιιιίδθτῖθοτάίίι

61 2439 156 2472 eximi,
178 2444 207 2466 ut
219 2448 280 2467 cum
297 2442 356 2476 ipso
373 2443 399 2469 in
415 2447 547 2470 aeternum
565 2444 661 2478 simus,
679 2446 758 2474 unice
778 2446 888 2474 amabili
908 2449 935 2473 et
952 2441 1070 2470 amando
1084 2439 1148 2467 Jcsu
1162 2438 1271 2465 Christo
1289 2437 1343 2464 Deo
1360 2442 1462 2464 nostro.

330 2500 497 2528 ΕΡΩΘΗΣΙΣ
509 2502 573 2529 IJA'.

61 2557 95 2584 El
111 2556 214 2597 σψιὸῆ
224 2556 364 2597 ,χυθῆγαι
392 2558 427 2584 ἐν
442 2558 615 2597 τῇηεὶσόδῳ
644 2560 681 2587 τὰ
712 2561 806 2597 Ἅγια,
829 2562 850 2597 ἢ

133 2591 289 2625 βρωθῆναι
304 2593 364 2619 ὑπό
377 2601 459 2626 τινος
471 2593 556 2626 ζώου,
577 2591 606 2621 τι
617 2591 778 2630 ποιητέοἰυς

97 2670 247 2704 Συμϐαίνει
264 2671 297 2697 τὸ.
309 2671 421 2698 τοιαῦτα
438 2672 486 2699 καὶ
501 2673 625 2708 ἐκχεῖται
647 2675 682 2701 τὰ
697 2673 792 2709 Ἅγια,
804 2676 850 2703 καὶ

64 2715 181 2749 μάλιστα
205 2717 323 2752 ιπηρείᾳ
353 2717 401 2744 τοῦ
429 2719 569 2753 πονηροῦ·
595 2720 726 2752 πολλάκις
751 2720 779 2747 δὲ
801 2721 849 2748 καὶ

62 2760 217 2796 ἁσθενείᾳῆ
245 2762 359 2798 ἀμελείᾳ
375 2764 422 2790 καὶ
440 2764 590 2799 ἀπροσεξίᾳ
606 2765 661 2792 τῶν
687 2766 796 2801 ἱερέων.
818 2766 848 2792 '0

105 2848 126 2864 "
143 2846 211 2876 Gen.
228 2856 268 2881 ιιι,
290 2849 330 2876 Π.
385 2851 404 2865 ²¹
425 2850 433 2876 l
453 2851 513 2878 Cor.
532 2859 568 2883 Ix,
589 2852 634 2879 ‘27.

690 2853 712 2869 "
729 2852 826 2881 Matth.
844 2861 881 2888 ιι,
900 2854 941 2881 l2.

1146 2495 1309 2528 QUxES'l'lO
1325 2495 1443 2523 LXXXI.

901 2558 930 2587 Si
946 2558 1049 2586 accidat
1076 2560 1104 2581 ut
1130 2555 1199 2581 inter
1218 2555 1378 2588 offerendum
1406 2553 1578 2588 e/funrlanlur
1601 2561 1691 2584 sacra,

936 2595 976 2621 vel
993 2594 1024 2619 ab
1046 2590 1156 2619 animali
1174 2592 1289 2624 quodam
1308 2593 1500 2617 Consummatur
1516 2597 1524 2615 :
1540 2588 1631 2621 ecquid
1649 2588 1692 2621 fa-

936 2629 1058 2656 cient/nm
1069 2628 1081 2654 ?

936 2676 1041 2703 Accidit
1054 2675 1200 2710 aliquando
1212 2678 1239 2702 ut
1252 2678 1344 2701 saneta
1362 2671 1488 2707 mysteria
1502 2670 1690 2702 eﬂ'undantur,

903 2720 1270 2748 maximedtemouismalitia
1285 2726 1373 2753 more
1387 2723 1476 2745 tamen
1500 2721 1527 2744 et
1547 2715 1692 2743 accidltex

904 2767 1061 2794 inﬁrmitate
1078 2768 1118 2794 vel
1140 2767 1258 2801 incuria,
1275 2766 1316 2794 vel
1328 2763 1493 2801 negligentia
1505 2761 1689 2791 sacerdotum.

983 2854 1003 2870 ²³
1021 2854 1030 2881 ι
1045 2854 1107 2882 Cor.
1125 2862 1160 2887 tv,
1176 2853 1203 2881 7.
