1918 3042
224 139 277 171 947

635 141 825 172 SYMEONIS
838 142 1211 174 THESSALONICENSIS
1227 144 1401 178 ARCHIEP.
1414 126 1423 130 ί

1795 150 1845 182 95‘}

228 195 359 224 Sacerdos
373 196 417 224 cui
437 196 564 225 acciderit
578 202 671 225 sancta
692 197 830 230 eﬁ‘udisse,
851 197 1011 225 conﬁteatur

1063 202 1151 227 τοίνυν
1172 203 1260 236 ἱερεὺς
1284 200 1348 236 ὲνῷ
1367 203 1446 230 τοῦτο
1467 204 1564 240 συνέϐη
1594 205 1624 230 τδ
1650 206 1800 240 ἐκχυθῆναι
1815 211 1847 235 τὰ

227 243 277 270 hoc
286 243 434 277 praesertim
444 243 576 277 pontiﬁci,
589 251 603 270 a
612 251 665 278 quo
675 244 832 279 praescripta
843 245 1010 272 observanda

225 288 339 322 accipiet
359 297 366 315 :
386 289 503 316 maxime
523 291 546 316 si
561 289 587 316 id
609 297 641 316 ex
668 291 833 325 negligentia
848 290 890 317 vel
906 290 1010 318 incuria

225 333 365 365 acciderit,
381 339 407 360 et
432 341 447 360 a
464 339 558 362 sancto
573 335 725 363 ministerio
740 341 867 363 arceatur
891 337 923 364 ad
940 341 1010 364 tem-

224 385 286 412 pus.
300 377 377 410 Quod
389 379 410 405 si
428 379 454 406 in
468 379 519 406 hoc
531 380 590 406 loco
604 387 715 408 necesse
728 381 763 407 sit
779 381 820 407 vel
836 382 900 408 utile
912 389 1010 409 munus

225 424 284 457 ejus
301 424 327 450 in
344 424 537 451 abstinentiam
555 445 562 457 ,
576 426 699 452 oratione
724 430 751 453 et
776 427 1009 460 gennllexionibus

227 469 265 495 illi
282 468 441 504 injungatur
454 470 522 496 ratio
536 471 697 504 paenitendi,
717 479 750 498 ne
767 479 885 506 unquam
897 473 1010 500 omnino

226 514 345 541 salutare
368 515 569 545 intermittatur
585 523 654 550 opus
672 517 809 544 sacriﬁcii.
833 517 873 549 Si,
898 517 962 544 dum
982 518 1009 544 in

226 560 354 594 templum
385 561 539 595 ingreditur
562 561 594 588 ad
617 562 779 589 sacrilicium
796 562 1009 596 adimplendum,

225 604 380 632 ell‘undatur
407 607 478 640 quod
507 607 534 633 in
559 607 643 634 calice
659 608 829 640 continetur,
847 612 874 635 et
899 609 1008 642 quidem

225 655 322 683 totum,
339 652 435 680 statim
454 653 545 680 uthoe
561 653 587 680 in
606 654 710 682 sanctis
735 655 870 690 mysteriis
899 656 1007 688 accidit,

223 696 322 723 iterum
353 697 387 724 de
410 705 481 724 navo
510 698 555 725 ﬁat
578 699 691 732 oblatio,
727 706 754 727 et
781 708 877 734 preces
905 708 1009 735 praepa-

224 742 338 769 rationis
362 743 507 770 dicantur:
529 749 556 771 et
586 745 626 772 sic
653 746 749 772 ordine
774 749 836 780 post
859 746 1008 773 solemnem

224 787 377 822 ingressum
400 796 513 816 munera
529 790 655 816 sacriﬁcii
673 790 861 824 perﬁciuntur.
877 790 1010 818 Similiter

223 833 246 859 si
259 833 388 860 acciderit
400 839 428 860 ut
442 841 539 868 panem
568 835 688 861 oblatum
705 840 732 862 et
749 840 937 863 consecratum
951 844 1009 863 mu-

224 886 269 906 res
286 880 326 906 vel
338 879 388 905 alia
400 887 433 906 ex
457 880 620 907 animalibus
648 881 791 911 eroserint,
821 881 885 916 quin
912 881 1009 908 viderit

223 925 362 957 sacerdos,
392 933 442 953 nec
459 927 604 953 rem-iverit
621 931 684 954 ante
702 927 865 962 ingressum,
892 927 1005 954 alterum

222 977 320 1004 panem
347 971 508 1004 providebit,
533 980 614 1006 quem
636 972 687 999 rite
704 972 840 1004 dividens,
853 978 881 1000 et
895 973 1007 1000 benedi-

223 1022 288 1042 cens
303 1017 469 1050 propheticis
482 1017 619 1051 verbis,”
635 1018 875 1045 diccnsetlaciens
889 1027 948 1053 qua:
962 1027 1007 1046 se-

223 1061 343 1088 cundum
360 1070 473 1094 morem,
484 1063 586 1090 addens
595 1071 691 1098 preces
703 1064 858 1095 oblationis,
870 1069 896 1091 et
907 1065 1005 1091 deinde

221 1111 284 1140 post
294 1108 441 1134 solemnem
454 1108 605 1140 ingressum
617 1109 686 1136 ritus
700 1109 825 1137 sncrilicii
835 1110 1004 1145 adimplebit.

222 1150 320 1178 Sancta
349 1158 438 1180 autem
470 1154 597 1188 mysteria
616 1155 717 1181 debent
732 1163 746 1180 a
775 1157 915 1182 sacerdote
929 1156 1006 1183 colli-

221 1196 246 1231 εἰ
264 1196 290 1222 in
306 1200 400 1224 sancto
427 1198 518 1231 aliquo
533 1206 595 1226 vase
614 1205 641 1226 et
656 1200 683 1226 in
710 1201 770 1227 ltro
783 1202 958 1228 convenienti
979 1207 1005 1228 et

221 1249 318 1268 securo
336 1243 474 1276 collocari,
489 1252 522 1271 ne
538 1245 652 1278 pedibus
674 1247 881 1277 conculcentur,
898 1246 938 1273 vel
954 1246 1003 1273 ali-

220 1289 292 1322 quod
306 1289 482 1324 incongruum
496 1292 940 1326 exrreriantur.Opportunissimns
952 1294 1003 1320 erit

219 1333 296 1361 locus
328 1335 372 1361 ille
401 1337 427 1362 in
448 1343 502 1370 quo
528 1342 588 1370 post
622 1338 762 1365 collectam
790 1338 918 1365 sacerdos
944 1345 1001 1364 ma~

219 1385 271 1404 nus
288 1379 366 1409 lavat,
383 1387 460 1413 quem
478 1386 585 1414 oportet
602 1381 701 1409 habere
721 1382 799 1409 facile
814 1382 996 1409 claudendum

221 1429 249 1451 et
264 1425 471 1453 convenientem
489 1435 496 1453 :
515 1432 542 1453 et
558 1427 638 1454 simul
657 1428 805 1455 curandum
825 1433 912 1455 estne
937 1428 1001 1463 quid

220 1470 318 1497 horum
333 1472 409 1498 cadat
425 1471 544 1498 exterius
563 1479 578 1499 e
599 1472 659 1499 loco
675 1473 735 1504 hoc,
752 1481 840 1508 neque
867 1481 898 1500 ex
929 1481 999 1507 aqua

1062 247 1155 280 Ἅγια,
1181 247 1395 282 ἐξομολογείσθω
1413 250 1627 284 προηγουμένως
1652 252 1690 286 τῷ
1708 253 1846 288 ἀρχιερεῖ.

1061 293 1230 324 Καὶίκανῶς
1255 294 1450 326 κανονιζέσθω·
1470 295 1518 321 καὶ
1547 296 1647 329 μᾶλλον
1665 297 1689 323 εί
1720 299 1846 333 ῥᾳθυμία

1059 336 1156 363 τούτου
1172 337 1188 372 ἢ
1204 338 1355 374 ἀπροιειεξίςξ⁵
1372 339 1473 374 συνέϐη
1486 347 1492 354 ·
1520 340 1567 366 καὶ
1583 340 1632 375 τῆς
1651 341 1726 372 θείας
1742 343 1850 377 ὑπηρε-

1062 382 1122 412 σίας
1142 383 1277 418 ειργέσθω
1295 384 1340 409 ἐπὶ
1357 385 1463 418 καιρόν.
1481 385 1511 411 Εἰ
1529 385 1552 411 δ’
1567 387 1674 421 ἀνάγκη
1690 388 1738 414 καὶ
1768 390 1849 423 χρεία

1063 428 1159 462 ίερέως
1174 430 1202 455 ἐν
1221 429 1260 463 τῷ
1278 430 1365 464 τόπῳ,
1383 430 1417 457 δι’
1439 433 1602 467 ἐγκρατείας
1618 434 1664 459 καὶ
1691 436 1850 468 προσευχῆς

1062 472 1077 507 ἢ
1097 474 1279 506 γονυκλισιῶν
1301 475 1371 502 ἔστω
1385 476 1418 503 τὰ
1434 478 1482 504 τοῦ
1503 478 1616 509 κανόνος
1643 479 1728 513 αὐτῷ,
1750 481 1794 506 ἵνα
1812 481 1848 515 μὴ

1061 520 1090 545 τὸ
1120 521 1253 555 σωτήριον
1384 522 1452 554 ὅλως
1481 524 1658 559 ἑμποδισθείη
1688 526 1783 561 ἔργον.
1804 527 1850 552 Ἕν

1061 565 1099 599 τῷ
1111 566 1200 600 καιρῷ
1210 567 1238 592 δὲ
1253 568 1362 601 ἐκείνῳ,
1372 569 1433 595 καθ’
1441 569 1470 595 ὃν
1484 570 1582 603 συνέϐη
1592 571 1748 604 rumve;
1759 572 1800 602 εἰς
1815 572 1848 597 τὰ

1062 613 1152 645 Ἅγια,
1168 613 1191 638 εί
1213 614 1261 647 μὲν
1273 614 1302 639 ἐν
1312 614 1350 648 τῷ
1360 615 1414 649 ναῷ
1427 615 1476 649 τῆς
1490 617 1592 642 εἰσόδου
1605 616 1773 652 τελουμένης
1791 617 1849 649 ἐξε-

1060 658 1129 692 χύθη
1153 658 1183 684 τδ
1201 660 1228 684 ἐν
1255 659 1293 694 τῷ
1317 661 1440 695 ποτηρίῳ
1462 662 1509 688 καὶ
1538 662 1621 694 ἅπαν,
1637 662 1735 689 ἕνωσιν
1765 664 1847 689 πᾶλιν

1061 703 1181 736 ποιείτω,
1192 705 1237 730 καὶ
1244 704 1294 739 τὴν
1306 706 1388 740 εὐχὴν
1396 706 1545 740 ὲπιλεγέτω
1555 708 1603 742 τῆς
1615 708 1785 743 προθέσεως·
1799 710 1846 735 καὶ

1061 749 1131 775 οὕτω
1141 749 1259 784 καθεξῆς
1271 752 1325 778 ἀπὸ
1336 752 1386 787 τῆς
1401 753 1522 788 μεγάλης
1533 754 1636 781 εἰσόδου
1647 755 1681 780 τὰ
1693 755 1748 782 τῶν
1758 755 1846 790 εὐχῶν

1059 795 1215 822 ἐκτελείτω.
1237 796 1352 830 ὀμοίως
1366 798 1393 825 δὲ
1408 799 1454 824 καὶ
1469 800 1493 825 εί
1510 800 1610 835 συνέῦη
1630 801 1677 827 τὸν
1693 809 1844 836 προσενεχ-

1061 840 1141 867 θέντα
1155 841 1225 868 θεῖον
1237 843 1318 877 ἄρτον
1339 843 1390 870 ὑπὸ
1409 844 1497 879 μυῶν,
1514 845 1530 880 ἢ
1561 845 1656 880 ἐτέρου
1682 847 1756 879 ζώου
1776 847 1847 882 βρω-

1062 885 1150 920 θῆναι,
1169 887 1215 913 καὶ
1234 887 1271 922 μὴ
1300 888 1376 916 ίδοιό
1395 890 1493 924 ίερεὺς,
1516 891 1586 925 μετὰ
1614 891 1643 918 δὲ
1667 893 1718 927 τὴν
1741 893 1845 920 εῐσςδον

1061 932 1127 967 γνῷ,
1144 935 1324 968 προσκομίσει
1338 935 1429 970 ἕτερον
1443 936 1524 971 ἄρτον
1538 938 1683 972 ἀνατεμὼν
1706 940 1842 974 συνήῦως,

1061 979 1109 1004 καὶ
1125 979 1259 1012 ἐπιλέγων
1273 980 1306 1007 τὰ
1320 983 1480 1016 προφητικά
1496 983 1614 1018 ῥήματα,
1629 985 1677 1011 καὶ
1689 985 1740 1011 ὅσα
1752 985 1843 1015 λέγειν

1061 1025 1109 1051 καὶ
1120 1025 1208 1051 ποιεῖν
1228 1025 1308 1058 ἔθος·
1335 1028 1383 1054 καὶ
1406 1028 1454 1063 τὴν
1478 1029 1560 1064 εὐχὴν
1579 1029 1630 1064 τῆς
1656 1031 1842 1066 προσκομιὺῆς

1060 1071 1207 1104 ἐπιλέγειν,
1223 1070 1283 1099 εἶτα
1309 1074 1423 1107 ἐπάγειν
1440 1075 1494 1101 ἀπὸ
1521 1075 1570 1110 τῆς
1587 1077 1708 1111 μεγάλης
1738 1078 1843 1104 εἰσόδου

1061 1116 1096 1143 τὰ
1110 1117 1164 1144 τῶν
1178 1117 1274 1153 εὐχῶν,
1290 1119 1318 1145 αἳ
1349 1121 1396 1146 καὶ
1414 1121 1568 1148 τελιστικαί
1592 1124 1645 1149 είσι
1675 1125 1789 1157 μᾶλλον.
1812 1126 1843 1151 Al

1060 1162 1194 1196 πρότερον
1206 1163 1260 1197 γὰρ
1271 1164 1424 1199 ἐρρέθησαν
1437 1165 1553 1200 ἱλασμοῦ
1566 1167 1613 1193 καὶ
1622 1168 1742 1202 δεήσεως
1753 1168 1841 1200 οὖσαι,

1059 1207 1107 1233 καὶ
1122 1208 1189 1242 πρὸς
1213 1208 1265 1243 τὴν
1290 1209 1444 1244 ἱερουργίαν
1463 1212 1654 1246 οίκονομοῠσαι
1683 1214 1732 1241 τὸν
1756 1215 1840 1250 ῑερέα.

1060 1253 1101 1280 Τὰ
1110 1254 1259 1289 ἑκχυθέντα
1278 1255 1307 1282 δὲ
1324 1256 1407 1290 Ἀγια
1425 1258 1514 1292 χρεὼν
1541 1260 1710 1294 συναχθῆναι
1726 1260 1781 1287 ὑπὸ
1797 1261 1840 1287 τοῦ

1059 1299 1153 1334 ἱερέως
1173 1300 1201 1327 ἐν
1219 1300 1312 1327 σκεύει
1329 1302 1401 1337 ἁγίῳ
1414 1304 1478 1335 τινὶ,
1494 1304 1542 1330 καὶ
1554 1305 1583 1331 ἐν
1606 1305 1672 1339 ῑερῷ
1699 1306 1776 1341 τόπῳ
1795 1307 1840 1332 καὶ

1059 1345 1177 1379 ἀσφαλεῖ
1201 1347 1378 1381 ἀποτεθῆναι,
1404 1347 1474 1375 ὥστε
1504 1349 1541 1384 μὴ
1570 1351 1838 1386 καταπατηθῆναι.ῆ

1058 1389 1123 1416 ἄλλο
1145 1399 1171 1417 τι
1186 1391 1240 1417 τῶν
1258 1392 1294 1427 μὴ
1307 1392 1423 1420 δεόντων
1449 1394 1558 1422 παθεῖν.
1581 1395 1737 1431 Ἐξαίρετος
1750 1397 1780 1424 δὲ
1796 1398 1839 1424 τό-

1059 1445 1109 1468 πος
1128 1436 1205 1464 ἔσται
1220 1438 1284 1465 ἔνθα
1313 1440 1382 1474 μετὰ
1397 1441 1427 1466 τὸ
1451 1442 1615 1477 κοινωνῆσαι
1634 1444 1648 1469 ό
1670 1444 1762 1478 ἱερεὺς
1775 1446 1840 1471 tm.

1058 1481 1180 1509 νίπτεται
1194 1491 1200 1498 ·
1213 1483 1242 1509 όν
1259 1485 1306 1510 καὶ
1329 1486 1432 1519 ὀφείλει
1458 1486 1661 1522 ἠσφαλισμένον
1686 1489 1760 1523 ἔχειν
1776 1490 1841 1516 πᾶν-

219 1516 424 1550 purilicationis.
435 1524 495 1544 cum
511 1518 547 1544 sit
568 1523 701 1550 sanctum,
716 1523 809 1553 utpote
824 1519 895 1553 quod
911 1518 1007 1545 lavcrit

1057 1527 1134 1553 τόθεν
1151 1527 1198 1554 καὶ
1215 1516 1357 1564 ἁρμόδιον,
1381 1532 1427 1558 καὶ
1442 1516 1678 1569 προσοχὴν-ἔχειν,
1760 1537 1839 1563 ἐκπίο

219 1562 290 1589 labia
315 1564 507 1590 communione
533 1564 700 1591 sanctiﬁcata
727 1568 755 1591 et
785 1571 879 1591 manus
914 1572 1004 1592 sacer—

219 1610 303 1636 dotis.
334 1609 415 1642 Quasi
440 1615 532 1637 sancta
563 1610 666 1644 piscina
693 1615 736 1637 est
768 1611 844 1637 bicce
874 1610 961 1642 locus,
978 1615 1005 1638 et

219 1663 288 1690 aqua
321 1655 518 1690 puriﬁeationis
550 1657 726 1684 sacerdotalis
762 1656 943 1688 sanctiﬁcata,
970 1665 1001 1683 ex

219 1709 272 1735 qua
295 1702 419 1728 novimus
438 1706 464 1728 et
479 1703 633 1729 sanationes
664 1702 766 1733 ﬁeri,si
784 1703 846 1729 inde
867 1709 1004 1738 unguntur

219 1753 267 1774 aut
279 1744 377 1774 bibunt
395 1746 505 1773 inﬁrmi.
522 1747 614 1781 Neque
641 1753 730 1773 autem
747 1752 849 1774 temere
868 1748 924 1774 ha'e
941 1753 1004 1774 sunt

221 1792 360 1819 tractanda
374 1800 381 1819 :
399 1792 665 1827 praecipiendumque
681 1797 723 1819 est
741 1796 769 1818 ut
784 1793 827 1818 ille
846 1793 890 1826 qui
906 1792 948 1820 his
965 1795 1003 1819 uti

220 1843 306 1872 optat,
323 1838 456 1865 innocens
478 1838 513 1864 sit
538 1842 565 1865 et
587 1838 709 1873 jejunus.
728 1837 861 1864 Similiter
888 1838 933 1864 ille
957 1839 1003 1871 qni

218 1885 263 1912 liis
278 1884 340 1918 ungi
359 1883 474 1918 cupierit
487 1887 594 1918 oportet
609 1888 638 1910 ut
653 1883 751 1910 iterum
766 1883 872 1910 lavetur
895 1883 922 1910 in
942 1884 1002 1910 loco

218 1936 344 1965 Separato
358 1936 385 1958 et
401 1931 584 1958 convcnienti.
612 1930 659 1957 llic
686 1931 767 1965 igitur
795 1936 856 1964 post
881 1938 1002 1958 commu-

218 1979 328 2004 nionem
345 1977 481 2004 lavabitur
494 1977 634 2007 sacerdos,
653 1977 694 2003 rel
714 1976 740 2002 in
758 1976 818 2003 loco
841 1976 940 2010 aptiori
958 1984 1002 2003 se-

217 2025 383 2058 euriorique,
405 2023 426 2050 si
454 2022 535 2056 adsit,
560 2028 654 2050 sancta
687 2023 811 2058 mysteria
834 2031 894 2058 qum
918 2023 1001 2050 eITusa

218 2076 280 2095 sunt
298 2069 428 2102 colligens
441 2068 483 2102 pie
497 2069 649 2102 devoteque
667 2075 729 2096 cum
753 2069 841 2102 aquali
857 2069 900 2096 hic
916 2070 1001 2104 depo-

217 2119 275 2141 net.
291 2114 477 2141 Pavimentum
493 2114 528 2141 sit
543 2121 557 2141 e
575 2121 720 2144 marmore,
735 2119 763 2140 ut
775 2114 832 2141 haec
847 2119 907 2149 apte
921 2121 1002 2141 sauc-

1057 1582 1136 1600 πτειν
1149 1574 1247 1607 ἔξωθέν
1261 1584 1288 1601 τι
1313 1576 1361 1603 τοῦ
1378 1577 1462 1604 τόπου
1495 1579 1610 1612 ἐκείνου,
1641 1580 1712 1615 μήτε
1740 1581 1772 1607 ἐκ
1792 1581 1837 1609 τοῦ

1056 1619 1192 1653 νίμματος
1202 1628 1209 1635 ·
1225 1620 1318 1656 ἐπειδὴ
1342 1621 1420 1655 ἅγιόν
1436 1623 1506 1656 ἐστι,
1518 1623 1551 1650 τὰ
1565 1623 1642 1659 χείλη
1657 1633 1687 1651 τε
1701 1624 1738 1651 τὰ
1751 1626 1783 1652 ἐκ
1790 1625 1836 1660 τῆς

1056 1664 1197 1695 κοινωνίας
1210 1665 1366 1699 ἠγιασμένα
1378 1667 1425 1692 καὶ
1443 1668 1492 1698 τὰς
1516 1669 1611 1702 χεῖρας
1622 1669 1757 1695 sumo-.0.
1768 1679 1774 1685 ³
1793 1679 1836 1695 και

1055 1708 1092 1739 ὡς
1104 1709 1133 1734 τὸ
1145 1709 1217 1743 ίερὸν
1233 1710 1362 1745 ποτήριον
1378 1713 1481 1743 ἐκεῖνος
1497 1714 1510 1739 ό
1535 1713 1616 1744 τόπος
1645 1714 1705 1740 ἐστὶ
1734 1715 1783 1741 καὶ
1807 1714 1837 1740 τὸ

1054 1753 1145 1787 νίμμα
1161 1754 1339 1790 ἡγιασμένον,
1354 1755 1387 1783 δι’
1400 1756 1429 1782 οὗ
1446 1759 1493 1784 καὶ
1518 1757 1632 1792 ἰάματα,
1650 1759 1687 1790 ῶς
1703 1759 1834 1794 ἔγνωμεν,

1053 1798 1169 1831 γίνεται,
1184 1801 1336 1835 χριομένων
1353 1802 1385 1828 ἐκ
1401 1802 1496 1829 τούτου
1511 1804 1593 1830 τινῶν
1608 1805 1833 1840 ἀρρωστούντων,

1055 1845 1070 1879 ἢ
1083 1845 1249 1872 ἐκπινόντων
1261 1855 1267 1861 ·
1290 1848 1337 1874 καὶ
1353 1848 1407 1874 οὐδ’
1421 1849 1515 1881 ἁπλῶς
1530 1850 1609 1877 τοῦτο
1625 1852 1758 1886 παρέχειν
1773 1853 1833 1886 χρὴ,

1054 1890 1113 1917 ἀλλ’
1127 1890 1197 1918 ὥστε
1212 1893 1413 1927 παραγγέλλειν
1428 1895 1586 1930 προσέχειν,
1600 1896 1647 1922 καὶ
1657 1897 1703 1922 τὸν
1715 1898 1765 1931 μὲν
1778 1897 1835 1932 βον-

1053 1938 1165 1970 λόμενον
1180 1938 1286 1965 ἐκπιεῖν
1303 1937 1375 1966 εἶναι
1402 1941 1523 1974 καθαρόν
1536 1950 1566 1968 τε
1590 1943 1638 1968 καὶ
1663 1944 1769 1978 νῆστιν.
1795 1944 1835 1971 ’0-

1054 1984 1138 2018 μοίως
1156 1983 1246 2010 δὲκαὶ
1269 1985 1315 2011 τδν
1341 1985 1504 2020 βουλόμενον
1527 1987 1701 2022 ἀλείψασθαι,
1731 1990 1761 2020 ὃς
1789 1990 1834 2016 καὶ

1052 2029 1154 2063 ὀφείλει
1167 2030 1307 2057 νίπτεσθαι
1324 2031 1437 2066 ὓστερον
1452 2033 1480 2059 ἐν
1496 2033 1622 2065 ἰδιάζοντι
1645 2035 1733 2069 τόπῳ.
1749 2035 1835 2062 Ἐκεῖ-

1054 2084 1083 2101 σε
1106 2076 1196 2107 τοίνυν
1212 2076 1276 2103 ἔνθα
1301 2077 1315 2103 ό
1339 2078 1429 2112 ἱερεὺς
1448 2079 1516 2113 μετὰ
1540 2080 1589 2114 τὴν
1606 2081 1752 2108 κοινωνίαν
1768 2083 1834 2107 ἀπο-

1054 2121 1191 2153 νίπτεται,
1205 2122 1220 2156 ἢ
1236 2123 1265 2148 ἐν
1280 2123 1476 2159 ἀσφαλεστέρῳ
1484 2125 1559 2160 τόπῳ
1571 2126 1594 2151 εί
1610 2126 1680 2157 ἐστι,
1705 2127 1741 2153 τὰ
1757 2128 1835 2162 ἔκχυ-

220 2165 300 2193 teque
313 2162 337 2186 in
351 2160 411 2186 loco
422 2161 601 2194 deportantur.
619 2160 734 2194 Sintque
761 2160 877 2186 maxima
903 2166 931 2187 et
946 2159 997 2186 ﬁxa

1056 2167 1133 2193 θέντα
1144 2155 1228 2201 Ἀγια
1245 2155 1373 2201 συλλέξας
1389 2155 1510 2200 εὐλαθῶς
1528 2155 1598 2204 μετὰ
1608 2172 1658 2205 τῆς
1671 2155 1761 2198 ἐκεῖσε
1772 2155 1834 2207 ὕλης

217 2213 354 2233 marmora
371 2213 430 2240 qua:
450 2205 583 2239 profunde
599 2205 737 2232 fodiantur
750 2206 776 2232 in
794 2210 887 2240 aptum
904 2213 999 2240 recep-

216 2252 336 2280 taculum
353 2258 403 2286 pro
419 2251 521 2278 sanctis
550 2251 736 2278 oblationibus
763 2252 807 2278 hic
831 2252 1000 2286 deponendis

215 2298 373 2331 separatim,
390 2303 420 2324 ut
441 2296 569 2324 diximus.
588 2296 625 2323 Ita
651 2297 845 2324 confodianlur
870 2302 898 2324 ut
917 2298 1000 2324 laxari

216 2344 302 2380 possit
317 2349 342 2370 et
354 2343 565 2377 receptaculum.
589 2343 616 2370 Si
632 2351 696 2377 vero
707 2348 870 2370 consecrata
886 2343 1001 2370 oblatio-

215 2396 266 2416 nes
280 2397 333 2417 non
348 2389 403 2416 sint
414 2397 446 2416 ex
466 2394 522 2416 toto
535 2388 639 2422 eﬂ‘usm,
652 2389 697 2415 sed
712 2396 773 2422 pars
786 2396 880 2416 earum
894 2397 1001 2416 remun-

217 2435 294 2465 serit,
310 2440 373 2462 tunc
389 2435 504 2462 addatur
518 2442 580 2469 pars
590 2435 673 2461 altera
687 2434 835 2460 srcundnm
849 2435 920 2469 quod
931 2434 1000 2470 opus

217 2487 270 2512 cst,
288 2486 315 2507 et
334 2482 492 2515 perﬁciatur
505 2481 681 2507 sacriﬁcium.
698 2480 724 2508 Si
746 2489 810 2507 vero
823 2481 956 2508 aceiderit
974 2487 1001 2509 ut

217 2530 274 2554 lnrc
299 2527 386 2554 oblata
401 2528 520 2562 desuper
533 2527 707 2554 effundantur
722 2527 748 2554 in
767 2533 855 2554 vestes
872 2529 1000 2555 sacerdo-

218 2574 296 2605 tnles,
326 2578 353 2600 et
378 2573 486 2607 quidem
514 2578 577 2600 ante
599 2574 774 2606 sacriﬁcium,
794 2574 816 2601 si
839 2574 1000 2608 pretiosiora

217 2625 320 2646 tantum
337 2624 364 2646 et
386 2619 542 2654 pulchriora
574 2619 731 2647 indumenta
757 2620 905 2655 attigerint,
938 2626 1000 2647 tunc

216 2665 274 2693 huic
291 2666 449 2692 vestimenta
467 2665 591 2692 laventur
619 2673 687 2700 aqua
715 2667 741 2692 in
761 2674 822 2693 vase
842 2671 945 2698 sauuto,
966 2667 1000 2692 ita

216 2718 246 2739 ut
271 2712 337 2738 nihil
359 2714 387 2738 in
419 2712 471 2738 illis
498 2717 645 2744 remaneat,
670 2716 694 2739 et
709 2720 778 2746 aqua
797 2714 998 2740 inunittutnrin

215 2759 306 2785 locum
325 2767 445 2787 sacrum,
462 2763 490 2784 ut
517 2758 617 2785 dictum
648 2763 699 2785 est.
717 2758 793 2790 Quod
818 2758 840 2784 si
871 2759 1001 2791 acciderit

215 2811 276 2840 post
296 2805 457 2832 sacriﬁcium
474 2805 575 2831 effundi
593 2805 619 2830 in
636 2812 779 2831 commune
797 2805 999 2837 indumentum,

215 2859 247 2878 CX
263 2859 294 2878 00
307 2851 484 2879 resecandum
504 2855 544 2879 εει
559 2856 689 2885 quantum
719 2856 759 2877 Οθτῑ
788 2859 897 2878 ιιαεοδδο
919 2857 946 2878 ιΙί.
967 2860 999 2878 ex

1054 2213 1101 2238 καὶ
1120 2213 1167 2239 τοῦ
1179 2214 1241 2248 χοὸς
1256 2214 1400 2250 ἀποθήσει.
1417 2216 1448 2242 Εἰ
1467 2216 1494 2242 δὲ
1518 2217 1653 2252 μάρςιαρα
1675 2227 1832 2253 κατεστρωι

1054 2259 1122 2292 μένα
1146 2259 1225 2291 εἰσὶν,
1253 2259 1297 2286 ἵνα
1326 2261 1411 2287 ταῦτα
1438 2262 1542 2288 ἐκεῖθεν
1570 2262 1679 2295 ἐξελὼν,
1701 2265 1731 2290 ἐν
1760 2266 1832 2299 τόπῳ

1053 2304 1119 2339 ίερῷ
1133 2306 1180 2331 καὶ
1195 2305 1322 2337 ἰδιάζοντι
1339 2307 1477 2342 ἀποθήσῃ.
1494 2308 1525 2334 Εἰ
1538 2309 1566 2334 δὲ
1578 2310 1697 2343 μέγιστα
1711 2311 1760 2337 καὶ
1774 2312 1832 2337 ἀκί-

1051 2358 1130 2385 νητα,
1152 2350 1196 2377 ἵνα
1207 2350 1366 2386 λατομήαας
1394 2354 1433 2384 είς
1451 2353 1533 2388 βάθος
1556 2355 1655 2386 ἱκανῶς
1683 2356 1729 2381 τὸν
1755 2358 1832 2383 τόπον

1052 2394 1116 2421 ἔνθα
1131 2395 1164 2431 δὴ
1181 2396 1325 2432 ὲξηπλὼθη
1340 2397 1374 2424 τὰ
1392 2398 1486 2432 Ἀγια,
1504 2400 1538 2425 τὰ
1555 2400 1730 2435 ἐξενεχθέντα
1747 2403 1831 2428 ἐκεῖσε

1053 2441 1135 2476 θήσῃ,
1152 2442 1180 2467 ἐν
1194 2442 1280 2476 τόπῳ,
1295 2444 1333 2473 ὡς
1351 2443 1467 2478 ἔφημεν.
1488 2445 1566 2471 Ἀλλὰ
1588 2447 1636 2472 καὶ
1651 2446 1716 2473 ἔνθα
1729 2447 1833 2473 λελατό-

1054 2495 1151 2521 μηκεν,
1170 2487 1213 2513 ἵνα
1231 2488 1352 2524 ἐκπλὺνῃ
1368 2489 1413 2515 τὸν
1442 2490 1524 2517 τόπον
1546 2491 1582 2522 ὡς
1604 2492 1729 2519 δυνατόν.
1751 2493 1782 2519 El
1805 2493 1831 2518 δὲ

1052 2533 1086 2558 τὰ
1099 2532 1182 2566 ’Ἅγια
1197 2533 1227 2559 οὑ
1241 2533 1330 2559 πάντα
1342 2534 1499 2569 ἐκκέχυται,
1512 2536 1580 2562 ἀλλὰ
1597 2537 1681 2571 μέρος
1696 2539 1831 2564 ἐναπελεί-

1053 2575 1118 2610 φθη,
1137 2576 1182 2602 ἴνα
1201 2577 1247 2602 καὶ
1259 2578 1353 2612 ἓτερον
1366 2579 1504 2606 ἐπιϐαλὼν
1523 2580 1585 2606 ὅσον
1605 2582 1644 2612 εἷς
1666 2583 1774 2616 χρείαν,
1791 2583 1831 2609 ἑκ-

1052 2622 1151 2659 τελέσῃ
1166 2622 1200 2649 τὰ
1216 2622 1265 2657 τῆς
1283 2623 1450 2658 ἱερουργίας.
1468 2625 1522 2651 Καὶ
1539 2626 1587 2652 ἐὰν
1599 2626 1632 2652 τὰ.
1648 2626 1733 2661 "Arta.
1745 2629 1830 2655 ἐπάνω

1051 2667 1105 2693 τῶν
1117 2668 1228 2703 ἀμφίων
1252 2669 1298 2696 τοῦ
1319 2670 1414 2705 ἱερέως
1429 2671 1556 2706 ἐξεχύθη,
1578 2673 1603 2698 εί
1633 2673 1684 2707 μὲν
1709 2673 1764 2708 πρὸ
1786 2674 1830 2708 τῆς

1051 2713 1228 2746 τελειώσεως,
1241 2716 1265 2740 εί
1277 2715 1356 2749 τίμια
1369 2716 1448 2750 μόνον
1468 2717 1522 2743 είσὶ
1548 2718 1597 2744 καὶ
1615 2718 1762 2753 πολυτελῆ,
1789 2719 1828 2745 ἵνα

1054 2758 1125 2789 ἰδίως
1140 2759 1170 2784 ὲν
1194 2759 1286 2785 σκεύει
1313 2760 1451 2792 ἐκπλύνας
1481 2762 1546 2797 ἱερῷ
1577 2763 1694 2795 ἱκανῶς,
1708 2764 1778 2791 ὥστε
1795 2765 1828 2799 μὴ

1053 2805 1250 2839 ὑπολειφθῆναι
1282 2806 1310 2831 ὲν
1336 2808 1392 2838 τοῖς
1416 2807 1549 2841 ἐνδύμασι
1581 2817 1619 2841 τι,
1635 2810 1666 2836 es
1680 2810 1771 2844 νίμμα
1786 2812 1829 2844 ὲμ-

1053 2851 1122 2887 ϐάλῃ
1136 2852 1164 2877 ὲν
1184 2852 1258 2886 τόπῳ
1281 2852 1346 2887 ἱερῷ
1366 2854 1412 2880 καὶ
1432 2854 1558 2888 ἀσφαλεῖ.
1591 2856 1682 2888 καθὼς
1715 2858 1828 2894 εἴρηται.
