1918 3042
73 109 124 142 949

427 110 624 142 RESPONSA
646 110 695 141 AD
723 110 946 141 GABRIELEM
966 108 1323 142 PENTAPOLITANUM.

1661 112 1714 145 950

76 166 108 192 Εἰ
119 164 149 192 Bk
159 166 229 200 μετὰ
248 165 299 201 τὴν
314 165 455 192 τελείωσιν
471 165 632 200 ἐκκέχυται,
649 165 694 191 ῐνα
722 164 793 191 κατὰ
809 164 865 190 πᾶ-

933 171 973 191 ιοο
997 172 1087 199 panno
1116 165 1162 192 liat
1183 165 1274 192 velum
1293 173 1413 199 sacrum,
1433 166 1505 200 quod
1537 167 1639 201 pariter
1669 171 1714 195 est

78 219 129 236 σαν
140 211 267 246 ἀνάγκην
283 211 450 245 ὲκκόπτηται
468 213 499 238 τὸ
523 211 607 246 μέρος
623 211 712 237 ἐκεῖνο
723 210 770 237 τοῦ
794 209 869 246 ἱεροῦ

77 256 242 291 ἐνδύματος,
260 257 308 284 καὶ
335 257 407 284 θεῖον
427 257 561 293 κάλυμμα
582 257 704 291 γίνηται,
734 256 871 283 ὲκπλυθὲν

77 302 125 329 καὶ
143 302 211 329 αὐτὸ
225 303 255 329 ὲν
274 302 351 337 τόπῳ
367 303 520 336 ίδιαιτᾶιτῳ.
541 302 606 328 ἔνθα
627 304 674 328 καὶ
695 302 767 337 ῐερδν
784 303 871 338 ποτή-

78 357 138 383 ριον
152 348 323 384 ἑκπλυθῆναι
343 348 470 381 δυνατὸν,
488 349 535 374 καὶ
555 349 676 382 σπόγγον
694 348 781 383 ῥύπου
804 349 872 383 πλη-

78 393 179 420 σθέντα
200 394 246 420 καὶ
262 393 411 428 σήψεως,ἢ
438 394 509 428 ἱερὸν
531 394 676 428 κάλυμμα.
706 395 762 420 Καὶ
785 394 872 421 ταῦτα

79 439 135 475 γὰρ
154 439 324 466 ἀποπλύνειν
342 439 412 466 κατὰ
446 440 556 474 καιρὸν,
580 439 662 474 μόνον
683 439 808 472 εὐλαϐῶς
824 440 872 466 καὶ

79 485 109 510 ὲν
137 485 257 517 ἀσφαλεῖ
282 485 357 517 τόπῳ
389 485 557 519 καὶμᾶλλον
587 484 681 516 καλῶς
710 484 799 518 ἔχοντι
827 484 873 511 καὶ

78 531 211 564 ἀσφαλῶς
230 532 268 566 τῷ
277 531 418 566 λεγομένῳ
433 532 581 566 νιπτηρίῳ,
593 533 625 558 οὐ
642 530 786 566 βλαϐερὸν,
805 531 873 558 ἀλλὰ

80 577 185 610 μᾶλλον
198 577 333 611 θεοφιλὲς,
352 577 393 606 είς
409 577 493 611 τιμὴν
510 577 559 603 καὶ
588 577 734 612 ὡραϊσμὸν
751 578 806 603 τῶν
824 578 871 603 τοῦ

77 621 149 648 Θεοῦ
163 621 193 648 ὂν
211 621 292 656 ἱερῶν
311 622 430 648 σκευῶν.
445 622 620 656 Εὑρίσκομεν
637 622 692 656 γὰρ
719 622 765 648 καὶ
792 622 821 649 ὲν
838 623 871 657 τῇ

77 667 184 702 παλαιᾷ
198 667 329 701 διατάξει,
343 668 380 699 ὡς
389 668 499 702 κάλπην
513 666 572 703 εἶχέ
583 677 645 694 τινα
662 667 804 703 ὴΜεγάλη
826 668 870 694 ὲκ-

77 713 193 748 κλησία,
209 711 266 740 οἷον
282 714 384 750 μικρὰν
393 715 522 749 λεκάνην,
541 716 570 741 ὲν
591 711 654 752 ᾖτὰ
667 714 728 750 ἱερὰ
743 714 871 741 ἀπέπλυ-

77 768 125 787 νον
147 760 268 795 ποτήρια
283 759 327 787 διὰ
343 760 457 796 χλιαροῦ
475 760 587 793 ὕδατος.

348 826 518 853 ΕΡΩΤΗΣΙΣ
533 827 594 854 Ill".

80 895 182 929 Ὀπως
190 893 247 929 χρὴ
260 895 417 922 κοινωνεῖν
425 895 498 927 τοὺς
510 894 553 930 μὴ
562 895 754 930 δυναμένους
762 897 806 929 εις
818 895 873 923 τὸν

86 947 98 950 -
221 930 298 957 ναὸν·
306 930 530 965 παραγενέσθαι
540 931 728 965 ἀρῤώστους.

117 988 203 1016 Ὅθεν
218 989 386 1023 προσεκτέον
404 988 444 1023 τῷ
461 988 532 1023 ἱερεῖ
559 989 600 1020 είς
618 989 707 1016 πάντα
734 990 768 1016 τὰ
795 990 874 1024 Ἅγια

83 1035 131 1062 καὶ
145 1033 195 1068 τὴν
214 1033 293 1069 ἱερὰν
308 1034 561 1069 παρακαταθήκην,
580 1034 626 1061 τδν
641 1035 874 1070 προηγιασμένον,

83 1081 133 1107 καὶ
149 1081 292 1116 ἡνωμένον
312 1080 350 1115 τῷ
367 1081 433 1116 θείῳ
445 1081 543 1115 αἵματι
566 1081 700 1112 ζωοποιδν
721 1083 768 1108 καὶ
789 1082 877 1108 πανά-

81 1135 146 1161 γιον
161 1128 255 1163 ἄρτον,
275 1127 346 1155 ὥστε
375 1128 404 1154 ὲν
430 1127 519 1162 πυξίῳ
547 1127 663 1162 καθαρῷ
689 1129 736 1155 καὶ
761 1129 878 1163 ἀσφαλεῖ

83 1173 170 1209 ἔχειν,
194 1174 241 1200 καὶ
263 1174 332 1208 μετὰ
369 1173 492 1209 καθαροῦ
512 1170 719 1209 ἠσφαλισμένον
749 1175 878 1211 ὑφάσμαο

82 1227 131 1250 τος
166 1220 213 1245 καὶ
246 1220 348 1253 τιμίου.
382 1220 453 1246 Αὐτὸ
479 1219 535 1253 γάρ
573 1220 632 1246 ἐστι
666 1220 696 1246 τὺ
734 1220 874 1248 θειότατον

88 1265 170 1298 σῶμα
210 1267 257 1292 καὶ
283 1263 353 1300 αἷμα
393 1265 423 1292 τὸ
457 1266 634 1294 Δεσποτικόν,
674 1266 729 1293 Καὶ
758 1275 879 1302 προσκυ-

85 1311 142 1337 νεῖν
157 1311 240 1346 369
262 1313 310 1338 καὶ
326 1312 425 1346 θυμιᾷν
453 1314 500 1338 καὶ
527 1313 610 1348 τιμᾷν
639 1314 691 1348 χρὴ
708 1313 757 1350 ὅλῃ
782 1315 879 1349 προθέ-

89 1365 143 1390 σει,
156 1359 204 1383 καὶ
225 1358 353 1391 ὑπεράνω
367 1358 435 1392 πρὸς
451 1359 584 1390 ἀνατολὰς
602 1359 651 1393 τῆς
667 1359 743 1391 Ιλείας
769 1361 880 1395 τραπέ-

88 1403 139 1439 ζης
163 1403 324 1438 ῂωρημένον
350 1403 434 1438 ἔχειν,
459 1404 506 1430 καὶ
533 1405 690 1432 ὲπιῦλέπειν
717 1406 760 1432 ῐνα
789 1406 827 1441 μή
855 1415 880 1435 τι

91 1450 215 1485 συμὸαίη
233 1450 350 1486 ἀμελείᾳ
365 1451 420 1477 τῶν
437 1451 475 1486 μὴ
490 1452 615 1479 δεόντων.
632 1453 686 1479 Καὶ
707 1453 735 1479 ὲν
749 1453 789 1488 τῷ
819 1453 881 1488 μέλ-

88 1497 148 1523 λειν
162 1497 189 1523 δέ
202 1505 263 1523 τινα
276 1498 428 1530 κοινωνείτ,
446 1497 484 1533 μὴ
498 1499 536 1529 είς
550 1499 596 1524 τὸν
613 1499 713 1526 κόλπον
729 1500 879 1534 λαμϐάνειν

922 209 1067 236 lavandum
1095 209 1120 235 in
1147 209 1207 236 loco
1236 210 1416 238 mundissimo
1447 221 1454 238 :
1483 212 1660 240 mandabitur
1687 216 1715 240 et

923 260 1000 282 sacra
1014 255 1130 290 piscina,
1158 256 1270 290 spongia
1286 257 1327 283 vel
1346 256 1436 291 aliquo
1456 257 1541 285 linteo
1565 258 1714 285 siccabitur

923 305 952 326 ut
978 301 1136 334 puriﬁcctur
1162 309 1176 327 a
1204 301 1342 328 sordibus.
1371 300 1434 328 Haec
1469 307 1558 329 autent
1588 302 1714 331 facienda

923 349 987 372 sunt
1002 352 1051 379 pro
1063 345 1279 380 opportunitate,
1297 346 1397 374 devote
1414 351 1503 374 tamen
1520 352 1546 374 et
1561 355 1623 374 cum
1640 355 1716 383 mag-

924 398 958 417 na
988 391 1142 418 sedulitate.
1171 391 1311 426 Optimum
1338 394 1447 428 quidem
1471 397 1544 421 esset
1560 393 1581 420 si
1603 394 1635 420 ad
1661 393 1716 422 hoc

925 435 1071 462 haberetur
1087 436 1173 470 pelvis
1202 437 1242 464 vel
1269 437 1470 465 nitidissimum
1496 438 1602 466 labrum
1617 439 1643 466 in
1662 447 1717 474 quo

925 481 1075 508 honorilice
1090 487 1117 509 et
1138 483 1311 510 laudabiliter
1337 484 1535 512 mundarentur
1553 493 1615 512 vasa
1635 493 1713 513 sacra

925 526 991 553 Deo.
1009 527 1037 553 In
1055 528 1193 554 veteribus
1208 528 1326 556 decretis
1346 529 1501 558 invenimus
1526 530 1599 565 quod
1616 530 1712 565 Magna

924 572 1039 600 ecclesia
1062 573 1188 600 habuerit
1219 575 1377 609 amphoram
1395 576 1437 602 vel
1462 580 1565 603 tantum
1587 576 1716 604 labellum

925 618 1070 645 minimum
1086 617 1121 647 ad
1136 619 1250 646 lavanda
1268 620 1293 646 in
1317 628 1386 655 aqua
1402 621 1493 656 tepida
1513 629 1577 649 vasa
1588 629 1678 650 sacra.

1167 818 1328 852 QllESTlO
1349 819 1479 847 LXXXII.

927 897 1065 932 Quomodo
1092 903 1212 937 oporteat
1241 901 1437 928 communicare
1461 901 1592 935 infirmos,
1619 902 1665 937 qui
1689 902 1718 930 in

1063 935 1160 968 tcntplo
1176 940 1315 968 pra‘senles
1333 937 1424 962 adesse
1439 941 1579 971 nequeunt.

960 991 1089 1018 Attendat
1109 991 1204 1019 scdulo
1217 992 1344 1020 sacerdos
1362 993 1413 1028 ipsi
1431 1000 1492 1020 esse
1517 994 1712 1021 reservandum

927 1043 960 1064 ex
972 1037 1102 1064 omnibus
1112 1037 1253 1065 saeriliciis
1267 1045 1376 1066 sacrum
1397 1038 1550 1072 depositum
1563 1048 1570 1073 ;
1586 1047 1722 1073 [mesanc-

929 1082 1060 1110 tilicatum
1076 1083 1181 1110 scilicet
1200 1091 1297 1118 panem
1313 1083 1498 1112 viviﬁcantem
1513 1089 1539 1112 et
1556 1092 1720 1112 sacrosanc-

929 1132 996 1160 tum,
1015 1128 1123 1155 unitum
1147 1137 1211 1155 vere
1229 1135 1326 1157 sancto
1345 1129 1451 1157 Domini
1471 1131 1608 1165 sanguini,
1635 1139 1718 1165 quem

930 1173 1028 1200 habeat
1045 1174 1072 1200 in
1089 1175 1188 1209 pyxide
1205 1175 1306 1202 munda
1322 1180 1350 1202 et
1368 1179 1427 1202 tuto
1446 1175 1561 1207 reclusa,
1586 1176 1724 1202 involuta-

930 1227 983 1254 que
998 1219 1059 1247 velo
1086 1220 1264 1248 mundissimo
1280 1225 1307 1248 et
1322 1221 1444 1256 pretioso
1460 1229 1468 1249 :
1488 1222 1531 1249 hic
1553 1222 1633 1256 panis
1650 1222 1723 1248 enim

931 1271 972 1293 est
988 1266 1190 1294 sanctissimum
1208 1275 1306 1302 corpus
1321 1272 1347 1295 et
1365 1268 1475 1303 sanguis
1496 1267 1613 1295 Domini.
1630 1267 1723 1295 Genu-

931 1312 1032 1344 llectat,
1057 1313 1196 1341 thurilicet
1211 1319 1239 1341 et
1252 1314 1347 1341 adoret
1364 1314 1439 1342 omni
1454 1315 1618 1346 intentione,
1634 1318 1724 1341 ιιιηεςιι

932 1360 1067 1387 elevatum
1091 1365 1154 1387 ante
1177 1365 1299 1387 Sanctam
1333 1368 1467 1393 mensam,
1483 1367 1510 1388 et
1523 1362 1725 1396 circumspiciat

933 1405 1077 1441 diligenter
1090 1415 1124 1434 ne
1138 1407 1202 1441 quid
1227 1407 1331 1434 incuria
1355 1415 1403 1434 sua
1427 1407 1472 1434 ﬁat
1495 1408 1722 1442 incongruentcr.

933 1451 1001 1479 Cum
1019 1452 1100 1487 igitur
1117 1453 1213 1488 aliquis
1234 1453 1318 1481 fuerit
1344 1461 1420 1481 sacra
1439 1453 1634 1485 communione
1662 1453 1724 1480 reti-

935 1499 1058 1531 ciendus,
1074 1500 1202 1527 sacerdos
1219 1508 1273 1527 non
1288 1505 1378 1528 sumat
1398 1504 1493 1527 sancta
1506 1505 1679 1527 sacramenta
1693 1501 1719 1527 in

90 1545 137 1570 καὶ
155 1543 330 1578 πορεύεσθαι,
360 1544 397 1575 ὥς
431 1553 502 1576 τινες
522 1544 569 1571 νῦν
593 1547 837 1581 καταφρονητικῶς
864 1547 878 1582 ἢ

937 1546 997 1573 sinu
1023 1551 1051 1573 ut
1082 1547 1162 1573 adeat
1185 1547 1334 1579 inﬁrmum,
1353 1549 1505 1582 utquidam
1530 1549 1724 1580 irreverenter,

88 1588 201 1623 ἀμελῶς
220 1589 237 1624 ἢ
254 1589 454 1623 ἀσυλλογίστω;
478 1590 614 1622 ποιοῦσιν,
641 1591 699 1617 ἀλλ’
724 1591 882 1626 ἑτοιμάζειν

88 1636 120 1662 ἰν
132 1635 170 1669 τῷ
188 1635 254 1670 ἱερῷ
268 1636 391 1671 ποτηρίῳ
406 1637 456 1671 τὴν
469 1637 546 1663 θείαν
566 1636 663 1671 μερίδα
682 1638 712 1663 ὲν
736 1639 768 1672 τῇ
791 1637 881 1664 λαϐίδι

91 1683 162 1708 κατὰ
175 1683 224 1716 τὴν
236 1682 378 1717 πρόθεσιν,
397 1682 436 1714 ὡς
449 1682 509 1714 ἔθος
520 1680 555 1717 ἦν
573 1682 704 1718 ἐξαρχῆς,
729 1684 776 1710 καὶ
801 1684 882 1719 ἡμεῖς

90 1728 244 1762 φθάσαντες
270 1728 387 1762 εἴδομεν,
421 1729 468 1755 καὶ
496 1730 706 1764 προηγουμένης
730 1729 881 1764 λαμπάδος,

90 1774 137 1800 τὸν
171 1774 248 1808 ίερέα
276 1774 452 1808 ἐνδεδυμένον
483 1775 699 1810 ὲπιτραχήλιον,
728 1777 882 1810 κρατοῦντα

91 1819 269 1854 ¹πορεύεσθαι,
285 1820 331 1846 καὶ
345 1820 416 1846 οὕτω
439 1821 508 1855 μετὰ
539 1821 569 1847 τὸ
586 1822 749 1856 κοινωνῆσαι
772 1823 818 1848 τὸν
834 1823 883 1858 ἀῤ-

91 1865 250 1901 ρωστοῦντα
263 1866 464 1902 ἐπανέρχεσθαι
483 1867 574 1896 πάλιν.
593 1868 648 1894 Καὶ
658 1867 738 1894 τοῦτο
753 1871 840 1895 ποιεῖν
852 1869 882 1895 οὐ

89 1915 155 1944 τοὺς
170 1914 320 1948 κοσμιχοῦς
337 1915 420 1948 lapsi;
441 1914 532 1949 μόνον,
559 1914 626 1941 ἀλλὰ
646 1916 693 1941 καὶ
712 1916 775 1946 τοὺς
797 1924 882 1950 μονα-

88 1959 156 1994 χοὺς
168 1961 196 1984 ἐν
211 1959 267 1990 τοῖς
285 1959 488 1994 μοναττηρίοις,
504 1959 547 1985 ἵνα
574 1960 621 1986 καὶ
635 1959 725 1993 τίμιον
741 1957 771 1994 ᾗ,
781 1961 828 1986 καὶ
843 1961 884 1991 εἰς

88 2005 142 2040 τὴν
154 2004 200 2031 τοῦ
215 2005 333 2038 Χριστοῦ
347 2005 437 2037 δόξαν,
454 2005 500 2031 καὶ
515 2004 592 2040 ἡμῶν
609 2006 649 2036 είς
674 2005 707 2032 τὰ
722 2005 781 2032 θεῖα
803 2006 884 2033 εὐλά-

89 2051 179 2082 ϐειαν,
196 2051 243 2077 κοιλ⁵
255 2052 292 2086 μή
307 2060 333 2077 τι
345 2051 399 2077 τῶν
410 2051 587 2077 ἁπευκταίων
605 2051 739 2087 συμϐαίη,
764 2052 801 2083 ὡς
814 2052 884 2078 είδο-

92 2106 153 2133 μεν.
176 2097 378 2132 Ἀνεπιτηδείου
395 2097 448 2131 γὰρ
465 2098 541 2128 ὄντος
558 2097 604 2123 τοῦ
621 2098 716 2132 τόπου,
738 2099 767 2124 ὲν
783 2098 821 2133 τῷ
844 2099 885 2132 ἐξ·

89 2145 170 2178 ἁγειν
185 2143 328 2178 βούλεσθαι
353 2143 400 2169 τοῦ
420 2143 520 2175 πυξίου
537 2145 586 2179 τὴν
600 2145 675 2170 θείαν
692 2144 800 2179 μερίδα,
813 2153 885 2180 συμ-

89 2191 191 2225 ϐέϐηκε
203 2190 334 2221 πολλάκις
345 2192 375 2217 τό
387 2191 489 2225 φρίκης
506 2192 553 2218 καὶ
574 2191 725 2225 καταδίκης
747 2191 833 2225 ἄξιον,
846 2191 884 2223 ὼς

88 2238 242 2272 ιμάθομεν,
257 2237 369 2273 ῥιφῆναι
387 2237 421 2263 τὰ
434 2237 530 2271 Ἅγια.
551 2237 631 2263 ’Δλλὰ
655 2238 700 2263 καὶ
715 2238 745 2264 τὸ
758 2238 885 2273 κατέχειν

87 2284 177 2310 ταῦτα
191 2284 220 2309 ὲν
239 2283 348 2314 κόλποις
367 2283 414 2309 καὶ
429 2282 532 2309 ὁδεύειν
554 2283 570 2318 ἦ
588 2282 723 2317 καθῆσθαι
741 2283 790 2310 οὐκ
805 2283 886 2310 εὐλα-

88 2329 215 2361 6ἐς.Καὶ
227 2329 269 2361 τίς
294 2329 374 2365 χρεία
387 2328 466 2356 τοῦτο
495 2329 593 2361 ποιεῖν,
624 2329 785 2364 δυναμένοις
813 2328 886 2365 εὑρί-

90 2385 168 2403 σκειν
181 2378 211 2402 ὲν
228 2376 295 2402 πᾶσι
320 2376 395 2406 ναοῖς
409 2375 463 2401 τῶν
489 2375 570 2402 θείων
594 2375 804 2410 φυλαττομένων
836 2384 886 2410 μυ-

90 2421 211 2456 στηρίων
223 2429 230 2454 ;
248 2421 348 2454 Διόπερ
359 2421 382 2447 εί
391 2419 424 2447 δι’
434 2420 656 2455 αἰσχροκέρδειαν
670 2422 741 2447 ποιεῖ
752 2430 793 2453 τις
802 2429 885 2448 πνευ-

91 2467 207 2502 ματικὸς
220 2467 237 2502 ἢ
253 2467 341 2502 ἱερεὺς
353 2467 383 2492 τὸ
398 2466 530 2498 τοιοῦτον,
550 2466 717 2501 ἁμαρτάνει,
732 2468 756 2494 εἰ
780 2467 818 2502 μή
834 2476 885 2494 που

90 2516 162 2542 κατά
181 2514 282 2549 πολλὴν
308 2514 350 2540 ὅτι
377 2513 424 2539 καὶ
447 2513 580 2548 μεγίστην
607 2513 742 2548 ἀνάγκην,
768 2514 884 2549 ἐρημίας

89 2562 185 2594 οὔσης,
200 2561 249 2587 καὶ
265 2560 303 2595 μὴ
313 2559 428 2586 δυνατοῦ
445 2559 520 2590 ὄντος
532 2559 579 2585 τοῦ
596 2559 645 2594 τὴν
657 2559 734 2592 τάξιν
746 2559 884 2594 γενέσθαι,

91 2608 107 2642 ἢ
128 2607 177 2632 ἐὰν
208 2606 289 2641 μέσον
314 2605 428 2632 ἐθνικῶν
453 2605 511 2631 ἐστι
537 2613 598 2636 τις,
625 2605 673 2631 καὶ
693 2606 885 2641 παρρησιάσα-

92 2654 156 2680 σθαι
169 2654 198 2680 οὺ
215 2653 337 2685 δύναται,
357 2645 462 2687 μήποτέ
478 2660 519 2683 τις
537 2652 583 2678 καὶ
598 2652 695 2687 ἀτιμία
711 2653 821 2687 γένηται
830 2653 886 2684 τοῖς

95 2701 199 2735 Ἀγίοις
212 2708 219 2716 ο
235 2701 318 2735 χωρὶς
335 2700 362 2726 δὲ
386 2698 476 2731 τοῦτο,
491 2699 638 2732 ἀναγκαῖον
652 2698 683 2725 τδ
704 2699 774 2734 μετὰ
802 2700 886 2734 τιμῆς

94 2747 267 2782 προπέμπειν
292 2746 325 2772 τὰ.
348 2746 442 2778 Ἅγια.
478 2744 532 2770 Καὶ
562 2744 612 2779 ὅρα
641 2744 690 2779 τὴν
719 2744 885 2779 Ἐκκλησίαν

92 2795 171 2820 τοῦτο
185 2793 229 2819 ἀεὶ
240 2793 371 2819 ποιοῦσαν
387 2794 415 2818 έν
431 2793 490 2822 ταῖς
506 2789 555 2825 τῆς
572 2791 745 2826 λειτουργίας
761 2791 884 2822 εἰσόδοις.
904 2795 910 2801 “

95 2840 140 2867 καὶ
153 2839 190 2874 μὴ
205 2838 314 2864 τελείων
325 2837 409 2863 ὄντων
421 2836 474 2863 τῶν
488 2836 567 2863 θείων
581 2835 684 2871 δώρων.

934 1592 994 1619 sine
1011 1601 1075 1619 cura
1096 1593 1236 1628 dignitatis
1249 1599 1274 1620 et
1291 1593 1410 1622 absurde
1425 1594 1559 1626 fecerunt,
1576 1594 1623 1621 sed
1642 1594 1726 1627 parti-

935 1637 1022 1664 culam
1045 1645 1149 1665 sacram
1167 1639 1210 1674 pie
1239 1642 1353 1673 reponat
1378 1639 1405 1666 in
1432 1644 1527 1666 sancto
1550 1639 1635 1666 calice
1661 1646 1723 1666 cum

934 1681 1046 1716 forcipe,
1062 1683 1132 1710 sicut
1158 1684 1241 1712 moris
1262 1688 1304 1711 est
1328 1693 1343 1712 a
1363 1684 1511 1720 principio,
1528 1689 1555 1712 et
1571 1692 1622 1712 nos
1650 1684 1726 1719 prius

935 1727 1065 1756 vidimus.
1094 1728 1227 1757 Sacerdos
1246 1730 1357 1758 indutus
1374 1730 1444 1758 stola
1463 1729 1638 1765 praecedente
1654 1730 1723 1756 lam-

935 1774 1004 1809 pade
1022 1779 1111 1809 potest
1131 1775 1274 1807 incedere.
1309 1776 1403 1812 sicque
1430 1776 1462 1803 ad
1479 1777 1618 1804 inﬁrmum
1648 1784 1726 1804 sacra

935 1821 1127 1848 communione
1153 1822 1342 1850 roborandam
1371 1823 1512 1850 accedere.
1542 1823 1575 1850 Et
1590 1823 1627 1850 ita
1646 1831 1726 1858 agere

935 1868 1036 1896 debent
1049 1876 1102 1895 non
1120 1869 1207 1895 solum
1225 1869 1369 1896 saeculares
1385 1869 1554 1902 sacerdotes,
1570 1869 1616 1896 sed
1642 1869 1724 1897 etiam

936 1915 1062 1942 monachi
1079 1915 1107 1941 in
1126 1914 1312 1946 monasteriis,
1331 1915 1442 1949 quibus,
1462 1915 1632 1942 inhonorcm
1644 1914 1727 1942 Chri-

935 1959 970 1987 sti
985 1964 1012 1986 et
1024 1964 1137 1994 propter
1162 1966 1221 1986 eam
1247 1967 1301 1994 qua
1327 1964 1421 1986 sancta
1448 1963 1565 1987 tractare
1595 1960 1727 1987 debemus

935 2006 1075 2042 pietatem,
1095 2005 1220 2032 habenda
1239 2010 1282 2033 est
1307 2005 1340 2033 ad
1367 2006 1419 2033 hoc
1441 2006 1559 2040 pretiosa
1583 2006 1726 2040 supellex;

935 2057 963 2079 et
973 2053 1072 2086 quibus
1090 2051 1147 2086 pari
1168 2060 1232 2079 cura
1258 2052 1367 2079 vitanda
1385 2056 1448 2079 sunt
1468 2052 1650 2079 abominanda
1676 2052 1727 2080 ista

937 2105 997 2133 quae
1020 2097 1145 2125 accidere
1163 2098 1281 2126 vidimus
1299 2107 1305 2125 :
1328 2098 1491 2132 particulam
1506 2105 1610 2124 sacram
1634 2105 1727 2125 asser-

936 2144 992 2172 vari
1010 2144 1108 2172 inloco
1125 2144 1271 2175 indecenti.
1288 2149 1316 2171 et
1333 2152 1394 2172 cum
1406 2152 1466 2171 eam
1477 2152 1510 2171 ex
1529 2144 1626 2179 pyxide
1642 2143 1727 2172 desu-

938 2197 1012 2218 ntere
1028 2190 1134 2223 volunt,
1148 2198 1220 2225 saepe
1241 2190 1301 2218 fieri
1325 2195 1354 2217 ut
1370 2196 1463 2219 sancta
1482 2195 1576 2222 ruant,
1605 2195 1634 2217 ut
1650 2189 1727 2217 audi-

938 2237 1039 2269 vimus,
1060 2237 1133 2272 quod
1148 2245 1214 2265 sane
1231 2238 1343 2264 horrore
1362 2237 1470 2270 plenum
1503 2242 1531 2265 et
1542 2237 1601 2264 diro
1622 2236 1728 2272 judicio

938 2283 1062 2318 dignum.
1078 2282 1132 2310 Sed
1145 2289 1171 2311 et
1184 2284 1242 2311 haec
1254 2283 1352 2311 Sancta
1367 2283 1469 2311 habere
1479 2283 1505 2310 in
1519 2283 1580 2310 sinu
1596 2283 1728 2310 inceden-

938 2329 973 2357 do
999 2329 1043 2357 vel
1068 2330 1167 2358 stando
1191 2330 1304 2357 omnino
1321 2330 1435 2364 impium
1453 2338 1461 2356 :
1488 2334 1590 2363 etquae
1605 2329 1727 2364 alioquin

938 2375 1043 2402 utilitas
1060 2383 1093 2402 ex
1112 2375 1165 2403 hoc
1191 2383 1252 2402 esse
1280 2380 1381 2409 potest,
1411 2383 1473 2402 cum
1503 2374 1608 2409 possint
1636 2382 1727 2402 sacra-

940 2426 1062 2449 mentum
1083 2421 1205 2449 invenire
1233 2422 1260 2448 iu
1284 2422 1382 2456 quovis
1413 2420 1513 2455 templo
1528 2419 1728 2448 asservatum?

938 2469 1120 2502 Quamobrem
1144 2473 1237 2503 peccat
1267 2468 1416 2503 spirituulis
1434 2467 1514 2495 Pater
1533 2468 1573 2495 vel
1599 2468 1728 2495 sacerdos

937 2515 984 2551 qui
1008 2515 1060 2542 hoc
1091 2514 1178 2547 facit;
1220 2514 1273 2541 nisi
1312 2514 1383 2541 forte
1415 2514 1534 2541 maxima
1570 2514 1728 2548 impellatur

938 2561 1112 2592 necessitate,
1133 2561 1160 2587 in
1188 2567 1280 2588 eremo
1297 2561 1412 2593 scilicet,
1435 2565 1463 2587 et
1489 2568 1542 2587 non
1558 2561 1646 2595 possit
1663 2567 1728 2586 nor-

939 2616 1012 2635 mam
1043 2607 1120 2643 sequi
1151 2607 1346 2642 praescriptam,
1364 2611 1412 2634 aut
1431 2607 1454 2633 si
1483 2607 1586 2633 hahitct
1611 2607 1638 2633 itt
1670 2613 1728 2632 me-

937 2654 984 2681 dio
1005 2654 1189 2686 ethnicorum,
1217 2660 1269 2680 nec
1283 2652 1368 2687 possit
1396 2653 1567 2680 conﬁdenter
1588 2657 1614 2679 el
1642 2652 1728 2679 libere

937 2707 1028 2734 agere,
1047 2704 1189 2734 metusque
1197 2703 1241 2727 est
1254 2707 1288 2726 ne
1297 2698 1425 2733 quiddam
1441 2698 1618 2725 irreverentia
1637 2705 1728 2724 sacra-

938 2745 1040 2772 mentis
1065 2744 1210 2778 inferatur,
1252 2744 1401 2778 prudenter
1417 2744 1525 2771 omittat
1541 2744 1699 2778 praescripta
1720 2752 1727 2770 :

938 2793 986 2818 sed
1000 2797 1076 2818 extra
1096 2791 1170 2819 hunc
1183 2799 1288 2824 casttm,
1306 2791 1440 2826 frequenti
1457 2792 1587 2818 comitatu
1616 2795 1643 2816 et
1662 2797 1725 2817 cum

942 2838 1046 2864 honore
1062 2837 1146 2865 multo
1162 2837 1320 2865 deducenda
1339 2842 1402 2865 sunt
1417 2842 1512 2865 sancta
1532 2837 1565 2864 ad
1591 2835 1726 2864 inﬁrmos.
