1918 3042
98 126 156 158 9τι3

106 199 1634 219 mh

762 125 811 155 DE
828 126 1079 157 SACERDOTIO.

1688 135 1741 167 954

751 275 867 318 ΤΟΥ
904 274 1094 319 ΑΥΤΟΥ

440 363 705 449 ΠΕΡΙ
743 362 1392 453 ΙΕΡΩΣΥΝΗΣ

375 505 521 550 ΠΡΟΣ
559 505 692 551 ΤΙΝΑ
727 509 843 552 ΤΩΝ
881 509 1142 553 ΕΥΛΑΒΩΝ
1178 509 1460 556 ΜΟΝΑΧΩΝ

657 589 757 617 ΙΕΡΑΣ
780 589 965 617 ΔΙΑΚΟΝΙΔΣ
987 590 1201 626 ΗΞΙΩΜΕΝΟΝ,

213 644 266 671 ΕΠ
285 644 342 671 ΚΑΙ
357 643 427 672 ΤΟΥ
441 645 636 674 ΔΡΧΙΕΡΕΩΣ
649 648 703 674 ΕΙΣ
716 644 787 675 ΤΟΝ
805 648 873 674 ΤΟΥ
897 649 1147 677 ΠΡΕΣΒΥΤΕΡΟΥ
1172 652 1377 681 ΤΕΛΟΥΝΤΟΣ
1389 654 1478 680 ΤΟΤΕ
1494 654 1645 686 ΒΑΘΜΟΝ,

792 823 1062 870 EJUSDEM

530 934 658 1011 DE
698 933 1310 1016 SACERDOTIO

339 1065 414 1110 AD
461 1065 699 1112 PIORUM
741 1065 1168 1114 MONACHORUM
1215 1072 1509 1124 QUEMDAM

583 1155 693 1185 SACRO
731 1155 871 1184 DlACONl
905 1156 1050 1186 MUNERE
1080 1158 1248 1189 ORNATUM

281 1227 348 1257 NEC
377 1226 447 1257 NON
477 1228 522 1256 AB
550 1228 714 1257 EPISCOPO
732 1228 860 1256 DEINDE
890 1228 1054 1256 EVECTUM
1076 1230 1121 1257 AD
1155 1230 1300 1260 GRADUM
1328 1232 1556 1263 PRESBYTERI.

142 1378 187 1405 Ἐν
197 1378 307 1414 Χριστῷ
323 1387 371 1414 μοι
397 1379 432 1413 ἀγ
439 1379 528 1414 απητὶ
542 1380 590 1406 καὶ
600 1380 769 1415 γνησιώτατε
786 1382 894 1416 ἀδελφὲ.

983 1383 1011 1410 Ιιι
1027 1382 1137 1410 Christo
1148 1382 1246 1410 dilecte
1266 1382 1331 1409 mihi
1359 1387 1386 1409 et
1410 1382 1540 1409 ﬁdissime
1554 1383 1649 1414 frater,
1672 1384 1734 1410 οι·Ιί-

99 1425 150 1459 τὴν
179 1424 293 1459 ὀφειλὴν
312 1425 360 1459 τῆς
385 1425 496 1460 ἀγάπης
522 1426 590 1452 πᾶσι
615 1428 686 1454 κατὰ
710 1428 759 1463 τὴν
782 1429 893 1462 ἐντολὴν

98 1471 268 1505 ὀφείλοντες,
299 1470 389 1505 πολλῷ
417 1471 518 1505 μᾶλλον
535 1472 637 1508 ταύτην
658 1473 804 1509 ὀφείλομεν
837 1477 893 1506 τοῖς

100 1517 225 1551 γνησίοις
244 1518 360 1548 καὶτοῖς
377 1510 511 1557 φιλοῦσιν.
541 1517 573 1545 ΕΞ
601 1519 656 1554 γὰρ
679 1520 725 1546 καὶ
748 1520 855 1555 ἀμερὴς
878 1523 892 1556 ἡ

102 1563 173 1589 κατὰ
189 1563 255 1589 Θεὸν
266 1563 361 1597 ἀγάπη
379 1563 425 1590 καὶ
445 1563 529 1598 ἁπλῆ,
551 1565 599 1590 καὶ
617 1565 769 1596 ἀποικιλος,
787 1567 834 1592 καὶ
845 1567 894 1592 πᾶ-

101 1617 145 1635 σιν
163 1609 227 1639 ἴσως
241 1609 404 1643 ὀφειλομένη
417 1610 488 1635 κατὰ
501 1610 547 1636 τὸν
564 1610 667 1637 τέλειον
682 1611 771 1644 λόγον,
796 1612 854 1638 ἀλλ’
876 1615 891 1646 ἡ

99 1654 265 1690 αὑτοαγάτιη
282 1655 328 1681 καὶ
342 1655 548 1690 αὺτοῖελειότης
565 1656 680 1690 Ἰησοῦς,
693 1657 791 1683 ἑαυτὸν
803 1657 892 1689 διδοὺς

101 1700 203 1732 tactv;
215 1700 288 1734 ὅμως
304 1700 374 1727 κατὰ
397 1701 447 1735 τὴν
460 1701 574 1736 γνώμην
591 1703 708 1728 ἑκάστου
726 1703 892 1738 φανεροῦται

99 1746 157 1778 τοῖς
173 1745 357 1780 βουλομένοις,
373 1745 411 1778 ὡς
435 1749 480 1773 καὶ
493 1749 523 1773 τὸ
538 1748 595 1782 φῶς
617 1748 745 1782 αὐγάζων
761 1749 826 1782 ἴσως
840 1750 893 1776 πᾶ-

101 1802 144 1818 σιν
159 1794 173 1819 ό
185 1792 270 1828 ἣλιος,
287 1793 358 1819 κατὰ
373 1793 403 1819 τὸ
424 1793 512 1819 οὲλειν
524 1794 591 1828 ὀρᾷν
609 1795 656 1821 καὶ
671 1795 700 1821 τὸ
715 1795 828 1822 δυνατὸν
842 1796 893 1832 τῆς

99 1839 233 1873 ὁράσεως,
247 1839 397 1874 καθορᾶται
409 1840 530 1874 ἑκάστῳ.
546 1841 629 1867 Ὅθεν
642 1842 688 1868 και
702 1851 784 1877 φησιν
811 1843 893 1874 αὐτὸς

101 1886 115 1911 ὸ
130 1885 247 1920 Σωτήρ·
278 1895 287 1911 ι
314 1886 386 1919 Ἐγὼ
409 1886 472 1917 τοὺς
497 1886 547 1921 ἐμὲ
573 1887 719 1921 φιλοῦντας
748 1889 858 1922 ἀγαπῶ·
881 1899 890 1915 ι

99 1932 149 1966 οὐχ
167 1933 209 1958 ὅτι
227 1933 304 1963 τινὰς
332 1933 382 1967 μὲν
406 1933 490 1966 φιλεῖ,
514 1932 589 1964 τινὰς
617 1933 645 1959 δὲ
674 1934 706 1961 οὐ
726 1934 809 1969 φιλεῖ,
833 1936 891 1962 ἀλλ’

98 1978 196 2009 ἁπλῶς
213 1979 317 2010 πάντας
338 1978 376 2010 ὡς
389 1979 553 2014 αὑτοαγὰπη
568 1979 616 2011 ὣν,
632 1980 747 2013 ἀγαπῶν
771 1981 834 2014 τοὺς
854 1983 892 2017 μὴ

100 2023 282 2058 βουλομένους
296 2024 378 2050 αὐτὸν
388 2024 499 2058 ἀγαπᾷν
506 2025 554 2051 καὶ
563 2026 788 2060 μακρυνομένους
797 2027 889 2058 αὑτοῦ,

945 1429 1017 1456 cium
1034 1428 1175 1455 charitatis
1209 1432 1308 1455 nostra:
1330 1427 1405 1462 juxta
1420 1428 1577 1454 mandatum
1607 1428 1734 1455 omnibus

945 1474 1086 1507 debentes,
1103 1474 1189 1500 multo
1201 1473 1287 1507 magis
1303 1473 1374 1500 illam
1405 1472 1527 1508 ingenuis
1552 1477 1579 1499 et
1595 1473 1733 1508 diligenti-

945 1520 994 1547 bus
1009 1520 1150 1547 debemus.
1172 1518 1227 1545 Etsi
1247 1517 1319 1545 enim
1342 1525 1402 1553 quae
1426 1518 1573 1545 Secundum
1593 1517 1676 1546 Deum
1692 1524 1732 1546 est

944 1566 1063 1593 charitas
1094 1565 1221 1597 indivisa,
1236 1564 1351 1598 simplex
1364 1568 1390 1591 et
1406 1563 1548 1591 uniformis
1557 1565 1603 1596 sit,
1617 1569 1644 1591 et
1661 1564 1732 1592 illam

944 1611 1072 1638 omnibus
1089 1611 1239 1637 debeamus
1263 1609 1413 1637 secundum
1437 1610 1503 1645 legis
1525 1610 1731 1643 petfectionem,

945 1657 977 1684 ad
990 1657 1076 1684 instar
1089 1655 1282 1688 DominiJesn,
1299 1655 1344 1689 qui
1361 1660 1403 1682 est
1423 1657 1480 1691 ipsa
1496 1656 1618 1684 charitas
1636 1661 1663 1683 et
1675 1657 1733 1691 ipsa

945 1702 1075 1738 perfectio
1090 1708 1117 1730 et
1131 1710 1192 1729 sese
1206 1710 1255 1737 pro
1267 1702 1394 1729 omnibus
1411 1702 1498 1735 dedit,
1509 1702 1556 1729 sed
1577 1707 1665 1729 tamen
1680 1702 1732 1729 illis

944 1750 990 1785 qui
1003 1756 1065 1776 eum
1084 1749 1240 1776 desiderant
1262 1748 1416 1775 declaratur
1431 1748 1580 1776 secundum
1605 1749 1734 1776 intentio-

945 1802 1007 1821 netn
1025 1794 1170 1828 cujusque.
1185 1793 1222 1820 Ita
1238 1798 1265 1820 et
1279 1793 1371 1820 lumett
1385 1793 1410 1819 in
1428 1793 1486 1820 sole
1499 1793 1594 1820 lucens
1607 1793 1733 1820 similiter

944 1841 1082 1872 omnibus,
1100 1840 1133 1866 ab
1162 1845 1324 1872 unoiuoque
1341 1839 1461 1865 cernitur
1475 1839 1551 1872 juxta
1564 1839 1732 1865 voluntatem

944 1886 1056 1912 videndi
1072 1889 1099 1911 et
1114 1884 1228 1911 visionis
1257 1884 1418 1918 potentiam.
1446 1884 1524 1911 Unde
1544 1888 1572 1911 et
1595 1884 1662 1911 dicit
1675 1885 1732 1918 ipse

945 1931 1069 1959 Salvator
1098 1938 1105 1957 :
1139 1940 1147 1956 t
1166 1930 1222 1964 Ego
1242 1929 1385 1965 diligentes
1409 1938 1452 1957 me
1479 1930 1561 1964 diligo
1576 1929 1585 1945 ¹
1601 1938 1609 1956 :
1627 1939 1636 1955 ι
1674 1938 1730 1957 non

945 1978 1016 2012 quod
1045 1977 1151 2011 aliquos
1179 1977 1288 2011 quidem
1316 1976 1411 2011 diligat
1441 1983 1468 2002 et
1509 1977 1640 2011 quosdam
1668 1977 1732 2004 odio

946 2024 1063 2056 habeat;
1091 2024 1138 2051 sed
1171 2030 1234 2050 cum
1259 2022 1295 2050 sit
1320 2022 1438 2049 charitas
1464 2022 1533 2055 ipsa,
1551 2029 1645 2049 omnes
1671 2021 1731 2049 dili-

98 2071 128 2096 οὐ
142 2057 312 2104 τυραννικῶς
325 2057 484 2104 ἀναγέάζει.
501 2057 627 2106 Καὶγγὰο
642 2057 697 2098 οὐκ.
717 2072 824 2107 ἀναιρεί
840 2057 890 2106 τὴν

945 2071 993 2106 git,
1021 2074 1049 2097 et
1074 2077 1122 2097 eos
1145 2068 1192 2104 qui
1227 2076 1289 2096 eum
1329 2069 1426 2095 nolunt
1459 2075 1551 2095 amare
1578 2073 1606 2095 et
1632 2068 1677 2102 qui
1701 2076 1730 2095 sc

97 2115 272 2149 ⁴προαιρεσιν,
288 2114 383 2150 ὥσπερ
400 2116 447 2142 καὶ
462 2117 517 2147 τοῖς
535 2117 659 2152 φιλοῦσιν
675 2117 756 2144 αὐτὸν
771 2117 817 2144 καὶ
843 2120 889 2152 ὲγ‹

98 2161 186 2194 γίζειν
205 2161 382 2188 ἐπιποθοῦσιν
397 2162 492 2189 ἑαυτὸν
508 2163 569 2189 ὅλον
581 2164 706 2199 παρέχει,
718 2164 765 2190 καὶ
780 2164 813 2190 τὰ
840 2163 889 2198 τῆς

98 2208 211 2242 ἀγάπης
225 2207 430 2243 αὐτοαγαοότης
443 2207 482 2235 ὣν
496 2209 677 2237 ἐπιδείκνυσι.
699 2210 755 2237 Καὶ
772 2211 787 2237 ὁ
811 2211 890 2238 Ἀπό-

99 2254 192 2285 στολος
204 2253 231 2279 δὲ
240 2254 296 2284 τοῖς
306 2254 418 2285 οἰκείοις
429 2254 483 2289 πρὸ
494 2255 603 2282 πάντων
612 2255 661 2289 τὴν
667 2256 798 2290 πρόνοιαν
808 2265 890 2291 χορη-

97 2301 156 2333 γεῖν
170 2299 322 2332 ἐπιτράπει,
332 2299 395 2330 τοὺς
406 2299 522 2331 οἰκείους
534 2299 622 2334 λέγων
630 2302 662 2335 τῇ
671 2301 831 2329 πίστει.Καὶ
842 2302 890 2327 αὑ-

96 2346 143 2377 τὸς
154 2344 243 2371 τοίνυν
251 2345 276 2370 ιι
286 2346 331 2372 καὶ
341 2344 397 2371 τῶν
405 2345 555 2381 ἐλαχίστων
571 2345 775 2380 ἑλαχιστότατος
788 2347 889 2382 τυγχά-

97 2400 152 2418 νων
164 2391 235 2425 cipit,
250 2391 344 2422 πιστδς
353 2390 376 2416 δ’
389 2391 463 2425 ὅμως
478 2390 597 2426 Χριστοῦ
614 2392 643 2419 ἐν
653 2391 727 2426 αὐτῷ
743 2394 776 2428 τῇ
793 2393 887 2419 τούτου

99 2446 130 2464 τι
144 2437 287 2472 ἀντιλήψει
305 2437 394 2471 ἱερεὺς
415 2438 462 2463 καὶ
473 2436 565 2468 δοῦλος
584 2437 681 2470 αὐτοῦ,
697 2439 769 2465 κατὰ
783 2439 887 2475 τὺιένὺν

98 2483 172 2518 ἐμοὶ,
187 2482 310 2517 ἀνάγκην
325 2481 380 2518 ἔχω
395 2481 450 2508 τῶν
476 2483 591 2509 ἐντολῶν
608 2483 693 2510 αὑτοῦ
719 2485 886 2520 μεμνῆσθαι,

100 2528 212 2563 καὶτῆς
232 2527 279 2554 τοῦ
295 2527 445 2561 κεφαλαίου
471 2528 566 2554 πασῶν
587 2529 687 2562 μᾶλλον
715 2530 826 2565 ἀγάπης
850 2530 887 2562 ὼς

101 2575 226 2609 ἐφικτὸν,
242 2574 286 2600 ἵνα
302 2574 372 2600 κατὰ
383 2575 428 2600 τὸν
443 2575 624 2610 ἠγαπημένον
649 2576 724 2610 αὐτῷ
751 2577 887 2612 μαθητὴν,

98 2621 144 2646 καὶ
178 2619 294 2655 Χριστὸς
319 2619 400 2650 αὐτος
424 2619 468 2646 διὰ
480 2620 582 2654 ταύτης
596 2621 698 2656 μικράν
713 2630 773 2648 τινα
795 2622 888 2657 χώραν

98 2667 126 2693 ὲν
146 2666 208 2698 ἐμοὶ
231 2667 280 2694 καὶ
293 2665 377 2700 μονὴν
394 2665 464 2700 ἔχων
483 2666 593 2702 εὑρεθῇ.
615 2675 624 2692 ‹
651 2667 681 2693 '0
704 2668 794 2701 μένων
820 2669 887 2703 γὰρ,

98 2713 191 2746 φησὶν,
203 2712 231 2738 ὲν
246 2713 278 2746 τῇ
295 2711 400 2747 ἀγάπῃ,
417 2713 446 2738 ἐν
460 2711 499 2747 τῷ
526 2713 585 2749 Θεῷ
613 2713 700 2748 μένει,
728 2715 772 2740 καὶ
785 2716 799 2741 ὁ
820 2715 885 2746 Θεὸς

98 2759 128 2784 ὲν
142 2758 227 2793 αὐτῷ.
251 2767 260 2784 ι
277 2758 377 2785 Λοιπὸν
401 2759 446 2785 καὶ
463 2759 544 2791 αὐτὸς
572 2760 675 2796 ταύτην
692 2762 785 2796 τηρεῖν
809 2761 885 2795 ὀφεί-

141 2847 240 2878 ‘Prov.
258 2857 318 2884 νιιι,
343 2850 386 2878 ΓΙ.

941 2121 1069 2143 avertunt
1087 2116 1163 2142 abeo
1186 2122 1241 2142 non
1265 2114 1405 2150 tyrannica
1433 2114 1521 2149 cogit;
1550 2114 1651 2140 etenim
1675 2121 1729 2140 non

941 2162 1030 2189 aulert
1044 2161 1198 2194 arbitrium,
1215 2161 1261 2188 sed
1275 2165 1355 2196 prout
1370 2160 1484 2196 diligunt
1497 2159 1571 2187 illum
1583 2164 1610 2187 et
1619 2159 1652 2186 ad
1667 2167 1728 2186 eum

940 2209 1070 2236 accedere
1085 2207 1207 2239 student,
1227 2214 1256 2234 se
1271 2211 1357 2234 totum
1379 2207 1461 2234 tradit
1476 2211 1504 2234 et
1519 2207 1611 2240 donat,
1629 2211 1726 2233 etcum

940 2254 976 2282 sit
996 2254 1181 2291 bonitasipsa,
1193 2253 1294 2280 amoris
1313 2253 1467 2280 testimonia
1485 2253 1596 2287 praebet.
1614 2253 1645 2278 Et
1657 2252 1728 2285 Apo-

940 2300 1027 2327 stolus
1042 2299 1200 2327 domesticis
1211 2304 1274 2327 ante
1281 2307 1377 2326 omnes
1387 2298 1497 2326 mandat
1512 2306 1573 2326 esse
1585 2298 1729 2332 providen-

940 2345 1016 2378 dum,
1044 2345 1208 2373 domesticos
1237 2352 1336 2372 vocans
1363 2345 1486 2379 ejusdem
1512 2343 1573 2370 ﬁdei
1601 2343 1726 2370 famulos.

940 2391 997 2427 Ego
1012 2390 1108 2426 igitur,
1121 2391 1246 2426 quamvis
1267 2391 1335 2417 forte
1349 2390 1477 2417 mittimus
1494 2389 1545 2416 sim
1564 2389 1634 2416 inter
1649 2389 1730 2415 inini-

941 2446 1012 2470 mos.
1029 2438 1116 2465 ﬁdelis
1139 2442 1229 2465 tamen
1254 2445 1313 2464 sum
1330 2436 1442 2469 Christi,
1461 2437 1488 2462 in
1511 2436 1570 2471 ipsa
1594 2435 1653 2470 cjus
1667 2443 1727 2462 sus-

940 2487 1066 2521 ceptione
1082 2491 1108 2512 et
1136 2485 1238 2512 auxilio
1257 2484 1385 2512 sacerdos
1407 2484 1466 2519 ejus
1483 2488 1510 2511 et
1523 2491 1628 2515 servus,
1643 2483 1729 2518 quani

940 2537 997 2560 tum
1014 2532 1041 2559 in
1061 2539 1104 2558 me
1117 2536 1169 2564 est,
1188 2538 1302 2558 necesse
1318 2530 1405 2557 habeo
1432 2530 1591 2558 meminisse
1616 2529 1727 2556 manda~

941 2583 1029 2606 torutn
1045 2578 1114 2613 ejus,
1129 2577 1245 2604 maxime
1271 2576 1423 2607 charitatis,
1440 2582 1500 2610 qua:
1514 2575 1634 2602 omnitttn
1647 2580 1729 2608 caput

942 2629 993 2657 est,
1006 2632 1056 2660 pro
1067 2624 1172 2652 viribus
1185 2623 1263 2654 meis,
1279 2627 1308 2649 ut
1319 2622 1467 2649 secundum
1490 2619 1651 2655 discipulum
1675 2619 1726 2655 ipsi

940 2672 1067 2699 dilectum
1073 2670 1208 2704 ,Christus
1219 2669 1244 2696 in
1255 2676 1298 2696 me
1307 2668 1364 2703 ipse
1371 2667 1444 2695 solus
1451 2674 1561 2702 parvam
1571 2665 1728 2692 inveniatur

940 2718 1046 2745 habens
1063 2716 1209 2751 quamdam
1226 2716 1415 2747 mansionem;
1428 2713 1576 2741 dicit-enim
1585 2711 1725 2740 Joannes:

942 2773 950 2789 (
974 2762 1024 2796 Qui
1043 2767 1134 2790 manet
1155 2764 1182 2790 in
1198 2761 1328 2790 charitatc
1343 2760 1370 2787 in
1385 2760 1440 2788 Deo
1454 2762 1556 2792 manet,
1568 2762 1593 2786 ct
1615 2757 1685 2784 Deus
1700 2756 1728 2783 in
