1918 3042
190 99 246 131 955

617 95 806 128 SYMEONIS
822 89 1200 125 THESSALONICENSIS
1222 89 1401 122 ARCHlEP.

1791 88 1849 117 956

192 155 259 182 eo'.
280 163 289 179 ι
320 152 476 184 Caeterum.
511 159 574 179 cum
606 152 665 185 ipse
693 151 766 178 illam
792 149 905 177 debeam
923 154 983 175 ser-

1048 153 1101 178 .ων,
1117 145 1165 171 καὶ
1186 144 1325 171 δεικνύναι
1343 145 1410 171 πᾶσι
1431 145 1501 172 κατὰ
1522 144 1568 171 τὴν
1593 144 1668 178 ὅρον,
1684 143 1736 170 καὶ
1768 148 1850 178 μιλι-

192 207 258 227 vare
282 204 320 233 et,
345 197 494 226 secundum
526 203 711 233 praeceptum,
739 195 867 224 omnibus
889 199 982 220 05Ien-

194 246 271 278 dere,
301 245 348 272 sed
368 244 454 279 magis
481 243 521 271 eis
541 244 588 278 qui
609 250 653 270 me
673 242 801 277 diligunt.
826 245 852 268 te
877 240 982 267 habens

193 292 266 319 inter
286 291 528 325 coniunctissimos
550 295 578 318 et
610 279 677 317 mihi
708 289 900 320 amicissimos,
934 285 982 312 tibi

193 343 221 364 et
244 337 429 364 sincerissime
458 344 531 364 nunc
557 337 718 364 charitntem
747 333 894 362 ostendere
920 338 982 367 ges-

194 383 244 410 tio.
257 383 316 410 Non
328 382 526 410 exhortationis
539 381 655 409 formam
674 381 718 408 hic
734 387 842 412 sequar,
860 378 908 405 sed
927 381 983 404 tra—

193 429 255 456 dam
272 429 348 464 quasi
367 430 524 456 uiemoriale
536 428 648 455 verbum
665 432 692 455 et
713 426 835 453 notitiam
856 423 986 451 brevissi-

195 483 267 502 mam
293 476 353 510 ejus
376 483 456 509 quem
483 479 660 509 suscepturus
679 481 709 500 es
735 472 907 501 diaconatus.
937 477 986 504 per

194 521 266 555 quod
284 521 333 548 tibi
361 521 507 553 assistam,
522 521 600 554 quasi
615 524 678 546 ante
695 523 719 546 te
737 519 788 544 hoc
803 516 984 543 ministerium

197 568 354 601 ingressus,
368 573 396 596 et
424 567 553 594 sacerdos
578 565 679 593 Christi
705 565 792 592 factus
806 568 832 591 et
859 562 984 589 minister

196 614 388 650 mysteriorum
412 613 482 649 ejus,
516 612 562 647 qui
590 619 633 639 me
661 610 766 638 inﬁnita
792 617 841 638 sua
865 608 987 637 bonitate

197 661 326 687 maximis
343 665 369 686 ct
383 659 483 686 divinis
497 658 624 693 dignatus
639 662 682 684 est
695 656 786 684 bonis.

232 705 301 732 Ecce
311 697 408 740 igitur,
425 704 597 736 charissima,
621 703 721 738 dignus
756 702 866 730 habitus
889 708 919 728 es
940 700 987 735 qui

196 751 323 779 minister
341 751 421 777 lieres
439 749 539 777 Christi
565 749 736 776 etdiaconus
757 748 817 783 ejus
837 752 866 774 et
883 748 985 780 socius,

196 802 224 825 ct
251 798 386 831 interpres
404 795 595 831 mysteriorum
626 799 655 821 et
675 794 734 828 ejus
748 793 919 828 propinquus
945 790 987 817 l'a-

198 843 379 876 miliarisque,
397 846 425 868 et
439 841 656 870 communicatis,
677 844 705 867 et
723 845 811 873 prmco
828 837 988 872 Evangelia—

197 895 259 914 rum
274 896 280 914 :
298 893 386 920 neque
402 886 458 919 jam
470 885 538 912 velis
550 885 767 919 quibuscumque
791 881 925 914 irretitus,
938 881 987 908 sed

198 937 292 968 aperte
303 933 407 964 videns,
418 939 506 965 neque
519 931 654 957 mediante
671 928 826 962 Seraphim,
845 927 988 955 sacerdote

199 979 315 1010 scilicet,
343 978 377 1005 ab
397 978 579 1004 instrumento
605 975 824 1005 communicatis,
850 973 898 1001 sed
930 972 989 1007 ipse

198 1026 326 1052 inventus
354 1021 507 1058 Seraphim,
541 1020 694 1048 sacerdotio
718 1020 800 1047 modo
825 1019 987 1046 honoratus.

198 1071 240 1098 Tu
257 1078 357 1098 vocans
373 1071 405 1096 ad
423 1076 528 1103 preces,
551 1075 604 1094 non
623 1067 681 1102 ipse
705 1070 827 1098 vocatus,
845 1064 912 1092 alios
937 1064 990 1090 ini-

199 1117 303 1152 pcllens
323 1122 352 1143 ut
365 1116 398 1143 ad
418 1116 500 1142 Deum
527 1113 670 1146 accedant,
685 1113 742 1146 ipse
770 1118 825 1138 non
853 1116 991 1137 cessansa

199 1163 300 1191 divmis
317 1160 493 1189 commerciis
509 1169 515 1187 :
533 1165 562 1187 et
579 1159 704 1186 lidelihus
717 1157 881 1192 praedicans,
895 1163 943 1183 cos
958 1155 992 1182 ad

207 1209 388 1236 attentionem
403 1211 431 1234 et
456 1206 639 1234 obedientiam
666 1205 824 1235 exhortans.
845 1208 871 1229 et
887 1203 993 1237 positus

203 1263 287 1292 prope
301 1255 451 1285 Christum,
470 1258 543 1280 totus
556 1252 672 1279 aliorum
700 1251 744 1277 via
760 1254 788 1277 ct
800 1249 940 1283 exemplar
966 1252 993 1275 et

199 1301 351 1328 conductor
362 1299 448 1326 factus
462 1299 494 1324 ad
505 1297 608 1324 lumen.
627 1297 662 1323 Et
676 1295 739 1330 quid
753 1294 825 1321 aliud
843 1294 897 1321 eris
913 1300 992 1328 quam

200 1345 360 1376 Cbcrubim,
380 1348 453 1371 lotus
481 1343 552 1370 inter
571 1341 698 1377 mysteria
725 1347 788 1367 eum
812 1339 994 1373 transpiciens

202 1391 250 1428 qui
272 1391 342 1417 videt
360 1389 472 1417 omnia?
487 1390 541 1415 Aut
569 1386 711 1422 Serapbim
731 1386 827 1420 igneus
843 1384 936 1412 fruens
952 1383 994 1410 vi-

202 1437 277 1468 venti
291 1437 344 1463 Dco
358 1436 402 1468 qui
419 1435 489 1470 ignis
503 1433 565 1460 est?
592 1437 639 1459 aut
654 1432 781 1464 thronus,
808 1431 912 1458 habens
928 1430 954 1456 in
970 1433 995 1456 te

1037 200 1086 218 στα
1110 192 1168 223 τοῖς
1191 191 1300 225 φιλοῦσί
1325 199 1354 217 σε
1385 192 1439 217 τῶν
1462 192 1600 226 φιλτάτων
1614 191 1696 226 ἔχων,
1730 190 1782 216 σοὶ
1802 193 1853 216 καὶ

1036 238 1155 272 γνησίως
1171 239 1200 264 ὲν
1218 238 1257 272 τῷ
1272 238 1388 272 παρόντι
1405 237 1508 272 ταύτην
1527 238 1687 272 ὲνδείκνυμι
1702 244 1711 252 ⁸
1736 237 1774 263 οὺ
1794 245 1853 262 πα.-

1038 282 1188 317 ραινέσεως
1205 281 1292 308 τύπον
1317 282 1466 317 διενεργῶν
1487 283 1514 308 ὲν
1531 283 1612 316 τῷδε,
1636 281 1696 308 ἀλλ’
1712 281 1855 315 ὑπομνή-

1038 336 1108 359 σεως
1122 327 1200 362 λόγον
1218 327 1266 354 καὶ
1280 328 1382 361 γνῶσίν
1393 336 1456 354 τινα
1474 328 1642 362 λεπτοτέραν
1666 325 1702 362 ἦς
1717 327 1853 362 ἠξίωσαι

1037 373 1177 405 διακονίας
1202 373 1247 400 διὰ
1269 373 1347 400 τοῦδέ
1363 382 1404 400 σοι
1419 373 1620 409 παρεχόμενος,
1634 373 1672 404 ὡς
1689 374 1739 399 καὶ
1762 371 1855 403 αὐτὸς

1040 420 1093 455 πρὸ
1110 420 1158 447 σοῦ
1175 420 1282 454 ταύτην
1298 419 1470 446 ὑπεισε).θὼν
1484 419 1535 454 τὴν
1555 419 1633 454 ἱερὰν
1651 418 1853 452 λειτουργίαν,

1038 468 1085 494 καὶ
1106 468 1197 503 ἱερεὺς
1208 467 1328 503 Χριστοῦ
1346 467 1491 501 τυγχάνων
1502 467 1548 494 καὶ
1563 465 1705 501 ὑπηρέτης
1723 465 1789 490 τῶν
1805 465 1855 490 αὖ-

1038 514 1085 541 τοῦ
1108 515 1278 549 μυστηρίων,
1295 515 1368 549 ἄκρᾳ
1394 513 1492 540 τούτου
1510 513 1676 547 χρηστότητι
1701 511 1764 538 τῶν
1779 511 1855 546 ὑπὲρ

1040 561 1090 596 ἐμὲ
1109 560 1248 596 μεγίστων
1261 569 1291 587 τε
1306 561 1354 587 καὶ
1366 560 1447 587 θείων
1462 559 1626 595 ἠξιωμένος.

1076 694 1142 722 Ἰδοὺ
1152 695 1243 723 τοίνυν
1252 695 1383 730 ἢξιώθης,
1394 696 1531 731 ἀπαγητὲ,
1541 695 1701 731 λειτουργὸς
1710 696 1850 730 γενέσθαι

1041 740 1172 776 Χριστοῦ,
1190 742 1237 768 καὶ
1252 742 1375 774 διάκονος
1389 741 1471 769 αὑτοῦ
1495 741 1542 769 καὶ
1568 743 1758 778 παραστάτης
1774 741 1847 770 εἶναι

1042 789 1090 815 καὶ
1100 788 1203 824 θεωρὸς
1213 788 1268 815 τῶν
1286 789 1455 823 μυστηρίων,
1473 790 1518 816 καὶ
1532 789 1661 824 ἐγγίζων,
1680 791 1731 817 καὶ
1744 799 1846 817 κοινω-

1039 835 1095 869 νδς,
1105 834 1153 861 καὶ
1166 834 1221 861 τῶν
1230 834 1407 868 Εὑαγγελίων
1415 835 1513 869 κῆρυξ,
1523 835 1629 862 καὶούκ
1653 835 1693 862 ἔτι
1709 844 1845 872 παραπε-
1877 824 1881 829 ἡ

1039 880 1160 914 τάσμασί
1171 888 1226 906 τισι
1241 879 1426 914 κωλυόμενος,
1438 880 1741 916 ἁλλ’ἀπερικσλύπτως
1756 882 1842 917 ὀρῶν,

1039 925 1100 952 οὐδὲ
1121 924 1165 952 διὰ
1191 925 1344 960 Σεραφεὶμ,
1366 925 1461 959 ἱερέως
1478 926 1590 961 δηλαδὴ.
1601 927 1636 962 τῇ
1647 925 1740 953 λαΰίδι
1759 927 1843 961 μετέ-

1039 980 1108 1006 χων,
1127 971 1187 998 ἀλλ’
1213 971 1296 1003 αὐτὸς
1309 972 1454 1007 τυγχάνων
1469 973 1482 998 6
1506 973 1658 1007 Σεραφεὶμ,
1682 973 1843 1008 ἱερωσύνης

1040 1018 1121 1053 371
1138 1017 1302 1054 ἠξιωμένος.
1324 1019 1378 1045 Καὶ
1405 1018 1498 1046 καλῶν
1521 1019 1590 1054 πρὸς
1615 1020 1792 1056 προσευχὰς,
1808 1022 1838 1047 οὑ

1041 1064 1222 1097 καλούμενος,
1234 1065 1282 1091 καὶ
1297 1064 1419 1099 ἐγγίζειν
1435 1065 1534 1097 ἄλλους
1549 1066 1654 1100 ἐνάγων
1669 1067 1741 1102 πρὸς
1757 1067 1842 1099 Θεὸν,

1042 1108 1124 1140 αὐτὸς
1143 1109 1157 1136 6
1176 1109 1301 1144 κατέχων
1328 1110 1414 1136 τελῶν
1440 1110 1475 1137 τὰ
1493 1111 1564 1142 Θεῖα,
1588 1112 1635 1138 καὶ
1662 1113 1843 1148 προσφωνῶν

1041 1155 1097 1186 τοῖς
1110 1156 1229 1187 πιστοῖς,
1247 1156 1295 1182 καὶ
1311 1157 1457 1191 προσέχειν
1477 1157 1655 1191 παρεγγυῶν,
1677 1159 1725 1185 καὶ
1745 1167 1842 1194 παρα-

1042 1201 1128 1233 τιθεὶς
1152 1201 1191 1237 τῷ
1207 1201 1329 1237 Χριστῷ,
1346 1203 1393 1229 καὶ
1413 1203 1473 1234 ὅλος
1488 1203 1590 1237 ἑτέρων
1604 1203 1642 1230 ὢν
1660 1205 1720 1235 όδός
1742 1214 1775 1232 τε
1793 1207 1842 1233 καὶ

1043 1247 1112 1282 πρὸς
1135 1247 1166 1274 τὸ
1187 1248 1245 1282 φῶς
1271 1248 1378 1283 ὁδηγός.
1395 1249 1449 1275 Kal.
1472 1250 1497 1276 τί
1516 1250 1611 1285 ἕτερον
1634 1251 1840 1286 ἢΧερουσεὶμ,

1044 1294 1114 1328 ὀρῶν
1144 1295 1206 1326 ὅλος
1239 1294 1284 1322 διὰ
1310 1295 1366 1322 τῶν
1397 1297 1557 1331 μυστηρίων
1585 1297 1632 1324 τὸν
1662 1298 1774 1333 δρῶντα
1805 1300 1839 1326 τὰ

1045 1342 1144 1376 πάντα,
1159 1343 1205 1370 καὶ
1223 1343 1364 1378 Σεραφεὶμ
1378 1344 1529 1380 πυρφόρος,
1540 1345 1586 1372 τὸν
1601 1345 1692 1377 ζῶντα
1711 1347 1838 1382 κατέχων

1044 1389 1179 1424 ἄνθρακα,
1200 1390 1247 1416 καὶ
1262 1390 1366 1424 θρόνος,
1383 1390 1420 1422 ὡς
1436 1391 1645 1426 ἀναπαυόμενον
1662 1392 1733 1429 ἔχων
1747 1395 1777 1421 ὲν
1798 1396 1838 1422 σοὶ

1046 1436 1090 1464 τὸν
1111 1435 1251 1470 πανταχοῦ
1275 1438 1309 1472 τῇ
1326 1437 1421 1472 τελετῇ
1439 1438 1486 1464 καὶ
1502 1439 1535 1473 τῇ
1551 1440 1682 1475 κοινωνίᾳ
1696 1448 1704 1457 ο
1720 1441 1769 1468 καὶ
1790 1442 1838 1476 ἄγ-

200 1487 338 1515 scdentem
351 1490 414 1511 eum
433 1481 478 1516 qui
492 1485 533 1508 est
546 1479 657 1513 ubique,
675 1477 810 1505 sacriﬁcio
830 1483 857 1504 et
874 1483 995 1504 commu-

1048 1482 1125 1516 γελος
1136 1482 1174 1513 ὡς
1189 1482 1330 1518 ὑπηρέτης
1346 1483 1427 1510 αὑτοῦ
1443 1485 1488 1511 καὶ
1502 1485 1675 1520 λειτουργός·
1688 1488 1737 1514 καὶ
1751 1489 1837 1515 ταῦτα

201 1534 301 1563 nione?
317 1530 458 1558 autetiam
479 1527 589 1562 angelus
606 1525 728 1561 quidam,
745 1530 838 1560 utpote
859 1524 918 1558 ejus
939 1523 993 1550 mi-

203 1581 290 1608 nister
301 1583 328 1605 et
340 1574 459 1611 legatus?
472 1574 505 1600 Et
518 1575 574 1600 haec
582 1572 672 1599 omnia
682 1571 728 1598 tibi
742 1579 796 1597 non
810 1571 837 1597 in
848 1570 932 1605 ﬁgura
947 1573 993 1596 aut

202 1625 322 1659 imagine
339 1623 516 1656 contingent;
546 1619 609 1654 quia
640 1626 695 1645 non
726 1618 819 1653 ﬁgurae
842 1618 949 1645 cuidam
967 1621 994 1644 et

205 1678 268 1708 typo
277 1679 307 1697 es
323 1670 534 1698 ministraturus.
550 1666 596 1693 scd
612 1665 662 1699 ipsi
675 1671 739 1691 vero
749 1664 862 1690 Domino
876 1671 955 1698 quem
966 1663 992 1690 in

203 1716 282 1745 cwlis
294 1716 471 1742 circumstant
482 1711 666 1740 custodientes
683 1710 806 1745 spiritus.
823 1710 900 1742 Quod
919 1709 992 1736 enim

202 1764 241 1791 illi
258 1762 361 1789 faciunt
372 1758 495 1791 iuccclis,
507 1762 534 1784 tu
552 1756 596 1783 hic
608 1756 634 1783 in
647 1757 726 1783 terris
739 1756 937 1790 adimpleturus
953 1762 992 1782 es.

204 1809 309 1836 liteniin
338 1806 377 1834 sic
419 1805 503 1831 voluit
539 1803 661 1830 omnium
692 1801 812 1829 caelestis
844 1800 994 1828 architecta

205 1854 278 1891 quod
294 1859 391 1887 nempe
411 1851 438 1878 in
456 1849 532 1877 uelis
549 1853 577 1875 et
592 1848 621 1875 in
638 1853 712 1875 terra
734 1847 916 1874 ministerium
930 1854 993 1882 age.

205 1907 280 1928 retur
292 1906 410 1927 sacrum.
438 1896 471 1923 Et
500 1896 557 1931 ipse
573 1895 610 1922 ita
638 1894 703 1922 fecit
731 1898 762 1921 ut
786 1894 927 1922 videretur
943 1902 950 1921 :
966 1897 994 1921 et

206 1948 288 1975 homo
305 1946 380 1973 visus
392 1949 433 1971 est
449 1951 498 1978 per
522 1942 641 1977 seipsum
664 1948 740 1968 suam
757 1940 899 1968 nobiscum
915 1939 994 1967 unio~

205 2000 268 2020 nem
284 1991 444 2025 adimplens.
457 1990 525 2017 Cum
538 1989 612 2015 enim
632 1987 707 2014 solus
723 1991 795 2014 esset
815 1985 928 2020 spiritus
943 1993 994 2021 pu-

204 2047 262 2071 rus,
275 2043 372 2072 sponte
384 2037 497 2064 formam
509 2034 596 2062 induit
608 2032 785 2066 matcrialem,
804 2037 832 2060 et
844 2032 993 2060 secundum

207 2085 278 2112 hanc
293 2083 406 2110 fortnam
423 2081 580 2109 sensibilem
594 2079 753 2106 hominibus
782 2078 879 2106 similis
906 2078 994 2106 factus

205 2135 266 2163 εει;
280 2135 376 2156 natura
393 2135 442 2155 sua
456 2128 595 2155 increatus
608 2129 635 2154 et
655 2130 785 2158 αξιοι-ηυξ,
796 2132 851 2152 non
867 2132 994 2160 assump-

1046 1529 1096 1555 οὐχ
1110 1529 1194 1555 εικόνι
1213 1530 1279 1561 τινὶ,
1289 1530 1351 1556 οὐδὲ
1376 1530 1431 1565 γὰρ
1446 1531 1524 1565 τύπῳ
1539 1533 1675 1560 διακονῶν
1691 1535 1834 1570 ὑπάρχεις,

1047 1573 1104 1600 ἀλλ’
1127 1573 1201 1608 αὑτῷ
1217 1574 1256 1609 τῷ
1274 1574 1327 1601 ὑπὸ
1340 1575 1396 1600 τῶν
1415 1575 1507 1602 ἀῦλων
1528 1576 1584 1603 ἄνω
1605 1578 1834 1616 δορυφορουμένῳ

1047 1619 1183 1655 Δεσπότῃ.
1198 1621 1254 1647 Καὶ
1266 1620 1335 1655 ὅπερ
1362 1617 1436 1649 οὗτοι
1456 1631 1488 1656 γε
1511 1624 1578 1656 ἀνω,
1592 1626 1675 1657 αὐτὸς
1688 1626 1763 1653 κάτω
1780 1628 1836 1655 δια-

1047 1666 1134 1697 τελεῖς
1146 1674 1153 1681 ·
1170 1666 1242 1692 οὕτω
1259 1667 1313 1702 γὰρ
1332 1667 1467 1702 ἠθέλησεν
1487 1670 1500 1694 6
1522 1669 1632 1697 πάντων
1647 1672 1774 1708 τεχνίτης
1790 1674 1836 1710 την

1047 1711 1132 1746 αὐτὴν
1149 1711 1320 1747 λειτουργίαν
1336 1713 1393 1740 ἀνω
1416 1722 1445 1740 τε
1462 1715 1510 1741 καὶ
1527 1715 1602 1742 κάτω
1616 1717 1775 1745 τελεῖσθαι·
1791 1721 1837 1746 καὶ

1047 1757 1130 1788 αὐτὸς
1160 1757 1248 1789 οὕτως
1283 1757 1363 1793 ὤφθη
1406 1761 1578 1795 πεποιηκὼς,
1610 1763 1658 1789 καὶ
1697 1764 1837 1799 ἄνθρωπος

1047 1803 1150 1836 ὀφθεὶς,
1165 1803 1198 1829 δι’
1216 1804 1313 1831 ἑαυτοῦ
1330 1805 1380 1840 τὴν
1398 1806 1458 1840 μεθ’
1475 1807 1555 1841 ἡμῶν
1579 1808 1676 1835 ἕνωσιν
1689 1810 1834 1842 ἐξετέλεσε.

1047 1850 1135 1881 Μόνος
1163 1850 1244 1882 ἄῦλος
1274 1851 1327 1886 γὰρ
1355 1851 1402 1885 ὢν,
1418 1852 1484 1888 ὓλην
1509 1853 1657 1882 ἐνεδύσατο
1681 1856 1775 1890 θέλων,
1790 1860 1834 1885 καὶ

1047 1896 1102 1927 τοῖς
1119 1897 1178 1923 κατ’
1197 1896 1325 1931 αἴσθησιν
1338 1898 1429 1933 ήνὼθη
1450 1899 1568 1934 βροτοῖς.
1588 1901 1645 1928 Καὶ
1659 1902 1787 1935 ἄκτιστος
1801 1906 1830 1940 τῇ

1048 1943 1129 1977 φύσει
1146 1942 1229 1970 τελῶν
1244 1944 1289 1970 καὶ
1304 1943 1432 1979 ἄναρχος,
1447 1945 1477 1971 οὐ
1494 1946 1543 1980 τῆς
1558 1948 1672 1981 κτιστῆς
1686 1949 1767 1976 ὰῢλου
1782 1950 1830 1977 τῶν

1047 1989 1115 2016 νόων
1134 1989 1280 2024 μετείληφε
1298 1990 1418 2024 φύσεως,
1431 1991 1568 2026 ἑνωθῆναι
1591 1994 1622 2028 τῇ
1637 1993 1727 2020 κτίσει
1741 1995 1829 2031 βουλη-

1048 2033 1114 2066 θείς.
1132 2035 1237 2066 Κτίσας
1261 2034 1284 2061 δ’
1310 2035 1411 2067 αὐτοὺς
1434 2037 1466 2063 ἐκ
1498 2037 1535 2072 μὴ
1550 2037 1647 2071 ὄντων,
1670 2040 1740 2066 κατὰ
1755 2041 1829 2076 χάριν

1047 2080 1147 2112 ἀῢλους
1162 2081 1208 2107 καὶ
1220 2080 1372 2112 ἀθανάτους
1390 2081 1502 2114 τούτους
1515 2084 1663 2120 είργάσατο
1675 2092 1682 2100 ’
1700 2085 1747 2112 καὶ
1758 2086 1829 2121 δόξης

1050 2127 1173 2162 μετέχειν
1196 2127 1292 2160 αὐτοῦ,
1308 2127 1414 2164 δωρεὰν
1435 2129 1542 2161 τούτοις
1566 2130 1707 2164 ἀναλόγως
1728 2132 1827 2168 ἑκάστῳ

206 2177 243 2204 sit
257 2175 403 2210 spirituum
417 2177 539 2200 naturam
553 2177 670 2200 creatam
684 2171 902 2203 immaterialem,
915 2179 992 2198 erea-

1048 2172 1163 2200 δίδωσιν.
1188 2172 1280 2208 Ἠμῶν
1303 2173 1331 2200 δὲ
1358 2174 1407 2208 τὴν
1421 2175 1538 2210 κτιστην
1564 2176 1733 2211 προσείληφε
1755 2177 1827 2212 φύσιν

206 2229 274 2251 tura:
289 2229 318 2249 se
333 2219 482 2248 uniendum
504 2218 627 2253 cogitans
645 2226 652 2245 :
668 2218 728 2245 ilics
755 2223 846 2245 autem
860 2226 891 2245 ex
906 2217 993 2245 nihilo

207 2266 361 2304 produ'eens
375 2265 460 2302 gratia
479 2264 592 2292 miriﬁca
606 2264 762 2298 spirituales
786 2268 814 2290 et
826 2264 993 2292 immortales

206 2314 271 2342 fecit
285 2321 345 2346 eos,
363 2312 462 2347 cuique
477 2311 558 2338 simul
582 2318 631 2345 pro
660 2310 745 2346 gradu
769 2316 872 2346 partem
903 2310 995 2345 gloria:

207 2367 263 2388 sum
277 2359 443 2393 impertitus.
460 2357 494 2385 Et
510 2357 590 2385 nobis
606 2357 702 2384 tribuit
727 2360 757 2383 ut
768 2361 890 2384 nostram
915 2361 995 2384 natu-

207 2413 266 2433 ram
283 2409 401 2432 creatam
426 2403 604 2438 nssumpserit
630 2403 799 2439 bypostatice
821 2403 873 2430 sibi
896 2403 996 2431 unien-

211 2451 288 2478 dam.
307 2449 439 2477 Humana:
455 2450 547 2483 itaque
561 2453 665 2475 natura:
681 2456 795 2476 consors
803 2448 914 2476 elicctus
926 2449 997 2476 indi-

206 2496 284 2524 vulsa
301 2500 328 2522 et
339 2494 480 2522 inconfusa
499 2495 610 2527 unione,
629 2494 715 2529 ipsam
729 2494 907 2530 gloriosorum
924 2495 994 2522 divi-

208 2541 305 2569 nitatis
317 2540 511 2568 attributorum
523 2541 549 2567 iu
564 2540 797 2575 participationem
810 2541 919 2568 vocavit
928 2540 996 2575 :(‘ln

206 2589 266 2624 ipso
276 2587 363 2620 enim,
376 2587 464 2622 inquit
475 2586 584 2618 Paulus,
596 2586 700 2614 habitat
717 2587 857 2622 plenitudo
870 2587 996 2614 divinita-

205 2635 241 2663 tis
252 2633 431 2670 corporaliter
443 2633 480 2660 ³.»
497 2633 575 2660 Visus
591 2638 631 2661 est
644 2634 734 2669 igitur,
748 2639 775 2661 et
789 2634 886 2661 iterum
900 2633 996 2660 viden-

206 2680 272 2708 dum
287 2679 368 2707 modo
384 2686 465 2715 quem
481 2686 574 2706 amore
589 2679 670 2713 elegit
690 2687 718 2706 se
738 2680 839 2715 praebet
855 2689 863 2707 :
880 2684 907 2706 et
922 2679 996 2714 seip-

205 2734 267 2754 sum
282 2726 362 2754 nobis
387 2726 471 2758 dedit,
486 2729 513 2753 et
528 2726 676 2752 etiamnum
693 2733 742 2759 pro
771 2725 851 2753 nobis
865 2733 895 2753 se
913 2725 997 2753 tradit

242 2819 253 2833 ²
272 2816 374 2844 lJoan.
403 2827 442 2852 iv,
463 2818 504 2845 16.
540 2818 669 2860 fColoss.
696 2824 728 2849 ιι,
756 2816 786 2843 9.

1048 2219 1094 2246 καὶ
1122 2219 1313 2251 ὖποστατικῶς
1342 2221 1408 2255 ἡμῖν
1443 2221 1565 2256 ἥνωται·
1596 2222 1643 2248 καὶ
1669 2224 1702 2258 τῇ
1728 2223 1826 2260 βροτεῐᾳ

1048 2264 1129 2298 φύσει
1157 2264 1212 2292 τῶν
1241 2266 1293 2301 τῆς
1310 2265 1438 2302 θεότητος
1467 2267 1646 2302 μεταδίδωσιν
1669 2269 1825 2305 αὐχημάτων

1048 2310 1224 2344 ἐνδεδυμένος
1240 2311 1400 2347 ἀχωρίστως
1413 2313 1461 2339 καὶ
1476 2313 1640 2348 ἀσυγχύτως
1653 2314 1748 2349 αὐτήν.
1761 2324 1770 2341 ι
1784 2315 1823 2343 Ἐν

1049 2356 1124 2391 αὑτῷ
1150 2356 1214 2391 γὰρ,
1235 2357 1314 2391 φησὶ,
1331 2358 1454 2384 κατοικεῖ
1484 2359 1538 2384 πᾶν
1566 2358 1598 2384 τὸ
1622 2358 1758 2394 πλήρωμα
1781 2360 1824 2395 τῆς

1049 2402 1176 2438 θεότητος
1201 2404 1373 2437 σωματικῶς.
1394 2412 1404 2429 ι
1426 2403 1527 2439 Ὠρὰθη
1553 2401 1611 2438 οὖν,
1628 2405 1677 2431 καὶ
1704 2405 1779 2433 πάλιν
1792 2407 1823 2438 ὡς

1050 2449 1180 2482 εὐδόκησε
1196 2449 1355 2483 καθορᾶται.
1371 2449 1425 2476 Καὶ
1443 2449 1540 2476 ἑαυτὸν
1562 2450 1679 2477 δέδωκεν
1696 2452 1770 2486 ἡμῖν,
1783 2453 1822 2479 καὶ

1050 2496 1120 2531 ὑπὲρ
1134 2496 1213 2531 ἡμῶν
1231 2497 1278 2523 καὶ
1292 2496 1375 2523 τανῦν
1389 2496 1467 2525 αὖθις
1483 2496 1588 2524 δίδωσι.
1605 2497 1661 2524 Καὶ
1676 2498 1730 2525 τῶν
1750 2499 1824 2526 τοιού-

1050 2551 1104 2569 των
1121 2542 1220 2577 ἔργων,
1235 2542 1256 2568 ὣ
1280 2542 1379 2577 πολλῆς
1403 2542 1584 2576 ἀγαθότητος,
1603 2543 1686 2577 ἡμεῖς
1718 2543 1822 2579 λειτουρ-

1050 2588 1094 2623 γοί
1117 2596 1146 2614 τε
1169 2589 1216 2615 καὶ
1230 2589 1365 2623 ὑπηρέται
1381 2589 1428 2614 καὶ
1445 2589 1558 2623 μύσται.
1570 2589 1603 2615 Τί
1617 2589 1713 2617 τούτου
1727 2591 1821 2624 μεῖξον,

1050 2634 1122 2661 κατὰ
1137 2634 1166 2660 τὸ
1182 2635 1303 2668 ἐνεργεῖν
1324 2635 1357 2661 τὰ
1377 2634 1528 2670 μυστήρια,
1545 2634 1617 2670 ὑπὲρ
1635 2635 1764 2669 ἀγγελους
1781 2635 1822 2670 τὴν

1051 2680 1130 2714 ἀξίαν
1159 2680 1321 2715 εἰλήφαμεν.
1338 2681 1369 2706 Ὢ
1384 2682 1435 2715 τῆς
1459 2680 1645 2716 χρηστότητος
1668 2681 1715 2708 τοῦ
1738 2682 1824 2709 Amai-

1052 2727 1115 2754 τουί
1134 2726 1163 2759 ὃς
1181 2727 1271 2762 πᾲντο,
1288 2728 1423 2762 περιέχει,
1441 2728 1488 2754 καὶ
1505 2727 1704 2762 ἀπερίληπτος,
1718 2729 1745 2756 ὲν
1759 2728 1820 2763 τόπῳ
