1918 3042
85 120 139 151 957

740 123 788 153 DE
809 123 850 152 SA
857 124 1056 158 CERDDTIO.

1661 127 1712 158 9'18

82 174 117 200 δι’
140 174 232 208 ἡμᾶς·
255 174 269 200 ὸ
295 173 400 209 ἀναφὴς
430 175 614 210 κατεχόμενος
628 185 635 192 ·
658 178 672 204 ὀ
703 178 820 212 ἀόρατος
845 181 890 211 ἐν⁴

947 189 1022 208 orum
1048 186 1130 216 atque
1156 181 1255 209 iterum
1275 191 1282 209 :
1299 187 1326 210 et
1353 183 1434 217 huius
1458 185 1585 219 operis,o
1608 185 1714 212 bonitas

84 219 210 255 αἰσθήσει
224 229 231 235 ·
250 221 264 246 ὁ
280 220 320 247 νοτ
336 221 529 256 ἀκατάληπτος
552 223 608 253 τοῖς
634 223 741 258 θνητοῖς
759 225 871 259 μετεχό-

85 275 165 301 μενος
194 267 227 294 δι’
254 267 334 301 ἡμῶν
358 276 386 293 τε
410 268 464 294 τῶν
484 268 532 302 τῆς
558 269 689 303 ταπεινῆς
707 270 755 296 καὶ
781 279 873 305 παρα-

83 313 262 343 πεπτωκυίας
280 313 398 346 φύσεως,
416 313 459 340 διὰ
475 313 523 348 τῆς
543 314 689 349 δεδομένης
711 316 778 350 ἡμῖν
794 317 872 350 ἱερω-

84 359 177 392 σύνης,
192 359 214 385 ὣ
237 358 282 384 τοῦ
302 358 459 393 θαύματοςί
478 360 533 386 τοῖς
549 360 712 394 μυστηρίοις
728 361 870 394 γινόμενος

83 406 131 432 καὶ
153 406 329 438 φαινῆμενος,
346 405 394 431 καὶ
417 405 568 439 διδόμενος,
586 406 632 432 καὶ
649 407 810 441 φερόμενος,
825 409 872 433 καὶ

83 451 297 485 χορηγούμενος,
312 452 358 478 καὶ
376 451 558 485 οίκιζόμενος,
576 453 621 479 καὶ
637 453 809 487 ἐνδυόμενος,
827 453 874 479 καὶ

83 497 270 531 ὀργιζόμενος,
291 498 336 523 καὶ
352 497 614 533 καταλλαττόμενος,
631 499 678 524 καὶ
705 498 874 533 ίλεούμενος,

85 543 133 568 καὶ
162 541 447 577 μεταλαμόανόμενος.
467 543 499 570 Τί
528 544 686 579 καινότερον
708 545 763 570 τῶν
785 546 875 571 τοιού-

85 598 160 623 των;
178 589 203 616 τί
222 589 314 623 μεῖζον
326 590 430 623 ἀγαθὸν
450 590 519 625 πρὸς
534 591 717 625 ἀνθρώπουςς
738 591 781 623 τίς
797 591 877 618 δύνα-

87 644 132 670 μις
150 635 306 670 ὑπερτέρα;
324 635 364 667 τίς
383 635 492 667 ἐξουσία
521 637 632 671 μείζους
656 637 808 664 πλουτοῦσα
825 638 876 672 χά-

89 689 182 715 ριτας;
203 682 268 708 Ἰδοὺ
296 683 310 708 δ
327 682 397 716 ,χοῦς
425 683 504 716 ἡμεῖς
528 683 576 709 καὶ¹
590 683 677 718 πηλός
698 692 728 710 τε
743 684 790 710 καὶ
805 684 878 710 σκώ-

87 727 153 762 ληξ;
170 726 289 759 ἐξουσίαι
304 727 351 754 καὶ
365 727 493 762 δυνάμεις
507 728 636 763 ὁρώμεθα
648 736 654 743 ·
672 729 772 762 μᾶλλον
785 729 813 755 δὲ
831 730 878 755 καὶ

89 774 176 800 πλείω
188 774 290 800 τούτων
307 774 452 808 δυνάμενοι
468 776 502 810 τῇ
515 776 562 808 τῆς
576 775 736 810 ἱερωσύνης,
751 775 876 810 δυνάμει.

89 820 146 847 Καὶ
169 820 287 847 πλάσται
305 821 359 855 γὰρ
381 821 430 854 τῆς
455 820 610 855 κρείττονος
626 821 754 852 πλάσεως
774 821 814 856 τῷ
831 822 879 856 βα-

927 226 1088 255 inefhbilisl
1110 235 1158 255 nos
1183 236 1277 256 sumus
1303 229 1434 262 ministri,
1462 235 1555 265 mystae
1580 235 1607 256 et
1623 237 1714 256 sacer-

926 271 1014 299 dotes.
1027 272 1096 305 Quid
1114 275 1164 300 hoc
1183 275 1290 307 majus?
1310 276 1359 301 bac
1374 283 1500 309 suprema
1516 283 1592 302 sacra
1611 282 1714 309 myste—

926 318 964 344 ria
975 318 1127 345 celebrandi
1142 323 1284 353 potestate,
1297 321 1407 355 angelos
1423 321 1495 354 ipsos
1508 321 1639 353 dignitate
1654 321 1714 347 vin-

926 363 1026 389 cimus.
1065 363 1118 390 Sed
1157 372 1173 390 ο
1203 364 1321 398 Magistri
1354 365 1517 392 t-leu-enliai
1544 358 1595 397 Qui
1624 366 1715 392 omnia

926 409 1047 435 emtiuot
1073 417 1125 436 nec
1156 410 1293 437 contineri
1326 414 1425 443 potest,
1447 411 1474 437 itt
1511 419 1595 444 parvo
1611 416 1719 437 contra-

929 455 1002 481 bitur
1019 455 1079 482 loco
1092 462 1141 489 pro
1152 455 1232 482 nobis
1248 463 1255 482 :
1272 455 1317 489 qui
1333 456 1435 490 palpari
1462 464 1514 482 non
1528 461 1628 490 potest,
1647 457 1718 490 (ligi—

929 501 962 527 tis
997 505 1128 528 tractatur
1139 506 1166 528 et
1183 502 1335 532 retinetur:
1356 502 1511 533 invisibilis,
1528 503 1654 529 sensibus
1669 502 1719 529 ob-

925 545 1040 579 jicitur;
1060 547 1104 579 qui
1118 551 1208 573 mente
1224 547 1419 581 conlprehendi
1434 554 1486 573 non
1501 551 1600 580 potest,
1615 551 1716 572 morta-

928 591 1000 618 libus
1017 593 1200 619 communicat
1216 593 1242 619 in
1262 597 1357 620 natura
1372 597 1461 620 nostra
1480 593 1571 619 intima
1592 597 1620 618 et
1646 591 1716 617 fulli-

930 637 987 666 bili.
1004 642 1031 664 et
1047 645 1095 672 per
1109 639 1292 665 sacerdotium
1314 647 1366 673 quo
1385 639 1487 673 dignati
1505 645 1610 668 sumus,
1625 645 1640 663 o
1657 644 1717 670 pro-

930 683 1053 718 digium!
1072 685 1209 719 mysteriis
1229 689 1386 718 generatur,
1407 684 1608 715 manifestatur,
1624 682 1714 714 datur,

931 730 1104 763 producitur,
1121 731 1311 761 introducitur.
1331 731 1356 757 iu
1371 731 1431 757 loco
1453 729 1611 758 collocatur.
1629 727 1718 754 indui-

932 779 986 806 tur,
1003 776 1035 803 ad
1051 776 1232 803 iracundiam
1247 781 1411 811 provocatus
1426 780 1453 801 et
1469 774 1674 802 reconciliatus,
1693 777 1721 799 et.

933 821 1120 849 misericordia
1133 827 1232 854 motus,
1244 826 1271 848 et
1281 822 1474 848 communione
1485 824 1630 854 susceptus
1651 818 1721 850 Quid

89 866 223 900 πτίσματι
250 866 296 893 καὶ
323 854 380 897 τοῖς
405 854 507 897 λοιποῖς
535 867 713 902 μυστηρίοις·
737 854 877 893 καὶ-Θεοῦ

943 875 1030 894 torum
1045 868 1129 902 magis
1146 867 1310 902 stupendum
1323 867 1334 893 ?
1350 866 1426 899 Quod
1444 866 1531 900 majus
1546 866 1572 892 in
1587 863 1724 891 bisbomi-

89 913 154 939 υἱῶν
178 911 308 946 πατέρες,
326 913 373 939 καὶ
394 913 468 939 (licet
497 913 567 938 θεῶν
586 912 707 947 ἐνεργοὶ,
723 912 772 938 καὶ
787 913 877 947 ἁμαρ-

91 957 149 988 τίας
166 958 318 991 ἀναιρὲται,
336 958 384 984 καὶ
400 958 584 993 ὲλευθερωταὶ
602 958 709 992 ψυχῶν,
726 958 774 984 καὶ
797 957 878 984 λύται

89 1003 198 1037 δεσμῶν
212 1003 341 1037 αἰωνίων,
357 1004 403 1030 καὶ
419 1004 588 1040 παραδείσου
602 1004 765 1038 κλειδοῦχος,
783 1004 831 1030 καὶ
846 1004 880 1030 τὰ

90 1049 158 1076 Θεοῦ
187 1050 349 1084 δυνάμενοι·
368 1051 416 1077 καὶ
443 1050 527 1077 αὑτοῦ
557 1051 722 1085 δεικνύμεοα
751 1051 880 1085 συνεργοὶ

92 1096 160 1127 πρὸς
177 1095 315 1130 σωτηρίαν
327 1096 490 1131 ἀνθρώποις.

928 921 976 940 nes
999 914 1126 940 collatum
1145 913 1330 940 beneficium?
1346 912 1411 945 Qum
1425 916 1545 946 potestas
1560 909 1723 937 sublimior?

930 958 994 991 Quae
1007 959 1157 986 auctoritas
1172 959 1289 991 majores
1306 958 1451 985 conferens
1462 955 1579 991 gratias?
1592 955 1660 982 Ecce
1672 962 1723 981 nos

930 1005 1032 1038 pulvis,
1052 1005 1151 1034 lutum.
1171 1012 1278 1032 vermes
1299 1004 1461 1031 auctoritate
1484 1008 1512 1030 et
1530 1003 1630 1029 virtute
1652 1000 1724 1035 pleni

930 1058 1104 1085 apparetnus,
1120 1051 1235 1077 maxime
1253 1055 1279 1077 et
1295 1058 1377 1085 super
1394 1050 1485 1077 omnia
1499 1056 1562 1076 cum
1577 1046 1723 1075 sacerdotii

937 1097 1116 1124 excellentem
1131 1104 1291 1124 exercemus
1316 1101 1486 1130 potestatem.
1506 1094 1613 1121 Etenim
1627 1099 1722 1120 sumus

92 1149 230 1172 crcatores
243 1144 410 1172 sublimioris
427 1144 574 1171 creatinnis
589 1143 754 1177 baptismate
781 1148 808 1171 et.
826 1144 887 1171 aliis
908 1145 1098 1177 sacramentis.
1112 1151 1137 1172 et
1157 1146 1203 1172 Dei
1217 1145 1346 1172 Filiorum
1378 1144 1482 1177 Patres,
1503 1148 1531 1170 et
1570 1141 1727 1168 divinorum

94 1190 212 1218 instituti
230 1197 400 1226 operatores,
422 1196 450 1217 ct
463 1191 566 1225 peccati
597 1190 795 1222 destructores,
827 1194 855 1216 et
884 1189 1045 1218 liberatores
1070 1192 1234 1223 animarum,
1265 1191 1403 1217 solventes
1427 1188 1535 1216 vincula
1560 1189 1662 1212 :eterna
1696 1188 1725 1211 et

94 1237 250 1272 paradisum
264 1241 431 1270 reserantes,
452 1236 492 1264 sic
514 1235 560 1264 Dei
580 1235 722 1272 potestatis
746 1240 903 1270 sequestres
935 1240 962 1263 el
984 1236 1123 1270 custodes,
1155 1237 1214 1272 ejus
1229 1237 1336 1264 scilicet
1363 1238 1558 1270 cooperatores
1585 1231 1620 1258 ad
1653 1230 1728 1258 salu-

96 1288 150 1311 tem
165 1284 316 1312 hominum.

132 1381 243 1408 Μᾶλλον
261 1381 289 1407 δὲ
304 1380 331 1406 τί
346 1379 416 1415 πρὸς
430 1370 513 1405 ταύτα
528 1379 626 1414 ἡμεῖς
641 1378 734 1405 Πόσων
750 1377 889 1411 ὀφειλέται

98 1428 158 1463 Θεῷ
186 1428 268 1454 ’ἑνεκα
297 1426 464 1461 τηλικούτων
493 1426 606 1460 δώρων;
637 1425 739 1452 Ὀποῖοι
764 1424 793 1450 δὲ
818 1420 889 1449 εῖναι

99 1476 362 1511 κεχρεωστήκαμεν,
380 1474 441 1500 οὐδὲ
470 1474 494 1499 εί
519 1473 589 1499 κατὰ
604 1473 654 1507 τὴν
680 1472 798 1507 θεωρίαν
818 1469 889 1505 ἦμεν

99 1524 158 1550 τῶν
176 1521 376 1556 πολυομμάτων
406 1521 519 1547 ἐκείνων
549 1519 636 1546 ἱκανοὶ
665 1518 734 1553 πρὸς
758 1517 888 1549 Ionii-ra;

101 1570 150 1601 Τίς
165 1569 220 1603 γὰρ
236 1567 316 1602 φύσις
330 1567 426 1602 κτιστὴ
442 1567 497 1592 τῶν
520 1566 565 1592 τοῦ
582 1565 651 1592 Θεοῦ
671 1565 733 1596 ἀξία
750 1564 888 1598 χαρίτωνς

975 1377 1046 1409 Quid
1070 1377 1187 1412 amplius
1211 1377 1243 1403 ad
1272 1376 1331 1403 haec
1358 1382 1408 1402 nos
1433 1371 1577 1400 dicemus?
1605 1369 1678 1403 Quot
1700 1373 1726 1395 et

940 1429 1041 1458 quanta
1059 1423 1112 1449 Det)
1125 1423 1273 1450 debemus!
1291 1425 1422 1456 quantum
1432 1420 1510 1446 abest
1525 1422 1553 1445 ut
1565 1416 1631 1443 satis
1650 1415 1731 1449 digne

941 1471 974 1498 de
984 1470 1188 1505 eojudicemus,
1200 1468 1307 1496 etiamsi
1326 1466 1490 1494 oculatiores
1509 1462 1648 1490 essemusl
1665 1460 1731 1492 Quae

941 1517 1012 1544 enim
1031 1519 1121 1542 creata
1143 1519 1241 1541 natura
1265 1512 1404 1541 beneficiis
1438 1511 1484 1537 Dei
1508 1508 1662 1536 invenietur
1687 1505 1730 1532 di-

944 1570 994 1596 gna
1005 1562 1016 1588 ?
1027 1561 1110 1587 Primi
1126 1559 1277 1587 ccelestium
1300 1557 1444 1592 spirituum
1474 1555 1585 1582 ordines
1597 1555 1729 1581 tremunt,

102 1616 136 1644 Δί
154 1615 262 1650 πρῶται
277 1614 331 1640 τῶν
347 1614 403 1641 ἄνω
418 1612 510 1644 τάξεις
526 1612 669 1650 τρέμουσι,
687 1609 890 1640 συστέλλονται,

945 1615 974 1634 se
992 1610 1178 1641 prosternunt,
1195 1605 1292 1631 timore
1308 1602 1492 1636 corripiuntur
1505 1607 1536 1626 ea
1550 1606 1611 1633 qua:
1626 1596 1737 1631 agimus

103 1663 273 1697 φρίττουσιν,
290 1660 359 1686 αὐτὰ
374 1660 407 1686 τὰ
424 1659 457 1686 δι’
473 1658 553 1693 ἡμῶν
569 1656 754 1692 ἐνεργούμενα
767 1654 892 1688 καθορῶ-

107 1717 162 1736 σαι.
177 1708 233 1734 Καὶ
251 1708 304 1740 γὰρ
323 1706 422 1740 μᾶλλον
451 1702 635 1738 θαυμάζουσι,
652 1702 683 1729 τὸ
699 1701 894 1729 πολυποίκιλον

106 1753 156 1787 τῆ;
169 1753 216 1779 τοῦ
230 1752 297 1778 Θεοῦ
321 1752 418 1785 σοφίας
440 1751 484 1778 διὰ
496 1751 545 1784 τῆς
568 1749 736 1784 Ἐκκλησίας
751 1757 895 1783 καταμαν-

108 1799 250 1830 Θάνουσαι,
267 1797 304 1828 ὡς
317 1798 330 1823 ὸ
347 1796 453 1828 Παῦλός
475 1805 551 1830 φησι.
567 1796 623 1822 Καὶ
637 1793 719 1822 αὗται
741 1795 791 1829 μὲν
807 1794 896 1827 ἐπιγι-

108 1845 262 1871 νώσκουσαι
280 1843 309 1870 τὸ
327 1843 434 1869 κτιστὸν
455 1842 572 1874 ἑαυτῶν,
592 1842 640 1868 καὶ
666 1842 697 1868 τὺ
719 1841 895 1875 ὑπέρμετρον

108 1892 160 1927 τῆς
183 1891 230 1918 τοῦ
255 1890 322 1916 Θεοῦ
350 1889 530 1923 ἀγαθὸτητος,
549 1887 669 1914 δειλιῶσὶ
684 1896 713 1913 τε
728 1887 774 1913 καὶ
795 1885 898 1920 ἐκπλή-

110 1947 183 1969 κτως
212 1937 311 1971 βοῶσι,
345 1936 392 1962 καὶ
423 1935 478 1966 τοῖς
510 1933 663 1968 γινομένοις
696 1932 897 1966 θαυμάζουσιν.

114 1983 210 2018 Ἡμεῖς
231 1982 259 2008 δὲ
275 1981 380 2008 τούτων
403 1980 458 2007 τῶν
485 1978 632 2006 θειοτάτων
648 1987 677 2004 τε
693 1979 741 2004 καὶ
762 1979 899 2012 μεγίστων

111 2029 244 2063 ὑπουργοὶ
256 2028 402 2062 τυγχάνειν
416 2026 465 2052 καὶ
476 2025 610 2060 ὑπηρέται
626 2024 787 2059 ὴειωμένοι,
799 2023 900 2054 ὁποίως

111 2073 292 2108 δεακείμεθας
322 2072 372 2107 τὴν
402 2071 523 2110 φοεερξν
556 2070 683 2103 ἐξουσίαν
718 2069 822 2104 ταύτην
853 2069 902 2095 καὶ

113 2119 297 2155 φρικτοτάτην
338 2117 516 2152 ἐγχείρησιν,
546 2116 619 2142 ἔστιν
662 2115 706 2141 ὅτε
743 2116 783 2146 εἰς
815 2114 902 2149 ἀρχὴν

114 2165 226 2199 ίοῖμοιῐ)
256 2163 361 2195 παθῶν,
389 2163 470 2197 372
500 2162 547 2188 καὶ
577 2161 646 2196 ὓλην
679 2161 828 2195 ἁμαρτίας,
853 2160 902 2194 τὴν

115 2211 252 2245 ἁμαρτίας
271 2210 318 2236 καὶ
335 2209 429 2236 παθῶν
452 2209 591 2243 ἀναιρέτιν
617 2207 844 2243 ἀπεργαζόμεθα,
863 2207 902 2237 εἰς

116 2257 240 2289 ἐξουσίαν
256 2256 372 2290 ἀρχικήν
394 2249 424 2281 τε
441 2255 488 2280 καὶ
504 2254 640 2288 κοσμικὴν
657 2253 760 2288 ταύτην
776 2252 904 2284 ἒλκοντές

945 1656 1090 1680 cernentes
1104 1659 1111 1677 :
1126 1650 1228 1676 etenim
1245 1648 1363 1675 maxime
1383 1646 1518 1673 mirantur
1535 1642 1664 1678 quoniam
1684 1647 1732 1675 per

945 1698 1088 1726 ecclesiam
1128 1695 1291 1730 pnedicatur
1325 1690 1499 1720 multiformis
1545 1689 1590 1717 Dei
1624 1686 1732 1721 sapien-

948 1745 1007 1776 tia.
1034 1749 1063 1771 ut
1107 1742 1228 1776 loquitur
1273 1738 1412 1772 Paulus‘;
1444 1737 1550 1772 ipsique
1584 1739 1734 1770 agnoscent-

949 1797 989 1818 tes
1003 1798 1017 1818 a
1034 1797 1089 1825 quo
1101 1789 1186 1817 creati
1204 1792 1268 1815 sunt
1286 1792 1315 1814 et
1329 1787 1489 1813 immensam
1509 1783 1554 1810 Dei
1573 1781 1602 1807 in
1614 1787 1642 1807 se
1660 1777 1737 1805 boui—

950 1841 1032 1863 tatem
1048 1836 1146 1863 timent
1166 1839 1194 1861 et
1220 1836 1360 1867 stupentes
1382 1831 1553 1865 proclamant
1569 1827 1602 1854 de
1618 1826 1660 1852 bis
1678 1831 1740 1858 quat

950 1883 1017 1910 fiunt
1040 1880 1186 1908 miraculis.
1212 1879 1267 1906 Nos
1298 1885 1363 1905 vero
1387 1875 1622 1903 sanctissiutarum
1651 1869 1740 1897 maxi-

950 1934 1112 1961 marumque
1138 1932 1229 1953 rerum
1255 1922 1410 1951 ministerio
1429 1925 1457 1948 et
1472 1917 1677 1954 dispensatione
1696 1914 1740 1942 di-

951 1973 1025 2009 gnati
1037 1979 1156 2006 quonam
1168 1971 1259 1998 animo
1273 1968 1387 1995 sumus?
1398 1964 1579 1993 Tremeudam
1595 1963 1663 1988 banc
1674 1967 1740 1991 auc-

953 2020 1089 2047 toritatem
1119 2022 1146 2044 et
1187 2013 1384 2043 formidandam
1429 2009 1633 2038 fabricationem
1659 2012 1740 2040 ειη-ρο,

954 2066 1025 2094 heu!
1042 2065 1069 2092 in
1084 2063 1162 2092 nobis
1174 2061 1289 2096 imperio
1305 2059 1462 2094 passionum
1489 2059 1516 2083 et
1531 2053 1621 2082 carnis
1637 2050 1740 2086 peccati

954 2111 1125 2146 subiicimus,
1143 2109 1206 2136 dum
1220 2106 1322 2142 peccati
1339 2111 1366 2132 et
1378 2103 1534 2138 passionum
1549 2100 1637 2134 fugam
1653 2101 1680 2124 et
1695 2097 1743 2122 dc-

956 2145 1126 2184 relictionem
1142 2161 1226 2188 super
1237 2152 1282 2178 illo
1293 2150 1472 2184 complemus,
1487 2151 1514 2174 et
1527 2146 1554 2172 in
1569 2145 1638 2171 hanc
1653 2146 1742 2176 poles-

958 2208 1040 2230 tatcm
1056 2201 1181 2229 omnium
1195 2199 1323 2234 primam,
1336 2195 1415 2231 quasi
1441 2193 1578 2221 mundana
1591 2190 1662 2218 foret
1691 2192 1744 2215 tra-

958 2251 1059 2277 hantur
1084 2246 1194 2282 quidam
1218 2244 1301 2271 etiam
1329 2243 1400 2270 male
1426 2241 1560 2270 viventes,
1589 2241 1617 2264 et
1632 2237 1659 2262 in
1682 2241 1741 2261 eam

114 2283 188 2334 τίνες
210 2302 258 2329 καὶ
274 2283 400 2336 ⁵ιεὀνηρῶς
427 2283 595 2335 βιαζόμενοι,
617 2283 666 2326 καὶ
687 2283 830 2334 μανιωδῶς
844 2299 890 2324 ἐπι

956 2295 1039 2322 stulte
1062 2292 1220 2326 furioseque
1239 2289 1391 2317 insilientes
1402 2287 1439 2314 ita
1455 2292 1514 2319 quae
1531 2286 1595 2327 sunt
1610 2283 1743 2315 praecepta

117 2349 256 2382 πηδῶντες
284 2348 365 2381 αὐτῇ,
381 2347 427 2374 καὶ
459 2346 494 2372 τὰ
524 2344 588 2371 καθ’
612 2341 650 2371 ὦν
667 2345 788 2379 κατέστη
803 2344 908 2377 διενερο

116 2393 240 2428 γοῦντες,
258 2393 302 2419 ἴνα
332 2392 434 2426 ταύτης
461 2391 528 2426 φεῦί
555 2391 767 2426 ὲπιδράξωνται,
779 2390 838 2423 εἴγε
862 2390 909 2416 καὶ

117 2439 220 2473 ταύτης
245 2438 316 2465 οὕτω
338 2438 492 2472 μετέχουσι,
517 2438 566 2464 καὶ
590 2437 620 2463 οὐ
640 2436 827 2470 μακρύνονται
843 2435 910 2469 μᾶλ-

119 2486 176 2512 λον.
193 2485 246 2511 Τοῦ
264 2484 386 2511 τοιούτου
406 2483 490 2518 ὕψους
506 2484 545 2514 εἰς
569 2483 674 2509 ἔννοιαν
697 2483 722 2508 oi
750 2481 811 2508 κατ’
826 2480 910 2514 ἀγγέ-

120 2531 182 2562 λους
198 2531 296 2556 ἐκεῖνοι
315 2529 370 2556 τῶν
385 2529 470 2564 ἁγίων
485 2529 635 2563 γινόμενοι,
649 2527 719 2555 κατὰ
734 2527 767 2553 τὰ
784 2526 911 2553 θειότατα

121 2577 290 2611 φρίττοντες,
318 2575 354 2607 ὠς
386 2576 506 2609 εἴρηται,
536 2573 672 2608 Σεραφὶμ,
703 2573 734 2599 τὸ
762 2573 834 2607 μέγα
861 2572 911 2606 τῆς

123 2622 275 2658 ἱερωσύνης
291 2621 406 2655 ἔφευγόν
419 2629 449 2647 τε
473 2621 520 2647 καὶ
536 2619 732 2646 ύπεστέλλοντο
744 2627 751 2634 ·
783 2618 913 2653 ἀξιούμε-

123 2678 163 2695 νοι
185 2669 215 2695 δὲ
241 2668 354 2702 ταύτης,
382 2667 455 2698 ὅπως
470 2667 515 2693 τὸν
531 2666 636 2694 ἑαυτῶν
657 2665 826 2700 ῲκονόμουνδ
842 2664 912 2700 βίον,

124 2714 203 2749 δῆλον
218 2715 246 2747 ἐξ
260 2711 298 2741 ὧν
313 2715 488 2748 εἰργάσαντο.

165 2849 176 2864 δ
194 2849 292 2882 pres.
309 2856 348 2882 ιιι,
370 2847 412 2875 10.

959 2340 1065 2367 faciunt
1081 2343 1111 2365 ut
1126 2324 1200 2365 illam
1213 2336 1360 2370 arripiant,
1375 2333 1432 2367 qui,
1449 2330 1520 2358 heul
1536 2324 1578 2355 ab
1594 2327 1638 2354 illa
1655 2324 1750 2370 arceri'

960 2385 1134 2417 meruissent,
1163 2382 1263 2410 nedum
1280 2381 1321 2407 bis
1331 2379 1460 2406 omnibus
1478 2374 1669 2402 emendemus.
1704 2369 1744 2395 llli

959 2440 1025 2459 vero
1042 2430 1088 2465 qui
1103 2433 1262 2456 sanctorum
1276 2433 1352 2453 more
1365 2424 1488 2451 viventes
1510 2420 1543 2447 ad
1564 2419 1652 2445 instar
1664 2423 1747 2450 auge-

960 2462 1059 2506 lorunt-
1088 2473 1297 2508 intelligentiam
1334 2474 1361 2497 et.
1402 2466 1631 2495 existimationem
1664 2462 1746 2495 hujus

961 2523 1051 2559 adepti
1064 2507 1322 2550 suntcelsitudiuis,
1337 2518 1494 2546 trementes,
1514 2517 1542 2539 ut
1567 2511 1686 2537 diximus
1709 2507 1744 2534 de

961 2555 1141 2599 sanctissimis
1156 2565 1309 2599 Serapbim,
1321 2568 1443 2596 magnam
1453 2557 1597 2587 sacerdotii
1612 2555 1748 2590 effugiunt

962 2617 1120 2652 dignitatem
1136 2617 1163 2641 et
1178 2611 1212 2639 ab
1222 2619 1254 2638 ea
1271 2617 1300 2637 se
1318 2607 1473 2636 subducunt
1490 2614 1497 2632 :
1530 2604 1627 2638 dignos
1656 2604 1750 2628 autem

962 2647 1022 2696 ejus
1039 2669 1070 2689 se
1085 2659 1233 2688 ostendunt
1251 2654 1405 2684 manifestis
1435 2651 1564 2688 operibus
1589 2649 1691 2684 quibus
1706 2647 1753 2676 vi-

964 2713 1019 2736 tam
1036 2707 1164 2736 ordinant
1182 2709 1209 2733 et
1229 2705 1338 2740 regunt.
