1918 3042
186 76 240 108 963

181 137 299 164 fratrum
317 138 526 173 ﬂagrantissima
540 145 547 170 ;
565 141 591 164 et
607 137 670 171 quia
687 136 740 164 hoc
755 141 797 164 est.
814 144 883 171 opus
897 137 944 163 Dci
958 158 965 170 ,
985 139 1006 167 Α

183 184 261 218 cujus
285 183 322 210 illi
346 191 410 211 cura
432 188 473 210 est
489 190 583 210 amore
599 186 627 210 et
648 183 823 209 mntulatione
840 183 931 217 plena.
946 187 974 210 et

184 230 269 256 amori
284 230 412 257 mercede
432 230 575 260 donatum,
592 229 663 255 sicut
676 228 802 255 Christus
816 228 910 256 docuit
922 228 974 256 Pe-

184 279 256 302 trum
271 275 291 302 ⁸.
312 274 434 302 Summis
449 276 532 310 igitur
544 275 673 310 precibus
687 283 716 302 se
733 276 910 307 exctISahant,
927 283 974 302 ex-

184 322 274 356 emplo
290 321 400 348 Patrum
421 321 531 348 illorum
552 322 597 356 qui
611 329 666 356 pne
678 321 833 348 humilitate
847 329 929 355 supra
943 328 973 348 se

183 375 243 394 esse
254 367 436 394 sacerdotium
450 368 660 402 profitebantur.
674 367 757 402 Atqui
771 367 803 395 ah
817 368 973 395 hominibus

183 414 235 441 illis
252 414 402 448 pnesertim
419 419 481 448 post
510 419 667 449 susceptum
685 415 807 442 habitum
828 415 971 441 recusaba-

183 465 227 487 tnr
243 461 424 488 sacerdotium
441 483 447 494 ,
463 469 533 496 quos
552 466 662 496 propter
682 461 773 488 meriti
789 461 970 488 eminentiam

183 512 211 534 et
228 515 303 541 plna:
319 508 379 535 vitzc
395 508 583 535 excellentiam
598 529 606 540 ,
622 508 700 534 multi
718 507 815 542 dignos
829 507 971 541 judicare-

183 556 246 579 rant
265 560 271 578 :
292 552 357 579 illud
375 553 448 579 enim
464 553 576 580 timetur
592 553 626 580 ab
643 553 734 579 anima
751 553 812 580 forti
830 557 857 580 et
872 553 972 579 imma-

182 600 270 626 culata
284 607 383 634 :porrn
395 600 507 631 candor,
521 599 675 626 innocentia
691 603 719 626 et
736 599 823 632 pietas
835 599 898 626 huic
915 606 971 625 tua-

182 646 255 671 xime
273 645 440 672 conveniunt
463 645 638 679 professioni.
655 645 684 671 Et
701 644 750 672 ‘hic
766 644 912 671 multorum
930 649 972 671 est

182 691 270 716 honor
284 690 534 724 splendidissimus.
550 690 668 717 maxime
680 698 774 717 eorum
789 690 833 723 qui
853 693 917 716 sunt
937 697 969 716 ex

183 735 323 768 Ecclesia;
347 736 391 771 qui
417 740 560 770 tantopere
584 741 623 763 est
649 736 753 763 virtute
770 740 797 762 et
822 736 971 763 stabilitate

182 780 301 808 donatus
317 785 347 808 ut
361 781 417 808 fere
432 781 514 808 totius
528 781 656 809 Ecclesia:
673 781 786 813 familia,
802 789 817 808 a
829 781 971 808 monachis

182 827 260 862 dirigi
278 828 429 855 videretur.
443 827 471 854 Si
485 828 557 855 enim
572 833 700 855 accurate
715 828 848 862 inquiras,
865 828 909 854 vix
927 828 970 854 in-
990 820 1008 846 Β

180 874 277 901 τοιήδε
300 874 419 908 aliquam
442 881 456 900 a
473 874 576 901 saeculo
593 873 627 901 ad
655 874 837 901 hierarchiam
865 882 970 901 sacram

182 923 308 946 evectum
322 918 408 946 fuisse
425 926 432 946 :
450 919 502 946 hoc
519 919 598 952 quasi
624 925 698 947 sorte
715 913 867 947 monachis
882 927 972 947 reser-

184 969 261 991 vatur
278 973 285 992 :
300 969 326 992 et
346 965 420 993 nosti
437 965 509 999 quod
527 966 549 993 si
569 966 615 1000 qui
632 966 665 993 ad
687 974 779 994 sacros
804 967 916 994 ordines
932 967 974 994 di-

183 1011 310 1044 r‘guutur
324 1018 356 1038 ex
374 1011 512 1039 mundana
532 1012 597 1043 vita,
620 1012 672 1039 hoc
685 1012 718 1039 ab
731 1012 853 1040 Ecclesia
874 1020 973 1040 conce—

183 1057 258 1084 ditur
283 1061 313 1084 ut
336 1057 536 1084 monachorttm
562 1058 654 1084 habitu
673 1059 792 1092 primttm
809 1059 971 1086 induantur.

185 1104 238 1131 Sed
255 1104 319 1131 dum
347 1105 404 1132 h:ec
428 1105 547 1132 ﬁdelium
575 1105 740 1132 existimatio
762 1110 791 1132 et
818 1106 971 1139 prmsertim

184 1155 342 1178 sanctorum
372 1152 418 1185 qui
444 1151 471 1179 in
499 1151 620 1178 Ecclesia
644 1156 777 1186 prmsunt,
804 1159 892 1179 sacrae
912 1153 973 1179 huic

184 1196 350 1230 professioni
367 1197 517 1224 secundutn
535 1198 675 1224 caelestem
693 1205 815 1225 normam
842 1202 869 1225 et
892 1198 973 1225 insti-

186 1243 317 1270 tutionem
343 1249 480 1281 susceptae
504 1245 634 1271 honorem
649 1244 777 1271 conferre
793 1245 885 1279 gestit,
902 1245 972 1272 mala

187 1289 334 1316 tnultorum
350 1289 494 1324 dispositio
509 1289 567 1324 ipsa
583 1290 676 1316 omnia
690 1291 855 1324 corrumpit.
872 1290 975 1325 profes-

186 1337 271 1364 sionis
290 1336 469 1363 eteremonias
487 1336 596 1363 inutiles
621 1336 719 1368 reddit,
738 1336 789 1363 heu
803 1338 809 1364 l
824 1341 851 1364 et
867 1337 950 1364 solvit
965 1346 972 1364 :

182 1385 211 1408 et
224 1381 335 1416 quidam
352 1381 463 1408 ordines
477 1381 637 1409 hierarchiaa
648 1386 812 1416 usurpantes
823 1402 831 1414 ,
862 1382 975 1409 minime

185 1432 308 1456 tractant
327 1431 357 1454 ut
372 1432 522 1462 oporteret.
537 1427 591 1455 Sed
614 1427 640 1454 id
658 1435 743 1454 unum
762 1432 889 1463 satagunt
905 1427 975 1454 obti-

183 1481 249 1501 ncre
258 1478 287 1501 ut
300 1474 483 1501 sacratissima
494 1474 548 1501 hac
559 1473 723 1501 auctoritate
740 1474 890 1507 potiantur,
903 1479 926 1500 et
941 1473 974 1500 ad
989 1491 1009 1520 ο

186 1519 238 1547 hoc
257 1520 326 1547 nihil
351 1528 405 1547 non
427 1519 543 1547 faciunt.
564 1519 638 1546 Nihil
665 1519 763 1546 horum
781 1527 840 1554 qute
861 1519 895 1546 ad
914 1519 974 1553 ejus

183 1564 343 1600 dignitatem
373 1565 519 1592 conferunt
553 1569 693 1596 exercent,
733 1564 790 1591 imo
825 1563 975 1598 aliquando

184 1611 275 1646 potius
289 1620 349 1647 qua:
360 1617 422 1639 sunt
436 1616 531 1638 contra
549 1611 621 1638 illam
638 1611 751 1644 faciunt,
763 1611 809 1638 sed
822 1610 866 1638 illa
879 1615 975 1638 contra

184 1664 230 1684 eos
248 1657 366 1683 maxime
387 1662 512 1692 vergunt.
535 1657 641 1684 Etenim
665 1661 809 1691 propterea
825 1663 904 1684 sacro
924 1656 975 1683 ha-

185 1703 243 1730 bitu
262 1711 315 1730 non
339 1703 469 1730 induendi
501 1708 575 1735 sunt,
592 1704 639 1730 sed
661 1711 744 1738 scopo
758 1704 819 1738 ejus
834 1703 978 1730 attenden-

185 1750 249 1777 dum
265 1753 307 1776 est
320 1768 328 1781 ,
345 1753 373 1776 et
390 1756 451 1776 cum
469 1749 622 1776 sacerdotio
644 1750 728 1784 aliqui
742 1750 873 1784 dignandi
889 1754 954 1778 sunt
967 1771 974 1782 ,

186 1796 305 1829 eligendi
321 1800 384 1822 sunt
399 1796 469 1823 inter
481 1804 528 1823 eos
543 1796 588 1831 qui
606 1797 692 1830 magis
708 1796 745 1831 pii
760 1795 975 1824 conversatione

185 1842 379 1874 ostenduntur.
395 1847 422 1871 et
435 1844 479 1877 qui
495 1850 614 1870 maxime
627 1843 780 1871 humilitate
792 1843 904 1871 radicati
924 1843 976 1869 hu-

186 1889 279 1916 milem
299 1889 442 1917 Dominum
464 1890 617 1918 imitantur.
639 1890 776 1918 Continuo
799 1890 910 1925 quidem
927 1889 975 1916 de-

185 1935 358 1970 prehendere
375 1935 508 1963 habemus
525 1943 572 1963 eos
587 1935 632 1970 qui
648 1936 770 1971 regulam
785 1939 812 1963 et
827 1935 975 1969 imaginem

186 1981 294 2009 Domini
310 1990 363 2008 non
380 1983 551 2016 susceperint
567 1982 592 2008 in
617 1990 694 2009 sacra
712 1982 899 2015 ordinatione,
918 1982 976 2016 ple-

186 2035 304 2061 rumque
327 2027 453 2054 invenire
471 2027 638 2062 arrogantia:
661 2032 688 2055 et
705 2036 782 2054 vana:
808 2028 976 2055 ostensionis

187 2081 310 2104 causam,
329 2081 384 2100 non
402 2081 450 2108 per
465 2073 594 2108 seipsam,
608 2074 654 2101 sed
671 2081 719 2108 per
737 2074 903 2102 voluntatem
925 2083 976 2102 no-

186 2124 283 2150 stram,
299 2127 372 2153 quae,
385 2119 432 2146 Dei
459 2119 558 2153 spiritu
574 2119 652 2154 dirigi
676 2127 797 2146 renuens
809 2139 817 2151 ,
833 2119 914 2147 unice
941 2119 974 2147 ad

611 76 800 107 SYMEONIS
818 76 1192 108 THESSALONICENSIS
1213 77 1390 109 ARCHIEP.

1773 77 1830 108 96$

1021 145 1071 172 νην
1087 138 1111 163 οἱ
1127 136 1344 172 ταπεινόφρονες
1359 138 1460 164 ἐκεῖνοι
1473 137 1605 173 Πατέρες.
1623 136 1681 164 Νῦν
1696 137 1727 164 δὲ
1744 139 1830 173 παρὰ

1027 184 1080 210 τῶν
1094 183 1124 210 τὸ
1143 185 1238 218 σχῆμα
1255 184 1370 210 ἐκείνοιν
1390 184 1577 217 ἐνδεδομένων
1591 183 1672 211 τοῦτο
1688 183 1830 211 διώκεται

1027 229 1139 263 μᾶλλον,
1157 230 1204 256 καὶ
1217 230 1323 261 τούτοις
1337 229 1460 257 δίδοσθαι
1480 230 1526 256 διὰ
1540 230 1570 257 τὸ
1588 230 1661 265 μέγα
1675 229 1727 263 τῆς
1741 229 1831 261 ἀξίας

1026 276 1128 312 ὑψηλόν
1141 285 1170 302 τε
1186 277 1239 303 καὶ·
1253 277 1374 313 καθαρῦν
1389 277 1464 309 ἀξιον
1478 277 1603 310 κρίνεται
1620 277 1676 307 τοῖς
1699 276 1829 308 πολλοῖς,

1025 325 1065 351 ὅτι
1094 325 1140 350 καὶ
1155 324 1206 356 τῆς
1220 324 1338 358 δυνατῆς
1351 325 1400 350 καὶ
1416 324 1630 359 κεκαθαρμένης
1638 323 1720 350 τοῦτο
1734 323 1830 348 δεῖται

1024 371 1125 405 ψυχῆς.
1142 371 1310 406 Καθαρότης
1331 371 1359 397 δὲ
1383 370 1431 397 καὶ
1446 371 1575 397 εὐλάϐεια
1590 370 1736 404 συντρέχει
1756 369 1830 402 μᾶλ-

1024 417 1070 443 λον
1084 417 1123 451 τῷ
1140 417 1276 451 σχήματι.
1304 417 1360 443 Καὶ
1386 418 1402 452 ἡ
1423 416 1540 451 τοιαύτη
1559 416 1614 443 τῶν
1629 415 1740 442 πολλῶν
1756 414 1830 446 δὸεα

1024 464 1166 497 καλλίστη,
1196 464 1245 490 καὶ
1271 463 1327 490 τῶν
1357 464 1477 490 καθόλου
1506 463 1606 498 μᾶλλον
1631 463 1682 496 τῆς
1703 462 1831 497 Ἐκκλη-

1025 512 1103 542 σίας·
1144 510 1190 537 καὶ
1218 509 1291 536 κατὰ
1320 509 1450 535 τοσοῦτον
1492 508 1676 543 βεΰαιωθεῑσά
1724 509 1828 540 ἐστιν,

1023 557 1060 586 ὡς
1092 557 1139 583 xa‘i.
1176 556 1226 591 τὴν
1267 556 1438 590 προστασίαν
1479 556 1529 586 τῆς
1561 555 1731 588 Ἑκκλησέας
1770 563 1827 580 πα-

1023 612 1071 634 an;
1111 603 1205 636 σχεδὸν
1245 603 1301 633 τοῖς
1347 603 1474 635 μοναχοῖς
1507 600 1733 636 ὲγχειρίζεσθαι.
1768 600 1830 626 Καὶ

1021 648 1157 681 ἐξετάζω)
1187 647 1236 683 ήδη
1269 647 1417 678 σπανιάκις
1446 646 1541 681 εὕροις
1578 647 1640 673 τινὰ
1669 654 1737 672 ποτε
1765 645 1828 671 τῶν

1022 696 1051 721 ὲν
1074 696 1113 728 τῷ
1140 694 1235 727 κόσμῳ
1256 693 1399 727 ἱεραρχίας
1413 691 1585 726 ἠξιωμένον·
1612 692 1669 722 τοῖς
1687 691 1827 725 μονιχοῖς

1023 740 1050 766 δὲ
1067 740 1146 766 τοῦτο
1161 739 1256 773 ὥσπερ
1273 739 1512 773 ἀποκεκλήρωται.
1538 738 1593 764 Καὶ
1609 736 1674 768 ἴδοις
1691 736 1726 763 ἂν
1743 744 1829 767 τινας

1024 788 1055 812 ἐκ
1074 786 1120 812 τοῦ
1143 784 1278 819 κοσμικοῦ
1296 785 1355 819 βίου
1372 785 1441 819 πρὸς
1459 784 1604 819 ἱεραρχίαν
1618 783 1824 817 ἀναγομένους.

1025 833 1079 858 Καὶ
1092 831 1171 857 τοῦτο
1185 831 1217 865 δὴ
1241 832 1316 869 παρὰ
1328 831 1378 864 τῆς
1400 829 1566 864 Ἐκκλησίας
1581 829 1824 862 ἀπαιτουμένους,

1024 879 1054 905 τὺ
1070 878 1125 904 τῶν
1151 877 1276 912 μοναχῶν
1308 877 1443 912 πρότερον
1469 875 1574 910 ἔνδυμα
1604 875 1824 904 ἐπενδύσασθαι.

1031 926 1110 952 mm
1124 925 1210 951 ταῦτα
1234 925 1282 959 μὲν
1303 923 1394 959 κρίσις
1411 925 1489 958 κοινὴ
1503 923 1559 950 τῶν
1575 923 1679 950 πιστῶν
1702 923 1751 949 καὶ
1765 923 1826 949 τῶν

1024 972 1072 1005 τῆς
1094 971 1258 1005 Ὲκκλησίας
1274 971 1356 997 Θείων
1380 970 1543 1005 προστατῶν
1562 969 1673 1005 μᾶλλον,
1689 969 1730 1004 τῷ
1756 970 1823 1004 σχή-

1026 1027 1092 1052 ματι
1107 1017 1146 1051 τῷ
1160 1017 1227 1052 θείῳ
1240 1017 1313 1044 κατὰ
1327 1017 1377 1051 τὴν
1391 1017 1497 1045 ἀνωθεν
1511 1016 1609 1043 τούτου
1620 1015 1700 1048 τάξιν
1716 1016 1766 1042 καὶ
1791 1014 1824 1041 τὸ

1024 1062 1198 1097 ἐπάγγελμα,
1215 1063 1411 1097 ἀπονεμόντων
1431 1061 1482 1096 τὴν
1492 1063 1591 1097 τιμήν
1608 1063 1625 1096 ἡ
1639 1061 1694 1088 τῶν
1712 1060 1822 1087 πολλῶν

1024 1111 1052 1138 δὲ
1069 1111 1119 1138 οὐκ
1133 1110 1223 1145 ἀγαθὴ
1242 1110 1339 1144 γνώμη
1356 1110 1390 1136 τὰ
1407 1110 1498 1136 πάντα
1515 1109 1699 1144 παρέφθειρε.
1716 1107 1775 1134 Καὶ
1787 1107 1822 1133 τά

1024 1157 1071 1184 τοῦ
1084 1157 1223 1192 σχήματος
1235 1156 1378 1191 ὴχρειώθη
1389 1155 1452 1191 (φεῦ
1470 1157 1489 1189 l)
1502 1157 1549 1182 xui.
1560 1155 1821 1190 παρατέθραυσται.

1025 1204 1080 1240 Κα).
1097 1203 1146 1238 τῆς
1163 1204 1307 1238 ἱεραρχίας
1329 1203 1528 1237 ἐπειλημμένοι
1552 1202 1637 1234 τινὲς,
1651 1201 1701 1236 οὐχ
1725 1201 1821 1235 ὥσπερ

1025 1249 1109 1284 ἐχρῆν
1124 1249 1226 1284 ταύτην
1250 1249 1457 1283 οἰκονομοῦσιν,
1484 1248 1541 1275 ἀλλ’
1562 1248 1634 1274 ὥστε
1659 1247 1709 1281 μὲν
1740 1246 1820 1280 μὸνον

1025 1295 1073 1328 τῆς
1091 1294 1233 1329 θειοτάτης
1249 1294 1328 1326 ἀξίας
1353 1295 1493 1329 ἐπιτυχεῖν
1520 1293 1684 1320 σπεύδουσιν
1709 1293 1760 1326 ὅση
1777 1292 1819 1317 δύ-

1026 1339 1175 1373 ναμις,καὶ
1185 1340 1274 1365 πάντα
1291 1339 1457 1373 πράττουσιν
1471 1339 1517 1364 ἐπὶ
1529 1337 1627 1372 τούτῳ·
1637 1337 1713 1364 οὐδὲν
1722 1337 1751 1363 δὲ
1766 1337 1819 1363 τῶν

1026 1386 1086 1412 κατ’
1095 1385 1174 1418 ἀξίαν
1199 1385 1282 1420 374
1304 1385 1390 1419 αὐτῆς
1406 1385 1602 1420 διενεργοῦσιν,
1622 1385 1695 1411 ἐστιν
1719 1383 1767 1410 ὅτε
1791 1383 1819 1410 δὲ

1028 1433 1156 1467 μάλιστα,
1170 1433 1219 1459 καὶ
1238 1433 1272 1458 τὰ
1291 1432 1352 1459 κατ’
1368 1432 1463 1466 αὐτῆς,
1479 1432 1540 1459 καθ’
1555 1432 1661 1458 ἑαυτῶν
1674 1431 1702 1457 δὲ
1718 1430 1819 1465 μᾶλλον

1027 1478 1145 1505 ποιοῦσι.
1165 1478 1230 1504 Δέον
1250 1478 1304 1513 γὰρ
1327 1478 1363 1512 μὴ
1393 1477 1437 1504 διὰ
1461 1477 1539 1504 τοῦτο
1567 1476 1598 1503 τδ
1616 1476 1712 1511 σχῆμα
1729 1475 1818 1502 ἐνδύε-

1029 1523 1112 1556 σθαι,
1143 1523 1181 1557 τῷ
1207 1523 1302 1558 σκοπῷ
1318 1524 1347 1550 δὲ
1372 1523 1471 1549 τούτου
1498 1523 1645 1557 προσέχειν
1661 1543 1668 1553 ,
1697 1522 1746 1548 καὶ
1769 1521 1818 1554 τῆς

1028 1570 1177 1604 ἱερωσύνης
1194 1570 1222 1596 δὲ
1237 1569 1414 1602 ἀξιωθέντας,
1431 1570 1500 1603 πρδς
1523 1568 1604 1595 τοῦτο
1620 1567 1816 1601 ἀπολεγέντας,

1027 1616 1240 1651 εὐλαϐεστέρους
1254 1616 1421 1647 δείκνυσθαι,
1432 1615 1479 1642 καὶ
1493 1614 1532 1649 τῷ
1547 1614 1744 1642 ταπεινωθέντι
1759 1621 1818 1640 συν-

1026 1661 1220 1689 ταπεινοῦσθαι
1243 1661 1378 1697 Δεσπότῃ,
1394 1661 1424 1688 οὗ
1439 1660 1489 1695 τὴν
1504 1660 1580 1693 τάξιν
1596 1661 1642 1686 καὶ
1654 1660 1704 1695 τὴν
1729 1659 1819 1686 εἰκόνα

1028 1707 1186 1742 εἰλήφασιν,
1202 1706 1277 1733 ἐστιν
1296 1707 1374 1741 ὁρᾷν,
1390 1706 1535 1740 ὲπάρσεως
1553 1704 1656 1739 μᾶλλον
1677 1705 1727 1738 τὴν
1742 1704 1818 1730 Θείαν

1027 1753 1104 1782 τάξιν
1132 1753 1234 1786 ταύτην
1254 1752 1302 1778 καὶ
1316 1754 1402 1785 τύφου
1418 1751 1525 1782 πολλοῖς
1541 1752 1689 1786 γινομένην
1709 1751 1798 1778 αἰτίαν
1810 1768 1817 1781 ,

1027 1797 1058 1824 οὐ
1075 1797 1141 1832 παρ’
1157 1797 1252 1831 αὐτὴν,
1271 1797 1347 1831 παρά
1369 1796 1398 1823 δὲ
1415 1796 1466 1831 τὴν
1487 1796 1627 1831 ἡμετέραν
1642 1796 1673 1822 οὐ
1691 1795 1761 1830 πρὸς
1773 1795 1816 1821 τὸν

1027 1843 1100 1870 θεῖον
1124 1843 1188 1869 νοῦν
1212 1843 1366 1878 τεταμένην
1402 1842 1576 1877 προαίρεσιν,
1610 1841 1678 1875 προς
1708 1842 1776 1876 μόνα.
1789 1841 1816 1867 δὲ

1028 1890 1187 1924 κεχηνυῖαν,
1203 1890 1252 1915 καὶ
1267 1889 1333 1923 ὅλην
1350 1887 1564 1923 ἐκκρεμαμένην
1579 1887 1614 1913 τὰ
1635 1887 1712 1913 κάτω
1725 1887 1772 1913 καὶ
1790 1888 1816 1913 ὲν

1028 1936 1164 1970 αἰσθήσει.
1187 1935 1347 1970 Ὀφείλομεν
1369 1934 1397 1960 δὲ
1425 1934 1462 1968 μὴ
1488 1933 1559 1959 οὕτω
1576 1935 1700 1959 σκοπεῖν.
1718 1933 1747 1959 Et
1765 1933 1815 1966 γὰρ

1027 1982 1075 2008 καὶ
1104 1981 1165 2008 κατ’
1192 1981 1313 2015 ἐμαυτοῦ
1328 1980 1415 2008 ταῦτα
1432 1981 1543 2015 γράφω,
1555 1981 1612 2012 τοῖς
1634 1980 1726 2010 αὐτοῖς
1746 1980 1816 2013 λογι-

1029 2028 1108 2062 σμοῖς
1128 2027 1179 2062 τῆς
1199 2027 1315 2062 οἰήσεως
1336 2026 1467 2057 πολλάκις
1491 2027 1631 2062 ἐχόμενος,
1647 2026 1705 2053 ἀλλ’
1721 2026 1752 2052 οὐ
1770 2034 1816 2052 πα-

1029 2074 1198 2109 ραιτήσομαι
1208 2081 1215 2088 ·
1231 2073 1280 2100 καὶ
1301 2073 1363 2100 ὅσον
1379 2073 1463 2100 ἐννοῶ
1476 2073 1549 2099 θεῖον
1564 2071 1634 2098 εἷναι
1648 2073 1697 2099 καὶ
1714 2072 1816 2106 ὀφειλό-

1031 2127 1112 2155 μενον
1139 2119 1230 2152 λέγειν
1244 2139 1251 2152 ,
1277 2119 1325 2146 καὶ
1355 2119 1424 2153 μετὰ
1444 2119 1499 2145 τῶν
1525 2118 1613 2145 ἄλλων
1636 2118 1685 2145 καὶ
1702 2118 1816 2152 ἐμαυτὸν

187 2166 259 2193 bona
277 2165 408 2192 inferiora
423 2173 545 2200 prmeeps
563 2166 620 2192 ruit
634 2170 660 2193 et
673 2167 755 2193 etiam
774 2173 803 2193 se
817 2166 870 2194 illis
886 2166 976 2201 impli-

1029 2165 1193 2200 ἐξελέγχειν.
1219 2165 1364 2192 Ἀδύνατον
1377 2165 1431 2200 γὰρ
1450 2162 1493 2201 μη
1506 2165 1600 2200 ὄνησίν
1618 2173 1682 2192 τινα
1697 2165 1815 2199 γίνεσθαι

187 2217 232 2238 cat
245 2216 273 2238 et
288 2211 384 2238 miscet.
398 2211 534 2238 sensibus.
550 2211 607 2238 Non
626 2216 718 2239 autem
730 2212 864 2240 debemus
878 2212 976 2247 decipi.

189 2258 252 2285 llaec
282 2262 377 2285 contra
421 2265 464 2284 me
501 2258 603 2290 scribo,
646 2266 718 2293 saepe
760 2259 978 2294 cogitationibus

188 2304 408 2339 praesumptionis
424 2304 533 2336 illusus,
547 2303 594 2331 sed
611 2311 667 2331 non
683 2305 888 2332 excusationem
903 2312 978 2339 qua:-

187 2359 257 2383 ram,
276 2351 335 2378 scio
347 2351 420 2378 enim
435 2357 516 2385 quam
536 2350 572 2377 sit
595 2354 690 2377 sancta
710 2349 767 2378 hzec
785 2350 912 2385 loquendi
932 2358 978 2377 ue-

186 2398 313 2429 cessitas,
326 2401 354 2424 et
368 2405 411 2425 me
425 2405 488 2424 cum
504 2397 563 2424 aliis
576 2396 724 2424 confitendi
738 2397 910 2425 mendacem.
925 2397 978 2424 lm-

189 2442 320 2478 possibile
335 2446 376 2469 est
398 2442 502 2469 nullum
524 2443 550 2469 in
568 2443 646 2470 nobis
664 2441 816 2477 profectum
839 2450 980 2477 emergere

188 2497 222 2522 ex
241 2489 371 2516 memoria
387 2493 414 2516 et
427 2489 586 2524 cognitione
601 2489 735 2516 honorum
756 2489 839 2516 etiam
856 2496 919 2515 cum
934 2488 982 2515 ad-

190 2542 334 2562 versamur
350 2541 399 2569 per
412 2543 472 2569 quo:
483 2542 538 2562 non
551 2539 658 2569 oportet
673 2534 859 2569 opinamenta.
872 2534 979 2561 Etenim

191 2589 239 2616 per
253 2588 305 2608 nes
321 2588 374 2608 non
389 2585 443 2608 stat
457 2581 617 2615 opinionum
634 2581 760 2608 notiones
775 2585 803 2608 et
816 2580 985 2608 convenient.

1028 2213 1061 2246 τῇ
1079 2212 1176 2247 μνήμῃ
1196 2211 1244 2238 καὶ
1265 2211 1356 2246 ἐννοίᾳ.
1368 2211 1422 2237 τῶν
1439 2211 1550 2245 ἀγαθῶν
1567 2211 1595 2237 ἐν
1611 2211 1690 2245 ἡμῖν,
1709 2210 1757 2237 καὶ
1769 2210 1816 2236 ὑπο

1031 2258 1068 2293 μὴ
1083 2256 1199 2284 δεόντων
1216 2256 1356 2291 λογισμῶν
1373 2257 1579 2291 κλεπτομένοις.
1595 2257 1632 2282 Τὺ
1643 2256 1698 2291 γὰρ
1715 2256 1816 2287 ἐννοίας

1027 2303 1154 2338 δέχεσθαι
1171 2304 1218 2329 καὶ
1245 2302 1401 2337 προσσολὰς
1425 2302 1568 2336 λογισμῶν
1597 2302 1673 2336 ἡμᾶς
1700 2301 1756 2328 τῶν
1771 2302 1816 2328 οὐκ

1028 2351 1070 2385 ἐφ’
1088 2351 1165 2386 ἡμῖν·
1183 2349 1274 2376 καὶτὸ
1288 2349 1448 2376 ἀπατᾶσθαι
1466 2348 1675 2381 ἐπισυμὸαίνειν
1698 2348 1814 2381 πέφυκεν

1030 2398 1096 2432 ἡμῖν
1113 2394 1260 2422 ἀλλοιώσει
1280 2394 1514 2430 κεκρατημένοις.
1535 2394 1616 2420 Ἀλλὰ
1630 2393 1660 2420 τὸ
1675 2394 1775 2420 ἐννοεῖν
1788 2392 1815 2419 τὸ

1033 2444 1167 2475 συνοῖσον,
1195 2442 1241 2468 καὶ
1256 2441 1335 2471 αὖθις
1351 2440 1540 2474 ἐπανάγεσθαι
1557 2440 1626 2475 πρὸς
1641 2439 1673 2465 τδ
1686 2440 1814 2472 κρεῖττον,

1033 2489 1089 2515 τῶν
1105 2489 1147 2523 ἐφ’
1163 2488 1242 2524 ἡμῖν.
1266 2486 1353 2513 Τοῦτο
1369 2485 1416 2512 οὖν
1436 2486 1625 2521 παρορῶντες,
1642 2484 1688 2511 ὑπ’
1706 2485 1815 2519 εὐθύνην

1034 2535 1067 2561 ἂν
1085 2535 1192 2569 εἴημεν.
1210 2532 1320 2564 ’Δλλως
1349 2541 1380 2558 τε
1406 2532 1497 2558 καὶτὸ
1515 2532 1651 2566 μεριμνᾷν
1670 2531 1736 2566 περὶ
1759 2531 1815 2558 καλ-

1035 2581 1134 2606 λίστων
1152 2580 1206 2611 ἀεὶ,
1224 2578 1332 2613 πέφυκέ
1349 2587 1375 2604 τι
1392 2577 1528 2612 Θειότερον
1545 2577 1715 2604 ἀποτίκτειν.

191 2629 243 2656 tias
262 2629 400 2662 detegere,
421 2627 485 2662 quia
505 2627 593 2655 errori
608 2628 742 2656 obnoxios
755 2635 817 2656 esse
833 2628 912 2656 nobis
929 2634 1027 2655 natura
1042 2628 1144 2655 accidit
1158 2632 1186 2655 et
1201 2625 1394 2654 inconstantiae
1428 2628 1455 2651 et
1491 2623 1635 2651 mutationi
1672 2624 1787 2652 subesse
1801 2632 1808 2652 :

190 2675 238 2702 sed
256 2674 359 2710 optime
377 2680 523 2709 possumus
537 2681 702 2709 cognoscere
722 2676 794 2710 quod
815 2676 934 2711 patimur
951 2681 977 2702 ct
994 2676 1066 2710 quod
1085 2676 1165 2703 nobis
1179 2674 1289 2709 expedit
1301 2678 1328 2701 et
1345 2674 1443 2700 iterum
1457 2672 1491 2699 ad
1507 2671 1603 2699 melius
1619 2672 1661 2707 agi
1693 2675 1722 2698 et.
1755 2679 1812 2699 cou-

191 2721 258 2748 νιπιί
275 2730 281 2748 :
296 2721 347 2749 hoc
371 2726 447 2749 certo
468 2722 587 2750 scientes
603 2722 675 2757 quod
700 2731 812 2758 poenam
829 2723 936 2751 luemus
956 2724 978 2751 si
999 2723 1062 2750 mali
1078 2723 1178 2750 simus.
1196 2722 1312 2751 Aliunde
1326 2720 1457 2750 memoria
1471 2719 1590 2748 retinere
1620 2719 1693 2748 bona
1720 2718 1815 2754 pretio-

189 2768 297 2797 sissima
310 2774 336 2795 et
351 2773 452 2796 acterna
470 2769 571 2804 aliquid
589 2770 615 2798 iu
634 2770 712 2798 nobis
731 2771 831 2806 ingerit
843 2775 871 2800 ct.
891 2773 1009 2799 seminat

229 2815 239 2831 '
254 2814 332 2843 Joau.
348 2824 393 2850 xx,
412 2816 443 2843 l5
461 2824 519 2851 seq.

1022 2771 1235 2800 divinissitnum.

1750 2852 1775 2870 ’χ
