1918 3042
65 109 119 143 965

716 97 765 127 DE
790 93 1038 126 SACERDOTIO.

1643 83 1696 116 9(6

101 167 203 196 Λοιπδν
229 165 373 200 ὀφείλομεν
400 160 536 195 ἐξετάζειν
558 158 628 189 τίνος
649 156 732 191 ἐσμὲν
752 154 856 189 ὑπηρέ-
870 156 887 184 Α

944 151 981 178 De
999 153 1097 177 caetero
1107 146 1317 182 diligentissime
1329 142 1608 179 inquireredcbemus
1622 142 1701 175 cujus

1041 196 1046 200 .
1072 195 1077 200 .
1124 194 1130 200 -
1177 198 1182 200 _
1234 193 1240 200 ι
1313 199 1319 200 κ
1350 191 1379 200 γ’,
1402 191 1431 200 κ)
1445 188 1552 200 .νε.Αε»Α.-Ξ
1585 193 1609 200 ΑΔ
1625 189 1701 200 Anz...-

66 225 123 247 ται,
141 214 190 241 καὶ
212 212 285 242 τίνος
307 210 389 245 ἔργου
406 208 524 235 διάκονοι
537 213 544 220 °
562 205 609 232 καὶ
629 203 678 235 τὴν
697 201 791 228 εἰκόνα
813 200 860 232 φέ-

70 268 153 296 ρομεν
171 259 253 289 τίνος.
269 255 337 283 Θεοῦ
364 254 456 281 τοίνυν
481 252 563 286 ἐσμὲν
579 249 715 284 ὒπηρεται
729 246 776 273 τοῦ
799 245 859 271 κτί-

71 314 168 337 σαντος
191 305 224 331 τὰ
241 303 340 334 πάντα,
356 302 403 328 καὶ
421 298 491 326 εἶναι
509 297 538 324 εὖ
557 295 626 323 εῖναι
646 292 809 328 ποιήσαντος
831 298 861 317 τε

73 353 121 380 καὶ
150 353 193 378 ἀεὶ
209 349 372 384 βουλομένου
387 355 393 362 '
408 347 455 373 καὶ
473 342 718 379 μεταϐεϐλημένων
731 338 862 368 ἑκουσίως

74 399 113 429 εἰς
136 398 169 424 τὺ
193 396 285 426 κακῶς
305 391 376 421 εἷναί
402 399 495 421 τινων,
519 390 566 416 καὶ
585 388 683 422 μᾶλλον
700 385 863 419 ἀνθρώπων,

75 441 153 474 αὖθις
173 442 213 472 εἰς
231 442 261 467 τὺ
275 439 304 466 εὖ
320 437 389 465 εἶναι
411 434 639 467 ἀποκαταστῆσαι
655 431 817 466 θελήσαντος
835 437 864 455 τε

76 488 125 515 καὶ
150 486 364 520 εὐδοκήσαντος,
383 483 431 508 καὶ
455 480 630 516 ἐνεργοῦντος
651 477 729 503 τοῦτο
751 476 796 502 διὰ
810 474 865 500 τῶν

78 533 186 569 ἱερέων.
202 532 306 565 Ἔργου
326 529 354 556 δὲ
379 528 498 555 διάκονοι
520 526 680 559 ὑπάρχομεν
705 521 751 548 τοῦ
784 520 864 555 μεγί-

80 565 156 606 στου.
175 574 211 612 ’ᾯ
234 577 287 611 γὰρ
304 574 397 610 moon
424 574 459 599 τὰ
489 573 535 598 ἐπὶ
553 572 603 604 γῆς
627 571 682 600 τοῖς
707 567 763 594 ἄνω
789 565 867 600 καὶὴ

79 624 165 659 ἔχθρα
190 621 285 656 ἐλύθη,
316 621 364 646 καὶ
386 619 452 650 Θεὸς
483 617 587 652 βροτοῖς
615 614 788 648 κατηλλάγη,
821 612 868 638 καὶ

80 671 170 704 πλάνη
183 669 320 695 πέπαυται
337 666 422 696 πᾶσα,
438 664 487 690 καὶ
499 662 637 696 δαιμόνων
655 660 756 694 κράτος
770 659 867 689 ὤλετο,

82 717 128 744 καὶ
153 703 292 749 άνθρωποι
308 711 366 747 μετ’
376 710 511 744 ἀγγέλων,
525 708 573 735 καὶ
590 707 642 733 υἱοὶ
664 705 732 732 Θεοῦ
748 705 796 731 καὶ
813 703 870 730 θεοὶ

83 762 237 797 γεγόναμεν
258 758 329 786 κατὰ
345 757 437 792 χάριν,
454 755 551 782 τούτου
568 753 685 787 ἐνεργοὶ,
703 750 869 784 λειτουργοὶ,

83 795 240 840 οἰκονόμοι,
259 804 359 838 μύσται
383 801 554 836 τυγχάνομεν
569 798 746 833 ἀπορῤἠτως.
773 795 872 821 Είκόνα

911 198 997 225 simus
1013 194 1143 226 ministri,
1159 198 1186 219 et
1198 193 1276 228 cujus
1290 191 1381 226 operis
1399 188 1565 220 administri,
1583 193 1610 215 et
1624 189 1703 221 cuius

911 242 1057 278 imaginem
1079 245 1228 275 typumque
1245 244 1384 273 geramus.
1411 236 1458 263 Dei
1475 241 1594 268 namque
1606 240 1703 261 sumus

912 288 1029 318 ministri
1048 287 1093 322 qui
1111 287 1216 314 creavit
1232 283 1392 318 omnia,qui
1406 283 1497 310 omnia
1513 281 1577 308 fecit
1593 281 1662 307 bona
1677 283 1706 306 et

914 336 951 363 ita
969 335 1014 362 illa
1029 333 1128 361 essein
1141 336 1273 360 aeternum
1283 330 1450 358 voluntatem
1461 329 1559 354 habet:
1574 327 1619 361 qui
1630 333 1708 353 crea-
1730 330 1732 333 '

915 386 991 409 turas
1005 380 1148 415 quasdam,
1165 377 1316 412 praesertim
1335 375 1468 405 homines,
1481 382 1542 401 cum
1559 373 1586 399 in
1605 372 1705 399 malum

916 427 1070 454 voluntarie
1089 424 1251 454 inciderint,
1272 423 1368 448 iterum
1393 421 1424 447 ad
1443 420 1543 447 bonttm
1568 426 1628 445 esse
1651 417 1708 444 vult

915 472 1024 500 restitui
1044 481 1050 497 :
1068 475 1095 498 et
1116 470 1167 497 hoc
1185 473 1314 500 procurat
1337 474 1385 501 per
1407 465 1573 493 sacerdotes.
1598 463 1707 490 Maximi

917 526 982 547 vere
999 518 1091 553 operis
1105 515 1260 543 administri
1276 521 1383 544 sumus,
1404 520 1457 546 quo
1470 511 1609 538 terrestria
1627 509 1709 536 ruite-

919 565 1007 592 stibus
1024 564 1183 595 miscentur,
1197 567 1224 588 et
1240 561 1332 588 odium
1351 559 1477 589 solvitur,
1492 562 1518 584 et
1535 557 1606 583 Deus
1617 555 1708 582 ltomi-

919 611 1002 638 nibus
1023 609 1226 640 reconciliatur,
1243 611 1271 634 οι
1293 606 1383 633 omnis
1407 612 1486 632 error
1521 602 1711 636 conhingitur,

921 661 949 684 et
974 659 1096 690 potestas
1126 654 1278 681 darmounm
1304 651 1468 682 eradicatur,
1488 648 1666 682 disperditur,
1685 651 1713 673 et

924 701 1049 728 homines
1063 707 1125 727 cum
1139 698 1242 734 angelis
1256 696 1462 727 consociantur,
1479 693 1561 721 etiilii
1572 692 1635 719 lacti
1649 695 1714 719 sunt

925 747 973 775 Dei
992 752 1019 773 et
1032 746 1076 773 dei
1103 745 1153 780 ipsi
1170 752 1220 779 per
1242 743 1376 778 gratiam;
1396 741 1486 776 oprris
1509 740 1569 774 ejus
1592 739 1714 773 opiﬁces,

924 793 1052 825 ministri,
1065 791 1213 823 cecnnonti,
1231 790 1301 817 sacri
1318 789 1452 815 antistites
1475 786 1630 814 invenimur
1647 784 1718 811 inef-

85 832 312 886 ιρέρομενξὼς
328 847 404 874 θείαν
482 832 530 871 καὶ
549 843 682 877 μεγίστην
695 861 702 874 ,
731 841 803 867 κατὰ
824 840 873 874 τὴν

941 839 1053 866 thiliter.
1078 838 1189 865 Sacrum
1207 841 1234 863 et.
1253 836 1402 862 maximum
1421 834 1598 867 divinumque
1620 836 1715 866 typum

975 884 980 886 _
1187 882 1192 886 .
1385 879 1390 886 ι
1467 878 1484 886 τ’
1524 878 1542 886 ι.
1553 881 1569 886 ν.
1579 884 1587 886 Α
1656 875 1703 886 ﬂ“:

86 885 170 930 ἀξίαν
194 895 310 924 ἕκαστος
336 891 487 924 ἀναλόγως.
514 889 680 918 Ἐπίσκοπος
705 887 760 920 γὰρ
791 885 874 911 εἰκὼν

93 942 197 978 Ἰησοῦ·
218 942 265 968 καὶ
283 940 340 976 μετ’
360 938 442 965 αὐτὸν
461 935 648 972 πρεσὸὑτερος
671 933 744 961 κατὰ
758 933 787 959 τὸ
801 932 876 958 θύειν

87 989 121 1016 τά
138 986 279 1023 μυστικά·
294 985 351 1016 τοῖς
365 984 387 1010 δ’
412 983 503 1013 ἄλλοις
530 981 700 1016 χαρίσμασιν
726 978 876 1023 ἐπίσκοπος

91 1019 144 1070 μὲν
155 1032 238 1060 είκὼν
255 1032 302 1058 τοῦ
328 1030 383 1057 τῶν
407 1029 504 1063 φώτων
529 1026 649 1061 Πατρὸς,
672 1024 738 1060 παρ’
757 1019 779 1057 ᾧ
804 1023 879 1049 πᾶσα

90 1068 164 1112 δόσις
177 1078 279 1114 ἀγαθὴ,
290 1077 339 1103 καὶ
348 1077 402 1103 πᾶν
411 1073 647 1110 δὼρηματέλειον,
656 1071 704 1098 καὶ
715 1068 878 1104 φωτιστικδς

91 1128 136 1154 διὰ
153 1126 250 1153 ταῦτα.
269 1122 459 1158 Πρεσϐύτερος
473 1121 513 1154 δὲ,
530 1120 585 1147 τῶν
597 1119 758 1154 ὑπερτέρων
776 1117 880 1150 τάξεων

91 1173 178 1200 τύπον
194 1171 274 1207 ἔχων,
289 1169 336 1197 καὶ
348 1169 474 1203 δεύτερον
494 1167 562 1201 φῶς,
578 1166 628 1192 καὶ
647 1162 822 1199 μεταδοτικὸς
834 1161 882 1188 καὶ

94 1218 206 1254 ἐνεργὸς
221 1216 390 1252 μυστηρίων,
406 1214 453 1240 καὶ
467 1214 511 1240 διὰ
534 1212 614 1239 τοῦτο
639 1210 804 1239 τιλεστικὸς.
817 1207 882 1234 Διάα

95 1273 174 1295 κονος
187 1263 217 1290 δὲ
231 1262 309 1298 τρίτη
325 1261 412 1294 τάξις,
423 1259 548 1293 ἀγγέλων
563 1256 736 1291 τύποψέχων
753 1255 882 1289 Λειτουρ-

96 1308 196 1343 γικῶν,
224 1306 464 1338 άποστελλομένων
492 1303 536 1330 ἀεὶ
569 1302 614 1329 διὰ
642 1301 705 1333 τοὺς
737 1299 885 1335 μέλλοντας

97 1354 279 1389 κληρονομεῖν
306 1350 463 1385 σωτηρίαν·
483 1349 532 1376 καὶ
548 1349 592 1375 διὰ
617 1347 697 1374 τοῦτο
720 1347 768 1373 καὶ
785 1345 885 1380 κήρυξ,

99 1402 147 1428 καὶ
162 1400 328 1433 ὲτοιμάζων,
353 1399 399 1424 καὶ
415 1395 603 1431 λειτουργικὺς
628 1390 716 1426 οὗτος.
738 1394 841 1424 Πάντες
858 1391 886 1418 δὲ

100 1448 161 1477 ἑνὸς
188 1445 255 1471 Θεοῦ
287 1443 479 1478 παραστάται,
504 1441 562 1472 ἑνὸς
572 1440 703 1475 ’θύματος
719 1438 822 1465 Θεαταί·
839 1437 887 1464 τοῦ

101 1492 185 1520 αὐτοῦ
202 1491 230 1518 δὲ
247 1491 294 1517 καὶ
304 1489 428 1516 κοινωνοὶ
438 1507 446 1521 ,
460 1489 508 1514 καὶ
524 1487 676 1521 σύσσωμοι,
692 1485 741 1512 καὶ
756 1483 887 1516 σύνδοξοι,
902 1500 924 1530 c

102 1539 152 1565 καὶ
169 1538 260 1568 ἄλλοις
276 1535 449 1571 μεταδοτικοὶ
463 1533 555 1568 χάριτι
573 1532 646 1566 θείᾳ,
667 1532 691 1558 εί
712 1531 759 1557 καὶ
773 1530 890 1564 πρώτως

102 1584 184 1611 τοῦτο
205 1582 311 1616 γίνεται
332 1580 380 1607 καὶ
406 1579 553 1614 δευτέρως,
570 1578 642 1605 κατὰ
673 1577 723 1610 τὴν
737 1575 815 1609 τάξιν
841 1575 891 1610 τὴν

106 1631 215 1665 ἑκάστῳ
229 1629 332 1657 ἀνωθεν
347 1627 502 1662 διδομένην.

145 1720 261 1753 Ἰδωμεν
274 1718 366 1744 τοίνυν
381 1716 427 1744 τὸν
452 1714 565 1750 Ἰησοῦν.
579 1714 645 1746 Θεὸς
665 1713 781 1748 ἀληθὴς,
799 1713 831 1739 ὲκ
845 1713 893 1740 τοῦ

105 1767 184 1797 δντος
200 1764 248 1796 ὢν,
265 1763 384 1797 ἀνάρχου
399 1760 456 1787 Νοΰ
467 1760 564 1793 Λόγος·
581 1760 686 1794 Πατρδς
699 1759 812 1793 ὑψίστου
831 1758 895 1790 Υίὸς

109 1810 267 1848 μονογενὴς,
288 1807 336 1835 τοῦ
363 1807 393 1839 ἑξ
415 1803 446 1833 οὗ
475 1806 509 1833 τὰ
532 1805 631 1837 πάντα,
647 1805 743 1839 Σοφία,
762 1805 894 1839 Δύναμις,

109 1858 158 1884 καὶ
173 1856 272 1890 Λόγος,
286 1853 319 1881 δι’
332 1852 362 1880 οὗ
379 1853 414 1879 τὰ
437 1852 536 1879 πάντα..
563 1850 766 1885 Παντοκράτωρ
782 1849 896 1885 Κύριος,

110 1902 203 1934 ᾶῢλος,
218 1901 335 1939 ἀόρατος
350 1917 357 1930 ,
375 1897 526 1932 ἄφραστος,
548 1895 738 1930 ἀπερίληπτος
750 1917 759 1930 ,
790 1894 897 1922 ἀκατά-

109 1950 226 1980 ληπτος,
250 1945 470 1980 ὰπερίγραπτος,
485 1943 602 1979 ἀναφὴς,
614 1941 760 1972 ἀθάνατος.
775 1942 858 1972 Τέλος
872 1941 898 1968 τί

111 1993 250 2028 Effusis;
269 1991 442 2026 Ἄνθρωπος,
454 1989 563 2025 ὁρατὸς,
590 1987 790 2023 περιγραπτδς,
810 1987 900 2021 παθη-

112 2039 170 2070 τδς,
180 2038 287 2073 θνητὸς,
303 2037 421 2071 πτωχὸς,
433 2036 540 2067 ἄπολις,
556 2035 662 2069 ἄτιμος,
679 2033 807 2068 πραθεὶς,
818 2033 902 2059 κατά-

112 2091 217 2119 κριτος,
231 2082 383 2118 ὐὸρισθεὶς,
391 2081 565 2115 ἑμπαιχθεὶς,
573 2079 757 2114 βασανισθεὶς,
780 2087 902 2113 σταυρω-

114 2127 286 2160 θείς.Ταῦτα
300 2126 334 2153 δι’
351 2127 435 2161 ἡμᾶς.
449 2125 481 2152 Τί
499 2125 652 2159 θειότερον;
663 2125 688 2150 τί
710 2124 810 2159 δεῖγμα
833 2124 903 2157 ἀγα-

114 2174 229 2208 υότητος
256 2172 320 2199 ἄλλο
343 2172 471 2207 μέγιστον
493 2179 501 2205 ;
533 2170 666 2197 Ἀὃύσσου
702 2170 904 2204 εὐσπλαγχνίας

114 2219 143 2245 τί
158 2218 370 2253 γνωριμώτερον
385 2224 393 2250 ;
408 2216 602 2248 ταπεινώσεως
616 2215 686 2250 Θεοῦ
700 2216 725 2242 τί
751 2216 908 2251 φανερώτε-

118 2271 184 2300 ρον;
206 2264 235 2290 '0
260 2263 373 2297 κτίστης
400 2261 504 2296 κτίσμα
520 2281 528 2295 ,
555 2262 570 2288 ὸ
594 2261 710 2297 ποιητὴς
725 2262 843 2296 ποίημα,
862 2261 910 2288 καὶ

117 2311 232 2344 πάσχων
256 2309 327 2344 ὑπὲρ
352 2308 511 2343 κτισμάτων
528 2308 580 2334 ὑπὸ
608 2307 661 2334 τῶν
688 2307 848 2342 κτισμάτων
862 2307 911 2334 αὐ-

116 2356 176 2389 τοῦ,
195 2355 247 2382 ὑπὸ
257 2355 311 2383 τῶν
324 2354 425 2382 δούλων
447 2354 517 2389 ὑπὲρ
538 2354 628 2381 αὐτῶν
642 2355 656 2381 ὁ
669 2354 820 2388 Δεσπότης,
840 2353 911 2388 ὑπὲρ

118 2401 242 2429 ἁπίπτων
256 2401 388 2436 ἐχθίστων
412 2400 610 2435 γεγενημέμων
636 2399 723 2434 αὐτῷ,
745 2400 837 2427 ἑκοντὶ
861 2408 912 2435 μα-

120 2447 306 2482 κρυνθέντων,
325 2447 364 2482 τῷ
387 2446 567 2482 ἑχθρῷαὑτοῡ
588 2446 791 2473 δουλευσάντων
805 2466 813 2479 ,
831 2446 913 2473 αὑτὸν

120 2493 203 2528 375
221 2493 394 2528 ὴγνοηκότων
402 2493 448 2520 τὸν
465 2493 587 2528 κτίστην,
601 2495 639 2528 μὴ
658 2493 858 2528 μεταγνόντων,
875 2492 913 2528 μὴ

122 2539 314 2575 ζητησάντων,
333 2539 372 2574 μὴ
390 2539 635 2573 προσδραμόντων,
654 2539 861 2573 ἁποπηδώντων
883 2539 912 2564 δὲ

125 2584 237 2619 μᾶλλον,
254 2583 418 2615 διωκόντων,
439 2584 674 2619 βλασφημούντων
690 2585 739 2611 καὶ
765 2584 912 2611 θανατοῦν-

123 2637 189 2662 των,
207 2629 305 2656 ἑαυτὸν
330 2631 344 2657 ὁ
363 2630 466 2664 ἀγαθὸς
493 2630 621 2663 δέδωκεν,
652 2630 750 2663 ἔπαθε,
765 2630 909 2664 τέθνηκεν,

125 2675 238 2712 ἀνέστη,
259 2677 306 2703 καὶ
325 2677 398 2712 ἡμᾶς
415 2678 589 2713 συνήγειρεν,
606 2677 758 2712 ἀνελήφθη,
772 2678 820 2704 καὶ
837 2678 911 2713 ἡμᾶς

127 2721 303 2755 συνανύψωσε
314 2730 321 2738 ”
338 2723 384 2750 καὶ
399 2723 476 2755 τέλος
490 2723 597 2759 τίθητιν
608 2723 705 2750 ἑαυτὸν
720 2723 763 2750 ἀεὶ
779 2722 812 2750 δι’
825 2724 911 2759 ἡμᾶς,

163 2810 175 2827 ⁸
188 2805 246 2838 Ῑιιο.
259 2816 279 2844 ι,
294 2810 338 2838 t7.

926 884 1045 919 gerimus
1074 882 1265 916 unu5quisque
1288 879 1439 907 secundum
1458 878 1629 912 dignitatem.
1656 875 1719 910 Epi-

927 937 1025 963 sropus
1047 929 1121 955 enim
1141 928 1230 962 imago
1244 932 1288 954 est
1303 926 1365 958 Dei,
1383 930 1407 951 et
1427 932 1489 959 post
1507 924 1596 958 ipsum
1609 922 1720 957 presby-

929 980 979 1008 ter,
993 975 1056 1010 quia
1073 974 1207 1002 sacriﬁcia
1221 973 1314 1000 otfert.
1336 972 1404 999 Aliis
1415 979 1479 997 vero
1491 969 1716 1001 charismatibus,

929 1021 1074 1056 episcopus
1090 1020 1179 1055 imago
1191 1024 1232 1046 est
1247 1018 1337 1045 Patris
1355 1017 1489 1044 luminum
1511 1025 1519 1041 ι
1539 1023 1554 1042 a
1571 1022 1626 1050 quo
1639 1021 1722 1041 omne

930 1068 1021 1096 datum
1037 1066 1170 1102 optintttm
1195 1071 1222 1093 et
1245 1073 1327 1092 omne
1344 1064 1446 1091 donum
1463 1062 1614 1097 perfectum
1629 1060 1651 1092 '.
1667 1070 1676 1087 ι
1695 1065 1724 1087 et

932 1118 1045 1149 propter
1059 1113 1111 1140 hoc
1126 1112 1246 1141 fidelium
1263 1115 1304 1137 est
1321 1110 1501 1137 illuminator.
1517 1108 1659 1143 Presbyter
1675 1114 1725 1133 au-

932 1162 986 1185 tem
1002 1157 1128 1184 ordinum
1142 1156 1330 1183 sublimiorum
1352 1159 1445 1190 typum
1464 1154 1556 1186 habet,
1586 1157 1613 1179 et
1631 1152 1724 1179 lutnen

934 1203 1061 1234 alterum,
1077 1206 1105 1228 et
1138 1200 1296 1227 distributor
1321 1200 1455 1227 donorum
1480 1203 1507 1225 et
1534 1198 1725 1233 mysteriorum

935 1254 1076 1285 operator,
1096 1252 1124 1276 et
1146 1252 1257 1282 propter
1275 1247 1326 1274 hoc
1341 1246 1596 1282 perfectciuitiatus
1616 1245 1725 1272 dicitur.

937 1296 1074 1329 Diaconus
1099 1298 1190 1321 autem
1207 1297 1248 1320 est
1272 1293 1299 1319 in
1326 1293 1408 1319 tertio
1428 1291 1533 1323 ordine,
1559 1290 1726 1324 Angelorum

937 1343 983 1377 qui
1004 1341 1060 1369 Deo
1073 1340 1231 1368 ministrant
1257 1343 1349 1374 typum
1374 1345 1482 1372 gerens,
1507 1343 1575 1372 quos
1595 1340 1729 1371 perpetuo

938 1389 1023 1416 mitlit
1038 1388 1071 1415 ad
1086 1395 1136 1415 eos
1152 1387 1198 1422 qui
1221 1385 1315 1413 volunt
1340 1384 1501 1411 ltzereditare
1529 1383 1646 1411 salutem
1663 1391 1671 1415 ς
1702 1386 1731 1409 et.

939 1440 1051 1470 propter
1067 1434 1119 1462 hoc
1133 1440 1233 1468 prmo,
1248 1436 1340 1460 custos
1362 1436 1389 1458 et
1413 1430 1540 1457 minister
1557 1434 1607 1457 est.
1627 1429 1730 1456 Omnes

940 1487 1003 1508 sunt
1025 1480 1077 1507 Deo
1095 1479 1253 1506 assistentes
1269 1498 1276 1510 ,
1304 1477 1385 1504 unius
1410 1476 1528 1503 victima:
1549 1479 1730 1510 spectatores,

944 1527 1022 1562 cujus
1037 1531 1100 1553 sunt
1113 1525 1362 1554 communicantes,
1381 1522 1602 1556 concorporales,
1620 1525 1648 1548 et
1662 1529 1731 1548 con-

946 1572 1101 1609 gloriﬁcati,
1123 1576 1151 1598 et
1166 1571 1228 1597 aliis
1245 1570 1438 1597 distributores
1456 1569 1543 1604 gratia
1558 1567 1617 1600 Dei,
1635 1575 1735 1602 quant-

946 1619 986 1646 \'is
1003 1619 1054 1645 ltoc
1070 1618 1157 1652 primo
1169 1624 1197 1644 et
1210 1616 1334 1643 secundo
1348 1616 1434 1651 gradu
1444 1615 1500 1648 ﬁat,
1515 1615 1592 1651 juxta
1607 1615 1729 1650 regulam

947 1664 1092 1698 unicuique
1110 1663 1200 1690 datam
1216 1663 1338 1691 caelitus.

983 1709 1195 1736 Consideremns
1211 1716 1277 1744 ergo
1294 1708 1397 1735 .lesut’n.
1426 1709 1496 1735 Deus
1509 1713 1550 1736 est
1574 1715 1663 1741 verus,
1680 1707 1738 1743 ipse

949 1760 991 1782 est
1004 1762 1036 1782 ex
1053 1762 1086 1782 eo
1103 1754 1149 1789 qui
1166 1760 1220 1786 est.
1246 1754 1431 1790 Intelligentize
1449 1755 1576 1782 increatze
1597 1754 1714 1781 Verbum
1731 1774 1738 1786 ,

950 1803 1036 1830 Patris
1051 1802 1174 1829 altissimi
1192 1800 1287 1832 Filius,
1306 1801 1366 1836 ejus
1379 1809 1394 1828 a
1419 1808 1474 1835 quo
1489 1806 1554 1828 sunt
1569 1801 1671 1834 omnia,
1690 1800 1740 1827 Sa-

951 1850 1066 1884 pientia,
1084 1848 1178 1875 Virtus
1197 1854 1225 1876 et
1240 1849 1379 1881 Vcrhum;
1401 1855 1450 1882 per
1463 1855 1544 1882 quem
1561 1848 1662 1878 omnia,
1680 1855 1740 1873 ont-

952 1895 1079 1928 nipotens
1098 1894 1238 1927 Dominus,
1256 1893 1456 1926 immaterialis,
1472 1894 1628 1925 invisibilis,
1645 1893 1742 1919 inetia-

953 1943 1026 1974 bilis,
1045 1941 1339 1976 incomprehensibilis.
1355 1940 1519 1973 immensus,
1536 1940 1612 1967 incin
1624 1940 1740 1967 umscri-

954 1994 1026 2024 plus,
1041 1987 1236 2022 impalpabilis,
1253 1987 1431 2018 immortalis;
1457 1987 1522 2021 quid
1543 1985 1661 2021 denique
1692 1994 1743 2021 pro

955 2036 1036 2063 nobis
1053 2033 1142 2061 factus
1160 2034 1223 2061 est?
1249 2033 1347 2066 Homo,
1365 2033 1489 2064 visibilis,
1504 2033 1740 2066 circumscriptus,

956 2080 1105 2116 passibilis,
1134 2079 1266 2113 mortalis,
1291 2086 1405 2113 pauper,
1431 2078 1602 2113 peregrinus,
1621 2083 1744 2105 content-

956 2126 1071 2162 ptibilis,
1085 2125 1224 2157 venditus,
1239 2125 1450 2155 condemnatus,
1465 2125 1617 2159 injuriatus,
1638 2124 1744 2158 illusus,

919 2180 945 2211 ι)
959 2173 1119 2208 ﬂagellatus,
1131 2171 1290 2200 crucifixus.
1305 2171 1367 2198 lla‘c
1380 2179 1428 2206 pro
1439 2172 1517 2198 nobis
1534 2174 1655 2206 pertulit.
1674 2172 1746 2204 Quid

959 2218 1169 2253 tliviuitts‘!,quid
1180 2219 1269 2252 aptius
1280 2219 1392 2253 majoris
1405 2219 1535 2246 bonita:is
1552 2219 1749 2246 testimonium?

960 2264 1032 2297 Quid
1047 2265 1133 2300 magis
1149 2264 1279 2292 conferre
1297 2268 1386 2299 potest
1403 2265 1436 2291 ad
1460 2265 1638 2291 revolandum
1664 2266 1746 2299 abys-

961 2318 1020 2338 sum
1038 2310 1249 2338 misericordiae?
1269 2312 1303 2337 ad
1318 2310 1547 2337 manifestandatn
1570 2309 1750 2337 humilitatem

969 2356 1160 2384 Dei?Creator
1185 2355 1272 2384 factus
1286 2356 1423 2386 creatura,
1441 2356 1532 2390 opifex
1557 2355 1646 2382 factus
1669 2363 1751 2390 opus,

964 2408 993 2431 et
1008 2411 1057 2438 pro
1071 2402 1205 2430 creaturis
1230 2410 1245 2429 a
1270 2402 1327 2428 suis
1343 2408 1438 2435 passus
1457 2401 1572 2435 plurima
1589 2401 1724 2428 creaturis
1743 2409 1751 2427 :

963 2458 1011 2486 pro
1029 2449 1116 2477 servis
1131 2448 1164 2476 ab
1179 2449 1244 2483 ipsis
1277 2448 1364 2474 servis
1391 2446 1526 2474 Dominus
1551 2448 1691 2482 abjectus;
1706 2455 1754 2480 pro

963 2496 1120 2524 inlidelibus
1137 2495 1187 2529 ipsi
1212 2494 1291 2521 factis
1307 2493 1513 2526 inleusissimis,
1532 2502 1546 2518 ιι
1561 2493 1640 2526 longe
1659 2497 1754 2526 sponte

963 2541 1167 2572 recedentibus,
1188 2539 1301 2566 inimico
1316 2540 1378 2574 ejus
1398 2539 1612 2573 adversarioque
1631 2539 1754 2566 servien-

962 2589 1046 2619 tibus;
1060 2588 1146 2621 ipsum
1161 2587 1317 2614 nolentibus
1327 2592 1476 2621 agnoscere
1492 2584 1648 2612 Creatorem
1661 2593 1754 2618 suum,

965 2633 1209 2667 imptenitentibus,
1226 2632 1300 2659 illum
1316 2638 1439 2666 qumrere
1462 2630 1626 2660 nolentibus,
1643 2637 1694 2657 nec
1719 2629 1755 2656 illi

966 2679 1189 2711 accurrentibus,
1206 2677 1252 2705 sed
1271 2677 1361 2712 potius
1382 2676 1564 2711 fugientibus:
1586 2674 1757 2710 ejicicntibus

965 2732 1042 2756 eum,
1055 2723 1308 2758 blasphemantibus
1317 2727 1344 2750 et
1354 2721 1554 2750 lrucidantibus
1563 2722 1682 2756 seipsum
1698 2720 1756 2754 ipse
