1918 3042
187 81 239 112 967

597 84 792 114 SYMEONIS
815 84 1203 115 THESSALONIUENSIS
1225 85 1404 116 ARCIIIEP.

1769 85 1818 118 963

187 140 279 167 Battus
293 140 417 171 tradidit,
432 147 528 175 passus
542 146 595 173 est,
617 146 740 168 mortuus
755 146 808 173 est,
823 141 968 168 resurrexit

1029 143 1075 168 καὶ
1093 142 1238 176 συγκιρηᾷ,
1255 142 1301 168 καὶ
1319 142 1499 176 συμμίγνυσι,
1516 142 1564 168 καὶ
1585 142 1654 177 μέλη
1670 143 1745 168 ποιεῖ
1758 143 1818 169 ἑαυι

185 192 213 214 ct
228 195 278 214 nos
292 194 383 214 secum
401 187 529 214 excitavit
540 195 555 214 e
569 195 677 220 somno;
696 187 820 214 ascendit
833 188 860 214 in
874 187 972 214 corium

186 238 214 260 et.
231 240 281 260 nos
298 240 390 260 secum
411 233 540 265 elevavit,
555 239 582 260 et
595 234 715 268 denique
734 241 765 261 se
779 233 867 268 ipsum
883 234 974 268 posuit

185 284 296 314 propter
312 287 362 306 nos
389 279 416 306 in
439 281 588 307 aeternum!
605 279 661 307 Nos
676 279 728 306 sibi
750 280 845 307 miscet
862 284 890 306 et
906 286 973 306 co"-

184 330 329 360 c0rporat:
347 330 373 353 ct
391 327 543 353 membrum
560 326 602 353 sui
627 327 712 361 ipsius
736 326 801 353 facit
822 331 849 353 et
863 333 973 352 manere

184 379 291 406 semper
309 372 335 398 in
347 373 426 400 nobis
453 378 575 408 exoptat,
594 378 621 400 et
637 373 688 400 hoc.
704 373 781 408 jubet
797 378 824 400 et
841 373 913 399 omni
927 379 973 398 co-

183 419 292 446 namine
308 419 406 454 satagit
430 424 459 446 ut
475 419 531 447 liat.
560 419 630 452 Quid
655 427 703 454 pro
729 420 772 448 his
798 418 972 446 referamus?

183 465 255 496 Quot
276 469 303 491 et
325 470 441 498 quantas
465 469 568 492 mortes
582 472 633 500 pro
651 465 713 500 ipso
729 465 896 492 deberemus
912 463 972 491 suf-

182 511 255 538 ferre
271 511 294 538 si
319 512 484 547 contigerit?
507 513 555 539 sed
574 518 687 545 semper
704 511 738 538 de
759 511 816 538 istis
834 511 971 538 debitores

183 557 295 590 erimus,
317 564 367 584 nec
382 565 501 592 unquam
517 557 610 585 debita
626 557 778 592 rependere
790 557 923 584 valentes.
935 556 972 584 De

181 608 280 630 cancro
294 603 402 636 quando
420 604 452 630 ad
475 611 536 630 eum
559 603 727 636 accedimus,
743 611 827 638 opera
844 608 872 631 et
889 603 971 630 verba

181 649 344 676 humilitatis
370 650 506 684 loquimur
528 655 555 678 et
578 658 762 683 exercemus;
790 649 970 677 humiliemur

180 703 244 729 ergo
258 695 286 722 in
305 701 453 731 conspectu
473 696 531 729 ejus
544 695 590 731 qui
608 703 657 723 nos
673 696 798 723 humiliat
815 700 843 722 et
859 696 904 730 qui
920 703 971 731 pro

181 741 260 768 nobis
281 741 440 768 ltumiliatus
459 746 511 769 est.
539 741 791 769 Contremiscamus
818 742 970 776 cogitantes

180 794 241 813 eum
264 786 307 813 cui
323 792 445 814 astamus
468 796 474 814 :
499 787 606 814 medius
636 787 715 814 nobis
737 788 827 815 adstat
842 787 969 815 Christus

1027 187 1084 217 τοῦ.
1111 188 1158 213 καὶ
1180 187 1272 221 μένειν
1290 187 1451 222 ἀχωρίστίος
1468 187 1497 212 ἐν
1520 187 1589 225 ἡμῖν
1616 187 1757 221 βούλεται,
1775 189 1820 213 καὶ

1027 233 1132 267 ἐφίεται
1148 233 1256 266 τούτου,
1277 234 1325 260 καὶ
1339 233 1449 259 σπεύδει
1467 233 1536 268 πρὸς
1549 232 1639 260 τοῦτο.
1660 233 1694 259 Τί
1710 233 1820 266 προσοί-

1028 286 1110 312 σομεν
1126 278 1188 304 ἀντὶ
1215 279 1338 311 τούτων.;
1356 279 1447 305 πόσων
1473 279 1608 310 θανάτων,
1622 279 1646 304 εί
1672 278 1819 312 ἐνεχώρεε

1027 325 1074 350 καὶ
1107 325 1272 359 ἀμετρήτων
1301 325 1441 358 ὀφειλέται
1459 324 1546 360 τούτῳ
1562 325 1754 359 τυγχάνομεν;
1773 325 1819 350 καὶ

1026 370 1111 397 ταῦτα
1128 371 1268 406 χρεῶσται
1282 370 1430 400 διαπαντὸς
1446 371 1532 401 ὄντες,
1548 371 1597 396 καὶ
1623 369 1685 396 οὐδὲ
1702 370 1738 396 τὰ
1752 370 1819 404 χρέα

1026 417 1155 442 ἀποτίσαι
1170 416 1326 451 δυνάμενοι.
1343 415 1444 443 Λοιπὸν
1462 416 1543 441 ὁπότε
1557 415 1610 442 κᾶν
1622 414 1820 450 παριστὰμεθα

1025 462 1122 498 τούτῳ,
1153 463 1202 489 καὶ
1224 462 1258 489 τὰ
1285 462 1335 496 τῆς
1363 461 1553 501 ταπεινώσεως
1585 462 1654 497 ἔργα
1678 462 1729 488 καὶ
1758 463 1819 493 τοὺς

1025 509 1120 543 λόγους
1137 509 1254 543 λέγομέν
1280 517 1309 535 τε
1335 508 1382 535 καὶ
1402 509 1572 544 πράττομεν,
1601 508 1820 542 ταπεινωθῶμεν

1023 554 1143 588 δρῶντες
1176 553 1222 580 τὸν
1253 553 1457 580 ταπεινωθέντα
1494 554 1543 580 καὶ
1581 553 1817 587 ταπεινούμενον·

1024 599 1167 634 φρίξωμεν
1183 599 1339 630 ἐννοοῦντες
1354 599 1447 630 αὑτὸν.
1462 595 1701 634 ᾦπαριστάμεθα.
1725 599 1821 630 Μέσοῖ

1023 644 1104 679 ἡμῶν
1133 645 1276 680 πρόκειται
1296 645 1344 671 καὶ
1368 645 1491 680 ἀοράτως
1507 645 1626 680 Χριστὸς
1641 646 1689 671 καὶ
1708 645 1819 680 ὁρατῶς

1022 692 1060 726 τῷ
1075 691 1139 726 θείῳ
1158 692 1233 727 ἄρτῳ
1248 692 1296 718 τοῦ
1314 691 1453 727 σώματος,
1467 693 1514 719 καὶ
1528 692 1567 727 τῷ
1584 693 1675 727 σεπτῷ
1690 692 1820 727 ποτηρίῳ

1022 738 1069 765 τοῦ
1085 738 1214 773 αἵματος,
1233 739 1268 765 τὰ
1293 739 1367 773 πάθη
1381 739 1490 769 δεικνὺς
1506 737 1615 771 ἑαυτοῦ,
1629 739 1679 773 τὴν
1695 737 1819 773 σφαγὴν,

1021 785 1085 816 τοὺς
1098 785 1192 820 ἥλους,
1203 785 1234 812 τὺ
1249 782 1329 820 αἷμα,
1344 785 1389 812 τὸν
1404 785 1519 812 θάνατον
1534 793 1541 800 ·
1561 785 1656 820 τρόμῳ
1670 785 1820 819 παριστῶ-

181 833 328 860 invisibilis
346 833 373 859 in
390 840 430 865 se,
454 833 502 860 sed
521 833 637 860 visibilis
652 841 703 868 per
727 839 852 861 sanctum
869 841 966 868 panem

1023 841 1072 866 μεν
1089 819 1247 867 ὲχγίζοντες
1272 819 1358 866 αὐτῷ,
1376 832 1423 858 καίΙ
1439 831 1551 866 ἁμέσως
1571 819 1668 857 τοῦτον
1684 831 1817 865 ὁρῶντες,

180 879 314 913 corporis,
331 886 379 913 per
398 879 586 906 venerandum
602 878 715 906 calicem
732 879 873 913 sanguinis
884 901 892 913 ,
909 880 968 914 qui-

180 925 232 951 bus
244 928 272 951 et
287 924 429 959 passiones
441 925 500 959 ejus
516 929 750 959 repraesentantur
768 933 774 951 :
792 925 968 957 sacriﬁcium,

180 971 263 1003 clavi,
283 970 394 1006 sanguis
411 976 440 998 et.
461 978 547 998 mors.
571 969 736 999 Trementes
754 971 919 998 accedamus
942 977 970 999 et

182 1022 302 1044 astemus
321 1017 345 1044 ei
360 1025 367 1049 ;
386 1016 525 1044 cernimus
541 1017 613 1044 enim
631 1024 694 1044 eum
715 1017 817 1051 absque
834 1017 912 1050 velo;
929 1017 971 1045 di—

181 1063 301 1090 vidimus
321 1067 348 1089 et
363 1062 559 1090 manducamus
573 1083 580 1095 ,
596 1068 623 1089 et
638 1063 672 1090 de
690 1063 826 1098 sanguine
850 1064 970 1091 bibimus

181 1113 209 1135 et
232 1108 319 1143 gratia
345 1107 391 1135 Dei
419 1107 499 1135 nobis
522 1108 654 1135 attributa
679 1108 741 1135 aliis
766 1109 968 1137 distribuimus.

181 1151 260 1180 Tunc
276 1153 409 1179 mirantur
430 1152 585 1186 cherubim,
602 1157 713 1188 stupent
737 1153 875 1188 seraphim
889 1174 896 1186 ,
917 1159 971 1181 tre-

179 1203 259 1225 munt
282 1205 377 1225 omnes
401 1199 585 1226 sanctissimae
601 1199 726 1231 virtutes.
746 1199 921 1235 considerant
938 1209 970 1228 ex

179 1244 245 1277 alto,
254 1252 315 1271 cum
326 1245 422 1271 timore
430 1245 572 1277 assistunt,
581 1250 608 1272 et
616 1251 765 1280 agnoscunt
775 1251 899 1273 naturam
908 1253 971 1281 pro-

180 1291 266 1325 priam
286 1297 313 1317 et
324 1291 442 1318 debilem
459 1295 600 1318 creaturae.
611 1290 644 1317 Et
662 1295 804 1325 stupentes
819 1292 971 1327 gloriﬁcant

180 1337 340 1363 immensam
356 1337 401 1363 Dei
417 1336 578 1363 bonitatem.
593 1336 741 1363 Nobiscum
754 1341 827 1364 stant
841 1344 848 1363 :
865 1337 970 1364 circum

179 1382 265 1408 altare
283 1381 386 1416 pressis
409 1381 563 1416 agminibus
579 1381 697 1408 humiles
719 1385 746 1409 et
770 1389 833 1409 cum
849 1387 971 1409 tremore

180 1433 304 1460 manent,
318 1428 512 1463 praestolamur
540 1427 664 1455 zelantes
689 1428 825 1463 inspicere
845 1434 969 1456 sanctum

179 1473 350 1509 mysterium,
379 1481 431 1500 non
459 1475 532 1499 enim
551 1473 638 1500 otiose
662 1481 789 1509 vaneque
805 1475 941 1503 assistunt
961 1484 967 1502 :

179 1520 255 1546 illinc
269 1520 385 1554 propriae
399 1520 534 1547 claritatis
547 1520 686 1555 accipiunt
701 1522 806 1548 radium
826 1525 854 1549 et
872 1522 967 1557 splen-

179 1567 274 1594 dorem
292 1575 298 1593 :
317 1566 436 1594 indidem
454 1567 556 1601 pariter
578 1567 687 1595 luminis
713 1569 808 1595 eor'um
836 1569 945 1596 ﬂamma
957 1589 965 1602 ,

179 1613 303 1647 ignisque
317 1621 411 1640 e0rum
425 1613 515 1646 ardor,
527 1621 621 1641 eorum
635 1614 699 1645 vita,
711 1615 858 1650 sapientia,
870 1623 967 1643 conse-

180 1661 277 1687 cratio.
294 1660 322 1686 Si
346 1667 411 1695 ergo
428 1661 465 1688 ita
482 1662 618 1688 assistunt
637 1661 681 1688 isti
698 1662 853 1689 nescientes
867 1669 967 1697 corpo-

180 1714 253 1733 ream
274 1707 448 1740 densitatem,
470 1707 612 1743 ignarique
624 1709 714 1735 omnis
733 1709 882 1743 passionis,
899 1717 968 1744 quo-

179 1752 261 1779 modo
277 1752 406 1779 assistere
420 1753 553 1780 debemus
568 1761 619 1781 nos
634 1754 680 1788 qui
695 1761 789 1781 sumus
804 1759 887 1788 terra,
902 1756 967 1791 pul-

179 1800 230 1831 vis,
247 1798 373 1825 vermes?
387 1798 530 1832 Quomodo
544 1800 729 1835 nosmetipsos
744 1801 915 1830 servabimus
933 1803 968 1830 ad

180 1850 284 1872 tantum
299 1844 347 1872 Dei
361 1844 449 1880 opus?
465 1844 626 1881 Satagentes
638 1846 776 1874 custodire
786 1855 837 1876 nos
853 1847 880 1874 in
893 1849 968 1876 onmi

179 1892 276 1919 timore
289 1897 316 1919 et
329 1891 355 1918 in
371 1892 446 1919 omni
463 1891 600 1920 desiderio
616 1893 642 1920 in
660 1893 817 1922 accedendo
835 1900 863 1922 et
878 1895 905 1921 in
923 1895 968 1923 tali

179 1940 288 1972 negotio
319 1939 514 1966 ministrando.
536 1939 604 1966 Cum
631 1944 724 1967 autem
759 1941 826 1969 illud
861 1945 967 1969 tantum

179 1985 317 2020 negotium
337 1992 415 2012 amor
430 1985 505 2012 solus
522 1985 679 2019 perfecerit,
702 1995 713 2013 ‹
733 1986 880 2022 Diligemus
904 1996 968 2016 eum

179 2031 225 2066 qui
236 2031 309 2066 prior
317 2031 412 2059 dilexit
424 2039 473 2059 nos
485 2031 561 2059 ⁹·¹⁰.»
578 2032 611 2060 Et
623 2033 655 2060 ad
671 2033 854 2062 ministerium
866 2036 968 2063 amoris

178 2079 251 2105 omni
276 2078 373 2105 anime
390 2078 491 2105 virtute
506 2083 533 2105 et
551 2082 686 2114 potestate
701 2080 872 2108 accedamus.
899 2081 967 2109 Cum

178 2123 278 2150 deinde
293 2131 369 2150 amor
382 2123 461 2151 nobis
481 2124 634 2151 ostenderit
652 2129 757 2152 tantum
775 2125 860 2153 Deum
878 2126 968 2154 humi-

1020 879 1165 913 τέμνοντες
1179 887 1210 905 τε
1237 879 1283 904 καὶ
1298 878 1449 910 ἐσθίοντες,
1474 878 1524 905 καὶ
1551 879 1675 909 πίνοντες
1701 879 1735 904 ἐκ
1768 877 1816 905 τοῦ

1020 925 1147 959 αἵματος,
1165 924 1212 952 καὶ
1228 924 1334 959 ἑτέροις
1356 924 1544 958 μεταδιδόντες
1564 924 1634 950 κατὰ
1654 924 1703 958 τὴν
1728 923 1818 950 δοθεί-

1021 978 1071 996 σαν
1086 971 1166 1005 χάριν
1181 971 1257 1005 ἡμῖν.
1278 970 1346 996 Τότε
1364 970 1501 1004 θαυμάζει
1527 970 1560 996 τὰ
1585 969 1739 1004 Χερουῦἱμ,
1762 970 1818 1001 ὲξί-

1021 1025 1118 1043 σταται
1130 1016 1164 1042 τὰ
1178 1016 1314 1051 Σεραφὶμ,
1331 1016 1406 1043 πᾶσα
1419 1016 1546 1050 Θειοτάτη
1561 1015 1678 1050 δύναμις
1692 1016 1814 1050 πέφριχι

1021 1062 1178 1097 καθορῶσα,
1196 1062 1244 1088 καὶ
1270 1061 1324 1088 δέει
1350 1061 1529 1097 παρίσταται,
1559 1060 1607 1087 καὶ
1639 1060 1688 1096 τὴν
1723 1062 1815 1087 οἰκίαν

1021 1108 1201 1142 ἐπιγινώσκει
1217 1108 1298 1142 φύσιν
1316 1108 1353 1139 ὠς
1366 1107 1466 1143 κτιστὴ
1482 1107 1530 1134 καὶ
1555 1106 1685 1142 ἀσθενὴς,
1700 1107 1749 1134 καὶ
1771 1107 1816 1133 ἑκ-

1021 1156 1152 1191 π).ήκτως
1165 1154 1275 1187 δοξάζει
1291 1155 1342 1189 τῆς
1354 1155 1399 1181 τοῦ
1417 1153 1484 1181 Θεοῦ
1498 1154 1529 1181 τὸ
1542 1155 1660 1189 ἄμετρον
1673 1154 1814 1188 (“17106211-

1021 1209 1081 1228 τοεο
1100 1201 1161 1236 μεθ’
1177 1201 1255 1236 ἡμῶν
1272 1201 1396 1227 ἵστανται
1411 1200 1509 1232 ταῦτα,
1527 1200 1632 1235 actin}.th
1643 1200 1692 1226 τοῦ
1720 1201 1814 1226 θυσια-

1022 1248 1137 1283 στηρίου
1172 1247 1373 1282 συστελλόμενα
1402 1247 1477 1282 φόὸῳ
1499 1246 1590 1282 μένει.
1615 1245 1813 1280 Ἐπιθυμοῦπιν

1021 1295 1156 1326 ἀτενίζειν
1167 1294 1206 1330 τῷ
1219 1294 1373 1329 μυστηρίῳ.
1385 1294 1422 1320 Οὐ
1436 1294 1490 1328 γὰρ
1501 1293 1652 1329 ἀπράκτως
1663 1293 1814 1327 παρίσταν-

1021 1351 1077 1368 ται.
1100 1341 1223 1368 Ἐκεῖθεν
1240 1341 1287 1367 τοῦ
1306 1341 1372 1367 ἰδίου
1389 1341 1475 1375 φάους
1491 1340 1618 1375 δέχονται
1639 1339 1689 1374 τὴν
1702 1340 1812 1366 ἀκτῖνα.

1021 1388 1140 1415 Αὑτδθεν
1155 1388 1210 1422 γὰρ
1226 1387 1273 1414 τοῦ
1287 1387 1376 1422 φωτὸς
1388 1387 1478 1414 αὐτῶν
1492 1387 1509 1421 ἡ
1527 1387 1635 1422 mmihi)
1659 1385 1708 1412 τοῦ
1724 1386 1812 1419 πνρθις

1022 1434 1111 1462 αὐτῶν
1124 1435 1224 1470 θέρμη,
1240 1435 1256 1470 ἠ
1271 1434 1338 1469 ζωὴ,
1356 1434 1372 1469 ἡ
1395 1434 1488 1468 σοφία,
1506 1434 1524 1468 ὴ
1543 1433 1652 1468 μύησις.
1672 1432 1704 1458 Et
1722 1432 1812 1458 τοίνυν

1021 1481 1110 1512 οὓτως
1125 1478 1200 1507 οὗτοι
1217 1481 1412 1516 παρίστανται,
1432 1480 1457 1506 οι
1482 1478 1535 1511 ἔξω
1550 1479 1663 1510 πάθους,
1679 1479 1704 1504 ot
1718 1478 1813 1514 neego

1021 1527 1125 1558 πάθους
1158 1526 1269 1558 παντὸς.
1289 1528 1304 1553 ὁ
1326 1526 1392 1561 χοῦς
1417 1526 1510 1560 ἡμεῖς,
1533 1525 1547 1551 ὁ
1576 1524 1673 1559 πηλὸς,
1694 1525 1709 1550 ὸ
1741 1523 1812 1550 σκώ-

1019 1573 1078 1609 ληξ,
1098 1572 1156 1605 πῶς
1181 1572 1353 1607 παρεστάναι
1376 1571 1538 1606 6φείλομεν;
1563 1570 1621 1601 πῶς
1653 1568 1812 1603 ἑτοιμάζειν

1020 1619 1135 1651 ἑαυτοὺς
1155 1619 1223 1654 πρὸς
1244 1619 1325 1652 ἔργον
1350 1618 1418 1645 Θεοῦ
1443 1617 1623 1654 τηλικοῦτον;
1643 1617 1717 1651 Ὅλῳ
1734 1615 1809 1649 φὸὃῳ

1019 1666 1067 1692 καὶ
1089 1665 1142 1700 ὅλῳ
1161 1664 1236 1701 πόθῳ
1252 1663 1453 1700 προσέρχεσθαι
1467 1672 1498 1690 τε
1517 1663 1566 1690 καὶ
1582 1661 1810 1698 ἑξοπηρετείσθαι

1018 1711 1140 1747 τοσούτῳ
1154 1711 1299 1746 πράγματι
1312 1711 1427 1743 ἑαυτοὺς
1443 1710 1644 1745 ἑτοιμάσωμεν.
1661 1708 1739 1735 Ἐπεὶ
1755 1710 1810 1742 γὰρ

1018 1760 1048 1786 τὸ
1073 1759 1194 1786 τοιοῦτον
1221 1760 1272 1786 οὐκ
1295 1759 1360 1786 ἄλλο
1380 1767 1418 1791 τι,
1445 1758 1461 1793 ἢ
1496 1757 1591 1792 ἀγάπη
1624 1756 1705 1790 μόνον
1733 1755 1809 1781 τετέ-

1019 1806 1110 1838 λεκεν,
1136 1805 1326 1840 ἁγαπήσωμεν
1351 1805 1434 1832 αὑτὸν
1459 1804 1504 1831 τὸν
1524 1804 1709 1839 ἀγαπήσαντα
1733 1805 1810 1840 πρῶ-

1018 1860 1064 1879 τον
1079 1853 1165 1887 ἡμᾶς,
1179 1852 1228 1879 καὶ
1244 1853 1277 1887 τῇ
1299 1852 1422 1887 διακονίᾳ
1445 1851 1495 1886 τῆς
1517 1851 1639 1886 ἀγάπης,
1665 1851 1720 1886 ὁὶῳ
1750 1851 1809 1878 σθέ-

1019 1907 1060 1926 νει
1092 1897 1184 1932 ψυχῆς
1217 1897 1450 1933 προσερχώμεθα.
1473 1897 1605 1931 Ἐπείπερ
1634 1897 1729 1934 ἀγάπη
1761 1905 1808 1924 τα-

1019 1945 1186 1972 πεινωθέντα
1215 1945 1344 1971 τοσοῦτον
1374 1945 1420 1972 τὸν
1452 1944 1519 1971 Θεδν
1543 1945 1639 1977 ἔδειξε,
1673 1945 1714 1980 τῷ
1735 1945 1808 1980 ἔργῳ

1019 1992 1069 2026 τῆς
1086 1991 1279 2024 ταπεινώσεως
1293 1991 1412 2023 οἰκείους
1429 1993 1458 2018 ὲν
1473 1992 1637 2018 ταπεινώσει
1652 1993 1697 2018 καί
1714 1993 1809 2028 ἀγάπῃ

1020 2039 1251 2073 ὺπηρετὴσωμεν,
1267 2039 1330 2065 ἐπεὶ
1346 2038 1447 2070 ἔδειξεν
1467 2038 1681 2074 ἐνανθρωπήσας
1698 2040 1712 2065 ό
1730 2039 1808 2073 Θεὸς,

1018 2085 1055 2116 ὼς
1070 2084 1199 2111 ἀδύνατον
1215 2083 1249 2120 ἦν
1265 2085 1328 2120 δῖχα
1354 2084 1422 2111 Θεοῦ
1444 2085 1494 2119 τὴν
1523 2084 1631 2119 βροτῶν
1656 2084 1807 2119 ἀναστῆναι

1019 2130 1111 2165 φύσιν,
1124 2130 1224 2165 ἑαυτὴν
1239 2131 1373 2162 ἑκουσίως
1388 2130 1521 2157 ὲκδοῦσαν
1540 2130 1580 2165 τῷ
1601 2131 1743 2165 πτώματι,
1761 2131 1806 2157 καί

178 2170 282 2202 liatum,
298 2177 381 2204 opere
396 2169 559 2197 humilitatis
580 2170 605 2197 ei
620 2167 836 2200 ministrabimus
853 2181 904 2202 nos
923 2175 963 2202 si-

1020 2177 1064 2204 διὰ
1079 2177 1159 2204 τοῦτο
1173 2177 1243 2204 Θεοῦ
1258 2177 1357 2213 ἐδεήθη
1377 2177 1500 2209 ὲνὼσεως
1521 2173 1676 2212 ἄνθρωπος,
1694 2178 1808 2209 ἑαυτοὺς

179 2215 258 2242 miles
271 2234 279 2248 ,
294 2215 389 2242 amnes
411 2215 565 2243 humilitate
580 2221 607 2243 et
623 2217 770 2246 dilectione
786 2227 794 2245 :
809 2227 870 2247 cum
887 2220 966 2248 deni-

178 2269 232 2295 que
249 2261 342 2288 virens
357 2261 384 2288 in
408 2261 536 2289 humanis
554 2262 624 2290 Deus
647 2264 727 2292 nobis
742 2267 895 2294 ostenderit
912 2275 965 2295 non

180 2314 260 2342 posse
280 2306 408 2334 homines
430 2307 595 2335 naturaliter
617 2309 720 2343 absque
735 2309 792 2338 Deo
808 2319 964 2348 resurgere,

179 2353 225 2387 qui
242 2353 349 2387 scipsos
374 2353 530 2381 voluntarie
551 2355 586 2382 ad
611 2356 718 2391 culpam
746 2357 917 2386 tradiderunt
938 2365 967 2387 et

179 2403 290 2434 propter
306 2399 359 2426 hoc
374 2400 440 2435 ipsis
453 2402 607 2428 necessaria
625 2403 675 2429 l'uit
688 2403 752 2430 unio
764 2411 826 2432 cum
842 2405 906 2439 Deo,
920 2414 966 2434 co-

178 2445 295 2480 gitemus
316 2453 424 2481 semper
445 2452 578 2482 quantum
602 2448 707 2476 debiles
735 2450 798 2478 facti
816 2452 913 2484 simus,
941 2459 969 2480 et

179 2496 312 2527 perpetuo
341 2493 511 2528 indigeamus
535 2494 639 2522 auxilio
662 2495 729 2529 Dei,
754 2502 782 2524 et
805 2499 839 2525 ad
864 2499 967 2526 nullam

179 2539 283 2574 absque
309 2539 356 2567 illo
377 2547 523 2575 assurgere
547 2543 686 2576 possimus
708 2544 871 2577 scientiam;
900 2546 967 2573 dicit

179 2586 250 2613 enim
270 2594 278 2613 ε
299 2595 308 2612 ι
328 2586 394 2614 Sine
408 2594 452 2614 me
470 2588 539 2615 nihil
552 2589 667 2622 potestis
681 2589 771 2617 facere
790 2590 821 2617 “.
843 2601 852 2616 ι
871 2590 966 2625 Itaque

179 2635 213 2669 et.
226 2638 274 2658 nos
287 2631 337 2666 ipsi
358 2631 556 2666 consociemus,
570 2636 597 2660 et.
612 2633 746 2661 indivulse
764 2643 924 2663 maneamus
937 2637 965 2665 in

178 2675 235 2702 illo.
251 2675 337 2704 Malus
348 2677 467 2704 amentia
483 2682 511 2704 et
525 2679 653 2714 superbia
673 2679 762 2707 factus
775 2685 817 2708 est
830 2687 962 2716 apostata:

179 2729 229 2748 nos
248 2723 402 2758 cognitione
418 2729 446 2751 et
467 2724 640 2753 confessione
667 2726 784 2755 miseriae
807 2735 909 2757 nostrae
925 2730 966 2758 [εκ

212 2811 260 2827 ὀιθ
277 2811 287 2838 ι
302 2810 381 2840 Joan.
401 2814 437 2847 iv,
460 2813 502 2842 l9.
544 2815 564 2831 “
579 2815 658 2844 Juan.
675 2825 718 2851 xv,
739 2819 765 2846 5.

1020 2224 1066 2250 καὶ
1080 2224 1161 2258 ἡμεῖς
1179 2223 1217 2255 ὡς
1245 2223 1410 2258 πεφύκαμεν
1427 2223 1552 2254 ἀσθενεῖς
1565 2224 1610 2250 ἀεὶ
1629 2223 1806 2258 λογιζόμεθα,

1020 2270 1067 2296 καὶ
1083 2269 1226 2304 δεηθῶμεν
1246 2270 1291 2296 ἀεὶ
1304 2269 1373 2296 Θεοῦ
1396 2270 1533 2305 βοηθείας,
1550 2269 1598 2296 καὶ
1623 2270 1708 2304 μηδὲν
1724 2270 1808 2306 χωρὶς

1019 2315 1115 2341 τούτου
1135 2315 1250 2341 πάντοτε
1276 2315 1425 2350 ἐννοῶμεν,
1439 2316 1480 2342 ὅτι
1500 2316 1559 2347 καὶ,
1576 2324 1586 2341 (
1609 2315 1702 2350 Χωρὶς
1730 2316 1806 2350 ἐμεῦ,

1019 2362 1049 2389 οὐ
1070 2361 1185 2388 δύνασθε
1201 2362 1289 2388 ποιεῖν
1312 2361 1398 2395 οὐδὲν,
1418 2370 1427 2387 ι
1444 2362 1514 2396 ἔφη·
1534 2362 1578 2388 ἵνα
1602 2362 1648 2388 καὶ
1662 2361 1807 2396 ἑνωθῶμεν

1020 2407 1106 2441 αὐτῷ,
1125 2408 1173 2434 καὶ
1205 2407 1369 2442 ἀχωρίστως
1396 2408 1534 2442 συνῶμεν.
1559 2407 1591 2434 Et
1619 2408 1779 2443 ἀποστάτης
1794 2409 1807 2434 ὁ

1020 2453 1138 2489 πονηρὸς
1151 2455 1183 2488 τῇ
1200 2455 1318 2490 ὲπάρσει
1337 2455 1385 2481 καὶ
1396 2455 1513 2489 ἀπονοίᾳ
1526 2455 1683 2489 γεγένηται,
1704 2457 1737 2490 τῇ
1749 2456 1807 2482 ἑπι-

1016 2500 1120 2535 γνώσει
1142 2501 1192 2535 τῆς
1208 2501 1346 2536 πτωχείας
1364 2501 1457 2536 ἡμῶν,
1474 2503 1554 2536 ήμεῖ,
1569 2502 1757 2537 οίκειωθῶμεν
1770 2502 1806 2537 τῷ

1016 2547 1134 2584 Κτίστῃ.
1154 2557 1163 2573 ι
1189 2548 1218 2575 '0
1235 2548 1372 2575 ταπεινῶν
1385 2549 1451 2583 γὰρ,
1467 2549 1561 2584 φησὶν,
1577 2550 1675 2575 ἑαυτὸν
1700 2550 1806 2586 ὑψωθή-

1019 2601 1106 2621 σεται.
1128 2604 1137 2620 ι
1157 2594 1187 2621 Εί
1201 2595 1270 2629 ὑπὲρ
1288 2595 1397 2622 πάντων
1419 2596 1536 2622 δέδωκεν
1555 2597 1654 2623 ἑαυτὸν
1672 2598 1686 2624 ό
1705 2598 1804 2624 Δεσπό-

1018 2649 1079 2675 της,
1104 2642 1151 2668 tul.
1178 2643 1246 2669 πᾶσι
1269 2644 1326 2674 τοῖς
1359 2643 1492 2679 χρῄζουσι
1515 2643 1550 2670 τὰ
1569 2644 1660 2671 πάντα
1687 2645 1803 2679 ἐγένετο,

1020 2686 1133 2718 ἑαυτοὺς
1143 2688 1224 2722 ἡμεῖς
1234 2688 1308 2724 αὐτῷ
1319 2688 1420 2722 δῶμεν,
1437 2688 1481 2715 ἵνα.
1495 2689 1542 2716 καὶ
1556 2689 1610 2716 τῶν
1627 2689 1711 2716 αὑτοῦ
1728 2689 1804 2721 αὖθις

1020 2731 1165 2767 γενώμεθα
1183 2733 1304 2768 μέτοχοι.
1333 2734 1545 2770 Διακονήσωμεν
1572 2735 1655 2762 αὐτοῦ
1673 2735 1712 2771 τῷ
1734 2735 1803 2771 ἔργῳ
