1918 3042
76 85 160 131 θδςγ

721 101 768 131 DE
798 100 889 131 SACE
895 101 917 130 [ἶ
924 100 1042 131 DOTlO.

1661 95 1712 127 970

77 157 241 193 προθύμως,
267 157 314 184 καὶ
342 157 368 184 εἰ
387 156 501 184 δυνατὸν
519 157 580 184 καθ’
596 158 716 192 ἑκάστην
746 158 794 192 τὴν
810 167 870 194 φρι-

933 157 1027 184 niliare
1054 156 1099 183 Dei
1129 154 1298 182 luerabimur
1324 155 1508 182 consortium.
1538 153 1644 181 Dictum
1669 158 1711 181 est

78 206 146 240 κτὴν
170 204 246 240 αὖτῷ
262 204 360 231 θυσίαν
377 204 591 240 προσφέρωμεν.
616 205 801 240 Ἑπιθυμητὸν
817 206 871 240 γὰρ

77 249 154 285 αὐτῷ
169 249 260 278 τοῦτο.
282 259 291 275 ι
315 249 476 284 Ἐπιθυμίᾳ,
495 250 589 284 φησὶν,
608 249 769 284 ἐπεθύμησα
791 250 871 277 τοῦτο

78 296 108 327 τρ
130 295 228 330 Πάσχα
240 295 341 328 φαγεῖν
356 293 415 329 μεθ’
430 294 518 329 ὑμῶν.
536 304 544 320 ι
562 294 774 328 Καὶ.διηνε›ιῶ;
791 295 872 322 τοῦτο

79 339 172 374 ζητεῐ.
190 348 198 365 ι
212 340 250 366 Οὐ
262 339 398 374 Ποιήσατε
411 340 477 375 γὰρ,
488 340 553 374 ἔφη,
564 340 633 367 ἀλλὰ.
646 349 656 366 ι
668 340 754 367 Τοῦτο
768 342 871 368 ποιεῖτε

79 387 121 417 είς
135 386 188 421 τὴν
203 384 274 420 ἐμὴν
297 385 465 421 ἀνάμνησιν,
484 394 493 411 ι
516 386 797 421 τουτέστιδιηνεχῶς.
816 387 871 413 Καὶ

78 436 104 462 τί
121 433 188 462 ἄλλο
203 433 296 469 μεῖζον
311 433 394 468 ἔργον
408 433 442 460 ἂν
451 433 494 469 εἴη
509 433 557 460 τοῦ
574 434 657 469 ἔργου
673 434 791 467 τούτου’;
804 435 874 469 ὅπερ

81 481 142 507 last
153 479 275 515 Χριστοῦ
287 480 303 515 ἡ
317 479 483 514 ἀνάμνησις,
496 479 526 506 τὸ
540 480 678 515 σφαγῆναι
694 479 789 507 τοῦτον
801 481 873 516 ὑπὲρ

81 526 163 561 ἡμῶν
190 525 238 552 καὶ
257 524 389 559 διηνεκῶς
416 523 541 551 θύεσθαι.
568 533 577 550 ι
598 524 685 551 Τοῦτο
715 525 769 559 γάρ
787 525 873 556 ἐστιν,

80 574 146 607 ἔφη,
159 573 190 598 τὸ
208 570 289 605 σῶμα
314 579 365 605 μου
381 570 411 597 τὸ
429 570 501 604 ὑπὲρ
514 570 592 604 ὑμῶν
609 570 763 606 κλώμενον,
784 580 793 596 ι
811 579 874 597 του-

79 620 172 646 τέστιν
188 618 236 645 ἀεί
249 625 255 632 ·
275 627 283 643 ι
304 618 360 644 Καὶ
374 616 454 643 τοῦτό
469 617 527 643 ἐστι
544 617 575 643 τὸ
595 615 664 652 αἷμά.
680 626 745 652 μου,
761 617 791 643 τὸ
805 618 875 652 ὑπὲρ

81 665 159 698 ὑμῶν
172 663 364 700 ὲχχυνόμενον,
384 673 393 689 ι
408 664 456 698 οὐχ
482 663 557 695 ἅπαξ
577 663 704 698 ἐκχυθὲν,
718 663 788 692 ἀλλὰ
807 665 877 690 πάν-

79 720 141 739 τοτε
159 711 291 746 δηλονότι.
318 710 403 738 Οὐδὲν
415 711 470 746 ἄρα
583 712 686 746 ταύτης
710 713 762 746 τῆς
777 711 876 744 θυσίας

80 757 306 793 ὲπωιρελέστερον
322 758 388 792 ἡμῖν
404 757 452 784 καὶ
469 757 530 792 Θεῷ
545 758 792 793 προσφιλέστερον.
810 758 877 786 Ὅτι

80 805 128 831 καὶ
147 804 229 839 ἔργον
243 803 340 836 αὑτοῦ,
360 803 474 838 καὶτῆς
499 804 711 840 ἀνθρωπὸτητος
731 805 876 832 ἀνακαινι-

80 852 135 881 σις,
158 850 206 875 καὶ
229 849 321 876 τούτου
353 850 482 876 κοινωνία
526 849 689 885 μεθ’ἡμῶν,
717 850 808 881 καθὼς
829 851 875 877 καὶ
891 858 913 887 Β

81 894 237 930 σαρκωθεὶς
245 894 342 928 ἔδειξε,
354 896 403 922 καὶ
415 895 519 931 μέλλων
531 896 658 930 πάσχειν,
672 895 774 930 ηὔξετο
784 896 872 924 τοῦτο.

82 950 92 967 ι
112 941 173 968 Ἰνα
189 937 255 968 ὦσιν
269 940 310 972 ἓν,
339 941 430 973 καθὼς
448 941 542 976 ἡμεῖς,
563 951 571 967 ι
588 943 684 976 φησίν.
706 943 764 968 Ὀ.ι
787 942 815 968 δὲ
831 943 875 969 διὰ.

81 987 179 1014 τούτου
197 987 227 1014 ἓν
255 987 390 1022 γινόμεθα
410 987 469 1022 μετ’
492 986 588 1017 αὐτοῦ,
616 986 698 1018 αὐτὸς
727 989 873 1022 μαρτυρεῖ.

84 1042 93 1058 ι
115 1033 147 1060 'O
160 1033 276 1068 τρώγων
295 1042 358 1069 μου,
373 1032 452 1068 φησὶ,
466 1032 516 1067 τὴν
533 1033 634 1067 σάρκα,
650 1033 697 1059 καὶ
714 1034 800 1059 πίνων
822 1041 874 1067 μου

84 1081 116 1108 τὸ
131 1077 213 1116 αἷμα,
232 1081 262 1107 ἐν
278 1081 340 1116 ἐμοὶ
357 1082 444 1116 μένει,
465 1080 542 1114 κάγὼ
558 1082 587 1108 ἐν
607 1081 692 1115 αὐτῷ,
711 1090 719 1106 ι

922 204 994 231 enim
1009 211 1014 228 :
1029 203 1095 235 «Qui
1108 209 1138 229 se
1149 201 1274 228 hutniliat
1286 201 1450 228 exaltabitur
1464 202 1511 228 ¹².›
1522 200 1575 227 Pro
1587 200 1714 227 omnibus

923 250 1046 284 seipsum
1073 249 1185 276 tradidit
1212 247 1355 278 Dominus,
1383 252 1412 274 et
1437 247 1563 274 omnibus
1587 247 1708 281 proficua

924 296 1035 322 fuerunt
1054 302 1113 329 qum
1133 294 1195 320 fecit
1214 299 1222 319 :
1245 293 1295 328 ipsi
1318 300 1368 319 nos
1389 293 1522 319 donemus
1549 296 1578 319 ut
1593 291 1714 319 vicissim

924 343 1058 370 honorum
1088 341 1148 374 ejus
1179 340 1334 367 habtamus
1370 338 1620 374 participationem.
1658 338 1715 365 Hoc

925 395 1006 422 opere
1023 387 1081 420 ejus
1099 387 1221 413 zelanter
1246 386 1392 421 fungentur
1417 385 1605 412 ministrantes
1618 405 1626 418 ,
1649 390 1677 412 et
1692 386 1714 412 si

925 433 984 461 ﬁeri
1004 437 1105 467 potest,
1121 431 1242 466 quotidie
1258 430 1422 458 sacrificium
1435 430 1604 458 tremendum
1617 429 1715 458 offere-

926 486 988 506 mus
1008 479 1050 511 ei;
1075 478 1140 505 illud
1168 478 1226 512 ipse
1251 478 1431 504 vehementer
1449 482 1575 512 exoptat,
1597 476 1690 504 dicens
1709 486 1716 502 :

930 532 939 550 ι
958 523 1101 551 Desiderio
1117 523 1271 550 desideravi
1290 523 1340 549 hoc
1359 522 1459 556 pascha
1491 522 1658 549 manducare
1672 530 1718 549 ro-

926 569 1033 597 biscum
1052 569 1083 595 η.
1103 579 1112 594 ι
1131 569 1162 595 Ει
1177 568 1242 595 illud
1262 573 1394 603 perpetuo
1411 567 1530 602 postulat
1550 575 1558 593 :
1576 575 1630 594 non
1650 567 1719 595 dicit

927 616 1019 645 enim:
1038 615 1166 648 Facirtis,
1190 617 1235 641 sed
1253 624 1262 642 :
1281 623 1290 639 ι
1308 614 1363 642 lloc
1378 615 1459 642 facile
1486 616 1513 642 in
1541 623 1629 642 meam
1644 623 1718 642 com-

927 662 1153 688 memorationem
1166 661 1198 693 “,
1213 670 1221 687 ι
1240 661 1291 688 hoc
1306 665 1358 692 est,
1370 665 1510 695 perpetuo.
1524 660 1666 694 Quodnam
1677 665 1719 688 est

929 708 1002 735 aliud
1017 715 1087 742 opus
1101 708 1152 734 isto
1166 715 1250 742 opere
1266 707 1372 742 majus?
1387 708 1459 742 quod
1471 712 1513 735 est
1526 708 1628 735 Christi
1643 715 1719 734 com-

928 755 1109 785 memOratio,
1131 755 1206 782 illum
1234 762 1334 789 nempe
1362 762 1412 789 pro
1427 755 1508 781 nobis
1525 755 1675 782 sacriﬁcari
1693 759 1720 782 et

929 806 1064 836 perpetuo
1089 800 1204 828 offerri:
1224 809 1233 825 ι
1262 800 1319 827 lloc
1340 805 1382 828 est
1405 800 1478 827 enim
1502 807 1603 834 corpus
1627 808 1719 827 meum

929 847 1001 881 quod
1020 855 1067 882 pro
1085 847 1160 874 vobis
1171 847 1289 873 traditur
1302 846 1342 880 ";
1361 854 1370 871 ι
1391 846 1443 873 hoc
1458 851 1510 879 est,
1526 853 1643 880 semper.
1661 845 1693 872 Et
1711 853 1718 871 :

931 903 940 919 ι
962 892 1011 919 llic
1025 897 1068 920 est
1093 892 1204 927 sanguis
1227 900 1305 919 meus
1321 891 1367 926 qui
1381 900 1430 926 pro
1445 891 1522 918 vobis
1534 890 1658 918 funditur
1669 891 1716 917 “.t

930 938 989 966 Non
1005 939 1089 965 Semel
1100 938 1204 965 etl‘usus
1215 942 1268 969 cst,
1286 938 1333 965 sed
1351 938 1487 972 hodieque
1500 941 1527 964 et
1543 944 1648 972 semper
1659 937 1722 964 futt-

929 986 1014 1017 dttur,
1040 985 1191 1012 evidenter.
1221 984 1292 1010 Nihil
1312 989 1354 1011 est
1372 989 1463 1011 autem
1488 988 1517 1010 et
1540 984 1620 1011 nobis
1635 984 1720 1019 magis

930 1033 1082 1067 profieutnn
1106 1037 1134 1059 et
1151 1031 1206 1058 Deo
1228 1031 1313 1067 magis
1335 1031 1499 1066 glorificum,
1513 1030 1577 1065 quia
1600 1031 1651 1058 hac
1678 1033 1722 1057 est

937 1089 1006 1116 opus
1028 1081 1087 1115 ejus
1111 1080 1240 1107 dilectum
1267 1085 1294 1106 rt
1319 1078 1499 1106 humanitatis
1516 1081 1669 1111 renovatio,
1695 1084 1723 1107 rt

84 1129 146 1163 ejus
158 1129 303 1157 nobiscum
317 1128 540 1160 communicatio,
568 1132 597 1154 ut
610 1128 728 1155 ostendit
750 1128 916 1162 incarnatus,
937 1133 964 1156 et
983 1136 1045 1155 mox
1065 1135 1198 1163 passurus
1214 1127 1334 1162 apertius
1355 1127 1445 1155 innuit
1459 1129 1554 1156 dicens
1571 1137 1577 1155 :
1594 1137 1603 1153 ί
1617 1127 1652 1155 Ut
1667 1127 1723 1156 sint

85 1183 172 1205 unum
190 1175 261 1202 sicut
284 1183 335 1202 nos
350 1175 380 1201 ¹⁷.
402 1183 411 1200 ι
434 1173 488 1201 Nos
510 1181 601 1202 autem
621 1174 672 1202 hoc
705 1182 789 1209 opere
808 1183 893 1202 unum
918 1176 975 1203 fieri
993 1184 1056 1203 cum
1085 1177 1154 1211 ipso,
1173 1176 1230 1211 ipse
1246 1181 1364 1204 testatur
1382 1184 1443 1205 cum
1460 1176 1523 1209 ,ait:
1543 1185 1552 1201 ι
1572 1175 1623 1209 Qui
1644 1182 1722 1201 utau-

84 1223 167 1251 ducat
182 1230 270 1249 nteant
294 1229 404 1250 carnem
420 1228 448 1250 et
468 1222 535 1249 bibit
554 1225 643 1249 meum
667 1223 828 1258 sanguinem
845 1225 871 1250 itt
893 1231 936 1251 me
952 1230 1044 1252 manet
1060 1228 1086 1252 et
1102 1233 1152 1259 ego
1167 1226 1193 1251 in
1210 1233 1242 1251 eo
1255 1225 1286 1251 ’⁸.
1303 1235 1312 1250 ι

125 1269 213 1303 ’Υπὲρ
229 1270 321 1297 πᾶσαν
338 1269 428 1297 τοίνυν
456 1271 614 1305 προσευχήν
631 1278 660 1296 τε
687 1271 734 1297 καὶ
760 1270 876 1301 αἴνεσιν,

85 1318 184 1344 τούτου
201 1316 385 1351 ἐπιμελητέον
400 1315 448 1342 τοῦ
472 1315 566 1351 ἔργου·
596 1317 637 1342 ὃτι
673 1317 719 1342 καὶ
739 1316 782 1342 διὰ
799 1316 878 1343 τοῦτο

84 1363 161 1390 πᾶσα.
191 1362 341 1396 προσευχὴ.
372 1360 426 1386 Καὶ
451 1360 480 1386 τὸ
510 1360 590 1386 πλέον
616 1359 671 1386 τῶν
696 1359 809 1394 ἡμερῶν
827 1360 876 1393 τῆς

85 1409 228 1444 ἡμετέρας
246 1407 318 1442 ζωῆς
334 1405 413 1433 τοῦτο
426 1405 562 1440 ποιῶμεν.
575 1405 638 1432 Ὀτι
655 1405 703 1432 καὶ
717 1405 798 1432 τοῦτο
813 1405 879 1440 περὶ

84 1455 184 1482 τούτου
200 1452 357 1487 λογίζεσθαι
378 1453 478 1488 χρεὼν,
497 1453 520 1478 εί
537 1451 639 1487 ἐνεργὰ
656 1451 692 1478 τὰ
712 1451 773 1478 θεῖα
788 1453 878 1479 πάντα

82 1503 158 1537 ἔργα
174 1509 202 1527 τε
221 1501 267 1527 καὶ
283 1500 358 1534 λόγοι
373 1500 398 1526 ut
420 1500 449 1525 ἐν
462 1498 501 1533 τῷ
516 1499 624 1533 κόσμῳ,
643 1498 690 1524 καὶ
703 1498 780 1525 οὐδὲν
794 1498 880 1533 ἀργὸν

87 1547 160 1583 μετὰ
188 1547 219 1573 τὸ
235 1545 363 1580 γενέσθαι
394 1544 473 1574 ποτέ.
491 1545 547 1572 Καὶ
567 1543 649 1579 δῆλον
673 1543 703 1576 ἐξ
719 1540 757 1571 ὧν
771 1543 880 1579 ὁρῶμεν

84 1592 200 1618 πάντων
217 1591 378 1625 κτισμάτων
404 1590 526 1625 ἐνεργῶν
541 1589 625 1616 ὄντων
639 1589 694 1621 ἀεὶ,
720 1589 836 1624 οὐρανοῦ
849 1597 879 1615 τε

966 1272 1055 1306 Super
1069 1279 1179 1299 omnem
1194 1280 1259 1307 ergo
1276 1279 1384 1306 precem
1400 1275 1427 1299 et
1440 1270 1548 1299 laudem
1566 1271 1646 1305 hujus
1657 1278 1718 1305 ope-

932 1321 969 1346 ris
988 1319 1058 1355 ratio
1074 1319 1195 1346 curanda
1220 1323 1270 1348 est.
1294 1319 1358 1353 quia
1377 1324 1491 1353 propter
1515 1319 1604 1353 ipsum
1630 1323 1658 1344 et
1675 1324 1725 1351 per

931 1365 1019 1400 ipsum
1036 1366 1125 1392 omnis
1141 1365 1240 1392 oratio.
1254 1364 1286 1391 Et
1300 1365 1468 1399 praacipuum
1481 1363 1585 1391 dierum
1599 1362 1722 1390 omnium

932 1411 993 1437 vitae
1006 1415 1106 1438 nostra
1121 1411 1260 1444 negotium
1277 1410 1327 1437 ltoc
1340 1410 1485 1442 faciamus;
1499 1410 1562 1443 quia
1582 1413 1608 1435 et
1621 1409 1673 1436 ltoc
1688 1409 1723 1436 de

933 1456 979 1483 illo
996 1456 1142 1483 dicendum
1159 1465 1166 1483 :
1186 1456 1212 1483 Si
1231 1464 1314 1491 opera
1327 1463 1524 1490 sermonesque
1539 1463 1599 1490 qua:
1617 1457 1644 1482 in
1656 1455 1724 1482 Orbe

934 1506 1054 1536 aguntur
1077 1509 1154 1528 suam
1171 1509 1185 1528 a
1207 1501 1261 1528 Deo
1277 1502 1330 1527 vim
1353 1501 1454 1528 habent
1471 1500 1598 1532 actionis,
1614 1505 1642 1528 et
1658 1499 1723 1526 ttul-

936 1547 989 1574 lum
1005 1547 1122 1573 otiosum
1137 1552 1177 1573 est
1194 1552 1337 1581 postquam
1350 1553 1470 1574 creatum
1482 1551 1534 1574 est.
1548 1546 1615 1573 lllttd
1628 1551 1721 1574 autem

933 1597 975 1619 est
985 1592 1098 1619 evidens
1115 1600 1147 1618 ex
1164 1592 1213 1619 hoe
1228 1592 1300 1626 quod
1318 1593 1441 1619 ridemus
1455 1593 1546 1620 omnia
1557 1599 1648 1620 creata
1661 1600 1725 1626 ope-

84 1638 159 1672 λέγω
170 1637 331 1671 κινουμένου
346 1637 400 1669 ἀεὶ,
415 1637 464 1663 καὶ
478 1637 530 1671 γῆς
543 1635 747 1671 βλαστανούσης
761 1636 808 1662 καὶ
823 1635 879 1661 τῶν

934 1637 1039 1663 ratione
1058 1637 1194 1663 constanti
1212 1637 1345 1669 excreeri,
1368 1637 1467 1665 ccelum
1485 1637 1595 1673 inquam
1616 1643 1725 1672 semper

85 1685 116 1711 ὲν
132 1683 172 1719 τῷ
186 1684 261 1718 μέσῳ
277 1682 489 1717 διενεργούντων
505 1682 622 1710 ἑκάστου
639 1682 671 1708 τὺ
693 1681 771 1708 ῐδιον·
788 1679 878 1715 πολλῷ

86 1728 191 1764 μᾶλλον
208 1727 318 1762 ἐνεργὸς
335 1727 438 1761 ὀφείλει
463 1726 612 1761 τυγχάνειν
629 1726 642 1751 ὁ
660 1726 729 1761 πρὸς
753 1725 784 1752 τὸ
798 1726 879 1760 ἔργον

86 1774 169 1802 τοῦτο
185 1774 215 1800 τὸ
237 1773 376 1801 Θειότατον
402 1774 451 1800 καὶ
477 1773 609 1808 μέγιστον
641 1772 794 1804 καταστάς.
826 1772 880 1798 Καὶ

87 1822 113 1848 εἰ
126 1821 162 1847 τὰ
179 1819 297 1854 αἰσθητὰ
320 1820 410 1846 πάντα
427 1819 578 1854 ἀκαμάτως
606 1819 726 1852 ἐνεργεῖ,
740 1818 788 1844 καὶ
803 1818 817 1844 ὁ
835 1826 880 1852 μι-

88 1867 157 1902 κρὸς
182 1867 284 1902 κόσμος
299 1862 377 1898 οὗτος
402 1867 450 1893 καὶ
478 1867 568 1900 μέγας
588 1867 602 1892 ὁ
629 1865 785 1900 ἄνθρωπος,
801 1864 881 1890 τοῦτο

88 1913 238 1946 δείκνυσιν,
258 1912 369 1947 ἐνεργὸς
385 1913 430 1939 ἀεὶ
445 1912 542 1944 τελῶν,
562 1911 602 1946 τῷ
620 1911 745 1946 αἰσθητῷ
760 1910 809 1945 μὲν
826 1911 881 1941 τοῖς

89 1960 242 1995 αἰσθητοῖς,
259 1959 437 1994 τρεφόμενος,
459 1958 661 1993 αὐξανόμενος,
676 1956 880 1991 ἁλλοιοὺμενος,

89 2007 130 2043 τῷ
145 2007 234 2042 νοητῷ
249 2006 288 2038 δὲ,
303 2007 358 2036 τοῖς
373 2006 490 2040 νοητοῖς,
505 2005 548 2031 ἀεὶ
565 2004 603 2039 τῷ
617 2003 654 2038 νῷ
669 2005 717 2030 καὶ
728 2004 766 2038 τῷ
781 2003 883 2038 λογικῷ

89 2055 142 2090 τῆς
154 2053 244 2089 ψυχῆς
259 2052 380 2087 ἐνεργῶν
394 2052 442 2077 καὶ
458 2051 632 2085 κινούμενος,
649 2051 687 2082 ὡς
709 2049 836 2077 ἐντεῦθεν
851 2050 883 2076 ἐκ

91 2101 144 2137 τῆς
158 2099 206 2127 τοῦ
222 2099 397 2134 ἀνθρωπίνου
411 2098 470 2130 νοὸς
496 2099 633 2132 κινήσεως
657 2097 704 2123 καὶ
719 2096 769 2127 τὰς
785 2097 881 2136 νοερᾶς

93 2148 141 2173 καὶ
159 2146 234 2176 θείας
260 2145 390 2179 δυνάμεις
408 2145 580 2178 ἁεικινήτους
610 2141 681 2170 εῖναι
712 2142 882 2176 λογίζεσθαι.

92 2193 156 2224 Πῶς
176 2192 230 2226 ἄρα
244 2191 274 2218 τὸ
304 2191 433 2225 μέγιστον
459 2189 540 2225 ἔργον
558 2191 608 2224 τῆς
636 2190 759 2225 μεγάλης
781 2189 884 2223 ταύτης

90 2238 232 2269 διακονίας
242 2237 288 2263 τοῦ
296 2235 376 2266 Θεοῦ,
389 2235 420 2261 τὸ
434 2236 502 2269 ὑπὲρ
515 2235 605 2270 πάσης
618 2236 784 2268 κτίσεω;,δι“
797 2232 826 2261 οὗ
845 2236 886 2266 εἰς

91 2288 124 2315 τδ
131 2287 161 2314 εὖ
171 2285 240 2313 εἶναι
253 2286 288 2312 τὰ
298 2286 363 2312 ὄντα
377 2286 598 2320 χειραγωγείται,
608 2284 667 2318 Θεῷ
678 2283 821 2318 ἐνούμενα,
840 2284 887 2309 καὶ

93 2334 154 2360 θεῖα
166 2332 311 2367 γινόμενα,
330 2331 378 2357 καὶ
391 2331 493 2365 μᾶλλον
509 2331 542 2357 τὰ
560 2329 668 2363 λογικὰ,
686 2329 734 2355 καὶ
746 2329 886 2364 ἄνθρωποι

93 2380 148 2416 πρὸ
179 2379 288 2405 πάντων
314 2377 479 2412 τεθνηκότες
500 2376 548 2402 καὶ
566 2376 677 2407 ζῶντες,
700 2375 787 2410 ἀργὸν
810 2375 887 2401 ἔσται

94 2427 161 2454 ποτὲ
187 2425 231 2452 διὰ
248 2424 298 2459 τῆς
315 2423 463 2459 ῥᾳθυμίας,
479 2423 496 2457 ἢ
510 2423 558 2448 καὶ
585 2421 718 2456 δοκούσης
741 2421 886 2452 εὐλαόείας

93 2474 150 2500 τῶν
163 2472 259 2507 ἱερέων
270 2479 278 2504 ;
293 2471 350 2498 Οὐκ
362 2470 420 2496 ἐστι
431 2469 480 2504 τῆς
492 2469 547 2496 τῶν
558 2468 717 2504 μυστηρίων
729 2469 887 2504 ἱερουργίας

95 2520 113 2554 ἡ
126 2518 212 2554 ἀργία
226 2517 367 2548 εὐλάϐεια,
384 2516 434 2543 οὐκ
455 2516 524 2548 ἔστι,
537 2515 654 2550 κώλυμα
674 2515 702 2541 δὲ
719 2515 820 2550 μᾶλλον
835 2515 885 2548 τῆς

95 2567 234 2601 σωτηρίου
255 2564 350 2595 θυσίας
362 2564 408 2590 καὶ
425 2563 476 2598 τῆς
491 2562 617 2588 ἐντεῦθεν
632 2561 776 2596 ὡφελείας.
796 2561 826 2586 El
839 2558 886 2586 οὖν

98 2613 138 2648 μὴ
150 2612 182 2638 τὸ
200 2611 305 2638 κωλῦον
323 2610 390 2644 πρὸς
408 2610 438 2637 τὸ
451 2610 604 2645 ἱερουργεῖν
619 2609 703 2639 ἐστιν,
719 2608 735 2641 ἠ
750 2608 886 2642 σωτήριος

97 2659 179 2686 ουσία
196 2657 327 2693 διηνεκῶς
342 2656 519 2692 ὲνεργείσθω.
531 2656 665 2691 ὐργανον
683 2655 754 2689 ἱερὸν
767 2654 781 2679 ό
797 2653 886 2689 ἱερεὺς

97 2704 263 2740 ἀπεδείχθηι
284 2703 321 2738 μὴ
339 2703 424 2737 ἀργὸν
443 2702 559 2738 μενέτω.
577 2702 664 2729 Δώσει
679 2702 732 2735 γὰρ
746 2702 836 2736 λόγον,
849 2702 888 2732 ὡς

97 2751 251 2785 λογίζομαι,
268 2750 319 2785 τῆς
344 2750 454 2784 ἀργίας·
474 2749 512 2780 ὡς
529 2749 575 2776 καὶ
589 2751 603 2776 ὁ
619 2749 690 2780 θεῖός
707 2756 774 2782 φησι
806 2747 885 2774 Βασί-

150 2811 170 2825 ¹¹
186 2809 278 2837 Matth.
298 2816 375 2842 χχιιι,
390 2808 433 2835 12.

102 2846 123 2863 ³⁸
133 2845 212 2873 Joau.
228 2853 264 2874 vt.
285 2844 328 2872 57.

220 2892 357 2923 Panos.
373 2890 429 2921 Gn.
449 2889 537 2920 CLV.

476 2807 497 2823 ¹³
515 2806 579 2833 Luc.
596 2813 664 2839 xxtt,
679 2805 721 2832 l5.
762 2805 782 2820 η
799 2803 855 2831 Luc
883 2812 949 2837 un,
972 2804 1014 2831 l9.

931 1683 1042 1715 moveri,
1059 1687 1086 1709 et
1101 1687 1202 1709 terram
1217 1682 1359 1711 frondibus
1374 1684 1464 1711 virere
1477 1688 1506 1711 et
1526 1691 1587 1718 qua!
1622 1683 1648 1711 in
1679 1683 1726 1711 illa

930 1733 994 1755 sunt
1008 1729 1222 1764 unumquodque
1239 1731 1311 1764 quod
1331 1730 1384 1765 ipsi
1402 1730 1541 1765 propriunt
1563 1736 1604 1757 est
1621 1737 1701 1765 agere
1713 1739 1722 1757 :

932 1774 1017 1802 multo
1029 1775 1114 1810 magis
1125 1781 1285 1811 operantem
1301 1777 1509 1811 deprehendere
1521 1782 1628 1811 oportet
1643 1783 1725 1811 qut-ut

932 1820 1005 1848 Deus
1022 1821 1164 1849 constituit
1180 1830 1263 1856 super
1278 1830 1347 1857 opus
1364 1822 1572 1849 sanctissimum
1590 1827 1618 1849 et
1639 1822 1727 1850 maxi-

937 1875 1022 1894 ntum.
1041 1869 1073 1895 Et
1095 1868 1118 1895 si
1140 1868 1282 1896 sensibilia
1307 1868 1398 1894 omnia
1430 1869 1490 1895 sine
1516 1868 1725 1896 intermissione

933 1918 1026 1948 agunt,
1047 1913 1091 1940 hic
1105 1921 1206 1947 parvus
1220 1918 1247 1940 et
1258 1914 1340 1940 simul
1357 1921 1471 1949 magnus
1487 1915 1608 1941 mundus
1622 1916 1667 1949 qui
1682 1919 1726 1942 est

934 1961 1027 1993 homo,
1049 1960 1115 1988 illud
1128 1961 1155 1986 in
1169 1968 1198 1987 se
1216 1960 1396 1992 demonstrat,
1413 1968 1496 1996 agens
1517 1961 1640 1995 perfecte
1660 1962 1726 1990 abs-

934 2014 987 2041 que
1002 2007 1107 2041 requie,
1124 2006 1291 2034 sensibiliter
1310 2011 1404 2040 utpote
1418 2007 1594 2034 seusihilibns
1612 2006 1724 2040 similis,

935 2054 1054 2080 ntttritus
1069 2053 1217 2084 alimentis,
1235 2057 1263 2079 et
1285 2061 1412 2080 crescetts
1425 2073 1432 2085 ,
1447 2058 1474 2079 et
1492 2054 1646 2081 successive
1665 2062 1724 2081 tnu-
1764 2067 1768 2070 -

937 2106 1007 2128 tatus
1022 2109 1028 2126 :
1043 2100 1267 2127 intellectualiter
1282 2104 1372 2127 autem
1388 2101 1540 2128 secundum
1557 2101 1627 2135 qttod
1645 2101 1727 2129 habet

936 2157 997 2176 ctnn
1011 2148 1197 2183 intelligentiis
1209 2149 1430 2181 similitudinem,
1441 2149 1574 2176 continuo
1587 2149 1726 2176 intellectu

937 2200 964 2222 et
990 2196 1095 2222 ratione
1120 2196 1217 2222 animae
1238 2203 1294 2223 sua:
1316 2202 1400 2230 agens
1418 2201 1444 2222 et
1463 2203 1577 2223 movens
1594 2204 1601 2223 :
1620 2204 1651 2223 cx
1670 2204 1729 2223 mo-

939 2243 1012 2269 tione
1029 2241 1141 2276 spiritus
1158 2241 1272 2268 humani
1292 2242 1499 2276 iutelligendum
1518 2248 1650 2277 perpetuo
1669 2252 1727 2269 mo-

904 2310 925 2337 D
939 2289 996 2315 veri
1011 2288 1107 2322 agique
1116 2293 1144 2314 et
1162 2295 1242 2322 agere
1256 2287 1456 2314 iutcllet‘tuales
1471 2293 1498 2314 et
1512 2287 1621 2314 divinas
1634 2296 1729 2314 omnes

940 2334 1065 2362 virtutes.
1094 2332 1237 2365 Quomodo
1263 2332 1347 2366 igitur
1373 2332 1521 2358 maximum
1549 2339 1619 2366 opus
1646 2332 1729 2365 hujus

940 2379 1030 2415 magni
1049 2378 1195 2405 ministerii
1211 2378 1269 2408 Dei,
1286 2378 1358 2411 qttod
1372 2382 1414 2404 est
1429 2386 1477 2412 pro
1490 2379 1563 2404 omni
1579 2378 1729 2407 creatione.

940 2434 988 2461 per
1018 2425 1091 2460 quod
1118 2425 1151 2452 ad
1177 2425 1278 2451 bunum
1304 2424 1381 2458 quasi
1415 2428 1638 2451 ntanuducuntur
1670 2431 1731 2459 qum.

939 2477 1025 2503 sttttt,
1053 2471 1109 2497 Deo
1139 2471 1285 2504 conjuncta
1301 2489 1308 2499 .
1333 2475 1360 2496 ct
1385 2469 1475 2495 divina
1503 2470 1592 2499 facta,
1616 2468 1732 2495 maxime

939 2527 1000 2553 quae
1014 2520 1068 2552 jam
1083 2518 1187 2544 ratione
1198 2518 1347 2548 donantur,
1362 2522 1387 2542 et
1400 2524 1454 2550 pro:
1467 2517 1596 2542 clunibus
1606 2513 1732 2542 homine‘s

940 2565 1039 2591 mortui
1055 2564 1151 2596 etvivi,
1163 2564 1311 2598 quomodo,
1326 2562 1447 2596 inquam,
1466 2569 1536 2596 opus
1548 2561 1599 2587 ltoc
1614 2560 1731 2587 Otiosum

941 2617 1063 2638 maneret
1081 2610 1170 2644 aliqua
1187 2609 1360 2644 negligentia,
1372 2616 1432 2641 qua:
1445 2607 1534 2641 pietas
1547 2608 1572 2633 in
1583 2606 1733 2633 saecrdott-

939 2657 992 2684 bus
1006 2656 1190 2690 judicaretur?
1206 2655 1264 2681 Non
1278 2660 1318 2681 est
1330 2654 1402 2680 eniut
1417 2654 1504 2688 pictas
1520 2652 1686 2687 negligentia
1705 2651 1732 2678 in

940 2702 1106 2729 celebrando
1118 2702 1244 2736 mysteria
1257 2709 1264 2734 ;
1277 2700 1331 2727 itno
1344 2705 1384 2727 est
1396 2699 1623 2734 impedimentum
1638 2697 1728 2732 potius

941 2749 1067 2776 sacrificii
1086 2748 1224 2779 salutaris,
1241 2753 1268 2775 et
1288 2748 1347 2783 ejus
1363 2755 1423 2782 quze
1439 2751 1479 2773 est
1496 2754 1529 2772 ex
1542 2753 1574 2772 eo
1594 2743 1731 2771 utilitatis.

1057 2804 1076 2821 ¹⁸
1091 2806 1156 2831 ihitl.
1172 2805 1214 2832 l9,
1258 2805 1278 2820 "
1295 2805 1360 2832 ibid.
1378 2805 1423 2831 ‘20.
1465 2804 1485 2818 ¹⁷
1498 2803 1576 2830 Joau.
1600 2809 1666 2835 xvn,
1688 2801 1732 2830 11.

1480 2884 1515 2915 31
