3960 6064
309 209 384 272 15
1288 208 1695 273 GOSCELINI
1740 206 2372 275 CANTUARIENSIS
2416 206 2798 273 MONACHI.
3645 210 3733 272 16

305 342 437 414 ejus
456 342 768 399 virtutibus
794 342 1097 411 refertum,
1119 344 1250 415 ejus
1281 343 1738 399 charismatibus
1767 341 1964 398 condi-

302 435 451 499 tum,
487 432 614 503 ejus
666 435 1121 504 sanctorumque
1169 431 1463 488 sociorum
1516 431 1703 505 ipsius
1734 448 1875 487 auro
1904 434 1964 486 et

303 520 555 592 gemmis
582 520 930 576 confectum.
963 519 1291 577 Codicellus
1320 525 1409 577 est
1437 520 1687 577 recentis
1710 518 1959 576 transla-

299 606 497 676 tionis,
525 608 949 681 signorumque
980 607 1565 682 ipsius,suorumque
1594 612 1959 675 consortum,

306 711 434 767 quae
482 695 728 753 diversis
783 697 930 753 locis
986 714 1089 770 per
1144 697 1254 754 hoc
1298 698 1417 754 fere
1448 699 1519 754 ab
1551 696 1681 771 ipsa
1711 695 1962 754 transla-

2070 342 2229 397 tione
2251 342 2649 415 septennium,
2675 342 2929 400 testibus
2950 341 3214 399 ﬁdelium
3236 342 3615 415 praesentium
3636 361 3732 401 as—

2072 431 2340 503 pectibus
2372 432 2525 488 clare
2557 436 2785 505 patrata
2816 437 3161 489 noscuntur.
3176 433 3353 489 Beata
3371 432 3458 488 tui
3487 433 3732 506 pontiﬁ-

2072 517 2145 574 cii
2170 522 2454 592 tempora,
2472 519 2533 576 in
2556 520 2772 593 quibus
2792 523 2956 577 tanta
2978 521 3365 578 diuturnitate
3382 520 3583 578 clausa
3600 539 3733 595 par-

2072 608 2329 664 turiente
2376 613 2719 665 sanctorum
2773 614 2948 678 terra,
2984 608 3197 666 reluxit
3235 609 3406 667 nobis
3436 626 3570 666 cum
3600 609 3732 667 suis

2071 696 2321 770 gemmis
2351 697 2473 754 11820
2503 698 2769 772 angelica
2798 698 3156 774 margarita!
3188 703 3297 756 etc.

1604 1031 1920 1161 LIBER
1992 1030 2429 1120 PRIMUS

384 1218 576 1274 CAPUT
614 1218 662 1276 Ι.
734 1216 1129 1275 Translationis
1203 1220 1367 1292 hujus
1433 1222 1633 1291 festum
1688 1219 1818 1274 aliis
1862 1218 1963 1275 SS.
1993 1216 2051 1284 Α
2080 1220 2137 1273 et
2157 1217 2475 1275 Mildrethas
2496 1217 2711 1274 Christi
2730 1218 2975 1293 virginis
3002 1218 3290 1276 nardiﬂua
3318 1218 3564 1293 pignora
3579 1220 3738 1277 mira

310 1323 608 1363 commune.
646 1338 715 1347 ——
755 1307 892 1363 Post
923 1307 1165 1380 antiqua
1192 1305 1509 1380 evangelici
1540 1306 1971 1380 protoparentis

312 1393 620 1469 anglorum
644 1395 956 1469 Augustini
982 1395 1266 1452 solemnia
1290 1396 1432 1452 ccelo
1456 1395 1969 1468 triumphata,quaa

312 1502 500 1559 nuper
528 1486 758 1558 egimus
788 1485 962 1542 laude
992 1486 1218 1555 festiva,
1252 1503 1402 1542 nova
1429 1486 1599 1542 nobis
1629 1486 1818 1541 oritur
1846 1484 1970 1557 glo-

312 1574 420 1646 ria,
440 1591 590 1631 nova
608 1573 829 1641 laetitia,
855 1573 1196 1631 solemnitas
1222 1592 1388 1631 nova.
1417 1574 1550 1647 Ipsa
1582 1578 1672 1631 est
1700 1590 1808 1629 sua
1837 1590 1970 1629 san-

313 1666 662 1734 ctorumque
683 1661 1041 1735 collegarum
1066 1680 1308 1719 suorum
1332 1662 1639 1719 translatio
1663 1679 1971 1734 nova,quas

316 1755 450 1824 post
478 1756 714 1808 centum
745 1752 825 1820 (1)
858 1752 973 1807 fere
1018 1749 1208 1807 lustra
1232 1750 1293 1806 in
1326 1768 1474 1807 nova
1505 1752 1636 1822 ejus
1666 1751 1821 1806 facta
1842 1752 1971 1823 jam

314 1838 472 1895 lucet
500 1839 778 1907 Ecclesia,
812 1843 921 1895 etc.

387 1928 520 1983 CAP.
556 1928 626 1983 II.
656 1932 810 1983 Nova
836 1929 1063 1984 ecclesia
1092 1930 1330 2001 amplior
1366 1931 1691 1986 exstruitur.
1723 1960 1792 1969 ——-
1824 1929 1973 1985 Sub-

316 2017 588 2073 limatum
638 2017 951 2091 augustius
994 2035 1155 2074 novae
1202 2018 1519 2091 Augustini
1557 2018 1811 2075 ecclesiae
1843 2034 1975 2090 pre-

317 2106 640 2179 sbyterium
664 2111 853 2162 totum
890 2105 1033 2162 illud
1067 2122 1202 2163 cum
1233 2106 1445 2180 amplis
1498 2107 1819 2180 porticibus
1851 2123 1974 2162 am-

312 2195 586 2268 plectitur
630 2194 909 2267 spatium,
942 2196 1098 2269 quod
1149 2200 1363 2253 sancta:
1408 2196 1511 2252 Dei
1562 2195 1872 2252 Genitricis
1902 2196 1974 2251 ab

311 2283 532 2341 oriente
562 2282 907 2356 contiguum
956 2284 1296 2356 possederat
1342 2285 1685 2353 oratorium,
1720 2302 1827 2341 suo
1857 2301 1974 2340 cm-

313 2371 670 2446 lestiumque
699 2371 985 2429 virtutum
1008 2373 1140 2446 jugi
1173 2372 1457 2430 solemnio
1489 2390 1555 2430 ac
1585 2373 1773 2448 signis
1802 2372 1974 2429 illus-

312 2460 665 2519 trissimum.
701 2460 848 2516 Hinc
905 2460 1134 2533 reliqua
1163 2462 1328 2518 navis
1374 2462 1588 2518 veteris
1632 2461 1977 2518 monasterii

317 2551 712 2622 cederejussa
742 2549 984 2606 zediﬁcio
1007 2550 1291 2623 surgenti,
1299 2551 1542 2624 jamque
1562 2568 1659 2608 rea
1679 2551 1972 2607 minarum
2005 2584 2055 2651 Β

318 2637 549 2706 excidii,
572 2655 644 2694 ne
663 2639 874 2694 obruat
904 2638 1178 2694 diruitur.
1212 2640 1360 2695 Ante
1387 2643 1583 2695 tamen
1615 2644 1827 2696 cuncta
1849 2656 1979 2696 san-

321 2731 550 2784 ctorum
608 2728 786 2783 turba
827 2726 1102 2783 omnibus
1145 2727 1418 2785 sacrariis
1448 2728 1661 2784 diffusa
1690 2746 1725 2785 a
1745 2729 1980 2801 jactura

324 2816 570 2884 eruitur,
595 2820 654 2871 et
674 2815 836 2872 novis
866 2816 1035 2872 tectis
1066 2818 1390 2888 reponitur,
1413 2816 1566 2872 sicut
1593 2816 1679 2872 illi
1708 2834 1744 2873 a
1772 2816 1979 2873 mundi

324 2905 497 2961 ruina
517 2922 651 2961 cum
678 2905 817 2960 Loth
840 2921 874 2960 a
895 2904 1142 2960 Domino
1166 2904 1507 2961 liberantur.
1535 2907 1629 2962 Sic
1661 2904 1980 2979 apostolica

323 2992 631 3066 Augustini
663 2992 798 3048 aula
827 2994 899 3048 ad
930 2993 1281 3049 destinatam
1308 2999 1525 3050 metam
1555 2995 1853 3062 tendebat,
1875 2993 1976 3049 sed

324 3098 443 3137 suae
475 3081 847 3137 dormitionis
878 3081 1136 3153 porticus
1167 3082 1627 3149 obstabat.Quid
1650 3081 1823 3138 faciat
1841 3098 1977 3153 ergo

323 3174 526 3226 auctor
553 3170 782 3225 aediﬁcii
817 3170 1058 3226 devotus
1085 3171 1267 3226 abbas
1298 3171 1666 3239 Scollandus,
1699 3172 1840 3226 dum
1873 3185 1978 3225 nec

322 3257 423 3314 illa
437 3263 641 3315 sancta
661 3257 983 3331 penetralia
1003 3263 1165 3315 tanto
1197 3276 1314 3314 aevo
1344 3259 1563 3315 intacta
1591 3276 1820 3316 movere
1842 3275 1982 3331 prae-

323 3347 526 3414 sumit,
558 3364 663 3404 nec
707 3364 855 3420 opus
894 3352 1172 3420 coeptum,
1204 3347 1319 3404 nisi
1372 3348 1583 3404 ablatis
1637 3350 1977 3421 obstaculis,

322 3436 636 3509 procedere
665 3435 890 3509 possit;
926 3437 1179 3493 maxime
1229 3452 1365 3492 cum
1414 3438 1806 3510 praadecessor
1834 3455 1981 3494 suus

323 3523 725 3597 praescriptam
747 3524 847 3581 Dei
871 3525 1183 3582 Genitricis
1205 3525 1509 3582 basilicam
1532 3526 1776 3583 fractam
1795 3532 1982 3583 morte

322 3612 522 3669 fuerit.
563 3614 674 3670 Sed
707 3613 834 3687 ipso
866 3613 1018 3669 inter
1048 3614 1171 3671 haec
1205 3632 1456 3687 superno
1484 3615 1725 3671 arbitrio
1757 3616 1828 3672 de
1858 3632 1979 3673 me-

324 3702 421 3757 dio
448 3706 815 3758 terrenarum
861 3719 1137 3758 curarum
1186 3702 1437 3771 sublato,
1471 3704 1756 3760 successit
1799 3705 1981 3761 abbas

321 3788 496 3845 Wido
525 3790 813 3862 (2),eujus
835 3807 988 3846 anno
1020 3795 1229 3862 quarto
1251 3791 1329 3860 (3)
1350 3791 1502 3847 facta
1524 3797 1614 3847 est
1643 3809 1770 3864 quae
1801 3793 1980 3848 ascri-

324 3876 483 3934 bitur
512 3878 841 3935 translatio.
875 3878 979 3935 Cui
1013 3897 1111 3936 rex
1140 3879 1447 3936 consultus
1478 3881 1675 3937 favens
1697 3882 1978 3952 jusserat,

2080 1306 2364 1363 suavitate
2395 1306 2696 1364 vernantis
2726 1308 3069 1369 solemniter
3095 1311 3407 1383 exportari,
3440 1314 3499 1367 et
3526 1308 3735 1366 immi-

2080 1400 2319 1451 nentem
2351 1412 2557 1452 casum
2588 1398 2829 1454 evadere
2860 1397 3014 1454 fecit.

2151 1485 2285 1541 CAP.
2327 1486 2424 1542 ΠΙ.
2458 1486 2663 1544 Iliacam
2704 1489 2849 1544 inter
2896 1489 3095 1544 ruinas
3124 1488 3222 1545 SS.
3254 1488 3532 1561 reliquiw.
3562 1519 3633 1529 —
3658 1489 3741 1544 At

2079 1589 2213 1629 vero
2245 1572 2389 1646 ipsis
2420 1573 3080 1646 primoribus,videlicet
3108 1576 3739 1650 Augustino,Lauren-

2079 1660 2181 1730 tio,
2216 1661 2454 1730 Mellito,
2486 1662 2677 1727 Justo,
2710 1664 2983 1733 Honorio,
3015 1664 3339 1723 Deusdedit
3366 1664 3426 1721 in
3456 1664 3742 1738 praedicta

2081 1748 2388 1805 obrutione
2417 1748 2870 1819 relictis,divina
2898 1752 3257 1824 protectione
3285 1753 3454 1825 quasi
3486 1769 3739 1809 manum

2083 1837 2635 1906 submittente,saxs
2668 1843 2725 1895 et
2752 1838 2913 1913 ligna
2941 1841 3501 1914 pepercere,quibus
3531 1841 3743 1897 durior

2082 1926 2345 1982 humana
2400 1927 2715 1984 obstinatio
2765 1945 2883 1984 non
2932 1930 3204 2003 pepercit.
3242 1931 3388 1987 Nam
3422 1930 3521 1986 ubi
3553 1934 3739 1986 tanta

2086 2014 2269 2073 moles
2290 2014 2667 2088 lapidum,tra
2675 2015 2840 2073 bium
2853 2021 3258 2091 tectorumque
3269 2019 3736 2092 plumbatorum,

2085 2122 2212 2176 quae
2246 2109 2623 2161 sacrosancta
2669 2123 2914 2179 corpora
2958 2107 3296 2175 obruerant,
3330 2112 3472 2164 sunt
3499 2107 3735 2175 ablatas,

2083 2210 2287 2249 omnes
2309 2193 2419 2249 illae
2442 2192 2678 2249 illorum
2701 2194 3059 2267 sepulcrales
3080 2195 3376 2252 aadiﬁculze
3390 2213 3525 2253 cum
3537 2200 3741 2253 essent

2085 2281 2341 2338 fractiles
2372 2287 2430 2338 et
2456 2282 2744 2354 lateritiaa,
2774 2284 2876 2340 sed
2906 2288 2964 2341 et
3016 2285 3327 2358 scalpturae
3358 2290 3418 2342 et
3446 2285 3740 2358 imagines

2085 2370 2360 2444 angelicae
2381 2388 2515 2428 cum
2539 2371 2840 2429 Dominica
2859 2374 3167 2446 majestate
3179 2375 3254 2448 (5)
3266 2391 3443 2448 super
3462 2376 3735 2432 tumbam

2084 2459 2383 2534 magniﬁci
2412 2461 2720 2534 Augustini
2748 2461 2993 2519 miriﬁce
3022 2462 3546 2531 formatas,cunctis
3562 2464 3743 2520 mira-

2086 2548 2221 2606 cula
2249 2548 2350 2605 Dei
2381 2549 2849 2607 acclamantibus
2877 2549 3072 2607 illaesa:
3095 2568 3436 2626 apparuere.

2157 2637 2293 2692 CAP.
2319 2636 2412 2693 ιν.
2438 2669 2506 2678 ——
2528 2637 2806 2694 Restabat
2826 2637 3062 2694 interim
3091 2638 3284 2711 paries
3316 2639 3744 2713 australis,qua

2085 2726 2263 2797 parte'
2279 2724 2473 2781 almus
2496 2726 2883 2800 Augustinus,
2898 2743 3179 2799 sacerque
3201 2727 3518 2785 Deusdedit
3547 2729 3743 2801 quies-

2085 2812 2323 2881 cebant;
2348 2812 2449 2885 qui
2478 2814 2715 2870 tandem
2737 2813 2921 2870 multo
2943 2814 3120 2871 ariete
3141 2815 3392 2884 solutus,
3408 2817 3549 2873 dum
3579 2821 3745 2874 certo

2087 2904 2234 2956 nutu
2291 2905 2526 2958 sanctos
2592 2918 2983 2975 oppressurus
3058 2905 3407 2975 crederetur,
3466 2906 3742 2977 protinus

2087 2988 2480 3045 inmstimabili
2510 2990 2613 3046 Dei
2645 2990 3063 3064 virtute,quasi
3084 2991 3144 3059 in
3178 2988 3402 3049 saltum
3425 2994 3739 3062 excutitur,

2088 3082 2147 3133 et
2165 3078 2238 3133 ad
2261 3083 2529 3135 austrum
2550 3085 2754 3136 contra
2774 3079 3144 3153 impellentes
3173 3086 3335 3139 totus
3361 3082 3588 3157 integra
3606 3081 3745 3139 soli-

2088 3166 2271 3224 ditate
2301 3168 3141 3243 prosternitur;quantumque
3170 3175 3372 3227 vastus
3400 3177 3459 3228 et
3488 3171 3745 3228 cacumi-

2089 3259 2263 3311 natus
2285 3259 2428 3324 erat,
2444 3259 2675 3312 tantum
2697 3256 2871 3328 spatii
2894 3259 3100 3328 jacens
3122 3258 3467 3330 occupabat.
3481 3257 3587 3313 Vix
3609 3274 3737 3314 eva-

2089 3343 2305 3400 sissent
2336 3344 2523 3400 securi
2569 3345 3030 3418 impugnatores,
3064 3346 3179 3403 nisi
3211 3346 3305 3403 his
3335 3363 3589 3420 superna
3617 3347 3739 3405 cle-

2088 3432 2311 3489 mentia
2339 3437 2678 3488 sanctorum
2700 3432 2926 3489 meritis
2952 3433 3325 3507 pepercisset.
3343 3437 3494 3493 Tum
3514 3451 3648 3492 vero
3666 3437 3744 3492 ad

2087 3523 2210 3576 tam
2241 3520 2481 3577 evidens
2513 3521 2750 3594 signum
2799 3521 3023 3578 clamor
3067 3521 3418 3581 laudisonus
3457 3524 3749 3581 attollitur

2089 3609 2543 3666 omnium.Nam
2576 3610 2677 3683 qui
2709 3610 2983 3684 superius
3012 3611 3255 3669 dilectos
3286 3613 3529 3671 obrutos
3559 3630 3748 3671 serva-

2087 3703 2269 3771 verat,
2284 3699 2379 3756 hic
2401 3716 2473 3757 ne
2494 3700 2855 3769 obrueretur,
2870 3701 3120 3757 vetabat.
3138 3702 3234 3759 Sic
3250 3701 3599 3776 plerumque
3618 3702 3746 3777 ipse

2090 3792 2432 3845 sanctorum
2454 3787 2800 3846 miriﬁcator
2819 3788 2969 3846 alios
2988 3789 3048 3846 in
3071 3791 3283 3848 mediis
3300 3791 3540 3865 ignibus
3560 3796 3747 3865 prote-

2090 3878 2283 3950 gebat,
2317 3878 2390 3933 ab
2422 3876 2554 3933 aliis
2583 3876 2761 3934 etiam
2785 3878 2952 3952 ignes
2982 3879 3264 3954 fugabat;
3298 3880 3444 3937 istos
3473 3898 3578 3953 per
3606 3897 3747 3954 pro-

323 3969 391 4022 ut
421 3982 556 4022 cum
604 3966 953 4040 pontiﬁcum
983 3971 1041 4023 et
1084 3967 1365 4024 abbatum
1395 3949 1864 4042 populorumque
1894 3949 1980 4026 af?-
2009 3949 2055 4020 (ἶ
2092 3949 2342 4021 i'undum
2374 3966 2554 4023 maris
2587 3966 2740 4023 sicco
2768 3949 3013 4042 vestigio
3044 3949 3368 4035 transtulit,
3388 3949 3535 4026 alios
3566 3949 3745 4043 super

323 4054 566 4111 ﬂuentia
594 4055 1004 4112 decentissime
1035 4061 1231 4131 ageret
1262 4056 1383 4112 haec
1414 4056 1722 4127 solemnia,
1754 4057 1983 4115 volebat

322 4147 381 4201 et
407 4142 533 4217 ipse
562 4143 862 4214 interesse,
898 4146 999 4201 sed
1032 4150 1172 4201 tunc
1202 4146 1326 4202 ibat
1354 4147 1435 4217 (4)
1464 4146 1524 4202 in
1553 4146 1979 4220 expeditionem

323 4232 574 4290 Scottite.
607 4232 720 4289 Sed
752 4234 1270 4303 monasteriarcha,
1302 4235 1405 4291 ubi
1452 4236 1663 4292 turrim
1722 4237 1980 4310 praefatis

322 4320 648 4395 porticibus
678 4323 1212 4394 supereminentem
1245 4328 1493 4398 augusto
1517 4325 1747 4399 fastigio
1769 4326 1981 4382 extule-

323 4413 435 4479 rat,
452 4411 595 4466 dum
618 4409 906 4483 reliquam
928 4411 1131 4485 templi
1156 4413 1351 4469 navim
1382 4414 1723 4486 protendere
1750 4415 1976 4488 ﬂagrat,

323 4498 469 4554 illud
492 4500 659 4556 beato
670 4517 800 4556 rum
823 4500 1162 4557 cubiculum
1180 4519 1354 4558 morm
1372 4502 1700 4574 impatiens,
1718 4519 1835 4575 qua
1850 4520 1981 4559 san-

323 4587 399 4643 cti
419 4594 783 4658 eruerentur,
810 4589 943 4644 torti
975 4590 1154 4647 ariete
1184 4591 1486 4662 subvertit,
1509 4595 1710 4664 totque
1739 4592 1978 4664 superni

323 4676 486 4749 regni
518 4677 814 4751 principes
845 4678 1183 4752 longiturna
1203 4695 1343 4750 pace
1364 4684 1689 4752 soporatos,
1705 4681 1980 4737 festinata

324 4766 498 4821 modo
526 4764 738 4822 virtute
771 4766 1187 4840 negligentiam
1218 4772 1530 4824 excusante
1560 4769 1771 4825 obruit.
1794 4771 1979 4826 Antea

321 4857 520 4910 tamen
551 4855 977 4929 condignorum
1007 4860 1344 4912 sanctorum
1364 4857 1603 4913 Adriani
1626 4858 1977 4916 confessoris
2054 4863 2068 4878 ‘

395 5004 470 5078 (4)
501 5006 657 5062 Obiit
685 5024 779 5063 an.
810 5010 936 5062 707.

395 5080 471 5149 (2)
506 5077 565 5132 Id
598 5083 688 5149 est
717 5095 868 5135 anno
900 5080 1059 5134 4091.

393 5148 471 5225 (3)
497 5148 870 5225 Scellandus,
905 5154 972 5205 ut
1001 5149 1220 5225 dicitur
1255 5149 1410 5207 infra
1439 5169 1566 5225 cap.
1601 5152 1809 5210 ultimo
1840 5153 1975 5211 libri

319 5233 383 5286 II,
405 5219 706 5297 ’obiitpuno
732 5221 824 5297 die
855 5225 988 5275 ante
1019 5221 1392 5297 Guillelmum
1418 5219 1641 5297 regem,
1674 5226 1731 5281 id
1764 5230 1854 5281 est
1884 5226 1976 5281 die

2089 4056 2279 4111 undas
2308 4071 2540 4112 currere
2570 4055 2728 4112 fecit.

2159 4144 2294 4201 CAP.
2325 4148 2393 4201 V.
2424 4144 2535 4201 Sub
2563 4145 2656 4202 dio
2685 4146 2915 4205 relicta.
2949 4178 3017 4189 —
3045 4146 3291 4203 Jacuere
3328 4149 3472 4203 tunc
3500 4162 3605 4219 per
3632 4162 3741 4203 no-

2086 4250 2217 4291 vem
2246 4234 2643 4290 hebdomadas
2692 4234 2803 4290 illas
2855 4234 3119 4292 caelestes
3166 4235 3383 4292 exuvias
3413 4235 3525 4292 sub
3552 4235 3648 4292 dio
3672 4252 3739 4293 ac

2088 4323 2139 4378 si
2159 4321 2420 4396 vulgaria
2448 4323 2654 4379 funera
2684 4322 3051 4396 cxpesitze,et
3079 4325 3152 4380 ad
3183 4340 3420 4381 omnem
3450 4324 3737 4396 impetum

2087 4411 2239 4468 aeris
2259 4429 2324 4468 ac
2346 4411 2607 4469 sordium
2632 4417 2889 4484 patuere.
2911 4411 3090 4477 Adeo,
3114 4412 3262 4484 proh
3294 4412 3460 4468 dolor
3481 4412 3494 4467 l
3528 4417 3738 4470 terres-

2085 4501 2192 4557 tris
2205 4500 2616 4557 dissimulabat
2635 4499 3199 4573 indignitas,quibus
3219 4499 3458 4573 angelos
3471 4502 3737 4558 coneives

2087 4589 2488 4662 frequentasse
2545 4590 2839 4645 credimus
2888 4589 3183 4646 excubias.
3215 4590 3488 4646 Certabat
3541 4594 3736 4646 tamen

2086 4678 2333 4734 fratrum
2364 4677 2589 4735 devotio
2620 4694 2724 4750 pro
2755 4694 2862 4734 suo
2895 4676 3137 4734 modulo
3187 4677 3562 4734 defensacula
3608 4694 3738 4751 spe-

2086 4767 2218 4824 ciali
2240 4766 2489 4840 principi
2519 4784 2625 4823 suo
2656 4784 2865 4840 parare
2892 4767 3241 4841 Augustino.

2157 4857 2287 4913 CAP.
2320 4856 2415 4911 VI.
2447 4857 2735 4929 Negligens
2762 4858 3083 4930 corripitur.
3117 4888 3187 4897 —-
3217 4854 3612 4929 Composuere
3640 4859 3738 4912 tu-

2086 5008 2311 5092 pbit‘um
2343 5008 2522 5065 diem
2543 5008 2746 5092 Nonas.
2768 5008 3130 5092 Septembris
3159 5006 3739 5092 consignavit..Scol-

2084 5080 2259 5137 lando
2315 5080 2600 5137 successit
2653 5080 2865 5150 Wido;
2880 5098 2951 5137 ex
2998 5080 3342 5137 monasterii
3392 5080 3613 5153 gremio
3644 5095 3739 5135 as-

2085 5155 2471 5296 Ϊόυέἲξῖἓεέηιῐ
2495 5220 2844 5279 Guillelmus
2876 5223 3085 5295 Rufus,
3100 5222 3200 5296 qui
3221 5240 3291 5296 ex
3308 5220 3737 5296 Nortbmannia

318 5304 423 5345 vm
453 5290 812 5386 S‘ept‘em‘bris
843 5309 995 5386 anno
1014 5294 1185 5386 “1087‘.
1220 5290 1577 5386 Guillelgﬁis
1623 5290 1780 5386 enim
1827 5297 1973 5381 Cpn-
2003 5319 2053 5386 Β
2084 5294 2192 5350 hoc
2210 5290 2384 5386 annos,
2403 5309 2605 5386 mense
2623 5296 2889 5386 Ap‘gu‘sLto
2920 5290 3290 5386 reversi-1min
3314 5291 3733 5386 M1alc‘bolmum

317 5366 561 5488 guestor
576 5361 925 5488 Rothom‘agi
937 5364 1068 5419 defu
1080 5370 1247 5419 nctus
1271 5370 1359 5420 est
1375 5383 1429 5420 ιχ
1445 5367 1807 5439 Septembris
1823 5369 1971 5439 ejus-

357 5448 451 5488 em
477 5432 638 5488 anni.
669 5450 739 5488 ex
777 5433 821 5488 Ο
898 5433 1051 5488 erico
1094 5434 1271 5488 Vitali
1310 5441 1368 5488 et
1413 5437 1542 5488 aliis
1584 5440 1920 5488 auctoribus
1954 5456 1968 5488 :

357 5448 451 5489 em
477 5433 638 5502 anni,
669 5450 739 5490 ex
777 5433 1051 5491 Orderico
1094 5434 1271 5491 Vitali
1310 5441 1368 5491 et
1413 5433 1542 5493 aliis
1584 5433 1920 5495 auctoribus
1954 5456 1968 5494 :

316 5502 455 5575 hinc
484 5504 885 5568 emendandus
914 5505 1264 5568 Guillelmus
1295 5507 1514 5578 Thorn,
1541 5509 1645 5586 qui
1677 5509 1972 5569 Scollandi

2083 5382 2279 5447 regem
2309 5365 2642 5421 Scottorum
2672 5364 3155 5425 Northumbriam
3198 5364 3576 5421 infestantem
3607 5379 3732 5421 mo-

2082 5442 2232 5587 Vlt('5)
2261 5508 2324 5567 Id
2356 5510 2447 5568 est
2474 5510 2575 5569 ss.
2604 5508 2911 5571 Trinitatis
2940 5526 3047 5569 seu
3074 5507 3315 5567 Christi.
