3960 6064
174 308 247 375 (7
1030 308 1236 376 HI‘ST.
1280 306 1718 375 TRANSLAT.
1769 308 1837 373 S.
1882 308 2334 375 AUGUSTINI.
2369 343 2448 357 --
2476 311 2627 377 LIB.
2671 312 2724 377 Ι.
3510 303 3589 373 18

181 441 400 519 gurium
432 440 703 502 assiculis
732 441 815 516 (id
841 441 942 519 est)
972 443 1166 518 parvis
1191 443 1535 513 asseribus),
1570 447 1628 501 et
1671 459 1827 499 unus
1853 439 2172 513 A'exsiliit,
2202 442 2487 519 longeque
2514 443 2853 516 ventilatus,
2887 460 3091 503 omnes
3105 440 3389 502 tammira
3404 460 3584 518 quam

184 538 269 591 aut
294 533 414 589 duo
444 550 547 606 pro
576 531 896 590 artitudine
924 532 1184 590 vicissim
1206 533 1571 607 agitatabant
1584 531 1815 607 vigilias

178 639 299 680 cum
326 622 652 678 luminibus
680 626 739 677 et
768 610 1017 679 canticis
1046 622 1261 679 divinis
1287 640 1301 690 ;
1329 621 1431 678 ubi
1463 639 1649 678 unum
1669 623 1815 678 forte

178 727 371 768 somno
402 715 829 784 praegravatum
859 727 969 767 vox
997 712 1199 768 audita
1227 710 1516 783 increpuit
1538 710 1811 778 :«Ethic,

176 801 378 873 inquit,
409 816 526 856 non
554 800 897 856 dormitioni
911 801 1013 856 sed
1028 798 1454 857 orationilocus
1467 800 1765 872 congruit;
1784 821 1812 850 ››

175 906 284 962 qua
311 888 673 962 correptione
703 889 884 945 frater
911 887 1010 945 ille
1035 888 1378 963 vigitantior
1404 892 1496 945 est
1544 889 1813 946 redditus

174 979 229 1034 in
258 994 445 1051 prece.

239 1070 371 1122 Car.
402 1066 525 1122 VII.
576 1065 911 1123 Omamenta
952 1067 1095 1123 mire
1139 1074 1434 1123 servantur
1478 1096 1547 1108 -—
1593 1067 1813 1124 Deinde

176 1156 404 1213 candela
433 1154 649 1223 oblata,
681 1154 1033 1212 candelabro
1046 1154 1809 1230 negligenteraffixa,super

174 1244 461 1301 tumulum
490 1243 679 1300 sancti
709 1243 911 1300 linteis
941 1248 1001 1301 et
1030 1244 1226 1318 palliis
1258 1244 1604 1302 solemniter
1633 1262 1812 1302 orna-

174 1338 291 1389 tum
319 1332 552 1401 decidit,
584 1332 787 1406 ibique
814 1332 999 1389 trium
1028 1335 1244 1406 pedum
1275 1337 1528 1390 tractum
1543 1334 1814 1406 signante

174 1420 358 1478 favilla
384 1421 651 1490 (aberant
678 1422 838 1478 enim
868 1421 1167 1495 custodes)
1199 1423 1434 1479 exarsit.
1467 1424 1729 1479 Tandem
1742 1441 1812 1480 su

174 1514 497 1585 perventum
529 1509 892 1584 est,candela
922 1510 1140 1580 ablata,
1176 1510 1372 1568 favilla
1403 1528 1668 1579 excussa,
1703 1507 1812 1568 lin-

176 1603 263 1655 tea
285 1602 341 1655 et
367 1597 549 1671 pallia
580 1615 826 1671 prorsus
851 1599 1075 1656 intacta
1104 1600 1349 1668 fulsere;
1382 1616 1499 1673 quo
1528 1600 1813 1658 miraculo

176 1703 360 1745 omnes
385 1688 505 1744 Deo
536 1688 760 1761 gratias
790 1688 1151 1745 exsultanter
1180 1689 1504 1745 reddidere.

1921 533 2222 607 inexperta
2255 535 2418 607 prius
2452 535 2762 592 dulcedine
2795 534 3056 608 replevit.
3107 537 3346 609 Quoque
3393 537 3583 609 magis

1920 622 2042 678 haec
2072 622 2456 679 balsamatica
2488 624 2776 696 apotheca
2796 624 3189 693 reserabatur,
3204 641 3269 680 eo
3283 625 3580 697 profusius

1918 712 2064 767 odor
2092 711 2342 769 caelestis
2364 712 2769 783 jaculabatur.
2804 712 3095 769 Continuo
3128 713 3292 770 locus
3324 714 3396 769 ob
3447 714 3576 788 glo-

1919 800 2066 856 riam
2099 801 2287 857 Patris
2320 806 2376 857 et
2406 801 2693 873 impetum
2716 801 3177 873 populieortinis
3193 802 3575 870 ambitur,in-

1919 893 2136 961 tusque
2161 890 2479 946 afidelibus
2492 889 2831 946 domesticis
2846 890 3571 967 desiderantissimusthe-

1921 995 2135 1035 saurus
2161 982 2581 1051 perscrutatur.

1991 1066 2127 1123 CAP.
2160 1067 2227 1123 X.
2260 1068 2519 1140 Aperitur
2550 1068 2817 1123 tumulus.
2850 1099 2916 1108 —
2957 1068 3089 1124 Jam
3138 1072 3371 1141 patente
3421 1069 3570 1126 ostio

1919 1156 2078 1213 clara
2106 1155 2421 1212 luminaria
2449 1156 2816 1229 ingeruntur,
2836 1160 2892 1213 et
2907 1173 3039 1213 ecce
3059 1157 3282 1230 Anglize'
3298 1157 3576 1214 Christia-

1919 1244 2121 1300 nitatis
2149 1244 2453 1300 institutor
2481 1245 2876 1317 primicerius,
2910 1248 2994 1301 tot
3024 1245 3255 1301 seculis
3272 1246 3575 1303 abscondi-

1918 1337 2036 1402 tus,
2069 1338 2191 1389 tam
2218 1332 2607 1401 desideratus,
2642 1337 2763 1389 tam
2799 1349 3012 1406 magno
3045 1350 3223 1405 quam
3274 1334 3572 1406 insperato

1921 1423 2135 1497 gaudio
2166 1426 2461 1489 ostensus,
2480 1426 2611 1495 post
2626 1439 2811 1478 annos
2830 1423 2947 1477 fere
2966 1408 3320 1494 quingentos
3339 1423 3571 1497 conspi-

1920 1512 2093 1567 citur.
2128 1512 2278 1567 Sane
2308 1514 2394 1567 tot
2424 1511 2877 1583 tempestatibus
2906 1510 3214 1578 bellorum,
3248 1514 3411 1567 tanto
3428 1511 3576 1567 dilu-

1918 1601 2009 1657 vio
2041 1618 2426 1675 paganorum,
2444 1600 2789 1657 exterminio
2801 1599 3173 1672 populorum,
3190 1600 3567 1657 subversione

1918 1689 2157 1746 urbium
2205 1693 2260 1745 et
2310 1688 2712 1754 ecclesiarum,
2746 1687 2897 1744 mira
2925 1689 3025 1745 Dei
3060 1689 3417 1762 protectione
3448 1694 3567 1745 Au-

238 1776 358 1833 Car.
390 1776 542 1833 VIII.
578 1807 649 1879 τι
694 1776 1004 1879 ϐωῗάυιῖυδ
1051 1793 1147 1877 ep:
1186 1776 1453 1877 Roﬂ‘enais
1498 1778 1810 1879 transtatio-
1839 1812 1890 1879 Β
1919 1778 2324 1852 gustinianum
2355 1776 2733 1879 vestibulum,
2766 1777 3165 1877 ut-arca.Noe,
3200 1792 3571 1876 semperme-

174 1878 287 1921 κιαι
306 1866 460 1937 facit.
494 1896 569 1905 —
597 1865 729 1921 Jam
760 1865 888 1922 dies
914 1864 1807 1939 propositusgratissimeilluxe—
1839 1864 1889 1879 ”
1918 1867 2095 1924 nebat
2118 1866 2428 1921 intactum.
2462 1864 2627 1921 Unde
2657 1869 2715 1920 et
2744 1865 2868 1929 ubi,
2891 1869 2950 1920 et
2972 1865 3126 1920 sicut
3145 1864 3423 1937 primitus
3444 1866 3571 1938 ipse

175 1957 255 2008 rat
280 1969 451 2009 sacra
480 1952 910 2009 translationis.
942 1952 1121 2008 Adest
1146 1952 1499 2010 venerabilis
1550 1952 1810 2026 pontifex

176 2039 411 2098 ecclesia
438 2039 735 2098 Roﬂ‘ensis
765 2040 1122 2109 Gundulfus,
1156 2041 1257 2113 qui
1272 2046 1413 2097 tunc
1429 2041 1810 2115 archiprmsu-

172 2129 238 2185 lis
262 2129 513 2185 defuncti
546 2130 656 2199 (5‘)
685 2128 973 2185 auetorali
1004 2128 1127 2185 vice
1174 2129 1448 2202 pollebat.
1501 2129 1806 2203 Progredi—

170 2224 261 2274 tur
282 2235 415 2275 cum
432 2219 644 2277 abbate
656 2222 714 2274 et
723 2217 996 2275 Patribus
1009 2234 1075 2275 ac
1087 2217 1438 2275 officialibus
1450 2218 1807 2292 bymnidicis

176 2308 237 2363 ad
264 2307 407 2364 illud
436 2308 725 2364 Sanctum
746 2311 1109 2377 sanctorum,
1126 2308 1197 2364 ad
1210 2306 1357 2364 illud
1372 2307 1604 2364 Domini
1619 2324 1808 2363 sacra-

174 2397 311 2452 rium
340 2413 409 2453 ac
438 2396 931 2470 propitiatorium.
963 2396 1143 2453 Jubet
1174 2395 1433 2468 primum
1465 2397 1809 2453 summiAu-

174 2484 373 2560 gnstini
403 2482 618 2558 aperiri
642 2503 658 2554 ;
691 2501 865 2541 nemo
894 2484 1299 2558 approximare
1329 2485 1723 2558 praesumpsit,
1738 2486 1808 2540 ti-

176 2584 291 2630 mor
314 2590 517 2630 omnes
550 2573 890 2630 absterruit.
928 2573 1171 2630 Videres
1218 2574 1475 2630 artiﬁces
1518 2578 1803 2646 tanquam

173 2678 287 2719 reos
329 2662 436 2719 sub
455 2661 769 2732 judicibus
796 2666 856 2718 et
885 2661 1276 2735 quaestoribus
1288 2662 1616 2718 acfulmine
1628 2662 1805 2735 trepi-

175 2750 382 2807 dantes.
406 2751 693 2807 Viderant
720 2751 949 2823 pridem
964 2750 1265 2825 egregium
1272 2752 1555 2824 juvenem
1570 2767 1805 2807 monas-

171 2838 283 2896 terii
310 2839 595 2895 artiﬁcem
625 2838 798 2895 celeri
826 2843 1013 2895 morte
1040 2838 1487 2912 multatum,qui
1493 2840 1672 2911 jussu
1688 2840 1791 2895 ab-

173 2928 307 2984 batis
336 2929 568 3001 primus
614 2927 769 2983 hanc
816 2943 1045 2984 sacram
1076 2928 1368 3000 porticum
1398 2928 1672 3000 impulit;
1700 2944 1806 2984 nec

174 3014 257 3073 iile
282 3021 397 3073 tam
425 3010 735 3073 ofﬁciosus
764 3016 1029 3073 excusari
1062 3016 1275 3089 potuit,
1307 3017 1447 3089 quia
1467 3014 1805 3089 praeceptori

174 3104 417 3173 obedivit,
447 3104 599 3177 quin
630 3120 869 3176 pmnam
900 3104 1364 3178 praesumptricis
1382 3104 1586 3178 gratiae
1607 3105 1802 3171 luerit,

1913 1972 2049 2012 cum
2077 1954 2265 2011 beatis
2295 1952 2534 2026 collegis
2564 1952 2689 2009 suis
2719 1969 2754 2008 a
2782 1952 2875 2009 die
2907 1952 3278 2009 dormitionis
3311 1959 3401 2009 est
3429 1971 3568 2009 con-

1913 2043 2097 2110 ditus,
2131 2043 2333 2099 eodem
2353 2041 2480 2098 loco
2503 2044 2560 2098 et
2580 2041 2787 2097 eodem
2808 2041 2982 2097 modo
3003 2040 3461 2097 immotissimus
3482 2046 3573 2098 est

1912 2132 2203 2188 inventus.
2239 2131 2477 2186 Patebat
2504 2131 2692 2185 forma
2722 2134 2780 2185 et
2812 2130 3116 2203 quantitas
3141 2130 3422 2202 corporis,
3452 2131 3572 2204 pie-

1912 2224 2004 2277 tas
2033 2225 2091 2277 et
2120 2218 2371 2293 qualitas
2401 2218 2656 2291 antiquae
2688 2217 3106 2284 obsecutionis,
3140 2218 3461 2292 primasque
3480 2224 3571 2275 tu-

1912 2307 2273 2364 mulationis.
2325 2306 2596 2362 Cernitur
2642 2322 2777 2362 cum
2808 2305 3030 2373 casula,
3064 2305 3218 2369 alba,
3252 2306 3421 2372 stola,
3456 2308 3558 2363 ba-

1912 2395 2355 2464 culo,sandaliis
2380 2394 2723 2468 caeterisqne
2753 2394 3570 2467 pontificalibusinstrumen-

1912 2485 2010 2554 tis,
2061 2489 2128 2540 ut
2174 2488 2481 2557 putaretur
2526 2483 2717 2539 adhuc
2768 2501 2987 2539 carnea:
3034 2483 3410 2557 integritatis,
3445 2485 3561 2542 nisi

1911 2578 2103 2630 tactus
2134 2574 2440 2646 probasset
2470 2573 2865 2629 conditionem
2898 2572 3299 2642 mortalitatis;
3326 2591 3451 2646 quae
3475 2579 3563 2630 ta-

1913 2680 2049 2720 men
2080 2668 2170 2719 est
2201 2662 2274 2718 ad
2290 2666 2671 2736 augmentum
2686 2661 3267 2735 gloriaeimmortalis.
3285 2662 3563 2720 Omnium

1914 2769 2052 2825 ergo
2098 2750 2249 2807 votis
2297 2749 2639 2822 speluncam
2685 2749 2845 2805 illam
2916 2750 3334 2807 inestimabilis
3395 2751 3566 2824 pretii

1914 2839 2340 2896 thesaurariam
2363 2838 2572 2894 fratres
2594 2838 2787 2894 idonei
2811 2855 2947 2894 enm
2970 2855 3203 2895 summo
3222 2839 3562 2913 ingrediun-

1910 2933 2011 2985 tur
2038 2933 2289 2985 tremore
2320 2944 2387 2984 ac
2417 2928 2757 2996 reverentia,
2792 2945 2926 2984 cum
2959 2945 3127 3000 prece
3156 2933 3213 2985 et
3241 2928 3413 2985 laude
3448 2932 3555 2986 Da-

1910 3018 2119 3075 vidica.
2150 3016 2447 3090 Colligunt
2467 3015 2527 3071 in
2579 3016 2796 3072 scrinia
2832 3016 3091 3085 linteata,
3116 3022 3173 3073 et
3196 3017 3438 3089 palliata
3456 3018 3559 3075 illa

1914 3123 2109 3171 aurea,
2144 3122 2211 3161 ac
2240 3120 2509 3178 gemmea
2536 3103 2800 3177 pignora,
2826 3104 3169 3177 compagine
3182 3106 3561 3163 etharmonia

175 3193 260 3249 sed
285 3193 716 3250 ﬁdentissimus
736 3193 1047 3266 episcopus
1060 3177 1189 3265 jam
1212 3177 1489 3250 triduana
1510 3193 1804 3250 abstinen-
1833 3177 1876 3244 C
1915 3193 2200 3267 corporali
2228 3177 2339 3249 rite
2370 3192 2713 3265 composita.
2745 3193 2967 3249 Asserit
2992 3193 3167 3248 etiam
3199 3192 3412 3265 aliquis
3429 3193 3557 3250 illo-

178 3280 251 3336 tia
274 3281 571 3355 praelibata
600 3298 637 3337 a
668 3281 966 3350 fratribus,
987 3286 1248 3338 armatus
1272 3272 1405 3349 fide,
1432 3298 1600 3355 prece
1621 3298 1688 3337 ac
1711 3282 1806 3337 deo

178 3369 399 3443 ratione,
426 3370 591 3427 ultro
621 3370 1040 3426 ferramentum
1060 3369 1804 3438 invadit,ictumintumbae

180 3457 396 3515 flentem
424 3456 617 3528 dedit,
653 3474 878 3531 suoque
905 3457 1170 3532 exemplo
1200 3463 1259 3515 et
1286 3457 1520 3515 hortatu
1546 3458 1804 3531 reliquos

174 3544 223 3602 in
248 3562 384 3620 opus
412 3547 723 3604 animavit.

230 3638 355 3692 ω.
382 3637 473 3693 ΙΧ.
508 3635 659 3693 Odor
683 3639 871 3693 suavis
910 3652 941 3693 θ
984 3637 1231 3709 sepulcro
1277 3636 1335 3693 S.
1386 3636 1700 3706 Augustini.
1733 3666 1805 3678 --

176 3723 345 3781 Primo
373 3724 902 3798 praestantissimus
928 3724 1219 3781 artiﬁcum
1249 3725 1551 3799 magister,
1565 3725 1805 3798 templi-

173 3828 270 3885 que
294 3813 634 3887 spectabilis
647 3812 1223 3882 dictatorBlitherus,
1240 3814 1495 3887 expetita
1508 3813 1804 3887 pontificis

169 3902 575 3971 benedictione,
604 3902 853 3975 trepide,
876 3902 1197 3977 lacrymose
1212 3907 1270 3959 et
1284 3904 1623 3976 prostratim
1640 3920 1801 3960 acce-

169 3988 260 4055 dit,
287 3990 589 4064 altareque
618 3991 830 4065 capitis
857 3990 1806 4065 summiAugustiniadpavimen-

170 4083 279 4134 tum
307 4080 599 4136 exhaurit.
634 4079 719 4136 Ibi
749 4080 1187 4153 complanatum
1208 4097 1353 4136 areae
1371 4079 1519 4136 Parii
1540 4096 1800 4136 marmo-

170 4165 241 4222 ris
267 4169 526 4225 candens
554 4184 761 4224 saxum
793 4168 1147 4241 quadratum
1170 4168 1431 4225 offendit.
1450 4170 1573 4235 Quo
1590 4168 1802 4241 paulu-

166 4254 278 4312 lum
302 4262 519 4326 evecto,
543 4274 860 4329 erumpens
881 4274 1058 4330 vapor
1077 4258 1406 4314 nardiﬂuus
1428 4257 1800 4330 quaesitorem

164 4354 324 4400 suum
357 4346 415 4401 in
448 4362 552 4402 ora
585 4345 986 4415 reverberavit,
1019 4350 1078 4402 et
1107 4361 1170 4403 se
1200 4347 1406 4402 adesse
1435 4345 1535 4418 qui
1580 4362 1800 4418 quaere-

165 4432 343 4502 batur,
375 4452 487 4490 sua
519 4433 806 4491 suavitate
834 4433 1094 4506 pulsanti
1142 4433 1464 4507 respondit.
1520 4433 1805 4490 Intellexit

1914 3300 2047 3341 rum
2093 3281 2347 3339 veridica
2390 3280 2723 3336 constantia
2770 3298 2833 3337 se
2880 3281 3034 3336 inter
3062 3280 3230 3336 illum
3260 3281 3557 3354 pulverem

1911 3370 2370 3447 pigmentarium
2418 3369 2636 3426 solidas
2683 3370 2877 3425 adhuc
2925 3386 3131 3426 carnes
3162 3369 3560 3452 quingentarii

1912 3460 2162 3534 depositi
2213 3475 2391 3515 manu
2443 3457 2780 3531 contigisse,
2831 3462 2889 3513 et
2935 3457 3280 3530 suppliciter
3308 3457 3555 3516 fovisse:

1913 3552 2067 3607 unde
2096 3548 2192 3605 hic
2224 3547 2430 3603 merito
2459 3545 2771 3602 estimatur
2799 3546 2923 3602 haec
2953 3562 3123 3602 sacra
3153 3546 3325 3619 gleba
3357 3546 3417 3601 in
3458 3565 3558 3603 cu-
3611 3543 3615 3547 ’

1912 3638 2103 3696 stodia
2132 3651 2397 3708 supernae
2427 3633 2651 3708 gratias,
2691 3634 3030 3707 longiturna
3077 3635 3321 3691 durasse
3368 3635 3560 3692 incor-

1912 3727 2204 3800 ruptione.

1983 3792 2118 3871 ὸλρ.
2177 3813 2272 3870 x1.
2331 3815 2418 3869 re
2468 3829 2668 3884 magna
2724 3812 3060 3868 solemnitas.
3116 3813 3175 3867 δ.
3254 3792 3562 3886 Adgum'ni

1911 3920 2106 3977 corpus
2154 3904 2506 3974 transfertur.
2562 3933 2629 3942 —
2678 3900 2904 3956 Interea
2952 3900 3174 3955 indicta
3220 3919 3255 3956 a
3312 3900 3558 3973 praesule

1911 4010 2146 4050 summa
2175 3996 2233 4048 et
2263 3990 2421 4047 omni
2456 3990 2641 4046 nitore
2667 3988 2877 4044 laetitiae
2929 3990 3175 4046 colenda
3222 3991 3554 4058 festivitate,

1910 4087 2102 4139 totum
2151 4078 2575 4136 monasterium
2622 4078 2943 4134 adornatur
2970 4083 3254 4151 tanquam
3286 4078 3557 4135 Paschali

1911 4170 2215 4245 dignitate.
2266 4167 2568 4240 Extemplo
2616 4171 2791 4222 tanta:
2845 4166 3117 4222 novitatis
3174 4168 3556 4240 fragrantiam

1911 4258 2111 4333 procul
2139 4259 2418 4315 odoratur
2446 4257 2621 4312 turba
2641 4258 2883 4321 remota,
2930 4256 3173 4311 conﬂuit
3222 4257 3365 4313 urbs
3414 4261 3554 4323 tota,

1910 4349 2161 4404 inundat
2206 4347 2430 4415 Cantia,
2481 4345 2743 4417 undique
2793 4349 3151 4401 concurrunt
3205 4345 3557 4419 populorum

1911 4435 2588 4508 examinaﬁratulantur
2600 4433 2957 4491 immensum
2973 4433 3363 4507 Augustinum
3380 4449 3555 4488 suum

164 4518 241 4610 vir
264 4523 525 4610 prudens
554 4522 711 4579 ultro
738 4521 1022 4591 oblatum,
1058 4538 1230 4596 quem
1264 4522 1382 4579 alto
1411 4523 1633 4579 fossatu
1647 4521 1802 4580 etla'
1831 4546 1879 4610 Β
1904 4528 2031 4599 jam
2063 4524 2231 4597 quasi
2264 4524 2335 4579 de
2366 4526 2553 4579 morte
2582 4522 2911 4588 reductum,
2944 4526 3050 4577 etc.
3087 4522 3438 4610 Exportatur

164 4607 383 4667 borioso
432 4610 685 4683 quaesita
734 4611 1147 4668 formidaverat
1192 4614 1289 4667 vix
1344 4610 1796 4679 inveniendum;

1909 4632 2021 4688 que
2052 4630 2185 4670 cum
2217 4611 2378 4668 omni
2409 4614 2623 4666 ornatu
2660 4615 2717 4665 et
2745 4625 3022 4680 processu
3055 4607 3563 4681 acjubilocelebri-

166 4700 517 4772 stupensque
546 4704 603 4755 et
627 4703 885 4756 tremens
915 4700 1171 4773 lapidem
1203 4699 1800 4772 reposuit,atquehoc
1904 4703 2044 4760 tatis
2058 4699 2487 4766 ecclesiasticae,
2530 4714 2668 4753 cum
2683 4713 2889 4752 vocum
2932 4713 2998 4752 ac
3017 4696 3415 4770 cymbalorum
3429 4713 3560 4753 mo-

165 4784 470 4843 miriﬁcum
500 4787 1041 4861 thymiamaterium
1054 4787 1322 4860 occlusit,
1334 4789 1702 4861 perpendens
1715 4804 1802 4844 sa-

165 4872 379 4945 pienter
409 4893 527 4933 non
557 4876 651 4933 sui
682 4892 812 4935 esse
839 4877 1017 4933 ofﬁcii
1047 4876 1298 4933 ulterius
1327 4877 1621 4950 progredi.
1639 4876 1802 4933 Cedit

166 4959 330 5034 illico,
358 4968 609 5022 testatus
637 4966 959 5024 summisse
980 4965 1297 5039 quaesitum
1324 4965 1538 5040 pignus
1560 4965 1796 5035 adesse;

167 5066 261 5108 nec
286 5054 515 5110 tacebat
547 5054 773 5112 interea
786 5055 953 5129 jugis
979 5053 1328 5128 psalmodia.
1348 5053 1618 5111 Protinus
1622 5055 1798 5127 jussu

168 5138 384 5197 abbatis
416 5142 661 5199 fratrum
693 5143 972 5200 manibus
1000 5147 1332 5200 removetur
1360 5141 1677 5216 praedictus
1714 5142 1799 5198 la-

172 5226 271 5298 pis.
300 5228 453 5285 Tum
482 5247 613 5287 vero
640 5231 850 5307 ingens
880 5231 1124 5304 spiritus
1155 5230 1642 5288 suavissimorum
1675 5248 1800 5287 aro-

173 5321 385 5373 matum
406 5318 567 5376 velut
594 5338 629 5377 a
654 5326 886 5394 pectore
916 5325 975 5378 et
1003 5337 1102 5378 ore
1130 5319 1477 5377 dormientis
1490 5320 1802 5393 Augustini

234 5439 337 5517 (δ’)
394 5441 569 5500 Sedes
619 5444 1061 5517 Cantuariensis
1117 5445 1191 5500 ab
1252 5460 1406 5517 anno
1470 5444 1623 5511 1089,
1686 5461 1802 5517 quo

178 5508 475 5583 defunctus
502 5520 590 5571 est
620 5516 1004 5583 Lanfrancus,
1034 5532 1218 5572 vacua
1247 5515 1360 5570 fuit
1391 5532 1578 5583 usque
1610 5508 1721 5572 'ad'
1742 5518 1801 5572 S.

178 5580 421 5640 Ansclmi
451 5586 878 5647 ordinationem
898 5580 1202 5645 ann01093
1218 5587 1453 5644 factam.
1470 5580 1805 5645 Gundulfus

1907 4789 2223 4858 dulatione,
2276 4804 2413 4844 cum
2462 4801 2854 4857 supernorum
2902 4788 2963 4839 et
3008 4784 3354 4842 infimorum
3403 4784 3562 4842 socia

1908 4876 2426 4953 congratulatione,
2459 4878 2635 4946 atque
2660 4888 2794 4928 cum
2809 4872 2919 4929 hac
2938 4872 3189 4931 altisona
3202 4873 3407 4947 gloria,
3424 4879 3561 4931 ante

1908 4967 2313 5023 authenticum
2342 4964 2522 5021 altare
2561 4978 2928 5019 summorum
2964 4963 3561 5037 apostolorum,velut

1908 5055 2242 5128 depositum
2256 5050 3558 5124 coelestecomponitur,doneeparatodecenter

1908 5145 2077 5200 thoro
2108 5142 2442 5199 collocetur.
2479 5140 2665 5195 Tanta
2695 5156 2830 5194 vero
2861 5144 3163 5213 gratarum
3187 5138 3403 5195 Christi
3417 5139 3554 5195 cha-

1910 5233 2155 5288 rismata
2181 5228 2645 5285 refundebantur
2675 5227 2733 5281 in
2766 5227 3051 5300 populum
3083 5228 3153 5283 de
3184 5227 3333 5283 tanti
3368 5227 3557 5283 Patris

1912 5319 2239 5387 dulcedine,
2272 5322 2338 5373 ut
2364 5316 2522 5373 velut
2552 5316 2863 5372 incensum
2895 5315 3117 5388 passim
3148 5313 3446 5371 stillarent
3474 5314 3558 5370 1a-

1913 5445 2066 5502 anud
2098 5445 2343 5499 Bcccum
2367 5440 2426 5494 in
2451 5437 2877 5495 Northmannia
2897 5439 3223 5496 monachus
3243 5439 3432 5495 fuerat
3452 5438 3562 5493 sub

1963 5512 2188 5573 erluino
2215 5510 2447 5569 abbate.
2480 5513 2622 5583 Ejus
2650 5509 2784 5565 Vita
2813 5510 2971 5566 edita
3000 5516 3090 5567 est
3118 5514 3260 5566 tom.
3281 5511 3330 5566 Il
3348 5507 3564 5582 Anglice

1915 5604 2089 5645 sacra:
2124 5605 2180 5659 p.
2213 5586 2339 5641 275.
