3942 6056
373 281 450 341 19
1212 361 1227 377 ,
1313 295 1726 375 eosceum
1769 299 2399 373 CANTUARIENSIS
2441 305 2822 373 MONACHI.
3692 309 3780 375 eo

371 416 584 489 crymis
614 417 847 511 laetitiae,
881 423 1097 495 quibus
1128 425 1226 483 ille
1256 429 1382 486 dies
1411 435 1663 503 paterna:
1695 434 2011 507 presentiaa
2041 437 2097 505 Α
2128 440 2194 492 ut
2223 439 2487 496 omnium
2520 440 2876 499 interventor
2903 443 3199 501 adoretur.
3233 442 3374 511 Quis
3390 460 3527 501 vero
3548 447 3777 502 tantam

370 522 436 560 eo
469 511 640 562 tenus
672 509 1046 570 inestimatus
1079 517 1365 587 potuisset
1391 519 1729 578 clarescere.

440 597 574 652 CAP.
602 598 722 653 XII.
750 602 908 672 /Egri
936 613 1226 661 sanantur.
1261 638 1328 647 —-
1360 608 1474 664 Nec
1502 616 1666 665 vacat
1712 610 1938 667 interea
1983 630 2019 668 a

371 685 560 742 salute
591 687 685 743 ille
715 688 879 746 locus
908 692 1124 764 prioris
1150 696 1383 767 quietis,
1408 698 1768 755 illelectulus
1782 700 2015 772 prolixae

370 773 781 849 dormitiongs;
833 781 980 836 calet
1028 785 1225 855 magni
1275 784 1475 842 incolae
1511 789 1809 858 accubitu,
1843 789 2017 844 sudat

370 863 589 934 Opifera
616 866 899 935 balsama,
934 876 991 926 et
1022 872 1196 928 odore
1226 891 1331 929 suo
1363 876 2013 949 curatmorbidazzegri,

371 950 656 1025 languidi,
689 956 927 1025 debiles,
961 964 1237 1017 contracti
1264 964 2014 1039 veniuntvespere,etinco-

372 1040 562 1099 lumes
594 1045 841 1101 redeunt
866 1066 1056 1117 mane,
1087 1056 1197 1106 etc.

443 1136 575 1189 CAP.
627 1135 772 1190 XIII.
820 1140 1044 1194 Inimici
1088 1144 1443 1200 reconciliati.
1498 1175 1564 1185 —
1610 1145 1820 1218 Magna
1851 1149 2017 1200 erant

372 1225 512 1277 tunc
545 1225 614 1279 de
642 1226 952 1299 Augustini
984 1231 1252 1301 praesidio
1284 1232 1570 1289 miracula
1626 1233 2015 1306 corporalium

372 1312 716 1382 sanitatum,
766 1318 864 1371 sed
920 1320 1145 1390 majora
1184 1326 1323 1375 sunt
1354 1323 1619 1377 cordium
1651 1326 2014 1379 senatorum.

369 1400 639 1459 Vidimus
670 1403 765 1460 hic
788 1405 1530 1477 irremediabilesinimicos
1545 1412 2020 1484 convenisse,qui

368 1491 439 1545 ad
466 1495 647 1547 sancti
665 1498 1022 1564 praesentiam
1053 1501 1395 1555 reconciliati
1421 1510 1549 1556 sunt
1582 1543 1595 1569 ,
1629 1505 1739 1557 etc.
1775 1501 1838 1556 In
1895 1506 2017 1556 tam

370 1596 517 1635 nova
546 1584 784 1654 tamque
816 1585 1095 1656 praeclara
1125 1588 1435 1645 festivitate
1467 1590 1781 1662 episcopus
1804 1589 2020 1646 missas

369 1669 617 1725 candido
649 1672 824 1727 choro
856 1675 1253 1746 conjubilante
1285 1677 1560 1740 celebrat.
1594 1683 1651 1735 et
1680 1683 1814 1751 post
1846 1696 2017 1734 evan-

367 1757 585 1828 gelium
614 1760 685 1815 de
716 1765 876 1818 tanto
911 1764 1059 1819 tanti
1093 1767 1320 1837 patroni
1353 1767 1611 1839 tripudio
1644 1768 1859 1840 populo
1893 1784 2013 1823 ser-

369 1863 603 1903 monem
636 1849 957 1922 dispensat,
987 1858 1163 1909 tanta:
1197 1854 1347 1910 lucis
1379 1855 1722 1928 mysterium
1756 1873 1890 1911 cum
1912 1873 2015 1929 spe

367 1934 550 1991 beatae
583 1941 1048 2009 resurrectionis,
1082 1942 1324 1998 visionis
1355 1948 1411 1999 et
1428 1944 2014 2017 cohabitationisejus

366 2031 659 2097 perpetuae
710 2028 959 2085 ﬁdeliter
1004 2032 1258 2087 intimat.
1316 2034 1609 2089 Postremo
1641 2038 2010 2105 peccatorum

366 2113 816 2184 absolutionem,
849 2119 1269 2189 pmnitentibus
1292 2121 1719 2188 remissionem,
1736 2122 1892 2176 omni
1910 2139 2010 2193 po-

364 2201 501 2273 pulo
532 2205 762 2260 confluo
793 2208 1057 2277 ejusdem
1093 2209 1263 2281 primi
1288 2210 1556 2282 praesulis
1576 2215 1634 2265 et
1656 2209 2011 2266 institutoris

364 2291 457 2345 sui
488 2291 608 2348 vice
638 2298 811 2366 atque
842 2297 1296 2353 auctoritatedat
1314 2298 2012 2372 bcnedictionem,peren-

361 2395 614 2452 nemque
646 2382 703 2437 in
738 2383 969 2440 Christo
1001 2387 1310 2442 conﬁrmat
1340 2404 1563 2459 pacem.

434 2468 566 2525 CAP.
600 2471 742 2527 XIV.
778 2474 1127 2545 Congaudent
1156 2478 1361 2545 angeli.
1396 2508 1462 2517 —
1494 2478 1759 2548 Superna
1781 2494 2011 2550 quoque

364 2559 602 2629 agmina
630 2559 722 2616 his
753 2561 1055 2619 solemniis
1087 2564 1480 2637 eongratulari
1504 2566 2009 2623 suntvisa.Conti-

364 2646 451 2716 git
481 2647 603 2703 haec
634 2649 998 2707 celebrabilis
1028 2653 1335 2710 translatio
1369 2654 1428 2709 in
1460 2655 1734 2721 Sabbato,
1757 2656 2008 2712 ouisan—

367 2740 470 2790 etas
503 2736 604 2791 Dei
638 2738 777 2794 Geni
789 2740 948 2795 tricis
978 2742 1259 2798 Nativitas
1272 2743 2007 2802 succedebatdietertio.ln

364 2822 495 2895 ipso
508 2825 761 2882 Sabbato
775 2830 1237 2902 etsubsequente
1250 2836 1418 2887 nocte
1432 2832 1753 2899 Dominica,
1768 2833 2009 2906 pervigil

369 2928 612 2969 suorum
670 2921 868 2973 custos
925 2919 1293 2991 Augustinus
1349 2937 1483 2976 cum
1530 2922 2009 2992 pernoctantibus

368 3001 747 3072 psalmicanis
778 3010 912 3061 ante
943 3007 1331 3078 apostolicum
1362 3008 1543 3065 altare
1564 3008 2010 3081 praestolabatur

367 3096 713 3163 apparatum
744 3095 1121 3166 requietionis
1152 3114 1291 3153 suis.
1325 3099 1426 3153 Est
1455 3103 1650 3154 autem
1683 3099 2006 3155 Cantiensis

2123 527 2267 582 vidit
2296 528 2651 586 oblationem
2685 530 2741 586 in
2778 548 2942 599 auro,
2977 536 3238 606 argento,
3266 533 3780 601 cerisetcandelis,

2125 615 2371 689 aliisque
2385 618 2609 675 resollis
2624 620 2886 676 fidelium
2898 621 2925 676 Ἰ
2940 621 3219 677 Miraculo
3231 626 3355 677 erat
3367 621 3643 680 omnibus
3654 629 3777 679 tam

2124 704 2356 761 insueta
2382 708 2572 779 copia,
2605 725 2719 764 non
2750 709 3059 781 capiebant
3082 709 3203 766 haec
3222 709 3450 779 altaria,
3478 727 3593 767 non
3617 712 3779 767 sufﬁ-

2124 794 2355 849 ciebant
2383 795 2784 869 colligentium
2817 798 3158 866 certamina,
3190 802 3391 854 noctes
3422 803 3479 855 et
3508 799 3635 855 dies
3658 816 3775 857 non

2126 883 2469 954 quiescebat
2499 885 2868 941 offerentium
2904 888 3092 952 turba,
3128 891 3239 943 etc.

2196 970 2331 1027 CAP.
2366 972 2503 1027 XVI.
2566 975 2995 1046 Trans/“eruatur
3040 983 3093 1032 et
3136 976 3243 1032 alii
3269 977 3470 1032 sancti.
3504 1007 3570 1017 —
3601 976 3778 1034 Vole-

2124 1050 2267 1115 bant
2288 1063 2426 1116 tunc
2455 1065 2514 1116 et
2542 1062 2743 1118 beatos
2771 1064 2899 1134 ejus
2924 1068 3225 1120 consortes
3267 1065 3606 1131 transferre,
3636 1082 3782 1137 qua-

2125 1148 2288 1204 tinus
2317 1166 2436 1205 una
2465 1151 2729 1222 ejusdem
2761 1150 2876 1207 diei
2905 1151 3212 1209 celebritas
3238 1152 3416 1209 unius
3429 1154 3781 1226 astringeret

2126 1237 2341 1293 mentis
2374 1237 2648 1311 collegas.
2681 1239 2897 1295 Verum
2929 1245 2988 1297 et
3020 1242 3147 1313 ipso
3170 1241 3779 1315 dieetsequenti,qum

2125 1330 2269 1391 erat,
2304 1331 2369 1381 ut
2398 1326 2739 1398 praedictum
2771 1334 2882 1397 est,
2911 1329 3245 1386 Nativitatis
3276 1330 3481 1388 Matris
3496 1329 3782 1386 Altissimi

2124 1414 2485 1487 Verbigena,
2520 1416 2579 1471 in
2614 1434 2730 1473 uno
2761 1419 3090 1491 Augustino
3120 1419 3522 1491 componendo
3566 1436 3785 1475 manus

2127 1504 2336 1559 dedere
2366 1521 2380 1572 ;
2415 1521 2521 1559 nec
2553 1506 2906 1563 suffecerant
2936 1507 3781 1581 prorsus,intercurrentejugi

2126 1590 2386 1664 plebium
2419 1592 2860 1666 glomeratione,
2894 1612 3041 1669 opus
3062 1595 3523 1668 explere.Tertio
3537 1597 3783 1653 demum

2126 1680 2240 1746 die,
2274 1680 2331 1736 id
2363 1686 2454 1738 est
2484 1682 2654 1739 tertia
2687 1684 2849 1749 feria,
2883 1685 2978 1740 vix
3002 1684 3308 1741 aediculam
3341 1689 3399 1741 et
3420 1686 3781 1759 Opertorium

2128 1770 2469 1825 accubantis
2501 1771 2668 1828 ducis
2699 1773 3015 1829 eonfecere.
3036 1774 3501 1839 Quartatandem
3518 1775 3635 1842 die,
3651 1792 3785 1848 quas

2122 1861 2212 1912 est
2241 1862 2450 1929 quarta
2478 1859 2642 1927 feria,
2679 1860 2846 1932 quasi
2874 1861 3403 1933 expeditislacertis
3418 1862 3487 1917 ad
3507 1861 3777 1918 beatissi-

2123 1962 2252 2002 mos
2284 1947 2730 2005 contubernales
2761 1953 2818 2005 et
2831 1966 3201 2006 successores
3215 1967 3374 2019 suos,
3394 1950 3777 2007 Laurentium

2122 2052 2189 2090 ac
2221 2035 2509 2091 Mellitum
2538 2037 2645 2109 (6),
2674 2037 2955 2109 adipsum
2974 2038 3297 2111 principem
3313 2039 3785 2096 devehendosae-

2122 2140 2369 2179 cessere.
2391 2125 2740 2182 Laurentius
2753 2142 2884 2181 cum
2903 2125 3030 2199 ipso
3044 2128 3192 2183 duce
3204 2127 3533 2199 Augustino
3554 2126 3787 2200 primus

2118 2214 2296 2282 venit,
2330 2230 2465 2271 cum
2496 2231 2613 2287 quo
2642 2219 2699 2270 et
2727 2214 2944 2270 diaboli
2973 2215 3165 2271 aciem
3198 2216 3427 2287 primus
3456 2215 3635 2288 rupit,
3661 2215 3783 2287 pri-

2120 2318 2374 2375 musque
2406 2304 2478 2359 ab
2498 2302 2626 2375 ipso
2649 2304 2841 2360 adhuc
2852 2303 3076 2360 vivente
3088 2304 3396 2361 ordinatus
3407 2302 3777 2377 archiponti-

2120 2391 2231 2459 fex,
2267 2394 2333 2446 ut
2362 2392 2656 2463 quondam
2691 2397 2930 2448 sanctus
2961 2392 3228 2448 Clemens
3242 2409 3476 2448 summo
3495 2392 3778 2449 Petrosu-

2119 2480 2341 2551 perstiti
2378 2481 2692 2548 successit;
2728 2481 3011 2536 Mellitum
3031 2498 3163 2537 vero
3179 2481 3604 2538 electissimum
3621 2498 3770 2553 pra:-

2117 2567 2577 2624 cellentissimus
2602 2569 2916 2641 Gregorius
2935 2570 3262 2642 Augustino
3284 2569 3583 2642 postmisit
3603 2568 3773 2626 auxi-

2115 2655 2352 2713 liarium
2370 2656 2427 2712 in
2442 2656 2743 2729 procinctu
2755 2657 2967 2714 Christi
2983 2663 3217 2715 strenue
3238 2658 3766 2716 succenturiatum.

2117 2743 2198 2800 De
2229 2744 2396 2801 beato
2429 2745 2741 2802 Laurentio
2769 2746 2939 2802 dulce
2958 2750 3453 2803 essetmemoratu
3467 2746 3764 2819 quomodo

2118 2838 2416 2889 mortuum
2448 2833 2835 2902 suscitaverit,
2869 2852 3046 2907 super
3075 2835 3266 2891 undas
3300 2834 3478 2891 maris
3508 2834 3765 2908 pedibus

2117 2922 2460 2992 cucurrerit,
2493 2921 2627 2994 igne
2651 2922 2722 2977 de
2753 2922 2891 2978 caelo
2916 2927 3149 2979 evocato
3166 2922 3379 2980 virtute
3394 2923 3530 2979 Eliae
3547 2923 3768 2996 impios

2116 3010 2591 3083 conﬂagraverit;
2627 3010 2919 3083 quomodo
2948 3010 3170 3067 fontem
3189 3013 3371 3069 aridis
3386 3011 3529 3069 locis
3545 3013 3768 3086 produ-

2117 3103 2276 3155 ctum
2308 3099 2366 3154 in
2380 3103 2731 3172 perpetuum
2745 3099 2932 3156 rivum
2945 3100 3235 3169 effuderit,
3254 3117 3766 3175 quapoenaarcea-

364 3179 506 3237 civis
537 3182 839 3256 presbyter
868 3185 1232 3254 notissimus,
1266 3187 1519 3258 probatae
1548 3186 1682 3243 fidei
1713 3204 1780 3243 ac
1807 3188 2007 3244 verilo-
2036 3172 2079 3239 C
2116 3192 2214 3243 tur
2242 3188 2437 3244 omnis
2469 3187 2819 3244 feminarum
2831 3204 3107 3245 accessus
3121 3189 3193 3245 ab
3209 3172 3619 3262 moles—imque
3631 3191 3768 3262 ejus

364 3269 506 3340 quii,
541 3272 640 3343 qui
662 3277 800 3328 tunc
814 3273 961 3329 forte
974 3274 1625 3346 hospitatusWintoniae
1644 3278 2004 3346 (Wincesler),

362 3357 421 3413 in
454 3358 582 3431 ipsa
613 3365 781 3417 nocte
809 3362 1113 3418 Dominica
1133 3364 1493 3420 circalucem
1507 3366 2004 3436 parabatdomum

362 3447 569 3503 redire.
604 3450 746 3505 Ecce
762 3454 956 3507 autem
974 3452 1122 3507 inter
1137 3469 1260 3508 som
1270 3453 1486 3508 nolenti
1495 3470 1590 3507 am
1602 3453 1687 3508 vel
1701 3454 1975 3510 exstasim
1987 3498 2001 3521 ,

362 3540 426 3590 ut
459 3535 950 3611 illejurejurando
965 3541 1377 3613 adstipulatur,
1392 3542 2001 3598 viditcminuscmlum

360 3629 626 3695 apertum
641 3629 1325 3701 superAugustinianum
1340 3630 1647 3703 templum,
1664 3630 2003 3703 scalamque

360 3712 631 3770 flammeo
666 3716 890 3790 fulgore
919 3719 1243 3774 radiantem
1280 3720 1351 3774 ab
1383 3720 1512 3791 ipsa
1541 3721 2005 3792 supernajanua

358 3818 545 3873 usque
559 3802 617 3859 ih
631 3808 1081 3878 caputejusdcm
1099 3807 1753 3880 ecclesiae,qua‘sanctus
1767 3808 1998 3864 Domini

358 3892 873 3966 accubabat,quasi
892 3896 1225 3957 columnam
1242 3896 2000 3970 libratam,angelorumque

358 3979 601 4036 chorum
634 3985 1055 4041 candidissimo
1086 4001 1153 4040 ae
1184 3984 1660 4056 splendidissimo
1677 3984 1881 4041 habitu
1897 4004 2000 4059 per

355 4065 516 4123 illam
550 4072 994 4133 descendentem
1026 4074 1282 4145 usquein
1298 4074 1485 4146 ipsam
1500 4073 1877 4145 apostolicam
1891 4092 1998 4131 au-

356 4156 501 4228 lam;
536 4164 721 4214 totum
754 4178 886 4217 vero
918 4162 1337 4217 monasterium
1369 4162 1534 4233 quasi
1568 4161 1996 4235 ingensglobus

357 4247 817 4303 flammivomum
852 4255 1051 4306 tantus
1070 4250 1311 4323 fulgoris
1325 4251 1524 4305 radius
1538 4268 1670 4306 cum
1688 4251 1813 4322 ipsa
1825 4251 1994 4306 scala:

354 4336 721 4393 extremitate
753 4337 1095 4404 involvebat,
1134 4343 1198 4394 ut
1232 4356 1571 4411 repercusso
1594 4340 1991 4411 intuitu,quid

354 4424 730 4495 intrinsecus,
761 4426 847 4481 vel
881 4427 1035 4482 circa
1065 4444 1133 4483 ea
1162 4427 1290 4483 loca
1313 4433 1585 4501 ageretur
1639 4429 1993 4500 perpendere

351 4514 637 4587 nequiret,
670 4521 782 4571 etc.

421 4606 556 4661 CAP.
589 4605 704 4661 XV.
737 4608 1069 4677 Populorum
1100 4605 1423 4662 oblationes.
1474 4637 1543 4645 —
1590 4606 1809 4661 Deinde
1859 4610 1991 4678 post

346 4693 447 4749 illa
496 4696 736 4750 Sabbati
788 4696 935 4750 festa
983 4694 1255 4761 recentia,
1306 4695 1620 4767 aﬂ‘ulgente
1666 4694 1991 4761 Dominica,

348 4783 461 4838 alia
490 4783 816 4854 Augustino
850 4782 1183 4838 festivitatis
1215 4782 1574 4838 secundatur
1602 4782 1806 4853 gloria,
1856 4800 1992 4839 cum

345 4872 615 4927 universa
646 4872 855 4926 chorea
875 4871 1086 4925 iterum
1105 4870 1419 4926 candidata
1431 4876 1483 4925 et
1499 4878 1839 4943 purpurata,
1854 4889 1989 4927 cum

343 4961 623 5034 praecipiti
642 4959 985 5032 populorum
1020 4960 1191 5014 fluvio
1223 4964 1273 5014 et
1292 4959 1991 5033 altisonolaudumjubilo

341 5051 621 5105 adornato
654 5047 1989 5113 solemnissimethalamocollocatur,ubinunc

339 5156 372 5193 a
420 5139 607 5193 fronte
654 5142 710 5192 et
752 5137 895 5192 facie
946 5135 1199 5191 ecclesia:
1252 5136 1491 5207 pervigil
1544 5136 1892 5207 speculator,
1926 5144 1983 5193 et

338 5232 535 5282 custos
566 5227 798 5289 domus,
832 5224 1621 5298 urbisque,ettotiusAnglim
1641 5243 1985 5282 suaeaurosa

336 5314 579 5369 mdicula
607 5314 922 5382 excubans,
958 5314 1065 5369 rite
1085 5314 1157 5369 ab
1176 5313 1791 5381 omnibusveneratur,
1808 5320 1983 5386 atque

401 5441 487 5506 (6)
517 5441 730 5494 Eorum
755 5437 947 5493 Vitam
972 5437 1240 5493 dedimus
1261 5436 1481 5492 Smculo
1508 5437 1553 5491 II
1578 5436 1968 5491 Benedictino.

344 5507 927 5588 Laurentiuscolitur
941 5527 974 5564 η
994 5508 1309 5588 Februarii,
1324 5508 1967 5588 Mellitusxvaprilis.

407 5583 479 5654 (7)
511 5580 801 5637 Malcolmi
834 5598 995 5650 uxor,
1027 5598 1153 5651 quae
1184 5579 1326 5635 adeo
1360 5578 1571 5651 pietate
1618 5578 1847 5646 enituit,
1901 5585 1965 5633 ut

2117 3276 2466 3348 apostolatui
2497 3280 2792 3333 exstructa
2820 3281 2878 3332 et
2905 3280 3346 3334 consecrataest
3359 3276 3419 3333 in
3433 3277 3769 3346 Scottia;ut

2114 3381 2304 3437 nuper
2350 3364 2553 3436 regina
2600 3364 2833 3420 Scottia)
2882 3363 3101 3437 inclyta
3147 3365 3444 3438 Magareta
3490 3367 3592 3439 (7),
3623 3383 3764 3424 cum

2113 3452 2510 3509 oblationibus
2558 3452 2784 3508 aditum
2834 3456 3059 3509 tentare
3107 3470 3253 3510 ausa
3296 3453 3490 3510 subito
3521 3453 3601 3510 sit
3627 3471 3764 3527 per-

2112 3558 2287 3597 cussa
2312 3546 2485 3613 atque
2517 3540 2772 3613 repulsa,
2808 3541 2909 3597 sed
2922 3541 3268 3598 clericorum
3281 3542 3760 3613 precerestituta.

2111 3629 2326 3686 Verum
2377 3629 2463 3685 hae
2512 3628 2621 3684 loci
2670 3629 2988 3685 artitudino
3036 3629 3308 3687 exclusus
3351 3631 3759 3703 praetermitto,

2110 3718 2247 3773 alibi
2297 3718 2413 3775 Deo
2461 3718 2759 3791 aspirante
2809 3719 3137 3775 retexenda.
3188 3718 3565 3775 Mellitissimi
3620 3737 3759 3778 vero

2111 3807 2335 3875 Molliti,
2368 3806 2801 3879 archipraesulis
2830 3824 2865 3862 a
2892 3806 3186 3880 primitivo
3213 3806 3540 3880 Augustino
3570 3808 3755 3877 tertii,

2108 3895 2525 3967 probatissima
2553 3896 2836 3952 sanctitas
2864 3895 2924 3950 in
2956 3895 3755 3964 HistoriaﬁdelissimiBedae,
3840 3952 3845 3955 _

2107 3985 2562 4057 conflagrantem
2592 3985 2795 4040 urbem
2830 3983 3191 4041 Dorobernize
3205 3984 3635 4057 semetignibus
3649 4002 3755 4057 op-

2106 4073 2296 4145 posito
2327 4073 2554 4141 liberat,
2580 4074 2849 4131 ﬂammas
2866 4078 3185 4129 retrorsum
3200 4076 3543 4143 tempestate
3554 4076 3611 4127 et
3622 4078 3755 4127 tur-

2106 4160 2241 4216 bine
2285 4160 2593 4218 violentius
2643 4161 2969 4235 propulsat,
3021 4177 3056 4217 a
3092 4160 3262 4231 cujus
3295 4158 3439 4215 facie
3472 4158 3754 4217 redidunt

2102 4249 2376 4321 ventique
2398 4250 2661 4323 rogique,
2678 4254 3038 4323 pereuntque
3050 4248 3223 4305 citius
3237 4264 3371 4304 cum
3385 4266 3491 4304 suo
3506 4252 3750 4306 terrore.

2108 4337 2292 4408 Hujus
2321 4338 2495 4393 etiam
2524 4338 2695 4409 primi
2712 4336 3749 4408 pontiﬁcisetilluminatorisLundo-

2101 4426 2211 4481 nia:
2242 4426 2547 4499 condignis
2579 4424 2803 4480 meritis
2825 4424 3438 4497 adscriptumlegitur,
3454 4426 3751 4496 quomodo

2020 4538 2067 4602 Ι)
2099 4514 2374 4586 inclytam
2422 4511 2747 4602 ecclesiam,
2775 4511 3289 4602 Westmonasterii
3332 4512 3752 4602 (Wesaninster)

2098 4610 2265 4659 nocte
2295 4600 2606 4658 Dominicae
2638 4600 2775 4666 diei,
2798 4618 2914 4673 qua
2927 4599 3305 4656 dedicaturus
3320 4599 3512 4656 eratin
3527 4600 3752 4657 honore

2103 4690 2385 4763 Principis
2415 4688 2838 4762 apostolorum,
2870 4688 2996 4761 ipse
3026 4687 3280 4762 claviger
3309 4689 3562 4744 arduum
3594 4706 3749 4762 opus

2102 4778 2523 4852 prazvenerit,et
2535 4794 2637 4849 per
2648 4776 2996 4849 piscatorem
3012 4780 3381 4833 transvectus
3393 4778 3746 4834 Tamensem

2101 4868 2339 4923 ﬂuvium
2371 4868 2449 4933 (la
2484 4867 2735 4935 Tamise),
2768 4883 2940 4946 omne
2971 4866 3230 4922 officium
3262 4870 3320 4920 et
3347 4864 3633 4922 solemnia
3650 4866 3750 4922 de-

2099 4955 2407 5011 dicationis
2435 4955 2828 5011 ecclesiastico
2858 4955 3062 5011 ordine
3091 4954 3347 5027 exegerit
3372 4952 3744 5025 ;quodclaris

2098 5044 2332 5101 indiciis
2361 5044 2576 5100 intueri
2610 5044 2743 5111 fuit,
2775 5048 2952 5117 atque
2983 5044 3042 5099 in
3074 5043 3312 5117 signum
3344 5042 3479 5097 facti
3503 5040 3744 5099 xenium

2091 5133 2354 5205 pontiﬁci
2388 5132 2677 5204 insignem
2710 5132 2930 5203 piscem
2957 5132 3204 5188 miserit.

2161 5223 2298 5278 CAP.
2332 5222 2498 5277 XVII.
2537 5221 2649 5289 Quo
2696 5222 2890 5277 ordine
2933 5222 3200 5294 disposita
3240 5220 3337 5276 SS.
3388 5235 3635 5291 corpora.
3668 5247 3744 5260 --

2094 5311 2255 5366 Pium
2288 5315 2378 5366 est
2406 5310 2580 5365 etiam
2615 5315 2877 5382 posteros
2908 5310 3132 5377 audire,
3165 5308 3317 5382 quod
3343 5309 3473 5379 jam
3502 5322 3621 5365 non
3645 5311 3746 5364 est

2091 5434 2243 5562 inger
2271 5437 2505 5515 sanctas
2535 5432 2730 5489 locum
2763 5434 3061 5489 meruerit.
3094 5432 3251 5488 Obiit
3279 5448 3433 5487 anno
3466 5429 3742 5497 1097,die

2091 5524 2123 5562 x
2191 5522 2334 5561 unu.

2090 5524 2123 5562 Χ
2152 5522 2334 5562 Junu.
