3942 6056
172 334 247 399 ﬂ
1047 336 1247 400 HlST.
1292 336 1734 401 TRANSLAT.
1778 332 1841 396 S.

2031 334 2345 397 iUSTINl.
2378 368 2454 380 —
2485 335 2631 397 LIB.
2678 335 2728 397 Ι.
3505 335 3584 397 22

174 470 392 538 videre,
427 488 546 546 qua
562 470 661 529 hic
687 469 873 529 sancti
905 468 1071 546 prius
1099 470 1489 545 requieverint
1520 467 1829 543 positione.
1860 467 1915 536 Α
1944 471 2261 542 utrumque
2289 468 2576 527 habemus
2608 487 2620 526 :
2652 487 2855 527 verum
2884 468 2980 527 hic
3024 488 3141 527 uno
3189 470 3384 528 dolore
3429 471 3587 527 indi-

176 562 414 618 Primus
443 562 811 635 Augustinus
841 579 959 617 suae
991 561 1249 633 porticus
1262 559 1683 617 australelatus
1706 575 1834 631 pos-

174 650 431 718 sidebat,
463 656 521 707 et
566 650 748 707 sacris
793 650 1056 724 vestigiis
1113 649 1457 706 orientalem
1515 648 1831 704 maceriam

172 740 571 814 pulsabat;ab
603 742 733 812 ejus
763 739 907 795 laava
936 740 1165 813 primus
1198 756 1502 795 successor
1531 742 1587 793 et
1615 737 1830 792 latera-

174 830 244 885 lis
277 830 655 898 Laurentius,
678 835 746 886 ut
773 834 1286 903 praamonstratum
1319 833 1426 897 est,
1444 828 1621 885 simili
1644 826 1833 899 spatio

174 921 658 993 protendebatur,
682 921 1091 976 tantummodo
1121 924 1382 975 remotus
1411 924 1698 991 quantum
1722 918 1830 973 loci

174 1008 363 1065 altare
393 1009 721 1066 beatissimi
754 1009 1011 1065 auctoris
1050 1009 1141 1064 sui
1193 1008 1476 1082 Gregorii,
1512 1008 1647 1063 hinc
1697 1008 1834 1063 inde

176 1103 505 1171 utrumque
532 1099 1248 1171 adsciscens,occupabat.
1273 1094 1475 1154 Cetera
1509 1114 1643 1170 pars
1675 1094 1835 1168 aqui-

174 1187 405 1243 lonaris
418 1187 750 1243 latitudinis
762 1187 1048 1243 asinistra
1058 1187 1197 1242 almi
1214 1186 1593 1242 LaurentiiAd
1604 1184 1833 1240 rianum

175 1282 455 1333 sanctum
485 1275 993 1349 exceperat;virgo
1026 1281 1221 1332 autem
1253 1276 1467 1331 Christi
1498 1274 1831 1341 Mildretha,

177 1364 358 1421 unica
405 1370 642 1438 patrum
690 1381 944 1438 gemma,
979 1382 1012 1421 a
1058 1364 1274 1421 boreali
1322 1365 1541 1437 pariete
1590 1362 1834 1419 australi

176 1455 519 1529 Augustino
531 1454 804 1511 concordi
821 1454 1207 1527 respondebat
1221 1454 1474 1527 regione,
1490 1470 1638 1527 quos
1657 1470 1837 1525 supra

176 1543 470 1601 translato
498 1543 993 1615 extulimus.Ejus
1017 1542 1213 1598 vertici
1247 1548 1311 1597 ut
1339 1543 1491 1598 beati
1522 1542 1834 1616 Augustini

181 1632 366 1689 altare
395 1634 650 1701 astabat;
665 1637 725 1688 at
755 1631 931 1705 capiti
963 1648 1126 1687 sacro
1158 1631 1453 1688 Laurentii
1485 1631 1740 1687 Mellitus
1772 1634 1838 1685 ut

182 1722 489 1795 proximus
508 1738 817 1778 successor
833 1720 893 1776 in
916 1722 1198 1793 producta
1213 1721 1469 1778 ecclesiae
1487 1739 1618 1779 area
1640 1722 1835 1778 immi-

1941 558 2135 631 gnitas
2163 564 2365 614 nostra
2395 560 2655 627 tabescit,
2690 562 2844 632 quod
2880 563 3018 617 dum
3064 561 3286 617 scimus
3332 560 3471 634 quid
3513 559 3591 617 sit

1942 648 2098 719 quod
2131 648 2437 716 habemus,
2463 650 2595 722 quis
2630 651 2707 706 sit
2737 651 3053 719 nescimus,
3087 651 3201 706 nisi
3234 652 3387 723 quod
3420 650 3587 706 illum

1942 737 2012 791 de
2043 736 2266 793 intimis
2300 739 2485 794 Patris
2516 741 2825 812 Augustini
2860 741 3202 813 pignoribus
3249 740 3450 807 fuisse,
3486 741 3585 812 qui

1942 826 2044 881 tali
2071 825 2195 881 loco
2227 828 2570 900 consepeliri
2602 830 2881 885 meruerit
2925 835 3324 886 autumamus.
3359 831 3579 885 Nomen

1939 932 2092 983 vero,
2129 918 2268 987 quia
2299 918 2607 989 antiquum
2640 919 3021 990 perdidimus,
3057 936 3271 975 novum
3316 924 3373 975 et
3413 919 3581 973 fami-

1942 1003 2083 1059 liare
2117 1005 2225 1061 sibi
2262 1006 2507 1061 fideliter
2536 1007 2950 1080 imposuimus,
2976 1015 3050 1063 ‘ut
3087 1026 3273 1080 usque
3320 1008 3379 1063 in
3431 1008 3583 1063 diem

1941 1093 2309 1151 revelationis
2356 1102 2592 1151 vocetur
2641 1097 2809 1152 nobis
2840 1103 3080 1153 sanctus
3120 1097 3432 1153 Deonotus.
3468 1098 3587 1153 Sub

1942 1184 2147 1239 eodem
2181 1184 2376 1256 itaque
2399 1185 2753 1259 Grcgoriano
2785 1184 2974 1254 altari,
3009 1190 3382 1241 sacrosancta
3420 1185 3590 1259 gleba

1943 1272 2154 1345 sepulti
2187 1274 2258 1328 ad
2292 1274 2486 1347 ipsum
2516 1274 2854 1331 orientalem
2889 1276 3167 1347 parietem
3219 1276 3585 1347 contiguum,

1944 1362 2115 1419 sicuti
2183 1363 2430 1435 Augusti
2500 1368 2556 1418 et
2626 1365 2920 1420 Laurentii
3000 1365 3423 1438 porrigebatur,
3485 1365 3585 1437 qui

1942 1455 2223 1523 tanquam
2258 1452 2412 1506 ﬁlius
2442 1452 2809 1524 geminorum
2849 1458 3079 1526 patrum
3126 1472 3287 1526 aeque
3337 1454 3587 1520 medius,

1943 1540 2101 1596 velut
2131 1541 2439 1613 utriusque
2471 1540 2580 1597 alis
2628 1542 2947 1597 fovebatur.
2986 1544 3260 1599 Reserate
3309 1560 3445 1615 ergo
3490 1543 3592 1599 illa

1946 1633 2273 1685 aromatum
2308 1630 2589 1701 apotheca
2618 1632 2806 1703 magis
2837 1649 2900 1686 ac
2927 1632 3113 1703 magis
3146 1633 3474 1687 annitentes
3499 1650 3595 1704 pc-

1946 1718 2115 1790 pulos
2160 1719 2462 1774 reficiebat
2522 1720 2718 1775 divina
2762 1722 3098 1794 fragrantia.
3148 1722 3309 1777 Unde
3359 1726 3588 1794 raptum

180 1813 374 1869 nebat.
410 1811 651 1867 Melitus
672 1810 1013 1880 justifluum
1045 1810 1282 1866 Justum
1312 1812 1634 1867 secundum
1668 1829 1835 1868 suam
1866 1841 1913 1905 Β
1947 1807 2339 1905 pulvisculum
2374 1807 2614 1905 quidam
2647 1810 2887 1865 naribus
2919 1811 3218 1883 applicuit.
3245 1818 3301 1868 et
3330 1812 3589 1885 paradisi

179 1900 621 1957 successionem
653 1899 764 1955 sibi
796 1901 1199 1956 accommodat
1244 1901 1316 1956 ad
1358 1904 1534 1973 caput
1568 1916 1581 1955 :
1615 1918 1649 1957 a
1678 1900 1834 1957 Justi

176 2006 315 2047 vero
366 1990 608 2045 dextera
652 1989 864 2045 beatus
914 1988 1205 2045 Honorius
1251 2007 1557 2046 successor
1593 1990 1768 2055 Justi,
1802 2008 1836 2047 a

177 2080 390 2137 dextra
412 2077 652 2135 Honorii
684 2081 926 2134 sanctus
958 2082 1015 2134 et
1051 2095 1085 2134 a
1132 2083 1243 2135 Deo
1294 2079 1467 2135 datus
1517 2079 1836 2135 Deusdedit

177 2167 579 2226 successionis
608 2184 726 2224 suae
757 2168 961 2223 ordine
1004 2168 1492 2241 subjungebatur.
1528 2169 1581 2225 Is
1625 2186 1835 2241 nempe

176 2276 212 2315 a
239 2258 437 2332 capite
467 2257 686 2313 summi
716 2255 1027 2330 Augustini
1060 2256 1324 2329 ejusdem
1352 2257 1625 2313 australis
1656 2259 1838 2330 parie-

174 2350 253 2405 tis
282 2348 527 2404 thorum
558 2345 930 2412 commeruit,
965 2362 1112 2418 quos
1160 2349 1390 2401 tantum
1441 2347 1701 2403 medium
1743 2364 1835 2403 os-

172 2437 352 2498 tium,
386 2453 504 2509 quo
551 2435 885 2490 intrabatur
931 2434 1223 2491 discrevit.
1281 2436 1375 2491 Sic
1424 2440 1617 2492 tamen
1674 2440 1840 2492 erant

179 2525 385 2583 omnia
432 2523 535 2579 illa
583 2522 925 2597 angelorum
975 2523 1070 2579 Dei
1110 2523 1413 2579 mausolea
1443 2523 1739 2592 distincta,
1774 2530 1840 2582 ut

181 2614 483 2671 transitus
511 2612 827 2667 haberetur
856 2612 1007 2668 inter
1033 2611 1287 2685 singula.

253 2704 397 2759 CAP.
430 2701 629 2757 XVIII.
656 2701 836 2771 Ignoti
860 2702 1039 2756 sancti
1066 2702 1329 2757 tumulus.
1364 2701 1682 2774 Appellatur
1708 2705 1841 2761 Deo-

182 2800 372 2850 nolus.
405 2822 475 2831 —
506 2789 691 2863 Igitur
718 2790 1006 2846 efferendo
1038 2790 1189 2845 beati
1237 2790 1533 2846 Laurentii
1581 2808 1841 2865 corpore,

184 2882 335 2937 dum
386 2879 808 2952 pavimentum,
838 2878 992 2950 quod
1022 2894 1219 2933 coram
1270 2878 1843 2951 Gregoriano-altare

186 2968 552 3042 interipsum
565 2972 622 3023 et
637 2966 980 3040 praeclarum
1000 2966 1397 3039 Augustinum
1418 2969 1671 3040 patebat,
1680 2970 1844 3042 prius

186 3058 561 3117 evellendum
612 3060 969 3123 censeretur,
1020 3056 1298 3127 quatinus
1348 3073 1383 3111 a
1438 3056 1616 3113 latere
1665 3058 1846 3113 fracta

185 3148 401 3206 tumba
413 3145 641 3202 facilior
652 3144 841 3200 exitus
855 3147 1056 3200 sancto
1070 3149 1398 3216 pararetur,
1414 3145 1629 3202 mirum
1644 3147 1801 3203 dictu
1829 3151 1839 3204 l

1943 1896 2341 1952 amoenitatem
2371 1896 2937 1972 aestimavit;quoque
2969 1901 3157 1974 magis
3188 1906 3587 1974 stupeas,cum

1945 1985 2143 2041 statim
2178 1984 2472 2057 pulverem
2504 1988 3590 2062 reposuerit,manusejusdiutiusinde

1945 2074 2243 2147 fragravit.
2278 2075 2425 2142 Quia
2454 2076 2652 2149 itaque
2684 2077 2776 2134 die
2809 2079 2907 2134 illa
2934 2082 3475 2155 propterimpetum
3498 2101 3592 2157 po-

1946 2163 2070 2236 puli
2120 2181 2234 2221 non
2285 2171 2572 2237 poterant,
2623 2168 2810 2240 ipsius
2858 2169 3097 2227 Deonoti
3132 2173 3591 2230 sacratissimam

1946 2254 2177 2327 glebam
2232 2253 2507 2325 plumbea
2555 2256 2724 2313 theca
2782 2261 3114 2332 susceptam
3168 2279 3357 2328 mane,
3400 2262 3457 2318 id
3506 2269 3596 2319 est

1949 2343 2159 2432 quinta
2201 2343 2361 2414 feria,
2411 2345 2469 2400 in
2523 2364 2730 2403 novam
2776 2349 3080 2406 ecclesiam
3132 2352 3501 2422 transtulere,
3535 2359 3591 2409 et

1948 2437 2081 2505 post
2111 2450 2323 2489 novum
2366 2433 2548 2490 altare
2597 2454 2753 2493 nova:
2805 2440 3065 2512 porticus
3117 2443 3591 2499 memoratissimi

1948 2539 2111 2595 papa;
2145 2523 2402 2595 Gregorii
2433 2525 2703 2581 decenter
2734 2546 3060 2599 reposuere.
3082 2532 3377 2588 llabemus
3410 2550 3592 2590 unum

1950 2628 2018 2668 ex
2050 2611 2378 2669 senioribus
2412 2616 2751 2671 monasterii
2792 2619 2933 2673 adeo
2978 2624 3123 2674 notze
3174 2622 3504 2694 probitatis,
3534 2627 3601 2679 ut

1950 2702 2080 2772 ejus
2112 2702 2418 2757 assertioni
2454 2722 2567 2759 non
2590 2706 2821 2762 ereclere
2851 2706 3067 2781 injuria
3096 2711 3473 2767 sit.'l‘estatur
3503 2713 3599 2769 hic

1953 2789 2063 2845 sibi
2098 2795 2330 2862 postera
2359 2797 2525 2848 nocte
2566 2810 2667 2865 per
2697 2812 2962 2867 soporem
2996 2800 3163 2870 quasi
3199 2801 3378 2873 hujus
3410 2803 3599 2858 sancti

1953 2879 2160 2934 faciem
2209 2884 2267 2934 et
2315 2881 2558 2936 formam
2614 2885 2883 2953 praeclare
2928 2895 3322 2961 conspectam,
3357 2897 3596 2949 staturae

1954 2968 2297 3056 proceritate
2316 2974 2371 3023 et
2393 2970 2704 3026 monachili
2730 2974 3026 3031 schemate
3039 2979 3599 3056 condignam,seque

1954 3053 2039 3109 ita
2068 3054 2378 3111 allocutam
2411 3074 2424 3111 :
2460 3081 2485 3107 ‹‹
2522 3058 2749 3116 Gratias
2780 3063 3116 3121 amicabiles
3142 3066 3326 3124 habeo
3368 3074 3422 3126 et
3450 3053 3603 3128 mer-

1956 3142 2157 3198 cedem
2190 3149 2527 3216 perpetuam
2562 3147 3303 3221 imprecor,aiebat,vestrae
3335 3160 3602 3217 fraterna:

188 3238 550 3294 ferramenta
579 3238 638 3290 et
666 3232 900 3305 ingenia
930 3211 1193 3288 omnium
1208 3211 1435 3289 ridebat
1451 3235 1695 3293 durities
1713 3234 1849 3292 late—
1877 3211 1919 3278 Ο
1960 3211 2273 3300 devotioni,
2296 3211 2429 3304 —pro
2480 3211 2783 3307 diligentia
2826 3211 2881 3293 et
2930 3211 3146 3311 labore,
3200 3211 3374 3316 quem

191 3343 348 3383 rum-
380 3325 533 3381 Sane
563 3323 684 3379 haec
713 3326 837 3378 tam
870 3320 1055 3378 solida
1082 3326 1380 3378 structura
1409 3324 1691 3396 prodebat
1720 3325 1844 3381 the-

192 3430 441 3471 saurum
476 3415 677 3467 nostra
706 3410 986 3467 latentem
1017 3410 1368 3467 saeculaSed
1382 3414 1657 3485 quoniam
1685 3413 1849 3470 labor

190 3502 396 3562 omnia
422 3501 626 3567 vincit,
658 3500 778 3556 imo
810 3500 975 3566 ﬁdes,
1004 3517 1131 3572 qua:
1162 3500 1221 3555 in
1257 3501 1369 3556 Deo
1401 3501 1680 3573 persistit,
1703 3503 1847 3558 sude

190 3592 330 3650 ferri
364 3589 747 3647 robutissima
778 3589 850 3644 ab
892 3588 1164 3643 anteriori
1214 3589 1478 3662 margine
1527 3591 1850 3647 suti‘odiunt

189 3687 247 3739 et
276 3677 615 3751 impellunt.
649 3677 910 3733 Tandem
940 3676 1177 3732 rebellis
1210 3677 1486 3735 fortitudo
1518 3679 1736 3735 crebris
1764 3678 1846 3734 ic-

186 3771 357 3829 tibus
385 3765 830 3839 subjicitur;nec
860 3769 1058 3822 tamen
1090 3766 1847 3825 munitissimuslatcrculo-

191 3876 329 3916 rum
361 3862 556 3913 textus
586 3855 851 3913 solvitur.
883 3855 1123 3923 Verum,
1165 3855 1431 3911 mirabile
1478 3857 1607 3913 visu
1635 3858 1646 3913 ε
1678 3858 1847 3930 quasi

189 3947 457 4020 ligneum
485 3945 817 4001 tabulatum
848 3944 1250 4001 conclavatum
1281 3946 1353 4000 ad
1372 3946 1625 4019 spatium
1640 3947 1845 4020 ampla

185 4038 389 4110 januaa
419 4036 648 4108 integer
684 4032 1036 4090 sustollitur.
1071 4034 1340 4106 Dumque
1392 4034 1476 4089 sic
1520 4039 1847 4092 excrustato

193 4124 530 4199 pavimento
574 4122 777 4179 evulsa
818 4126 1008 4178 crates
1047 4122 1311 4195 erigitur,
1347 4122 1690 4195 sepulcralis
1720 4141 1845 4198 cry-

194 4213 383 4288 ptula,
415 4229 545 4285 quas
576 4228 773 4268 coram
807 4211 954 4284 ipso,
988 4210 1078 4267 vel
1109 4211 1219 4267 sub
1253 4211 1377 4283 ipso
1409 4211 1575 4267 altari
1606 4211 1845 4282 latebat,

197 4302 400 4361 evulso
430 4301 651 4375 pariter
679 4299 877 4373 lapillo
906 4299 1277 4356 violatur.lta
1309 4299 1535 4356 modico
1569 4300 1849 4358 foramine

198 4391 375 4457 facto,
408 4388 682 4463 protinus
712 4388 919 4461 ingens
958 4406 1139 4462 vapor
1185 4387 1496 4461 inexpertae
1546 4390 1851 4447 suavitatis

198 4478 648 4544 ebulliens,non
679 4477 869 4533 solum
893 4480 1154 4533 astantes
1182 4479 1247 4531 ut
1274 4476 1588 4532 vehemens
1607 4477 1849 4535 flatusin

1955 3321 2305 3379 exhibuistis
2339 3341 2466 3381 meo
2498 3328 2899 3385 transferendo
2933 3349 2998 3387 ac
3038 3341 3441 3409 componendo
3473 3360 3598 3399 cor-

1957 3409 2103 3481 pori.
2131 3412 2202 3466 At
2230 3412 2496 3484 equidem
2532 3432 2642 3470 non
2677 3436 2807 3472 sum
2840 3419 2934 3476 ille
2966 3440 3138 3494 quem
3171 3443 3264 3481 me
3296 3445 3422 3486 esse
3462 3449 3601 3489 cen-

1958 3498 2193 3556 sebatis.
2234 3524 2259 3549 ››
2294 3501 2681 3561 Conferebant
2713 3508 2867 3564 enim
2902 3511 3108 3567 tratrcs
3141 3515 3294 3571 inter
3335 3536 3416 3585 se,
3451 3522 3607 3579 hunc

1959 3602 2086 3643 esse
2110 3589 2487 3647 Rufinianum
2512 3592 2879 3667 illum,quem
2898 3601 3103 3658 beatus
3128 3621 3276 3677 prpa
3293 3607 3604 3682 Gregorius

1959 3678 2256 3748 quondam
2290 3697 2423 3734 eum
2459 3681 2643 3738 beatis
2676 3685 2890 3743 Mellito
2923 3708 2985 3744 ac
3016 3692 3189 3749 Justo
3222 3678 3610 3757 destinaverat

1958 3765 2019 3820 in
2052 3767 2411 3847 adjutorinm
2461 3770 2755 3843 Evangelii
2808 3779 3207 3839 sacratissimo
3258 3787 3606 3859 Augustino,

1958 3858 2062 3909 aut
2093 3855 2344 3927 aliquem
2378 3874 2446 3912 ex
2477 3858 2635 3915 illius
2668 3879 2830 3918 sacro
2861 3870 3301 3929 contubernio.«
3338 3855 3609 3946 Nescitis,

1958 3944 2168 4015 inquit,
2204 3945 2336 4016 quis
2365 3945 2497 4015 sim,
2533 3966 2638 4003 nec
2672 3951 2861 4006 adhuc
2894 3956 3128 4026 scietis;
3165 3963 3363 4019 scietis
3413 3944 3607 4024 autem

1957 4037 2161 4105 postea
2191 4033 2262 4087 ad
2297 4041 2509 4090 nutum
2540 4054 2805 4109 supernae
2836 4043 3238 4115 depositionis.

2031 4121 2171 4178 Car.
2206 4122 2343 4179 XIX.
2404 4125 2849 4197 Trans/‘eruntur.
2871 4132 2967 4189 SS.
3010 4137 3341 4198 Laurentius
3388 4152 3440 4200 et
3484 4144 3610 4201 Mel—

1957 4213 2107 4267 litus.
2140 4210 2303 4268 Nilus
2328 4221 2573 4272 sanatur.
2607 4247 2676 4257 —
2708 4216 2821 4275 Isto
2850 4220 3029 4295 igitur
3072 4230 3455 4298 praeveniente
3503 4233 3613 4301 vel,

1961 4304 2022 4355 ut
2046 4301 2371 4371 jucundius
2386 4302 3020 4383 dicam,supplantante
3039 4315 3301 4385 priorum
3320 4320 3615 4376 Laurentii

1960 4406 2025 4445 ac
2058 4389 2256 4444 Melliti
2292 4391 2757 4467 translationem,
2783 4400 2854 4454 ad
2890 4400 3046 4473 ipsos
3080 4420 3215 4460 cum
3248 4413 3446 4464 nostro
3480 4409 3613 4464 stilo

1963 4478 2253 4533 redeatur.
2280 4480 2678 4540 Enucleantur
2710 4488 2921 4544 tumba}
2956 4489 3189 4547 illorum
3222 4511 3254 4549 a
3286 4494 3484 4564 latere,
3511 4515 3615 4553 nec

202 4568 415 4623 faciem
448 4566 866 4639 percussit,sed
890 4570 946 4621 et
976 4569 1165 4621 totum
1181 4564 1502 4621 claustrum
1520 4566 1861 4622 monasterii
1893 4578 1936 4641 ι)
1971 4566 2167 4622 minus
2200 4584 2373 4639 quam
2407 4586 2585 4643 supra
2616 4574 3151 4643 diximus,irruenti
3183 4585 3367 4639 turbae
3400 4602 3615 4656 cynna-

202 4673 269 4713 ac
305 4658 523 4711 fratres
552 4655 613 4711 iu
645 4672 712 4711 eo
742 4655 1066 4711 residentes
1099 4671 1247 4710 nova
1280 4659 1612 4711 aromatum
1645 4656 1861 4712 virtute

206 4743 496 4818 perﬂavit.
529 4743 609 4798 Ad
642 4747 764 4798 tam
795 4742 1161 4815 insperatum
1203 4742 1555 4798 miraculum
1589 4744 1861 4799 dicebant

207 4836 528 4887 astanteszu
553 4830 694 4897 Quis
726 4831 835 4887 iste
862 4830 1019 4887 est?»
1056 4830 1332 4887 dicebant
1363 4832 1697 4887 absentesm
1716 4833 1862 4898 Quid

205 4925 298 4977 est
326 4919 505 4975 hoc?»
525 4919 715 4976 Itahic
732 4918 1261 4991 omnibusignotus
1280 4937 1529 4992 persona
1540 4921 1864 4987 etnomine,

209 5008 492 5066 omnibus
522 5013 579 5063 et
607 5007 996 5081 praesentibus
1023 5012 1081 5064 et
1110 5007 1454 5063 absentibus
1474 5008 1729 5064 innotuit
1747 5026 1865 5065 me-

208 5097 460 5154 ritorum
493 5095 867 5152 charismate.
897 5097 1048 5152 Adeo
1088 5095 1242 5152 enim
1294 5100 1419 5151 erat
1460 5097 1617 5151 omni
1671 5103 1868 5154 nostro

210 5202 329 5241 aevo
351 5186 483 5256 jam
515 5183 865 5251 abolitus,ut
896 5183 1041 5239 nihil
1065 5184 1262 5239 minus
1281 5183 1596 5256 quisquam
1612 5186 1872 5241 animad-

210 5277 666 5344 verteret,quam
700 5273 854 5346 quod
888 5273 998 5328 sub
1028 5271 1128 5327 illa
1158 5272 1473 5344 pavimenti
1502 5272 1742 5344 planitie
1766 5275 1869 5330 ali-

212 5362 360 5435 quid
392 5365 603 5433 przeter
630 5361 881 5417 humum
912 5360 1423 5417 latitaret.Gratias
1454 5360 1571 5416 Deo
1605 5363 1867 5419 omnium

211 5452 509 5509 bonorum
556 5449 860 5524 largitori!
914 5467 1018 5522 pro
1062 5454 1201 5506 noto
1252 5454 1494 5521 patrono
1541 5451 1870 5518 Laurentio,

213 5557 391 5614 quem
405 5540 838 5612 quaerebamus,
854 5540 1119 5612 ignotum
1150 5532 1479 5594 consortem
1512 5538 1871 5608 invenimus;

216 5629 551 5702 crescitque
607 5628 975 5703 duplicatum
1029 5627 1313 5701 gaudium
1383 5630 1670 5698 nostrum,
1733 5631 1873 5687 dum

1972 4671 2168 4710 moma
2209 4660 2265 4746 et
2298 4656 2563 4715 balsama
2614 4679 2721 4718 sua
2771 4667 3041 4723 effudere.
3076 4671 3329 4742 Jamque
3380 4679 3621 4746 paratus

1975 4744 2317 4800 Laurentius
2332 4746 2575 4819 dignum
2590 4758 2914 4809 consortem
2930 4756 3214 4814 Mellitum
3227 4744 3618 4832 praestolatur.

1974 4832 2332 4925 Compositis
2359 4837 2622 4910 utrisque
2655 4839 2710 4893 in
2736 4841 3032 4905 adornatis
3047 4846 3624 4925 digneloculis,prier

1975 4923 2230 4989 effertur,
2286 4923 2432 4980 alter
2476 4927 2911 5001 subsequitur:
2966 4939 3315 5006 procedente
3375 4923 3623 4997 candida

1977 5011 2255 5067 concione
2283 5012 2572 5085 gloriosus
2604 5017 2660 5073 in
2689 5022 3045 5081 sanctissuis
3074 5026 3357 5084 Dominus
3379 5030 3628 5086 altisone

1977 5098 2357 5173 gloriﬁcatur.
2391 5102 2521 5158 Jam
2555 5107 2903 5168 Laurentius
2936 5115 3148 5173 ostium
3184 5134 3340 5172 nova:
3372 5118 3628 5174 ecclesiae

1980 5190 2315 5255 intraverat,
2350 5190 2603 5248 Mellitus
2635 5199 2883 5253 exterius
2918 5202 3281 5272 imminebat,
3312 5206 3392 5262 ibi
3438 5206 3629 5279 pium,

1981 5295 2045 5334 ac
2078 5278 2492 5335 celebrandum
2527 5282 2624 5338 Dei
2650 5285 2998 5343 miraculum
3026 5293 3095 5345 ad
3136 5278 3497 5350 intellectum
3530 5296 3631 5350 bo-

1982 5385 2123 5455 num
2144 5368 2389 5439 populos
2408 5370 2706 5427 animavit.
2741 5376 2948 5431 Aderat
2973 5378 3213 5449 quidam
3245 5381 3435 5443 miles.
3460 5384 3634 5455 cujus

1983 5454 2217 5510 oculum
2250 5458 2513 5514 dextrum
2548 5461 2965 5533 carbunculus,
2992 5469 3145 5538 quod
3180 5469 3402 5527 malum
3427 5454 3633 5527 Franci

1985 5562 2087 5617 per
2138 5548 2523 5619 antiphrasim
2574 5551 3166 5614 Bonum-malannum
3218 5566 3447 5631 vocant,
3490 5561 3633 5617 adeo

1986 5637 2344 5706 possederat,
2379 5640 2443 5692 ut
2473 5655 2586 5694 non
2620 5642 2792 5699 modo
2845 5643 2914 5700 de
2963 5646 3113 5720 visu,
3147 5649 3248 5706 sed
3298 5654 3356 5706 et
3405 5651 3476 5706 de
3519 5649 3637 5707 vita
