3960 6064
309 280 393 344 23
1262 280 1669 347 GOSCELINI
1711 278 2337 353 CANTUARIENSIS
2380 279 2764 353 MONACHI.
3630 283 3711 349 SI

311 412 754 489 periclitaretur.
780 413 910 488 Ipse
940 414 1119 489 orbis,
1151 414 1281 488 ipsa
1310 414 1639 489 supercilia,
1656 429 1953 486 nasusque
1978 412 2034 483 Α
2061 429 2199 488 ergo
2230 413 2523 488 interroga
2549 414 2728 472 vitam
2759 415 3001 473 almiﬂui
3033 416 3533 485 Deusdedit,mira
3562 418 3717 475 odo—

311 503 568 577 spatium
617 520 791 559 suum
841 520 876 559 a
918 508 1148 561 tumore
1195 510 1582 573 excesserant,
1617 508 1738 560 tota
1782 503 1955 561 facies

309 591 531 665 largius
556 593 954 649 extuberabat.
990 593 1268 661 Instabat,
1301 593 1683 666 impingebat,
1717 592 1952 649 anhela-

309 680 499 748 bat,ut
528 681 600 736 ad
634 698 818 737 unum
851 683 1173 738 remedium
1204 700 1380 738 suum
1412 683 1799 755 Augustinum
1826 698 1953 753 per-

308 770 590 843 tingeret;
622 771 723 825 sed
756 771 948 836 turba,
984 771 1138 827 sicut
1167 772 1225 827 in
1266 770 1577 844 Evangelia
1627 787 1796 833 eaeo.
1828 769 1952 826 ela-

308 858 494 915 manti
524 859 814 925 obstabat,
850 865 905 915 et
937 860 1372 917 confertissima
1408 860 1532 917 acie
1586 859 1953 933 reprimendo

309 964 609 1004 accessum
639 949 872 1004 vetabat
903 967 916 1006 :
965 950 1065 1005 sed
1117 949 1272 1017 vicit,
1307 952 1373 1004 ut
1415 948 1651 1018 assolet,
1685 966 1953 1022 perseve-

310 1037 518 1105 rantia,
552 1036 687 1092 vicit
714 1042 780 1092 ut
810 1038 1016 1110 potuit,
1052 1042 1109 1094 et
1139 1037 1393 1094 salutem
1432 1037 1705 1094 violentia
1736 1038 1950 1111 rapuit.

310 1126 514 1198 Itaque
560 1126 867 1200 impellens
912 1131 968 1182 et
1012 1126 1347 1199 irrumpens
1403 1127 1679 1183 densatos
1738 1143 1954 1183 cuneos

308 1215 528 1271 elatum
558 1215 861 1272 brachium
896 1214 1210 1287 protendit,
1245 1233 1313 1270 ac
1352 1217 1607 1288 desuper
1635 1215 1829 1272 nitens
1855 1232 1952 1272 ex-

310 1308 560 1363 tremam
601 1309 827 1376 partem
858 1305 1060 1370 vectis,
1091 1321 1207 1377 quo
1238 1305 1394 1361 beati
1435 1303 1641 1360 Melliti
1670 1304 1952 1361 feretrum

310 1394 672 1465 portabatur,
704 1393 955 1449 summis
985 1392 1185 1466 digitis
1214 1393 1486 1465 contigit;
1518 1393 1830 1466 ipsumque
1858 1396 1951 1449 ta-

309 1485 470 1538 ctum
516 1482 685 1554 quasi
733 1481 1063 1555 collyrium,
1110 1481 1278 1554 quasi
1325 1481 1733 1555 emplastrum,
1779 1481 1951 1554 quasi

309 1571 598 1643 optimum
658 1575 1025 1643 unguentum
1094 1571 1359 1627 morbido
1428 1571 1594 1627 oculo
1666 1570 1948 1638 infrieuit,

308 1658 622 1732 simulque,
657 1683 685 1711 «
720 1660 764 1716 Ο
807 1665 1008 1715 sancte
1054 1659 1403 1733 Augustine,
1434 1659 1698 1728 subveni,
1736 1682 1765 1709 »
1817 1676 1948 1731 pro-

306 1748 597 1804 clamavit.
631 1749 674 1805 Ο
718 1750 818 1806 Dei
850 1748 1198 1821 potentiam!
1233 1765 1265 1804 ο
1297 1752 1630 1804 sanctorum
1663 1748 1944 1822 gratiam!
1982 1783 2027 1848 Β

307 1855 339 1893 ο
368 1838 626 1895 hominis
657 1837 1100 1895 conﬁdentiam!
1136 1854 1271 1893 cum
1301 1836 1462 1893 illius
1502 1837 1641 1893 mali
1686 1838 1951 1911 tyrannis

307 1926 505 2000 aliqua
533 1927 767 1984 laesione
798 1927 1025 1983 irritata
1054 1926 1245 1998 magis
1277 1926 1536 1982 minetur
1566 1926 1954 1995 exitium,sta-

304 2015 411 2072 tim
461 2017 533 2073 ad
581 2032 814 2073 sacrum
864 2020 1086 2072 tactum
1137 2019 1204 2070 ut
1232 2015 1569 2071 incantatus
1595 2016 1805 2088 anguis
1830 2032 1954 2071 ere-

307 2104 453 2178 puit,
486 2105 678 2162 sanies
706 2104 983 2178 pestifera
1013 2104 1272 2171 deﬂuxit,
1293 2103 1453 2160 visus
1483 2108 1540 2160 et
1568 2103 1766 2161 vultus
1796 2105 1957 2161 detu-

306 2193 478 2263 muit,
502 2211 854 2267 omnemque
884 2193 1144 2250 dolerem
1175 2192 1371 2249 subita
1402 2192 1562 2250 salus
1593 2198 1650 2250 et
1674 2193 1775 2249 lux
1804 2198 1959 2250 tene-

310 2283 447 2339 bras
478 2281 828 2357 proﬂigavit,
852 2286 961 2339 etc.

381 2372 518 2429 CAP.
550 2371 664 2428 XX.
698 2370 855 2429 Caeca
893 2372 1270 2427 illuminatur.
1304 2402 1373 2412 —
1404 2375 1631 2427 Interea
1678 2369 1960 2444 depositis

318 2461 538 2520 sanctis
563 2464 698 2517 ante
727 2460 910 2517 altare
953 2460 1239 2534 prasidiis
1284 2458 1618 2534 Augustini,
1649 2459 1843 2534 agitur
1889 2460 1962 2516 de

316 2550 463 2624 ipsis
512 2550 695 2607 missa
741 2549 1137 2625 celeberrima,
1179 2553 1245 2605 ut
1293 2549 1536 2607 decebat
1582 2552 1818 2606 sanctos
1866 2567 1961 2606 sa-

317 2638 578 2696 cerdotes
626 2638 969 2706 Domini,in
1020 2654 1138 2709 qua
1184 2637 1384 2694 habito
1429 2653 1698 2694 sermone
1747 2638 1820 2694 ad
1858 2655 1960 2711 po-

316 2726 543 2801 pulum,
576 2726 811 2782 illorum
838 2725 1116 2798 praclara
1143 2731 1515 2799 exponuntur
1542 2727 1772 2799 merita.
1797 2726 1963 2785 Unde

315 2816 431 2872 ﬁde
461 2815 793 2872 illuminata
832 2832 982 2871 anus
1029 2816 1321 2888 quadam,
1352 2828 1480 2887 qua
1529 2814 1827 2881 intererat,
1860 2815 1961 2872 diu

316 2920 521 2961 carens
552 2904 683 2960 luce
716 2904 1042 2972 mundana,
1076 2905 1219 2960 dum
1269 2902 1519 2960 ﬁdeliter
1567 2902 1960 2960 clementissi-

314 3011 444 3050 mes
473 2997 668 3065 patres
698 2992 1049 3067 interpellat,
1079 2992 1349 3050 reseratis
1394 2992 1684 3066 extemplo
1714 2993 1959 3050 lumini-

313 3080 445 3145 bus.
475 3082 629 3138 clare
662 3081 814 3139 diem
849 3086 1063 3155 captat,
1096 3087 1204 3138 etc.
1225 3082 1360 3138 Post
1390 3081 1603 3138 missas
1632 3083 1960 3156 adjungun-

2064 508 2460 560 ramentorum
2518 505 2791 561 suavium
2840 505 3032 579 gratia
3085 506 3157 562 de
3205 507 3337 579 ejus
3393 524 3712 581 erumpens

2062 592 2268 649 tumba
2297 594 2924 651 enarrabit.Seiscitare
2953 595 3087 668 quis
3117 595 3195 651 sit
3222 596 3712 672 Justus,exponet

2062 681 2167 736 tibi
2203 681 2527 740 caelestium
2557 687 2890 740 aromatum
2916 684 3128 742 domus
3160 702 3174 740 :
3210 686 3443 743 Honorii
3474 704 3711 761 quoque

2060 769 2305 828 virtutes
2333 775 2390 827 et
2416 771 2628 827 merita
2656 772 2953 829 uberrima
2980 773 3241 847 loquitur
3267 775 3561 849 apotheca
3588 769 3731 835 sua-

2064 859 2402 933 fragrantia.
2453 860 2730 917 Omnium
2788 878 2925 936 ergo
2977 862 3189 920 horum
3239 864 3709 937 patriarcharum

2064 948 2237 1004 unica
2266 948 2491 1022 paterni
2522 950 2764 1023 allectus
2793 951 3036 1019 viscera,
3066 956 3125 1009 et
3153 957 3389 1025 pectora
3417 968 3537 1012 una
3569 972 3712 1028 pro-

2063 1036 2280 1093 clamat
2297 1037 2626 1095 divinarum
2648 1040 2968 1097 nardorum
2990 1041 3713 1115 prarogativaTra’nslata

2063 1130 2204 1183 sunt
2231 1126 2429 1200 itaque
2456 1128 2580 1185 hac
2608 1128 2722 1185 tria
2754 1146 2952 1186 coram
2996 1146 3234 1188 summa
3281 1131 3565 1191 Trinitate
3614 1152 3709 1191 ra-

2062 1214 2286 1271 diantia
2336 1216 2687 1274 candelabra
2730 1217 2792 1274 in
2842 1217 2952 1275 hac
2998 1218 3093 1275 die
3138 1219 3451 1293 Augustini
3483 1225 3706 1290 octava,

2062 1304 2216 1376 quod
2248 1305 2320 1360 ad
2353 1305 2482 1374 hoc,
2516 1310 2583 1362 ut
2610 1305 2928 1376 credimus,
2962 1324 3220 1381 superna
3257 1308 3487 1366 distulit
3516 1327 3582 1367 ae
3612 1328 3711 1369 re-

2060 1392 2310 1449 tardavit
2337 1394 2761 1462 benevolentia,
2796 1396 3141 1469 quantinus,
3172 1396 3260 1453 uti
3314 1398 3706 1471 pratulimus,

2060 1481 2315 1554 amplius
2345 1489 2718 1540 consecretur
2743 1489 2803 1542 et
2832 1484 3251 1544 solemnizetur
3276 1486 3335 1543 in
3369 1491 3456 1544 tot
3482 1487 3708 1545 hierar-

2059 1566 2186 1623 chis
2234 1569 2357 1626 hac
2402 1572 2607 1628 eadem
2662 1572 2789 1629 dies
2835 1578 3055 1640 octava,
3086 1578 3324 1648 totaque
3373 1577 3711 1650 septimana

2059 1656 2263 1714 festive
2290 1664 2511 1731 exacta,
2525 1665 2726 1717 octava
2745 1663 3024 1719 reddatur
3051 1664 3242 1735 prima
3273 1680 3287 1719 :
3312 1665 3557 1739 jamque
3587 1683 3710 1741 my-

2058 1746 2304 1802 sterium
2333 1750 2778 1807 resurrectionis
2808 1750 2867 1806 in
2897 1750 2992 1809 his
3022 1752 3241 1809 sanctis
3270 1759 3707 1828 operetur,qua

2064 1841 2196 1907 post
2223 1840 2465 1909 septena
2492 1836 2790 1893 volumina
2819 1838 3717 1909 saculi,eetavainterminabilis

2064 1930 2360 1981 nascetur.
2392 1925 2507 1981 Nec
2537 1925 2611 1982 ab
2650 1924 2744 1981 his
2790 1942 3138 1998 separamus
3189 1928 3370 1987 beata
3418 1930 3721 1989 memoria

2065 2012 2538 2086 archiprasulem
2570 2018 2629 2073 et
2657 2019 2985 2071 consortem
3018 2032 3194 2072 suum
3224 2017 3723 2088 Nothelmum,in-

2064 2105 2157 2157 tra
2203 2101 2386 2160 altare
2432 2104 2620 2159 sancti
2676 2103 2937 2177 Gregorii
2978 2104 3132 2166 inter
3158 2122 3256 2163 eos
3284 2112 3422 2164 ante
3452 2108 3723 2166 recondi-

2065 2194 2216 2257 tum,
2246 2196 2304 2247 et
2335 2208 2490 2248 nunc
2518 2193 2778 2250 secundo
2806 2210 2945 2250 eum
2995 2193 3082 2250 eis
3127 2195 3507 2268 translatum,
3535 2201 3716 2266 Quem

2067 2283 2365 2345 auctorem
2393 2284 2453 2337 et
2494 2280 2750 2339 indicem
2798 2281 3055 2339 historia
3096 2282 3419 2358 Anglorum
3468 2278 3725 2360 scriptor

2069 2368 2225 2424 Beda
2250 2374 2619 2441 praconatur
2647 2371 2748 2439 (9).
2781 2372 3039 2428 Ducebat
3079 2370 3187 2430 hos
3234 2373 3418 2431 duces
3464 2392 3604 2432 suos
3651 2379 3725 2433 ut

2068 2456 2292 2529 priores
2318 2456 2759 2515 solemnissima
2787 2460 3082 2533 processio
3110 2464 3169 2517 et
3189 2477 3405 2519 canora
3433 2462 3719 2534 laudatio;

2069 2543 2333 2618 ipsisque
2362 2562 2559 2603 coram
2604 2545 2786 2605 altare
2832 2548 3123 2621 prasidiis
3168 2551 3503 2625 Augustini,
3537 2552 3724 2610 donec

2069 2633 2197 2690 suis
2225 2635 2466 2692 sedibus
2491 2634 3044 2706 inthrenizarentur,
3076 2637 3262 2697 missa
3309 2640 3517 2697 festiva
3564 2640 3722 2698 cele-

2067 2720 2348 2781 lebratur.

2139 2811 2274 2869 CAP.
2307 2812 2676 2869 XXII-XXIII.
2711 2843 2778 2854 —-
2808 2813 2926 2870 Hac
2956 2814 3132 2870 etiam
3162 2814 3256 2872 die
3286 2816 3568 2875 irradiata
3594 2816 3720 2875 ela-

2069 2899 2150 2956 ris
2186 2900 2491 2957 miraculis
2528 2901 2718 2958 favere
2770 2918 3029 2975 superna
3082 2903 3416 2978 benignitas
3473 2904 3720 2980 dignata

2067 2991 2157 3045 est
2185 2989 2404 3047 sanctis
2434 2988 2581 3057 suis,
2606 2994 2716 3047 etc.

2139 3080 2272 3135 CAP.
2304 3078 2494 3135 XXIV.
2526 3080 2677 3137 Nova
2706 3080 3077 3153 reliquiarum
3101 3082 3406 3154 dispositio.
3434 3115 3508 3127 —
3547 3084 3723 3141 Nunc

314 3175 412 3229 tur
440 3170 762 3242 Augustino
792 3150 953 3242 digni
996 3170 1459 3238 consacerdotes,
1495 3171 1653 3242 prior
1701 3150 1955 3228 hauren-
1988 3150 2031 3216 ί]
2069 3169 2267 3223 autem
2297 3165 2359 3222 hi
2389 3172 2690 3224 senatores
2715 3150 2898 3239 nostri
2927 3150 3214 3233 θιΡειινθέ
3233 3171 3545 3245 conscripti
3568 3171 3721 3245 pari-

315 3260 432 3316 tius
464 3278 498 3316 a
527 3261 766 3327 dextris,
800 3262 1095 3317 secundus
1127 3260 1381 3317 Mellitus
1410 3278 1444 3317 a
1473 3260 1752 3317 sinistris.

386 3353 517 3405 CAP.
550 3350 696 3405 XXI.
753 3351 1176 3421 Transferuntur
1222 3351 1421 3415 artari,
1471 3350 1782 3418 Deusdedit,
1833 3350 1956 3407 Jus-

314 3446 422 3503 tus,
454 3439 742 3507 Honorius,
774 3439 1110 3496 Nothelmus.
1145 3471 1213 3479 ——
1240 3439 1341 3495 His
1380 3439 1463 3495 ita
1510 3438 1567 3493 in
1618 3438 1826 3512 quinta
1875 3440 1955 3495 fe-

313 3528 402 3583 ria
430 3526 791 3600 compositis,
825 3531 1047 3583 sextam
1098 3527 1301 3583 feriam
1352 3527 1774 3584 naneiscuntur
1822 3528 1955 3583 reli-

313 3615 448 3688 quis
494 3614 714 3672 sanctis
755 3615 944 3682 Justo,
966 3614 1218 3671 Honorio
1270 3632 1336 3671 ac
1367 3615 1682 3671 Deusdedit
1710 3616 1784 3688 (8)
1818 3615 1957 3672 atie-

312 3696 528 3759 rendis.
555 3704 665 3759 Sed
701 3703 979 3759 nimirum
1012 3702 1208 3759 divina
1238 3702 1599 3776 dispensatio
1631 3703 1956 3759 Sabbatum

310 3791 403 3848 his
433 3791 702 3857 intendit,
736 3809 863 3864 qua
895 3792 1020 3847 dies
1048 3790 1450 3847 translationis
1476 3791 1787 3864 Augustini
1827 3792 1954 3863 jam

205 3884 210 3889 ’
310 3884 435 3937 erat
464 3886 682 3947 octava,
707 3881 1028 3953 quantiuus
1060 3881 1305 3936 istorum
1337 3886 1676 3936 sanctorum
1700 3879 1957 3952 amplius

308 3969 685 4024 innovaretur
713 3968 985 4040 gratia,et
1003 3967 1279 4024 omnibus
1310 3984 1412 4039 per
1443 3984 1582 4023 suos
1604 3966 1729 4023 dies
1757 3970 1953 4023 trans-

307 4057 442 4113 latis
474 4062 910 4113 eonseeraretur
945 4055 1169 4123 festiva,
1203 4072 1527 4128 omnesque
1575 4056 1956 4128 conjungeret

307 4164 373 4202 ac
405 4144 812 4203 solemnizaret
842 4146 1060 4219 pariter
1088 4144 1211 4200 hae
1243 4161 1360 4199 una
1410 4144 1534 4201 dies
1582 4148 1650 4200 ut
1696 4145 1955 4201 ebaritas

306 4252 443 4301 una.
478 4235 612 4306 Ipsa
640 4250 776 4308 ergo
809 4238 970 4290 sexta
999 4232 1141 4288 feria
1164 4233 1313 4288 itum
1344 4237 1433 4287 est
1463 4233 1535 4288 ad
1566 4233 1951 4305 pranomina-

305 4327 396 4379 tos
426 4327 682 4388 sanctos,
716 4321 885 4395 quasi
919 4320 1188 4378 facillime
1219 4337 1285 4377 ac
1316 4319 1616 4377 celerrime
1654 4322 1950 4379 adducen-

305 4412 438 4479 dos;
462 4410 760 4467 acceditur
780 4411 852 4465 ad
877 4408 1343 4466 sacratissimum
1369 4409 1708 4479 Deusdedit,
1738 4410 1861 4483 qui,
1887 4414 1954 4466 ut

2065 3258 2156 3311 ter
2184 3260 2250 3311 ut
2278 3255 2554 3328 primitus
2584 3255 3324 3331 compositi'requieseunt,
3357 3260 3512 3317 sicut
3560 3278 3720 3330 unus

2067 3342 2332 3415 Spiritus,
2365 3361 2482 3399 una
2532 3346 2698 3412 ﬁdes,
2751 3363 2870 3402 una
2921 3345 3199 3415 charitas,
3234 3364 3353 3404 una
3404 3348 3606 3423 religio
3653 3353 3721 3407 et

2065 3432 2255 3503 gratia
2284 3436 2408 3488 erat
2436 3432 2495 3487 in
2526 3433 3043 3507 eis.Majordomue
3074 3435 3432 3509 Augustinus
3464 3439 3716 3496 frontem

2065 3524 2122 3575 et
2152 3520 2533 3593 principalem
2565 3521 2823 3579 ecclesia
2852 3522 3144 3596 porticum
3175 3525 3579 3598 possideteum
3594 3527 3717 3602 pri-

2066 3624 2162 3664 me
2192 3625 2530 3667 suecessore
2560 3609 2820 3669 laureata
2852 3612 3184 3679 Laurentio,
3218 3613 3332 3670 sibi
3380 3616 3643 3687 proximo
3677 3634 3719 3675 a

2064 3695 2225 3764 lava,
2259 3703 2317 3754 et
2344 3697 2629 3755 melliﬂuo
2659 3698 2901 3768 Mellito,
2932 3717 3272 3758 successore
3300 3703 3579 3774 secundo,
3604 3723 3714 3778 ap-

2067 3786 2256 3858 posito
2282 3804 2316 3842 a
2350 3787 2567 3844 dextra.
2604 3788 2733 3860 Ipse
2758 3788 3078 3861 principale
3106 3795 3285 3863 caput
3325 3792 3583 3850 suaviter
3627 3811 3715 3851 re-

2065 3874 2246 3931 clinat
2265 3875 2479 3932 assiste
2509 3876 2677 3933 altari
2707 3882 2921 3934 saneta
2952 3878 3420 3939 Trinitatis.Post
3450 3882 3712 3940 Lauren-

2064 3961 2209 4019 tium
2216 3963 2631 4035 justissimusJ
2642 3970 2808 4022 ustus
2820 3970 2878 4022 et
2890 3967 2990 4022 Dei
3005 3967 3138 4024 date
3169 3973 3512 4042 assumptus
3525 3970 3709 4028 Deus-

2063 4051 2226 4108 dedit
2253 4052 2553 4124 subjuncti
2584 4070 2617 4109 a
2637 4053 2894 4111 sinistris
2919 4055 3512 4116 honorificentissime
3524 4060 3711 4117 Hono-

2063 4139 2170 4207 rio,
2202 4145 2260 4196 et
2287 4140 2534 4198 theorito
2566 4142 2869 4199 Theodoro
2898 4143 3257 4216 respondent
3283 4162 3319 4201 a
3365 4145 3602 4204 dextris.
3637 4148 3708 4205 Hi

2062 4233 2202 4284 sunt
2232 4235 2455 4301 septem
2484 4229 2636 4287 oculi
2669 4231 2924 4300 Domini,
2953 4249 3059 4306 per
3104 4248 3253 4305 quos
3280 4250 3390 4290 nos
3420 4234 3710 4308 propitius

2062 4316 2391 4390 respicit.Hi
2426 4323 2647 4393 septem
2680 4320 2861 4377 stella
2884 4320 2944 4376 in
2973 4320 3210 4383 dextera
3237 4323 3453 4394 ejus,et
3480 4329 3707 4397 septem

2059 4406 2410 4463 candelabra
2439 4424 2618 4465 aurea
2649 4425 2846 4465 coram
2875 4425 2940 4466 se
2972 4408 3248 4477 lucentia,
3279 4410 3497 4483 quibus
3525 4413 3708 4487 septi-

302 4504 689 4573 pranotatum
720 4503 828 4568 est,
862 4497 1178 4554 australem
1212 4497 1490 4570 parietem
1524 4502 1656 4570 post
1681 4498 1953 4572 Augusti-
1981 4513 2027 4578 Β
2060 4493 2230 4551 formi
2260 4495 2450 4569 gratia
2479 4496 2732 4569 Spiritus
2763 4497 2855 4554 sui
2886 4497 3342 4572 septemplieiter
3387 4500 3707 4560 Eeclesiam

301 4606 444 4644 num
477 4588 757 4661 possedit.
791 4585 1133 4643 Ineredidile
1163 4586 1262 4641 sed
1295 4602 1492 4641 verum
1526 4586 1808 4642 dicemus.
1843 4588 1947 4644 Το-

299 4682 424 4731 tum
458 4676 626 4731 illum
659 4676 1037 4739 diem,totam
1068 4678 1408 4746 sequentem
1442 4680 1670 4730 noctem
1702 4674 1761 4729 in
1792 4676 1947 4731 fran-

298 4765 488 4838 gendo
518 4763 607 4819 vel
633 4763 943 4820 reseranda
964 4762 1152 4835 ipsius
1169 4761 1468 4818 mausoleo
1484 4762 1702 4819 attritis
1724 4762 1950 4821 viribus

297 4856 815 4924 consumpserunt,
833 4866 1001 4905 mane
1014 4849 1248 4905 tandem
1263 4849 1501 4906 Sabbati
1515 4850 1723 4907 anhelo
1736 4852 1948 4910 sudore

297 4939 625 5015 cryptulam
657 4942 784 5012 ejus
816 4943 1267 5011 perrupuerunt.
1295 4938 1513 4994 Deinde
1542 4944 1758 5012 erupta
1794 4940 1945 4997 beati

295 5029 453 5085 Justi
503 5044 690 5100 usque
739 5028 812 5083 ad
862 5027 1067 5082 horam
1102 5026 1352 5098 primam
1388 5026 1668 5083 attentius
1699 5027 1943 5085 insuda-

294 5121 454 5184 runt,
505 5120 562 5173 et
607 5115 701 5171 vix
755 5132 884 5172 eam
942 5114 1178 5170 tandem
1232 5119 1586 5171 reserarunt.
1646 5115 1942 5173 Postremo

294 5205 484 5263 sancti
518 5204 772 5271 Honorii,
810 5203 909 5277 qui
936 5203 1147 5258 horum
1183 5203 1412 5259 medius
1454 5205 1787 5273 accusabat,
1819 5222 1943 5277 per-

292 5299 428 5351 tusa
459 5294 518 5349 in
548 5293 728 5350 latere
780 5297 983 5365 crypta
1030 5295 1232 5347 sancto
1275 5306 1575 5365 egressum
1608 5293 1804 5349 dabat.
1837 5292 1941 5351 IIie

364 5418 439 5490 (8)
468 5417 678 5490 Justus
708 5414 1041 5490 colitur‘die
1078 5431 1129 5490 x_
1155 5413 1456 5490 Novemb,
1490 5415 1779 5472 Honorius
1827 5433 1938 5472 xxx

296 5484 619 5560 Septemb.,
655 5486 972 5560 Deusdedit
1000 5502 1073 5560 xv
1099 5484 1259 5560 Julii.

362 5555 441 5629 ('9)
473 5560 535 5615 In
568 5558 805 5631 prologo
837 5556 1120 5615 Historia.
1157 5555 1501 5613 Nothelmus
1550 5573 1844 5629 nusquam
1875 5556 1935 5613 in

2056 4600 2226 4640 suam
2280 4582 2592 4642 illuminat.
2644 4586 2863 4642 Horum
2923 4586 3227 4644 exterioris
3274 4587 3399 4656 ala,
3453 4589 3707 4648 borealis

2059 4667 2343 4726 Mildreda
2370 4675 2428 4727 et
2456 4671 2730 4728 australis
2758 4672 3052 4733 Adrianus
3082 4674 3351 4747 proprias
3367 4679 3709 4751 tenentpor-

2054 4757 2229 4825 tieus,
2262 4764 2319 4814 et
2344 4759 2554 4816 altaria
2581 4760 2655 4816 ad
2686 4762 2879 4834 capita
2908 4766 2973 4819 ut
2994 4764 3383 4837 Augustinus,
3418 4764 3706 4825 Mildreda

2055 4844 2225 4903 altari
2259 4847 2523 4919 praenitet
2551 4854 2892 4907 sanctorum
2915 4856 3476 4925 lnnoeentum,quos
3496 4871 3702 4913 omnes

2052 4934 2320 5008 virginali
2352 4936 2502 4993 fovet
2530 4937 2838 5009 gremio,et
2862 4955 3000 4997 eum
3031 4938 3117 4997 eis
3145 4940 3466 5015 cytharizat
3483 4947 3543 5000 et
3571 4960 3704 5002 ean-

2052 5028 2138 5079 tat
2168 5024 2460 5081 canticum
2493 5042 2707 5082 novum
2728 5026 2953 5101 Sponso
2982 5045 3090 5086 suo
3107 5034 3166 5087 et
3188 5029 3703 5105 Agno,illumquo~

2052 5129 2285 5185 cunque
2331 5112 2465 5170 ierit
2511 5114 2732 5187 pariter
2787 5118 3106 5189 sequendo.
3155 5117 3442 5175 Adrianus
3500 5120 3699 5183 Proto-

2051 5200 2325 5274 martyris
2357 5202 2661 5275 Stephani,
2696 5221 2801 5260 nec
2833 5221 2949 5261 non
2979 5205 3276 5262 Laurentii
3305 5223 3376 5263 ae
3403 5206 3699 5264 Vincentii

2051 5295 2378 5362 martyrum
2409 5295 2614 5348 tenens
2644 5292 2943 5363 altarium,
2973 5293 3275 5367 martyrali
3312 5293 3430 5351 vita
3480 5300 3700 5371 marty-

2048 5412 2475 5486 Martyrologiis
2506 5420 2572 5471 ut
2593 5420 2837 5473 sanctus
2868 5416 3215 5483 celebratur,
3246 5417 3462 5474 dicitur
3491 5436 3526 5476 a
3553 5419 3677 5477 God

2045 5484 2219 5542 wino‘
2238 5484 2331 5541 die
2358 5484 2472 5542 ivx:
2507 5487 2794 5556 Octobris,
2828 5505 2982 5546 anno
3009 5489 3140 5556 741,
3169 5488 3407 5547 abiisse.
