3942 6056
168 297 238 363 :5
753 323 756 330 -
1022 299 1223 362 msr.
1269 298 1710 360 TRANSLAT.
1756 298 1820 359 s.
1869 273 2315 360 mansum.
2348 330 2426 341 -
2454 295 2598 357 LIB.
2643 294 2692 357 1.
3473 297 3551 361 26

172 449 287 490 rain
314 435 571 487 testatur
613 430 992 487 consortium.
1039 430 1181 486 Item
1232 447 1262 487 e
1307 431 1541 504 regione
1580 429 1798 486 boreali
1831 430 1884 496 Α
1913 445 2145 502 quoque
2176 429 2246 483 ad
2280 428 2575 483 Christum
2609 426 2953 483 converterit
2985 430 3237 500 gentem.
3269 428 3349 486 De
3380 431 3551 503 cujus

178 537 329 577 suum
361 519 586 592 quique
613 519 672 575 in
714 520 1018 576 meridiem
1070 519 1331 576 salutant
1379 537 1796 585 successorem,

175 608 506 665 Laurentius
541 607 848 676 Mellitum,
883 610 1088 664 Justus
1118 609 1461 675 Honorium,
1487 609 1802 664 Deusdedit

174 698 550 762 Theodorum,
588 696 870 752 Mildreda
899 697 1372 770 cum'temporali
1413 697 1668 753 thalamo
1700 715 1799 769 pa-

173 793 303 842 trem
330 784 677 852 Adrianum,
709 802 1032 858 omnesque
1064 786 1371 858 praesidem
1404 788 1651 843 efferunt
1685 789 1800 841 Au-

177 874 486 948 gustinum.

235 964 360 1020 CAP.
393 963 557 1018 XXV.
587 966 737 1020 Iusti
785 964 1043 1032 elogium.
1093 965 1335 1036 Epistola
1384 966 1660 1035 Boni/acii
1703 981 1801 1036 pa-

171 1069 250 1125 pa?
273 1053 329 1108 S.
359 1055 506 1109 Iusto
535 1055 762 1125 scripta.
785 1085 852 1094 —
885 1053 995 1108 Sed
1026 1053 1164 1124 quia
1195 1054 1406 1108 horum
1438 1058 1555 1109 tres
1587 1053 1802 1108 altissi-

176 1158 270 1196 mae
325 1140 629 1196 Trinitatis
686 1142 1070 1208 confessores,
1110 1141 1338 1208 Justus,
1392 1142 1680 1197 Honorius
1739 1159 1804 1197 ac

175 1231 473 1287 Deusdedit
503 1231 656 1285 hanc
689 1229 1033 1285 hodiernam
1056 1231 1375 1303 Augustini
1407 1236 1807 1299 octavam,sua

177 1318 390 1391 propria
418 1318 803 1374 translatione
831 1318 1131 1373 vindicant
1161 1319 1808 1391 primam;illorumdis-

177 1406 429 1462 simulare
473 1406 846 1476 dignitatem,
875 1407 1237 1463 aestimamus
1298 1409 1595 1479 injuriam.
1658 1410 1807 1465 Sane

178 1496 300 1568 quia
326 1497 475 1552 Beda
503 1495 870 1552 Venerabilis
900 1497 958 1551 in
983 1489 1294 1569 multiplici
1316 1499 1558 1553 historia
1573 1515 1680 1554 sua
1704 1498 1804 1552 mi-

179 1603 277 1640 nus
318 1585 525 1640 horum
580 1584 895 1640 declaravit
942 1585 1248 1652 miracula,
1284 1603 1398 1640 non
1450 1587 1579 1641 ideo
1631 1603 1664 1640 a
1696 1587 1807 1641 fide

180 1676 355 1728 nostra
380 1672 683 1727 obliterari
713 1673 926 1727 debent.
955 1677 1251 1728 tantorum
1285 1673 1528 1739 merita;
1565 1691 1636 1728 an
1691 1691 1807 1728 non

183 1762 421 1817 sufﬁcere
449 1760 720 1816 tarditati
755 1760 981 1816 duritiae
1027 1764 1239 1816 nostra:
1271 1761 1479 1832 potuit,
1510 1762 1659 1830 quod
1693 1764 1807 1815 Au-

187 1849 466 1921 gustinum
491 1865 630 1927 cum
664 1848 809 1920 ipsis
839 1851 963 1905 suis
994 1849 1168 1904 sociis
1207 1849 1582 1921 apostolicam
1631 1850 1812 1905 vitam

187 1944 234 1993 et
257 1939 489 1994 virtutes
523 1955 664 1993 cum
694 1938 1226 1994 innumerabilibus
1260 1938 1445 2011 signis
1476 1938 1716 2006 imitari,
1736 1944 1816 1994 at-

185 2043 283 2099 que
312 2045 408 2099 pro
439 2027 573 2099 ipsa
606 2045 783 2100 quam
815 2028 1210 2099 praedicabant
1241 2029 1354 2084 ﬁde
1400 2028 1547 2084 mori
1583 2032 1815 2100 paratos

183 2115 510 2188 descripsit?
542 2117 817 2172 Parvaane
850 2117 1181 2173 sanctitatis
1209 2118 1612 2172 testimonium
1662 2118 1814 2172 aesti-

184 2205 443 2259 mandum
468 2209 586 2275 est,
618 2205 772 2260 inter
801 2204 916 2260 alia
945 2206 1254 2277 praeconia,
1291 2207 1443 2277 quod
1488 2205 1816 2262 sacratissi-

184 2309 302 2348 mus
329 2310 478 2365 papa
507 2293 866 2361 Bonifacius,
901 2312 934 2350 a
979 2295 1273 2368 praacipuo
1323 2295 1596 2368 Gregorio
1641 2312 1815 2366 quar-

183 2386 266 2436 tus
292 2382 670 2454 (10),beatum
703 2382 940 2438 Justum
971 2383 1306 2456 apostolicis
1345 2384 1556 2440 litteris
1606 2383 1817 2439 collau-

185 2469 286 2536 det,
311 2470 552 2542 ejusque
587 2472 814 2528 meritis
847 2490 911 2528 ac
945 2473 1222 2528 ccelorum
1264 2474 1520 2546 praemiis
1551 2474 1816 2546 gentium

184 2559 602 2616 conversionem
633 2560 951 2628 adscribet,
973 2563 1126 2634 quod
1161 2561 1289 2634 ipsa
1311 2562 1572 2634 Epistola
1593 2563 1808 2634 partim

187 2652 438 2704 annotata
456 2648 691 2721 gratius
713 2649 1011 2705 clarebit.«
1034 2649 1424 2706 Dilectissimo
1445 2652 1604 2707 fratri
1625 2653 1654 2708 J
1662 2657 1816 2718 usto,

188 2735 708 2804 Bonifacius.Quam
740 2739 1276 2810 devote,quamque
1307 2739 1481 2795 etiam
1512 2740 1822 2813 vigilanter

188 2840 276 2895 pro
305 2824 507 2881 Christi
535 2827 850 2898 Evangelio
863 2827 1244 2883 elaboraverit
1255 2833 1447 2885 vestra
1459 2830 1816 2897 fraternitas,

190 2929 288 2968 non
337 2913 524 2969 solum
576 2914 848 2987 Epistolas
893 2915 1125 2972 directae
1174 2935 1207 2972 a
1253 2917 1418 2974 vobis
1468 2921 1650 2985 tenor,
1701 2918 1819 2974 imo

190 2999 401 3058 inducta
431 3004 690 3076 desuper
719 3004 878 3076 operi
911 3009 1101 3060 vestro
1134 3006 1408 3076 perfectio
1459 3007 1754 3074 indicavit,
1793 3030 1814 3056 ι

193 3093 282 3144 etc.
336 3093 546 3162 Integra
611 3093 845 3149 habetur
901 3093 1046 3165 apud
1104 3095 1309 3150 Bedam
1383 3097 1482 3151 lib.
1541 3113 1600 3164 ιι,
1658 3097 1817 3164 Hist.,

192 3192 291 3248 cap.
315 3181 366 3233 8.

250 3265 641 3324 ΒΑΡ.ΧΧνΙ.-
656 3270 898 3325 Honorii
924 3270 1262 3340 elogium.—
1285 3270 1600 3326 Honorium
1619 3272 1824 3328 nihilo-

200 3352 370 3410 minus
391 3355 843 3412 sanctissimum
873 3357 907 3412 J
916 3357 1029 3413 usti
1063 3375 1461 3414 successorem
1499 3363 1668 3428 (anno
1696 3363 1824 3432 634)

197 3441 255 3496 ab
278 3442 600 3515 Augustino
632 3444 911 3516 primario
940 3447 1235 3518 quintum,
1271 3447 1420 3502 beati
1447 3466 1612 3520 papae
1635 3450 1824 3505 Hono-

199 3529 255 3582 rii
283 3532 632 3590 successoris
665 3535 987 3607 praescripti
1021 3535 1295 3590 Bonifacii
1325 3537 1656 3608 apostolicae
1678 3538 1823 3594 litte-

197 3633 259 3672 re
286 3624 344 3674 ut
369 3620 760 3678 fortissimum
784 3622 998 3679 Christi
1030 3624 1358 3696 agonistam
1387 3625 1697 3682 victoriosa
1725 3644 1823 3683 co-

200 3721 322 3761 rona
346 3709 994 3782 triumphant.Pulchre
1018 3729 1151 3768 vero
1182 3717 1240 3768 et
1270 3718 1437 3784 grata
1465 3714 1672 3769 divinze
1693 3732 1825 3788 gra-

200 3792 277 3848 tis
305 3797 703 3864 consonantia,
730 3815 848 3853 uno
882 3803 1138 3871 tempore
1168 3801 1372 3856 eadem
1406 3801 1714 3858 sanctitate
1737 3807 1825 3858 at-

200 3898 295 3952 que
334 3885 530 3941 eodem
581 3887 818 3942 nomine
849 3887 959 3943 iste
989 3887 1086 3943 isti
1117 3890 1392 3954 occurrit,
1427 3894 1493 3944 ut
1523 3891 1825 3948 Romanus

201 3970 334 4026 orbis
376 3989 552 4030 suum
606 3973 818 4031 habeat
846 3975 1186 4043 Honorium,
1224 3975 1498 4049 orbisque
1544 3977 1824 4050 Anglicus

203 4059 392 4126 pariter
417 4079 620 4118 suum.
659 4063 921 4132 Pulchre,
959 4064 1220 4135 inquam,
1255 4063 1353 4120 ille
1393 4064 1530 4119 huic
1579 4067 1826 4123 univoca

203 4151 557 4221 praerogativa
604 4151 714 4208 hoc
765 4152 1043 4208 unanima
1089 4152 1422 4208 dilectionis
1468 4153 1648 4209 mittit
1695 4170 1823 4210 exe-

203 4233 358 4292 nium.
388 4261 418 4286 «
453 4239 850 4296 Dilectissimo
883 4240 1046 4296 fratri
1088 4241 1360 4308 Honorio,
1396 4241 1703 4298 Honorius.
1739 4248 1827 4297 In-

204 4325 274 4375 ter
298 4324 543 4395 plurima
575 4345 706 4399 quae
738 4328 1142 4400 Redemptoris
1187 4328 1372 4385 nostri
1423 4329 1825 4387 misericordia

202 4409 305 4468 suis
332 4413 567 4472 famulis
600 4417 879 4490 dignatur
906 4418 1191 4474 bonorum
1216 4435 1462 4474 munera
1479 4435 1822 4491 prerogare,

1911 517 2248 589 nuperrima
2278 517 2624 573 revelationc
2654 535 2862 589 parum
2883 517 3022 590 quid
3057 519 3154 573 sed
3181 537 3459 592 magnum
3493 525 3554 578 fi-

1910 606 1998 661 dei
2027 611 2474 661 monumentum
2527 605 2620 661 hic
2672 606 3007 663 inserimus.
3044 608 3368 681 Derogabat
3419 613 3552 684 qui-

1910 695 2044 750 dam
2076 695 2322 749 azmulus
2355 695 2490 750 huic
2522 700 2742 759 sancto,
2774 697 3082 767 praeferens
3112 697 3196 751 illi
3238 701 3551 770 quemdam

1913 782 2208 838 secularis
2239 783 2545 855 opulentiae
2577 785 2937 856 episcopum,
2973 785 3072 856 qui
3104 787 3419 844 Ecclesium
3452 790 3552 846 Dei

1913 871 2118 926 multis
2151 873 2362 943 opibus
2394 878 2450 927 et
2483 874 2783 928 ornatibus
2814 875 3175 941 exstruxerii,
3210 893 3343 932 cum
3375 877 3554 934 istum

1913 959 2028 1014 tale
2087 960 2306 1031 aliquid
2357 960 2626 1017 utilitatis
2679 962 2735 1016 in
2788 963 2879 1017 via
2925 980 3032 1018 sua
3077 965 3282 1019 fecisse
3326 967 3554 1023 nullum

1910 1049 2222 1120 vestigium
2274 1051 2368 1106 sit.
2402 1052 2564 1116 Quod
2613 1051 2712 1106 ubi
2761 1053 2888 1123 ejus
2935 1053 3044 1108 loci
3098 1054 3372 1112 alumnus
3402 1057 3559 1128 prior

1914 1137 2247 1192 nuntiatum
2297 1156 2445 1211 (egre
2494 1140 2686 1208 ferret,
2739 1147 2906 1196 nocte
2962 1143 3276 1199 subsecuta
3323 1146 3556 1201 cuidam

1916 1226 2128 1282 seniori
2180 1231 2343 1281 aetate
2390 1232 2447 1281 et
2496 1227 2758 1283 moribus
2801 1229 3115 1284 venerabili
3163 1231 3405 1302 quidam
3455 1233 3558 1288 ho-

1918 1315 2468 1371 noriﬁcentissimus
2499 1316 2558 1370 in
2610 1316 2737 1371 visu
2770 1317 3012 1386 adstitit,
3049 1319 3131 1373 ita
3170 1320 3459 1391 praaclare,
3495 1325 3562 1377 ut

1917 1404 2133 1459 recolat
2182 1404 2373 1459 adhuc
2428 1405 2597 1474 cujus
2630 1405 2826 1460 formae
2877 1405 3041 1461 illum
3095 1407 3421 1465 assimilare
3459 1426 3560 1482 po-

1918 1493 2116 1559 tuerit,
2151 1493 2512 1565 attonitoque
2543 1494 2612 1548 de
2645 1499 2764 1548 tam
2798 1495 3096 1566 spectabili
3148 1500 3204 1551 et
3249 1499 3563 1570 magniﬁca

1919 1597 2167 1653 persona
2201 1583 2281 1636 ait
2313 1598 2324 1636 :
2364 1604 2390 1632 ‹‹
2425 1584 2611 1648 Quare
2661 1582 2757 1637 ille
2794 1583 2928 1639 talis
2973 1583 3240 1640 hesterno
3291 1591 3561 1642 sanctum

1919 1669 2142 1724 domini
2174 1670 2493 1725 Honorium
2528 1671 2770 1726 abusive
2808 1671 3062 1728 lacerare
3111 1674 3293 1729 voluit
3341 1676 3562 1731 detrac-

1918 1749 2108 1825 tione,
2131 1757 2186 1812 in
2222 1759 2514 1829 pontiﬁcis
2544 1760 2763 1815 laudati
2797 1760 3178 1832 praelatione?
3209 1767 3320 1818 Cur
3359 1764 3452 1819 his
3483 1781 3565 1820 re-

1921 1844 2076 1913 latis,
2104 1845 2260 1918 prior
2289 1864 2356 1902 ex
2389 1855 2587 1903 sancto
2619 1849 2926 1920 Evangelia
2959 1868 3074 1905 non
3101 1853 3568 1924 respondit,quia

1923 1933 2200 1989 omnibus
2231 1935 2459 1989 aurosis
2489 1940 2546 1990 et
2575 1937 2825 2007 copiosis
2865 1936 3274 2010 largitionibus
3322 1940 3565 1996 divitum

1924 2020 2057 2093 plus
2090 2022 2216 2076 dum
2249 2022 2486 2078 minutze
2517 2023 2828 2080 valuerunt
2858 2026 3224 2100 paupercula
3256 2029 3410 2101 apud
3457 2030 3568 2085 Ju-

1925 2109 2112 2166 dicem
2137 2112 2407 2181 justum?
2442 2135 2469 2161 »

1998 2199 2133 2254 GAP.
2167 2200 2382 2255 XXVII.
2420 2233 2486 2240 —
2522 2202 2834 2268 Deusdedit,
2870 2207 2980 2258 etc.
3016 2221 3049 2258 a
3079 2205 3223 2260 Beda
3255 2206 3569 2263 laudati.—

1926 2287 2164 2342 Beatum
2199 2306 2429 2362 quoque
2462 2290 2778 2345 Deusdedit
2809 2293 2919 2362 (12)
2952 2293 3256 2350 sanctitate
3299 2295 3569 2369 adjungi-

1927 2393 2060 2431 mus
2089 2377 2336 2443 consilii,
2372 2378 2470 2450 qui
2504 2379 2657 2433 beati
2687 2380 2998 2452 Augustini
3041 2382 3393 2454 apostolatui
3443 2401 3569 2440 sex-

1927 2468 2024 2520 tns
2074 2466 2373 2539 subjungi,
2407 2471 2463 2522 et
2512 2467 2701 2522 eidem
2751 2472 2871 2522 tam
2902 2469 3161 2541 proxime
3193 2472 3407 2544 meruit
3435 2489 3572 2528 con-

1929 2553 2181 2624 sepeliri.
2231 2555 2299 2609 Hi
2348 2560 2486 2610 sunt
2535 2573 2670 2628 ergo
2722 2573 2926 2612 omnes
2983 2557 3090 2612 viri
3139 2558 3570 2632 misericordia},

1930 2659 2181 2714 quorum
2207 2643 2451 2714 justitize
2478 2644 2827 2700 oblivionem
2859 2663 2974 2701 non
3009 2653 3357 2720 acceperunt
3389 2667 3400 2706 :
3438 2650 3575 2722 quia

1930 2732 2082 2786 enim
2119 2733 2394 2804 praefatus
2426 2733 2934 2807 historiographus
2965 2736 3160 2805 (Beda)
3207 2737 3573 2811 singulorum

1929 2825 2092 2893 gesta
2124 2821 2448 2878 describere
2477 2822 2726 2877 nimium
2751 2823 3142 2891 asstimavitdn
3167 2828 3280 2883 ﬁne
3311 2829 3575 2885 omnium

1930 2909 2136 2964 merita
2168 2910 2251 2965 sic
2284 2911 2679 2971 conclusitzDe
2712 2911 2804 2968 his
2834 2913 3109 2970 omnibus
3142 2921 3294 2972 recte
3328 2922 3385 2972 et
3412 2934 3574 2972 vera-

1930 2997 2074 3052 citer
2122 2997 2235 3053 dici
2287 3005 2496 3071 potest,
2531 3001 2670 3072 quia
2721 3017 2948 3072 corpora
2993 3019 3183 3059 eorum
3231 3008 3291 3060 in
3335 3023 3467 3078 pace
3493 3023 3578 3062 se--

1924 3086 2080 3156 pulta
2111 3095 2314 3153 suntet
2342 3091 2566 3143 nomina
2597 3105 2787 3160 aprum
2816 3092 3006 3145 vivunt
3036 3094 3092 3147 in
3122 3096 3498 3161 generationes
3526 3101 3577 3150 et

1847 3175 1890 3241 C
1929 3177 2322 3243 generationes.
2359 3177 2438 3230 De
2470 3177 2691 3232 caeteris
2722 3177 2862 3243 viro,
2896 3179 2953 3232 id
2993 3184 3102 3247 est,
3137 3181 3391 3254 regibus,
3429 3201 3578 3255 prte-

1932 3262 2182 3331 sulibus,
2217 3263 2545 3330 abbatibus,
2571 3262 2816 3336 aliisque
2845 3267 3062 3323 sanctis
3094 3267 3393 3326 translatis
3423 3289 3579 3329 nunc

1932 3356 2019 3406 est
2050 3353 2519 3420 subsedendum;
2545 3353 2612 3409 de
2645 3354 2860 3426 quibus
2885 3356 3008 3426 jam
3043 3356 3179 3411 alibi
3213 3357 3434 3414 dictum
3469 3364 3578 3432 est,

1932 3440 2017 3494 vel
2079 3458 2184 3496 suo
2233 3447 2493 3513 tempore
2545 3441 2876 3507 dicendum,
2925 3460 3061 3498 cum
3112 3451 3316 3518 parato
3363 3448 3580 3521 templo

1931 3528 2169 3584 thorum
2202 3530 2566 3601 perceperint
2594 3530 2974 3586 destinatum.

2006 3622 2138 3673 CAP.
2172 3618 2417 3673 XXVIII.
2456 3617 2596 3673 Odor
2639 3621 2828 3674 suavis
2856 3636 2926 3674 ex
2961 3619 3018 3675 S.
3053 3619 3248 3677 Molliti
3275 3625 3479 3681 tnmba.
3513 3657 3582 3666 -—

1938 3707 2070 3761 Post
2100 3706 2209 3762 hoc
2239 3724 2375 3778 ergo
2409 3707 2752 3775 Sabbatum,
2787 3724 2919 3762 cum
2949 3707 3008 3762 in
3055 3709 3447 3783 subsequente
3479 3715 3583 3769 Do-

1935 3794 2151 3849 minica
2183 3795 2420 3867 tapetia,
2455 3812 2580 3866 qua:
2612 3795 2795 3850 fracta
2841 3800 2894 3852 et
2923 3797 3207 3852 exhausta
3246 3805 3581 3858 sanctorum

1935 3883 2277 3954 corporibus
2310 3888 2690 3938 monumenta
2719 3885 3011 3957 tegebant,
3049 3885 3243 3957 pluvia
3289 3893 3346 3943 et
3391 3889 3581 3947 lutum

1937 3971 2279 4038 sordidaret,
2314 3979 2510 4028 custos
2544 3971 2777 4027 illorum
2811 3974 3157 4030 venerabilis
3181 3975 3435 4034 haerebat
3465 3982 3584 4035 ani-

1935 4077 2029 4114 mo
2062 4065 2260 4114 utrum
2295 4061 2518 4115 auferre
2539 4062 2962 4128 tentaret,anin
2996 4062 3258 4133 ipsorum
3276 4065 3580 4139 obsequio,

1934 4149 2035 4221 qui
2069 4148 2309 4204 meliora
2338 4150 2577 4203 reddere
2597 4154 2835 4221 possent
2873 4152 3168 4224 corrumpi
3212 4153 3582 4223 sineret;rur-

1935 4255 2186 4310 sumque
2219 4238 2575 4310 recogitabat
2605 4239 2757 4310 quod
2790 4239 3024 4295 illorum
3057 4240 3242 4313 gloria
3272 4259 3582 4300 ornamen-

1934 4330 2126 4381 torum
2158 4325 2414 4382 ecclesia
2455 4327 2806 4382 detrimenta
2854 4345 2966 4383 non
3020 4329 3286 4385 ambiret.
3323 4333 3581 4389 Tandem

1935 4416 2217 4470 accedens
2248 4415 2472 4486 trepide
2512 4432 2642 4470 cum
2677 4415 2920 4472 incensu
2954 4416 3292 4489 psalmodiae
3323 4421 3395 4475 ad
3428 4421 3581 4477 beati

202 4495 329 4599 illud
344 4502 513 4600 etiam
549 4504 870 4562 clementer
898 4506 1111 4562 collata
1142 4523 1259 4562 sure
1302 4507 1538 4603 pietatis
1588 4509 1824 4563 muniﬁ-
1855 4540 1902 4603 D
1937 4503 2138 4603 Melliti
2172 4503 2442 4603 similiter
2465 4509 3237 4603 Iperruptam‘etevacuatam
3256 4508 3580 4603 cryptulam

202 4587 368 4645 centia
396 4592 625 4659 tribuit,
658 4594 886 4665 quoties
919 4612 1020 4666 per
1059 4595 1346 4651 fraternos
1391 4595 1637 4650 alfectus
1686 4613 1828 4651 una-

203 4672 393 4732 nimem
407 4680 782 4738 dilectionem
803 4683 1057 4754 quadam
1082 4683 1570 4755 contemplatione
1588 4683 1826 4740 alternis

204 4767 511 4835 aspectibus
542 4776 942 4842 representat,
961 4795 988 4820 »
1020 4773 1410 4842 ethntegra-m
1437 4773 1656 4828 exhibet
1683 4775 1830 4830 Beda

205 4849 286 4907 lib.
319 4871 371 4921 ιι,
403 4873 518 4930 cap.
558 4859 642 4914 18.
678 4859 792 4916 Nec
823 4859 968 4915 illud
1001 4877 1188 4932 parvae
1237 4859 1434 4932 gloria:
1466 4861 1636 4932 (ejus)
1689 4879 1828 4933 prae-

205 4941 413 4998 conium
444 4948 722 5019 est,un
757 4965 860 5020 per
887 4952 1160 5006 sanctum
1176 4947 1420 5004 Felicem
1453 4948 1499 5016 (-l
1517 4949 1568 5016 1)
1593 4965 1700 5005 ese
1729 4967 1826 5006 or-

206 5025 466 5088 dinatum-
494 5034 883 5092 Orientalium
929 5036 1249 5110 Anglorum
1298 5035 1629 5108 praesulem,
1664 5038 1825 5094 illam

264 5151 362 5223 (16)
393 5155 727 5232 Legendum
758 5163 1004 5232 quintus,
1047 5177 1184 5216 nam
1216 5159 1312 5216 hic
1343 5161 1453 5216 fuit
1490 5163 1824 5220 Bonifacius

208 5216 551 5306 hocnpmi‘ne
589 5216 856 5306 (nuntiis,
886 5216 1004 5306 qui,
1036 5237 1093 5287 et
1140 5232 1403 5306 quintus
1435 5216 1825 5306 quoque—fuit

208 5249 298 5275 ιιυυ
327 5249 551 5284 nomine
629 5249 856 5298 uintus,
886 5249 986 5304 qui
1036 5249 1093 5287 et
1140 5249 1383 5306 quintus
1435 5249 1666 5305 quoque
1715 5249 1822 5290 iuit

205 5292 434 5379 pontifen
465 5249 684 5379 pusilli.
719 5303 1086 5379 Gregorium,
1121 5307 1176 5358 et
1205 5303 1358 5358 infra
1387 5302 1484 5358 isti
1528 5306 1822 5379 Bonifacio

205 5372 529 5446 successisse
557 5372 773 5446 dicitur
801 5372 1111 5442 Honorius,
1146 5391 1391 5429 numero
1433 5376 1720 5446 sequenti.
1752 5380 1823 5432 At

205 5435 415 5519 gnidem
445 5440 538 5519 hic
568 5443 900 5519 Honifacius
933 5435 1179 5519 quartus
1202 5463 1327 5519 esse
1362 5462 1475 5500 non
1506 5435 1820 5519 potuit,qui

205 5503 385 5583 tertius
415 5518 545 5582 post
573 5516 916 5583 Gregorium
950 5503 1079 5583 fuit,
1103 5522 1160 5572 et
1191 5516 1334 5572 obiit
1363 5503 1524 5572 annd
1548 5503 1822 5575 (titulus-

205 5574 287 5632 tus
309 5574 436 5637 veni
466 5599 616 5643 anno
644 5574 753 5642 6Ξ5
782 5604 850 5644 ex
882 5574 1135 5644 Roﬂ‘ensi
1168 5589 1239 5644 ad
1265 5588 1741 5646 Cantuariensem
1761 5574 1822 5647 se

1938 4592 2182 4664 pallium
2215 4593 2285 4647 ab
2318 4597 2590 4664 apertura
2622 4593 2925 4664 paululum
2957 4595 3214 4662 seduxit;
3248 4599 3304 4650 et
3332 4613 3463 4653 ecce
3483 4615 3584 4654 ex-

1937 4685 2138 4752 pertus
2167 4680 2352 4752 pridie
2383 4680 2545 4753 vigor
2570 4680 2891 4736 cmlestium
2924 4683 3436 4738 odoramentorum
3466 4701 3588 4740 ver-

1937 4769 2282 4827 nantissime
2312 4770 2467 4825 hunc
2481 4769 2960 4841 repercussit.llle
2978 4770 3281 4842 perculsus
3295 4773 3580 4846 prodigio.

1937 4882 1965 4909 ‹‹
2001 4858 2146 4926 Quid
2198 4863 2308 4924 est,
2345 4859 2552 4929 inquit,
2604 4858 2849 4914 Domine
2897 4859 3072 4926 Deus,
3107 4860 3248 4932 quid
3296 4866 3386 4916 est
3429 4861 3579 4918 hoc:

1936 4948 2100 5004 Unde
2138 4947 2323 5018 spirat
2369 4946 2606 5019 gratia?
2651 4948 2738 5001 An
2791 4948 3106 5019 quatriduo
3147 4965 3331 5004 vacua
3378 4952 3584 5006 tumba

1936 5037 2127 5093 adhuc
2158 5037 2330 5092 sudat
2360 5035 2535 5092 etiam
2561 5036 2825 5091 absentia
2856 5035 3182 5092 balsama?»
3197 5037 3360 5092 Talia
3381 5056 3580 5094 secum

1934 5164 2067 5218 dem
2100 5161 2421 5233 translatus
2452 5165 2682 5233 est,quo
2710 5180 2862 5218 anno
2888 5179 3087 5219 mense
3110 5162 3338 5218 Octobri
3371 5164 3580 5219 exstin-

1935 5239 2065 5315 ctus
2097 5239 2185 5287 est
2226 5231 2557 5315 Honitacius
2586 5231 2866 5315 quintus.
2900 5235 3088 5315 .lusto,
3123 5233 3222 5306 qui
3272 5234 3583 5292 defunctus

1933 5310 2022 5360 est
2053 5321 2203 5359 anno
2233 5305 2359 5369 634,
2394 5304 2676 5358 successit
2708 5304 3014 5360 Honorius.

2004 5377 2112 5444 (11)
2149 5377 2223 5430 De
2258 5374 2365 5428 hoc
2400 5374 2761 5429 Bollandiani
2792 5375 2882 5430 die
2913 5393 3010 5431 VIII
3046 5376 3256 5431 Martii.

2000 5449 2112 5514 (12)
2147 5448 2206 5500 Β.
2242 5446 2490 5500 Honorio
2523 5447 2806 5501 successit
2834 5465 2985 5502 anno
3015 5449 3140 5501 653.
3165 5447 3572 5506 Cantuariensi

1931 5517 2199 5574 Ecclesia:
2231 5516 2463 5592 praefuit
2501 5534 2685 5590 usque
2716 5518 2785 5576 ad
2824 5535 3040 5576 annum
3073 5520 3196 5575 604.
