3942 6056
226 254 312 317 29
1093 257 1298 320 HlST.
1344 256 1782 318 TRANSLAT.
1832 256 1895 317 S.
1945 254 2399 318 AUGUSTINI.
2433 285 2508 298 --
2539 253 2688 317 LIB.
2732 254 2809 316 Il.
2922 206 2925 213 '
3576 251 3656 315 30

238 389 440 464 agitur
467 389 780 464 mysteriis,
810 395 924 447 etc.
957 389 1032 447 Ut
1057 406 1195 464 ergo
1224 388 1554 446 diluculum
1585 387 1802 457 hausit,
1823 388 1893 443 il-
1923 393 1977 458 Α
2009 386 2253 460 psalmis
2284 391 2342 443 et
2370 376 2733 443 orationibus
2764 386 3009 453 intenta,
3043 383 3255 459 aspicit
3283 383 3474 458 palam
3507 403 3653 458 pra-

235 478 327 535 las
348 478 657 551 pulvereas
677 480 779 536 sed
802 479 1083 535 miriﬁcas
1101 478 1380 550 reliquias
1395 477 1650 535 ecclesia
1672 476 1894 544 intulit,

230 567 474 641 ipsique
516 569 633 624 Deo
681 567 924 623 amabili
971 567 1193 623 Anima
1241 567 1572 633 abbatissa,
1605 581 1785 637 quam
1822 565 1895 619 ob

229 657 561 730 gratiosam
592 656 991 713 sinceritatem
1023 655 1555 728 Charam-gratiam
1584 658 1777 726 patres
1802 670 1899 725 ap-

231 744 679 818 pellavere,rem
709 762 947 801 omnem
969 744 1210 801 visionis
1230 749 1288 801 et
1307 743 1707 817 prodigiorum
1730 758 1897 814 expo-

231 835 363 891 suit
396 835 617 891 ordine.
632 834 739 891 Illa
764 836 906 890 dum
936 835 1065 906 ejus
1095 834 1346 889 miratur
1376 832 1739 897 relationem,
1771 847 1896 886 am-

234 922 406 995 plius
422 923 767 980 admirando
786 922 1079 996 propriam
1100 921 1185 978 sic
1206 920 1534 993 ingreditur
1554 921 1758 976 eodem
1783 919 1899 975 fere

235 1018 508 1084 tempore
536 1011 890 1067 declaratam
922 1027 1206 1084 exponere
1233 1008 1541 1075 visionem,
1573 1011 1681 1063 etc.

311 1101 454 1157 CAP.
502 1100 708 1157 XXXV.
739 1130 811 1141 —-
859 1100 1090 1155 Ornatis
1146 1098 1348 1171 itaque
1394 1096 1799 1154 sacerdotibus
1844 1098 1903 1149 et

237 1188 495 1256 clericis,
527 1204 633 1244 nec
662 1205 779 1244 non
808 1187 1031 1244 sororia
1050 1186 1421 1259 processione
1442 1184 1644 1241 festive
1669 1184 1897 1248 induta,

237 1278 533 1350 excipitur
560 1294 668 1333 sua
697 1275 984 1333 medietas
1013 1274 1225 1332 sacrati
1248 1274 1533 1339 lateris,et
1554 1270 1901 1345 pigmentati

237 1365 500 1439 pulveris
532 1384 566 1422 a
595 1364 976 1421 devotissima
1012 1362 1258 1420 ecclesia
1305 1379 1440 1418 cum
1490 1360 1664 1432 laude
1713 1360 1900 1416 dulci-

237 1456 438 1522 moda,
471 1454 657 1510 altera
686 1455 1002 1510 medietate
1034 1451 1197 1508 alteri
1230 1450 1510 1517 ecclesia,
1545 1444 1901 1521 quam‘pra-

236 1543 726 1609 monstravimus,
757 1546 1071 1600 reservata.
1121 1539 1431 1613 Colligitur
1485 1538 1594 1594 hoc
1646 1537 1901 1609 pretium

237 1648 521 1704 pompose
551 1631 823 1688 decorato
853 1629 1092 1695 scrinio,
1128 1627 1540 1684 circumfertur
1579 1625 1833 1682 claustro
1864 1643 1899 1682 a

237 1716 648 1774 sacerdotibus
677 1717 737 1773 in
768 1715 1236 1773 benedictionem
1268 1730 1405 1769 cum
1428 1712 1899 1784 jubilo,comita-

234 1810 334 1861 tur
361 1805 626 1877 paternis
655 1804 931 1860 laudibus
970 1802 1275 1877 virginalis
1325 1801 1547 1858 concio.
1597 1801 1807 1874 Agitur
1837 1801 1896 1856 in

233 1894 411 1950 beata
437 1892 753 1968 Augustini
786 1892 1069 1949 memoria
1097 1891 1282 1947 missa
1305 1890 1901 1960 solemnissima,mo-

232 1982 479 2039 dulante
509 1980 778 2055 angelica
807 1980 1058 2050 camina,
1074 1986 1131 2036 et
1158 1984 1474 2052 superante
1498 1995 1649 2034 area
1676 1995 1898 2051 organa

231 2071 540 2144 virginum
572 2069 1037 2126 melodia.Tanto
1066 2068 1209 2125 adeo
1241 2069 1542 2124 decertant
1571 2066 1893 2139 triumpho,

232 2177 302 2217 ac
333 2160 389 2216 si
418 2159 820 2232 Augustinum
851 2158 1180 2214 tenuissent
1206 2173 1446 2229 corpore
1495 2154 1682 2211 solido
1707 2173 1720 2222 ;
1755 2155 1898 2210 mis-

235 2266 370 2306 sam
398 2252 677 2321 personat
702 2247 1157 2320 Augustinensis
1187 2244 1535 2313 monachus,
1555 2249 1815 2301 servator
1844 2248 1903 2299 et

232 2335 601 2400 distributor,
621 2352 867 2392 suorum
899 2351 1200 2391 sacrorum
1230 2332 1575 2389 ﬁdissimus.
1607 2332 1709 2389 Hic
1739 2348 1899 2404 ergo,

236 2441 412 2481 sacra
435 2423 776 2496 praefatione
798 2423 965 2479 finita
980 2439 1115 2479 cum
1134 2420 1396 2494 angelico
1419 2421 1635 2494 hymno
1656 2437 1903 2477 summa

237 2511 524 2569 Trinitati
553 2528 803 2579 sacrato,
836 2512 1057 2585 grande
1087 2510 1360 2583 apparuit
1388 2508 1744 2582 prodigium,
1769 2526 1903 2565 nos-

239 2607 459 2673 troque
471 2599 689 2656 saculo
700 2603 822 2655 tam
838 2598 1263 2673 obstupescend
1273 2615 1371 2654 um
1388 2614 1569 2671 quam
1585 2597 1905 2654 insuetum.

316 2689 459 2745 ΟΑΡ.
492 2688 734 2745 XXXVI.
764 2688 1000 2761 Apparet
1055 2691 1169 2761 ipse
1222 2688 1583 2758 Augustinus.
1618 2718 1686 2728 —
1736 2686 1911 2743 Soror

241 2793 371 2834 avo
401 2778 716 2844 maturior,
747 2794 876 2850 qua
906 2777 1294 2833 admistrabat
1322 2775 1514 2846 altari,
1543 2776 1687 2832 dum
1719 2776 1913 2831 adstat

2006 474 2303 547 signatum
2336 476 2723 544 sacerdotem,
2754 475 2908 531 sicut
2935 473 3246 530 dominicis
3275 473 3656 530 sacramentis

2006 563 2385 619 conﬁciendis
2419 563 2749 631 assistebat,
2769 568 2877 619 etc.
2893 564 3109 620 Eadem
3133 579 3268 636 ergo
3291 561 3659 619 solemnitate

2006 651 2421 724 processionis,
2457 651 2949 723 modulorumque
2999 657 3056 708 et
3105 657 3439 718 ornatuum,
3486 655 3659 724 atque

2008 740 2347 807 missarum,
2378 746 2652 813 suscepta
2682 745 2771 797 est
2793 740 2976 796 altera
2998 741 3281 796 medietas
3302 740 3559 813 sapefati
3584 740 3662 796 la-

2006 829 2148 885 teris
2178 835 2234 884 et
2263 829 2517 901 pulveris
2550 846 2674 901 qua
2707 830 2941 885 obvenit
2970 828 3313 885 Ramesensi
3360 835 3660 887 monaste-

2009 917 2094 974 rio
2128 935 2143 973 :
2178 922 2236 972 et
2265 918 2347 974 ita
2383 918 2661 974 celebrari
2711 918 2771 973 in
2822 922 3169 991 perpetuum
3218 917 3660 975 translationem

2010 1005 2343 1079 dignissimi
2378 1007 2561 1079 patris
2608 1007 2921 1079 Augustini
2973 1005 3329 1079 promissum
3359 1010 3417 1062 et
3446 1008 3660 1064 confir-

2011 1100 2237 1151 matum
2264 1102 2353 1151 est
2384 1095 2535 1150 sicut
2565 1096 2627 1150 in
2658 1096 2954 1167 Bertinga.

2081 1189 2194 1239 CAP
2247 1183 2512 1240 XXXVII.
2550 1185 2945 1240 Translationis
2986 1187 3211 1257 festum.
3242 1216 3311 1225 ——
3339 1184 3499 1240 Hanc
3549 1185 3663 1240 ita-

2011 1289 2125 1344 que
2155 1289 2389 1344 semper
2418 1272 2788 1328 reeolendam
2828 1278 3169 1329 sanctorum
3218 1272 3662 1329 translationem

2011 1360 2299 1427 festivam,
2326 1378 2517 1416 annus
2541 1360 2827 1416 incarnati
2850 1360 3169 1416 Salvatoris
3192 1360 3544 1417 millesimus
3568 1377 3668 1416 no-

2012 1449 2350 1521 nagesimus
2381 1448 2630 1521 primus,
2664 1454 2863 1504 octavo
2896 1449 3032 1505 Idus
3065 1449 3426 1521 Septembris
3467 1454 3665 1506 nostro

2011 1555 2129 1593 avo
2162 1537 2497 1610 gratissime
2529 1538 2908 1604 consecravit,
2942 1554 3059 1610 quo
3099 1537 3397 1611 juniorem
3438 1536 3665 1596 Willel-

2012 1644 2176 1682 mum
2209 1642 2404 1698 regem
2452 1626 2679 1699 Anglia.
2713 1631 2772 1682 et
2802 1625 3111 1683 Widonem
3162 1627 3436 1683 abbatem
3486 1627 3667 1697 hujus

2013 1715 2144 1770 festi
2178 1713 2422 1769 latorem
2454 1714 2804 1787 Augustinia
2833 1715 3060 1783 habuit,
3090 1715 3183 1771 cui
3210 1716 3499 1772 Boti‘eusis
3532 1733 3670 1788 prae-

2007 1803 2098 1860 sul
2131 1803 2463 1860 Gundulfus
2494 1803 2895 1859 memorabilis
2924 1821 3027 1877 pro
3051 1805 3488 1878 archiepiscopo
3514 1822 3670 1860 ama-

2012 1892 2210 1949 biliter
2238 1892 2659 1947 obsecundavit
2712 1893 2844 1963 Ipso
2875 1909 3110 1965 quoque
3159 1895 3370 1950 abbate
3415 1893 3665 1962 volente,

2009 1980 2232 2053 placuit
2259 1980 2744 2053 prastantissimo
2775 1980 3175 2052 archiprasuli
3196 1982 3471 2038 Anselmo
3497 1987 3666 2038 cate-

2005 2070 2204 2141 risque
2236 2068 2840 2141 pontificibus,haberi
2877 2069 2934 2124 in
2963 2075 3310 2142 perpetuum
3342 2070 3493 2127 hanc
3518 2075 3671 2128 octa-

2004 2174 2137 2212 vam
2171 2157 2526 2229 pracipuam
2559 2174 2625 2212 ac
2655 2156 3092 2212 celeberrimam
3114 2174 3219 2229 pro
3243 2158 3673 2229 prima,quate-

2010 2263 2123 2302 nus
2154 2252 2274 2301 tam
2295 2245 2623 2316 Augustino
2647 2246 2781 2301 duci
2805 2262 2982 2318 quam
3003 2246 3227 2302 cateris
3248 2245 3656 2319 collegis‘suis.

2012 2333 2285 2389 Romana
2316 2333 2537 2389 scilicet
2566 2333 2836 2389 Ecclesia
2868 2334 3127 2390 alumnis
3158 2339 3215 2390 et
3244 2333 3669 2408 legatis,atque

2010 2421 2352 2495 Angliarum
2385 2420 2773 2493 principibus,
2804 2420 3188 2493 ipsorumque
3226 2420 3671 2478 successoribus

2014 2509 2075 2564 in
2107 2525 2418 2565 commune
2450 2507 2725 2565 omnibus
2748 2515 3151 2577 consecretur;
3176 2510 3236 2564 in
3262 2526 3381 2582 qua
3403 2509 3670 2566 omnium

2016 2597 2170 2653 facta
2200 2595 2602 2664 translatio,ut
2625 2598 2751 2668 jam
2784 2614 2965 2669 supra
2992 2602 3380 2654 memoratum
3400 2602 3673 2665 est,com-

2019 2686 2320 2759 probatur.
2352 2685 2669 2757 Sequuntur
2694 2687 2970 2742 miracula
2999 2687 3070 2743 ad
3096 2688 3257 2758 ﬁnem
3305 2688 3468 2759 hujus
3516 2686 3668 2755 libri,

2020 2790 2148 2847 qua
2175 2775 2479 2831 omisimus.

3214 3015 3255 3025 an
3310 3008 3326 3019 κο
3372 3000 3429 3018 u“
3496 2998 3514 3010 ⁸

2796 3060 2833 3078 ἓδ
2902 3060 2916 3075 ἰ
2964 3050 2971 3061 ί
3012 3052 3063 3082 ιᾼ
3228 3053 3432 3082 ..)⁴θν·’σ
3479 3046 3545 3068 οὺ

3028 3079 3064 3096 ,³
3118 3082 3129 3091 ,λ
3218 3074 3267 3088 ,ρο
3312 3074 3486 3101 ""'
3542 3083 3559 3095 υ

2914 3096 3025 3105 Α¹⁷
3230 3110 3235 3111 γ
3315 3102 3331 3111 υ
3376 3094 3434 3107 νυ
3509 3090 3526 3102 υ

1467 3268 1789 3354 LIBER
1867 3267 2474 3368 SECUNDUS
2522 3312 2581 3363 ,τ
2614 3296 2956 3368 εςιευεηδς
3059 3284 3141 3368 ηε

2398 3364 2409 3370 ι
2446 3362 2459 3368 -ι
2522 3362 2531 3363 κ
2652 3362 2665 3371 ί
2896 3366 2935 3375 α,

2286 3389 2304 3405 υ
2358 3382 2414 3399 an
2455 3383 2513 3427 0.7
2804 3366 2821 3408 ἵ
2908 3378 2947 3410 δ..

2400 3414 2413 3432 τ
2504 3422 2515 3428 α
2673 3412 2691 3429 θ
2736 3430 2753 3437 ν,
2808 3426 2824 3437 υ
2912 3417 2927 3433 s

324 3498 671 3556 Primitivus
729 3503 926 3555 noster
980 3498 1369 3571 Augustinus,
1426 3516 1564 3554 cum
1620 3496 1911 3570 posterius
1943 3505 1986 3572 ρ
2025 3516 2126 3553 rus
2156 3499 2294 3565 (16),
2330 3497 2497 3569 quasi
2551 3499 2808 3569 quodam
2857 3500 2987 3564 voto
3028 3504 3092 3554 et
3139 3499 3422 3572 prasagio
3455 3500 3661 3556 futura

246 3589 586 3645 translatus
618 3589 698 3645 sit
725 3606 861 3644 cum
893 3587 1018 3643 suis
1051 3587 1610 3661 lateralibus,prima
1640 3587 1921 3643 narratio-

247 3679 352 3735 nis
384 3677 536 3735 serie
564 3677 925 3750 anticipatur
953 3693 967 3733 :
1003 3677 1193 3733 caeteri
1224 3675 1404 3748 hujus
1435 3676 1604 3732 amici
1658 3681 1794 3732 ante
1824 3675 1919 3748 ip-

251 3783 393 3823 sum
426 3765 701 3822 translati
732 3770 868 3839 post
898 3767 1095 3838 ipsum
1122 3764 1679 3821 recensentur.0rdo
1702 3780 1919 3836 prapo-

255 3860 479 3920 sterus,
512 3855 615 3911 sed
645 3854 976 3911 necessario
1005 3856 1421 3911 commutatus.
1446 3852 1675 3919 Quare?
1697 3852 1842 3920 Quia
1862 3855 1921 3907 et

254 3942 355 3999 cui
384 3943 732 4015 potissimus
761 3942 884 3998 hac
913 3941 1255 3999 solemnitas
1287 3940 1921 4015 praseribiturprima-

256 4038 359 4088 tus
389 4032 657 4097 debetur,
690 4036 748 4087 et
776 4031 1172 4087 esurientibus
1200 4036 1474 4102 paternas
1514 4031 1695 4103 dapes
1744 4029 1919 4085 citius

257 4120 554 4187 medetur,
584 4136 659 4175 ne
698 4118 874 4192 longo
923 4118 1240 4190 suspendio
1287 4118 1578 4174 diuturna
1630 4118 1919 4190 ambagis,

260 4214 584 4281 antequam
617 4208 689 4264 ad
720 4207 1043 4263 triclinium
1068 4207 1461 4280 perveniatur,
1493 4224 1644 4279 ager
1682 4222 1919 4278 exspec-

259 4302 417 4353 tatur
462 4296 850 4352 exanimetur.
896 4296 1067 4353 Nunc
1112 4312 1249 4368 ergo
1296 4296 1437 4368 quia
1483 4299 1650 4367 grata
1691 4294 1919 4351 occasio

263 4385 523 4441 renovati
554 4383 761 4456 templi
790 4384 950 4441 hunc
979 4383 1149 4441 nobis
1177 4384 1238 4439 in
1268 4388 1572 4456 assumpto
1596 4383 1920 4456 Augustino

261 4474 610 4546 ceterisque
662 4474 1015 4545 primatibus
1073 4472 1298 4546 peperit
1349 4472 1742 4544 triumphum,
1777 4488 1918 4528 con-

260 4579 483 4636 gruum
528 4562 820 4618 videtura
847 4562 1253 4635 superioribus
1299 4561 1568 4634 patribus
1614 4559 1673 4615 id
1723 4560 1919 4633 ipsum

262 4649 733 4723 parturientibus
762 4653 988 4706 textum
1019 4651 1358 4718 secundare,
1391 4647 1919 4717 et,intercurrenti-

261 4740 379 4796 bus
407 4738 736 4807 miraculis,
756 4739 1006 4812 gratiam
1037 4742 1160 4794 tam
1189 4737 1454 4811 ipsorum
1486 4752 1663 4810 quam
1692 4741 1920 4793 nostro-

262 4845 401 4884 rum
432 4827 663 4884 dierum
698 4826 1119 4883 celebrare.Sie
1145 4825 1401 4881 ambitus
1422 4841 1737 4881 causarum
1764 4828 1923 4896 (pen-

261 4917 447 4985 sabit)
463 4933 662 4972 moras
682 4915 1146 4989 colligendorum
1164 4915 1237 4969 de
1254 4913 1435 4986 pratis
1454 4912 1663 4986 Elysiis
1686 4913 1919 4981 ﬂorum,

260 5007 369 5077 (et)
389 5004 649 5060 diversas
670 5004 1086 5060 translationes
1109 5002 1561 5075 pracedentium
1581 5006 1921 5058 sanctorum

259 5094 335 5150 ad
368 5092 685 5166 Augustini
706 5093 833 5163 jam
863 5091 1130 5148 translati
1162 5091 1482 5147 referemus
1503 5089 1847 5146 sacrarium.

336 5186 475 5237 CAP.
510 5182 553 5236 Ι.
585 5181 836 5236 Atmeru:
878 5180 1042 5236 abbas
1080 5180 1138 5236 S.
1169 5181 1486 5250 Augustini.
1535 5184 1673 5236 Item
1722 5180 1919 5249 Elfsta-

256 5287 371 5326 nus
423 5300 497 5311 —
526 5269 723 5325 Primo
772 5268 952 5342 igitur
995 5268 1451 5341 Augustinensis
1498 5269 1679 5324 abbas
1725 5267 1920 5324 Alme-

334 5394 451 5466 (16)
484 5395 598 5450 Seu
628 5393 933 5466 Elmerus;
964 5392 1223 5466 Vulfrico
1253 5390 1537 5466 successit
1578 5408 1729 5466 anno
1760 5392 1917 5466 10Q6,

254 5471 315 5523 et
342 5461 509 5521 anno
538 5466 682 5538 {03:2
709 5465 901 5538 (actus
930 5468 1021 5538 est
1049 5461 1916 5538 episcopusﬁchireburnensis.

256 5537 345 5595 De
376 5553 498 5610 quo
529 5534 886 5602 Wilhelmus
906 5530 1105 5594 Thurri
1128 5534 1209 5592 ait
1230 5530 1386 5608 quod
1410 5533 1543 5589 licet
1560 5530 1651 5605 pie
1677 5535 1918 5589 sanctus

2028 3586 2453 3655 translationis,
2483 3603 2657 3642 arcus
2688 3592 2745 3642 et
2774 3582 3082 3643 columnas
3113 3605 3292 3661 super
3337 3593 3676 3646 sanctorum

2028 3691 2270 3747 corpora
2324 3676 2587 3731 Romana
2642 3674 2929 3748 elegantia
2978 3676 3317 3739 solemniter
3363 3677 3678 3734 adificatas

2028 3764 2703 3837 abstulit,quantumque
2724 3765 2997 3841 audebat,
3012 3764 3166 3820 viam
3191 3766 3539 3838 exsurgendi
3559 3766 3680 3822 illis

2028 3852 2251 3925 paravit
2283 3870 2296 3907 ε
2330 3853 2401 3908 de
2431 3851 2578 3925 ipsis
2605 3868 2740 3908 vero
2770 3851 3063 3909 columnis
3093 3857 3150 3909 et
3180 3854 3434 3910 arcubus
3473 3871 3679 3910 mona-

2028 3941 2189 3997 sterii
2221 3942 2312 3997 sui
2346 3941 2670 3997 claustrum
2713 3941 3029 3996 exornavit.
3063 3942 3208 3997 Hinc
3254 3943 3325 3998 de
3377 3942 3588 3998 abbate
3617 3942 3677 3998 in

2029 4029 2362 4103 pontiﬁcem
2418 4030 2565 4085 mire
2621 4029 2879 4085 renitens
2933 4035 3276 4103 assumptus
3339 4036 3429 4087 est
3493 4030 3680 4088 Scire-

2029 4120 2272 4184 bourne,
2302 4118 2565 4175 Elfstano
2597 4117 2908 4191 condigno,
2942 4119 3043 4191 qui
3094 4118 3499 4175 beatissimam
3549 4119 3679 4175 Mil-

2028 4208 2270 4263 dredam
2288 4208 2361 4263 ad
2378 4224 2552 4263 suum
2569 4207 2965 4278 Augustinum
2980 4207 3678 4275 transtulit,succedente.

2027 4295 2244 4351 Verum
2277 4296 2401 4367 ipse
2424 4295 2650 4366 judicio
2700 4295 2801 4351 Dei
2854 4295 3290 4364 misericordia,
3321 4296 3679 4353 verberantis

1962 4444 1975 4450 _
2029 4400 2177 4456 quos
2207 4384 2416 4457 diligit,
2451 4384 2709 4439 cacitate
2754 4400 3092 4456 percussus,
3122 4385 3524 4458 episcopatum
3558 4390 3679 4440 tam

2027 4472 2352 4529 voluntarie
2401 4472 2698 4537 deserens,
2753 4489 2930 4544 quam
2978 4473 3157 4529 invite
3215 4478 3574 4545 susceperat,
3606 4474 3678 4528 ad

2030 4566 2336 4633 paternum
2368 4562 2680 4633 Augustini
2714 4560 2911 4617 sinum
2937 4562 3128 4630 rediit,
3164 4567 3221 4617 et
3248 4561 3307 4616 in
3340 4562 3487 4618 cella
3514 4561 3680 4617 inﬁr-

2029 4667 2260 4705 morum
2292 4650 2723 4723 degens,otium
2749 4666 2923 4706 suum
2947 4650 3005 4705 in
3029 4649 3373 4722 psalmodiis
3394 4655 3451 4706 et
3473 4651 3682 4707 oratio~

2029 4739 2206 4794 nibus
2236 4738 2508 4795 exercuit.
2543 4739 2659 4794 Nec
2683 4738 3178 4810 pratermittenda
3198 4743 3286 4794 est
3306 4739 3401 4795 hic
3425 4740 3681 4796 admira-

2031 4827 2164 4882 bilis
2196 4844 2373 4899 super
2400 4844 2466 4883 eo
2495 4826 2907 4883 visio.Jacebat
2935 4829 3064 4899 ejus
3095 4827 3364 4883 minister
3391 4827 3479 4884 vir
3506 4829 3683 4885 hono-

2032 4914 2233 4972 rabilis
2249 4915 2306 4970 in
2326 4914 2570 4971 ecclesia
2592 4914 2779 4971 sancti
2804 4914 3419 4984 Mauritii,adharente
3439 4916 3550 4989 ipsi
3575 4917 3684 4972 col-

2031 5002 2162 5058 lula
2192 5003 2561 5058 infirmorum
2580 5002 2755 5057 :vidit
2772 5004 3029 5075 quadam
3047 5009 3213 5060 nocte
3241 5008 3306 5059 ut
3334 5005 3680 5071 accubabat,

2031 5091 2200 5164 plene
2230 5091 2500 5165 vigilans,
2537 5092 2683 5147 duas
2733 5090 3014 5164 personas
3060 5093 3420 5149 venerabiles
3458 5093 3681 5165 episco-

2030 5196 2171 5251 pum
2202 5181 2272 5235 de
2302 5180 2504 5237 eadem
2538 5179 2770 5250 cella,in
2803 5197 2918 5252 qua
2940 5181 3445 5253 quiescebat,hinc
3465 5181 3600 5238 inde
3622 5182 3682 5238 in

2028 5267 2218 5340 ipsam
2264 5268 2647 5324 Thebaorum
2694 5274 3018 5341 martyrum
3051 5269 3354 5326 basilicam
3387 5271 3682 5327 adducen-

2029 5391 2514 5466 credatur,ipsius
2544 5396 2737 5466 tamen
2764 5391 3049 5466 festivitas
3081 5393 3306 5466 absque
3337 5392 3683 5451 auctoritate

2029 5463 2358 5535 apostolica
2392 5464 2547 5520 sedis
2578 5463 2814 5520 celerari
2849 5464 3070 5537 nequit.
