3960 6064
169 197 240 255 37
1033 194 1231 257 HIST.
1279 193 1721 256 TRANLLAT.
1767 191 1834 254 s.
1876 191 2438 256 AUGUSTINL—
2472 193 2620 257 LIB.
2665 193 2746 256 II.
3385 179 3394 186 ’
3513 199 3592 261 38

170 329 496 383 inveniunt.
531 327 837 400 Extemplo
867 327 1111 384 confusa
1149 330 1384 400 pectora
1421 343 1534 382 nox
1565 325 1829 382 mceroris
1857 325 1914 393 Α
1942 324 2140 398 itaque
2170 326 2575 382 desiderabilis
2596 327 2891 383 Adrianus
2913 344 3044 382 cum
3078 345 3284 384 saxosa
3311 328 3461 386 mole
3484 348 3592 387 sua

173 423 438 489 occupat,
461 417 811 490 gelidusque
843 433 946 488 per
993 416 1112 471 ima
1139 416 1399 472 cucurrit
1426 433 1561 471 ossa
1591 420 1828 482 tremor,

175 505 524 578 putantibus
553 505 832 561 omnibus
863 521 926 561 se
957 504 1100 560 tanti
1133 504 1321 560 Patris
1341 503 1651 576 praesentia
1675 505 1833 558 frau-

174 595 362 650 datos.
400 595 516 650 Sed
539 595 716 664 jussu
749 594 981 648 abbatis
1012 593 1110 648 illa
1141 593 1540 648 obstructione
1569 591 1832 664 lapidum

173 700 396 748 eversa,
421 682 602 739 altius
633 681 1013 749 fodientibus,
1042 699 1076 736 a
1100 681 1241 736 laeva
1269 681 1537 754 cryptula
1569 682 1832 748 offertur,

172 790 286 844 qua
336 777 606 843 pertusa,
652 771 872 827 cmlesti
920 772 1094 826 odore
1141 771 1349 826 nuntio
1396 774 1832 843 prorumpente,

171 865 418 916 sanctus
447 860 699 916 Albinus
743 861 1101 927 ostenditur;
1137 878 1170 915 a
1199 860 1416 916 dextris
1453 877 1586 916 vero
1627 859 1835 932 ingens

169 950 413 1022 candidi
437 949 754 1006 marmoris
773 948 1200 1022 sarcophagum
1224 949 1567 1022 respiciunt,
1588 965 1838 1020 moxque

171 1039 356 1094 animi
391 1045 452 1094 et
481 1039 701 1112 gaudia
731 1039 802 1094 de
842 1037 1174 1094 inventione
1205 1037 1557 1110 optatissimi
1597 1037 1837 1094 Adriani

173 1129 445 1184 redeunt.
472 1127 639 1194 Quod
671 1126 1185 1183 circumfodientes
1214 1127 1353 1183 dum
1387 1127 1644 1200 operculi
1676 1143 1838 1182 amo-

171 1216 344 1271 vendi
380 1233 555 1287 casso
584 1217 852 1272 laborare
883 1215 1172 1283 nituntur,
1196 1217 1268 1271 ad
1308 1218 1487 1289 pedes
1530 1216 1838 1272 inductum

173 1305 544 1379 sarcophago
575 1304 832 1378 lapidem
863 1305 1351 1379 contemplantur.
1384 1305 1502 1361 Hoc
1547 1310 1836 1377 exempto,

174 1395 371 1450 subito
395 1393 564 1449 testis
585 1398 644 1449 et
664 1411 852 1466 praeco
875 1395 1102 1466 qutesiti
1127 1393 1400 1451 desiderii
1421 1393 1654 1462 exsiliit,
1678 1412 1844 1466 para-

175 1484 372 1538 disum
407 1483 646 1539 Domini
667 1481 902 1554 spirans
934 1484 1270 1556 fragrantia.
1295 1484 1408 1539 Sed
1430 1483 1499 1538 ad
1527 1484 1841 1555 gratiorem

173 1572 434 1628 lzstitiam
467 1573 686 1627 iterum
719 1576 1022 1628 tentantur
1065 1572 1325 1644 tristitia,
1349 1573 1490 1628 dum
1521 1589 1556 1627 a
1585 1574 1840 1646 quodam

179 1663 350 1716 fratre
373 1660 583 1716 timide
613 1659 965 1732 inspiciente
987 1660 1384 1733 proclamatur
1405 1662 1610 1717 tumba
1635 1678 1836 1718 vacua.
1870 1694 1918 1760 Β

180 1751 277 1805 Ast
317 1747 572 1805 aliorum
619 1766 762 1804 cura
809 1749 1205 1821 perspicacius
1258 1749 1472 1805 intuita
1529 1751 1837 1823 responde-

182 1844 274 1893 tur
303 1838 502 1910 potius
535 1854 666 1893 vere
715 1837 888 1909 plena
916 1855 1052 1892 vera
1108 1839 1296 1893 sancti
1329 1839 1590 1911 corporis
1645 1839 1834 1912 gleba,

180 1944 304 1998 quae
367 1927 448 1982 ita
495 1927 808 1982 videbatur
865 1928 1141 1995 formosa,
1175 1934 1240 1982 ut
1295 1933 1600 2000 putaretur
1645 1929 1838 1984 adhuc

180 2015 332 2071 sicut
366 2015 644 2087 primitus
690 2020 816 2070 erat
867 2016 1200 2087 impositus,
1234 2034 1405 2072 carne
1443 2018 1640 2088 jacere
1691 2019 1839 2073 inte-

179 2121 304 2176 gra.
326 2105 592 2159 Tandem
625 2104 750 2177 ipse
784 2105 902 2159 dux
933 2105 1127 2176 gregis
1173 2104 1442 2176 inspexit,
1470 2106 1635 2172 vidit,
1666 2111 1839 2178 atque

183 2194 336 2248 illico
367 2211 584 2265 magna
612 2193 1022 2262 exsultatione,
1067 2194 1247 2249 Gloria
1276 2196 1401 2261 tibi,
1435 2195 1670 2260 Christe,
1704 2213 1842 2267 pro-

182 2281 479 2336 clamavit.
505 2304 532 2331 «
554 2281 722 2348 Vere,
748 2282 960 2354 inquit,
985 2282 1106 2338 haec
1138 2289 1226 2339 est
1271 2283 1419 2339 beati
1443 2283 1680 2338 Adriani
1711 2301 1839 2356 pre-

183 2370 508 2425 tiosissima
529 2374 790 2442 corporis
827 2370 1163 2442 margarita,
1192 2372 1248 2426 in
1281 2372 1692 2443 splendoribus
1715 2391 1843 2428 san-

187 2463 412 2512 ctorum
439 2475 569 2513 vere
599 2460 1024 2515 resuscitanda.
1055 2483 1081 2507 ››
1103 2461 1182 2514 Ad
1216 2460 1336 2515 haec
1369 2479 1522 2515 unus
1570 2463 1838 2532 fratrum,

187 2546 362 2600 David
389 2546 649 2614 nomine,
679 2547 856 2602 Britto
880 2565 1108 2620 genere,
1133 2549 1188 2603 in
1225 2553 1494 2603 sanctum
1517 2567 1740 2622 corpus,
1758 2557 1842 2606 te-

187 2635 432 2690 merarie
454 2635 715 2689 extendit
745 2635 1016 2706 digitum,
1039 2636 1284 2708 experiri
1308 2638 1577 2694 curiosus
1598 2657 1671 2694 an
1695 2639 1839 2695 illud

189 2723 382 2778 adhuc
411 2727 569 2778 esset
601 2722 876 2778 solidum.
912 2725 1194 2797 Expertus
1225 2730 1314 2782 est
1343 2731 1536 2782 autem
1567 2729 1695 2799 ejus
1724 2728 1842 2783 vir-

189 2816 397 2874 tutem,
420 2812 594 2882 cujus
625 2815 850 2867 tentare
880 2829 1062 2867 ausus
1099 2818 1188 2869 est
1230 2813 1646 2871 conditionem.
1672 2815 1844 2872 Com-

191 2900 474 2972 pungitur
488 2900 711 2973 digitus
730 2900 883 2956 velut
904 2919 1010 2956 acu
1029 2903 1312 2970 conﬁxus,
1327 2908 1428 2958 aut
1448 2904 1675 2959 ardenti
1695 2906 1843 2962 ferro

191 2994 290 3043 aut
320 2987 609 3045 virulento
640 2989 824 3062 hydro
855 3007 1206 3062 percussus;
1244 3009 1348 3047 nec
1375 2992 1568 3048 solum
1599 2993 1839 3066 digitus,

1943 415 2200 486 speciose
2225 416 2524 487 adornata,
2547 415 2975 472 robustissimis
2995 417 3262 474 trabibus
3282 419 3590 491 excipitur,

1943 519 2078 558 cum
2109 503 2459 559 dulcimodis
2489 503 2732 560 laudum
2779 505 3013 577 organis
3044 511 3202 561 astra
3250 508 3593 566 ferientibus

1943 591 2200 658 ell‘ertur,
2223 591 2283 646 in
2315 593 2601 664 porticum
2631 593 3154 650 desiderantissimi
3189 596 3371 667 patris
3394 599 3594 670 Augu-

1944 679 2083 734 stini
2114 680 2486 753 gratissimus
2517 681 2737 754 collega
2767 682 3094 754 deponitur,
3121 689 3176 738 et
3206 685 3360 740 inter
3387 686 3598 744 beatis-

1945 770 2126 826 simos
2155 770 2344 842 ipsius
2376 775 2696 838 consortes,
2731 789 2795 826 ac
2818 773 2987 842 juxta
3017 773 3274 844 primum
3303 776 3432 846 ejus
3463 793 3598 832 suc-

1945 874 2236 913 cessorem
2251 859 3134 933 Laurentium,archiprzesulem
3153 864 3594 922 sanctissimum

1945 946 2236 1020 condigna
2255 949 2566 1004 sanctitate
2584 950 2917 1004 reconditur
2930 951 3019 1005 Fit
3036 950 3242 1024 ingens
3265 953 3452 1009 turbis
3474 959 3594 1010 tam

1950 1035 2323 1108 Francigenis
2354 1035 2434 1109 [id
2463 1045 2540 1092 est
2568 1037 3010 1112 Northmannis]
3033 1056 3210 1111 quam
3255 1041 3596 1115 Angligenis

1947 1123 2274 1191 exsultatio,
2303 1125 2364 1179 fit
2409 1125 2668 1180 irruendi
2701 1130 2758 1181 et
2788 1127 3194 1182 considerandi
3245 1147 3479 1186 summa
3507 1131 3596 1186 in-

1947 1212 2152 1279 tentio,
2175 1219 2419 1269 currunt
2447 1213 2714 1287 lacrymze
2745 1233 2862 1288 pra:
2893 1205 3132 1287 gaudio.
3149 1217 3326 1274 Addit
3355 1225 3598 1278 sanctus

1949 1300 2276 1372 tripudium
2308 1302 2590 1359 miraculo
2623 1303 2962 1372 clementize,
2988 1305 3088 1377 qui
3113 1311 3397 1364 terruerat
3427 1309 3599 1366 mira-

1952 1388 2082 1446 culo
2113 1402 2315 1462 poma.
2341 1391 2579 1464 Expleta
2608 1392 2980 1449 celeberrime
3011 1400 3066 1450 et
3089 1395 3505 1454 candidissimo
3527 1400 3599 1455 de

1950 1477 2138 1550 ipsius
2156 1479 2341 1551 gloria
2357 1480 2941 1554 missa,supradictus
2953 1486 3349 1540 tentatorcum
3368 1486 3601 1558 turgida

1953 1583 2133 1622 manu
2159 1567 2510 1624 miserabilis
2533 1571 2813 1639 accurrit;
2837 1571 3160 1635 candelam,
3177 1575 3346 1644 cujus
3368 1591 3602 1632 mensu-

1954 1671 2016 1709 ra
2037 1655 2165 1725 ejus
2184 1657 2448 1712 tumbam
2471 1657 2899 1730 circumplexus
2935 1663 3042 1728 est,
3065 1677 3197 1717 cum
3221 1661 3456 1735 lugubri
3480 1682 3598 1737 pcn-

1949 1743 2385 1812 nitudine,cum
2420 1746 2744 1801 interventu
2769 1747 2984 1803 fratum
3015 1751 3330 1806 astantium
3364 1753 3595 1822 obtulit,

1947 1838 2022 1898 et,
2040 1852 2070 1888 ο
2097 1833 2347 1905 piissimi
2373 1834 2560 1890 Patris
2580 1835 2882 1891 virtutem!
2909 1837 3062 1893 illico
3085 1838 3278 1894 omnis
3296 1840 3460 1896 dolor
3479 1859 3602 1898 eva-

1949 1921 2096 1988 nuit,
2122 1939 2333 1977 manus
2353 1923 2666 1989 detumuit,
2691 1925 2854 1980 salus
2887 1930 2942 1980 et
2973 1925 3174 1982 laetitia
3203 1934 3334 1999 post
3353 1947 3599 2002 angores

1947 2010 2164 2082 gratior
2185 2011 2349 2066 redit.
2375 2013 2523 2067 Tum
2556 2012 2653 2068 ille
2669 2014 2963 2086 geminam
2987 2021 3258 2086 expertus
3281 2019 3599 2089 potentiam

1948 2117 2205 2155 severam
2240 2104 2294 2154 et
2325 2117 2614 2169 serenam,
2639 2103 2864 2156 addidit
2907 2105 2975 2158 (lc
3011 2109 3130 2158 tam
3163 2105 3482 2162 salutiferis
3515 2108 3599 2179 pi-

1948 2188 2229 2259 gnoribus
2260 2189 2480 2260 aliquid
2515 2207 2842 2262 exposcere,
2864 2193 3074 2263 jurans
3108 2211 3284 2265 super
3315 2193 3438 2265 ipsa
3473 2213 3603 2251 san-

1951 2281 2062 2341 eta,
2087 2276 2133 2332 si
2159 2276 2245 2333 vel
2270 2278 2582 2333 minimum
2621 2279 2751 2335 inde
2781 2279 3312 2353 impetraret,quod
3339 2302 3444 2339 suo
3476 2284 3601 2340 loco

1949 2363 2007 2418 in
2045 2365 2346 2420 Britannia
2392 2367 2744 2423 monasterio
2795 2368 2994 2424 Sancti
3049 2369 3364 2427 Salvatoris
3416 2373 3602 2428 Redo-

1951 2453 2042 2507 nis
2065 2455 2174 2524 (30;-
2199 2455 2419 2509 deferre
2451 2460 2669 2527 posset,
2708 2472 2769 2511 se
2811 2457 3177 2524 effecturum,
3202 2464 3266 2514 ut
3297 2463 3601 2516 annuatim

1952 2543 2080 2612 ejus
2115 2543 2393 2598 festivitas
2426 2543 2484 2598 in
2531 2545 2732 2616 eappis
2761 2544 3168 2614 celebraretur,
3196 2548 3280 2602 uti
3310 2555 3602 2606 monaste-

1952 2631 2078 2685 riali
2115 2649 2223 2686 usu
2250 2631 2480 2687 dicitur.
2505 2635 2763 2705 Cumque
2789 2634 3118 2706 benignitas
3139 2636 3366 2693 abbatis
3389 2655 3606 2695 annue-

1952 2724 2058 2785 ret,
2095 2726 2518 2793 sumptumque
2548 2721 2856 2793 parvulum
2899 2723 3209 2779 art-iculum
3243 2725 3354 2781 sibi
3388 2727 3603 2800 porrigi

1943 2809 2206 2879 juberet;
2233 2815 2564 2882 porrectum
2589 2815 2748 2866 tanto
2769 2817 3019 2867 tremore
3043 2801 3276 2886 refugit,
3298 2821 3363 2870 ut
3384 2817 3454 2870 ad
3479 2834 3606 2872 sus-

1954 2897 2287 2970 cipiendum
2311 2897 2473 2954 nulla
2504 2899 2728 2956 ratione
2757 2901 3097 2972 persuaderi
3127 2909 3343 2974 posset.
3363 2905 3604 2962 Videres

1953 2985 2251 3043 hominem
2272 2988 2575 3044 ardentem
2610 2987 2669 3044 in
2693 3007 2753 3045 se
2777 2989 3026 3045 faculam
3053 2991 3370 3063 expavisse,
3388 2993 3604 3050 acrius-

193 3077 288 3131 sed
321 3081 442 3132 tota
469 3095 604 3132 cum
657 3077 1006 3134 intolerabili
1051 3080 1313 3136 cruciatu
1363 3081 1667 3138 extuberat
1715 3101 1842 3138 ma-
1875 3057 1916 3124 Ο
1955 3091 2065 3146 que
2097 3077 2600 3148 repercutiendam
2625 3078 3007 3144 dexteram.si
3035 3080 3272 3137 auderet
3303 3083 3602 3155 continge-

197 3183 324 3220 uus.
352 3166 616 3238 Cumque
649 3183 768 3238 prae
794 3167 1068 3239 angustia
1099 3167 1451 3225 clamantem
1474 3170 1656 3226 abbas
1679 3171 1846 3228 inter.

204 3259 422 3326 rogaret
465 3271 728 3321 causam,
753 3256 1010 3311 ostendit
1054 3257 1343 3313 tumidam
1388 3261 1849 3332 priesumptricis

208 3358 406 3398 manus
437 3360 692 3415 pmnam.
721 3343 1053 3415 Respondet
1077 3346 1258 3412 Pater,
1280 3348 1415 3418 jure
1446 3347 1506 3402 id
1537 3348 1755 3404 factum
1787 3350 1846 3406 in

209 3435 318 3484 tam
349 3431 837 3487 temerarium.At
867 3431 965 3488 ille
1013 3432 1303 3506 reliquum
1354 3435 1542 3492 noctis
1591 3454 1724 3494 cum
1757 3438 1848 3493 in-

211 3519 388 3574 somni
413 3519 636 3590 ejulatu
676 3521 962 3577 trahebat.
989 3521 1134 3578 Hinc
1181 3523 1452 3597 princeps
1505 3527 1846 3583 monasterii

211 3609 454 3664 incertus
472 3614 682 3664 aestuat
701 3610 919 3682 duplici
957 3609 1108 3667 mole
1129 3629 1403 3668 curarum
1429 3631 1442 3670 :
1469 3631 1603 3670 cum
1627 3633 1730 3672 nec
1753 3620 1844 3672 tu-

209 3703 324 3752 tum
355 3697 496 3753 foret
526 3704 796 3754 sanctum
829 3715 1042 3770 corpus
1083 3705 1342 3774 tangere,
1368 3720 1473 3758 nec
1517 3721 1650 3759 cum
1681 3709 1844 3760 tanto

207 3784 410 3857 lapidis
433 3787 686 3858 pondere
709 3788 1001 3843 videretur
1019 3789 1206 3844 efferri
1229 3807 1421 3862 posse.
1440 3792 1848 3850 Absterruerat

208 3875 352 3930 enim
375 3883 764 3947 praesumptor
785 3881 841 3932 et
870 3876 1003 3932 illos
1025 3878 1242 3949 quibus
1271 3880 1457 3934 sancti
1488 3885 1681 3936 tactus
1702 3883 1849 3938 foret

209 3962 476 4018 salubris.
493 3964 660 4019 Ponit
675 3964 870 4037 itaque
890 3970 952 4020 ut
967 3967 1038 4020 ad
1056 3970 1288 4022 tantum
1302 3961 1641 4024 thesaurum
1661 3987 1848 4042 usque

205 4051 258 4105 in
289 4051 442 4107 diem
474 4051 770 4118 custodes,
800 4051 965 4109 intus
996 4053 1202 4110 fratres
1232 4061 1484 4123 orantes,
1519 4056 1660 4114 foris
1691 4058 1846 4112 mili-

201 4144 281 4194 tes
309 4139 538 4212 vigiles.
569 4139 747 4195 Jubet
785 4139 940 4196 illico
966 4145 1149 4199 totum
1205 4144 1630 4200 monasterium
1661 4146 1848 4203 auleis

202 4227 566 4298 candescere,
586 4225 802 4299 palliis,
820 4245 1081 4301 purpura
1100 4235 1155 4286 et
1179 4247 1318 4286 auro
1339 4232 1618 4304 omnique
1637 4239 1848 4291 ornatu

198 4314 547 4388 paschaliter
573 4314 999 4388 splendescere.
1013 4319 1226 4375 Aderat
1246 4324 1386 4375 tunc
1403 4319 1726 4378 Cantuariis
1750 4324 1854 4383 Ba-

1955 3181 2036 3219 re.
2063 3165 2478 3220 Perounctante
2517 3165 2714 3236 itaque
2741 3167 3079 3232 datore,cur
3109 3172 3228 3223 tam
3279 3169 3482 3240 pavide
3517 3188 3603 3226 re-

1956 3253 2352 3324 nueret,quod
2383 3257 2502 3308 tam
2535 3253 2698 3309 avide
2730 3259 3107 3310 exorassetm
3133 3257 3356 3322 Totius,
3389 3259 3600 3332 inquit,

1957 3339 2160 3396 mundi
2190 3340 2502 3414 promissio
2519 3343 2646 3413 jam
2670 3343 2813 3398 mihi
2836 3343 2946 3399 hoc
2967 3361 3080 3399 non
3106 3345 3382 3419 infliget.»
3409 3347 3492 3402 Ita
3513 3365 3605 3420 pe-

1955 3431 2127 3486 titore
2151 3430 2478 3498 absterrito,
2499 3447 2732 3486 sacrum
2763 3449 2981 3489 munus
3003 3451 3108 3490 suo
3132 3435 3432 3507 reponitur
3451 3436 3606 3493 locu-

1954 3519 2030 3586 lo,
2051 3520 2343 3593 integrum
2368 3520 2587 3577 scilicet
2607 3521 2788 3578 electo
2819 3523 2942 3580 loco
2974 3541 3202 3581 servare
3234 3543 3295 3582 se
3326 3527 3604 3600 dignante

1956 3614 2179 3664 sancto.

2026 3701 2154 3754 CAP.
2182 3698 2300 3753 ΧΙΙ.
2333 3699 2524 3754 Puella
2553 3707 2802 3755 sanatur.
2832 3732 2892 3741 —
2914 3701 3126 3757 Clausa
3155 3701 3334 3775 igitur
3361 3704 3605 3760 odorife-

1955 3787 2001 3842 ri
2033 3787 2289 3859 corporis
2321 3788 2619 3859 apotheca,
2645 3789 2977 3860 supervenit
2999 3791 3069 3846 de
3099 3792 3379 3848 suburbio
3409 3793 3606 3865 puella

1947 3877 2075 3947 jam
2109 3875 2310 3931 multis
2346 3875 2514 3931 annis
2545 3877 2958 3933 intestinorum
2981 3879 3239 3935 cruciatu
3274 3881 3608 3938 immedica-

1956 3965 2056 4019 bili
2091 3965 2309 4031 attrita,
2335 3969 2389 4020 et
2421 3971 2553 4036 post
2582 3967 2905 4022 orationem
2937 3968 3267 4024 sciscitaiur
3295 3970 3504 4026 fratres
3533 3971 3604 4026 de

1957 4051 2050 4110 sui
2082 4053 2270 4109 morbi
2303 4051 2547 4110 medela.
2571 4055 2641 4108 At
2674 4053 2754 4108 illi
2790 4053 2990 4110 abluta
3022 4057 3218 4113 fratris
3251 4075 3449 4126 manu,
3476 4076 3603 4131 quaa

1957 4141 2142 4198 sancti
2165 4141 2485 4213 contigerat
2505 4141 2841 4209 articulum,
2865 4143 3177 4214 propinant
3202 4146 3478 4201 morbida:
3501 4164 3607 4219 po-

1957 4234 2107 4286 tum.
2128 4229 2171 4286 Ο
2193 4230 2368 4286 ﬁdem
2399 4230 2473 4285 ad
2501 4231 2699 4285 omnia
2729 4231 3054 4302 potentem!
3080 4249 3113 4288 o
3135 4233 3350 4290 Christi
3379 4236 3605 4292 confes-

1957 4335 2150 4375 sorem
2168 4318 2238 4374 ad
2256 4319 2454 4374 omnia
2469 4319 2840 4375 credentibus
2859 4319 2916 4374 in
2933 4319 3161 4377 Christo
3182 4323 3570 4394 prazstabilem
3589 4323 3602 4379 ι

186 4404 446 4475 jocensis
481 4403 745 4476 pontifex
776 4405 917 4474 Odo,
943 4406 1117 4463 frater
1144 4407 1318 4481 regis,
1342 4413 1400 4464 et
1441 4410 1552 4466 sub
1583 4427 1716 4484 rege
1746 4413 1847 4468 ab-
1875 4426 1923 4490 D
1959 4411 2149 4463 tactus
2180 4407 2365 4463 sancti
2397 4407 2656 4480 corporis
2702 4407 2856 4464 sicut
2901 4415 3368 4482 praesumptuoso
3397 4413 3604 4482 obfuit,

192 4499 350 4550 sente
371 4499 701 4566 praeceptor
715 4493 953 4567 Anglia.
975 4497 1102 4568 Ipse
1124 4495 1276 4553 lucis
1298 4497 1642 4571 crepusculo
1665 4501 1737 4556 ab
1759 4501 1851 4580 ab_

1961 4495 2043 4550 ita
2071 4496 2329 4552 officioso
2365 4501 2430 4552 ut
2465 4501 2524 4552 et
2561 4495 2694 4552 aliis
2724 4497 2999 4568 prodesse
3027 4498 3291 4555 contulit.
3317 4500 3397 4556 De
3426 4501 3608 4573 hujus

191 4582 318 4638 hate
341 4581 720 4654 adsciscitur,
743 4583 911 4639 audit
930 4587 987 4640 et
1003 4584 1160 4641 videt
1178 4585 1455 4643 virtutem
1479 4587 1666 4644 soncti
1686 4606 1699 4658 ;
1723 4606 1854 4650 con.
1961 4584 2158 4657 itaque
2189 4590 2378 4641 tactus
2409 4585 2705 4642 ablutione
2733 4590 2969 4660 gustata
2996 4586 3228 4660 plenam
3263 4589 3607 4662 sospitatem

190 4670 381 4727 saltus
409 4670 682 4726 hortatur
712 4672 984 4728 abbatem
1014 4689 1086 4730 ne
1115 4690 1251 4730 eum
1275 4674 1570 4732 emitteret
1599 4677 1672 4732 ab
1703 4679 1852 4734 anti-

189 4777 302 4833 quo
331 4759 712 4817 dormitionis
735 4777 854 4817 sua
875 4765 1024 4830 toro,
1048 4763 1150 4819 sed
1173 4780 1308 4820 cum
1337 4781 1424 4831 eo,
1451 4781 1568 4837 quo
1588 4765 1850 4838 primum

189 4866 220 4904 ι
248 4847 476 4906 sanctis
508 4847 955 4906 obsecutoribus
999 4851 1227 4924 positus
1256 4857 1366 4921 est,
1394 4853 1622 4910 efferret
1661 4872 1851 4912 sarco-

187 4937 403 5012 phago.
429 4936 787 5010 Obsequitur
807 4939 1051 4996 consilio
1083 4941 1314 4998 auditor
1339 4942 1619 5014 prudens,
1644 4943 1847 5000 rebus-

187 5043 298 5100 que
318 5025 567 5100 paratis,
587 5042 722 5083 cum
743 5028 1057 5085 candidate.
1077 5046 1143 5085 ac
1164 5035 1490 5103 purpurata
1510 5029 1850 5089 solemniter

187 5115 440 5171 fratrum
465 5119 711 5182 caterva,
736 5120 795 5173 et
825 5116 1040 5190 populo
1070 5117 1336 5174 certatim
1368 5117 1749 5193 irrumpente,
1773 5121 1846 5178 ad
1883 5122 1894 5127 ’

189 5203 290 5260 illa
318 5205 511 5262 sancti
545 5209 886 5262 sanctorum
937 5207 1311 5295 ornatissime
1357 5210 1636 5282 procedit.
1662 5211 1846 5268 Totus

1961 4679 2224 4730 actutum
2256 4673 2455 4730 hausit
2484 4679 2717 4748 aegrota.

2030 4762 2161 4820 CAP.
2193 4763 2338 4819 ΧΙΙΙ.
2378 4766 2802 4834 Trans/"eruatur
2828 4766 2946 4821 alia
2979 4781 3224 4838 corpora.
3250 4799 3317 4807 —
3347 4767 3441 4824 Sic
3469 4784 3606 4842 ergo

1957 4852 2444 4925 prazstantissimo
2464 4852 2720 4908 Adriano
2751 4853 3034 4910 translato
3055 4859 3113 4910 et
3133 4854 3210 4910 mi
3220 4855 3461 4924 riﬁcato,
3479 4857 3606 4928 jam

1955 4945 2090 5013 post
2106 4941 2382 5014 praedicta
2397 4939 2714 4996 missarum
2732 4941 3184 5011 solemnia,dum
3202 4944 3356 5002 inter
3370 4946 3605 5002 easdem

1956 5029 2171 5086 missas
2201 5028 2409 5102 reliqui
2441 5046 2646 5085 omnes
2664 5030 2765 5102 qui
2797 5035 2962 5086 erant
2998 5033 3386 5089 transferendi
3417 5033 3607 5090 eleva-

1956 5123 2159 5175 rentur
2204 5137 2239 5174 a
2270 5117 2566 5190 speluncis
2612 5118 2756 5187 suis,
2785 5123 2844 5175 et
2874 5125 3154 5194 parentur
3185 5123 3256 5177 ad
3306 5125 3610 5195 exportan-

1955 5210 2120 5276 dum,
2135 5207 2504 5281 dispensator
2521 5207 2838 5266 Dominicis
2858 5209 3092 5266 familiae
3115 5213 3440 5284 regreditur
3469 5227 3606 5269 cum

255 5403 376 5474 (30)
397 5403 834 5486 _M9ngs_teripq_1
883 5403 1214 5486 Rotonense
1240 5405 1302 5463 in
1331 5369 1546 5465 minori
1588 5405 1893 5468 Britannia
1921 5409 1980 5468 S.
2015 5406 2299 5466 Salvatori
2331 5406 2615 5478 dicatum,
2647 5405 2820 5486 vulgo
2852 5407 3088 5480 Rhedon,
3120 5407 3410 5485 hodieque
3457 5407 3607 5468 cele-

187 5474 288 5534 bre
315 5476 434 5536 sub
465 5476 528 5536 S.
559 5476 751 5536 Mauri
781 5476 1265 5554 Congregatione.
