3960 6064
311 179 392 263 39
1269 195 1678 258 GOSCELINI
1724 192 2352 256 CANTUABIENSIS
2397 192 2774 260 MONACHI.

3609 186 3738 264 ,ιο

313 330 743 388 candidissima
791 329 1180 402 processione,
1229 329 1702 400 transferensque
1750 342 1968 398 praesu-
1996 325 2051 391 Α
2081 324 2374 397 plectitur.
2409 327 2470 383 In
2504 327 2631 400 ipso
2661 327 2839 402 priori
2871 332 3044 401 atque
3071 327 3424 386 electissimo
3463 328 3588 387 loco
3620 345 3741 386 suo

316 419 460 485 lum,
499 419 777 475 abbatum
823 418 1299 490 reliquorumque
1350 420 1685 472 sanctorum
1727 415 1971 488 pignora

315 525 451 564 cum
487 525 693 564 vocum
727 512 783 562 et
803 505 1205 580 cymbalorum
1233 504 1348 561 alta
1369 504 1769 570 resultatione,
1791 503 1850 557 in
1883 518 1972 557 oc-

311 595 594 652 cidentali
643 595 787 650 turri
840 594 1178 650 monasterii
1212 593 1410 650 omnia
1458 591 1788 664 composuit
1837 594 1969 646 ante

309 688 522 742 sanetae
573 682 674 739 Dei
709 683 1017 738 Genitricis
1065 682 1266 750 altare,
1294 683 1496 749 donec,
1522 699 1670 736 nova
1723 679 1970 735 ecclesia

307 772 839 837 remdilicatamovo
860 771 1314 827 recouderentur
1336 769 1574 826 honore.
1593 769 1709 824 Nec
1732 769 1966 824 defuere

309 866 561 935 quatuor
599 877 764 933 reges
808 876 989 932 supra
1037 858 1344 915 memorati
1396 858 1534 913 huic
1565 855 1962 926 translationi,

308 967 443 1008 cum
475 948 827 1022 conjugibus
857 953 914 1004 et
945 965 1053 1004 sua
1082 947 1356 1020 progenie
1387 945 1586 1002 evecti.

378 1040 512 1094 CAP.
548 1038 692 1093 XIV.
736 1037 918 1092 Altare
947 1038 1010 1092 Β.
1044 1036 1236 1092 Mariae
1283 1035 1547 1091 diruitur.
1574 1036 1658 1090 Ibi
1704 1036 1960 1108 reliquiae

307 1129 527 1199 ignotw.
559 1159 628 1166 —
659 1125 876 1181 Deinde
907 1124 1226 1198 principale
1257 1123 1437 1180 altare
1458 1123 1757 1197 virginalis
1784 1123 1961 1179 eccle-

308 1217 406 1273 siae
453 1215 726 1281 diruitur,
761 1213 840 1269 ibi
897 1231 1129 1286 quoque
1186 1231 1332 1285 opus
1389 1213 1727 1285 protelatur,
1762 1217 1960 1268 noster

307 1306 483 1362 etiam
515 1321 705 1360 sermo
747 1304 1116 1375 subsequens
1159 1301 1557 1374 prolongatur.
1597 1301 1959 1358 Aﬂ‘ulserunt

307 1395 387 1450 ibi
420 1396 795 1450 sacrosancta
840 1396 1176 1447 sanctorum
1218 1391 1481 1463 pignora,
1515 1392 1770 1447 eburneo
1819 1408 1956 1447 can-

307 1485 444 1539 dore
475 1486 532 1538 et
575 1482 784 1536 rubore
817 1481 1121 1545 interfusa,
1155 1480 1430 1552 omnique
1475 1481 1758 1536 suavitate
1789 1481 1954 1536 redo-

307 1571 512 1642 lentia,
529 1588 562 1626 a
581 1569 956 1627 sanctissimo
980 1567 1390 1640 archiprmsule
1422 1567 1639 1624 Mellito
1667 1567 1746 1624 ibi
1775 1585 1957 1641 quon—

305 1663 464 1728 dam,
496 1659 730 1732 quando
763 1657 871 1712 hoc
903 1657 1083 1712 altare
1114 1674 1248 1712 cum
1281 1655 1525 1713 ecclesia
1553 1659 1952 1727 consecrabat,
1982 1691 2031 1757 B

306 1748 712 1804 decentissime
772 1745 1026 1819 reposita
1083 1745 1332 1801 Nomina
1369 1761 1568 1801 eorum
1629 1749 1686 1801 et
1741 1745 1958 1800 indicia

306 1836 588 1894 chartulis
619 1835 922 1906 inscripta,
955 1839 1130 1906 atque
1169 1835 1226 1888 in
1260 1834 1500 1889 modum
1533 1835 1724 1889 crucis
1753 1838 1953 1890 cavato

303 1926 484 1998 lapidi
525 1926 712 1980 indita
742 1941 807 1979 ac
839 1924 1135 1989 distincta,
1169 1923 1440 1995 apparuit
1499 1923 1577 1978 ibi
1638 1923 1953 1994 aliquando

309 2015 561 2070 flanimis
592 2015 925 2084 absumpta.
961 2011 1235 2066 Dolemus
1277 2016 1332 2065 et
1369 2012 1579 2066 horum
1611 2017 1668 2066 et
1697 2017 1780 2066 tot
1811 2011 1954 2066 alio-

308 2121 438 2158 rum
473 2107 808 2156 sanctorum
843 2100 1110 2154 notitiam
1148 2100 1318 2154 torris
1349 2101 1647 2165 abolitam,
1679 2117 1812 2155 cum
1846 2101 1954 2155 hoc

307 2194 591 2247 damnum
619 2195 880 2245 nostram
905 2188 1202 2261 redarguit
1224 2188 1516 2256 inertiam,
1541 2207 1673 2243 cum
1698 2206 1801 2244 nec
1823 2188 1954 2243 illos

307 2281 480 2353 digno
513 2280 750 2334 laudare
774 2295 919 2350 quos
951 2276 1240 2344 novimus,
1266 2294 1370 2332 nec
1401 2277 1529 2349 ipsa
1556 2280 1637 2332 tot
1668 2282 1786 2332 tam
1811 2275 1956 2331 mul-

306 2375 500 2426 torum
535 2373 700 2441 gesta
731 2367 982 2440 relegere
1014 2365 1402 2437 assurgimus,
1427 2371 1538 2422 etc.

375 2459 509 2513 CAP.
530 2456 644 2512 XV.
663 2457 894 2511 Parvuli
907 2471 1195 2526 corpus.—
1213 2454 1395 2526 Igitur
1416 2454 1738 2526 assumptis
1756 2472 1955 2526 supra-

305 2545 477 2602 dictis
510 2543 794 2615 reliquiis,
828 2547 960 2597 ante
1000 2542 1192 2614 ipsum
1237 2541 1416 2596 altare
1457 2543 1837 2613 cxstirpatum
1871 2541 1954 2596 of-

306 2634 628 2690 fenduntur
658 2631 781 2688 alia
813 2648 972 2702 opes,
997 2629 1121 2684 aliae
1169 2630 1519 2701 margaritae.
1543 2631 1842 2685 Germinat
1873 2629 1952 2684 ibi

307 2739 475 2779 sacra
505 2721 784 2793 spelunca
814 2720 990 2775 unius
1021 2717 1244 2790 parvuli
1277 2717 1444 2773 nivea
1467 2723 1523 2773 et
1553 2717 1736 2773 lactea
1766 2735 1955 2773 mem-

306 2812 432 2877 bra,
466 2811 548 2864 ita
579 2809 808 2864 minuta
838 2813 901 2863 ut
931 2807 1022 2862 vix
1061 2811 1301 2878 possent
1351 2806 1552 2876 teneri,
1588 2807 1667 2861 ita
1716 2807 1862 2862 dura
1892 2812 1956 2861 ut

305 2898 654 2954 difﬁcillime
685 2902 923 2970 possent
972 2896 1181 2968 frangi.
1220 2895 1568 2951 Miranlibus
1608 2895 1834 2951 cunctis
1865 2896 1955 2950 in-

306 2993 532 3046 suetum
566 2991 623 3042 et
654 2986 996 3042 tenuitatem
1031 2989 1087 3040 et
1133 2983 1486 3040 soliditatem
1519 2989 1692 3056 atque
1739 2985 1956 3040 cando-

307 3076 699 3148 rem,quidam
734 3075 1054 3130 astantium
1077 3075 1204 3146 jam
1237 3072 1450 3128 maturi
1473 3072 1570 3127 aevi
1607 3073 1870 3144 prorupit
1899 3073 1958 3128 in

307 3166 455 3221 hanc
490 3164 830 3220 relationem
857 3181 870 3218 :
897 3186 922 3214 ‹‹
947 3163 1090 3218 Cum
1125 3179 1268 3234 puer
1297 3177 1508 3227 essem,
1533 3177 1638 3234 ego
1667 3166 1722 3216 ct
1753 3167 1956 3217 coaeta-

309 3253 398 3309 nei
433 3253 543 3308 mei
579 3253 741 3325 pueri
777 3268 974 3307 sacros
1006 3256 1214 3306 cantus
1254 3250 1314 3305 in
1360 3250 1468 3304 hac
1500 3249 1743 3305 ecclesia
1774 3250 1958 3306 disce-

309 3343 544 3398 bamus.
582 3343 804 3396 [nterea
833 3357 967 3395 cum
1001 3341 1256 3410 quadam
1288 3344 1475 3413 nocte,
1501 3339 1744 3410 expletis
1775 3345 1962 3395 matu-

311 3431 473 3498 tinis,
519 3429 963 3485 concineremus
1019 3445 1087 3484 ex
1146 3444 1326 3494 more,
1351 3427 1594 3499 contigit
1651 3446 1834 3483 unum
1893 3447 1961 3484 ex

311 3518 481 3575 nobis
513 3535 628 3573 aevo
660 3522 717 3574 et
746 3517 942 3572 animo
983 3516 1417 3588 promotiorem,
1442 3516 1610 3588 quasi
1652 3533 1960 3588 spasman-

307 3613 423 3663 tem
457 3607 650 3662 subito
676 3606 999 3671 concidere,
1025 3609 1080 3661 et
1099 3605 1256 3661 velut
1284 3605 1610 3659 exanimem
1635 3605 1760 3660 sine
1782 3622 1960 3661 sensu

307 3701 364 3753 et
399 3712 537 3751 voce
586 3697 802 3767 jacere.
829 3696 1087 3750 Tandem
1151 3695 1447 3765 respirans
1504 3711 1570 3750 ac
1631 3695 1958 3766 suspirans,

307 3784 832 3858 percunctantibus
863 3782 1030 3838 nobis
1079 3782 1299 3854 trepide
1331 3782 1472 3854 quid
1505 3788 1797 3854 pateretur
1828 3800 1840 3838 :
1873 3785 1959 3838 An

307 3891 428 3943 vos,
461 3873 674 3945 inquit,
707 3872 898 3928 visum
933 3871 1072 3926 mihi
1118 3871 1468 3927 miraculum
1519 3889 1634 3927 non
1684 3872 1960 3928 vidistis?

307 3961 666 4035 Negantibus
716 3961 1010 4017 omnibus.
1044 3960 1197 4028 Vidi,
1233 3961 1332 4028 ait,
1369 3961 1428 4016 in
1477 3960 1748 4034 ingressu
1797 3959 1958 4016 chori

308 4050 617 4124 parvulum
650 4054 960 4118 astantem,
991 4049 1177 4126 instar
1222 4049 1370 4106 nivis
1420 4051 1742 4117 cadentem,
1779 4049 1960 4106 tensis

307 4140 368 4196 in
399 4140 610 4196 cazlum
642 4138 920 4211 palmulis
952 4143 1240 4205 orantem,
1283 4143 1415 4210 post
1461 4139 1783 4195 orationem
1816 4140 1962 4195 ﬂexa

305 4229 366 4286 in
399 4228 700 4284 meridiem
731 4229 824 4283 via
857 4229 928 4283 ad
963 4227 1142 4283 altare
1187 4237 1615 4300 properantem,
1641 4227 1839 4300 sicque
1871 4228 1960 4282 in-

313 4323 400 4374 ter
430 4322 699 4374 sanctum
731 4318 1052 4372 Adrianum
1084 4333 1150 4372 ac
1181 4315 1500 4388 principale
1523 4316 1702 4373 altare
1731 4334 1962 4373 evanes-

2079 419 2342 486 cryptam
2371 434 2578 473 novam
2609 417 2900 474 altissima
2919 417 3094 491 Virgo
3123 417 3502 488 nanciscitur,
3527 423 3584 475 et
3622 421 3748 475 Au-

2079 503 2302 574 gustini
2349 503 2670 573 thalamus,
2713 510 2770 562 et
2813 505 3145 578 principum
3193 505 3590 580 apostolorum
3623 509 3738 564 do-

2080 608 2214 648 mus
2245 593 2498 666 desuper
2539 595 2967 651 cacuminatur.
3000 595 3254 650 Summae
3304 599 3498 652 autem
3532 596 3738 652 Mariae

2077 697 2224 736 suus
2254 685 2417 738 torus
2461 683 2828 756 receptabilis
2877 683 3261 756 sequentibus
3305 682 3490 758 signis
3532 683 3736 741 decla-

2073 772 2254 825 ratur.

2143 858 2277 914 CAP.
2303 859 2642 918 XVII-XXII.
2668 861 2824 919 Caeca
2854 861 3199 918 illuminata.
3219 893 3288 902 —
3311 861 3572 918 Necdum
3603 865 3736 919 erat

2070 951 2272 1019 crypta
2327 949 2488 1022 regia
2545 951 2822 1022 perlecta,
2863 955 2921 1006 et
2972 949 3185 1024 reginae
3240 955 3454 1006 nostras
3507 951 3734 1012 arrisit.

2068 1035 2276 1108 gratia.
2301 1037 2438 1092 Erat
2467 1037 2625 1094 alma
2645 1039 2770 1095 dics
2793 1038 3141 1104 Palmaram,
3167 1039 3226 1094 in
3257 1055 3374 1110 qua
3395 1037 3521 1095 Filii
3545 1039 3644 1094 Dei
3665 1042 3731 1096 ct

2067 1124 2156 1180 sui
2191 1127 2448 1182 mundus
2493 1127 2826 1184 celebrabat
2863 1127 3252 1200 triumphum.
3280 1127 3438 1184 Fecit
3465 1126 3727 1184 Ecclesia

2065 1213 2271 1270 festiva
2300 1215 2570 1272 ﬂoridam
2599 1222 2657 1272 et
2693 1216 3012 1288 palmatam
3052 1216 3508 1288 processionem,
3532 1215 3725 1272 susci-

2065 1303 2232 1374 piens
2280 1321 2457 1360 suum
2506 1321 2640 1360 cum
2691 1305 2952 1378 antiquis
2994 1303 3456 1376 Hierosolymitis
3500 1319 3720 1375 regem,

2065 1392 2220 1462 apud
2253 1392 2522 1449 homines
2551 1393 2730 1450 asello
2759 1394 3080 1466 sedentem,
3105 1397 3164 1449 et
3208 1409 3386 1465 super
3413 1392 3724 1448 cherubim

2064 1478 2207 1535 cmlo
2247 1487 2608 1553 regnantem.
2633 1482 2859 1538 Interea
2907 1499 3058 1538 anus
3105 1481 3375 1554 quaedam
3415 1480 3720 1537 oculorum

2064 1567 2321 1624 caecitate
2341 1573 2398 1625 et
2420 1569 2650 1625 diutina
2670 1570 3014 1642 aegritudine
3034 1569 3332 1637 tribulata,
3347 1569 3473 1626 sola
3495 1585 3724 1626 reman-

2065 1661 2220 1713 serat
2248 1657 2303 1712 in
2338 1663 2538 1731 crypta
2560 1675 2694 1714 cum
2721 1658 3036 1714 Salvatoris
3077 1657 3357 1732 genitrice
3397 1673 3463 1712 ac
3510 1657 3720 1712 mundi

2063 1745 2364 1802 salvatrice
2404 1747 2605 1802 Maria.
2641 1747 2920 1803 Miserata
2949 1751 3038 1802 est
3067 1750 3256 1802 mater
3302 1745 3718 1802 misericordia

2063 1835 2288 1890 miserae
2305 1835 2716 1903 calamitatem,
2731 1831 2791 1890 et
2807 1840 2939 1890 ante
2962 1840 3257 1908 peractam
3283 1833 3717 1907 processionem

2063 1940 2222 1976 caecae
2253 1924 2503 1978 reddidit
2523 1923 2827 1978 oculorum
2859 1923 3079 1990 lumen,
3104 1929 3161 1978 et
3188 1922 3478 1996 languidae
3507 1921 3716 1994 reliqui

2063 2013 2322 2082 corporis
2371 2011 2600 2083 plenam
2653 2013 3015 2084 sospitatem,
3050 2017 3156 2066 etc.
3213 2011 3528 2080 Sequuntur
3571 2027 3721 2066 com-

2057 2101 2222 2170 plura
2250 2103 2550 2166 miracula,
2575 2117 2700 2173 quae
2726 2101 2921 2156 videsis
2951 2099 3095 2171 apud
3130 2099 3538 2155 Bollandianos.

2135 2192 2263 2244 CAP.
2288 2189 2675 2244 XXIII-XXIV.
2699 2189 2807 2244 Alii
2837 2189 2974 2244 item
3001 2188 3182 2256 fratri,
3208 2205 3324 2243 aevo
3359 2193 3418 2243 et
3449 2187 3716 2244 moribus

2062 2277 2400 2343 venerabili,
2451 2279 2687 2333 nomine
2736 2277 3011 2351 Gregorio
3061 2277 3317 2348 quadam
3369 2281 3535 2332 nocte
3585 2281 3726 2332 ante

2067 2370 2384 2422 nocturnos
2415 2367 2668 2436 hymnos
2713 2366 2906 2422 adhuc
2947 2365 3156 2437 sopito,
3183 2365 3335 2420 clare
3383 2365 3621 2420 auditur
3647 2365 3726 2420 ab

2067 2457 2268 2510 eadem
2303 2459 2504 2528 crypta
2534 2455 2684 2510 mira
2723 2473 2987 2527 superna:
3027 2453 3345 2510 harmoniae
3377 2452 3723 2522 modulatio,

2065 2542 2209 2598 adeo
2243 2547 2308 2598 ut
2340 2561 2455 2614 prae
2486 2543 2584 2599 illo
2613 2543 2769 2598 dulci
2813 2560 2956 2599 sono
2993 2547 3404 2616 expergeretur
3434 2559 3463 2597 a
3497 2559 3730 2614 somno,

2066 2631 2412 2697 Quiescebat
2462 2649 2613 2704 aeger
2648 2636 2814 2697 tunc,
2838 2635 2904 2686 ut
2933 2629 3106 2686 hodie
3155 2635 3348 2696 tenus,
3375 2629 3434 2684 in
3467 2629 3734 2685 inﬁrmo-

2066 2738 2194 2776 rum
2219 2721 2364 2777 cella
2393 2721 2568 2776 fronti
2593 2726 2652 2776 et
2683 2720 2794 2792 ipsi
2818 2725 3034 2792 cryptae
3061 2719 3399 2774 monasterii
3433 2718 3732 2790 contigua.

2065 2809 2300 2864 Residet
2357 2811 2596 2864 auditor
2651 2807 2865 2864 lectulo
2916 2812 2974 2863 et
3034 2807 3350 2873 auscultat,
3385 2807 3736 2862 cantabatur

2065 2899 2345 2965 officium,
2371 2899 2526 2970 quod
2562 2897 2640 2953 ibi
2673 2897 2934 2970 quotidie
2971 2897 3032 2951 in
3064 2896 3318 2969 gratiam
3345 2894 3602 2968 Virginis
3625 2895 3731 2950 de-

2067 2985 2219 3043 votio
2251 2987 2500 3042 fratrum
2549 2985 2817 3042 assiduat
2841 3003 2854 3040 :
2878 2985 3270 3053 Sulve,.sancta
3306 3001 3523 3056 parens,
3555 2984 3728 3039 enixa

2065 3092 2338 3148 puerpera
2369 3091 2567 3144 regem,
2593 3080 2649 3128 et
2669 3081 2876 3130 caetera
2907 3090 3093 3145 usque
3124 3073 3181 3128 in
3213 3073 3412 3138 linem,
3438 3075 3496 3127 in
3520 3073 3727 3128 saecula

2065 3165 2414 3220 smcutorum.
2443 3164 2686 3218 l’utobat
2726 3161 2822 3218 ille
2853 3161 3162 3218 matutinis
3193 3159 3436 3232 expletis
3467 3177 3725 3216 conven-

2067 3256 2193 3307 tum
2223 3252 2466 3307 fratrum
2494 3255 2792 3307 assuetam
2824 3251 3068 3306 missam
3091 3249 3402 3317 celebrare,
3424 3247 3536 3304 nisi
3562 3250 3729 3320 quod

2069 3341 2368 3414 stupidum
2405 3340 2683 3396 reddebat
2723 3338 2990 3394 inaudita
3036 3339 3204 3410 prius
3247 3337 3507 3394 suavitas
3537 3336 3724 3392 canti-

2068 3429 2232 3485 lenae.
2259 3427 2572 3484 Festinavit
2619 3428 2902 3483 interesse
2934 3427 3148 3495 missae,
3179 3427 3334 3482 venit
3382 3426 3455 3481 ad
3504 3425 3730 3482 ostium-

2069 3524 2303 3592 cryptae,
2328 3517 2547 3572 invenit
2585 3517 2951 3572 obstructum
2985 3517 3144 3573 clave
3192 3521 3250 3572 et
3299 3521 3481 3583 vecte,
3504 3520 3728 3572 stratus

2070 3610 2314 3664 fratrum
2348 3606 2626 3679 explorat,
2651 3610 2894 3662 cunctos
2940 3623 3116 3678 scpor
3163 3605 3318 3661 altus
3365 3605 3637 3671 habebat,
3671 3609 3732 3659 et

2061 3699 2190 3770 jam
2213 3697 2514 3769 inexperta
2538 3695 2791 3751 melodia
2819 3696 3069 3751 tacebat.
3087 3695 3250 3751 Unde
3270 3694 3523 3750 necdum
3547 3697 3726 3762 mota,

2069 3793 2126 3841 et
2171 3790 2375 3858 postea
2405 3789 2612 3840 sonata
2661 3783 2831 3857 signa
2879 3783 3562 3838 matutinorumcertum
3614 3781 3730 3838 sibi

2069 3875 2277 3931 dedere
2305 3872 2727 3936 testimonium,
2743 3873 2900 3944 quod
2925 3871 3274 3928 mortalibus
3297 3870 3730 3928 dormientibus

2071 3963 2362 4020 caelestem
2384 3961 2638 4017 audierit
2659 3966 3026 4017 concentum.
3053 3961 3300 4017 Summa
3330 3961 3528 4033 itaque
3551 3961 3727 4016 devo-

2067 4053 2224 4109 tione
2261 4056 2349 4106 est
2383 4050 3152 4123 animadvertendum,quod
3177 4049 3295 4124 [ad]
3325 4053 3558 4106 nostros
3587 4067 3727 4104 can-

2069 4147 2186 4209 tus,
2207 4139 2451 4196 resultet
2482 4138 2694 4194 chorus
2717 4138 3064 4206 caelestium,
3088 4143 3146 4195 et
3171 4139 3433 4212 reginam
3457 4137 3584 4194 caeli
3615 4136 3727 4192 hoc

2071 4232 2370 4304 dignatam
2402 4229 2541 4285 dare
2572 4229 2880 4295 indicium,
2915 4246 2977 4284 se
3019 4246 3179 4285 more
3223 4227 3408 4284 nostri
3454 4224 3722 4297 obsequii

2069 4319 2313 4378 salutari
2388 4323 2446 4374 et
2519 4317 2748 4373 laudari
2819 4318 3049 4391 dignari
3127 4316 3400 4374 cantibus
3475 4330 3724 4387 supero-

309 4412 556 4463 centem.
597 4429 625 4456 »
649 4407 776 4462 Haec
817 4407 956 4462 dum
1004 4406 1102 4461 ille
1151 4405 1573 4477 contemplator
1618 4411 1874 4462 tremens
1907 4411 1963 4462 et
1990 4416 2038 4480 Ι)
2075 4427 2227 4474 rum,
2257 4413 2368 4464 etc.

313 4495 540 4569 pallens
587 4496 971 4567 exposuisset,
1009 4495 1088 4550 ita
1117 4513 1319 4551 omnes
1360 4500 1417 4550 et
1459 4496 1740 4568 magister
1785 4500 1842 4552 et
1871 4496 1956 4550 di-

311 4585 520 4657 scipuli
551 4585 806 4640 exterriti
841 4602 1067 4650 sumus,
1097 4589 1161 4639 ut
1189 4584 1408 4657 pariter
1437 4584 1510 4638 ab
1538 4583 1799 4655 ecclesia,
1833 4603 1961 4641 ma-

312 4674 495 4747 gistro
546 4673 754 4745 praevio
785 4678 841 4726 et
881 4672 1194 4740 hortatore,
1231 4672 1552 4744 praecipites
1605 4674 1959 4744 fugeremus,

312 4768 421 4818 etc.
449 4763 558 4818 Sed
610 4765 741 4826 te,o
793 4779 955 4833 puer,
981 4779 1152 4834 quem
1205 4761 1692 4834 praeseripsimus,
1717 4767 1772 4818 et
1820 4764 1965 4819 forte

315 4847 769 4920 indisciplinatis
801 4848 996 4920 pueris
1021 4848 1388 4920 indignatum
1413 4866 1759 4920 pensamus;
1785 4856 1859 4918 te,
1883 4852 1966 4907 in-

315 4936 673 5010 quam,licet
730 4937 966 4993 nomine
995 4937 1353 5010 ignoremus,
1388 4938 1614 4994 meritis
1670 4939 1967 4996 Bethlehe-

317 5026 476 5082 mitis
507 5025 919 5081 innocentibus
953 5027 1062 5081 fide
1096 5025 1464 5082 ascribimus.

385 5118 520 5179 CAP,
542 5113 684 5168 XVI.
732 5113 936 5186 Crypta
983 5116 1046 5169 Β.
1081 5114 1146 5170 Μ,
1181 5116 1504 5170 exstruitur.
1528 5147 1597 5156 -—
1627 5115 1721 5172 Sic
1771 5117 1965 5189 itaque

318 5203 592 5276 praedicta
607 5201 854 5258 ecclesia
868 5203 994 5259 suis
1015 5201 1356 5275 pignoribus
1371 5210 1667 5271 evacuata,
1684 5206 1755 5261 ad
1774 5206 1964 5262 solum

318 5291 596 5348 evertitur
643 5295 700 5345 et
746 5291 1171 5362 complanatur,
1207 5308 1455 5364 moxque
1482 5291 1544 5347 in
1602 5294 1730 5366 ipsa
1777 5296 1963 5350 fronte

319 5379 560 5434 arietata
591 5396 746 5434 novae
778 5380 956 5436 facies
986 5379 1130 5436 aulae
1161 5380 1422 5453 erigitur,
1458 5386 1765 5455 totumque
1795 5383 1962 5440 illum

318 5465 529 5528 veteris
554 5467 728 5546 spatii
752 5473 1154 5542 uterum,cum
1177 5469 1448 5548 ampliori
1472 5471 1790 5548 capacitate
1811 5489 1965 5532 com-

2138 4499 2272 4555 CAP.
2297 4495 2652 4552 XXV-XXVI.
2693 4497 2887 4553 Sancti
2913 4511 2941 4552 e
2971 4496 3145 4551 veteri
3167 4495 3399 4550 ecclesia
3437 4490 3721 4549 translati.

2072 4589 2342 4644 Lamberii
2397 4588 2560 4657 episc.
2605 4587 2927 4642 Cantuaria?
2967 4586 3195 4639 virtutes
3245 4591 3302 4640 et
3343 4582 3632 4638 miracula.
3658 4609 3729 4620 ——

2071 4679 2216 4733 Cum
2246 4675 2426 4748 igitur
2448 4691 2625 4746 super
2647 4679 2909 4745 cryptam
2934 4673 3284 4729 reaedificata
3313 4675 3371 4727 et
3399 4675 3604 4742 parata
3633 4669 3734 4724 ba-

2073 4766 2240 4823 silica
2269 4765 2479 4820 fratres
2512 4763 2570 4816 in
2601 4761 2776 4817 choro
2809 4779 2915 4818 suo
2961 4763 3031 4817 ad
3076 4762 3305 4818 divinas
3335 4760 3540 4816 laudes
3571 4774 3733 4815 rece-

2075 4855 2276 4928 pisset,
2312 4852 2605 4922 reliquum
2666 4867 2879 4922 corpus
2925 4855 3240 4907 veternosis
3291 4847 3548 4905 ecclesiae
3599 4849 3726 4918 jam

2076 4944 2311 5000 ruitura:
2365 4956 2545 5012 supra
2601 4944 2962 4995 memoratus
3019 4940 3202 4994 abbas
3255 4936 3626 5001 Scotlandus,
3659 4951 3740 4991 ne.

2075 5048 2252 5104 quem
2275 5031 2566 5094 obrueret,
2586 5045 2800 5101 parans
2832 5027 3080 5096 diruere,
3103 5031 3440 5084 sanctorum
3463 5041 3728 5096 corpora,

2075 5121 2290 5193 quibus
2315 5123 2438 5173 tota
2461 5121 2584 5173 erat
2610 5115 2800 5189 plena,
2817 5122 2985 5172 curat
3012 5116 3175 5189 prius
3197 5131 3419 5172 eruere.
3442 5114 3524 5170 De
3545 5109 3732 5184 pluri-

2075 5209 2187 5264 mis
2238 5205 2576 5264 electissimi
2603 5206 2792 5277 primo
2830 5207 3268 5262 transferuntur
3299 5201 3558 5276 quinque
3580 5200 3729 5254 Can-

2073 5296 2274 5354 tuariae
2299 5292 2925 5365 a.chipraesules,velut
2945 5293 3202 5367 quinque
3233 5290 3548 5348 Dominicae
3581 5287 3729 5344 aula

2073 5389 2372 5460 praetores,
2397 5381 2968 5456 praecluentissimus'
2984 5382 3210 5440 scilicet
3227 5398 3294 5438 ac
3315 5379 3735 5438 sanctissimus

2075 5474 2440 5542 Theodorus,
2472 5471 2690 5547 suique.
2711 5471 2900 5530 sancti
2933 5484 3312 5531 successores
3333 5465 3738 5539 Brittivaldus,
