3960 6064
147 239 200 294 Η
967 231 1170 292 BIST.
1216 232 1656 292 TRANSLAT.
1706 232 1772 292 S.
1820 232 2264 296 AUGUSTINI.
2304 268 2376 276 —
2409 234 2553 294 LIB.
2603 233 2676 292 ΙΙ.
3467 232 3544 291 42

149 365 462 432 Tatuvinus,
525 361 886 431 Nothelmus,
933 362 1278 418 Lambertus
1315 363 1450 432 (31).
1505 363 1770 435 Longum
1799 364 1855 431 Α
1883 363 2160 436 plumbea
2190 364 2288 420 illa
2319 363 2690 420 sacrosancta
2720 363 2964 436 pignora
2995 361 3390 418 attentissime
3439 379 3542 434 pro

147 455 300 510 estde
324 451 578 525 singulis
599 451 950 520 dicere,cum
975 450 1032 506 in
1055 450 1425 523 singulorum
1455 450 1774 507 elevatione

151 544 327 600 merita
346 541 716 614 singulorum
739 557 998 613 superna
1018 540 1339 612 prodiderit
1363 541 1684 612 fragrantia
1707 557 1772 596 ac

150 634 402 687 virtutum
431 629 942 686 evidentia.Primo
967 633 1162 684 autem
1195 633 1254 684 et
1285 629 1494 685 ultimo
1515 647 1625 685 sua
1647 647 1773 685 mo-

151 729 233 776 rr:
275 719 462 794 gratia
508 718 816 791 paululum
863 717 1255 791 suppeditare.
1303 718 1668 785 Lambertus,
1705 735 1774 774 ex

147 808 540 883 Augustinensi
587 808 798 864 abbate
844 807 905 862 in
954 807 1430 862 Cantuariensem
1463 807 1772 880 archiprze-

148 897 312 955 sulem
341 895 933 970 assumptus,multas
954 896 1390 968 persecutiones
1421 901 1657 968 propter
1677 897 1775 967 ju-

148 988 345 1043 stitiam
367 991 456 1043 est
477 989 877 1060 passus.Inter
892 984 1008 1040 alia
1029 989 1280 1056 coeperat
1308 1001 1406 1040 rex
1427 984 1775 1042 Merciorum

70 1119 72 1132 .
147 1078 253 1134 Offa
277 1077 776 1132 Dorobernensem
806 1073 1374 1146 archiepiscopatum
1399 1073 1458 1130 in
1490 1073 1580 1130 sui
1611 1075 1776 1147 regni

147 1166 440 1239 primatum
458 1165 530 1220 ad
546 1163 1012 1220 Lichfeldensem
1027 1162 1414 1220 Ecclesiarum
1435 1163 1774 1228 transferre,

147 1261 201 1310 ut
227 1254 318 1310 ubi
347 1255 419 1310 de
447 1258 654 1310 caetero
685 1253 836 1310 foret
883 1257 1058 1325 caput
1106 1252 1498 1308 Ecclesiarum
1531 1251 1776 1326 Angliae,

148 1351 327 1401 contra
353 1347 698 1417 perpetuam
745 1341 968 1398 scilicet
1015 1341 1418 1398 auctoritatem
1471 1341 1776 1414 primitive

148 1431 509 1488 institutionis
537 1432 694 1488 beati
734 1447 898 1505 papae
946 1430 1228 1504 Gregorii.
1263 1430 1496 1487 Restitit
1526 1430 1781 1503 armiger

149 1521 334 1578 Christi
365 1521 714 1578 Lambertus
741 1519 803 1575 in
835 1519 1048 1576 virtute
1079 1519 1346 1585 Heliae,et
1367 1519 1517 1576 inter
1545 1520 1780 1578 crebras

150 1629 326 1684 regum
355 1611 548 1666 minas
579 1627 648 1666 ac
678 1609 971 1682 repulsas,
1004 1613 1178 1681 atque
1205 1608 1414 1665 itiones
1447 1610 1779 1680 frequentes

155 1702 216 1758 ad
241 1698 608 1799 apostolicam
643 1699 839 1755 Romae
871 1696 1775 1803 reclamatienemﬁandem‘pal-
1809 1738 1858 1803 Β

153 1805 286 1844 mam
317 1787 462 1860 justi
515 1787 812 1860 primatus
862 1787 934 1842 ad
984 1784 1280 1858 propriam
1313 1784 1527 1841 revexit
1558 1784 1776 1840 sedem.

151 1877 233 1933 Cui
259 1877 400 1932 inter
427 1876 538 1932 has
571 1875 838 1947 aliasque
859 1873 1144 1946 praeclarae
1175 1873 1507 1929 sanctitatis
1534 1872 1780 1928 virtutes

153 1971 290 2020 tanta
315 1964 422 2019 fuit
447 1963 740 2018 virtutum
775 1961 1140 2017 thesauraria
1170 1960 1570 2028 humilitas,ut
1599 1977 1658 2016 se
1683 1962 1780 2032 ju-

153 2054 288 2109 beret
317 2054 372 2108 in
403 2051 678 2124 capitolio
709 2051 955 2107 fratrum
988 2051 1142 2122 apud
1169 2049 1569 2122 primicerium
1592 2051 1784 2121 Augu-

153 2143 344 2196 stinum
375 2147 509 2214 post
526 2141 762 2197 obitum
785 2137 1409 2211 tumulari,indignum
1433 2155 1493 2194 se
1505 2138 1784 2210 judicans

151 2233 198 2286 in
231 2234 560 2287 sanctorum
611 2229 878 2299 ecclesia,
913 2233 972 2284 et
1021 2227 1173 2284 inter
1219 2232 1307 2284 tot
1355 2227 1784 2284 saeratissimos

152 2337 501 2392 praecessores
552 2335 697 2375 suos
744 2316 1052 2390 pontiﬁces
1083 2315 1329 2374 admitti.
1369 2318 1453 2373 Ita
1482 2333 1620 2372 eum
1653 2319 1785 2388 post

153 2411 300 2464 tinem
335 2409 395 2464 in
424 2407 698 2480 capitolio
729 2408 868 2477 (32),
896 2405 1053 2462 velut
1081 2405 1380 2476 abjectiori
1411 2405 1557 2473 loco,
1583 2403 1785 2477 sepul-

153 2505 258 2553 tum
303 2515 456 2571 sepe
504 2499 696 2558 effusa
743 2496 997 2568 desuper
1023 2495 1281 2552 aetherem
1314 2494 1463 2550 lueis
1513 2494 1786 2550 columna

153 2585 345 2641 etelesti
375 2587 602 2642 honore
630 2589 969 2642 sanctorum
1009 2584 1273 2656 probavit
1311 2585 1578 2656 dignum.
1612 2587 1784 2638 Cum-

157 2691 249 2746 que
275 2673 436 2731 illum
484 2675 730 2731 tandem
780 2677 1019 2746 propter
1069 2672 1190 2729 haec
1239 2677 1297 2729 et
1343 2671 1457 2728 alia
1503 2671 1788 2728 miracula

157 2768 379 2820 reserato
425 2765 605 2820 busto
651 2763 712 2820 in
759 2761 1006 2819 ecclesia
1044 2762 1482 2819 recondendum
1511 2765 1787 2818 curarent

160 2851 548 2919 eﬁerre,totum
581 2852 841 2924 undique
869 2851 1194 2908 claustrum
1221 2850 1466 2908 miriﬁce
1490 2850 1798 2909 redolebat.

161 2941 414 2998 narditluo
444 2941 852 3015 thymiamate.
893 2939 984 2996 ‘Ibi
1035 2939 1215 2996 etiam
1264 2940 1336 2996 ab
1388 2940 1598 2996 abbate
1625 2938 1786 2994 illius

161 3031 406 3103 temporis
431 3049 464 3086 a
495 3031 703 3086 dextro
752 3029 930 3085 latere
975 3027 1180 3084 altaris
1225 3027 1352 3101 ipso
1383 3027 1789 3090 venerabiliter

162 3118 589 3190 reposito,solita
611 3118 781 3191 signa
805 3117 1238 3174 comitabantur
1267 3118 1458 3174 favore
1486 3133 1782 3188 supremo;
1817 3107 1860 3175 Ο
1893 3121 2157 3194 ipsorum
2203 3120 2700 3193 sarCOphagorum
2749 3115 3222 3190 thymiamateria
3271 3113 3548 3187 praedica-
3641 3119 3660 3146 ’

164 3223 265 3279 qua
319 3225 471 3264 nunc
530 3206 887 3281 preterimus
939 3206 1196 3264 taediosis
1255 3207 1564 3280 parcendo.
1599 3206 1784 3262 Unam

165 3301 362 3352 tantum
406 3297 606 3370 ipsius
657 3295 1040 3352 subnectinus
1088 3294 1628 3360 revelatiunculam,
1669 3311 1786 3366 qua

165 3385 442 3456 probemus
489 3386 628 3456 ejus
677 3388 1017 3457 perpetuam
1061 3400 1240 3456 super
1267 3400 1386 3440 suae
1417 3383 1786 3440 dormitionis

165 3473 491 3530 domicilium
524 3473 918 3547 vigilantiam,
953 3477 1062 3530 etc.

218 3563 626 3620 Car.XXVII.S.
664 3561 1646 3630 Theodorus.ﬁPmnominatissimi
1677 3579 1785 3616 au-

165 3653 260 3706 tem
281 3650 568 3708 Theodori
581 3655 804 3708 remoto
825 3650 886 3708 in
910 3650 1291 3708 translatione
1312 3650 1530 3706 tumbae
1543 3666 1787 3724 cpercu-

166 3737 207 3792 lo
230 3741 492 3796 omnibus
537 3739 761 3795 affatim
811 3738 1094 3796 satisfecit
1131 3738 1504 3805 thuriﬁcatio,
1533 3739 1613 3794 ita
1635 3743 1698 3794 ut
1725 3737 1786 3792 in

167 3825 452 3886 claustrum
469 3829 726 3884 fratrum
757 3828 933 3884 etiam
955 3827 1076 3883 hac
1097 3832 1428 3900 erumperet
1457 3826 1784 3884 oblectatio.

163 3915 390 3988 Jacebat,
447 3918 539 3973 uti
593 3935 630 3972 a
677 3916 995 3989 primordio
1041 3920 1167 3972 erat
1208 3915 1530 3988 depositus,
1561 3916 1790 3989 integra

167 4003 341 4072 forma,
373 4005 810 4079 metropolitani
843 4004 1150 4062 sacerdotii
1179 4004 1376 4078 pallio,
1411 4009 1467 4061 et
1495 4004 1789 4062 monachii

167 4097 366 4151 tantum
395 4096 695 4152 obductus
724 4093 1171 4152 cuculla.Tanta
1192 4099 1316 4150 erat
1336 4093 1523 4166 gratia
1545 4098 1612 4150 ut
1642 4093 1792 4150 arbi-

166 4185 390 4240 traretur
415 4185 616 4241 adhuc
646 4183 834 4242 solida
860 4182 1052 4256 vigere
1083 4187 1340 4252 carne,et
1360 4181 1642 4256 appositis
1675 4199 1794 4239 ma-

169 4270 314 4328 nibus
341 4273 556 4330 fratres
583 4289 720 4329 eum
751 4271 1076 4328 niterentur
1103 4270 1259 4329 velut
1289 4271 1585 4345 integrum
1619 4288 1792 4329 assu-

169 4361 543 4420 mere.Verum
569 4365 740 4419 antea
757 4361 1040 4418 immotus
1066 4361 1258 4434 pulvis
1283 4359 1635 4434 integritatis
1656 4379 1794 4434 pra)-

1881 453 2132 524 gemmis
2163 453 2400 525 optimis
2433 452 2702 520 collecta;
2739 451 3004 506 induitur
3027 451 3338 523 praecipuis
3371 468 3542 506 orna-

1881 542 2072 608 tibus;
2107 541 2432 613 imponitur
2483 543 2690 596 feretro
2749 559 2783 596 a
2841 541 3071 595 duobus
3119 557 3296 611 quam
3343 539 3546 594 leviter

1883 631 2193 697 fratribus,-
2214 648 2414 686 verum
2446 649 2560 686 non
2597 648 2664 685 ea
2695 630 2924 685 levitate
2955 630 3210 684 effertur.
3239 632 3546 683 lntonatur

1883 721 2219 792 responsale
2277 720 2665 792 prmconium;
2727 719 2985 790 procedit
3053 718 3311 772 solemne
3371 718 3544 774 colle-

1883 808 2076 881 gium;
2109 809 2392 864 invadunt
2425 809 2588 864 electi
2616 814 2873 879 quatuor
2897 809 3103 862 fratres
3136 808 3542 878 exponendum

1881 896 2030 953 lucis
2063 897 2380 964 ferculum;
2419 898 2597 953 haeret
2631 897 2794 953 humi
2843 897 3012 968 gleba
3059 897 3226 968 quasi
3263 896 3538 951 radicata.

1885 985 2228 1058 Duplicatur
2263 987 2578 1055 auxilium;
2631 987 2902 1042 nituntur
2949 985 3087 1041 totis
3138 985 3360 1040 viribus
3407 1001 3543 1039 cum

1883 1075 2156 1148 precibus
2205 1081 2262 1131 et
2309 1075 2532 1131 octonis
2586 1076 2848 1130 humeris
2899 1075 2991 1130 vix
3033 1075 3386 1142 assumitur;
3420 1090 3546 1146 gra-

1882 1163 2123 1220 vissime
2153 1164 2499 1231 evehitur,e't
2529 1181 2666 1219 cum
2701 1181 2933 1219 summo
2965 1163 3160 1218 labore
3190 1163 3284 1218 vix
3307 1165 3380 1218 ad
3412 1179 3542 1234 gra-

1886 1254 1997 1309 dus
2047 1253 2388 1326 presbyterii
2439 1253 2792 1325 pervenitur.
2848 1253 2930 1308 Ibi
2981 1254 3218 1308 tandem
3278 1251 3543 1307 omnium

1887 1343 2196 1400 ferentium
2225 1342 2316 1398 vel
2348 1343 2786 1398 succurentium
2817 1345 3060 1398 conatus
3091 1346 3148 1396 et
3197 1343 3376 1396 robur
3407 1357 3545 1395 con-

1888 1433 2057 1496 cidit;
2091 1449 2239 1488 onus
2271 1433 2721 1504 praeponderans
2753 1449 2955 1486 omnes
2986 1429 3146 1486 ﬁxit:
3173 1447 3403 1503 quoque
3420 1429 3545 1500 plu-

1888 1538 1980 1578 res
2015 1525 2513 1587 successerant,eo
2546 1520 2797 1576 inaniori
2848 1520 2980 1575 nisu
3022 1518 3361 1575 anhelantes
3388 1517 3547 1572 velut

1889 1610 2186 1667 exanimes
2217 1610 2746 1680 reddidit.Jamque
2777 1609 3062 1664 obruendi
3094 1611 3259 1663 erant
3289 1625 3396 1662 sua
3427 1623 3544 1662 sar-

1890 1699 2040 1765 cina,
2075 1717 2209 1756 cum
2241 1699 2476 1755 tandem
2507 1699 2580 1755 ad
2613 1715 2811 1771 preces
2843 1701 2902 1754 et
2938 1697 3227 1770 lacrymas
3259 1693 3541 1764 conversi,
3615 1721 3639 1733 ο

1891 1793 2097 1862 pectus
2118 1787 2805 1861 tundere,indignitatem
2824 1804 2991 1843 suam
3015 1784 3545 1854 accusare,veniam

1891 1877 2623 1950 poscere,emendationem
2654 1876 2784 1931 vitae
2818 1875 3105 1948 spondere
3138 1891 3360 1946 coepere
3385 1890 3397 1927 :
3423 1879 3547 1929 tan-

1889 1971 2018 2022 tum
2046 1971 2285 2024 sanctus
2321 1969 2614 2037 pateretur
2663 1964 2852 2020 efferri
2904 1981 2984 2019 se.
3019 1963 3120 2019 His
3151 1962 3248 2017 ille
3279 1962 3547 2034 placatus

1889 2055 2061 2121 votis,
2103 2055 2379 2111 continuo
2413 2055 2479 2109 ﬁt
2507 2053 2671 2118 levis,
2705 2059 2762 2108 et
2809 2053 2881 2108 ad
2915 2051 3234 2125 principale
3265 2049 3445 2106 altare
3469 2049 3549 2106 lo-

1891 2161 2144 2217 cumque
2177 2148 2444 2216 paratum
2476 2146 2742 2216 gestetur
2773 2160 2805 2197 a
2835 2140 3178 2213 paucis,qui
3211 2138 3384 2212 paulo
3415 2141 3549 2194 ante

1892 2250 2010 2290 non
2042 2237 2267 2305 poterat
2297 2249 2330 2288 a
2359 2231 2606 2287 cunctis.
2625 2230 2912 2286 Mirantur
2938 2231 3260 2302 gaudenter
3278 2227 3378 2284 Dei
3401 2230 3550 2283 tem-

1892 2321 2054 2395 plum
2087 2326 2143 2377 et
2174 2321 2427 2393 Spiritus
2459 2321 2644 2377 sancti
2671 2317 3072 2374 habitaculum
3104 2323 3225 2374 tam
3257 2332 3430 2390 grave
3461 2333 3553 2372 va-

1892 2411 2168 2479 cuis,tam
2201 2427 2378 2466 suave
2408 2410 2629 2466 devotis
2659 2409 2950 2464 elfcctum.
2969 2405 3326 2464 Reconditur
3354 2405 3552 2477 itaque

1891 2499 1952 2555 in
1983 2500 2184 2556 dextro
2214 2499 2379 2556 lateri
2411 2499 2613 2554 altaris
2663 2498 2722 2552 in
2771 2498 2978 2552 tumba
3016 2499 3238 2568 parata,
3270 2494 3330 2549 in
3371 2511 3490 2567 qua
3519 2511 3554 2548 a

1893 2589 2124 2644 duobus
2155 2592 2386 2644 tantum
2419 2587 2699 2643 fratribus
2729 2585 3042 2658 deponitur
3088 2601 3224 2640 eum
3275 2582 3554 2654 plumbea

1893 2677 2081 2733 theca.
2118 2676 2344 2750 Reliqui
2379 2693 2612 2750 quoque
2641 2679 2893 2747 quatuor
2912 2691 3092 2742 supra
3111 2671 3397 2728 nominati
3421 2688 3550 2726 san-

1894 2765 1969 2822 cti
2001 2766 2092 2822 sui
2125 2782 2494 2822 successores
2512 2763 2906 2837 etcoepiseopi
2925 2764 3068 2818 dum
3089 2761 3548 2826 transferuntur,

1894 2857 2065 2927 cujus
2098 2858 2293 2911 essent
2322 2853 2516 2909 meriti
2541 2870 2610 2908 ex
2638 2853 2834 2908 odoris
2856 2851 3070 2906 virtute
3093 2850 3453 2922 produntur;
3487 2847 3548 2903 in

1895 2943 2111 3016 quibus
2135 2942 2446 3000 Dominum
2470 2941 2774 2998 suavitatis
2807 2943 3146 3012 perpetuam
3181 2937 3546 2993 mansionem

1893 3032 2120 3100 fecisse,
2173 3031 2382 3103 suique
2430 3031 2647 3086 amoris
2701 3031 3006 3084 incensum
3053 3043 3343 3083 cremasse
3390 3029 3552 3080 mota

1900 3228 2054 3268 vere.

1965 3305 2098 3356 CAP.
2150 3299 2391 3355 XXVIII.
2445 3299 2804 3355 IEthelber-tus
2851 3314 2970 3353 rex.
3015 3298 3306 3352 Levaraus.
3357 3299 3546 3356 Βαναία..

1893 3389 2188 3445 Ethelberti
2209 3391 2352 3458 regis
2382 3388 2588 3444 laudes.
2610 3389 2872 3444 Ecclesias
2901 3386 3120 3458 fundat.
3157 3385 3554 3442 Monasteri-um

1895 3481 1951 3536 S.
1993 3479 2483 3548 .4ugustini.Petrz'
2512 3479 2735 3533 abbatia
2771 3477 3048 3532 sanctitas.
3081 3476 3208 3547 Ejus
3237 3474 3558 3529 monasterii

1901 3568 2043 3624 laus.
2093 3567 2252 3638 Regis
2294 3583 2460 3622 mors.
2510 3566 2656 3621 Inter
2692 3573 2905 3621 sanctos
2950 3565 3142 3620 cultus.
3176 3595 3245 3604 ——
3275 3561 3553 3618 Transla-

1896 3661 1994 3712 tus
2023 3659 2112 3712 est
2142 3654 2320 3710 etiam
2352 3659 2592 3711 sanctus
2625 3670 2690 3710 ac
2722 3655 2838 3710 Deo
2870 3652 3142 3708 amabilis
3193 3669 3294 3707 rex
3341 3649 3554 3706 Ethel-

1897 3747 2098 3800 bertus
2131 3745 2244 3815 (33)
2293 3743 2594 3816 apostolici
2641 3742 2844 3816 templi
2892 3747 2957 3797 ut
3006 3741 3232 3814 primus
3265 3740 3552 3805 conditor,

1896 3834 1980 3890 ita
2019 3837 2334 3906 perpetuus
2367 3833 2550 3888 haeres
2597 3837 2654 3888 et
2703 3849 3025 3904 possessor,
3059 3830 3270 3886 tertius
3318 3829 3555 3901 quidem

1899 3939 2102 3995 regum
2159 3921 2502 3994 Anglorum,
2573 3923 2672 3978 sed
2747 3921 2975 3992 primus
3039 3935 3315 3975 ascensor
3390 3912 3556 3990 regni

1899 4009 2209 4079 caelorum;
2243 4010 2567 4066 beatissimi
2598 4027 2830 4082 quoque
2863 4009 3156 4082 pontiﬁcis
3185 4008 3553 4080 Letardi(34),

1900 4102 2070 4173 cujus
2101 4103 2474 4156 sacrosancta
2495 4116 2628 4156 ossa
2650 4100 2874 4170 majora
2905 4098 3087 4154 abbas
3117 4096 3556 4167 Vulfricusjam

1901 4189 2040 4246 olim
2071 4205 2247 4244 aureo
2304 4187 2520 4244 scrinio
2569 4191 2991 4259 assumpserat,
3019 4185 3313 4258 reliquum
3363 4190 3559 4242 autem

1902 4277 2162 4350 corporis
2192 4277 2252 4333 in
2287 4276 2646 4349 sarcophago
2683 4280 3066 4332 remanserat.
3101 4275 3214 4332 Sed
3243 4279 3301 4331 et
3330 4292 3564 4331 venera-

1901 4366 2040 4423 bilis
2077 4366 2288 4438 reginae
2321 4367 2502 4422 Be'tsz
2533 4366 2726 4437 agitur
2767 4364 3073 4422 translatio
3107 4364 3220 4436 pia,
3256 4381 3391 4420 cum
3423 4380 3560 4434 qua,

169 4451 420 4547 tendebat
441 4451 1002 4547 imaginem,_tactus
1041 4453 1237 4547 autem
1269 4449 1536 4547 probavit
1559 4449 1792 4547 resolu-
1830 4481 1875 4545 Ι)
1907 4459 1964 4511 et
2013 4471 2116 4527 pro
2168 4470 2284 4526 qua
2331 4454 2390 4508 in
2441 4454 2554 4510 ﬁde
2602 4453 2817 4510 Christi
2863 4453 3166 4520 servanda,
3202 4469 3317 4507 non
3367 4451 3565 4506 timuit

168 4539 317 4596 tionis
348 4539 986 4608 ﬁdem,resolutiovero
1007 4540 1258 4612 gratiam
1277 4539 1606 4596 sanctitatis
1629 4539 1799 4595 addi-
1830 4539 1867 4545 ⁷
1907 4543 2036 4616 ipse
2094 4542 2197 4598 Dei
2253 4541 2474 4598 athleta
2530 4541 2589 4597 in
2649 4543 2756 4598 hac
2827 4541 3163 4598 vastissima
3219 4539 3564 4612 gentilitatis

169 4626 238 4680 dit
262 4628 760 4685 venerabiliorem.
817 4627 961 4684 Nam
1007 4627 1106 4684 ille
1154 4627 1618 4701 pretiosissimus
1651 4627 1798 4684 cinis

169 4713 341 4784 gloria
370 4718 555 4774 beata
586 4716 1026 4774 resurrectionis
1057 4717 1406 4785 destinatus,
1427 4717 1509 4774 ita
1543 4735 1612 4774 ex
1641 4721 1799 4774 tactu

171 4806 460 4874 potentiori
491 4806 774 4862 vernabat
801 4806 1140 4881 fragrantia,
1175 4810 1240 4861 ut
1268 4823 1336 4862 ex
1374 4806 1584 4862 tritura
1613 4807 1802 4864 solent

176 4908 394 4962 prorsus
442 4894 704 4952 redolere
757 4899 1042 4953 aromata.
1094 4893 1321 4968 Excipit
1380 4896 1576 4968 itaque
1632 4894 1803 4950 theca

231 5035 334 5106 (3|)
390 5036 537 5093 Aliis
588 5039 915 5103 Jambertus,
972 5054 1040 5094 ex
1107 5037 1318 5093 abbate
1380 5035 1798 5106 Augustinensi

175 5104 342 5184 tactus
372 5109 848 5184 archiepiscopus
879 5126 973 5184 an,
1003 5110 1130 5184 763.
1165 5109 1460 5184 Theodori
1473 5104 1677 5164 Vitam
1702 5109 1800 5184 de:

175 5175 352 5254 (limus
379 5173 834 5254 adran3690..De
862 5173 993 5236 aliis
1019 5181 1250 5254 egimus
1280 5179 1500 5237 Saeculo
1532 5179 1801 5252 sequenti

175 5249 354 5325 3d!!!-
372 5251 508 5325 j32!
528 5268 680 5325 ,Pagt

233 5320 338 5396 (32)
372 5320 801 5396 Papetiroemus
849 5322 1159 5396 substituit
1188 5339 1291 5396 pro
1322 5323 1430 5378 hac
1461 5339 1616 5390 voce,
1649 5323 1801 5394 capi-

329 5391 801 5466 sedeapitolium
840 5393 1062 5468 pasim
1113 5391 1288 5451 medii
1339 5399 1607 5451 auctores
1634 5391 1802 5450 voca-

237 5534 342 5608 (33)
373 5534 426 5592 Is
472 5537 889 5611 Augustinum,
943 5540 1010 5595 ut
1057 5553 1260 5596 omnes
1311 5541 1526 5597 norunt
1573 5537 1633 5595 in
1685 5537 1801 5595 An-

478 5661 742 5728 ΡΑτιιοι..
789 5663 962 5730 CLV.

1909 4631 2264 4705 peregrinari
2297 4648 2364 4687 ac
2391 4647 2627 4686 manere
2659 4628 3313 4686 barbarie.Jacebant-in
3337 4628 3564 4700 porticu

1909 4719 2234 4776 beatissimi
2293 4718 2559 4792 praesulis
2627 4718 2884 4784 Martini,
2945 4735 3043 4774 rex
3100 4716 3159 4772 in
3218 4717 3417 4773 dextro
3487 4717 3567 4773 la-

1909 4812 2029 4865 tere
2059 4807 2258 4864 altaris
2289 4809 2360 4862 ad
2383 4806 2663 4880 parietem
2695 4805 3302 4862 australem.Pontifex
3330 4811 3568 4863 econtra

1909 4897 1969 4952 in
2001 4897 2239 4953 sinistro
2271 4896 2344 4951 ad
2379 4895 2738 4967 aquilonem,
2791 4894 2992 4968 regina
3040 4899 3172 4968 post
3222 4912 3438 4968 regem.
3476 4894 3568 4950 Illi

1946 5037 2086 5093 liam
2115 5037 2520 5111 advenientem
2552 5037 2871 5111 suscepit,a
2901 5056 3016 5110 quo
3039 5039 3215 5111 _et_ad
3248 5039 3424 5094 ﬁdem
3457 5038 3566 5111 ad-

1909 5055 2086 5165 gnam
2115 5055 2519 5093 auvememem
2552 5055 2871 5111 suscep1t,a
2901 5056 3016 5110 quo
3056 5055 3111 5094 et
3145 5055 3215 5094 au
3248 5055 3424 5094 nuem
3457 5055 3564 5093 aa-

1953 5113 2125 5164 uctus
2177 5109 2462 5184 est._Vide
2509 5107 2695 5184 ipsius
2745 5109 3052 5184 Augustini
3085 5109 3277 5165 Vitam
3309 5127 3435 5182 cap.
3475 5109 3564 5177 16,

1909 5187 2042 5246 etc.,
2076 5197 2206 5236 saec.
2240 5181 2324 5248 ΧΙ,
2361 5197 2491 5251 pag.
2526 5181 2585 5235 5!
2609 5185 2651 5235 ι.

1981 5253 2095 5377 (34ἶ
2127 5252 2206 5333 De
2245 5268 2310 5307 eo
2361 5249 2530 5332 plura
2575 5251 2842 5306 inferius.
2878 5251 3089 5307 Fuerat
3118 5249 3571 5333 Silvanectensis

1999 5324 2073 5377 Be
2099 5339 2228 5377 mea
2259 5322 2307 5377 II
2339 5338 2671 5377 enlsconus.
2705 5339 2880 5377 auem
2915 5324 3100 5377 Berta.
3133 5323 3456 5377 Chariberti
3483 5337 3571 5377 re-

1910 5322 1969 5378 in
1999 5321 2228 5393 Belgica
2259 5322 2307 5377 II
2339 5321 2671 5394 episcopus,
2705 5339 2880 5394 quem
2915 5324 3100 5394 Berta,
3133 5321 3461 5394 Chariberti
3483 5337 3571 5394 re-

1954 5394 2002 5449 is
2035 5391 2393 5448 Francorum
2425 5391 2564 5459 ﬁlia',
2599 5391 2739 5448 cum
2765 5393 2822 5447 in
2854 5393 3124 5459 Angliam
3153 5393 3313 5449 venit
3359 5391 3566 5450 Ethel-

1953 5470 2075 5548 ert‘o
2108 5468 2603 5548 nuptura,‘s.ec_um
2636 5465 2896 5548 adduxit.
2924 5461 3066 5540 Ejus
3097 5464 3384 5523 festivitas
3413 5463 3570 5522 infra
3635 5461 3644 5470 ’

1914 5536 2130 5596 dicitur
2153 5536 2354 5596 mense
2369 5536 2372 5537 ⁷
2388 5537 2539 5597 Maio
2571 5536 2838 5598 celebris.

3213 5662 3250 5722 2
