3942 6056
134 302 197 358 45
942 302 1144 364 HIST.
1190 304 1632 367 TRANSLAT.
1681 304 1746 365 s.
1792 276 2239 368 AUGUSTINI.
2273 340 2352 350 --
2381 307 2529 368 LIB.
2576 306 2653 366 11.
3418 310 3493 367 4c

134 434 517 490 sexcentesimo
560 432 785 489 decimo
828 438 1010 490 sexto.
1033 458 1059 485 ‹‹
1086 435 1214 504 Qui,
1238 440 1305 491 ut
1354 437 1518 492 Bedce
1563 437 1738 493 verba
1765 438 1820 505 Α
1849 438 2579 506 Dominumdecantatur,et
2610 455 2754 511 puer
2784 456 2815 493 a
2849 438 3215 494 naturalibus
3245 439 3495 494 vinculis

136 538 409 596 ponamus,
433 522 577 577 inter
609 528 818 578 cratera
845 524 1157 597 bona,qnze
1191 526 1346 596 genti
1382 544 1501 581 sum.
1524 543 1740 581 consu-

136 612 276 667 lende
290 610 819 680 conferebat,etiam
839 613 1071 668 decreta
1086 613 1166 668 illi
1178 614 1562 686 judiciorum,
1568 616 1742 687 juxta

136 698 364 772 exempla
384 700 798 768 Romanorum,
815 718 949 758 cum
981 702 1224 758 consilio
1247 702 1576 776 sapientum
1602 721 1739 759 con-

135 790 477 862 stituitzquze
509 790 837 863 conscripta
863 791 1182 863 Anglorum
1234 809 1502 849 sermone
1542 793 1737 849 hacte-

134 893 225 929 nus
252 875 549 943 babentur,
569 880 629 931 et
658 876 1042 934 observantur
1070 879 1143 934 ab
1173 896 1256 935 ea.
1286 880 1346 935 In
1382 881 1738 953 quibus-pri-

132 966 283 1020 mitus
311 966 519 1038 posuit,
534 965 785 1038 qualiter
802 966 859 1023 id
882 969 1194 1025 emendare
1214 970 1471 1037 deberet,
1497 970 1596 1043 qui
1628 970 1704 1026 ali
1725 1003 1738 1012 -

132 1055 250 1125 quid
275 1071 457 1109 rerum
479 1054 563 1110 vel
584 1055 841 1111 ecclesiae
860 1056 948 1112 vel
972 1058 1248 1130 episcopi,
1266 1058 1355 1114 vel
1379 1058 1738 1131 reliquorum

132 1142 368 1199 ordinum
399 1143 595 1199 furtim
626 1146 902 1214 auferret,
925 1146 1124 1203 volens
1170 1148 1394 1205 scilicet
1431 1149 1738 1206 tuitionem

131 1233 220 1297 eis,
248 1249 383 1304 quos
424 1238 480 1288 et
525 1249 777 1305 quorum
826 1235 1151 1292 doctrinam
1184 1242 1543 1310 susceperat,
1593 1257 1736 1312 [ποω-

131 1326 277 1377 stare.
299 1344 325 1371 υ
345 1321 717 1395 Prosequitur
762 1324 918 1380 idem
964 1325 1312 1382 venerabilis
1358 1326 1736 1401 historiogra-

133 1410 261 1481 pbus
288 1411 454 1465 altam
504 1411 904 1486 genealogiam
938 1414 1112 1486 regis,
1137 1416 1208 1471 ad
1239 1433 1416 1489 quem
1461 1416 1737 1472 lectorem

133 1499 400 1555 mittimus.
423 1500 566 1572 Ejus
594 1506 791 1556 autem
823 1502 1152 1559 sanctitatis
1180 1505 1344 1560 testis
1370 1509 1460 1561 est
1489 1505 1741 1578 antiqui-

131 1594 220 1648 tas.
238 1592 597 1661 veterumque
621 1594 959 1645 sanctorum
982 1595 1182 1647 tavens
1210 1594 1549 1650 auctoritas.
1574 1595 1736 1661 Quod

134 1675 315 1732 scilicet
341 1676 667 1751 antiquitus
697 1695 732 1733 a
762 1678 1079 1751 primordio
1110 1680 1261 1737 inter
1288 1687 1522 1743 sanctos
1552 1682 1738 1755 ipsius

132 1766 376 1821 celebrata
405 1766 481 1822 sit
512 1766 877 1825 solemnitas.
903 1769 1065 1836 Quod
1117 1788 1221 1826 nec
1269 1788 1486 1840 amore,
1521 1790 1623 1828 nec
1657 1789 1740 1828 er-

133 1870 250 1921 rore,
272 1871 364 1910 nec
391 1855 721 1913 temeritate
747 1857 818 1912 ab
840 1855 1034 1930 aliquo
1064 1858 1217 1915 inter
1245 1863 1329 1916 tot
1356 1860 1650 1933 sapientes
1681 1864 1738 1917 et

133 1942 406 2015 religiosos,
455 1948 521 2000 ut
576 1944 894 2014 credimus,
947 1955 1417 2019 praesumeretur,
1470 1949 1582 2006 nisi
1640 1949 1737 2008 ille

131 2031 231 2086 vitae
258 2032 490 2104 puritate
517 2039 577 2089 et
607 2034 945 2092 caelestibus
973 2036 1207 2093 indiciis
1229 2037 1444 2110 dignus
1470 2040 1739 2111 probare-

134 2125 229 2188 tur;
254 2139 377 2177 cum
407 2122 506 2177 lilii
541 2122 634 2178 sui
668 2123 886 2194 aliique
916 2141 1304 2194 successores,
1330 2126 1463 2182 boni
1511 2144 1578 2182 ac
1616 2144 1737 2183 ma-

132 2226 335 2281 gnarum
353 2210 634 2268 virtutum
664 2229 852 2286 reges,
874 2217 1101 2269 tantum
1134 2213 1287 2270 inter
1315 2214 1516 2272 ﬁdeles
1537 2215 1738 2272 defun-

134 2302 229 2353 ctos
254 2305 675 2356 memorentur:
701 2317 808 2357 nec
836 2300 1005 2357 illum
1036 2302 1226 2359 ﬁdelis
1278 2304 1432 2360 Beda
1476 2305 1734 2375 primum

132 2386 401 2458 Anglorum
459 2405 670 2463 regum
713 2391 1092 2447 concendisse
1147 2408 1396 2464 regnum
1456 2393 1734 2449 caelorum

133 2474 434 2547 scripsisset,
457 2478 568 2533 nisi
604 2477 884 2533 meritum
916 2478 1235 2535 didicisset.
1261 2480 1406 2535 Nam
1430 2486 1488 2536 et
1520 2482 1734 2538 multos

131 2568 232 2633 post
258 2581 379 2620 eum
406 2566 800 2622 celeberrima:
822 2568 1152 2625 sanctitatis
1186 2586 1351 2642 reges
1372 2571 1581 2642 Anglia
1610 2590 1737 2644 pro-

134 2649 239 2706 tulit
262 2659 313 2708 et
338 2660 663 2721 veneratur,
686 2660 796 2710 etc.
1366 2722 1367 2725 η

182 2744 293 2796 (λη).
322 2742 492 2799 XXIX.
518 2744 742 2801 Letardi
760 2746 1296 2803 «molitam—Nunc
1322 2749 1472 2805 beati
1507 2750 1733 2805 Letardi

135 2828 463 2885 exbibeantur
483 2831 997 2905 inducite.Dignus
1018 2834 1135 2891 Deo
1159 2838 1402 2893 antistes
1426 2839 1731 2910 Letardus,

136 2934 404 2987 praeursor
449 2925 504 2976 et
553 2920 784 2992 janitor
812 2922 1040 2977 venturi
1068 2925 1382 2996 Augustini
1438 2928 1731 2998 apparuit,

134 3007 356 3074 praevenit
381 3007 534 3064 hunc
567 3014 637 3065 ut
677 3009 907 3066 Lucifer
950 3010 1166 3080 solem;
1220 3015 1444 3085 paravit
1472 3016 1523 3070 ei
1556 3016 1728 3083 viam,

136 3092 412 3165 ingressum
442 3103 497 3153 et
526 3096 729 3154 locum
757 3102 822 3154 ut
851 3098 948 3155 ilic
978 3106 1211 3172 pararet
1245 3102 1504 3159 Domino.
1534 3104 1732 3161 Prodi-

137 3197 217 3250 gas
244 3183 476 3256 ingentis
504 3186 722 3242 animae
763 3204 877 3242 non
920 3188 1115 3244 timuit
1145 3190 1391 3246 ferinam
1422 3192 1731 3264 gentilium

138 3268 427 3341 barbariem,
450 3275 653 3331 θεουὶί
700 3275 1063 3348 principibus
1112 3279 1451 3336 terribilem.
1477 3282 1606 3354 Ipse
1631 3283 1733 3339 Dei

138 3356 320 3415 famulae
346 3363 550 3435 reginae
588 3365 796 3431 Bertze,
822 3365 965 3421 dum
1001 3366 1351 3424 Ethelberto
1372 3370 1564 3427 adhuc
1592 3389 1733 3444 gen-

134 3444 197 3500 tili
216 3446 516 3507 Christiana
535 3470 572 3509 a
601 3456 850 3526 paterno
880 3471 1057 3529 regno
1088 3456 1443 3515 Francorum
1475 3460 1732 3517 mittere-

134 3537 219 3622 tur,
239 3537 359 3604 dux,
390 3557 606 3610 comes,
636 3543 861 3611 doctor,
895 3549 1151 3602 servator
1180 3563 1246 3603 ac
1286 3549 1467 3605 totius
1499 3548 1733 3622 pietatis

130 3620 399 3699 instigator,
424 3636 532 3687 etc.
573 3632 721 3699 Quis
769 3632 946 3705 digne
993 3633 1243 3691 aestimet
1289 3620 1517 3709 quanta
1555 3638 1732 3696 mira-

130 3712 228 3769 cula
250 3723 368 3788 post
395 3724 477 3776 tot
504 3721 728 3778 merita
753 3721 1083 3779 exhibuerit
1111 3724 1172 3779 in
1205 3728 1342 3794 vita,
1367 3728 1539 3800 cujus
1570 3734 1735 3785 tanta

131 3802 442 3863 crebrescunt
470 3809 697 3865 nostris
728 3812 1090 3883 temporibus
1129 3818 1262 3886 post
1289 3819 1374 3870 tot
1413 3817 1503 3872 sui
1537 3818 1733 3874 obitus

134 3893 315 3963 secula,
335 3897 399 3952 de
427 3898 652 3971 quibus
684 3897 905 3972 injuria
952 3906 1041 3958 est
1088 3920 1204 3959 non
1254 3922 1578 3963 memorare
1626 3906 1729 3962 ali-

138 3995 238 4050 qua.

181 4073 285 4125 CAP.
304 4072 454 4130 XXX.
480 4077 714 4135 Caecam
746 4079 1049 4137 illuminat.
1076 4113 1143 4124 —
1166 4083 1286 4139 Sub
1318 4084 1527 4142 abbate
1557 4104 1732 4158 supe-

137 4153 223 4211 rius
241 4169 537 4222 memorato
552 4165 823 4224 Vulfrico
846 4168 1099 4242 puellam
1123 4189 1157 4228 a
1177 4172 1476 4230 nativitate
1497 4153 1731 4244 caecam,

137 4252 181 4333 fit
204 4247 306 4319 ipse
331 4254 488 4310 testis
520 4261 656 4312 erat
698 4255 965 4327 idoneus,
987 4261 1058 4316 ad
1096 4260 1288 4333 ipsius
1318 4262 1503 4318 sancti
1532 4269 1731 4320 tumu-

137 4329 225 4425 lum
245 4355 274 4393 a
290 4343 625 4412 parentibus
647 4345 982 4418 deductam,
1001 4349 1102 4406 Dei
1121 4329 1332 4408 lucifer
1350 4352 1550 4425 ignota
1571 4352 1733 4425 prius

136 4418 229 4480 luce
252 4428 487 4503 donavit,
509 4439 570 4490 et
600 4434 905 4494 natalibus
935 4438 1191 4496 tenebris
1230 4418 1511 4498 obvolutae
1560 4418 1732 4499 mun-

136 4509 239 4567 dum
264 4533 384 4573 eum
413 4521 534 4578 sole
564 4524 860 4582 attribuit.

184 4601 291 4660 CAP.
313 4605 494 4666 XXXI.
520 4613 873 4670 Contractum
900 4618 1083 4690 erigit.
1106 4650 1175 4658 —
1201 4618 1262 4675 In
1299 4621 1548 4693 quadam
1578 4623 1727 4687 Qua--

136 4687 409 4791 dragesima
438 4700 654 4759 mulier
682 4707 885 4760 natum
914 4724 1090 4763 suum
1117 4708 1339 4766 inolitis
1359 4708 1418 4764 in
1445 4714 1605 4782 terga
1623 4711 1734 4767 cal-

138 4792 287 4870 tanels
314 4791 672 4846 contractum
714 4792 790 4848 ad
843 4794 972 4865 ejus
1019 4796 1316 4852 tumulum
1356 4798 1645 4870 deposuit,
1677 4805 1735 4856 et

137 4864 324 4929 hortatu
350 4893 555 4935 annua:
579 4883 698 4954 (37)
724 4864 1026 4956 religiosae,
1050 4903 1177 4958 quas
1208 4885 1375 4943 illum
1398 4864 1591 4944 locum
1619 4864 1733 4945 ser-

137 4957 289 5032 vabat,
325 4964 513 5025 relicto
552 4970 795 5039 misero,
819 4957 1123 5030 abscessit.
1147 4975 1375 5032 Interea
1412 4978 1483 5033 ad
1532 4994 1732 5050 vespe-

140 5060 208 5100 l'as
245 5049 479 5123 hymnus
519 5057 621 5114 Dei
658 5060 967 5117 Genitricis
1013 5062 1324 5136 Magni/teat
1372 5068 1559 5124 anima
1612 5049 1739 5125 mea

301 5231 372 5318 Ep
390 5237 849 5318 nomine,_etiam
877 5238 1200 5318 {Anglorum
1229 5241 1383 5318 leges
1426 5245 1737 5303 sanctimo-

142 5297 310 5357 ntalem
338 5304 608 5365 feminam
630 5297 1048 5385 designabant.

1852 527 2144 582 resolutus
2203 527 2258 581 in
2319 527 2570 582 clamore
2622 532 2911 583 Versatur.
2973 528 3191 582 Salutis
3250 527 3495 582 inversis

1849 614 2156 680 calcaneis,
2191 618 2586 671 extenduntur
2642 616 2893 671 incursz
2950 615 3122 684 tibiae,
3177 616 3367 671 ﬂuxus
3425 616 3496 670 de

1849 708 2117 758 concreta
2142 720 2314 759 carne
2337 705 2585 760 ubertim
2612 709 2878 760 cruentat
2909 704 3325 776 pavimentum,
3352 721 3499 777 puer

1849 794 2105 847 extensis
2171 792 2404 848 lacertis
2471 793 2660 848 sancti
2726 793 2994 847 tumbam
3062 794 3496 865 apprehendere

1849 880 2178 950 contendit;
2208 898 2342 936 mox
2378 881 2438 936 in
2486 883 2663 954 pedes
2712 887 2940 937 erectus
2989 881 3265 937 constitit.
3303 882 3495 953 Popu-

1847 967 1941 1023 lus
1988 970 2058 1024 ad
2109 968 2419 1025 clamorem
2482 970 2644 1042 pueri
2703 971 3027 1042 irrumpere
3075 971 3341 1039 certavit;
3395 970 3493 1025 sed

1847 1074 2050 1113 nunna
2099 1057 2313 1113 ostium
2365 1058 2607 1126 obdidit,
2656 1060 2836 1113 donec
2880 1060 3088 1113 fratres
3138 1059 3493 1124 udvenircnt,

1847 1149 1905 1201 et
1962 1145 2249 1218 hymnum
2304 1145 2496 1201 laudis
2554 1164 2657 1218 pro
2718 1146 3000 1202 miraculo
3060 1147 3432 1202 decantarent
3479 1163 3490 1201 :

1847 1251 1993 1307 puer
2021 1236 2259 1290 domum
2293 1234 2443 1290 redit
2486 1236 2737 1307 pedibus
2774 1236 3027 1308 propriis
3057 1235 3153 1307 qui
3187 1236 3497 1290 advenerat

1847 1322 2073 1378 alienis.

1919 1411 2053 1467 CAP.
2078 1412 2290 1468 XXXII.
2315 1414 2447 1485 Ejus
2476 1429 2572 1485 ope
2592 1414 2833 1467 annulus
2862 1415 3094 1468 amissus
3127 1415 3495 1468 invenitur.—

1846 1502 2159 1575 Egrcgium
2203 1502 2487 1558 artificem
2537 1504 2805 1558 novimus
2855 1504 3124 1558 abbatem
3183 1502 3492 1557 Abbendo-

1848 1592 1957 1647 nia:
1990 1594 2101 1665 (38)
2132 1594 2393 1665 pictusaa,
2428 1592 2742 1666 sculptura:
2775 1598 2831 1647 et
2871 1592 3115 1648 auriticii
3149 1591 3495 1664 probatissi-

1848 1697 2031 1749 mum,
2058 1681 2338 1753 Speraver
2367 1682 2623 1737 nomine.
2651 1684 2704 1735 Is
2748 1680 3031 1736 annulum
3074 1681 3284 1753 regina:
3324 1680 3493 1752 Edgi-

1849 1769 1981 1837 thze,
2005 1769 2493 1842 pretiosissimum
2517 1769 2864 1842 perdiderat,
2885 1788 2998 1843 quo
3029 1770 3248 1841 ubique
3282 1771 3497 1824 frustra

1845 1858 2109 1930 quaesito,
2134 1858 2307 1913 etiam
2337 1875 2499 1931 spem
2523 1874 2757 1914 omnem
2790 1858 3118 1913 inveniendi
3144 1857 3490 1931 perdiderat.

1846 1947 2102 2003 Tandem
2138 1948 2210 2003 ad
2242 1952 2508 2003 sanctum
2537 1948 2874 2018 Letardum,
2899 1965 3032 2003 nam
3059 1947 3153 2002 hic
3178 1952 3317 2002 tunc
3339 1948 3493 2019 apud

1846 2040 2113 2090 sanctum
2146 2037 2541 2108 Augustinum
2588 2036 2867 2091 invitatus
2897 2036 2970 2089 ab
3004 2036 3211 2089 abbate
3262 2034 3494 2089 Elstano

1845 2124 2218 2196 operabatur,
2270 2125 2552 2198 confugit,
2604 2125 2874 2198 precibus
2922 2130 2979 2179 et
3034 2123 3308 2197 lacrymis
3348 2141 3495 2195 quas

1846 2213 2119 2285 angustia
2146 2214 2399 2286 potentis
2440 2214 2684 2286 depositi
2727 2218 3065 2285 extorserat,
3086 2214 3213 2285 ejus
3243 2212 3491 2267 clemen-

1846 2302 1989 2356 tiam
2022 2304 2299 2375 exposcit.
2328 2302 2439 2359 Res
2490 2302 2667 2357 mira!
2723 2302 2875 2359 illico
2924 2302 3034 2357 sibi
3082 2300 3357 2370 annulus,
3393 2300 3493 2355 ubi

1846 2390 2073 2458 orabat,
2108 2390 2336 2457 reluxit,
2370 2390 2468 2447 ubi
2515 2391 2610 2446 ille
2660 2408 2963 2463 nunquam
2997 2408 3056 2446 se
3088 2390 3374 2462 posuisse,
3408 2388 3493 2444 vel

1845 2479 2114 2535 amisisse
2165 2481 2364 2551 jurare
2425 2479 2655 2535 innoxie
2711 2485 2955 2551 poterat.
2999 2478 3284 2534 Continuo
3344 2478 3495 2549 rapit

1845 2584 1979 2622 cum
2009 2571 2169 2621 tanta
2195 2567 2577 2621 admiratione
2598 2573 2658 2622 et
2691 2567 3143 2639 lmiitia,qnanta
3167 2567 3495 2638 perdiderat

1844 2654 2245 2728 desperatione
2276 2661 2331 2710 et
2364 2655 2660 2725 molestia;
2698 2673 2801 2711 nec
2842 2657 3002 2712 solus
3047 2656 3359 2729 gaudebat,
3393 2655 3491 2709 sed

1844 2750 1902 2800 et
1932 2761 2137 2801 omnes
2167 2745 2374 2800 fratres
2406 2745 2549 2800 tanti
2583 2745 2858 2800 relatione
2883 2744 3147 2799 miraculi
3170 2744 3369 2798 festive
3402 2742 3493 2796 lae-

1843 2834 2121 2888 tificabat.
2147 2834 2262 2889 Nec
2295 2832 2484 2889 solum
2518 2834 2665 2889 tanti
2699 2833 2962 2889 beneficii
2997 2850 3223 2888 memor
3254 2832 3491 2897 exstitit,

1844 2924 1946 2978 sed
1979 2927 2044 2977 ut
2074 2922 2296 2976 diutius
2334 2922 2456 2977 haec
2497 2922 2781 2977 memoria
2809 2926 3202 2994 perseveraret
3233 2920 3492 2976 elabora-

1841 3012 1942 3068 vit.
1966 3012 2108 3082 Ejus
2152 3010 2366 3084 quippe
2397 3015 2453 3067 et
2480 3011 2827 3067 venerabilis
2881 3010 3090 3083 reginae
3142 3012 3342 3076 Bertze,
3366 3027 3492 3082 quea

1844 3118 1961 3157 suae
1994 3100 2477 3173 peregrinationis
2515 3104 2605 3155 est
2653 3116 2885 3168 corona,
2929 3099 3216 3171 imagines
3265 3097 3491 3154 enormi

1762 3166 1807 3234 C
1846 3188 2252 3261 magnitudine
2297 3205 2362 3243 ac
2412 3188 2617 3244 decore
2647 3187 2940 3260 effigiavit,
2969 3205 3033 3243 ac
3082 3204 3260 3259 super
3305 3186 3493 3258 ipsius

1840 3277 2137 3334 tumulum
2161 3275 2498 3332 solemniter
2516 3276 2713 3332 erexit.
2734 3281 3051 3349 Sequuntur
3076 3276 3192 3329 alia
3220 3275 3493 3330 miracula

1843 3382 1968 3440 qum
1997 3368 2284 3423 omisimus
2315 3365 2385 3421 ad
2413 3383 2532 3438 cup.
2562 3367 2649 3420 40.

1913 3456 2049 3512 CAP.
2081 3455 2220 3510 XLI.
2243 3455 2569 3511 Scellandus
2599 3454 2763 3525 abbas
2791 3455 2991 3510 obit.—~
3014 3453 3196 3527 Igitur
3216 3453 3491 3508 omnibus

1842 3545 1912 3600 de
1932 3544 2109 3600 veteri
2131 3543 2375 3601 ecclesia
2396 3543 2667 3612 sublatis,
2691 3548 2746 3598 et
2777 3542 2835 3597 in
2869 3543 3218 3616 paratiorem
3244 3542 3490 3599 transla-

1840 3634 2060 3690 tionem
2092 3633 2428 3705 reconditis,
2454 3649 2604 3705 saepe
2635 3636 2997 3688 memoratus
3025 3632 3207 3687 abbas
3238 3631 3493 3688 Scollan~

1842 3724 1954 3779 dus
1984 3723 2174 3795 ipsam
2205 3721 2511 3778 ecclesiam
2536 3723 2662 3793 jam
2685 3720 2976 3776 excidium
3004 3720 3489 3791 minantem,jam

1843 3828 2008 3868 ruere
2048 3814 2347 3884 parentem
2406 3811 2606 3878 diruit,
2631 3814 2687 3865 et
2718 3827 2865 3864 nova
2920 3808 2999 3863 ibi
3030 3809 3273 3865 aediﬁcia
3302 3825 3492 3881 usque

1842 3901 1914 3957 ad
1943 3900 2136 3973 ipsam
2182 3900 2471 3972 porticum
2503 3916 2569 3955 ac
2599 3897 3043 3954 translationem
3094 3896 3488 3969 przecluentis-

1842 3988 1977 4045 simi
2008 3988 2321 4062 Augustini
2360 3991 2604 4061 ejusque
2636 3992 2974 4044 consortum
3015 3985 3256 4056 attollit;
3287 4002 3487 4041 verum

1840 4077 1998 4134 hunc
2029 4077 2275 4133 ulterius
2329 4077 2595 4150 progredi
2638 4093 2891 4149 superno
2924 4081 3071 4131 nutu
3132 4092 3291 4131 mors
3323 4075 3491 4130 obvia

1839 4167 2042 4223 vetuit.
2071 4167 2344 4223 Preevenit
2372 4170 2567 4221 autem
2611 4165 2820 4220 faciem
2863 4164 3092 4220 Domini
3125 4164 3220 4235 pia
3249 4165 3491 4221 eleemo-

1843 4273 2123 4330 synarum
2151 4260 2609 4325 ceterorumque
2641 4253 2929 4309 bonorum
2971 4257 3209 4308 actuum
3246 4270 3489 4310 exsecu—

1842 4347 2023 4417 tione,
2046 4350 2103 4402 et
2133 4343 2527 4400 famosissimo
2568 4341 2979 4415 archipraasule
3019 4342 3343 4397 Lant‘ranco
3373 4360 3490 4397 om-

1842 4454 1976 4492 nem
2036 4434 2298 4491 ordinem
2354 4430 2619 4504 obsequii
2650 4431 3029 4504 persolvente,
3074 4428 3277 4485 multis
3334 4429 3487 4486 hunc

1757 4538 1804 4604 D
1835 4524 2173 4599 lugentibus
2212 4522 2440 4596 placido
2471 4522 2585 4576 fine
2616 4520 2856 4592 quievit.
2905 4520 3201 4575 Praecessit
3239 4537 3356 4575 uno
3397 4518 3488 4573 die

1840 4615 2066 4672 obitum
2100 4612 2254 4685 regis
2283 4610 2585 4679 Willelmi,
2616 4609 2718 4681 qui
2751 4609 3105 4681 condignum
3139 4608 3327 4663 ﬁlium
3357 4607 3489 4663 reli-

1841 4703 1967 4777 quit
1997 4701 2284 4758 hazredem
2327 4699 2581 4756 nominis
2610 4703 2666 4755 et
2712 4698 2873 4771 regni
2932 4697 3024 4754 sui
3058 4715 3071 4752 :
3105 4699 3276 4771 cujus
3307 4697 3366 4752 in
3398 4715 3490 4754 ec-

1841 4791 2018 4849 clesia
2073 4793 2130 4847 et
2188 4788 2406 4846 sanctis
2445 4787 2832 4860 provehendis
2885 4786 3201 4842 sollicitum
3259 4787 3489 4865 deside-

1842 4881 2017 4948 rium,
2053 4880 2207 4952 quod
2239 4877 2503 4952 gratuitae
2534 4878 2634 4934 Dei
2681 4878 2935 4952 largitati
2981 4894 3045 4934 ac
3104 4878 3153 4934 si
3203 4879 3330 4950 jam
3360 4894 3490 4950 per-

1843 4974 2042 5027 actum
2074 4970 2147 5025 ad
2190 4969 2685 5025 remunerandum
2737 4968 2977 5039 sufficit,
3011 4985 3316 5025 successor
3362 4968 3491 5039 ejus

1843 5057 2092 5131 explevit
2122 5057 2205 5113 uti
2238 5057 2465 5131 primus
2493 5056 2728 5113 libellus
2758 5056 3054 5113 disseruit.

1916 5238 2031 5308 (38)
2050 5234 2533 5292 Vetustissimum
2570 5238 2991 5294 monasterium
3023 5238 3337 5296 comitatus
3368 5238 3493 5295 Ber-

1846 5325 2017 5385 keriaa
2048 5326 2121 5384 ad
2154 5324 2419 5384 Tamesis
2450 5330 2507 5384 et
2535 5325 2696 5385 Occae
2729 5328 3106 5386 conﬂuentes.
