3960 6064
353 214 431 277 59
1304 221 1684 286 GOSCELIN
1691 225 1713 286 Ι
1759 223 2384 288 CANTUARIENSIS
2429 224 2812 288 MONACHI.
3682 225 3774 288 60

351 347 502 407 votis
528 349 880 410 Switbunus
909 349 1128 411 electus
1149 356 1404 429 est.Ejus
1426 357 1697 431 precibus
1719 363 1776 416 et
1799 359 2000 416 exbor—
2023 357 2080 424 Α
2109 357 2312 414 eadem
2342 357 2487 414 hora
2516 357 2742 426 morbo,
2777 374 2892 430 quo
2933 356 3035 414 diu
3085 355 3430 426 laborasset,
3463 356 3617 415 illico
3666 375 3774 416 es-

352 437 672 497 tationibus
722 459 820 498 rex
862 442 1171 516 Adulphus
1229 453 1550 518 permotus,
1590 447 1850 504 ecclesiis
1899 449 1998 504 Dei

355 528 686 585 universam
704 531 991 588 decimam
1014 537 1177 588 terrze
1196 535 1355 607 regni
1371 536 1460 591 sui
1481 535 1728 610 benigne
1745 537 1998 604 donavit,

353 615 651 689 libereque
675 619 784 674 sibi
807 620 1102 677 vindicare
1129 623 1604 680 concessit.ldem
1625 631 1866 681 sanctus
1887 627 2001 699 epi-

355 711 836 779 scopuspontem
867 709 1459 784 Wintoniensem.qui
1489 719 1576 768 est
1598 715 1670 768 ad
1693 714 1998 784 orientem,

355 796 967 871 construxit.Cumque
997 799 1046 854 ei
1069 801 1408 857 aediﬁcando
1431 801 1741 858 sollicitam
1765 809 2002 860 navaret

354 887 874 958 operam,quodam
906 886 1020 954 die,
1052 888 1149 944 illo
1181 891 1250 944 ad
1298 907 1446 962 opus
1495 893 1804 959 residente,
1839 911 2000 965 quae-

354 972 491 1027 dam
523 975 880 1046 paupercula
906 977 1118 1033 mulier
1145 995 1211 1034 eo
1231 979 1520 1045 venit,ova
1539 980 1765 1036 venalia
1787 981 1844 1036 in
1865 999 2001 1037 vase

355 1061 640 1119 deferens.
675 1067 859 1130 Quam
892 1066 1318 1139 apprchensam
1352 1069 1596 1139 operarii
1635 1070 2001 1127 lascivientes

355 1153 414 1204 et
434 1150 742 1207 ludibundi
767 1171 978 1226 magno
1002 1155 1372 1214 incommodo
1395 1157 1860 1224 aﬂ‘ecerunt,ovis
1879 1160 2004 1214 nni-

353 1239 538 1296 versis
582 1259 696 1296 non
743 1245 976 1315 ereptis,
1010 1246 1112 1300 sed
1159 1247 1492 1302 confractis.
1527 1246 1632 1302 Illa
1677 1246 1856 1319 igitur
1897 1265 2000 1320 pro

354 1325 519 1383 illata
546 1328 762 1400 injuria
791 1331 1007 1387 damno
1038 1333 1195 1400 dato,
1227 1350 1361 1388 cum
1391 1332 1663 1407 lacrymis
1692 1340 1750 1390 et
1779 1335 2000 1406 ejulatn

355 1431 550 1472 coram
593 1419 866 1491 episcopo
916 1426 1332 1493 conquerente,
1363 1421 1452 1477 vir
1499 1428 1740 1479 sanctus
1789 1423 2002 1496 pietate

355 1510 676 1576 permotus,
710 1525 831 1574 vas,
861 1509 920 1563 in
951 1526 1066 1581 quo
1099 1515 1264 1565 erant
1295 1511 1550 1582 reposita
1579 1528 1706 1572 ova.
1740 1512 1997 1585 corripit,

356 1593 558 1660 dextra
587 1596 825 1668 signum
856 1598 1048 1655 crucis
1077 1598 1368 1671 exprimit,
1400 1617 1622 1673 ovaque
1666 1601 2002 1674 incorrupta

355 1688 412 1738 et
438 1684 665 1757 integra
694 1685 970 1744 restituit.

423 1775 477 1828 3.
512 1773 744 1830 Solebat
790 1793 923 1833 vero
972 1777 1232 1834 studiose
1283 1778 1568 1835 fabricare
1613 1779 1890 1836 ecclesias
1929 1780 2003 1836 iis

356 1859 500 1918 locis
531 1863 746 1934 quibus
778 1883 893 1921 non
925 1871 1111 1934 erant,
1137 1885 1306 1940 porro
1338 1868 1564 1924 dirutas
1591 1873 1646 1924 et
1675 1870 2002 1925 confractas

354 1949 1096 2011 instaurare.Dedicaturus
1126 1973 1323 2012 sacras
1353 1957 1646 2024 aedes,non
1668 1975 1817 2030 equo
1838 1958 2003 2014 vehe-

356 2039 530 2096 batur
559 2041 854 2108 sublimis,
887 2060 990 2100 nec
1035 2045 1333 2101 saecularis
1379 2063 1604 2118 pompis
1653 2051 2000 2118 apparatum

357 2129 468 2184 sibi
501 2128 848 2197 adhibebat;
881 2132 980 2186 sed
1014 2131 1240 2190 clericis
1267 2141 1324 2190 et
1353 2134 1740 2191 familiaribus
1763 2135 1888 2191 suis
1912 2152 2002 2191 co-

355 2217 916 2286 mitantibus,nudis
949 2220 1196 2292 pedibus
1228 2221 1529 2278 humiliter
1557 2224 1880 2280 incedebat.
1913 2225 1998 2279 Ad

355 2307 616 2363 convivia
644 2325 754 2364 sua
783 2311 1115 2366 accersebat
1145 2328 1260 2367 non
1291 2311 1632 2384 locupletes,
1663 2313 1764 2368 sed
1787 2330 2000 2386 egenos

355 2400 412 2452 et
443 2414 746 2470 pauperes.
781 2398 857 2454 Os
880 2398 932 2454 ei
963 2416 1196 2472 semper
1233 2406 1502 2473 apertum
1534 2407 1658 2457 erat
1689 2402 1759 2457 ad
1791 2402 2000 2458 cohor-

355 2485 566 2541 tandos
597 2491 930 2558 peccatores
959 2488 1031 2543 ad
1065 2490 1352 2560 agendam
1380 2491 2003 2562 poenitentiamMone-

355 2572 456 2628 bat
487 2577 711 2630 stantes
732 2576 938 2631 darent
958 2593 1190 2649 Operam
1216 2595 1287 2633 ne
1309 2578 1900 2650 caderent,lapsos,ut
1920 2597 2002 2636 re-

357 2667 679 2736 surgerent.
705 2663 912 2720 Cibum
943 2683 1057 2720 non
1089 2670 1154 2720 ut
1181 2672 1442 2722 ventrem
1473 2666 1734 2737 sarciret,
1767 2668 1864 2722 sed
1897 2685 1999 2740 pro

356 2751 446 2806 sui
480 2753 906 2810 sustentatione
935 2771 1106 2826 parce
1136 2761 1194 2811 et
1223 2757 1518 2811 moderate
1551 2757 1840 2811 sumebat.
1866 2757 2001 2812 Post

355 2838 574 2896 multas
598 2840 826 2913 vigilias
847 2841 1182 2915 multosque
1202 2843 1529 2911 labores,ne
1553 2846 2002 2912 deﬁceret,som-

358 2927 416 2983 ni
446 2929 752 3000 paululum
785 2931 1155 2998 admittebat,
1188 2933 1431 3003 psalmis
1461 2938 1519 2989 et
1546 2933 1790 2990 canticis
1827 2933 1998 3006 spiri-

355 3017 614 3074 tualibus
645 3036 875 3091 semper
904 3019 1476 3078 intentus.Proximis
1506 3021 2000 3094 semper,perinde

2111 451 2199 502 set
2230 451 2698 519 recuperaturus.
2732 446 2969 503 Addidit
3016 447 3193 503 etiam
3247 451 3313 502 ut
3350 449 3418 503 ad
3452 447 3646 504 locum
3674 465 3776 504 se-

2110 535 2357 607 pulturae
2389 535 2795 602 veniat,unum
2824 553 2893 591 ex
2921 535 3124 592 ferreis
3154 536 3527 609 annulis,qui
3555 537 3772 592 etiam-

2111 641 2254 679 num
2285 625 2465 697 lapidi
2499 625 2659 680 infixi
2689 625 3116 689 visuntur,sine
3147 625 3266 681 ulla
3295 625 3508 697 lapidis
3528 625 3772 681 laesione

2109 718 2494 782 cxtracturus,
2528 731 2883 786 rursumque
2933 715 3057 786 pari
3107 713 3405 781 facilitate,
3440 714 3584 768 nihil
3623 714 3770 769 Iaso

2110 801 2323 874 lapide,
2357 802 2416 857 in
2475 820 2652 858 suum
2712 804 2906 859 locum
2968 803 3356 872 repositurus.
3406 802 3605 873 Surgit
3661 800 3766 858 ille

2110 892 2360 963 perfecte
2391 910 2590 959 sanus,
2627 892 2711 948 uti
2743 892 3019 965 praedicta
3059 895 3246 958 erant,
3275 891 3476 947 omnia
3519 891 3762 964 reperit,

2111 986 2438 1053 cunctaque
2467 999 2538 1037 ex
2585 983 2856 1054 episcopo
2905 985 3154 1037 enarrat.
3191 981 3500 1036 lneurvum
3554 995 3766 1052 quem-

2110 1071 2269 1137 dam,
2302 1075 2360 1126 et
2392 1072 2682 1143 pecudum
2731 1065 2911 1135 more,
2945 1087 3128 1142 prono
3175 1069 3341 1125 vultu
3390 1073 3608 1124 terram
3637 1085 3766 1124 res-

2110 1164 2458 1232 pectantem,
2489 1176 2701 1216 sanum
2734 1164 2788 1215 et
2820 1159 3173 1215 incolumem
3205 1157 3475 1214 reddidit.
3507 1157 3610 1212 Vir
3637 1157 3772 1230 qui-

2110 1249 2247 1303 dam
2282 1248 2494 1305 nobilis
2525 1253 2582 1304 et
2617 1249 2798 1316 dives,
2833 1265 2970 1304 cum
3017 1249 3342 1304 meridiano
3391 1253 3653 1320 tempore
3687 1248 3763 1302 ad

2111 1337 2376 1394 fluminis
2397 1339 2585 1410 ripam
2609 1337 3178 1404 deambularet,vidit
3197 1337 3394 1393 subito
3416 1341 3767 1409 apparentes

2111 1427 2222 1483 sibi
2251 1431 2370 1483 tres
2402 1427 2557 1482 ultra
2596 1428 2836 1482 modum
2887 1426 3230 1493 horrendas,
3267 1427 3434 1498 quasi
3484 1426 3767 1482 mulieres

2111 1521 2338 1571 statura
2367 1516 2676 1572 immensa.
2702 1516 2793 1570 Eze
2828 1514 3146 1587 fugientem
3180 1514 3344 1570 illum
3377 1515 3768 1588 comprehen-

2111 1605 2333 1672 dentes,
2363 1610 2420 1660 et
2470 1603 2672 1660 multis
2726 1605 2919 1660 modis
2977 1604 3325 1677 affligentes,
3369 1604 3767 1676 pestiferaque

2109 1693 2251 1748 flatu
2281 1711 2388 1749 suo
2421 1710 2566 1766 pene
2596 1694 2969 1760 suffocantes,
2995 1692 3322 1749 incredibili
3353 1693 3591 1748 horrore
3617 1693 3765 1748 affe-

2113 1786 2296 1849 ctum,
2330 1782 2538 1838 insano
2569 1781 2823 1837 similem
2856 1781 3534 1838 reddiderunt.Adducto
3565 1786 3765 1836 autem

2111 1872 2184 1926 ad
2207 1870 2710 1938 ecclesiam,nocte
2739 1870 3012 1944 apparuit
3036 1876 3276 1927 sanctus
3307 1869 3763 1938 Swithunus,et,

2110 1959 2270 2014 omni
2303 1959 2473 2030 pulso
2503 1959 2720 2028 dolore,
2753 1958 2994 2016 sanitati
3024 1976 3159 2015 eum
3188 1959 3462 2015 restituit.

2179 2050 2233 2104 5.
2266 2047 2414 2104 Cum
2445 2047 2826 2104 Ethelwodus
2857 2049 3166 2120 episcopus
3195 2065 3409 2120 corpus
3451 2047 3604 2104 beati
3652 2047 3763 2102 viri

2109 2154 2140 2194 e
2168 2141 2325 2193 terra
2356 2137 2590 2205 levaret,
2624 2137 2775 2193 mira
2823 2138 3018 2194 odoris
3067 2137 3350 2209 fragrntia
3393 2153 3599 2192 omnes
3631 2153 3761 2208 per-

2107 2226 2276 2294 vasit,
2313 2223 2524 2281 mulier
2552 2242 2702 2282 czeca
2730 2226 2924 2281 visum
2956 2226 3190 2297 recepit,
3225 2230 3284 2281 et
3314 2223 3484 2280 multi
3514 2224 3763 2280 diversis

2108 2313 2293 2386 pressi
2325 2313 2789 2386 (egritudinibus,
2823 2315 2951 2386 ejus
2980 2314 3204 2370 meritis
3248 2314 3437 2369 curati
3490 2317 3650 2370 sunt.
3683 2313 3766 2368 Ea

2107 2401 2414 2458 translatio
2445 2401 2650 2458 incidit
2680 2403 2740 2458 in
2772 2420 2994 2458 annum
3027 2402 3419 2458 centesimum
3463 2401 3760 2457 decimum

2109 2491 2181 2546 ab
2202 2491 2364 2546 obitn
2387 2490 2998 2558 illius,Incarnationis
3021 2507 3153 2546 vero
3174 2489 3488 2546 Dominicae
3505 2507 3763 2562 nongeno

2107 2579 2386 2636 tesimum
2419 2577 2920 2651 septuagesimum
2953 2577 3297 2650 primum,et
3325 2579 3462 2634 Idus
3489 2577 3763 2634 Julii.Eo-

2109 2669 2242 2723 dem
2273 2666 2365 2722 die
2407 2684 2676 2738 puerum,
2709 2684 2743 2721 a
2773 2666 3077 2722 nativitate
3126 2665 3475 2722 mirabiliter
3525 2672 3762 2722 contra-

2108 2762 2293 2824 ctum,
2321 2754 2580 2823 sanavit;
2614 2755 2804 2811 tribus
2834 2755 3514 2822 mulieribus,oculorum
3540 2755 3764 2810 lumine

2109 2845 2347 2911 orbatis,
2376 2845 2568 2899 visum
2599 2843 2886 2911 restituit;
2923 2844 3168 2899 nexibus
3200 2843 3400 2900 ferreis
3453 2843 3764 2900 mulierem

2107 2933 2167 2988 in
2201 2949 2431 2988 carcere
2469 2932 2884 3004 compeditam,
2919 2931 3107 3004 ruptis
3155 2931 3427 2996 vinculis,
3459 2931 3763 3000 liberavit;

2111 3021 2497 3094 paralyticum
2547 3019 2803 3087 curavit;
2838 3026 3168 3076 matronam
3215 3019 3493 3089 nobilem,
3527 3021 3628 3075 sed
3659 3037 3766 3075 cae-

357 3124 423 3162 ac
455 3107 566 3164 sibi
609 3107 742 3180 ipsi,
777 3109 930 3180 quod
982 3109 1142 3175 utile,
1176 3112 1331 3182 quod
1380 3111 1714 3180 honestum,
1748 3111 1910 3183 pium
1941 3117 2000 3166 et
2030 3096 2072 3160 Cu
2111 3128 2262 3177 eam,
2297 3109 2679 3176 illuminavit;
2711 3107 2916 3181 viginti
2959 3109 3220 3180 quinque
3267 3107 3537 3164 homines
3583 3107 3762 3164 variis

356 3202 625 3252 sanctum
657 3203 832 3264 esset,
864 3200 1126 3255 modesto
1157 3203 1213 3256 et
1241 3199 1450 3255 humili
1481 3217 1746 3256 sermone
1792 3218 1998 3272 propo-

355 3284 552 3339 nebat.
585 3285 740 3340 Vixit
783 3285 872 3340 vir
920 3286 1126 3342 beatus
1185 3305 1371 3360 usque
1419 3289 1489 3343 ad
1531 3289 1660 3343 vita:
1690 3289 1908 3344 exitum
1938 3288 1998 3343 in

354 3389 489 3427 vera
516 3373 918 3430 observatione
949 3376 1359 3431 mandatorum
1390 3377 1512 3442 Dei,
1545 3378 1703 3432 omni
1736 3377 2003 3436 custodia

356 3477 594 3516 servans
616 3479 715 3516 cor
736 3479 910 3518 suum
933 3463 991 3518 in
1013 3464 1171 3520 omni
1196 3465 1490 3520 munditia
1509 3470 1566 3521 et
1584 3465 1874 3538 spirituali
1899 3483 2001 3538 pu-

357 3547 846 3614 ritate,catholica2
879 3555 938 3606 et
967 3552 1296 3623 apostolicae
1326 3553 1600 3609 doctrinae
1629 3558 1828 3610 custos
1851 3553 2000 3609 inte-

355 3651 475 3708 ger,
511 3636 765 3692 ﬁliorum
797 3638 1182 3710 spiritualiter
1210 3647 1682 3714 regeneratorum
1705 3641 1762 3697 in
1788 3646 2001 3697 sancta;

356 3726 814 3782 conversationis
839 3728 1036 3784 studio
1069 3729 1329 3785 eruditor
1353 3729 1592 3803 pervigil
1624 3735 1681 3786 et
1701 3729 2000 3803 magister.

358 3812 754 3870 Humilitatem
776 3819 833 3870 et
854 3817 1367 3874 mansuetudinem
1395 3822 1725 3874 accuratius
1749 3819 2004 3874 sectaba-

356 3905 472 3957 tur.
505 3901 765 3975 Denique
795 3921 997 3976 pacem
1027 3909 1085 3961 et
1115 3906 1566 3962 sanctimoniam
1599 3907 2002 3979 sequens,fon-

357 3994 476 4045 tem
506 3989 633 4046 vitae
663 3996 722 4047 et
751 3994 1117 4065 sempiternae
1148 3993 1532 4051 beatitudinis
1553 3995 2004 4067 sitiebat.Atque

358 4077 439 4132 ita
461 4078 704 4135 feliciter
725 4080 999 4154 migravit
1019 4083 1091 4138 ab
1113 4083 1222 4138 hoc
1239 4083 1450 4139 saeculo
1473 4085 1540 4138 ad
1567 4084 1822 4139 sidereas
1844 4101 2003 4138 man-

359 4167 554 4223 siones
583 4173 742 4224 sexto
773 4169 968 4227 Nonas
997 4169 1158 4238 Julii,
1179 4188 1332 4228 anno
1363 4171 1571 4228 salutis
1601 4171 2006 4244 octingentesi-

360 4271 456 4310 mo
487 4257 847 4329 sexagesimo
879 4259 1133 4314 secundo
1163 4261 1297 4328 (47).
1321 4259 1512 4314 Jussit
1540 4275 1672 4314 vero
1705 4275 1819 4314 non
1853 4259 2004 4313 intra

359 4343 801 4412 ecclesiam,sed
830 4351 994 4403 extra
1022 4349 1151 4419 ejus
1181 4353 1364 4420 septa,
1397 4347 1636 4420 indigno
1667 4352 1724 4402 et
1748 4347 1846 4402 vili
1880 4345 2004 4402 loco

361 4449 423 4488 se
453 4432 733 4489 tumulari
764 4436 898 4507 (48).

433 4523 484 4576 4.
520 4522 655 4579 Post
674 4523 895 4580 obitum
922 4542 1097 4581 suum
1117 4523 1318 4581 multis
1339 4524 1665 4581 coruscavit
1683 4523 2000 4581 miraculis.

361 4609 518 4665 Inter
571 4628 698 4683 qua:
757 4615 1031 4686 apparuit
1078 4614 1309 4669 cuidam
1357 4613 1479 4668 viro
1512 4614 1645 4682 (49),
1677 4611 2005 4668 incredibili

361 4699 758 4756 membrorum
791 4702 1057 4758 omnium
1091 4701 1430 4757 infirmitate
1461 4701 1769 4770 laboranti,
1803 4702 2004 4758 admo-

362 4805 528 4853 nens,
564 4794 630 4846 ut
667 4791 1102 4848 Ethelwoldum
1146 4791 1616 4846 Wintoniensem
1664 4793 2005 4865 episcopum

361 4875 568 4943 adiret,
600 4877 931 4950 diceretque
959 4879 1010 4934 ei
1042 4877 1248 4935 divinae
1277 4878 1649 4952 providentia;
1689 4879 1770 4935 ita
1814 4880 2006 4936 visum

363 4971 429 5020 ut
483 4982 695 5038 corpus
753 4966 1004 5039 ipsiusa
1035 4967 1180 5033 loco,
1214 4968 1271 5023 in
1331 4985 1447 5040 quo
1501 4969 1804 5024 conditum
1860 4974 2004 5040 erat,

363 5054 685 5119 sublatum,
720 5055 874 5110 intra
917 5055 1222 5112 ecclesiam
1274 5056 1524 5130 digniori
1569 5057 1692 5113 loco
1721 5057 2005 5114 honoriﬁ-

362 5145 591 5201 centius
644 5143 989 5200 tumuletur.
1026 5145 1084 5200 Si
1115 5145 1344 5202 difﬁdat
1373 5151 1431 5202 et
1459 5146 1706 5214 haesitet,
1739 5147 2006 5203 testimo—

364 5232 445 5286 nii
503 5231 628 5288 loco
685 5232 1025 5288 habiturum
1085 5235 1416 5303 sanitatem,
1467 5252 1666 5307 quam,
1700 5236 2006 5308 proﬂigato

434 5357 549 5425 (47)
579 5360 812 5430 Annum
863 5355 1021 5430 hunc
1079 5374 1186 5414 nos
1247 5357 1602 5430 signandum
1662 5357 1918 5414 diximus
1947 5357 2008 5413 in

363 5428 783 5552 tcommentario
814 5428 1023 5502 previo
1054 5427 1329 5497 num.28,
1339 5427 1534 5501 potius
1561 5446 1740 5501 quam
1769 5447 2012 5502 sequen-

389 5514 504 5552 em.

389 5514 504 5552 em.

2105 3205 2338 3256 vexatos
2370 3199 2610 3264 morbis,
2643 3197 2744 3270 qni
2771 3215 2803 3253 e
2833 3197 2976 3254 locis
3015 3197 3261 3253 diversis
3310 3202 3604 3266 venerant,
3640 3214 3759 3252 uno

2107 3288 2200 3344 die
2223 3289 2471 3360 perfecte
2493 3286 2780 3354 restituit;
2807 3303 2988 3341 caecos
3010 3285 3406 3358 aliquot,duas
3428 3291 3759 3342 contractas

2109 3377 2358 3432 feminas
2392 3376 2543 3430 intra
2573 3391 2757 3430 unum
2780 3374 2971 3442 diem;
2997 3373 3239 3446 triginta
3261 3380 3317 3430 et
3338 3392 3436 3430 sex
3457 3391 3487 3429 e
3512 3373 3759 3430 diversis

2107 3463 2252 3521 locis
2281 3462 2595 3530 venientes,
2630 3478 2736 3517 nec
2766 3462 2942 3518 unius
2972 3463 3204 3534 generis
3235 3461 3567 3518 laborantes
3595 3459 3762 3534 sigri-

2109 3554 2440 3624 tudinibus,
2471 3552 2650 3607 trium
2692 3551 2920 3608 dierum
2971 3552 3182 3624 spatio,
3216 3569 3404 3624 neque
3451 3550 3553 3606 diu
3602 3554 3754 3622 post,

2108 3629 2345 3700 centum
2375 3640 2583 3713 viginti
2633 3643 2904 3712 quatuor,
2938 3639 3094 3696 intra
3141 3639 3265 3696 dies
3311 3638 3757 3712 quatuordecim

2110 3732 2354 3788 curavit.

2179 3818 2234 3872 6.
2267 3817 2387 3872 Rex
2415 3815 2754 3888 Edegardus
2783 3814 2856 3870 ob
2888 3815 3206 3871 coercenda
3237 3815 3393 3870 furta
3422 3813 3548 3888 lege
3569 3812 3764 3869 sanxit

2111 3910 2176 3960 ut
2201 3904 2260 3959 in
2291 3905 2442 3959 furto
2473 3901 2872 3974 deprehensus
2897 3900 3084 3957 oculis
3113 3901 3458 3975 privaretur,
3494 3900 3760 3966 auribus,

2112 3992 2388 4050 manibus
2417 3991 2781 4064 pedibusque
2809 3989 3094 4063 praecisis,
3117 3995 3250 4047 cute
3281 3989 3489 4063 capitis
3521 3991 3768 4045 nudare-

2111 4089 2228 4148 tur,
2262 4081 2462 4153 sicque
2493 4079 2632 4136 feris
2677 4085 2734 4136 et
2784 4079 2990 4136 avibus
3042 4078 3356 4134 laniandus
3388 4079 3762 4150 objiceretur.

2110 4170 2337 4228 Accidit
2365 4186 2496 4226 vero
2527 4169 2898 4225 innocentem
2929 4169 3245 4240 quemdam
3275 4185 3344 4223 ea
3365 4185 3536 4240 poena
3557 4166 3767 4222 multa-

2111 4266 2260 4326 tum,
2297 4275 2442 4329 pene
2471 4258 2739 4314 amittere
2784 4256 3076 4323 auditum,
3112 4257 3429 4312 obstructis
3479 4255 3764 4329 sanguine

2114 4348 2347 4405 aurium
2369 4344 2930 4404 meatibus.Delatus
2951 4362 2985 4400 a
3001 4345 3340 4416 parentibus
3363 4345 3422 4399 in
3444 4343 3765 4401 oratorium

2035 4459 2082 4524 Β
2115 4439 2173 4494 S.
2204 4435 2597 4508 Swithuni,ut
2627 4433 2788 4490 solus
2815 4433 3053 4490 auditus
3083 4433 3137 4504 ei
3167 4433 3528 4500 redderetur,
3559 4447 3675 4486 non
3705 4431 3766 4486 id

2115 4526 2287 4582 modo
2328 4522 2684 4596 impetravit,
2717 4523 2818 4578 sed
2847 4522 3024 4578 etiam
3055 4521 3189 4588 alia,
3225 4539 3351 4594 quae
3386 4537 3501 4576 non
3531 4536 3765 4593 rogave-

2114 4620 2224 4670 rat.
2255 4612 2555 4669 Mulierem
2587 4611 2906 4684 quamdam
2938 4611 3322 4666 dermientem
3371 4608 3519 4665 ostio
3568 4612 3766 4680 aperto

2113 4703 2176 4758 in
2205 4701 2343 4759 villa
2371 4701 2622 4757 civitatis
2651 4699 3277 4772 Wintoniensis,lupus
3299 4716 3330 4754 e
3355 4697 3503 4754 lecto
3527 4698 3768 4769 abspor-

2116 4792 2258 4848 tavit
2288 4790 2349 4846 in
2371 4789 2664 4858 silvam,et
2688 4788 2979 4845 horrendo
3002 4788 3231 4844 ululatu
3252 4787 3398 4844 alios
3422 4788 3495 4843 ad
3517 4803 3579 4842 se
3599 4785 3771 4858 lupos

2115 4877 2556 4937 ascivit.Mulier
2585 4881 2642 4933 et
2669 4876 2866 4932 inedia
2895 4881 2954 4932 et
2983 4882 3148 4932 aetate
3179 4875 3410 4943 debilis,
3445 4874 3587 4948 quid
3619 4874 3771 4930 face-

2116 4973 2204 5024 ret
2227 4967 2553 5040 ignorabat.
2587 4965 2951 5022 Convertitnr
2993 4966 3065 5020 ad
3116 4981 3337 5037 preces,
3370 4965 3628 5019 divinam
3660 4962 3771 5018 im-

2114 5057 2306 5130 plorat
2333 5071 2526 5128 opem,
2560 5055 2620 5111 S.
2653 5054 3032 5112 Swithunum
3078 5053 3354 5127 appellat.
3390 5058 3612 5124 Lupus,
3644 5052 3772 5122 ejus

2114 5146 2314 5202 audito
2344 5143 2984 5212 nomine,obdormivit,
3019 5141 3233 5200 mulier
3264 5159 3325 5198 se
3353 5141 3642 5207 subdicit;
3675 5137 3773 5194 lu-

2115 5252 2228 5308 pus
2258 5233 2562 5308 evigilans,
2597 5249 2732 5289 cum
2764 5232 2940 5289 sociis
2968 5249 3097 5288 eam
3129 5231 3484 5302 insequitur,
3508 5230 3609 5286 sed
3642 5226 3768 5282 laedi

2187 5359 2300 5430 (48)
2331 5357 2506 5430 Plura
2537 5358 2592 5412 in
2627 5357 3082 5430 comm.praavio.

2187 5426 2300 5502 (49)
2322 5430 2413 5502 De
2442 5428 2552 5485 hoc
2581 5434 2639 5486 et
2681 5426 3065 5502 sequentibus
3128 5427 3433 5484 miraculis
3489 5426 3586 5482 adi
3646 5442 3773 5498 quae

2117 5499 2288 5556 infra
2304 5499 2624 5556 dabuntur.
