3960 6064
231 225 320 288 61

1579 229 1763 290 VITA
1815 230 1878 290 S.
1925 229 2345 291 SWITHUNI.
2987 245 2992 252 ·
3586 223 3666 284 62

235 377 365 418 non
399 330 606 434 potuit
632 378 812 435 quam
844 362 944 418 Dei
976 367 1036 419 et
1065 363 1216 420 beati
1248 363 1540 436 pontificis
1587 362 1914 419 misericor—
1939 370 1996 430 Α
2023 362 2164 430 illis,
2197 363 2294 435 qui
2326 379 2392 418 eo
2422 362 2482 417 in
2509 361 2634 418 loco
2665 377 2868 434 preces
2897 361 3227 426 funderent,
3262 359 3474 432 stipem
3513 357 3664 414 acci-

237 450 342 505 dia
369 449 748 506 liberandam
779 457 1138 524 susceperat.

309 541 367 593 7.
406 539 682 594 Statuam
743 542 1064 612 quamdam
1126 541 1185 596 S.
1238 539 1536 596 Switbuni
1599 541 1910 612 episcopus

233 625 779 684 Scbireburnensis
810 647 844 684 a
876 630 1154 684 fratribus
1187 629 1557 701 acquisitam,
1593 629 1909 684 honorifice

231 713 296 768 in
337 715 603 771 ecclesia
649 735 756 773 sua
797 717 1118 780 collocavit,
1152 717 1251 772 ubi
1303 717 1581 789 przeclara
1625 717 1910 773 miracula

229 805 452 860 crebro
483 807 581 861 edi
613 807 896 863 solebant.
932 808 1012 862 Ad
1044 808 1192 863 hanc
1245 813 1503 863 statuam
1552 808 1794 880 quidam
1828 807 1906 863 lc-

230 909 460 964 prosus
491 913 606 951 non
636 897 957 954 curationis
993 897 1323 954 obtinenda:
1374 915 1572 968 causa,
1605 898 1706 954 sed
1742 901 1805 952 ut
1836 898 1906 953 ab

2019 455 2198 524 peret,
2219 450 2486 506 accessit.
2510 451 2771 523 Cumque
2800 449 3103 522 paululum
3135 447 3255 503 illic
3287 446 3667 503 obdormivis-

2019 546 2124 608 set,
2157 541 2348 596 visum
2383 545 2470 596 est
2499 540 2549 596 ei
2583 541 2640 596 S.
2677 539 3051 596 Switbunum
3083 539 3308 605 adesse,
3343 535 3666 607 lepramip.

2020 630 2143 686 sius
2174 647 2350 684 manu
2399 630 2753 700 abstergere,
2785 634 2841 684 et
2890 628 3161 682 morbum
3209 625 3377 681 illum
3429 641 3663 680 omnem

2018 724 2254 790 repente
2287 720 2359 773 ab
2391 719 2518 790 ipso
2563 719 2869 790 depellere.
2905 715 3216 789 Evigilans,
3251 715 3418 769 laatus
3467 729 3663 767 coram

2019 807 2294 863 omnibus
2325 807 2627 881 cingulum
2662 805 2854 872 solvit,
2877 810 2932 861 et
2957 823 3018 860 se
3039 808 3357 877 purgatum
3388 802 3659 858 ostendit.

874 1241 1653 1376 HISTORIA
1757 1239 3057 1373 TRANSLATIONIS

1438 1473 1573 1564 ΕΤ
1633 1467 2499 1556 MIRACULORUM

746 1642 1021 1699 Auctore
1063 1643 1134 1699 ut
1177 1639 1426 1700 videtur
1465 1639 1811 1700 Lantiﬁedo
1858 1637 1978 1718 (50)
2014 1638 2326 1698 monacho
2355 1636 2773 1698 Wintoniensi
2816 1636 2878 1696 in
2923 1634 3150 1714 Anglia

1401 1794 1508 1856 Ex
1553 1795 1961 1876 anquz’tz‘ssz‘mo
2008 1813 2114 1853 ms.
2175 1793 2514 1874 Bz'golzano.

789 2085 1020 2142 CAPUT
1059 2086 1371 2142 PRIMUM.

238 2173 296 2228 S.
354 2173 645 2230 Swilhuni
699 2191 891 2247 corpus
941 2175 1213 2303 divinitus
1271 2185 1557 2246 ostensum,
1618 2194 1682 2233 ac
1735 2178 1908 2232 mira-

1012 2265 1157 2303 cava.

1012 2265 1157 2303 cum.

313 2352 367 2405 Ι.
403 2351 801 2423 Temporibus
833 2353 1152 2408 felicissimi
1198 2353 1441 2427 Fabgari
1472 2355 1766 2427 (Eadgari)
1797 2358 1910 2428 (51)

241 2439 403 2511 regis
433 2439 758 2513 Anglorum
791 2459 856 2497 ac
879 2442 1286 2515 gloriosissimi
1309 2444 1491 2498 totius
1512 2444 1772 2499 Albionis
1797 2443 1909 2514 (52)

242 2527 454 2584 insulae
489 2530 881 2602 imperatoris,
915 2549 1069 2587 anno
1103 2533 1528 2588 Incarnationis
1556 2533 1781 2588 Domini
1813 2551 1912 2589 no-

243 2615 352 2669 stri
388 2633 457 2670 ac
490 2616 809 2674 Salvatoris
855 2619 1061 2673 mundi
1111 2617 1250 2675 Jésu
1303 2621 1516 2676 Christi
1564 2622 1689 2688 97-1,
1725 2621 1908 2676 indic-

245 2702 412 2758 tione
440 2705 974 2776 x1v,cunctipotens
1009 2707 1202 2762 Deitas
1235 2709 1475 2780 dignata
1497 2714 1585 2764 est
1605 2711 1909 2765 ostendere

244 2791 454 2864 Anglis
488 2795 601 2864 (53)
635 2795 963 2850 Saxonibus
995 2801 1265 2852 sanctum
1313 2813 1524 2869 corpus
1575 2798 1725 2853 beati
1757 2800 1907 2854 Swi-

245 2880 420 2935 thuni
453 2881 760 2950 antistitis,
794 2900 898 2955 per
945 2885 1115 2955 cujus
1159 2884 1367 2940 merita
1414 2886 1904 2960 tot'languentes,

247 2969 366 3025 Deo
401 2969 655 3038 favente,
685 2970 944 3042 pristina:
987 2973 1223 3028 sanitati
1275 2977 1414 3028 sunt
1456 2974 1734 3041 restituti,
1767 2983 1909 3048 quot

247 3074 425 3113 nemo
459 3057 660 3114 vivens
693 3076 953 3131 unquam
987 3077 1092 3116 nec
1138 3061 1410 3132 vulgante
1458 3063 1613 3118 fama
1662 3064 1904 3132 audivit,

249 3164 355 3202 nec
386 3164 671 3218 corporeo
709 3149 834 3204 visu
887 3149 1205 3222 conspexit,
1241 3168 1346 3206 nec
1392 3151 1636 3224 legendo
1685 3152 1904 3220 didicit,

250 3236 323 3290 ad
351 3236 544 3291 sancti
577 3236 829 3308 alicujus
858 3238 1153 3293 tumulum
1202 3244 1434 3295 curatos
1486 3240 1684 3295 fuisse.
1719 3242 1906 3313 Hujus

247 3332 449 3386 tamen
479 3327 771 3382 mirabilis
803 3328 1067 3401 praesulis
1097 3329 1233 3396 vita,
1259 3333 1315 3384 et
1337 3329 1528 3402 prisca
1549 3333 1907 3388 conversatio

249 3416 422 3470 nobis
441 3415 744 3488 incognita
761 3417 1065 3490 sunt,quia
1081 3419 1300 3490 scripta
1317 3417 1557 3474 minime
1573 3419 1865 3475 habentur
1888 3439 1900 3489 ;
1935 3455 1977 3521 C

248 3505 350 3559 sed
383 3503 701 3560 clementia
745 3506 1159 3578 omnipotentis
1211 3507 1304 3562 Dei
1341 3508 1548 3574 merita
1577 3509 1704 3578 ejus
1735 3509 1906 3563 mira-

247 3593 400 3648 culis
432 3595 905 3659 coruscantibus,
937 3594 1372 3652 evidentissime
1413 3597 1786 3652 manifestare
1818 3597 1903 3652 di-

248 3686 430 3752 gnata
461 3687 571 3736 est.

316 3773 371 3824 2.
397 3769 681 3825 Triennio
702 3770 882 3843 igitur
903 3776 1215 3844 antequam
1246 3778 1458 3828 sanctae
1483 3775 1742 3845 praedicti
1767 3792 1906 3846 prae-

245 3857 397 3914 sulis
417 3858 640 3913 exuvias
658 3859 728 3914 de
746 3858 1186 3932 mausoleo,quo
1207 3860 1348 3916 olim
1376 3862 1604 3917 fuerant
1625 3863 1903 3927 humata,

247 3962 282 4000 a
303 3946 798 4002 reverendissimo
827 3948 1092 4018 ejusdem
1117 3948 1226 4003 loci
1251 3949 1516 4004 antistite
1534 3949 1903 4007 Athelwoldo

250 4035 654 4106 fratribusque
683 4036 811 4106 ejus
840 4041 1038 4091 essent
1067 4036 1610 4108 sublatae,apparuit
1630 4039 1755 4110 ipse
1777 4057 1906 4094 san-

249 4128 378 4177 ctus
410 4121 472 4176 in
506 4139 713 4178 somno
745 4125 976 4178 cuidam
1009 4125 1262 4180 veridico
1294 4126 1747 4200 l'abro,angelica
1768 4146 1906 4200 pra":-

251 4211 446 4266 clarus
473 4211 685 4284 efﬁgie,
719 4211 918 4268 dicens
948 4214 1019 4268 ad
1063 4229 1198 4268 eum
1234 4230 1247 4268 :
1283 4214 1558 4286 Nunquid
1609 4216 1680 4270 ad
1733 4214 1902 4271 illum

251 4300 526 4371 agnoscis
559 4300 1032 4373 canonicum,qui
1058 4319 1191 4357 cum
1224 4303 1436 4358 ceteris
1468 4320 1638 4374 prave
1666 4305 1904 4360 viventi-

249 4389 360 4444 bus
393 4407 585 4460 nuper
614 4407 648 4445 a
676 4395 903 4446 vetusto
933 4393 1048 4460 (54)
1073 4392 1350 4464 expulsus
1379 4397 1468 4448 est
1507 4395 1903 4450 monasterio?

249 4477 321 4532 Ut
351 4495 489 4532 eum
521 4494 905 4551 recognoscas
935 4479 1506 4552 dilucide,Eadsinus
1527 4487 1904 4555 nuncupatur

245 4565 572 4622 vocamine.
605 4568 790 4622 Faber
817 4569 1122 4640 respondit
1155 4587 1168 4624 :
1204 4571 1508 4635 Quondam
1543 4570 1709 4625 illum
1744 4572 1896 4638 novi,

245 4655 436 4720 Pater,
471 4656 645 4710 modo
674 4660 868 4711 tamen
903 4658 1098 4712 nescio
1129 4657 1229 4712 ubi
1260 4663 1366 4714 est.
1401 4659 1500 4713 Cui
1536 4660 1745 4729 praesul
1779 4661 1897 4715 ait:

245 4743 414 4798 Nunc
461 4743 906 4801 Wincelcumbe
937 4747 1051 4814 (55)
1076 4745 1253 4820 degit.
1287 4748 1356 4802 Et
1400 4749 1613 4820 adjecit
1643 4767 1660 4803 :
1693 4750 1809 4822 Ego
1839 4755 1896 4806 te

313 4885 431 4955 (50)
465 4889 527 4940 In
572 4888 990 4944 commentario
1041 4889 1252 4962 prmvio
1301 4889 1606 4963 attigimus
1653 4907 1720 4946 ea
1771 4907 1898 4962 quas

246 4957 360 5012 huc
393 4963 679 5028 spectant.

316 5027 615 5100 (SilAlibi
637 5030 880 5100 Edgarm
913 5029 1206 5086 scribitur.
1223 5030 1494 5086 Alfordus
1523 5036 1722 5087 noster
1751 5037 1892 5090 tom.

250 5099 458 5180 Annal.
495 5099 762 5180 Ecclesia:
785 5101 1112 5180 Apglicana:
1139 5102 1390 5180 natalem
1409 5103 1724 5180 ejusponit
1745 5121 1896 5180 anno

247 5171 374 5246 953,
409 5187 475 5246 ei;
507 5171 975 5246 antiquioribus;
1011 5177 1257 5246 mortem
1293 5171 1449 5228 anno
1473 5171 1600 5240 975,
1626 5175 1722 5246 qui
1748 5178 1896 5232 etde

251 5241 347 5296 illo
380 5241 501 5313 agit
527 5241 684 5297 temo
713 5243 888 5299 citato
918 5243 1062 5299 locis
1091 5243 1288 5300 variis.

317 5315 430 5436 ‘52)
465 5313 524 5367 Id
557 5318 668 5373 est.
704 5317 1033 5372 Britannia.
1064 5315 1391 5371 Aristotelis
1419 5315 1706 5388 interpres
1737 5320 1892 5390 apud

249 5383 320 5438 Cc
345 5383 558 5438 iarium
590 5383 689 5438 lib.
727 5402 783 5438 ιιι
817 5385 1194 5438 ϐρορτοῡιιὶω
1224 5386 1488 5438 Antiquae
1519 5404 1646 5438 ean.
1680 5390 1732 5438 4.
1758 5407 1889 5438 una-

249 5385 558 5462 Celiarium
590 5385 689 5440 lib.
727 5402 783 5440 ιιι
817 5385 1194 5459 Geographia:
1224 5386 1488 5458 Antiquae
1519 5385 1646 5457 cap.
1680 5390 1732 5451 4,
1757 5385 1889 5462 pag.

248 5458 368 5540 est),
430 5454 576 5536 dixit
628 5457 849 5540 ‘Albz'onh
876 5463 934 5540 et
991 5461 1175 5525 Jerna,
1231 5458 1287 5540 id
1346 5463 1433 5513 est
1456 5459 1780 5540 “Britannia
1811 5466 1892 5540 et

248 5528 529 5594 Hibernia,
580 5532 647 5582 ut
704 5529 1010 5584 conficitur
1059 5547 1128 5584 ex
1184 5530 1386 5584 eodem
1447 5529 1689 5585 Cellario
1747 5531 1884 5587 ibid.

1937 2088 1986 2153 B
2018 2087 2408 2161 rogo,tibique
2438 2088 2494 2144 in
2529 2087 2765 2144 nomine
2797 2086 3009 2143 Christi
3031 2083 3300 2159 praecipio
3318 2089 3382 2140 ut
3401 2085 3472 2140 ad
3495 2081 3662 2139 illum

2019 2194 2260 2249 propere
2293 2195 2520 2251 pergas,
2560 2195 2802 2250 meaque
2826 2179 2998 2248 jussa
3027 2174 3109 2230 illi
3141 2175 3302 2230 dicas
3334 2190 3347 2230 :
3384 2173 3502 2230 Hoc
3531 2172 3660 2238 tibi,

2019 2264 2289 2332 Eadsine,
2325 2267 2535 2338 prazsul
2577 2267 2817 2322 mandat
2865 2265 3236 2334 Swithunus,
3269 2267 3559 2336 quatenus
3591 2263 3662 2317 ad

2021 2355 2480 2410 Wintoniensem
2495 2356 2837 2411 festinanter
2849 2371 3054 2427 pergas
3066 2353 3664 2423 civitatem,dicasque

2019 2443 2285 2508 antistiti,
2311 2445 2410 2516 qui
2440 2446 2609 2500 modo
2640 2445 2874 2499 tandem
2908 2443 3054 2516 regit
3085 2441 3501 2509 dimcesim,cui
3523 2439 3661 2496 olim

2018 2533 2243 2604 prmfui,
2277 2538 2341 2588 ut
2373 2550 2583 2605 corpus
2615 2550 2810 2588 meum
2851 2532 2921 2588 de
2967 2530 3233 2603 sepulcro
3282 2530 3481 2600 elevet,
3515 2533 3573 2584 et
3601 2527 3660 2583 in

2017 2621 2262 2676 ecclesia
2291 2621 2551 2688 collocet,
2587 2621 2866 2693 quoniam
2915 2621 3153 2692 quidem
3203 2619 3431 2675 caelitus
3461 2617 3542 2672 illi
3575 2621 3665 2673 est

2018 2726 2362 2765 concessum
2395 2711 2546 2782 quod
2582 2715 2840 2782 tempore
2869 2727 2974 2765 suo
3007 2708 3474 2765 manifestandus
3505 2724 3659 2764 sum.

2087 2800 2141 2854 3.
2179 2799 2362 2854 Faber
2405 2815 2538 2853 vero
2590 2799 2672 2854 ait
2717 2799 2789 2854 ad
2839 2802 3110 2854 sanctum
3141 2815 3154 2854 :
3190 2797 3455 2864 Domine,
3501 2795 3662 2852 nullo

2018 2888 2190 2942 modo
2223 2887 2466 2942 voluerit
2485 2887 2595 2942 mei
2614 2888 2844 2943 credere
2861 2887 3159 2943 dictis.Vir
3175 2891 3416 2942 sanctus
3437 2883 3658 2958 inquit:

2016 2976 2090 3031 Ut
2122 2977 2239 3031 tuis
2271 2977 2470 3032 credat
2493 2975 2984 3044 sermonibus,dic
3005 2975 3154 3044 ei,ad
3183 2991 3381 3030 meum
3403 2991 3516 3046 quo
3541 2990 3664 3046 per-

2016 3070 2115 3138 gat
2144 3065 2529 3131 tumulum,et
2557 3066 2752 3120 trahat
2781 3082 2966 3120 unum
2993 3063 3300 3128 annulum,
3334 3079 3402 3117 ex
3431 3061 3525 3118 his
3557 3066 3663 3117 ter-

2017 3155 2109 3209 nis
2151 3155 2249 3224 qui
2300 3160 2439 3209 sunt
2486 3155 2580 3208 {ixi
2635 3154 2746 3208 mei
2801 3151 3142 3224 cooperculo
3201 3149 3661 3223 sarcophagi..Si

2016 3244 2322 3298 confestim
2365 3245 2714 3298 subsecutus
2763 3243 2936 3298 fuerit
2983 3240 3170 3308 illum,
3204 3239 3312 3294 hoc
3343 3238 3421 3294 sit
3449 3239 3500 3294 ei
3533 3255 3661 3294 vere

2018 3333 2418 3398 manifestum,
2447 3332 2724 3404 quoniam
2755 3334 2810 3386 te
2844 3329 2977 3386 misi
3009 3329 3080 3384 ad
3110 3329 3299 3384 illum.
3332 3326 3434 3383 Sin
3465 3329 3660 3382 autem

2015 3422 2182 3476 illum
2203 3421 2443 3477 minime
2461 3420 2596 3475 hinc
2613 3419 2826 3492 poterit
2841 3419 3246 3492 evellere,tunc
3265 3416 3426 3472 nulla
3441 3415 3662 3472 ratione

2015 3511 2119 3565 tibi
2153 3511 2320 3565 debet
2351 3509 2780 3574 credere,Potes
2809 3507 3018 3563 deinde
3047 3506 3130 3561 illi
3153 3505 3554 3561 indubitanter
3573 3521 3661 3560 re-

2015 3599 2160 3653 ferre
2191 3599 2344 3670 quod
2371 3599 2419 3654 si
2451 3593 2759 3668 utriusque
2779 3597 2906 3651 vitae
2931 3596 3223 3651 desiderat
3245 3592 3460 3666 perfrui
3482 3591 3663 3666 sospi-

2011 3686 2327 3752 tate,debet
2360 3703 2551 3741 mores
2581 3689 2638 3740 ct
2665 3691 2832 3740 actus
2864 3687 3226 3739 commutare
3249 3682 3309 3738 in
3342 3681 3572 3748 melius,
3605 3685 3663 3737 et

2013 3776 2086 3831 ad
2117 3775 2368 3830 cmlestis
2394 3775 2596 3847 patriae
2628 3773 3051 3830 beatitudinem
3103 3772 3466 3827 incessanter
3495 3769 3660 3826 festi-

2013 3881 2169 3919 nare.
2205 3865 2354 3928 Quin
2386 3863 2559 3918 etiam
2583 3862 2859 3919 omnibus
2877 3860 3248 3916 vaticinando
3271 3859 3483 3932 prodas
3504 3858 3659 3930 quod

2013 3969 2147 4006 mox
2189 3955 2257 4006 ut
2311 3967 2502 4005 meam
2563 3947 2897 4021 aperuerint
2955 3947 3340 4019 sepulturam,
3373 3945 3662 4018 reperient

2010 4041 2318 4096 thesauros
2349 4045 2467 4093 tam
2500 4037 2962 4102 inaestimabiles,
2994 4042 3234 4107 tamque
3281 4035 3568 4106 pretiosos
3596 4037 3662 4088 ut

2013 4128 2296 4202 quidquid
2348 4144 2599 4199 usquam
2645 4131 2736 4182 est
2766 4126 2892 4181 auri
2923 4130 2980 4180 et
3009 4141 3397 4198 gemmarum,
3424 4121 3662 4178 vileseet

2011 4219 2068 4273 in
2092 4216 2524 4289 comparatione
2545 4214 3105 4284 horum.Postquam
3128 4211 3268 4266 talia
3290 4211 3450 4266 fabro
3472 4208 3660 4264 edicta

2011 4310 2254 4362 sanctus
2283 4308 2442 4358 vates
2473 4302 2916 4368 tradidit,ccelos
2948 4299 3306 4356 subvolando
3338 4297 3524 4370 petiit.
3557 4296 3661 4352 Ve-

2011 4413 2140 4450 rum
2167 4394 2327 4449 faber
2348 4392 2663 4464 ille,primo
2686 4396 2952 4448 metuens
2976 4390 3154 4445 videri
3178 4385 3658 4450 falsidicus,banc

2006 4483 2290 4539 visionem
2323 4498 2566 4554 prorsus
2599 4479 2817 4536 nemini
2843 4496 3024 4534 ausus
3046 4482 3136 4533 est
3156 4475 3346 4549 prima
3367 4475 3492 4530 vice
3513 4473 3661 4529 indi-

2009 4589 2140 4628 care
2168 4571 2404 4627 viventi.

2079 4663 2129 4716 4.
2165 4663 2271 4726 Qui
2305 4659 2562 4715 secundo
2611 4655 3005 4713 commonitus
3049 4670 3114 4710 ac
3147 4653 3317 4708 tertio
3348 4652 3420 4708 ab
3451 4652 3654 4708 eodem

2009 4754 2212 4805 sancto
2243 4747 2490 4821 praesule
2520 4746 2730 4802 acriter
2771 4744 3106 4817 increpatur
3151 4758 3256 4797 cur
3305 4739 3482 4796 nollet
3530 4738 3657 4796 suis

2051 4907 2138 4945 δε.
2175 4892 2301 4944 254.

2009 4909 2301 5031 Ρεέᾔῑέιὶἑ
2333 4959 2676 5031 designatur
2702 4957 2798 5012 hic
2828 4955 3046 5031 Anglia:
3077 4972 3222 5031 pars
3245 4954 3453 5031 in‘qua
3495 4953 3656 5031 jacet

2005 5025 2326 5087 \Vintonia.
2355 5031 2432 5085 De
2457 5025 2775 5101 Anglorum
2805 5035 2861 5085 et
2892 5025 3185 5101 Siluanum
3210 5027 3268 5082 in
3293 5025 3653 5101 Britanniam

2007 5105 2255 5159 adventu
2288 5102 2408 5172 agit
2438 5097 2977 5157 Malmesburiensis
2995 5099 3096 5154 lib.
3115 5115 3131 5155 ι
3150 5099 3229 5154 De
3249 5097 3428 5172 gestis
3451 5113 3654 5168 regum

2005 5174 2599 5250 Anglorymiespai-
2747 5243 2761 5250 -
2839 5244 2848 5250 .
2960 5241 2972 5250 .
3053 5241 3064 5250 .
3422 5239 3455 5250 ..

2076 5241 2187 5317 ('54)
2221 5241 2706 5317 Dilucidationem
2747 5243 2940 5317 hujus
2960 5241 3068 5296 loci
3096 5257 3390 5317 quiereex
3420 5241 3492 5294 iis
3523 5254 3654 5309 qua:

2004 5311 2181 5373 dicta'
2216 5323 2354 5372 sunt
2404 5315 2463 5371 in
2514 5331 2727 5371 comm.
2771 5311 2981 5386 praevio
3031 5311 3142 5368 sub
3193 5311 3448 5377 initium,
3481 5326 3650 5365 num.

2003 5391 2092 5443 48.

2073 5461 2184 5530 (55)
2218 5460 2404 5530 Locus
2437 5458 2580 5530 mihi
2615 5457 3049 5530 incompertus,
3071 5453 3223 5530 quid
3251 5451 3300 5508 si
3332 5451 3505 5508 fuerit
3543 5467 3653 5522 pas

2001 5523 2112 5602 gus
2145 5529 2378 5602 aliquis,
2401 5529 2488 5584 vel
2519 5523 2864 5601 oppidulum
2898 5523 3262 5599 ignobilioris
3293 5530 3460 5581 notae.
