3960 6064
331 199 409 260 63
951 231 966 245 ο
1271 201 1679 261 GOSCELINI
1722 199 2350 288 CAN'l‘UARIENSlS
2395 199 2777 260 MONACHI.
3655 197 3744 260 64

332 329 567 387 obedire
592 303 1192 404 praeceptisTandem
1223 333 1470 389 accessit
1499 334 1572 389 ad
1603 333 1870 389 tumbam
1903 331 1981 388 al-
2009 331 2065 398 Α
2093 336 2387 404 queretur,
2419 331 2596 388 vicini
2629 330 2791 388 illius
2821 334 2880 388 et
2911 329 3140 404 cognati
3175 330 3248 387 ad
3279 328 3469 386 sancti
3497 328 3598 386 Dei
3646 333 3743 386 tu-

333 418 414 474 mi
446 419 759 491 pontiﬁcis,
793 438 976 475 unum
1010 437 1076 475 ex
1104 421 1455 493 supradictis
1488 423 1772 494 arripiens
1797 441 1978 478 annu-

333 507 481 576 lum,
513 507 615 563 tali
646 526 801 577 voce,
836 509 1044 581 inquit,
1072 511 1142 566 ad
1173 511 1486 566 Dominum
1535 517 1852 568 creatorem
1885 529 1978 568 re-

334 615 465 652 rum
500 613 513 652 z
549 598 791 654 Domine
832 599 1006 667 Deus,
1036 601 1316 656 universa
1366 602 1630 657 conditor
1678 607 1976 670 creatura,

335 687 583 743 concede
615 687 757 742 mihi
789 689 1097 759 peccatori,
1133 695 1196 744 ut
1227 691 1274 745 si
1307 695 1548 746 sanctus
1595 691 1722 757 iste,
1757 691 1856 762 qui
1887 691 1980 746 hic

335 775 583 847 quiescit
609 793 868 848 corpore,
901 783 988 832 ter
1016 781 1345 849 comparuit
1392 779 1537 834 meis
1587 780 1891 857 obtutibus
1920 781 1978 834 in

337 865 523 919 noctis
566 883 790 937 50pore,
827 865 962 921 hinc
987 867 1162 922 istam
1195 859 1414 939 possim
1449 870 1691 924 ferream
1742 869 1980 926 evellere

337 953 711 1025 sphaerulam,
733 955 886 1010 sicut
912 973 1096 1028 nuper
1125 957 1183 1011 in
1217 957 1428 1012 somnii
1459 958 1680 1013 visione
1711 958 1864 1014 idem
1897 959 1983 1014 vir

335 1041 438 1097 Dei
469 1042 612 1116 meis
644 1044 886 1098 auribus
916 1044 1144 1100 studuit
1192 1046 1508 1118 resignare.
1547 1047 1652 1113 Qui
1684 1047 1884 1104 statim
1918 1053 1984 1103 ut

335 1131 511 1186 traxit
541 1131 740 1187 orbem
770 1132 1052 1204 chalybis,
1085 1133 1167 1188 ita
1199 1135 1552 1191 subsecutus
1598 1142 1685 1192 est
1713 1137 1882 1193 illum
1915 1156 1983 1195 ex

335 1217 564 1292 lapidea
595 1220 744 1276 mole
778 1221 947 1293 quasi
981 1223 1125 1278 foret
1177 1224 1325 1279 ﬁxus
1373 1224 1432 1278 in
1483 1225 1708 1280 marino
1754 1227 1978 1284 sabulo.

337 1309 518 1372 Quem
549 1308 606 1363 in
641 1311 874 1381 propria
899 1328 1182 1383 reponens
1205 1311 1524 1380 rimula,ita
1545 1315 1695 1370 ﬁxus
1717 1333 1984 1388 perman-

337 1396 412 1452 sit
439 1397 743 1469 paululum
776 1416 1013 1470 pressus
1034 1401 1188 1458 calce
1219 1404 1284 1456 ut
1313 1408 1443 1473 post
1475 1402 1737 1460 hocinde
1757 1423 1984 1480 nequa-n

339 1503 515 1558 quam
548 1488 734 1560 possit
763 1487 930 1543 avelli
963 1506 997 1544 a
1026 1490 1274 1548 nemine.

407 1577 460 1631 5.
493 1577 708 1632 Eodem
739 1593 870 1632 vero
902 1577 1162 1646 die,dum
1197 1588 1530 1654 peragraret
1553 1585 1986 1658 forum,reperit

2088 421 2318 476 mulum
2349 439 2484 477 eum
2515 422 2930 494 perduxerunt,
2961 425 3017 475 et
3046 419 3210 474 illam
3242 424 3470 476 noctem
3495 419 3744 492 pervigi-

2089 511 2202 567 lem
2235 529 2368 567 cum
2401 511 2588 566 amico
2619 511 2929 583 languente
2961 509 3218 566 assiduis
3250 508 3613 564 orationibus
3644 526 3740 580 pe-

2089 605 2381 672 regerunt.
2420 600 2760 672 Languidus
2791 616 2922 654 vero
2957 616 3129 654 mane
3159 615 3476 670 oppressus
3507 614 3737 664 somno,

2089 689 2395 763 paululum
2427 688 2802 755 obdormivit,
2834 693 2891 743 et
2919 687 3112 743 visum
3143 692 3231 743 est
3263 685 3349 741 illi
3379 686 3548 758 quasi
3599 685 3741 757 qui-

2091 781 2226 834 dam
2260 780 2330 834 ad
2362 796 2497 834 eum
2529 777 3193 834 accederentetalterum
3208 776 3258 832 ei
3273 775 3738 832 calceamentum

2091 869 2160 923 de
2191 869 2333 940 pede
2365 868 2794 923 subtraherent.
2830 866 2936 932 Qui
2969 865 3167 922 statim
3199 883 3334 920 cum
3379 864 3584 920 amicis
3631 864 3738 919 do-

2093 976 2254 1013 mum
2307 975 2486 1013 sanus
2536 974 2803 1012 reversus
2851 961 2954 1011 est.
3009 954 3335 1010 Subtalaris
3380 959 3576 1008 tamen
3607 953 3738 1024 ejus

2092 1048 2344 1102 nimium
2376 1046 2657 1118 quaesitus
2684 1050 2810 1114 est;
2846 1046 2947 1100 sed
2981 1061 3275 1116 nusquam
3307 1048 3594 1114 repertus.
3623 1041 3738 1097 Cu-

2091 1137 2203 1192 rati
2236 1139 2375 1192 sunt
2406 1135 2504 1190 alii
2535 1139 2662 1190 octo
2687 1134 2908 1190 debiles
2927 1135 2994 1189 ad
3015 1132 3203 1190 sancti
3219 1131 3328 1188 viri
3345 1130 3736 1197 mausoleum,

2093 1230 2405 1298 antequam
2437 1242 2571 1281 ossa
2598 1225 2726 1294 ejus
2757 1224 2893 1280 inde
2923 1223 3307 1279 elevarentur.

2745 1330 2978 1385 CAPUT
3016 1331 3086 1385 II.

2391 1403 2643 1474 Corporis
2673 1403 2978 1466 translatio,
3014 1403 3129 1456 alia
3155 1399 3448 1456 miracula.

2161 1496 2216 1547 7.
2248 1493 2470 1558 Quibus
2496 1491 2808 1547 transactis
2839 1491 2974 1545 ldus
2991 1489 3165 1545 Juliis
3182 1487 3530 1544 venerabilis
3545 1485 3738 1544 Athel-

2093 1583 2328 1638 woldus
2360 1582 2670 1654 episcopus
2697 1596 2830 1635 cum
2864 1579 2994 1634 aliis
3025 1577 3406 1651 coepiscopis,
3426 1581 3484 1633 et
3515 1575 3740 1632 abbati-

340 1667 653 1737 quemdam
678 1665 1019 1723 clientulum
1044 1669 1300 1741 praedicti
1325 1669 1516 1727 clerici
1541 1673 1874 1730 Vintoniam
1895 1693 1984 1732 ve-
2015 1705 2063 1769 B
2097 1673 2227 1737 bus,
2260 1687 2394 1726 cum
2428 1669 2812 1742 pluribusque
2843 1667 3147 1724 monachis
3183 1671 3416 1723 sanctas
3433 1665 3736 1738 reliquias,

340 1755 596 1811 nientem
628 1774 806 1812 causa
836 1759 1174 1814 necessaria:
1207 1762 1723 1833 coemptionis.Cui
1755 1764 1986 1820 intima-

337 1844 418 1899 vit
445 1861 513 1901 ea
545 1863 670 1918 quae
703 1864 804 1919 per
833 1848 1063 1904 somnia
1081 1849 1386 1921 viderat,et
1409 1851 1712 1908 humiliter
1731 1871 1865 1909 eum
1889 1855 1988 1909 ﬂa-

339 1933 565 2006 gitabat
596 1939 660 1990 ut
689 1937 832 1991 talia
850 1953 956 1992 suo
979 1939 1217 1994 domino
1241 1945 1651 2008 narraret.Quo
1671 1947 1983 2014 postquam

340 2023 412 2078 ad
443 2023 740 2094 proprium
765 2026 1024 2097 pervenit
1044 2026 1252 2082 herum
1277 2045 1378 2100 per
1397 2028 1698 2103 longinqui
1722 2031 1988 2087 interval-

339 2111 462 2166 lum
491 2113 793 2184 temporis,
828 2113 988 2170 illius
1021 2117 1101 2170 rei
1134 2117 1444 2174 immemor
1475 2119 1656 2186 siluit,
1691 2122 1792 2176 sed
1825 2127 1982 2194 post-

340 2201 582 2256 modum
615 2201 955 2273 pcenitentia
985 2209 1179 2261 motus
1211 2207 1445 2264 domino
1478 2225 1583 2264 suo
1616 2215 1827 2266 cuncta
1858 2228 1982 2283 quae

340 2305 374 2343 a
403 2289 565 2344 fabro
593 2291 816 2346 audivit
847 2292 1155 2366 diligenter
1185 2297 1459 2352 narravit.
1494 2299 1599 2363 Qui
1642 2299 1886 2355 clericus
1917 2318 1984 2356 eo

340 2382 600 2452 tempore
631 2397 744 2435 non
778 2381 966 2437 solum
991 2384 1314 2441 antistitem
1339 2386 1756 2444 Wintoniensis
1777 2389 1983 2445 dicece-

341 2467 444 2534 sis,
477 2485 677 2524 verum
700 2470 874 2526 etiam
897 2477 1136 2529 cunctos
1160 2475 1365 2531 fratres
1385 2475 1603 2532 ibidem
1627 2494 1988 2534 commoran-

339 2561 428 2612 tes
450 2562 728 2628 pertaesos
750 2559 974 2617 habens
1002 2567 1234 2634 propter
1254 2564 1654 2636 expulsionem
1678 2569 1984 2624 canonico-

341 2662 494 2712 rum,
529 2648 798 2703 nefandis
830 2651 1093 2706 moribus
1125 2669 1190 2708 ac
1222 2653 1622 2725 spurcissimis
1671 2657 1982 2725 utentium,

343 2752 444 2808 pro
478 2735 692 2807 quibus
721 2739 1067 2794 venerabilis
1099 2740 1498 2798 Atbclwoldus
1530 2761 1628 2799 eos
1659 2763 1693 2799 a
1713 2745 1984 2816 przedicto

341 2824 641 2896 expulerat
669 2827 1148 2902 eoenobio,magis
1180 2847 1356 2902 quam
1387 2833 1573 2887 sancti
1607 2833 1792 2888 Patris
1815 2835 1987 2904 jussa

339 2911 584 2984 implere
607 2916 887 2983 studeret,
922 2918 1122 2974 audire
1153 2921 1577 2977 renuit.Postea
1606 2940 1740 2978 vero
1763 2923 1986 2996 expleto

341 3001 591 3058 duorum
640 3004 928 3061 curriculo
977 3024 1285 3076 annorum,
1318 3009 1544 3066 favente
1591 3013 1826 3084 superni
1872 3011 1984 3067 cle-

342 3089 562 3146 mentia
617 3091 963 3163 Conditoris,
999 3095 1100 3167 qui
1156 3100 1417 3166 cunctos,
1460 3115 1607 3170 quos
1664 3077 1877 3172 pressit
1924 3099 1982 3154 in
2015 3077 2058 3144 (ἶ

339 3178 570 3234 vineam
599 3179 964 3238 laboraturos
997 3184 1574 3260 Dominicam,gratis
1595 3189 1665 3244 ad
1694 3206 1863 3244 suam
1895 3189 1988 3244 de-

344 3267 506 3324 ducit
535 3270 820 3342 gratiam;
855 3271 1011 3328 idem
1034 3273 1280 3331 clericus
1313 3276 1410 3348 qui
1440 3295 1626 3349 nuper
1647 3279 1986 3346 erat,factus

343 3362 500 3414 est...
531 3361 878 3417 venerabilis
910 3363 1253 3420 monachus.
1288 3366 1434 3421 Nam
1467 3384 1571 3422 nos
1602 3367 1713 3440 ipsi
1748 3368 1826 3423 ita
1855 3384 1984 3439 ges-

343 3449 468 3501 tum
499 3447 775 3517 vidimus,
810 3453 1306 3522 quemadmodum
1340 3473 1594 3527 praesens
1627 3457 1990 3512 demonstrat

345 3535 1018 3596 codicillus.Benedictus
1050 3543 1420 3616 omnipotens
1453 3550 1624 3612 Deus,
1656 3547 1755 3618 qui
1787 3563 1985 3617 pecca-

344 3628 500 3680 tores
532 3625 832 3698 justiticat,
865 3629 962 3701 qui
995 3629 1054 3685 in
1086 3648 1147 3687 se
1177 3637 1476 3705 sperantes
1518 3633 1719 3706 salvat,
1755 3636 1855 3707 qui
1888 3653 1986 3690 su-

344 3714 554 3786 perbos
584 3715 984 3790 humiliat,qui
1015 3719 1266 3778 humiles
1295 3722 1544 3779 exaltat!

414 3805 468 3858 6.
507 3803 689 3876 Igitur
717 3805 951 3862 biennio
973 3813 1105 3865 ante
1127 3811 1276 3866 sacri
1296 3811 1686 3868 inventionem
1707 3814 1984 3887 corporis,

343 3891 679 3964 virquidam
695 3893 1124 3968 gibberosus,et
1137 3901 1676 3975 propteringentem
1699 3907 1987 3960 strumam

345 3980 509 4036 valde
532 3981 938 4057 incurvus,per
953 3987 1247 4044 somnium
1265 3991 1488 4046 audivit
1509 3997 1572 4047 ut
1588 3993 1988 4050 Winthoniam

345 4070 648 4140 veniret,et
678 4071 757 4128 ibi
787 4091 889 4146 per
920 4077 1106 4131 sancti
1138 4079 1412 4134 meritum
1446 4081 1992 4150 Swithuni,sanita-

347 4163 465 4214 tem
489 4161 788 4233 reciperet.
819 4164 924 4229 Qui
961 4183 1130 4222 mane
1175 4184 1554 4243 consurgens,
1589 4171 1740 4226 sicut
1788 4172 1987 4240 valuit,

346 4248 589 4320 gibbum
628 4251 879 4324 geminis
927 4257 1274 4312 sustentavit
1321 4260 1640 4315 camburtis
1665 4262 1798 4330 (56),
1833 4265 1889 4316 et
1920 4262 1990 4317 ad

347 4332 744 4395 Winthoniam
763 4344 1246 4418 pervenit,ibique
1259 4348 1355 4402 diu
1377 4349 1993 4422 mansitans,angelica

2093 1761 2416 1833 imperante
2446 1758 2699 1833 glorioso
2729 1775 2859 1830 rege
2891 1758 3150 1830 Fabgaro
3183 1754 3485 1829 (Eadgaro)
3517 1756 3588 1810 de
3617 1771 3738 1810 mo-

2093 1854 2373 1906 numento
2407 1848 2796 1912 sublevantes,
2818 1846 2879 1901 in
2901 1845 3143 1902 basilica
3164 1845 3560 1918 apostolorum
3583 1842 3741 1899 Petri

2092 1945 2148 1995 et
2178 1937 2339 1994 Pauli
2373 1955 2507 1994 cum
2531 1953 2745 2009 magna
2763 1935 3132 1991 veneratione
3154 1933 3602 1990 collocaverunt.
3627 1931 3740 1988 Ubi

2094 2028 2376 2084 beneﬁcia
2407 2029 2764 2100 praestantur
2791 2024 3065 2080 omnibus
3090 2040 3225 2080 vera
3245 2023 3358 2078 ﬁde
3377 2021 3736 2095 petentibus.

2095 2119 2300 2174 Postea
2329 2133 2462 2172 vero
2491 2119 2743 2188 quatuor
2773 2112 2908 2186 aegri
2941 2111 3230 2168 medelam
3265 2109 3616 2184 acceperunt
3661 2111 3739 2165 ad

2093 2208 2222 2279 ejus
2236 2204 2531 2263 tumulum
2547 2201 3026 2277 perintervallum
3041 2202 3222 2256 trium
3245 2201 3494 2257 dierum.
3519 2199 3742 2256 Deinde

2094 2314 2198 2370 per
2227 2296 2487 2369 quinque
2519 2293 2814 2349 mensium
2846 2292 3038 2364 spatia
3067 2308 3195 2347 raro
3226 2290 3338 2346 fuit
3367 2289 3562 2362 aliqua
3612 2289 3742 2345 dies

2094 2404 2211 2461 qua
2241 2405 2357 2442 non
2389 2381 3016 2455 sanarenturlanguidi
3041 2381 3112 2436 ad
3135 2379 3322 2453 ipsius
3345 2379 3530 2434 sancti
3553 2378 3740 2434 hono—

2095 2475 2308 2533 rabiles
2340 2473 2636 2547 reliquias.
2667 2473 2996 2544 Aliquando
3029 2473 3225 2526 autem
3257 2472 3397 2536 tres,
3421 2466 3740 2539 aliquando

2095 2567 2374 2640 quinque,
2410 2565 2582 2620 modo
2615 2567 2858 2635 septem,
2892 2560 3066 2616 modo
3098 2559 3316 2626 decem,
3346 2574 3502 2612 nunc
3519 2555 3740 2610 duode-

2095 2657 2230 2725 cim,
2261 2671 2418 2710 nunc
2445 2670 2579 2710 vero
2613 2650 2968 2725 quindecim.
2999 2647 3270 2703 Vidimus
3299 2663 3552 2718 namque
3583 2645 3743 2716 plus-

2096 2763 2272 2819 quam
2303 2745 2587 2799 ducentos
2616 2741 2676 2795 in
2709 2741 2908 2795 decem
2935 2737 3141 2793 diebus
3172 2739 3417 2809 aegrotos
3437 2752 3540 2807 per
3559 2733 3741 2790 meri-

2093 2840 2220 2890 tum
2253 2833 2439 2890 sancti
2471 2834 2722 2897 curatos,
2758 2833 2816 2884 et
2845 2826 2904 2882 in
2935 2825 3075 2882 anni
3105 2824 3342 2892 circulo,
3378 2823 3478 2896 qui
3537 2825 3743 2879 carent

2095 2923 2359 2982 numero.
2394 2923 2755 2993 Quapropter
2783 2915 3070 2972 increduli
3101 2915 3174 2970 ad
3207 2917 3476 2970 sanctum
3508 2911 3608 2968 Dei
3637 2927 3741 2967 ve-

2095 3013 2278 3079 niant,
2311 3017 2376 3067 ut
2405 3009 2688 3066 beneficia
2719 3004 3045 3063 Conditoris
3075 3006 3397 3078 agnoscant
3421 3005 3476 3058 et
3506 3001 3740 3058 Creato-

2095 3120 2217 3158 rem
2233 3100 2494 3157 laudent.

2164 3193 2216 3245 8.
2251 3190 2613 3262 Cognoscant
2642 3184 2894 3256 denique
2925 3181 3125 3239 ﬁdeles
3157 3179 3297 3253 quia
3327 3177 3612 3235 Dominus
3641 3194 3742 3233 no-

2095 3282 2214 3335 ster
2237 3279 2414 3334 Jesus
2445 3276 2731 3339 Christus,
2765 3273 2864 3329 Dei
2898 3269 3258 3345 unigenitus,
3293 3269 3394 3341 qui
3424 3267 3484 3322 in
3506 3267 3739 3322 exordio

2094 3368 2273 3440 hujus
2304 3366 2490 3422 aetatis
2521 3363 2745 3420 velatus
2777 3360 2995 3416 amictu
3019 3359 3212 3416 carnis
3233 3375 3335 3430 per
3355 3355 3739 3428 semetipsum

2095 3473 2276 3513 caecos
2308 3453 2678 3520 illuminavit,
2703 3449 2928 3506 claudis
2949 3447 3209 3504 otﬁeium
3230 3444 3567 3502 ambulandi
3591 3461 3740 3516 prae~

2095 3547 2242 3613 buit,
2277 3542 2471 3600 surdis
2503 3541 2771 3596 auditum
2802 3537 3080 3602 reddidit,
3111 3535 3459 3609 paralyticos
3493 3531 3736 3602 curavit,

2095 3638 2358 3691 mortuos
2389 3629 2708 3696 suscitavit,
2743 3645 2921 3700 supra
2949 3643 3109 3682 mare
3138 3623 3308 3682 siccis
3336 3622 3599 3696 vestigiis
3619 3639 3741 3678 am-

2096 3723 2317 3782 bulavit
2343 3741 2355 3790 ;
2389 3721 2544 3776 idem
2577 3717 2794 3773 nostris
2825 3714 3187 3787 temporibus
3205 3713 3275 3768 ad
3295 3711 3738 3768 clariﬁcandum

2097 3807 2556 3882 sum’majestatis
2568 3805 3074 3878 omnipotentiam,
3091 3802 3226 3858 etad
3243 3800 3743 3857 manifestandum

2097 3900 2311 3976 egregii
2341 3897 2660 3955 sacerdotis
2694 3892 2993 3951 Swithuni
3025 3892 3320 3960 meritum,
3349 3890 3572 3946 confert
3594 3888 3748 3946 sani-

2098 3993 2236 4048 tatis
2267 3987 2617 4046 beneﬁcium
2649 4000 2942 4059 aegrorum
2968 3981 3328 4054 corporibus,
3351 3997 3466 4052 prae
3486 3977 3749 4035 multitu-

2099 4082 2232 4138 dine
2264 4073 2794 4133 innumerabilibus
2809 4076 2873 4128 ut
2886 4071 3064 4128 maris
3080 4086 3286 4136 arenae,
3302 4068 3518 4142 quibus
3531 4069 3750 4124 nonest

2100 4185 2402 4227 numerus.
2438 4153 2786 4222 Benedictus
2817 4160 3189 4233 omnipotens
3219 4158 3393 4226 Deus,
3430 4156 3527 4228 qui
3548 4159 3752 4211 nostra

2098 4262 2447 4332 tempestate
2459 4255 2734 4328 dignatus
2749 4255 2837 4308 est
2859 4253 3128 4306 sanctum
3156 4263 3329 4303 suum
3356 4245 3542 4319 signis
3564 4249 3621 4300 et
3642 4241 3752 4297 vir-

2100 4349 2328 4406 tutibus
2361 4345 2707 4411 miriﬁcare;
2741 4339 2842 4414 qui
2876 4355 3010 4395 cum
3045 4337 3211 4392 Patre
3241 4333 3532 4407 etSpiritu
3547 4333 3748 4388 sancto

346 4427 908 4488 visitationeiterum
931 4434 1266 4492 admonitus
1280 4437 1350 4491 ad
1368 4438 1634 4493 tumbam
1653 4439 1838 4494 sancti
1857 4456 1997 4510 prze-
2027 4444 2073 4509 Β
2102 4437 2242 4495 vivit
2271 4441 2327 4492 et
2357 4433 2696 4491 dominatur
2724 4446 2827 4502 per
2857 4431 3071 4483 cuncta
3100 4425 3332 4482 sacula.
3363 4425 3568 4479 Amen.

349 4515 495 4573 sulis
527 4518 819 4575 Swithuni
869 4523 1138 4594 perrexit,
1173 4528 1230 4579 et
1259 4524 1420 4580 ﬂexis
1468 4526 1737 4598 genibus,
1770 4529 1994 4600 rogavit

351 4606 985 4681 Dominum,quatenus
1008 4611 1087 4667 ibi
1119 4617 1424 4669 sanaretur
1455 4613 1642 4686 ipsius
1665 4617 1854 4672 sancti
1876 4635 1993 4674 me-

349 4695 1000 4769 ritis,quemadmodum
1032 4701 1091 4756 in
1124 4702 1346 4758 somnis
1378 4704 1660 4760 audierat.
1694 4705 1802 4772 Qui
1835 4723 1988 4776 mox,

351 4802 416 4839 ut
447 4789 697 4843 surrexit
730 4806 762 4843 a
791 4791 1083 4860 precibus,
1115 4791 1196 4846 ita
1232 4795 1470 4849 curatus
1500 4797 1590 4850 est
1620 4795 1899 4852 divinitus
1928 4801 1993 4852 ut

350 4891 642 4948 nusquam
674 4878 950 4934 deformis
981 4879 1140 4953 gibbi
1163 4880 1326 4938 locus
1347 4885 1995 4958 appareret.Appropin-

350 4969 567 5035 quante
595 4983 727 5022 vero
759 4967 1169 5024 sacratissima:
1202 4970 1590 5029 solemnitatis
1621 4974 1732 5040 die,
1753 4992 1868 5046 quo
1899 4993 1991 5032 ve-

351 5054 628 5110 nerabilis
659 5055 758 5112 Dei
790 5057 1036 5113 antistes
1062 5059 1412 5117 Swithunus
1434 5063 1725 5135 corporeis
1749 5065 1996 5122 nexibus

351 5143 601 5211 solutus,
635 5147 706 5201 de
736 5145 844 5200 hoc
875 5147 1096 5202 mundo
1143 5149 1415 5221 migravit
1444 5153 1514 5207 ad
1547 5153 1885 5221 Dominum,
1913 5154 2000 5210 vir

353 5234 594 5305 quidam
626 5234 998 5291 dzemoniacis
1027 5237 1492 5310 deceptionibus,
1516 5241 1792 5298 omnibus
1823 5261 2000 5300 mem-

353 5322 476 5378 bris
506 5323 918 5380 miserabiliter
947 5325 1286 5383 debilitatus
1317 5330 1546 5396 est.Qui
1579 5347 1713 5386 cum
1743 5333 1843 5387 diu
1876 5337 1998 5389 tor-

426 5483 538 5558 (56)
550 5482 866 5542 Camburta
878 5485 1170 5560 signiﬁcat
1180 5489 1713 5550 sustentaculumvel
1727 5493 2000 5551 baculum.

2171 4529 2226 4582 9.
2254 4527 2317 4580 In
2338 4524 2437 4580 illo
2459 4528 2722 4594 tempore
2744 4535 2858 4592 quo
2882 4516 3168 4573 Dominus
3190 4530 3384 4570 rerum
3406 4511 3750 4568 manifesta-

2101 4619 2200 4674 bat
2231 4612 2573 4670 hominibus
2605 4611 2877 4666 sanctum
2910 4622 3085 4662 suum
3117 4598 3752 4668 Swithunum,accidit

2102 4711 2167 4762 ut
2213 4703 2512 4760 venissent
2555 4696 2966 4754 Winthoniam
3016 4694 3076 4750 in
3129 4709 3249 4748 una
3297 4691 3389 4747 die
3417 4688 3622 4763 viginti
3651 4705 3752 4744 sex

2103 4793 2261 4868 aegri,
2295 4807 2481 4848 causa
2509 4785 2919 4858 recuperandae
2947 4781 3238 4840 sanitatis.
3271 4782 3353 4836 Ex
3383 4777 3599 4868 quibus
3629 4776 3753 4868 qui-

2104 4864 2239 4940 dam
2273 4884 2442 4936 erant
2466 4876 2622 4943 caeci,
2657 4873 2901 4946 quidam
2933 4870 3118 4936 surdi,
3153 4865 3596 4942 quidammuti,
3629 4864 3754 4937 qui-

2105 4975 2242 5029 dam
2274 4969 2451 5025 etiam
2483 4961 2808 5039 paralytici.
2841 4959 2948 5028 Qui
2978 4976 3113 5016 cum
3132 4957 3519 5034 accessissent
3534 4955 3605 5011 ad
3627 4971 3756 5008 san-

2105 5061 2181 5118 cti
2215 5038 2498 5132 prazsulis
2514 5054 2962 5110 monumentum
2994 5053 3052 5104 et
3081 5063 3281 5120 preces
3312 5038 3651 5118 coram-Deo
3678 5042 3756 5132 ef-

2108 5131 2420 5215 fudissent,
2453 5162 2556 5217 per
2586 5142 2775 5215 ipsius
2804 5137 3286 5196 interventionem
3316 5151 3522 5191 omnes
3564 5131 3752 5188 curati

2109 5241 2248 5296 sunt
2277 5237 2336 5290 in
2369 5234 2560 5307 spatio
2591 5232 2771 5286 trium
2803 5228 3051 5295 dierum,
3093 5225 3294 5298 sicque
3344 5223 3458 5279 laeti
3510 5223 3755 5278 domum

2109 5345 2243 5386 cum
2272 5323 2495 5399 ingenti
2530 5319 2744 5394 gaudio
2776 5313 3556 5388 redierunt,magniﬁcantes
3569 5309 3760 5367 etlau—
