3960 6064
155 255 234 312 65
1493 250 1675 309 VITA
1724 251 1762 309 S
1775 294 1788 306 .
1834 249 2257 310 SWITIIUNI.
3501 255 3580 318 66

159 389 374 442 dantes
428 383 771 441 Dominum.
823 382 938 440 Nec
978 381 1162 437 multo
1191 384 1324 453 post
1349 385 1720 437 accesserunt
1749 382 1820 436 ad
1855 382 1902 448 Α
1937 383 2170 454 quando
2205 387 2430 455 quater,
2464 383 2776 456 aliquando
2807 387 2912 440 ter.
2946 387 3002 440 et
3023 385 3268 440 suadere
3284 391 3582 458 coeperunt

160 474 451 532 eumdem
485 477 760 530 sanctum
791 469 1118 528 exdiversis
1133 469 1452 543 Anglorum
1467 471 1827 526 etSaxonum

161 565 392 622 ﬁnibus
426 567 668 620 centum
702 561 909 635 viginti
940 565 1195 632 quatuor
1223 557 1464 626 inﬁrmi,
1499 559 1832 631 multiplici-

161 657 275 710 bus
309 651 651 708 constructi
684 649 1070 722 languoribus
1096 691 1109 704 .
1143 649 1204 704 hi
1235 649 1483 704 homnes
1513 665 1616 720 per
1645 648 1830 704 sancti

161 741 448 815 praesulis
477 739 754 797 meritum
779 757 813 795 a
828 738 1002 794 variis
1017 737 1466 812 egritudinibus
1479 737 1594 793 Deo
1603 737 1830 793 volente

163 830 360 887 curati
407 830 468 885 in
524 831 776 885 duarum
823 827 1177 884 revolutione
1218 827 1741 894 hebdomadarum,
1775 831 1832 882 et

160 921 590 978 benedicentes
621 918 869 974 Domino
899 918 1112 974 reversi
1131 916 1609 973 suntincolumes
1622 918 1693 972 ad
1708 935 1834 990 pro-

163 1010 318 1084 pria,
357 1009 463 1082 qui
498 1008 723 1065 debiles
754 1010 1160 1064 convenerant.
1195 1007 1456 1062 Caecatus
1489 1009 1577 1062 est
1600 1023 1832 1078 quoque

167 1098 424 1172 quidam
455 1096 549 1153 vir
575 1097 636 1152 in
671 1096 894 1151 Litania
925 1095 1143 1167 Majore
1173 1111 1354 1150 causa
1383 1093 1704 1148 latrocinii:
1731 1093 1831 1148 sed

167 1189 271 1262 qui
305 1189 604 1245 innocens
634 1190 885 1242 caecatus
914 1189 1060 1254 erat,
1089 1184 1249 1241 venit
1276 1183 1338 1239 in
1366 1182 1693 1256 Epiphania
1725 1187 1833 1238 Do-

169 1278 322 1335 mini
355 1277 432 1334 ad
465 1277 658 1334 sancti
686 1274 983 1332 Swithuni
1011 1273 1616 1345 mausoleum,preces
1645 1271 1838 1327 humi-

168 1369 307 1424 liter
359 1366 698 1423 eﬂ‘undens.
750 1365 821 1420 Et
870 1362 1020 1420 oculi
1055 1363 1203 1436 ejus,
1236 1361 1336 1436 qui
1368 1366 1535 1418 erant
1564 1362 1713 1416 ferro
1739 1378 1834 1417 ex-

171 1457 404 1522 stincti,
433 1461 493 1512 et
521 1455 762 1511 omnino
775 1450 1837 1522 evulsi,illuminatisunt.Ethabebat

174 1550 385 1619 postea
413 1545 608 1600 claros
639 1541 840 1600 oculos
870 1541 1032 1598 omni
1056 1547 1318 1614 tempore
1345 1541 1474 1597 vitaa
1507 1542 1834 1613 suae.Ergo,

176 1636 318 1708 quia
348 1637 569 1689 cuncta
599 1630 904 1700 miracula,
939 1648 1067 1703 quae
1101 1631 1386 1687 Dominus
1417 1647 1522 1702 per
1563 1633 1834 1687 sanctum

178 1723 568 1780 Swithunum
597 1722 875 1795 dignatus
906 1725 995 1776 est
1023 1719 1270 1792 operari,
1301 1735 1672 1791 nequaquam
1697 1735 1834 1774 enu-

175 1829 406 1868 merare
433 1811 724 1878 valemus,
761 1825 1034 1882 rogemus
1065 1809 1261 1880 ipsum
1293 1811 1565 1863 sanctum
1615 1824 1833 1878 praesn-

175 1902 312 1970 Iem,
369 1905 672 1974 quatenus
724 1898 1056 1954 animarum
1089 1902 1423 1954 nostrarum
1456 1895 1840 1967 languoribus

178 1991 400 2045 mederi
430 1990 735 2062 dignetur,
767 2004 871 2060 pro
905 1986 1074 2043 nobis
1105 1987 1259 2059 apud
1275 1985 1840 2041 Dominuminterce-

177 2081 394 2145 dendo,
429 2095 571 2134 cum
603 2095 718 2149 quo
750 2093 854 2149 pro
886 2076 1056 2132 bonis
1087 2075 1361 2148 operibus
1389 2075 1515 2131 sine
1546 2075 1661 2130 ﬁne
1705 2092 1839 2146 per-

179 2185 418 2224 manere
454 2166 800 2240 promeruit.
837 2167 1023 2238 Igitur
1047 2167 1186 2220 dum
1219 2164 1842 2238 tantasignaSalvator

180 2258 386 2313 mundi
404 2257 482 2312 ad
495 2255 849 2312 venerabilis
862 2253 1048 2310 Patris
1063 2254 1356 2310 Swithuni
1371 2254 1638 2309 tumbam
1654 2258 1842 2308 osten-

179 2348 312 2403 dere
345 2345 729 2412 decrevisset,
763 2345 946 2400 beatze
977 2343 1271 2399 memoriae
1301 2333 1840 2414 Athel'woldusepi-

179 2453 398 2508 scapus
433 2433 748 2506 imperavit
778 2433 1060 2489 fratribus
1087 2431 1306 2487 ibidem
1339 2430 1841 2487 commorantibus

181 2531 242 2580 ut
268 2540 517 2595 semper
529 2522 766 2594 quando
779 2521 1072 2593 quispiam
1087 2537 1238 2593 aeger
1249 2538 1350 2592 per
1362 2521 1637 2576 meritum
1653 2520 1841 2598 sancti

179 2613 297 2668 Viri
312 2611 618 2668 medelam
633 2611 933 2682 reciperet,
949 2609 1216 2682 protinus
1229 2627 1431 2664 omnes
1445 2611 1514 2664 ad
1534 2609 1842 2666 ecclesiam

181 2705 500 2776 pergerent
529 2704 587 2756 et
617 2700 802 2756 Deum
816 2699 1053 2772 hymnis
1065 2698 1409 2754 etlandibus
1421 2698 1839 2770 gloriﬁcarent.

246 2793 339 2848 40.
376 2790 612 2846 Accidit
639 2794 836 2844 autem
868 2792 934 2844 ut
984 2788 1222 2860 quidam
1270 2792 1402 2859 post
1451 2787 1676 2858 aliquot
1719 2788 1844 2842 dies

183 2880 442 2953 graviter
473 2879 714 2943 ferrent,
742 2877 897 2949 quod
926 2876 1316 2931 excitarentur
1344 2892 1448 2947 per
1476 2880 1707 2930 noctem
1739 2875 1844 2931 ali-
1868 2874 1876 2880 ”

1939 471 2160 527 οωῐθιιὶε
2181 489 2352 544 prave
2369 473 2714 545 relinquere,
2735 474 2887 545 quod
2909 474 3264 546 imperatum
3283 475 3472 531 fuerat
3489 477 3581 548 pie
3655 515 3660 520 -

1939 559 2055 616 illis
2087 579 2120 615 a
2150 578 2255 616 suo
2289 561 2553 634 prazsule.
2588 563 2748 628 Cuod
2782 563 2924 617 dum
2957 563 3585 637 incauteforetpreter—

1939 649 2190 704 missum
2223 667 2325 722 per
2353 650 2724 707 intervallum
2757 651 3089 722 quindecim
3125 651 3370 720 dierum,
3405 669 3583 725 appa-

1941 739 2057 793 ruit
2087 739 2211 810 ipse
2243 744 2481 796 sanctus
2515 740 2867 796 Swithunus
2895 742 3128 796 cuidam
3164 741 3316 797 ﬁdeli
3347 743 3586 814 viroper

1941 827 2260 896 somnium,
2296 827 2494 884 dicens
2526 831 2598 884 ad
2631 845 2804 885 eum:
2839 830 2996 885 Vade
3041 831 3112 885 ad
3162 832 3582 888 monasterium

1939 922 2126 986 vetus,
2179 922 2233 973 et
2283 917 2376 973 dic
2427 919 2706 974 fratribus
2757 919 2910 991 quod
2938 919 3320 992 omnipotenti
3352 926 3466 976 Deo
3496 921 3584 976 ni-

1944 1007 2130 1062 mium
2162 1007 2430 1079 displicet
2460 1007 2848 1064 murmuratio
2881 1025 3104 1075 eorum,
3137 1009 3414 1080 quoniam
3441 1026 3584 1082 quo-

1943 1094 2083 1150 tidie
2117 1095 2404 1152 miracula
2433 1096 2615 1152 multa
2645 1113 2841 1152 coram
2868 1095 2985 1153 illis
3016 1096 3174 1166 facit,
3209 1102 3266 1153 et
3296 1097 3410 1171 ipsi
3462 1103 3586 1154 tam

1944 1183 2160 1254 injuste
2191 1189 2391 1255 agunt,
2427 1186 2581 1257 quod
2615 1186 2665 1240 ei
2697 1203 2812 1241 non
2845 1187 3104 1242 referunt
3134 1186 3360 1253 laudes,
3380 1188 3481 1243 sed
3500 1204 3588 1244 ca-

1945 1273 2096 1328 duca
2112 1274 2308 1328 studia
2325 1273 2536 1330 divinis
2554 1275 2826 1347 operibus
2845 1281 3211 1348 praeponunt.
3230 1277 3393 1333 Adde
3410 1277 3587 1333 etiam

1945 1363 2017 1417 ad
2052 1362 2172 1417 hzec
2204 1364 2357 1434 quod
2377 1363 2426 1419 si
2445 1381 2478 1419 a
2492 1364 2766 1421 laudibus
2785 1364 3160 1430 cessaverint,
3181 1367 3448 1439 protinus
3465 1385 3588 1424 ces-

1947 1452 2161 1507 sabunt
2191 1451 2486 1524 magnalia
2517 1452 2616 1508 Dei
2645 1472 2657 1520 ;
2693 1453 2740 1509 si
2769 1471 2902 1509 vero
2935 1471 3049 1509 non
3082 1454 3352 1510 desinent
3371 1455 3588 1528 gloriﬁ-

1947 1557 2077 1596 care
2109 1541 2314 1608 Deum,
2347 1545 2434 1596 tot
2465 1541 2755 1598 mirabilia
2783 1543 3000 1600 ibidem
3033 1544 3205 1598 faciet
3235 1548 3378 1616 quot
3404 1563 3438 1600 a
3491 1562 3588 1602 ne-

1948 1629 2103 1684 mine
2133 1629 2357 1685 vivente
2391 1632 2770 1687 recordantur
2800 1633 3029 1704 uspiam
3061 1637 3312 1706 peracta.
3341 1633 3445 1689 Vir
3459 1651 3590 1690 vero

1948 1718 2224 1790 praefatus
2255 1723 2387 1790 post
2415 1720 2602 1775 sancti
2635 1719 3019 1776 recessionem
3052 1721 3353 1794 evigilans,
3380 1723 3451 1778 ad
3470 1723 3590 1795 epi-

1950 1824 2191 1878 scopum
2225 1807 2663 1864 Atbelwoldum
2697 1809 3028 1877 festinabat,
3061 1815 3118 1866 et
3145 1811 3257 1883 ipsi
3303 1811 3593 1866 intimavit

1949 1896 2148 1952 omnia
2179 1913 2303 1969 quae
2338 1902 2580 1954 sanctus
2612 1898 2714 1953 Dei
2746 1899 3150 1971 imperaverat.
3187 1899 3294 1965 Qui
3327 1917 3592 1955 commo-

1951 1989 2046 2040 tus
2077 1985 2294 2053 animo,
2329 2003 2433 2041 cur
2463 1987 2669 2042 fratres
2700 2004 2815 2042 non
2830 1987 3593 2060 egissentsecundumillius

1950 2079 2327 2146 praeceptum,
2363 2093 2568 2131 rursus
2600 2077 2900 2132 mandavit
2917 2077 3219 2132 monachis
3233 2094 3367 2133 cum
3382 2094 3596 2151 magna

1951 2163 2425 2227 comminatione,
2459 2169 2526 2218 ut
2556 2166 2624 2220 ad
2661 2182 2864 2220 omnes
2896 2165 3199 2236 sanitates,
3233 2184 3359 2239 quae
3377 2168 3448 2222 ad
3467 2183 3596 2222 san-

1951 2253 2027 2307 cti
2058 2253 2322 2307 tumbam
2359 2254 2580 2318 ﬁerent,
2616 2255 2766 2308 facto
2783 2255 2970 2327 signo,
2995 2272 3197 2311 omnes
3217 2255 3483 2310 simulad
3501 2273 3592 2311 ec-

1951 2341 2188 2396 clesiam
2223 2347 2550 2415 pergerent,
2583 2348 2641 2398 et
2671 2348 2780 2398 Deo
2800 2344 3186 2416 omnipotenti
3208 2344 3411 2400 laudes
3429 2345 3594 2417 hym-

1953 2430 2164 2486 nidicis
2196 2431 2436 2487 vocibus
2466 2437 2759 2488 canerent.
2795 2434 2956 2498 Quod
2989 2434 3070 2488 ita
3099 2433 3372 2506 deinceps
3401 2435 3596 2490 hacte-

1954 2537 2065 2574 nus
2097 2520 2469 2575 observatum
2504 2521 2857 2576 audivimus.
2891 2521 2994 2577 Cui
3022 2521 3206 2594 gloria
3235 2527 3290 2578 et
3319 2523 3448 2578 laus
3480 2524 3597 2579 Deo

1953 2608 2363 2680 omnipotenti,
2395 2609 2495 2681 qui
2527 2609 2611 2665 sic
2645 2615 2913 2665 sanctum
2948 2628 3121 2665 suum
3154 2611 3479 2683 glorificare
3511 2613 3599 2668 di-

1953 2703 2166 2770 gnatus
2217 2703 2323 2766 est,
2378 2698 2477 2772 qui
2527 2698 2665 2754 vivit
2702 2704 2758 2755 et
2790 2704 2992 2774 regnat
3021 2699 3079 2754 in
3113 2700 3326 2756 saecula
3358 2701 3598 2758 saeculo-

1953 2804 2104 2842 rum.
2140 2789 2344 2842 Amen.

1032 3061 1149 3196 M
1169 3056 1894 3198 IBACULI
1999 3057 2794 3198 SWITUNI

871 3303 980 3367 Ea;
1006 3304 1433 3387 anquz’tzlssz'mz's
1459 3303 1818 3367 membranas
1851 3306 1914 3366 τίη
1942 3305 2066 3366 cod.
2100 3307 2321 3386 regium
2354 3305 2574 3369 Suecz'w
2599 3326 2760 3367 num.
2793 3307 2936 3367 769.

737 3508 969 3564 CAPUT
1010 3507 1316 3564 PRIMUM.

630 3603 772 3654 Pars
799 3601 982 3671 prima
1005 3598 1420 3654 miraculorum.

265 3687 318 3744 Ι,
353 3686 500 3743 Post
530 3704 713 3759 quam
746 3673 1104 3742 sanctissimi
1135 3703 1348 3758 corpus
1380 3686 1674 3758 pontiﬁcis
1700 3687 1853 3742 infra

195 3775 532 3842 ecclesiam,
568 3776 721 3831 sicut
749 3776 1117 3847 przedictum,
1151 3780 1240 3830 est
1271 3775 1553 3847 positum,
1602 3772 1856 3847 quatuor

196 3866 359 3938 agri,
413 3865 535 3920 sive
587 3865 866 3938 quinque,
919 3865 1207 3919 medelam
1253 3867 1596 3936 receperunt
1627 3864 1698 3918 ad
1725 3865 1853 3935 ejus

197 3953 504 4009 tumulum
556 3971 658 4026 per
704 3953 1076 4008 intervallum
1119 3952 1300 4007 trium
1333 3951 1584 4008 dierum.
1616 3952 1854 4024 Expleto

200 4048 402 4097 autem
431 4043 650 4108 triduo,
676 4042 859 4098 ferme
881 4059 983 4114 per
1007 4040 1389 4097 interstitium
1416 4041 1677 4114 quinque
1699 4059 1858 4097 men-

201 4132 382 4196 sium,
417 4147 551 4186 raro
581 4131 693 4186 fuit
722 4130 918 4203 aliqua
947 4129 1090 4199 dies,
1126 4147 1241 4202 qua
1271 4129 1329 4184 in
1361 4129 1623 4197 basilica,
1659 4129 1717 4185 in
1742 4148 1858 4203 qua

203 4225 342 4275 sunt
373 4219 646 4290 repositae
677 4219 867 4276 sancti
897 4219 1005 4274 viri
1035 4218 1311 4290 reliquiae,
1346 4235 1462 4274 non
1511 4223 1861 4274 sanarentur

202 4307 496 4381 languidi,
528 4309 881 4380 quandoque
911 4307 1104 4380 plures
1117 4307 1393 4373 sedecim,
1407 4306 1496 4362 vel
1512 4307 1854 4374 octodecim,

203 4398 562 4470 quandoque
591 4414 726 4452 vero
757 4397 1081 4469 pauciores,
1115 4395 1396 4468 quinque,
1428 4394 1516 4451 vel
1546 4399 1685 4463 tres,
1720 4395 1861 4452 cele-

203 4487 459 4542 berrime
477 4485 655 4541 etiam
675 4491 918 4558 septem,
939 4489 1086 4551 octo,
1108 4485 1326 4552 decem,
1348 4485 1678 4551 duodecim,
1698 4485 1863 4558 quin-

203 4576 421 4632 decim.
456 4573 725 4631 Vidimus
753 4573 886 4648 plus
919 4590 1098 4647 quam
1129 4573 1411 4630 ducentos
1441 4574 1500 4628 in
1534 4574 1731 4629 decem
1747 4574 1862 4630 die-

203 4665 314 4719 bus
347 4680 457 4736 per
485 4663 764 4719 meritum
797 4662 986 4719 sancti
1015 4665 1267 4730 curatos,
1300 4666 1355 4717 et
1386 4661 1444 4716 in
1463 4661 1860 4731 annicirculo,

205 4753 303 4824 qui
331 4757 542 4807 carent
563 4768 826 4809 numero.

271 4844 330 4896 2.
364 4839 643 4896 Vidimus
673 4839 849 4896 etiam
881 4840 1038 4896 circa
1068 4839 1473 4914 praescriptum
1499 4841 1614 4909 (57)
1658 4857 1859 4896 mona-

207 4929 457 4984 sterium
479 4928 705 5002 plateas
719 4930 862 4985 adeo
878 4929 1119 4985 refertas
1133 4929 1442 5001 utrobique
1455 4929 1670 4984 turmis
1683 4946 1864 5002 aegro-

207 5018 468 5073 tantium
521 5023 585 5072 ut
631 5017 926 5092 quispiam
969 5016 1154 5074 viator
1184 5016 1420 5073 difﬁcile
1451 5017 1729 5089 reperiret
1757 5017 1868 5073 iter

211 5107 520 5180 gradiendi
555 5108 626 5164 ad
661 5109 879 5180 ipsum.
912 5107 1020 5174 Qui
1052 5111 1187 5179 post
1216 5105 1441 5179 aliquot
1473 5105 1616 5175 dies,
1635 5107 1867 5163 itasunt

280 5269 402 5337 (57)
451 5269 514 5323 Id
566 5272 678 5338 est,
722 5269 1068 5341 praedictum,
1095 5269 1414 5341 praefatum
1447 5268 1862 5341 monasterium.

215 5338 292 5423 De
323 5356 442 5411 quo
456 5345 670 5423 actura
697 5338 827 5397 esse
855 5338 1209 5423 supponitur
1230 5340 1300 5395 ab
1314 5345 1570 5423 auctprc,
1587 5340 1756 5423 cujus
1770 5339 1864 5396 hic

215 5412 429 5495 damus
454 5411 764 5495 historiam
794 5411 1251 5495 non_integram,
1297 5412 1418 5495 sed.
1441 5413 1860 5495 fragmentqm,

217 5483 728 5610 ξᾳῗοηυῇειιιθω
773 5483 932 5558 quod
975 5481 1170 5558 capite
1197 5497 1302 5541 seu
1332 5481 1617 5558 principio
1651 5498 1715 5540 ac
1747 5483 1864 5542 ﬁne

249 5571 267 5608 ι
323 5571 427 5610 mu
457 5572 474 5610 ι
503 5572 558 5610 a.

249 5571 293 5608 ιι
323 5571 558 5612 mutua.

1883 3510 1925 3576 C
1966 3507 2170 3576 curati,
2207 3508 2322 3563 Deo
2353 3508 2598 3574 favente,
2633 3507 2856 3564 meritis
2887 3509 3074 3565 sancti
3119 3512 3184 3565 ut
3232 3509 3406 3566 etiam
3456 3509 3610 3566 infra

1962 3596 2269 3652 basilicam
2301 3597 2394 3651 vix
2425 3592 2684 3669 quinque
2716 3597 3118 3654 invenirentur
3147 3597 3430 3671 languidi.
3465 3601 3608 3664 Qua-

1963 3690 2199 3758 propter
2227 3685 2407 3741 invidi
2441 3685 2670 3754 sileant,
2691 3703 2756 3742 ac
2773 3687 3026 3759 reprobi,
3045 3688 3142 3759 qui
3161 3687 3415 3760 gloriosa
3429 3687 3610 3759 hujus

1964 3775 2150 3830 sancti
2186 3775 2470 3830 miracula
2500 3780 2600 3830 aut
2630 3781 2865 3848 negant,
2901 3780 3003 3831 aut
3043 3777 3198 3848 quod
3249 3793 3458 3848 negare
3505 3793 3610 3832 ne-

1965 3869 2173 3936 quunt,
2199 3863 2257 3918 in
2291 3864 2593 3920 sinistram
2626 3868 2846 3936 partem
2880 3870 3132 3921 vertunt.
3165 3865 3610 3938 Increduliquo-

1966 3970 2078 4025 que
2127 3953 2304 4008 etiam
2358 3953 2428 4008 ad
2477 3957 2746 4008 sanctum
2800 3953 2893 4007 Dei
2938 3953 3225 4009 famulum
3255 3953 3511 4020 veniant,
3547 3957 3612 4009 ut

1967 4042 2249 4097 beneﬁcia
2281 4042 2612 4098 Conditoris
2645 4046 2986 4114 agnoscant,
3021 4048 3078 4098 et
3103 4043 3430 4099 Creatorem
3487 4042 3611 4098 lau-

1967 4131 2125 4186 dent.
2159 4134 2523 4203 Cognoscant
2554 4133 2665 4200 (58)
2699 4131 2952 4202 denique
2987 4131 3190 4188 ﬁdeles
3233 4131 3370 4204 quia
3416 4131 3612 4187 Domi-

1967 4237 2080 4275 nus
2112 4224 2308 4274 noster
2338 4220 2510 4275 Jesus
2541 4219 2830 4284 Christus,
2866 4219 2967 4274 Dei
2998 4221 3358 4293 unigenitus,
3395 4220 3494 4291 qui
3554 4219 3614 4274 in

1968 4309 2200 4364 exordio
2249 4309 2428 4379 hujus
2477 4308 2662 4364 aetatis
2707 4309 2932 4364 velatus
2981 4309 3199 4364 amictu
3251 4309 3464 4377 carnis,
3516 4324 3618 4381 per

1970 4401 2154 4453 semet
2185 4414 2366 4452 caecos
2396 4395 2768 4464 illuminavit,
2820 4396 3048 4453 claudis
3097 4397 3356 4453 ofﬁcium
3407 4397 3614 4452 ambu-

1968 4485 2128 4541 landi
2159 4485 2425 4556 praebuit,
2457 4485 2652 4541 surdis
2681 4485 2948 4541 auditum
2973 4485 3248 4552 reddidit,
3268 4485 3617 4558 paralyticos

1970 4574 2211 4641 curavit,
2247 4579 2508 4630 mortuos
2542 4575 2871 4641 suscitavit,
2905 4592 3086 4646 supra
3116 4591 3277 4630 mare
3310 4574 3481 4630 siccis
3501 4591 3616 4629 ves-

1969 4663 2129 4736 tigiis
2161 4663 2513 4731 ambulavit;
2549 4663 2722 4730 idem,
2754 4662 2969 4718 nostris
2999 4663 3363 4734 temporibus
3395 4665 3466 4719 ad
3501 4663 3618 4719 cla-

1972 4753 2313 4808 riﬁcandam
2366 4771 2484 4808 suae
2534 4750 2860 4822 majestatis
2910 4751 3399 4824 omnipotentiam
3430 4756 3486 4808 et
3517 4752 3617 4808 ad-

1973 4841 2469 4897 manifestandum
2501 4839 2716 4912 egregii
2742 4841 3060 4896 sacerdotis
3080 4841 3378 4910 meritum,
3398 4841 3622 4896 confert

1975 4929 2244 4985 sanitatis
2293 4929 2646 4984 beneﬁcium
2696 4933 3047 5002 aegrotorum
3097 4929 3442 5004 corporibus
3504 4947 3620 5002 prie

1976 5017 2355 5074 multitudine
2386 5016 2939 5090 innumerabilibus,
2973 5024 3040 5076 ut
3065 5019 3245 5076 maris
3263 5037 3469 5088 arenae,
3491 5018 3622 5090 qui-

1975 5107 2085 5162 bus
2116 5124 2231 5162 non
2263 5110 2352 5162 est
2381 5123 2684 5162 numerus.

2046 5267 2155 5339 (58)
2188 5266 2524 5324 Consonant
2552 5265 2647 5322 hic
2680 5265 2905 5339 aliquot
2937 5266 3158 5339 periodi
3191 5283 3326 5322 cum
3357 5283 3469 5322 ms.
3522 5265 3625 5320 Bi-

1973 5339 2230 5465 gjotiano,
2263 5339 2332 5420 de
2365 5355 2478 5409 quo
2507 5355 2706 5410 supra.
2740 5338 2885 5394 Vide
2917 5338 3062 5420 illud
3096 5356 3129 5395 a
3159 5355 3404 5394 numero
3423 5341 3627 5394 octavo

2025 5410 2136 5464 nde
2166 5407 2406 5465 colligas
2435 5427 2504 5465 ex
2529 5411 2733 5465 eodem
2753 5410 3116 5465 enroﬂuxmse
3145 5410 3306 5465 fonte
3337 5413 3460 5465 tam
3490 5407 3626 5465 hoc.

2025 5410 2136 5482 nde
2158 5407 2406 5482 colligas
2435 5427 2504 5465 ex
2529 5407 2733 5466 eodem
2753 5410 3116 5482 proﬂuxisse
3145 5410 3306 5482 fonte
3337 5413 3460 5467 tam
3490 5407 3626 5482 hoc,

1973 5478 2128 5557 quod
2157 5481 2252 5540 hic
2285 5478 2516 5554 damus,
2550 5497 2728 5557 quam
2757 5478 2905 5541 illud
2936 5479 3365 5558 apographum.
