3942 6056
313 239 386 297 6'7
1291 234 1700 297 GOSCELINI
1745 234 2313 298 CANTURIENSIS
2357 235 2738 298 MONACHI.

3637 247 3720 307 68

382 370 436 424 3.
476 369 534 424 ln
568 367 684 425 illis
714 367 923 424 diebus
954 371 1072 423 tres
1102 366 1376 423 mulieres
1407 367 1467 424 in
1498 367 1735 424 Vectam
1791 384 1951 424 caecae
1982 373 2035 439 Α
2069 368 2337 424 manicis.
2372 369 2523 424 Tum
2554 385 2589 424 a
2618 369 2975 442 quibusdam
3009 372 3345 432 intimatum
3365 378 3593 450 estejus
3609 379 3715 437 do-

272 508 283 519 ,
311 457 907 529 degebantinsulam;
931 455 1251 511 unalucem
1271 456 1629 528 corporalem
1651 475 1955 529 nunquam
2065 457 2227 511 mino
2254 457 2409 528 quod
2444 457 2515 512 ad
2548 462 2819 514 sanctum
2852 459 2953 515 Dei
2985 461 3295 519 Famulum
3327 466 3714 536 praefatacon-

308 550 689 617 conspexerat
737 543 965 613 oculis;
1016 544 1144 599 duae
1188 561 1321 600 vero
1366 561 1469 617 per
1502 544 1755 617 spatium
1789 552 1956 601 erant
2064 545 2316 616 fugisset
2345 545 2596 613 servula,
2630 551 2688 601 et
2717 564 2820 619 per
2849 550 2978 620 ejus
3000 550 3282 608 beneﬁcia
3296 556 3713 613 essetdecom-

309 643 531 690 caseatae
553 650 760 689 novem
780 649 1089 689 annorum.
1115 634 1249 699 Quae
1272 632 1414 688 dum
1435 634 1707 689 audirent
1720 635 1790 689 ad
1804 638 1954 690 tum-

309 723 447 779 bam
478 722 666 779 sancti
698 720 962 794 praesulis
992 738 1174 778 caecos
1203 719 1524 776 illuminari
1557 725 1616 777 et
1645 738 1748 794 per
1771 722 1950 778 virtu-

307 816 426 869 tem
476 810 708 867 Domini
753 811 896 867 Jesu
927 808 1143 865 Christi
1175 809 1443 864 infirmos
1473 826 1705 882 quoque
1734 811 1948 875 curari,

307 904 659 974 rogaverunt
684 903 963 972 cognatos
992 915 1195 954 earum
1225 903 1282 954 et
1311 898 1516 954 afﬁnes
1547 903 1949 971 quatenuseos

308 990 749 1063 quamprimum
782 988 1229 1044 transducerent
1258 987 1370 1060 (59)
1401 987 1678 1056 insulam,
1699 1005 1826 1060 quae
1845 1006 1948 1044 un-

307 1079 484 1151 dique
517 1077 691 1134 undis
722 1077 1058 1134 Oceaniest
1089 1075 1499 1149 circumsepta,
1535 1077 1689 1133 unde
1719 1077 1948 1134 facilius

307 1167 631 1241 quivissent
660 1165 957 1238 pervenire
988 1165 1056 1220 ad
1090 1163 1305 1234 locum,
1339 1163 1399 1220 in
1448 1181 1563 1237 quo
1612 1166 1949 1237 quiescebat

306 1262 551 1327 somate,
581 1256 695 1325 (60)
726 1252 939 1309 Christi
970 1253 1204 1325 praesul.
1236 1258 1497 1325 Cumque
1514 1255 1946 1310 extrainsulam

306 1351 505 1404 essent
533 1344 828 1417 expositae,
854 1347 913 1398 et
942 1342 1293 1398 ﬂuctuarent
1322 1342 1545 1413 absque
1587 1343 1844 1411 ductore,
1891 1350 1949 1400 et

305 1436 540 1509 penitus
554 1433 889 1506 ignorarent
906 1431 1048 1502 quid
1066 1447 1236 1503 agere
1251 1435 1512 1502 possent,
1529 1430 1785 1488 clemens
1798 1433 1943 1488 Con-

305 1526 458 1581 ditor
487 1528 907 1586 creaturarum,
936 1520 1214 1575 misertus
1233 1520 1438 1591 inopia:
1456 1537 1679 1587 earum,
1698 1521 1947 1578 contulit

303 1614 388 1671 eis
433 1612 773 1685 (quemdam
814 1611 1093 1681 juvenem
1141 1626 1176 1663 a
1217 1608 1517 1665 nativitate
1549 1614 1800 1679 mutum)
1831 1611 1944 1681 (6i)

303 1707 471 1759 aatate
519 1699 749 1756 circiter
795 1700 865 1753 20
914 1714 1224 1753 annorum.
1257 1697 1365 1763 Qui
1394 1699 1536 1753 dum
1566 1699 1638 1755 ad
1671 1700 1943 1756 eumdem

304 1789 672 1848 devenissent
688 1788 903 1854 locum,
923 1791 1366 1859 cceperunteum
1379 1787 1669 1860 viragines
1681 1788 1944 1859 ﬂagitare

304 1878 570 1936 unanimi
601 1893 739 1934 voce
767 1882 830 1932 ut
859 1892 958 1932 eas
989 1876 1062 1931 ad
1092 1875 1556 1931 Wintoniensem
1586 1877 1824 1932 duceret
1853 1894 1946 1932 ur-

302 1970 457 2036 bem,
482 1966 585 2023 ubi
615 1970 856 2022 sanctus
877 1964 1941 2038 pollebatepiscopussignismirabili-

302 2059 435 2113 bus.
468 2055 576 2124 Qui
606 2053 860 2110 mirabili
892 2052 1274 2125 dispositione
1303 2052 1425 2120 Dei,
1449 2052 1941 2125 precibusearum

303 2146 687 2211 allubesccns,
722 2144 782 2198 in
811 2142 1019 2198 reﬂexo
1047 2139 1194 2197 calle
1222 2157 1402 2197 caecas
1451 2144 1756 2213 praelatum
1806 2160 1941 2215 per-

301 2233 466 2291 duxit
495 2234 567 2289 ad
599 2233 814 2288 locum.
848 2231 980 2303 lpsa
1008 2235 1203 2286 autem
1235 2235 1423 2299 nocte,
1444 2230 1943 2303 quaintraverunt

300 2323 603 2381 basilicam
638 2321 698 2375 in
727 2336 845 2393 qua
873 2336 1006 2375 ossa
1038 2318 1139 2374 Dei
1167 2318 1782 2391 famuliquiescebant,
1798 2338 1942 2393 pm-

300 2414 467 2469 dictae
498 2416 615 2466 tres
645 2407 1779 2480 caecae,persanctimeritumpraasulis,a
1806 2428 1939 2466 vero

298 2502 521 2557 lumine
553 2505 662 2555 Deo
693 2501 1034 2553 meruerunt
1064 2496 1317 2569 recipere
1360 2498 1559 2552 lumen
1612 2499 1934 2558 oculorum.

370 2593 423 2645 4.
451 2588 692 2645 Juvenis
716 2603 849 2642 vero
879 2585 1207 2658 viraginum
1229 2586 1455 2652 ductor,
1471 2586 1822 2645 clarescente
1835 2608 1937 2645 au-

301 2697 433 2736 rora
458 2676 627 2745 lucis,
662 2680 814 2730 recte
846 2674 1032 2747 quivit
1060 2674 1166 2729 fari
1199 2673 1485 2746 quidquid
1520 2676 1720 2744 voluit,
1737 2683 1939 2735 etniox

298 2771 534 2843 signum
570 2764 701 2822 fecit
730 2762 958 2819 custodi
988 2767 1053 2817 ut
1083 2768 1242 2818 extra
1262 2763 1566 2819 ecclesiam
1580 2764 1936 2839 exiret,qua-

298 2864 393 2915 ten
406 2874 473 2912 us
501 2854 585 2911 illi
616 2853 773 2925 loqui
808 2851 1233 2924 potuisset.Qui
1263 2852 1564 2909 admirans
1589 2854 1729 2925 quid
1748 2855 1936 2913 dicere

298 2946 488 3011 vellet,
521 2944 590 2999 ad
625 2959 759 2998 eum
791 2941 948 2997 venit
969 2941 1336 3013 interrogans
1365 2957 1471 2996 cur
1497 2959 1632 2997 eum
1683 2951 1932 3001 vocaret.

294 3038 429 3094 Jth
444 3034 537 3090 nis
568 3031 651 3087 illi
682 3032 800 3086 ait;
835 3030 998 3086 Scias
1028 3031 1331 3086 verissime
1363 3032 1516 3102 quod
1552 3033 1724 3088 modo
1775 3033 1935 3105 loqui

1972 1746 2019 1810 B

2061 632 2311 705 pedibus
2360 633 2651 690 absoluta.
2703 637 2866 703 Quod
2915 654 3048 693 cum
3096 640 3376 709 audisset,
3410 650 3713 715 permotus

2060 720 2385 790 iracundia,
2420 739 2658 779 summa
2687 740 2824 780 cum
2853 725 3221 784 festinatione
3251 728 3351 786 illo
3367 732 3637 803 perrexit,
3652 739 3715 790 et

2060 827 2175 866 non
2207 828 2316 867 sua
2346 816 2574 883 sponte,
2607 812 2710 868 sed
2739 813 2856 869 Deo
2886 820 3128 887 cogente
3157 817 3420 875 manicas
3450 837 3713 878 reserva-

2056 898 2158 967 vit,
2192 905 2250 955 et
2279 901 2617 972 praedictam
2651 902 2811 959 abire
2841 902 3084 960 illaesam
3114 905 3271 975 sivit,
3304 909 3555 967 etdeillo
3568 911 3710 968 faci-

2059 1004 2199 1043 nore
2232 987 2379 1043 nihil
2412 988 2552 1044 mali
2582 989 2783 1045 intulit
2812 991 2886 1048 ei.

2123 1078 2178 1132 6.
2203 1076 2303 1131 Vir
2329 1083 2526 1133 autem
2557 1079 2801 1151 quidam
2834 1080 3055 1138 multos
3085 1081 3443 1158 paralyticus
3470 1103 3574 1160 per
3594 1106 3667 1146 an
3684 1121 3709 1131 -

2057 1181 2164 1221 nos
2208 1167 2268 1219 in
2316 1166 2614 1237 provincia
2656 1168 2980 1242 Anglorum
3029 1174 3523 1243 commorabatur,
3574 1193 3707 1250 qua:

2054 1270 2256 1309 eorum
2288 1253 2491 1327 lingua
2515 1254 2761 1312 Hamme
2788 1257 3022 1327 dicitur,
3056 1261 3201 1317 adeo
3223 1263 3500 1320 omnibus
3518 1282 3707 1322 mem-

2054 1341 2177 1398 bris
2206 1341 2544 1400 dcbilitatus
2574 1349 2639 1399 ut
2671 1346 2741 1400 de
2772 1346 2977 1416 fulcro,
3011 1364 3127 1420 quo
3159 1351 3495 1421 recubabat,
3536 1353 3707 1410 nulla

2053 1429 2277 1486 ratione
2307 1447 2545 1503 surgere
2562 1432 2918 1504 praevaleret.
2941 1435 2996 1491 ls
3010 1436 3255 1494 audiens
3273 1439 3557 1497 miracula
3574 1459 3703 1514 quae

2052 1518 2332 1575 Dominus
2364 1519 2675 1576 Wintoniae
2695 1521 2946 1578 faciebat
2967 1541 3069 1595 per
3086 1526 3273 1582 sancti
3291 1526 3453 1585 Vatis
3470 1530 3700 1601 merita,
3780 1600 3787 1601 γ

2052 1606 2225 1680 cmpit
2255 1608 2451 1682 sagaci
2486 1614 2679 1665 mente
2707 1613 3099 1682 praemeditari
3119 1615 3274 1687 quod
3291 1617 3530 1674 suavius
3546 1625 3705 1677 esset

2051 1695 2157 1764 illi,
2190 1696 2240 1753 si
2270 1702 2405 1754 ante
2424 1696 2758 1755 salutiferas
2775 1699 2880 1754 viri
2899 1700 3000 1757 Dei
3018 1702 3273 1771 exuvias,
3292 1703 3499 1762 saltem
3520 1724 3702 1765 unam

2053 1783 2296 1858 pervigil
2343 1786 2582 1842 duceret
2630 1793 2881 1869 noctem.
2927 1789 3035 1857 Qui
3066 1808 3391 1849 convocans
3420 1802 3701 1869 cognatos

2050 1879 2108 1928 et
2156 1873 2499 1931 amicabiles
2526 1864 2768 1945 vicinos,
2803 1878 3019 1950 quibus
3067 1882 3343 1954 praecepit
3384 1864 3700 1956 ﬂagitando

2049 1961 2300 2018 nimium
2330 1967 2621 2034 quatenus
2651 1964 2964 2023 falerarent
2994 1968 3306 2041 sonipedes
3352 1988 3576 2042 eorum,
3628 1991 3698 2031 ac

2048 2054 2234 2106 semet
2259 2050 2537 2108 baccaulo
2569 2054 2682 2121 (62)
2723 2053 3110 2127 imponerent,
3163 2063 3339 2130 atque
3386 2060 3459 2116 ad
3509 2062 3699 2118 sancti

2046 2138 2316 2211 praesulis
2345 2140 2762 2206 corpusculum
2793 2143 3105 2201 deferrent.
3139 2146 3248 2212 Qui
3297 2147 3474 2205 dictis
3520 2150 3697 2206 amici

2047 2227 2517 2301 obtemperantes
2566 2230 2724 2303 aegri,
2780 2232 2944 2290 ocius
3004 2241 3356 2309 peregerunt
3401 2239 3557 2310 quod
3609 2240 3697 2297 eis

2048 2315 2339 2388 praecepit.
2371 2316 2587 2373 Verum
2618 2323 2933 2392 antequam
2964 2338 3116 2395 aeger
3129 2340 3460 2383 sermonem
3479 2327 3693 2398 ﬁniret,

2047 2421 2151 2476 per
2182 2404 2457 2477 pietatem
2488 2406 2726 2480 gloriosi
2761 2414 3001 2466 curatus
3029 2412 3347 2483 pontiﬁcis,
3376 2415 3448 2471 de
3478 2415 3695 2473 lectulo

2047 2509 2430 2567 consurgens,
2464 2495 2574 2551 iter
2602 2496 2850 2569 arripuit
2880 2499 3150 2570 pedibus,
3182 2508 3239 2556 et
3270 2503 3573 2561 universos
3602 2522 3696 2562 co-

2048 2582 2220 2638 mites
2251 2599 2428 2639 cursu
2461 2586 2759 2656 praecessit
2787 2587 3034 2659 equites,
3066 2589 3168 2660 qui
3196 2607 3332 2647 cum
3366 2591 3493 2664 ipso
3519 2593 3691 2650 itine-

2046 2671 2255 2726 rabant
2286 2671 2638 2745 complures,
2672 2678 2730 2729 et
2758 2674 2974 2731 volucri
2989 2680 3278 2749 gressuad
3293 2683 3689 2737 venerandum

2045 2757 2185 2814 almi
2215 2759 2493 2832 reliquias
2522 2761 2780 2835 cpiscoPi
2808 2765 3071 2836 pervenit
3112 2766 3447 2837 incolumis,
3498 2771 3691 2827 adhuc

2044 2846 2344 2904 sodalibus
2371 2847 2542 2921 longe
2574 2851 3036 2921 remanentibus,
3086 2855 3403 2914 canterinis
3450 2857 3587 2915 licet
3630 2863 3692 2917 et

2043 2935 2419 2992 adminiculis
2448 2938 2926 3011 suffragantibus.

2109 3027 2165 3078 7.
2195 3025 2469 3091 Quaedam
2501 3026 2678 3083 etiam
2711 3034 3038 3101 praepotens
3060 3036 3330 3090 matrona
3345 3052 3686 3093 commane-

296 3141 537 3198 ppssum
569 3127 740 3178 recte.
776 3120 985 3176 Custos
1014 3119 1242 3191 inquit:
1277 3119 1554 3192 Nunquid
1585 3128 1757 3177 antea
1773 3121 1933 3195 loqui
1964 3112 2006 3178 C
2044 3112 2144 3169 bat
2171 3112 2232 3168 in
2265 3113 2378 3170 alia
2404 3115 2726 3189 Anglorum
2756 3119 3053 3190 provincia
3082 3138 3211 3193 quae
3240 3140 3441 3178 eorum
3483 3124 3688 3198 lingua

296 3219 525 3288 poteras
546 3213 574 3268 ?
606 3209 713 3278 Qui
743 3208 1080 3282 respondit:
1108 3209 1421 3280 Nunquam
1439 3210 1934 3269 antehaclocutus

295 3318 450 3368 sum,
482 3307 540 3357 et
569 3316 727 3356 nunc
756 3301 948 3370 prima
977 3296 1194 3353 audisti
1223 3298 1399 3353 verba
1427 3315 1554 3369 quae
1585 3300 1657 3354 de
1687 3317 1785 3355 ore
1804 3318 1932 3357 meo

294 3395 435 3447 sunt
463 3404 789 3462 progressa.
820 3389 926 3441 Ast
955 3402 1060 3458 ego
1090 3385 1363 3441 hesterna
1391 3385 1519 3442 luce
1551 3394 1776 3458 mutus,
1814 3394 1933 3446 tres

293 3477 568 3534 mulieres
616 3476 732 3530 huc
780 3474 991 3530 deduxi
1040 3490 1242 3542 caecas,
1293 3476 1464 3547 (quae)
1512 3476 1628 3531 Deo
1663 3477 1928 3547 juvante,

292 3566 463 3622 modo
490 3568 628 3621 sunt
655 3564 937 3620 videntes.
970 3565 1332 3636 Quapropter
1379 3580 1572 3637 perge,
1622 3583 1763 3621 voca
1810 3566 1929 3621 fra-

288 3658 428 3721 tres,
464 3658 528 3709 ut
557 3652 727 3709 solito
759 3668 920 3707 more
949 3651 1194 3706 reddant
1223 3656 1438 3725 grates.

359 3744 415 3799 5.
448 3743 664 3798 Eodem
693 3740 945 3813 denique
974 3746 1233 3814 tempore
1250 3743 1515 3814 quaedam
1536 3743 1811 3800 ancillula
1827 3762 1930 3817 pro

288 3847 464 3903 parvo
493 3836 618 3886 erat
647 3829 961 3886 commisso
994 3829 1235 3903 religata
1264 3849 1298 3885 a
1327 3832 1561 3903 preprio
1623 3833 1929 3890 Wintoniae

287 3920 527 3976 domino
557 3918 938 3991 compedibus
970 3920 1190 3987 ferreis,
1218 3925 1278 3975 et
1305 3920 1759 3977 exsecrabilibus
1800 3939 1929 3978 ma-

287 4008 474 4077 nicis;
508 4009 630 4064 hzec
660 4007 1111 4080 pertrahebatur
1140 4008 1200 4063 in
1232 4008 1558 4065 crastinum
1614 4011 1932 4067 crucianda

285 4098 432 4154 diris
457 4096 816 4164 verberibus,
848 4112 915 4151 ac
948 4096 1247 4152 nonnullis
1277 4096 1582 4153 vibicibus.
1628 4099 1759 4154 Haec
1808 4103 1931 4155 tota

286 4202 402 4241 non
433 4183 681 4241 cessavit
709 4189 877 4240 nocte
899 4184 1150 4256 perfusis
1177 4185 1359 4240 Deum
1380 4185 1652 4259 lacrymis
1669 4204 1925 4257 exarare,

283 4279 350 4331 ut
380 4289 509 4329 eam
538 4272 813 4329 liberaret
842 4290 876 4329 a
906 4273 1162 4345 pessimo
1191 4278 1406 4330 tortore
1435 4292 1540 4347 per
1569 4275 1756 4331 sancti
1788 4293 1929 4348 pra:-

284 4362 432 4419 sulis
464 4361 968 4418 interventionem.
986 4361 1280 4418 Rutilante
1293 4366 1490 4420 autem
1505 4363 1618 4420 diei
1632 4364 1794 4431 hora,
1811 4381 1926 4436 quo

283 4452 606 4509 debebatur
629 4451 810 4524 afﬂigi
841 4451 1001 4525 gravi
1032 4454 1280 4520 tortura,
1311 4451 1928 4544 interpre‘cesetgemi-
1954 4480 2002 4544 D

281 4544 425 4609 tus,‘
453 4540 789 4597 ceciderunt
832 4541 1144 4613 compedes
1193 4541 1265 4596 de
1316 4541 1445 4610 ejus
1478 4542 1760 4614 pedibus;
1793 4559 1923 4613 quze

281 4628 438 4686 illico
486 4629 812 4703 periculum
860 4630 1131 4702 evadens,
1179 4630 1607 4687 dormientibus
1645 4630 1921 4699 dominis,

281 4718 544 4792 confugit
571 4720 645 4775 ad
676 4720 941 4775 tumbam
976 4719 1126 4775 sacri
1156 4719 1451 4792 pontiﬁcis
1499 4720 1693 4776 adhuc
1740 4719 1925 4793 ligata

352 4876 461 4950 (59)
494 4881 766 4961 parcerent
793 4879 1244 4961 trans'ins‘ulam.
1275 4877 1453 4960 Vecta
1482 4879 1698 4960 quippe
1726 4877 1922 4961 insula

280 4947 339 5002 in
360 4947 521 5031 ’τελέῃ-ἰ
551 4949 903 5031 Britannico,
933 4949 1233 5031 llantoniae
1252 4947 1658 5031 provinciaain
1678 4950 1922 5031 quesita

279 5020 715 5095 estWintonia,
750 5023 866 5076 fere
894 5021 1144 5093 adjacet,
1179 5025 1237 5079 et
1256 5020 1382 5076 non
1406 5021 1518 5076 nisi
1535 5020 1743 5095 exiguo
1762 5023 1833 5078 ab
1853 5039 1922 5078 ea

279 5090 425 5146 freto
456 5090 772 5146 dirimitur.

349 5163 477 5237 (6ολ
495 5162 676 5237 ld_est
706 5179 942 5237 corpore.
975 5164 1056 5237 Ex
1085 5163 1291 5237 Grieco
1311 5164 1468 5226 σῶμα,
1500 5180 1730 5237 corpus.
1791 5164 1924 5237 Vita

281 5233 503 5309 tus._S.
555 5233 905 5309 ltfagnobodi
948 5235 1397 5309 episcaAndeg.
1449 5233 1782 5309 cap.'5l.«
1812 5236 1921 5309 Ubi

276 5300 533 5381 plurima
563 5300 825 5381 {idalium
856 5300 1085 5376 semita,
1116 5307 1295 5381 digna
1323 5300 1694 5364 v'eneratione
1722 5307 1925 5365 habita

276 5374 673 5447 requiescunt.
703 5398 732 5427 ››

347 5445 471 5524 (61).
508 5445 686 5505 Uncis
733 5447 966 5524 inclusa
1012 5449 1313 5524 supplevit
1354 5450 1415 5506 P.
1488 5449 1923 5524 Papebrochius

276 5516 515 5596 propria
542 5534 742 5595 manu,
778 5521 1001 5583 addens
1030 5516 1106 5582 ad
1126 5516 1459 5600 marginem
1482 5539 1545 5584 :«
1568 5516 1661 5585 ita
1681 5539 1810 5583 esse
1836 5524 1923 5584 vi-

2042 3218 2075 3255 n
2087 3208 2417 3275 uncupatur
2449 3205 2845 3262 Bedeforshire
2867 3213 2883 3280 (
2886 3209 2998 3280 63),
3019 3209 3140 3265 haec
3157 3215 3280 3266 erat
3295 3214 3483 3285 spatio
3502 3214 3683 3270 trium

2041 3291 2184 3348 adeo
2239 3298 2453 3349 caecata
2502 3308 2790 3351 annorum
2825 3300 2889 3352 ut
2918 3314 3024 3353 nec
3053 3298 3421 3370 splendorem
3453 3300 3681 3360 luciferi

2040 3386 2239 3451 posset
2267 3381 2409 3437 solis
2439 3382 2842 3456 contemplari.
2866 3387 3000 3452 Qua:
3024 3387 3167 3444 dum
3188 3387 3527 3462 ingentibus
3547 3407 3680 3447 cru-

2041 3466 2293 3533 ciaretur
2348 3468 2673 3539 doloribus,
2732 3473 3006 3545 promisit
3062 3483 3263 3533 sancto
3318 3494 3381 3533 se
3409 3479 3682 3536 daturam

2041 3556 2227 3613 multa
2276 3563 2478 3615 sancto
2526 3559 2762 3632 praesuli
2809 3561 3123 3621 Swithuno
3171 3565 3433 3634 donaria,
3483 3567 3534 3624 si
3580 3585 3688 3642 per

2039 3647 2167 3716 ejus
2199 3647 2473 3703 meritum
2505 3647 2706 3705 lumen
2738 3651 3022 3724 reciperet
3046 3653 3371 3710 oculorum.
3422 3656 3687 3729 Cumque

2038 3733 2160 3789 haec
2208 3752 2243 3790 a
2288 3735 2583 3794 clientulis
2628 3738 2777 3795 foret
2826 3740 3077 3797 deducta
3125 3743 3198 3799 ad
3227 3743 3333 3800 viri
3358 3744 3688 3802 beatissimi

2038 3839 2193 3892 ossa,
2227 3823 2390 3880 dedit
2420 3825 2536 3881 Deo
2567 3832 2890 3900 sanctoque
2920 3830 3232 3888 Swithuno
3248 3838 3466 3890 vestem
3485 3851 3690 3906 quam-

2039 3910 2195 3978 dam,
2230 3929 2408 3984 quam
2440 3914 2582 3969 dum
2613 3915 2785 3971 altari
2806 3924 3179 3990 supponeret,
3204 3919 3359 3976 illico
3383 3920 3579 3978 lumen
3602 3940 3685 3980 re-

2038 3998 2228 4072 cipere
2258 4002 2494 4071 meruit,
2527 4004 2683 4075 quod
2713 4005 2939 4061 dudum
2971 4008 3266 4065 amiserat.
3300 4012 3455 4078 Quaa,
3489 4016 3685 4069 mente

2037 4089 2243 4144 devota
2291 4088 2495 4147 laudes
2545 4092 2661 4148 Deo
2694 4094 2948 4151 referens
2978 4100 3155 4168 atque
3183 4103 3315 4170 post
3344 4105 3681 4172 perceptam

2037 4176 2284 4233 salutem
2319 4179 2515 4235 cibum
2549 4182 2809 4254 capiens,
2840 4184 3083 4239 domum
3142 4185 3315 4242 rediit
3353 4185 3680 4258 laetissima,

2036 4282 2165 4337 qua:
2195 4268 2267 4322 ad
2286 4270 2474 4325 sancti
2493 4277 2941 4328 monumentum
2965 4274 3262 4346 pontiﬁcis
3280 4277 3528 4332 accessit
3545 4295 3685 4334 mua-

2036 4354 2319 4425 stissima,
2349 4375 2453 4430 per
2483 4360 2759 4416 virtutem
2790 4362 3207 4420 omnicreantis
3223 4363 3324 4421 Dei
3343 4368 3400 4420 et
3415 4364 3679 4423 Salvato-

2038 4443 2117 4499 ris
2151 4445 2335 4501 nostri
2361 4447 2393 4503 J
2399 4464 2503 4503 esu
2535 4447 2772 4505 Christi.

2102 4534 2157 4588 8.
2186 4533 2315 4589 Alia
2345 4552 2576 4609 quoque
2606 4539 3082 4597 marterfamilias
3113 4540 3305 4598 valida
3336 4542 3683 4617 aegritudine

2032 4623 2206 4694 erepit
2221 4622 2507 4681 inﬁrmari
2525 4627 2729 4683 eadem
2749 4632 3118 4701 tempestate.
3139 4630 3354 4688 Omnes
3383 4632 3580 4704 itaque
3595 4632 3681 4687 vi-

2031 4711 2232 4768 cissim
2261 4713 2489 4786 affines,
2522 4720 2578 4771 et
2606 4716 2812 4773 famuli
2844 4720 2916 4774 ad
2947 4736 3075 4776 eam
3102 4722 3465 4792 accedentes,
3485 4721 3682 4779 horta-

2030 4890 2285 4971 debetur
2287 4890 2597 4971 legendum
2608 4894 2836 4971 ,litteris
2849 4913 2988 4954 casu
3000 4915 3148 4971 pene
3157 4898 3395 4956 omnino
3410 4899 3636 4959 deletis.
3647 4925 3677 4954 η

2099 4964 2215 5031 (62)
2246 4962 2657 5044 list/pronum,
2692 4969 2753 5022 in
2781 4983 2886 5044 quo
2912 4962 3465 5044 mortufefferuntur,
3526 4971 3674 5031 alias

2031 5033 2726 5125 bacggylt't‘sugacjcapul'us,
2760 5033 2963 5125 uti__est
2993 5042 3148 5114 apud
3172 5033 3481 5125 'Cangiuni.

2100 5104 2214 5186 (63)
2260 5104 2667 5186 Βεάίρτάᾲξῃδίις
2707 5104 3049 5186 comitatus;
3080 5104 3379 5185 provincia
3428 5113 3671 5186 Anglia,

2030 5173 2090 5228 in
2120 5176 2249 5263 ejus
2280 5173 2628 5263 meditullio,
2655 5180 2804 5263 satis
2835 5173 3033 5263 parva,
3068 5173 3584 5263 etaseptentrion’e
3600 5173 3675 5243 ad

2031 5245 2336 5301 meridiem
2365 5245 2623 5306 extensa.
2655 5245 3029 5310 Terminatur
3058 5256 3131 5311 ad
3147 5245 3351 5312 Arctos
3368 5255 3677 5314 Northam-

2029 5315 2251 5395 pt_on_ia_,
2284 5322 2343 5373 et
2368 5320 2795 5395 ‘Huptingtonia
2823 5325 3224 5395 comitatibus,
3256 5326 3332 5383 ab
3362 5331 3495 5384 ortu
3525 5327 3678 5385 Can-

2029 5387 2281 5459 tabrigia
2327 5392 2385 5444 et
2428 5387 2756 5459 Harfordia,
2801 5395 2876 5451 ab
2922 5412 3134 5453 occasu
3180 5387 3315 5455 vero
3345 5401 3403 5457 et
3430 5399 3677 5457 meridie
3757 5429 3770 5442 -

2027 5457 2441 5609 gulisliggamia.
2470 5457 2822 5546 Primarium
2849 5467 2979 5543 ejus
3008 5468 3293 5547 oppidum
3314 5468 3683 5533 diciturBod-
