3960 6064
131 225 213 283 69
1487 218 1672 279 VI'I‘A
1713 217 1778 278 S.
1823 216 2240 279 SWITHUNI'
3487 222 3567 280 '70

135 355 370 410 bantur
395 369 529 410 eam
561 356 860 426 gementes
909 357 976 407 ut
1021 351 1287 424 proprias
1317 351 1650 424 disponeret
1680 366 1807 422 pos-
1836 351 1892 418 Α
1921 346 2290 405 intervallum
2323 347 2656 420 quindecim
2690 349 2940 416 dierum,
2974 351 3289 408 condolens
3328 358 3567 410 sanctus

133 441 792 511 sessiones,autequam
817 439 976 494 necis
997 439 1273 494 interitus
1293 439 1808 510 adventaret,quo—

135 529 306 583 niam
334 528 786 584 arbitrabantur
813 544 940 583 eam
973 527 1085 582 cito
1115 527 1589 583 obituram.Cum
1612 531 1808 582 autem

135 618 403 690 languor
431 616 820 672 intolerabilis
845 620 1160 688 augeretur
1189 616 1398 672 diebus
1429 615 1810 689 singulis,po-

137 707 254 762 sita
305 706 372 761 in
426 706 831 778 desperatione
879 705 1050 762 istius
1091 706 1245 770 vitae,
1280 705 1554 778 proxima:
1605 704 1810 759 mortis

134 795 476 863 vicinitate,
509 794 780 867 promisit
829 795 968 862 Deo,
1027 800 1346 867 sanctoque
1397 793 1627 867 praesuli
1661 793 1814 850 Swi-

136 885 359 950 tbuno,
393 885 549 957 quod
597 884 647 939 si
695 883 918 956 aliquid
951 901 1054 957 per
1083 885 1213 956 ejus
1243 884 1635 940 interventum
1685 901 1814 955 per-

136 974 344 1046 cipere
377 977 702 1028 mereretur
717 973 1082 1046 aegritudinis
1100 972 1588 1041 remedium,cum
1614 972 1815 1029 multis

138 1061 440 1128 denariis,
473 1061 826 1132 quantocius
875 1061 1112 1124 valeret,
1146 1062 1217 1116 ad
1269 1062 1398 1132 ejus
1448 1061 1816 1117 mausoleum

135 1150 460 1218 veniret,et
488 1167 668 1205 uuam
695 1150 912 1223 vigiliis
943 1154 1172 1206 noctem
1205 1151 1443 1206 duceret
1463 1155 1598 1205 ante
1621 1167 1816 1205 sacra-

138 1237 458 1294 tissimum
492 1237 589 1294 Dei
623 1238 827 1294 famuli
862 1238 1299 1310 corpusculum.
1325 1239 1486 1304 Quod
1518 1239 1660 1292 dum
1683 1255 1814 1310 pro-

143 1327 437 1395 mitteret,
474 1326 654 1398 potita
696 1331 786 1382 est
833 1327 1084 1382 sanitate
1135 1327 1394 1398 corporis
1429 1344 1442 1382 :
1477 1328 1576 1383 sed
1619 1327 1818 1382 amisit

139 1415 416 1488 vigorem
450 1414 980 1487 mentis,quoniam
1005 1415 1242 1488 quidem
1284 1415 1379 1470 Dei
1411 1414 1815 1472 beniﬁciorum

143 1505 493 1568 immemor,
548 1503 972 1576 promissiones
1019 1504 1236 1576 quibus
1286 1521 1412 1560 sese
1461 1503 1820 1576 obligaverat

147 1610 266 1648 non
303 1593 656 1659 observavit,
689 1597 747 1648 et
776 1593 996 1666 gratias
1023 1593 1139 1649 Deo
1164 1592 1412 1660 debitas,
1446 1592 1599 1649 sicut
1626 1593 1822 1648 condi-

149 1700 340 1757 gnum
373 1686 518 1747 erat,
553 1699 667 1737 non
702 1681 986 1754 rependit.

219 1773 278 1827 9.
316 1772 451 1827 Haec
480 1771 624 1826 dum
673 1776 806 1843 post
853 1771 1090 1843 aliquod
1132 1775 1388 1844 tempus,
1420 1788 1555 1828 cum
1587 1771 1821 1844 proprio

150 1863 410 1933 conjuge
442 1860 828 1916 meditaretur
858 1862 926 1916 ad
953 1862 1240 1932 quosdam
1273 1862 1508 1934 nuptias
1538 1862 1819 1934 equitare,

151 1950 452 2006 ministris
483 1949 740 2022 optimos
770 1949 1042 2022 praecepit
1085 1950 1431 2023 cornipedes
1477 1968 1822 2024 praeparare.

153 2041 260 2106 Qui
298 2045 622 2112 postquam
653 2038 1064 2095 decentissime
1096 2044 1237 2095 sunt
1269 2040 1458 2096 ornati
1488 2040 1705 2104 faleris,
1737 2039 1826 2096 vir

153 2131 306 2200 ejus,
340 2144 482 2184 cum
516 2127 890 2199 paucioribus
934 2128 1248 2184 antecessit
1279 2128 1615 2195 clientibus,
1645 2145 1822 2201 quem

154 2217 283 2289 ipsa
305 2233 448 2272 curn
481 2216 754 2288 pluribus
785 2217 1101 2272 subsecuta
1130 2221 1220 2272 est
1261 2217 1456 2273 citius.
1491 2219 1647 2285 Quae,
1681 2217 1823 2273 dum

156 2305 539 2379 phaleratum
572 2305 878 2361 scanderet
897 2321 1116 2377 equum
1137 2310 1194 2362 et
1219 2306 1359 2360 dum
1383 2305 1672 2379 equitaret
1693 2310 1826 2378 post

158 2395 468 2461 maritum,
504 2393 763 2450 dolorem
813 2411 927 2450 non
977 2394 1164 2450 sensit
1213 2394 1424 2460 ullum,
1456 2412 1561 2451 nec
1591 2395 1824 2468 penitus

159 2483 426 2556 aliquam
478 2483 845 2556 aegritudinis
894 2481 1246 2539 molestiam.
1282 2483 1541 2556 Denique
1585 2500 1717 2539 cum
1751 2484 1823 2539 ad

161 2573 439 2645 przefatas
473 2573 836 2644 pervenisset
866 2571 1123 2643 nuptias,
1157 2572 1216 2626 in
1250 2572 1466 2644 quibus
1496 2571 1692 2644 plures
1717 2573 1785 2627 ad
1798 2604 1826 2616 -

159 2667 324 2716 erant
348 2660 626 2716 consules
659 2665 718 2715 et
746 2660 914 2715 multi
945 2660 1350 2732 praeponentes
1372 2661 1526 2733 regis
1549 2661 1826 2716 satellites

161 2751 356 2806 subito
390 2750 642 2822 arripuit
671 2766 800 2805 eam
830 2750 955 2821 ipse
988 2749 1258 2822 languor,
1285 2766 1318 2804 a
1349 2767 1464 2821 quo
1497 2767 1684 2822 nupcr
1713 2767 1828 2804 me-

163 2841 356 2894 dicata
387 2839 582 2895 fuerat
611 2855 714 2910 per
759 2841 1032 2894 sanctum
1063 2838 1166 2893 Dei
1198 2837 1511 2894 famulum.
1545 2840 1696 2894 Tum
1727 2838 1829 2894 illa

165 2929 406 2983 demum
438 2925 778 2999 intelligens
825 2927 982 2998 quod
1035 2926 1252 2998 injuste
1281 2926 1514 2999 egisset,
1548 2926 1824 2999 quoniam

167 3020 372 3070 curata
403 3032 439 3070 a
467 3014 586 3069 Deo
635 3031 738 3086 per
784 3014 1059 3070 meritum
1100 3013 1310 3082 sancti,
1343 3015 1496 3071 baud
1531 3015 1828 3072 retulisset

1919 437 2019 492 Dei
2055 437 2491 508 famulus,quod
2527 439 2734 494 fratres
2767 440 2988 510 praefati
3022 441 3240 496 bonum
3263 443 3566 514 parvipeu-

1922 527 2124 582 derent
2154 543 2322 597 opus,
2353 531 2410 582 et
2455 527 2722 599 prwsulis
2768 527 3000 583 illorum
3043 529 3416 600 jussionibus
3453 549 3568 586 non

1920 615 2522 686 obtemperarent,nec
2541 616 2768 671 debitas
2781 617 2897 673 Deo
2921 617 3124 674 laudes
3157 620 3515 691 persolvet-en
3529 624 3571 688 ι»,

1922 705 2023 759 sed
2067 704 2124 758 in
2159 703 2514 775 perniciosas
2546 706 2771 761 Satanae
2803 707 3104 778 decipulas
3135 707 3476 776 inciderent,
3509 708 3572 764 in

1923 793 2147 847 somnis
2171 793 2562 865 (64)apparuit
2591 795 2844 865 quadam
2881 801 3046 850 nocte
3078 796 3311 851 cuidam
3342 813 3574 852 venera-

1923 881 2024 936 bili
2059 887 2359 947 matronte,
2388 881 2552 938 nivea
2581 882 2824 938 indutus
2855 884 3063 940 melote
3095 901 3160 940 ac
3193 885 3360 940 talari
3390 890 3570 953 veste,

1923 987 2130 1042 gerens
2158 987 2432 1027 coronam
2465 970 2522 1026 in
2556 973 2744 1044 capite
2767 975 3280 1045 auream,gemmis
3305 975 3577 1030 decenter
3601 1015 3608 1022 .

1924 1059 2202 1132 prcciosis
2249 1064 2513 1115 ornatam
2561 1065 2619 1115 et
2669 1061 2882 1117 Indicis
2937 1057 3181 1133 pulchre
3239 1063 3574 1135 margaritis

1925 1152 2240 1218 comptam,
2265 1166 2372 1204 nec
2404 1166 2518 1204 non
2552 1148 2891 1204 sandalibus
2923 1149 3336 1222 pulcherrimis
3363 1151 3575 1207 calcea-

1925 1241 2044 1300 tus,
2075 1237 2336 1308 dixitque
2363 1237 2444 1292 illi
2478 1237 2884 1294 blandissimis
2907 1239 3277 1295 sermonibus
3311 1257 3324 1295 :
3359 1241 3489 1296 Mox
3511 1245 3578 1296 ut

1924 1325 2138 1380 videris
2168 1325 2656 1391 Wintoniensem,
2692 1325 2902 1382 dilecta
2933 1326 3055 1393 Dei,
3105 1328 3448 1396 antistitem,
3485 1328 3576 1384 dic

1927 1413 1976 1468 ei
2009 1418 2072 1468 ut
2102 1413 2348 1485 imperet
2379 1415 2683 1470 monachis
2714 1416 3059 1488 degentibus
3091 1417 3306 1473 ibidem
3335 1435 3407 1474 ne
3450 1435 3576 1474 ces-

1929 1505 2059 1556 sent
2077 1501 2404 1573 gloriﬁcare
2419 1503 2598 1557 Deum
2617 1503 3074 1575 omnipotentem
3093 1505 3576 1579 quotiescumque

1929 1591 2220 1663 quispiam
2253 1596 2502 1663 mgrotus
2533 1593 2604 1648 ad
2648 1593 2945 1648 Swithuui
2997 1595 3262 1650 tumbam
3309 1595 3578 1667 praesulis

1929 1679 2210 1752 receperit
2239 1681 2620 1736 curationem.
2643 1680 2824 1736 Valde
2855 1682 3069 1738 etenim
3100 1683 3370 1756 displicet
3397 1685 3580 1740 omni.

1930 1769 2151 1842 potenti
2191 1769 2328 1835 Deo,
2387 1769 2607 1825 auctori
2657 1769 3098 1838 miraculorum,
3130 1773 3285 1844 quod
3318 1774 3580 1845 quotidie

1932 1857 2216 1913 miracula
2249 1857 2386 1912 facit
2414 1857 2867 1914 innumerabilia
2895 1875 3091 1916 coram
3133 1860 3318 1916 oculis
3349 1867 3577 1918 sancto-

1931 1964 2084 2015 rum,
2117 1952 2175 2003 et
2222 1946 2336 2019 ipsi
2377 1952 2497 2003 tam
2544 1947 2762 2019 injuste
2809 1953 3010 2022 agunt,
3044 1950 3197 2021 quod
3231 1950 3345 2007 Deo
3373 1951 3579 2008 laudes

1932 2053 2046 2091 non
2076 2036 2463 2102 referunt,sed
2494 2037 2715 2092 caduca
2743 2037 2965 2093 malum
2996 2038 3212 2106 studia,
3237 2041 3388 2110 quod
3414 2041 3580 2096 nefas

1930 2130 2022 2180 est
2053 2125 2236 2191 dictu,
2269 2125 2480 2180 divinis
2511 2126 2784 2198 operibus
2824 2131 3187 2198 preponunt.
3221 2128 3302 2183 Ne
3334 2129 3411 2184 sit
3438 2128 3577 2196 illis,

1933 2214 2190 2279 obsecro,
2220 2229 2392 2285 grave
2423 2230 2525 2286 per
2554 2213 2818 2287 singulas
2847 2214 3262 2272 omnicreantis
3286 2217 3460 2289 Regis
3477 2216 3583 2272 vir-

1932 2307 2086 2358 tutes
2116 2301 2440 2374 gloriﬁcare
2486 2303 2748 2358 omnium
2799 2305 3106 2360 Auctorem
3151 2305 3462 2372 virtutum,
3509 2323 3581 2362 ne

1933 2391 2192 2446 sentiant
2212 2390 2428 2445 iratum
2449 2391 2714 2447 Judicem
2735 2392 2995 2448 vivorum
3020 2398 3192 2466 atque
3214 2399 3579 2450 mortuorum

1933 2479 2078 2545 Quid
2115 2479 2322 2551 plura?

2005 2569 2091 2624 -l2.
2127 2568 2409 2639 Deinceps
2441 2567 2490 2623 si
2531 2569 2823 2641 quispiam
2871 2572 3114 2626 cessavit
3165 2590 3198 2627 a
3244 2573 3438 2640 laude,
3488 2591 3581 2629 re-

1935 2657 2126 2729 pletus
2189 2675 2346 2712 naevo
2397 2657 2646 2724 invidiae,
2696 2660 2946 2730 torporis
2986 2678 3053 2716 ac
3101 2663 3406 2734 superbiae,
3467 2665 3579 2719 nisi

1935 2745 2318 2801 commissum
2350 2745 2458 2800 hoc
2488 2745 2761 2802 deleverit
2800 2748 3180 2819 paenitudine,
3213 2752 3430 2807 carebit
3472 2753 3582 2808 mi-

1935 2834 2092 2890 nime
2121 2834 2396 2890 vitiorum
2429 2835 2650 2891 fraude.
2668 2835 2958 2892 Nimirum
2990 2838 3204 2895 idcirco
3235 2840 3390 2897 Deus
3420 2845 3503 2898 tot
3527 2845 3585 2899 et

1935 2927 2056 2979 tam
2087 2923 2372 2991 inaudita,
2407 2924 2745 2980 novissimis
2776 2926 3161 2998 temporibus,
3192 2931 3412 2986 mundo
3438 2948 3584 3003 prce-

1937 3014 2034 3069 bet
2057 3012 2340 3068 miracula
2371 3017 2436 3068 ut
2466 3012 2812 3070 mollescunt
2838 3014 3144 3071 hominum
3177 3035 3317 3074 saxa
3344 3035 3410 3074 ac
3440 3020 3582 3075 resi-

167 3103 419 3177 gloriam
468 3101 788 3171 Conditori,
821 3119 976 3172 mox,
1022 3103 1372 3175 iuquantum
1409 3103 1610 3171 valuit,
1642 3103 1824 3176 paeni-
1857 3087 1900 3154 C
1935 3102 2167 3174 piscant
2195 3119 2502 3173 pravorum
2541 3104 2736 3170 corda,
2779 3107 2837 3158 et
2883 3103 3158 3160 festinent
3205 3107 3276 3161 ad
3329 3106 3586 3164 coelestia

168 3194 441 3248 tudinem
468 3208 672 3265 agens,
704 3190 1012 3248 clientulos
1050 3193 1122 3248 ad
1167 3209 1230 3248 se
1279 3209 1624 3263 convocans,
1658 3210 1826 3266 quos,

174 3281 503 3336 secundum
538 3280 694 3353 quod
729 3280 836 3336 fari
864 3279 1065 3352 quivit,
1099 3280 1444 3354 suppliciter
1479 3282 1734 3338 exoravit
1765 3287 1830 3337 ut

175 3387 322 3436 eam,
356 3368 714 3442 quantocius
748 3374 1005 3440 possent,
1030 3371 1102 3425 ad
1134 3369 1416 3436 locum,in
1449 3387 1562 3442 quo
1585 3371 1672 3426 vir
1701 3388 1831 3427 san-

171 3463 301 3512 ctus
348 3457 710 3530 quiescebat,
745 3458 1054 3528 deferrent,
1087 3475 1202 3529 quo
1233 3475 1336 3530 per
1366 3459 1468 3514 Dei
1499 3458 1828 3515 misericor-

171 3549 330 3602 diam
362 3564 575 3603 rursus
626 3547 907 3618 reciperct
948 3547 1285 3602 sanitatem.
1346 3549 1480 3612 Qua;
1529 3547 1670 3602 dum
1728 3547 1828 3604 illo

171 3635 362 3692 delata
397 3636 546 3690 foret
576 3634 856 3690 clientum
879 3634 1203 3706 juvamine,
1236 3635 1294 3690 in
1345 3635 1612 3707 sequenti
1660 3639 1830 3692 nocte

169 3726 359 3780 denuo
381 3723 604 3796 recepit
633 3723 1018 3779 curationem.
1053 3723 1291 3780 Postera
1319 3741 1454 3780 vero
1480 3724 1572 3780 die
1602 3723 1827 3780 incolu-

95 3843 102 3853 ι
169 3814 279 3868 mis
310 3814 388 3869 ad
421 3812 797 3886 supradictas
824 3812 1121 3884 repedavit
1150 3813 1412 3885 nuptias,
1443 3814 1826 3886 omnipotenti

167 3907 278 3958 Deo
311 3903 542 3975 gratias
571 3902 828 3957 referens
849 3900 1242 3972 justissimas.

238 3994 324 4048 10.
357 3990 514 4046 Dum
570 3988 777 4044 mundi
829 3989 1114 4046 Dominus
1160 4007 1227 4046 ac
1280 3989 1544 4046 Salvator
1589 3990 1828 4048 inclitus

171 4079 516 4134 miriﬁcaret
559 4081 830 4133 sanctum
871 4095 1046 4133 suum
1079 4079 1362 4152 prodigiis
1392 4095 1458 4134 ac
1488 4079 1824 4147 virtutibus,

173 4167 387 4239 praesul
437 4167 789 4222 venerabilis
834 4166 1233 4234 Adelwoldus,
1285 4167 1387 4240 qui
1431 4167 1826 4224 Wintoniensi

175 4261 417 4326 praeerat
444 4255 766 4320 dimcesidn
796 4254 912 4310 illis
933 4255 1140 4311 diebus
1169 4255 1502 4327 impetravit
1523 4256 1822 4326 fratribus,

1939 3189 2107 3246 bonis
2137 3190 2412 3264 operibus
2441 3191 2676 3264 gaudia,
2711 3191 2988 3264 quoniam
3029 3193 3198 3266 signa
3247 3195 3584 3252 inﬁdelibus

1938 3279 2169 3352 populis
2198 3283 2338 3335 sunt
2369 3279 2980 3348 tribucnda,ﬁdelibus
2996 3286 3192 3338 autem
3211 3299 3582 3356 nequaquam

1938 3369 2285 3425 necessaria.
2314 3369 2591 3440 Nunquid
2623 3369 2739 3424 Deo
2771 3385 2965 3425 rerum
2999 3371 3286 3427 conditori
3305 3373 3587 3429 obediuut

1938 3455 2038 3526 qui
2068 3457 2118 3526 ej
2131 3473 2198 3511 us
2228 3455 2509 3511 beneﬁcia
2538 3455 3007 3529 ﬂoccipeudunt?
3036 3458 3238 3513 Nonne
3269 3459 3585 3517 Dominum

1937 3545 2009 3599 ad
2040 3543 2406 3599 iracundiam
2438 3549 2751 3615 provocant
2780 3545 2880 3617 qui
2905 3545 3133 3602 silentio
3164 3549 3294 3620 ejus
3323 3550 3588 3621 magniﬁ-

1939 3633 2188 3687 centiam
2214 3632 2463 3704 negant?
2480 3633 2562 3687 Ad
2573 3633 2642 3688 de
2663 3633 2838 3688 etiam
2861 3634 2982 3689 haec
3003 3637 3235 3707 quod,si
3259 3654 3293 3692 a
3310 3637 3588 3694 laudibus

1937 3721 2291 3776 cessaverint
2309 3721 2810 3793 fratres,protiuus
2829 3725 3583 3798 cessabuntmagnaliaDei.

2010 3810 2096 3864 13.
2123 3810 2182 3866 Si
2212 3827 2345 3866 vero
2375 3827 2491 3866 non
2525 3811 2840 3867 desiverint
2869 3811 3161 3869 caelestem
3210 3815 3588 3887 magniﬁcare

1937 3903 2245 3972 regem,tot
2255 3903 2313 3954 et
2324 3903 2485 3953 tanta
2495 3899 2808 3970 Dominum
2825 3901 3088 3956 omnium
3106 3903 3587 3974 patrabitibidem

1936 3988 2222 4043 miracula
2253 3992 2396 4058 quot
2407 3991 2465 4043 et
2476 3993 2698 4059 quanta
2710 4006 2743 4043 a
2758 3989 2988 4046 nemine
3001 3992 3380 4048 recordantur
3394 3993 3590 4049 viven-

1934 4081 1991 4132 te
2010 4091 2187 4148 super
2206 4080 2421 4131 terram
2444 4081 2678 4147 peracta
2699 4075 2982 4133 hactenus
3003 4079 3256 4150 uspiam,
3276 4085 3587 4152 postquam

1934 4165 2365 4237 divinitas,quze
2399 4166 2456 4220 in
2489 4182 2668 4220 unam
2695 4166 2906 4221 Christi
2941 4184 3248 4238 personam
3281 4170 3471 4239 iunxit
3491 4187 3589 4243 ge-

1934 4254 2155 4309 minam
2188 4258 2483 4326 potentem
2517 4258 2810 4322 naturam,
2831 4255 3012 4310 Deum
3046 4261 3104 4312 et
3137 4256 3434 4313 hominem
3467 4275 3591 4315 ser-

172 4344 391 4400 ibidem
425 4343 947 4412 commorantibus,
981 4345 1136 4416 quod
1169 4346 1640 4417 quandocunque
1670 4346 1828 4417 quis-
1931 4359 2071 4397 vum
2103 4346 2160 4397 et
2188 4342 2835 4408 seniorem,creaturam
2868 4349 2926 4400 et
2957 4344 3307 4413 Creatorem,
3331 4347 3486 4402 vexit
3516 4347 3589 4402 ad

171 4432 325 4505 piam
360 4449 516 4506 aeger
545 4449 647 4505 per
674 4432 947 4488 virtutem
979 4431 1208 4487 Domini
1240 4436 1298 4488 et
1329 4433 1605 4490 meritum
1636 4433 1826 4490 sancti
1857 4453 1906 4518 D
1936 4431 2111 4488 caelos
2143 4435 2404 4486 nostram
2437 4431 3144 4490 bumanitatcm.Sanctus
3175 4435 3275 4490 Dei
3308 4435 3587 4502 famulus,

172 4521 458 4577 antistitis
484 4521 771 4577 medelam
793 4520 1050 4592 corporis
1070 4525 1330 4594 optatam
1353 4523 1830 4595 perciperet,pro-

172 4611 330 4666 tinus
362 4626 574 4666 omnes
604 4609 764 4666 illius
792 4609 901 4665 loci
935 4610 1141 4666 fratres
1172 4610 1502 4666 necessaria
1532 4609 1830 4683 relinque-

173 4704 580 4770 rent,qua3que
599 4697 657 4752 in
675 4697 953 4754 manibus
974 4699 1577 4766 tenerent,ecclesiam
1599 4700 1832 4756 adirent

171 4795 224 4844 et
253 4788 550 4860 condigne
582 4793 759 4844 Deum
790 4787 1205 4860 gloriﬁcarent.
1253 4787 1477 4844 Accidit
1519 4793 1716 4845 autem
1765 4794 1832 4846 ut

175 4875 622 4949 quidam,illecti
651 4877 980 4932 daemonum
1005 4877 1593 4951 fraudibus,graviter
1613 4880 1831 4935 ferrent

176 4965 328 5036 quod
351 4969 472 5019 tem
491 4981 640 5036 saepe
662 4964 1053 5020 excitarentur
1073 4965 1143 5021 de
1175 4966 1478 5020 nocturnis
1508 4967 1825 5039 quietibus,

177 5054 400 5108 scilicet
429 5052 748 5124 aliquando
779 5053 1315 5126 tribus,aliquando
1347 5058 1600 5126 quatuor
1620 5056 1679 5111 in
1712 5073 1831 5112 una

179 5146 345 5196 nocte
371 5141 692 5210 vicibus,ac
717 5142 1032 5198 suaderent
1060 5147 1296 5199 caeteros
1311 5159 1486 5215 prave
1504 5144 1833 5217 relinquere

180 5231 333 5303 quod
368 5229 488 5284 illis
508 5230 601 5303 pie
631 5231 986 5304 imperatum
1012 5231 1199 5287 fuerat
1219 5231 1293 5288 ab
1313 5249 1514 5288 eorum
1536 5231 1829 5306 pontiﬁce.

245 5319 336 5375 Η.
373 5319 534 5384 Quod
572 5320 714 5376 dum
764 5319 998 5376 incaute
1046 5319 1194 5376 foret
1241 5320 1702 5392 praetermissum
1732 5339 1837 5394 per

245 5425 693 5498 (erApparitio
723 5425 849 5482 haec
889 5423 1140 5482 habetur
1185 5442 1366 5498 supra
1413 5425 1472 5482 in
1508 5427 1776 5498 Historia
1805 5445 1837 5485 e

182 5513 290 5557 ms.
325 5495 630 5573 Bigdt'iano
661 5500 900 5576 sumpta
922 5495 1554 5571 contractius,mutatis
1575 5497 1839 5576 aliquan-

1939 4537 2073 4576 mox
2099 4525 2164 4574 ut
2192 4519 2333 4576 talia
2362 4519 2447 4574 illi
2479 4520 2727 4594 gloriose
2760 4527 3048 4594 praecepta
3080 4524 3280 4579 retulit
3308 4529 3588 4580 matronae

1938 4611 1997 4664 in
2020 4608 2244 4681 soporis
2267 4608 2840 4682 visione,angelicum
2861 4610 2997 4666 inde
3016 4627 3320 4668 removens
3338 4612 3588 4670 vultum.

1938 4715 2072 4753 cum
2092 4698 2358 4753 vibrante
2379 4696 2506 4753 luce
2526 4698 2866 4754 conscendit
2887 4698 3401 4772 olympum.Mater
3424 4701 3590 4756 fami-

1938 4785 2046 4841 lias
2077 4791 2433 4859 autem,post
2464 4787 2650 4842 sancti
2679 4787 3067 4843 recessionem
3099 4788 3382 4863 evigilans
3403 4807 3439 4846 a
3457 4791 3591 4847 dor-

1938 4875 2199 4930 mitionis
2230 4875 2560 4948 gravedine,
2590 4876 2764 4948 coepit
2795 4876 3047 4932 multum
3081 4877 3274 4934 dolere
3309 4879 3463 4951 quod
3495 4895 3591 4936 ca-

1939 4963 2102 5018 rebat
2130 4963 2502 5029 claritudine,
2533 4980 2710 5035 quam
2744 4981 2845 5036 per
2870 4965 3166 5022 somnium
3215 4974 3595 5039 conspexerat

1939 5049 2325 5117 ineffabilem;
2360 5066 2486 5121 quae
2516 5054 2635 5104 tam
2667 5053 2832 5108 ocius
2861 5069 3039 5124 quam
3070 5053 3253 5110 valuit
3281 5057 3354 5111 de
3387 5055 3591 5128 fulcro,

1941 5155 2058 5210 quo
2079 5138 2336 5210 jacebat,
2367 5138 2640 5210 surrexit,
2673 5144 2730 5195 et
2775 5140 3056 5198 accersito
3105 5142 3422 5208 venerabili
3470 5146 3594 5218 epi-

1942 5243 2138 5300 scopo,
2162 5226 2434 5284 intimare
2463 5228 2692 5285 studuit
2714 5230 3002 5304 quidquid
3032 5229 3090 5288 iu
3126 5232 3372 5291 summis
3402 5234 3473 5291 ab
3497 5252 3597 5294 an-

1943 5315 2072 5389 gelo
2100 5315 2318 5372 Cbristi
2347 5316 2589 5391 accepit.

1943 5422 2139 5481 tulum
2171 5422 2492 5498 adjunctis.
