3960 6064
323 192 392 248 71

1279 187 1683 248 GOSCELINI
1731 187 2040 263 CANII‘UA
2055 187 2364 248 RIENSIS
2412 187 2790 250 MONACHI.

3652 195 3732 254 ’72

391 322 474 378 44.
513 320 619 387 Qui
649 323 978 376 commotus
1009 319 1418 392 paululum,ut
1445 320 1610 376 decet
1640 319 1961 392 sapientem
1991 320 2046 386 Α
2076 320 2152 376 sit
2181 322 2251 376 ad
2285 291 2470 376 sancti
2501 321 2608 376 viri
2641 321 3081 394 corpusculum,
3117 323 3177 378 in
3208 321 3338 396 ipso
3369 323 3460 380 die
3491 327 3733 382 curatus

318 409 643 478 virnm,cur
656 411 863 465 fratres
885 425 999 463 non
1017 409 1276 481 egissent
1301 409 1626 463 secundum
1651 407 1809 464 illius
1831 426 1969 480 pra:-

320 507 576 572 ceptnm,
609 517 814 554 rursus
844 497 1200 572 praescriptis
1231 497 1531 553 mandavit
1561 497 1864 553 monachis
1896 498 1968 553 de

319 589 534 662 palatio
567 589 742 661 regis,
775 588 835 643 in
866 605 982 660 quo
1030 605 1133 660 pro
1167 589 1465 643 communi
1499 587 1748 642 utilitate
1779 585 1964 658 regni,

318 678 433 735 Deo
465 677 891 734 cunctitonanti
921 675 1213 732 militabat
1241 676 1299 730 in
1333 675 1540 731 diebus
1573 675 1893 746 illis,quod,
1917 674 1967 730 si

319 768 613 840 quispiam
647 768 894 836 adesset,
929 767 1031 839 qui
1063 767 1176 821 Deo
1207 765 1411 822 laudes
1439 783 1554 821 non
1593 765 1877 831 redderet,
1912 768 1969 820 et

318 859 392 914 ad
421 857 726 913 ecclesiam
761 855 1005 912 festinus
1028 873 1141 911 non
1163 859 1429 928 pergeret
1449 851 1696 921 illico,ut
1725 852 1968 926 quilibet

319 963 468 1020 azger
489 963 590 1018 per
612 946 892 1001 virtutum
925 950 1138 1001 sanctae
1161 943 1466 998 Trinitatis
1496 943 1808 998 sanitatem
1831 941 1970 997 reci-

317 1040 498 1106 peret,
524 1034 924 1106 pmnitentiam
959 1037 1182 1104 septem
1209 1032 1438 1088 dierum
1471 1030 1776 1104 ageret,nil
1806 1047 1970 1085 man-

317 1125 541 1180 ducans
559 1140 747 1196 neque
762 1124 968 1178 bibens
987 1125 1198 1194 praeter
1214 1137 1427 1193 aquam
1445 1126 1502 1176 et
1513 1120 1832 1192 panem.Ex
1850 1135 1966 1190 quo

316 1216 576 1284 tempore
598 1227 970 1284 nequaquam
992 1214 1082 1266 est
1103 1209 1583 1282 praetermissum,
1600 1208 1967 1280 quotiescun-

317 1318 430 1373 que
461 1302 532 1356 ab
565 1300 717 1356 beati
747 1299 855 1354 viri
886 1297 1324 1372 corpusculum,
1358 1298 1476 1354 sive
1519 1298 1578 1352 in
1627 1297 1737 1365 die,
1771 1313 1874 1353 seu
1903 1295 1964 1350 in

317 1390 510 1445 media
539 1393 724 1456 nocte,
759 1393 952 1444 actum
984 1393 1073 1444 est
1101 1388 1398 1459 quoddam
1422 1386 1794 1452 miraculum,
1827 1385 1965 1441 edili

315 1479 621 1552 paululum
652 1477 923 1550 pulsante
947 1477 1729 1548 tintinnabulum,quatenus
1760 1477 1966 1532 fratres

315 1587 430 1625 non
463 1569 692 1624 adirent
722 1567 1051 1624 coenobium
1101 1567 1172 1622 ad
1223 1566 1669 1640 gloriﬁcandum
1701 1565 1966 1637 omnipo-

314 1662 532 1714 tentem
567 1657 906 1725 Dominum;
939 1657 1033 1712 cui
1089 1656 1276 1712 honor
1321 1655 1529 1721 virtus,
1563 1660 1737 1726 atque
1783 1655 1966 1726 impe-

315 1748 492 1816 rium,
523 1749 672 1803 doxa
695 1749 829 1816 (65),
865 1747 1164 1817 majestas,
1198 1763 1444 1818 paxque,
1487 1745 1812 1817 tripudium
1865 1760 1967 1815 per

313 1836 669 1892 immortalia
701 1835 914 1892 saecula
944 1835 1312 1891 saeculorum.

387 1927 474 1981 l5.
503 1926 756 1992 Quidam
805 1925 1059 1995 denique
1105 1925 1194 1978 vir
1242 1923 1664 1978 Londoniensis
1713 1923 1793 1976 ita
1840 1926 1965 1978 erat

315 2017 516 2072 eodem
549 2019 810 2085 tempore
831 2013 1170 2067 debilitatus
1191 2011 1466 2067 omnibus
1490 2010 1790 2077 membris,
1807 2011 1961 2081 quod

316 2122 558 2178 prorsus
590 2101 812 2157 nullam
834 2103 960 2173 jam
995 2106 1192 2173 posset
1223 2117 1454 2174 sperare
1487 2099 1961 2155 medelam.ldem

315 2196 510 2249 autem
565 2191 808 2246 audiens
855 2189 1274 2245 miraculorum
1316 2189 1670 2261 opinionem,
1703 2205 1830 2260 quze
1864 2203 1965 2260 per

315 2283 497 2338 cosmi
521 2283 631 2354 (66)
655 2279 968 2334 Salvatoris
999 2279 1272 2350 pietatem
1297 2278 1679 2350 patrabantur
1707 2277 1779 2332 ad
1811 2277 1962 2331 vatis

315 2370 704 2436 mausoleum,
740 2369 811 2424 ab
843 2369 1070 2442 agnatis
1094 2367 1322 2422 delatus
1356 2370 1445 2421 est
1478 2366 1830 2424 Wintoniam
1873 2382 1960 2420 se-

315 2461 573 2516 cundum
605 2461 734 2531 ejus
763 2457 1397 2528 desiderium,cupiens
1427 2456 1698 2511 accedere
1731 2455 1801 2509 ad
1835 2471 1964 2510 san-

313 2555 473 2606 ctum
503 2547 716 2605 Christi
746 2547 950 2603 famuli
981 2546 1414 2619 corpusculum,
1443 2551 1499 2601 et
1539 2545 1681 2600 inibi
1713 2544 1961 2617 vigilans

315 2657 432 2694 una
461 2642 628 2693 nocte
658 2636 991 2709 degere,sed
1026 2634 1267 2690 minime
1296 2634 1502 2706 quibat
1525 2651 1636 2706 prae
1665 2633 1844 2688 nimio
1867 2634 1963 2688 do-

312 2727 581 2794 lore.Quo
613 2742 747 2781 cum
771 2728 901 2796 post
931 2723 1152 2796 aliquot
1173 2724 1576 2794 deportaretur
1606 2722 1958 2793 dies,eadem

313 2820 482 2872 nocte
531 2815 758 2872 coalitus
810 2817 1050 2869 curatus
1099 2816 1206 2868 est.
1240 2812 1342 2866 Vir
1390 2828 1644 2884 namque
1676 2812 1798 2882 ipse
1837 2815 1958 2865 tam

312 2905 470 2978 gravi
505 2921 816 2977 percussus
846 2907 970 2958 erat
1001 2901 1344 2974 aegritudine
1367 2906 1432 2956 ut
1463 2917 1674 2956 manus
1705 2904 1762 2954 et
1784 2900 1960 2971 pedes

312 2993 472 3050 illius
504 2997 637 3066 post
664 2998 892 3065 tergum
923 2990 1072 3046 versi
1113 2994 1507 3046 cernerentur.
1540 2989 1757 3044 Verum
1805 2989 1958 3044 Deus

1994 1695 2043 1759 B

2075 415 2166 466 est
2214 410 2394 466 altero
2443 411 2610 483 pede,
2641 416 2698 466 et
2746 411 3052 467 confestim
3086 411 3252 468 laetus
3285 412 3458 468 rediit
3487 414 3730 470 domum

2075 498 2342 571 pedibus,
2377 499 2762 571 magniﬁcans
2788 500 3102 556 Dominum
3135 501 3528 558 sermonibus.

2147 587 2538 644 l7.Venerunt
2559 588 2872 662 aliquando
2903 590 2975 644 ad
3010 594 3278 646 sanctum
3319 591 3412 646 Dei
3438 591 3728 648 famulum

2076 695 2143 733 ex
2188 677 2431 734 diversis
2477 677 2796 751 Anglorum
2847 679 3162 752 provinciis
3208 679 3414 753 viginti
3468 680 3730 753 quinque

2076 767 2315 835 infirmi,
2347 767 2524 823 variis
2555 767 2938 840 languoribus
2967 768 3289 838 constricti,
3316 768 3540 826 scilicet
3567 769 3724 838 caeci,

2077 855 2291 924 claudi,
2316 857 2479 911 surdi
2511 860 2568 912 et
2599 856 2778 924 muti;
2812 856 2912 928 qui
2941 856 3002 912 in
3035 856 3211 913 unius
3233 857 3346 914 diei
3369 857 3728 914 revolutione

2076 961 2280 1000 omnes
2309 961 2412 1016 per
2439 944 2754 1017 gloriosam
2776 945 2993 1020 egregii
3016 946 3337 1002 sacerdotis
3359 946 3732 1003 interventio-

2075 1051 2209 1089 nem
2229 1052 2261 1089 a
2278 1033 2523 1090 Domino
2555 1040 2898 1090 meruerunt
2919 1035 3175 1108 recipere
3204 1035 3730 1103 curationem.Qui-

2077 1123 2211 1178 dam
2243 1123 2416 1178 etiam
2449 1139 2646 1179 comes
2674 1123 2930 1179 multum
2951 1124 3112 1180 dives
3133 1124 3387 1180 habebat
3406 1125 3724 1199 ﬁlium,qui

2075 1229 2109 1267 a
2140 1211 2438 1268 nativitate
2468 1213 2872 1284 quinquennio
2895 1231 3040 1270 usus
3053 1217 3140 1270 est
3157 1213 3286 1270 visu
3308 1231 3725 1288 corporeo,quo

2075 1299 2300 1374 expleto
2354 1300 2521 1357 illum
2576 1301 2792 1372 amisit,
2825 1306 2882 1358 et
2911 1302 3022 1358 alio
3052 1301 3238 1358 lustro
3267 1319 3454 1360 caicus
3483 1303 3724 1370 exstitit,

2075 1389 2176 1462 qui
2221 1391 2363 1445 dum
2411 1407 2531 1446 una
2572 1396 2742 1448 nocte
2789 1390 3128 1465 vigilaretur
3174 1409 3210 1448 a
3256 1392 3556 1465 genitrice,
3588 1409 3724 1448 cum

2076 1478 2330 1551 plurima
2359 1479 2635 1534 clientum
2671 1479 3052 1536 multitudine
3072 1480 3129 1534 in
3153 1480 3513 1554 templo,quo
3535 1480 3728 1554 quies-

2075 1568 2286 1623 cebant
2329 1568 2678 1624 venerabilis
2725 1569 2831 1624 viri
2873 1569 3153 1642 reliquiae,
3186 1586 3396 1626 aurora
3427 1570 3581 1626 diem
3610 1571 3722 1626 du-

2075 1662 2259 1724 cente,
2293 1657 2600 1730 glaucoma
2632 1675 2699 1713 ex
2730 1658 2916 1714 oculis
2944 1659 3072 1730 ejus
3105 1659 3362 1728 recessit,
3394 1663 3450 1716 et
3479 1659 3594 1716 Deo
3624 1677 3724 1716 vo-

2073 1742 2224 1800 lente
2255 1743 2478 1800 elarum
2503 1745 2695 1801 videre
2725 1745 2935 1817 potuit.

2725 1834 2959 1891 CAPUT
3001 1835 3070 1892 II.

2479 1922 2872 1978 Hiraculorum
2901 1940 3030 1996 pars
3060 1924 3322 1981 secunda.

2143 2011 2230 2066 48,
2263 2011 2386 2066 Non
2421 2016 2509 2066 est
2553 2017 2748 2067 autem
2799 2012 3032 2068 silentio
3063 2013 3531 2085 praetereundum
3565 2013 3722 2086 quod

2072 2105 2206 2155 ante
2243 2101 2635 2157 inventionem
2686 2103 3068 2158 sacratissimi
3118 2101 3376 2174 corporis
3427 2101 3726 2159 Swithuni

2072 2188 2404 2255 antististis,
2435 2190 2525 2244 vir
2555 2190 2799 2261 quidam
2832 2190 3011 2247 nobili
3043 2196 3205 2247 ortus
3237 2190 3724 2264 prosapia,abun-

2071 2279 2220 2334 dans
2251 2279 2461 2350 opibus
2493 2279 2861 2351 plurimis,in
2888 2280 3092 2336 eadem
3124 2281 3372 2353 degebat
3401 2279 3721 2352 Anglorum

2071 2368 2325 2440 regione,
2360 2368 2457 2440 qui
2493 2372 2740 2424 czscatus
2788 2373 2876 2424 est
2918 2385 3056 2424 casu
3087 2369 3408 2425 eveniente.
3442 2369 3494 2425 Is
3524 2369 3722 2442 itaque

2071 2457 2314 2512 Romam
2346 2459 2596 2530 perrexit
2625 2473 2761 2513 cum
2791 2458 2950 2514 omni
2983 2459 3197 2513 mentis
3230 2457 3556 2525 devotione,
3576 2475 3719 2530 qua-

2069 2549 2242 2601 tenus
2271 2546 2349 2601 ibi
2384 2551 2692 2602 sanaretnr
2738 2564 2841 2618 per
2887 2546 3194 2602 benedicta
3226 2551 3560 2602 sanctorum
3594 2563 3721 2602 cor-

2069 2651 2373 2707 pora,qua3
2405 2635 2484 2690 ibi
2517 2635 2892 2706 requiescunt
2920 2634 3506 2702 innumerabilia.Qui
3543 2635 3722 2691 ferme

2069 2740 2172 2795 per
2199 2723 2570 2779 intervallum
2603 2725 2861 2797 quinque
2907 2741 3197 2780 annorum
3247 2725 3308 2780 in
3357 2724 3719 2780 orationibus

2067 2812 2410 2884 permansit,
2435 2816 2494 2869 et
2524 2813 2875 2868 medicinam
2908 2813 3152 2885 propriae
3183 2811 3458 2868 caecitatis
3479 2812 3723 2869 minime

2068 2901 2419 2974 impetravit.
2454 2901 2562 2968 Qui
2595 2902 3012 2974 denique,dum
3045 2902 3124 2958 ibi
3155 2903 3409 2975 degeret,
3440 2901 3660 2958 audivit
3689 2918 3724 2958 a

2067 2990 2489 3063 peregrinis,de
2517 2990 2837 3064 Anglorum
2861 2992 3080 3048 ﬁnibus
3103 2992 3175 3047 ad
3201 2991 3408 3048 limina
3439 2990 3725 3064 apostolo-

312 3064 1041 3154 omnip—otens,misericors
1072 3097 1138 3135 ac
1169 3077 1548 3150 clemens,qui
1572 3095 1684 3133 non
1709 3077 1958 3133 derelin-
1989 3064 2031 3130 Ο
2071 3096 2202 3134 rum
2234 3079 2479 3134 Romam
2509 3079 2899 3150 venientibus,
2933 3080 3087 3152 quod
3123 3079 3408 3137 Dominus
3434 3096 3720 3154 agrorum

312 3173 438 3245 quit
475 3189 678 3228 omnes
725 3171 784 3226 in
839 3187 900 3226 se
946 3173 1269 3242 sperantes,
1301 3185 1404 3241 per
1449 3168 1636 3223 sancti
1682 3166 1958 3221 meritum

312 3262 630 3326 Swithuni,
664 3279 781 3317 suae
816 3259 1095 3316 misertus
1126 3263 1215 3314 est
1243 3257 1540 3327 creationi,
1573 3256 1839 3312 tribuens
1871 3256 1960 3310 in-

311 3351 480 3406 firmo
513 3349 827 3422 pristinum
856 3348 1113 3420 vigorem
1146 3345 1403 3419 corporis
1433 3347 1504 3400 ad
1539 3344 1631 3401 sui
1669 3343 1960 3416 gloriﬁca-

311 3439 528 3494 tionem
552 3436 1124 3508 nominis,quatenus
1141 3434 1454 3490 incolumis
1479 3435 1718 3489 effectus
1741 3432 1962 3506 magni-

311 3529 513 3584 ficaret
539 3526 877 3592 Dominum,
911 3525 1010 3596 qui
1041 3524 1180 3579 facit
1207 3523 1500 3579 mirabilia
1531 3540 1744 3594 magna
1775 3520 1956 3590 solus,

313 3615 587 3671 omnibus
613 3614 743 3669 vitae
777 3630 894 3668 suzs
927 3611 1156 3668 diebus.

385 3706 471 3760 16.
507 3703 766 3774 Denique
811 3719 881 3756 ex
929 3701 1167 3773 praefata
1213 3701 1356 3756 urbe
1405 3701 1702 3772 quondam
1743 3699 1961 3773 pariter

309 3797 593 3849 venerunt
622 3790 975 3849 Wintoniam
995 3789 1263 3845 homines
1279 3789 1410 3845 caeci
1432 3807 1674 3845 numero
1706 3788 1957 3845 sedecim

311 3882 618 3954 utriusque
649 3897 839 3937 sexus.
872 3881 912 3934 E
946 3879 1160 3951 quibus
1193 3878 1527 3950 quindecim
1548 3877 1782 3950 eprima
1802 3877 1959 3933 coali-

310 3975 407 4027 tus
427 3969 740 4025 illuminati
759 3973 898 4025 sunt
915 3969 1006 4023 die
1027 3985 1040 4032 ;
1067 3972 1264 4023 sextus
1277 3971 1470 4022 autem
1490 3967 1752 4022 decimus
1775 3965 1958 4022 altero

309 4059 639 4116 lucescente
670 4075 840 4114 mane
869 4075 1002 4114 cum
1031 4056 1231 4111 multis
1263 4055 1677 4128 languentibus
1698 4055 1961 4128 aliis,pcr

311 4149 586 4204 meritum
622 4148 806 4204 sancti
837 4145 1103 4219 praesulis
1135 4146 1496 4202 curationem
1539 4146 1791 4218 recipere
1837 4163 1957 4201 me-

310 4238 512 4306 ruit,et
532 4237 614 4293 sic
636 4237 1011 4310 postmodum
1035 4235 1149 4292 Deo
1173 4234 1540 4308 justissimas
1570 4234 1958 4306 persolventes

309 4327 423 4382 laeti
453 4327 691 4400 gratias,
723 4325 934 4382 reversi
967 4330 1106 4381 sunt
1136 4325 1408 4381 videntes
1439 4323 1822 4395 Londoniam,
1856 4323 1956 4395 qui

311 4417 444 4473 caeci
476 4433 662 4488 nuper
689 4419 986 4470 venerant.

381 4505 626 4571 Quidam
659 4503 904 4560 claudus
935 4503 1112 4559 etiam
1146 4507 1391 4573 utroque
1440 4502 1585 4572 pede
1632 4519 1963 4557 commora-

311 4592 484 4648 batur
512 4593 570 4647 in
612 4593 812 4648 eadem
858 4590 1086 4646 civitate
1135 4589 1465 4655 Londonias,
1501 4588 1600 4660 qui
1649 4590 1958 4645 sanitatem

309 4699 412 4754 per
442 4682 698 4738 diversas
730 4679 1078 4752 inquirendo
1113 4677 1435 4750 provincias
1462 4694 1607 4750 pene
1633 4696 1800 4733 suam
1834 4696 1960 4734 om-

311 4789 443 4828 nem
483 4774 927 4842 consumpserat
975 4767 1332 4824 facultatem.
1369 4767 1422 4822 Is
1453 4768 1690 4822 tandem
1720 4767 1791 4822 ad
1825 4785 1957 4823 san-

310 4864 470 4916 ctum
501 4877 649 4932 equo
679 4863 878 4915 vectus
920 4856 1311 4929 Augustinum
1342 4857 1454 4927 (67)
1484 4856 1956 4928 archiprmsulem

310 4949 782 5020 Cantuariorum,
834 4965 936 5020 per
1006 4948 1134 5018 ejus
1215 4945 1712 5013 intercessionem,
1781 4946 1957 5003 unius

310 5039 488 5110 pedes
537 5037 751 5094 meruit
801 5036 1055 5107 recipere
1098 5032 1515 5104 valetudinem,
1549 5035 1649 5107 qui
1693 5039 1826 5107 post
1854 5035 1958 5090 ali-

311 5125 663 5199 quantulum
700 5123 984 5197 temporis
1029 5121 1400 5177 intervallum
1451 5124 1693 5179 audiens
1735 5123 1957 5196 opinio-

311 5233 444 5273 nem
492 5215 912 5272 miraculorum
943 5210 1299 5270 Wintoniam
1335 5213 1443 5284 (68)
1472 5213 1730 5282 veniens,
1765 5230 1957 5270 acces-

383 5343 496 5410 (65)
524 5341 585 5396 Id
617 5345 706 5396 est
737 5341 935 5410 gloria,
971 5338 1162 5394 Graece
1195 5345 1326 5401 δόςα.

402 5415 494 5480 66)
525 5413 585 5466 Id
618 5417 708 5467 est
734 5409 991 5479 mundus,
1023 5409 1216 5471 Graece
1247 5417 1446 5482 κόσμος.

402 5417 494 5480 66)
526 5417 585 5466 1d
618 5417 708 5467 est
734 5417 991 5479 mundus,
1023 5417 1216 5471 Graece
1247 5417 1446 5482 κόσμος.

381 5417 494 5563 ξδῖ)
525 5483 674 5542 Fuse
703 5483 774 5542 de
804 5482 903 5543 illo
933 5487 1130 5544 actum
1161 5485 1254 5546 die
1281 5497 1412 5540 xxvn
1445 5478 1601 5540 Maii.

2068 3166 2454 3240 languoribus
2512 3168 2772 3224 mederet
2829 3167 3338 3224 innumerabiliter
3386 3185 3488 3242 per
3536 3167 3722 3225 sancti

2070 3257 2365 3312 Swithuni
2386 3257 2854 3328 meritum,ocius
2877 3253 3173 3330 praafatam
3201 3258 3405 3314 urbem
3427 3258 3720 3324 deserens,

2068 3350 2126 3401 et
2156 3347 2227 3402 ad
2259 3345 2555 3419 regionem
2589 3347 2744 3402 unde
2773 3350 2936 3402 ortus
2981 3347 3170 3402 fuerat
3222 3346 3559 3419 regrediens
3589 3349 3724 3402 ante

2068 3433 2403 3507 sepulcrum
2453 3435 2639 3490 sancti
2689 3435 2956 3506 praesulis
3004 3433 3308 3506 requisivit
3361 3452 3539 3507 quam
3589 3433 3722 3510 [imo

2069 3522 2224 3596 eum]
2257 3527 2482 3595 partem
2531 3522 2716 3596 regni,
2750 3524 2822 3579 de
2870 3540 2987 3596 qua
3034 3527 3210 3579 natus
3249 3523 3380 3578 fuit.
3433 3525 3554 3590 Quo
3585 3540 3721 3580 cum

2068 3612 2622 3682 perveniret,eadem
2653 3616 2821 3667 nocte
2850 3611 3050 3667 lumen
3083 3610 3295 3667 meruit
3324 3611 3580 3684 recipere
3609 3610 3724 3684 pri-

2068 3701 2311 3767 stinum,
2345 3705 2401 3756 et
2430 3718 2464 3756 a
2492 3701 2738 3756 Domino
2769 3699 2976 3755 mundi
3026 3705 3282 3756 creatore
3330 3699 3720 3768 illuminatus,

2066 3788 2379 3845 incolumis
2409 3799 2676 3845 reversus
2705 3793 2796 3845 est
2825 3789 3088 3856 domum,
3135 3788 3472 3862 gloriﬁcans
3504 3790 3720 3864 Regem

2067 3877 2344 3934 caelorum
2377 3883 2433 3933 et
2461 3878 2711 3934 laudans
2741 3877 3202 3934 omnicreantem
3237 3883 3440 3934 Deum.

2141 3967 2224 4022 19.
2258 3967 2320 4022 In
2353 3966 2468 4022 illis
2499 3967 2726 4038 diebus,
2760 3967 3000 4040 quidam
3050 3967 3326 4024 manebat
3377 3967 3435 4023 in
3467 3967 3719 4035 civitate,

2067 4073 2194 4128 quin
2218 4057 2994 4130 Brofeceasternuncupatur
3013 4057 3246 4131 proprio
3269 4058 3721 4126 nomine,caecus

2067 4148 2124 4200 et
2171 4144 2525 4218 paralyticus
2568 4145 2628 4200 in
2678 4145 2943 4218 utrisque
2985 4145 3285 4218 lateribus.
3323 4148 3377 4202 Is
3417 4150 3612 4202 autem
3645 4145 3720 4202 ab

2067 4235 2296 4305 agnatis
2325 4217 2612 4291 deductus
2642 4239 2730 4291 est
2746 4217 3132 4303 Wintoniam,
3153 4217 3596 4292 ubi'sanitatem
3625 4251 3721 4291 re-

2067 4321 2218 4394 cepit
2246 4340 2348 4396 per
2364 4327 2578 4378 sancta:
2595 4323 2898 4380 Trinitatis
2916 4340 3008 4379 om
3017 4324 3074 4378 ni
3080 4321 3720 4397 potentiamZNimirum

1987 4436 2034 4501 D
2066 4415 2379 4484 postquam
2403 4410 2650 4467 accessit
2671 4413 2743 4468 ad
2775 4411 3170 4480 ecclesiam,‘in
3196 4429 3315 4484 qua
3336 4411 3523 4468 sancti
3541 4427 3724 4467 mem-

2069 4501 2174 4555 bra
2193 4499 2300 4555 viri
2330 4500 2728 4572 quiescebant,
2762 4501 2953 4557 tribus
2986 4502 3194 4558 diebus
3229 4506 3403 4575 atque
3449 4500 3721 4558 noctibus

2069 4590 2456 4661 perseveravit
2485 4591 2546 4646 in
2572 4589 2788 4664 vigiliis
2840 4595 2896 4646 et
2943 4591 3325 4647 orationibus.
3359 4590 3582 4658 Quibus
3631 4606 3724 4645 ex-

2067 4677 2240 4750 pletis
2266 4680 2450 4750 aperti
2481 4684 2620 4736 sunt
2647 4679 2799 4735 oculi
2831 4681 2982 4751 ejus,
3015 4684 3072 4736 et
3099 4680 3264 4753 vigor
3290 4679 3518 4752 priscus
3551 4677 3724 4734 rediit

2065 4766 2124 4822 in
2157 4767 2390 4824 lacertis
2439 4786 2504 4824 ac
2561 4769 2855 4837 manibus,
2889 4785 3139 4842 moxque
3190 4769 3542 4825 benedicens
3581 4768 3718 4836 Deo,

2064 4855 2200 4912 inde
2231 4857 2471 4912 recessit
2502 4874 2703 4913 sanus.

2135 4948 2224 5000 20.
2258 4945 2360 5000 Vir
2413 4945 2590 5000 etiam
2641 4947 2888 5018 degebat
2929 4945 2989 5001 in
3036 4946 3336 5019 provincia
3375 4945 3716 5020 Anglorum,

2067 5053 2194 5107 quae
2223 5039 2464 5090 vocatur
2494 5035 3036 5093 hunum.....c:ecus
3065 5037 3252 5110 spatio
3285 5041 3509 5110 septem
3537 5051 3718 5092 anno-

2067 5141 2220 5180 rum.
2257 5124 2330 5192 Is,
2385 5124 2527 5180 dum
2576 5124 2817 5180 haberet
2863 5125 3143 5197 praevium
3193 5127 3517 5193 ductorem,
3569 5123 3724 5181 sicut

2067 5211 2254 5269 oculis
2282 5211 2488 5286 privati
2519 5213 2734 5270 habere
2761 5212 2970 5287 solent,
3003 5215 3104 5287 qui
3134 5231 3268 5271 eum
3298 5215 3388 5271 vel
3420 5215 3493 5272 ad
3538 5212 3719 5270 eccle-

2139 5338 2248 5410 (68)
2283 5337 2344 5393 In
2377 5354 2488 5393 ms.
2522 5338 2973 5415 nostro_pass_i_m
3007 5337 3294 5415 scriptum
3316 5337 3505 5415 reperi
3527 5339 3725 5398 Pisto-

2065 5409 2241 5484 m'a-m,
2272 5425 2378 5486 pro
2409 5426 2524 5485 quo
2555 5409 2836 5468 substitui
2871 5409 3223 5470 Wintonidm.
