3942 6056
72 234 145 295 73
1400 233 1585 293 Vl'l‘A
1631 232 1697 292 S.
1746 228 2168 291 SWITHUNI.
3415 230 3492 286 74

72 366 213 425 siam
242 366 515 432 duceret,
547 365 634 429 vel
693 366 1031 441 unicunque
1061 366 1145 425 illi
1180 381 1419 423 necesse
1470 364 1639 429 foret,
1672 366 1730 419 et
1756 374 1806 440 Α
1842 360 2152 427 frontibus,
2178 362 2236 416 et
2266 359 2539 432 perficere
2570 359 2767 416 omnia
2788 377 2915 432 qua:
2945 364 3110 416 erant
3140 361 3488 429 necessaria,

73 456 275 511 deinde
290 456 547 515 domum
568 457 875 515 reduceret
895 458 1367 529 quandocumque
1383 453 1573 517 vellet,
1593 457 1734 508 tem-

72 561 201 618 pore
220 544 487 618 quodam
508 544 699 603 iratus
719 546 950 612 ductor,
976 546 1225 611 nimium
1247 544 1419 615 longe
1445 542 1517 598 ab
1539 540 1735 612 hospi-

73 634 143 689 tio
172 631 421 704 reliquit
450 633 810 707 cecum,qui
842 650 975 691 cum
1003 650 1245 707 prorsus
1274 632 1570 705 ignoraret
1597 646 1734 701 qua-

75 721 193 777 liter
218 721 474 777 domum
524 728 829 790 remearet,
862 722 1045 778 oravit
1084 723 1156 781 ad
1206 722 1395 777 Deum
1448 723 1732 774 rectorem

72 826 260 877 rerum
318 808 598 869 subnixis
654 809 1015 875 clamoribus
1069 815 1135 871 ut
1193 808 1364 865 illum
1421 805 1735 879 respiceret

73 898 444 967 clementius,
478 897 701 956 talibus
730 900 1037 955 effundens
1063 899 1356 971 precibus.
1391 898 1434 953 Ο
1465 895 1730 960 Domine,

71 986 419 1060 angelorum
449 987 785 1044 dominator
814 993 874 1053 et
904 987 1233 1055 hominum,
1266 988 1385 1045 scio
1418 985 1557 1058 quia
1586 982 1732 1040 nihil

71 1080 256 1147 potest
290 1080 461 1133 tuam
492 1075 677 1137 latere
709 1075 1153 1153 providentiam,
1179 1076 1340 1132 vides
1368 1092 1463 1137 me
1493 1077 1730 1146 captum

68 1163 311 1230 lumine,
334 1163 515 1237 longe
557 1169 850 1233 remotum
870 1181 917 1229 ,ἃ
948 1164 1182 1237 propria
1227 1163 1555 1232 mansione,
1600 1165 1657 1217 et
1699 1177 1734 1216 a

68 1250 404 1308 contumaci
448 1253 748 1308 desertum
794 1252 1055 1311 ductore.
1089 1250 1492 1307 Humilitatem
1540 1265 1730 1307 meam

67 1340 318 1412 respice;
353 1346 527 1395 actus
560 1340 828 1413 proprios
872 1339 931 1396 in
984 1346 1086 1396 tua
1116 1338 1415 1406 voluntate
1462 1337 1729 1409 dispone,

65 1445 306 1502 gressus
335 1445 505 1486 meos
544 1428 616 1485 ad
658 1434 714 1485 te
759 1428 969 1502 dirige,
994 1434 1052 1486 et
1082 1429 1227 1487 mihi
1278 1427 1642 1500 nequissimo
1672 1423 1731 1479 in

70 1516 287 1573 ccelesti
328 1516 473 1573 sede
529 1515 724 1575 lucem
768 1516 1191 1590 sempiternam
1223 1533 1358 1572 cum
1417 1513 1637 1572 sanctis
1677 1516 1735 1577 et

68 1604 266 1667 electis
307 1605 586 1671 concede.
621 1604 895 1662 Miserere
940 1605 1075 1672 mei,
1109 1604 1376 1675 Domine,
1406 1603 1731 1660 secundum

70 1692 432 1749 Voluntatem
464 1698 652 1763 tuam,
682 1700 739 1750 et
768 1694 857 1751 fac
888 1710 1117 1751 mecum
1151 1694 1326 1765 juxta
1355 1697 1466 1751 tuae
1499 1688 1733 1764 pietatis

1843 450 2045 521 sicque
2079 450 2385 503 redeuntes
2414 450 2655 504 domum
2696 450 3115 505 benedixerunt
3158 449 3488 516 hominum,

1843 543 2139 594 auctorem
2174 538 2517 593 sanitatum.

1911 627 2000 681 23.
2038 627 2250 681 Eadem
2284 644 2491 698 nempe
2524 631 2865 699 tempestate
2897 628 3002 682 viri
3032 628 3336 698 cujusdam
3372 643 3491 681 ser-

1839 714 1975 770 vula
2006 716 2196 770 furata
2227 717 2413 769 fuerat
2452 714 2511 769 in
2552 716 2993 788 aquilonaribus
3037 715 3356 786 Anglorum
3389 712 3491 768 cli-

1842 802 2121 870 matibus,
2157 809 2332 875 atque
2375 803 2623 859 deducta
2662 806 2732 859 ab
2777 805 2960 860 avidis
3000 804 3387 875 mangonibus
3420 804 3491 857 ad

1841 890 2071 960 urbem,
2096 891 2155 946 in
2196 909 2312 963 qua
2355 892 2692 963 quiescebat
2742 900 2979 949 sanctus
3012 909 3250 964 corpore
3281 892 3490 946 (Lhristi

1841 978 2078 1053 praesul,
2105 987 2160 1034 et
2191 979 2471 1035 distracta
2515 981 2770 1052 cuipiam
2800 982 2923 1036 ‘viro
2954 983 3202 1054 prazt'atze
3243 981 3494 1036 civitatis

1840 1067 2094 1141 Urbano.
2120 1069 2249 1124 Haec
2277 1070 2416 1123 dum
2452 1086 2556 1141 per
2585 1068 2740 1141 longi
2770 1070 3022 1142 spatium
3048 1070 3327 1141 temporis
3347 1069 3493 1123 inibi

1842 1156 1954 1212 sub
1984 1156 2097 1213 alio
2129 1158 2476 1213 mansitaret
2497 1158 2755 1223 domino,
2784 1159 3028 1230 contigit
3058 1165 3121 1213 ut
3149 1159 3235 1212 vir
3264 1157 3437 1225 idem,
3464 1177 3497 1212 a

1843 1260 1958 1316 quo
1989 1245 2157 1317 prius
2191 1249 2340 1301 furto
2381 1248 2681 1301 subtracta
2711 1247 2918 1313 fuerat,
2941 1246 3304 1302 Wintoniam
3336 1247 3497 1301 veni-

1842 1336 1949 1404 ret,
1973 1338 2262 1404 quatenus
2319 1335 2431 1390 sibi
2490 1336 2821 1391 necessaria
2875 1341 3111 1391 emeret.
3145 1337 3305 1401 Quod
3356 1353 3490 1390 cum

1842 1421 2122 1477 ancillula
2152 1424 2381 1478 audiret
2416 1425 2543 1494 jam
2578 1424 2947 1497 praesignata,
2976 1426 3252 1479 audacter
3281 1425 3353 1479 ad
3386 1424 3498 1495 pri~

1844 1525 2009 1564 scum
2040 1508 2197 1582 loqui
2222 1512 2377 1567 venit
2399 1513 2705 1568 dominum
2731 1513 2856 1568 sine
2885 1512 3046 1568 illius
3074 1512 3303 1568 licentia
3326 1514 3495 1583 cujus

1842 1597 2088 1671 imperio
2122 1605 2247 1654 tum
2284 1606 2409 1655 erat
2459 1602 2714 1657 subdita.
2748 1602 2892 1657 Cum
2924 1601 3033 1656 hoc
3071 1618 3207 1673 ergo
3258 1602 3497 1656 rescirct

1844 1686 2085 1743 domina
2115 1688 2207 1743 cui
2243 1689 2527 1744 serviebat
2557 1690 2677 1744 haec
2701 1690 3111 1762 famula,qu0d
3136 1689 3497 1744 fabularetur

78 1741 432 1749 ---νη-η---
470 1741 652 1763 -.._....,
687 1741 738 1750 ν-
768 1741 855 1751 .-ν
888 1741 1117 1751 ...ηπ-
1151 1741 1325 1765 ,_.--..
1359 1741 1463 1751 mw
1500 1741 1724 1764 των-η
1898 1741 1905 1743 ἡ
2075 1741 2082 1743 .
2244 1741 2323 1744 --κ
2965 1741 3110 1762 .,_-_-
3137 1741 3152 1743 _

73 1782 465 1839 clementiam.
502 1783 585 1841 Ne
627 1782 1020 1854 derelinquas,
1048 1801 1140 1838 me
1178 1782 1443 1849 Domine,
1472 1779 1731 1851 amplius
1756 1741 1808 1813 1B
1839 1776 1911 1831 de
1941 1775 2057 1832 alia
2089 1794 2223 1831 cum
2281 1777 2518 1832 homine
2575 1779 3092 1850 provincia,jussit
3120 1796 3244 1835 eam
3290 1778 3495 1850 vinciri

72 1869 121 1924 in
151 1869 561 1945 malignorum
604 1871 901 1937 manibus,
934 1871 1033 1926 sed
1074 1869 1159 1937 vel
1191 1868 1451 1925 animum
1500 1870 1572 1925 de
1617 1870 1726 1927 hoc

71 1957 418 2030 corpusculo
479 1975 672 2017 meam
730 1959 985 2031 suscipe,
1016 1959 1103 2015 vel
1148 1977 1252 2032 per
1290 1960 1477 2015 sancti
1520 1959 1730 2016 merita

73 2047 389 2115 Switbuni,
411 2047 662 2105 cecitati
693 2064 835 2105 meae
863 2048 1061 2107 lumen
1093 2048 1318 2109 clarum
1349 2049 1616 2107 restitue.
1649 2050 1730 2106 Te

73 2136 237 2193 etiam
264 2152 435 2209 rogo,
454 2134 914 2205 clementissime
937 2137 1166 2209 praesul,
1188 2155 1292 2210 per
1315 2154 1488 2210 quem
1515 2142 1731 2194 Auctor

70 2242 255 2281 rerum
292 2224 657 2297 magniﬁcus
697 2225 912 2298 prabet
956 2225 1237 2282 medelam
1273 2225 1518 2282 diversis
1548 2242 1730 2298 (egro-

71 2329 188 2368 rum
232 2311 655 2387 languoribus,
688 2318 981 2387 quatenus
1039 2313 1180 2371 mihi
1241 2331 1552 2369 succurras
1612 2314 1732 2370 tuis

71 2400 245 2459 sacris
272 2401 585 2475 precibus.
617 2401 800 2461 Credo
824 2418 1039 2475 nempe
1067 2403 1346 2475 quoniam
1389 2401 1733 2475 impetrabis

72 2489 217 2547 illico
278 2489 582 2563 quidquid
637 2489 875 2563 petieris
942 2509 977 2546 a
1042 2491 1310 2548 Domino.
1372 2493 1734 2563 Quapropter

76 2596 235 2651 posce
265 2578 525 2637 luminis
566 2578 900 2653 frincipem
941 2594 1056 2653 quo
1101 2579 1244 2635 mihi
1291 2580 1594 2636 oculorum
1638 2596 1733 2638 re-

78 2669 276 2737 stituat
307 2667 539 2729 lumen.

136 2759 222 2812 21.
255 2756 534 2830 Cumque
566 2755 715 2825 tales
747 2773 935 2815 caecus
970 2755 1065 2815 ille
1114 2774 1315 2828 preces
1346 2773 1479 2815 cum
1513 2756 1733 2830 ingenti

81 2847 295 2917 gemitu
338 2844 724 2916 profudisset,
756 2832 1025 2917 protinus
1055 2844 1113 2899 in
1145 2846 1349 2902 eodem
1381 2845 1503 2901 loco
1551 2846 1734 2917 aperti

82 2940 203 2993 sunt
223 2932 383 2990 oculi
408 2934 565 3013 ejus,
579 2938 637 2989 et
658 2933 991 3006 conspicere
1010 2933 1193 2990 valuit
1210 2932 1535 2990 claritatem
1559 2934 1732 3001 aeris,

83 3040 241 3094 quam
284 3022 557 3095 nequivit
605 3027 827 3094 septem
886 3023 1058 3079 annis
1115 3039 1351 3079 cernere
1409 3023 1732 3090 retroactis,

1836 1865 2217 1937 compedibus
2241 1865 2454 1921 infesta
2477 1865 2748 1932 nimium,
2772 1884 2844 1923 ne
2869 1873 3066 1939 posset
3085 1868 3156 1922 ad
3182 1867 3491 1939 antiquum

1841 1951 1956 2007 ullo
1992 1955 2166 2009 modo
2198 1971 2455 2010 remeare
2488 1960 2823 2026 patronum.

1908 2041 1999 2097 24,
2021 2042 2246 2097 Accidit
2277 2048 2472 2098 autem
2513 2042 2572 2098 in
2614 2045 2879 2116 sequenti
2922 2045 3015 2100 die
3054 2048 3119 2099 ut
3158 2045 3367 2100 mulier
3396 2061 3496 2101 ea-

1842 2129 1975 2184 dem
2002 2128 2330 2187 lucescente
2359 2133 2733 2205 egrederetur
2761 2151 2950 2201 mane,
2976 2134 3047 2189 ad
3075 2134 3368 2205 quoddam
3400 2150 3498 2189 ne-

1838 2215 2066 2288 gotium
2098 2217 2334 2274 sibimet
2382 2222 2775 2290 profuturum,
2799 2226 2855 2275 et
2893 2221 3051 2275 domi
3100 2222 3494 2293 compeditam

1842 2303 2201 2377 relinqueret
2232 2308 2536 2362 famulam.
2571 2311 2705 2373 Quae
2746 2326 2879 2363 mox
2917 2308 3071 2365 sicut
3103 2310 3308 2381 potuit,
3342 2311 3498 2367 foras

1842 2392 2036 2460 exivit,
2068 2398 2124 2449 et
2172 2395 2343 2466 juxta
2387 2395 2572 2468 ipsius
2612 2388 2789 2453 limen
2818 2399 3031 2454 domus
3086 2397 3500 2454 miserabiliter

1841 2480 2127 2539 consedit.
2152 2485 2302 2538 Tum
2336 2488 2456 2539 tota
2487 2486 2702 2539 mentis
2748 2486 3071 2541 intentione
3103 2486 3500 2542 cuncticrean-

1843 2571 1963 2625 tem
1994 2573 2174 2625 Deum
2207 2572 2383 2644 coepit
2428 2589 2665 2628 exorare
2709 2578 2771 2628 ut
2814 2591 2942 2628 eam
2988 2573 3261 2630 liberaret
3291 2592 3325 2630 a
3355 2577 3500 2632 diris

1843 2658 2113 2731 pessimis
2151 2659 2534 2732 ligaminibus
2574 2662 2844 2717 dominae.
2880 2661 3168 2718 Conversa
3196 2668 3391 2719 autem
3424 2667 3494 2721 ad

1844 2748 2132 2822 templum
2164 2749 2328 2818 illud,
2354 2750 2411 2804 in
2445 2768 2560 2823 quo
2589 2769 2800 2824 corpus
2831 2754 3015 2808 sancti
3054 2753 3315 2825 praesulis
3336 2771 3502 2810 vene-

1844 2838 2089 2893 rabatur
2113 2837 2307 2912 dignis
2337 2839 3024 2913 honoribus,diligenter,
3044 2859 3147 2913 per
3166 2844 3294 2914 ejus
3326 2844 3502 2900 inter-

1842 2929 2108 2994 ventum,
2129 2926 2229 2982 Dei
2263 2929 2516 2983 exoravit
2546 2929 2915 2999 beneﬁcium,
2944 2936 3001 2986 et
3026 2931 3332 2989 confestim
3355 2934 3502 2990 desi-

1844 3012 2112 3070 deratum
2143 3016 2355 3089 adepta
2384 3023 2474 3073 est
2506 3018 2873 3090 suffragium.

84 3120 241 3182 atque
271 3112 409 3171 sine
455 3111 726 3183 preeduce
770 3110 942 3166 rediit
991 3112 1235 3168 domum
1285 3110 1616 3177 incolumis,
1648 3110 1731 3164 vi-
1762 3108 1809 3177 Ο
1915 3105 2006 3158 25.
2045 3106 2265 3160 Interea
2296 3104 2535 3176 quidam
2582 3108 2855 3161 sacerdos
2887 3107 3097 3163 canitie
3127 3110 3497 3178 venerabilis,

84 3200 213 3255 cinis
244 3206 306 3255 et
364 3199 738 3272 parentibus,
771 3197 929 3259 ultra
958 3217 1134 3272 quam
1166 3199 1322 3255 credi
1382 3201 1589 3272 possit,
1623 3200 1734 3255 ad-

87 3289 454 3355 mirantibus,
500 3288 796 3358 quomodo
839 3295 1124 3360 cognatus
1170 3288 1426 3355 illorum,
1459 3287 1560 3360 qui
1604 3288 1738 3344 inde

87 3375 244 3447 paulo
274 3382 417 3431 ante
468 3375 819 3431 discesserat
860 3375 1084 3431 lumine
1132 3377 1414 3450 privatus,
1444 3377 1741 3433 evidenter

86 3482 115 3518 ι
138 3464 386 3520 Domino
449 3463 527 3519 sit
585 3462 975 3520 illuminatus.
1011 3464 1119 3531 Qui
1148 3464 1290 3520 dum
1332 3465 1741 3537 cognovissent

84 3553 330 3626 qualiter
385 3569 495 3626 per
552 3552 940 3621 venerabilem
974 3553 1073 3609 Dei
1118 3554 1455 3626 pontificem
1512 3554 1740 3611 amicus

84 3659 274 3698 eorum
322 3646 734 3713 recuperasset
771 3643 1106 3709 sanitatem,
1136 3642 1398 3698 unanimi
1445 3660 1581 3698 voce
1629 3642 1738 3697 Do-

86 3731 303 3791 minum
343 3729 845 3802 gloriﬁcaverunt,
870 3731 971 3803 qui
1013 3731 1151 3787 facit
1188 3748 1404 3803 magna
1441 3731 1601 3788 solus
1631 3730 1741 3786 mi-

86 3819 301 3885 rabilia,
326 3818 427 3874 cui
463 3836 677 3875 nomen
704 3823 764 3874 et
795 3818 1108 3892 imperium
1138 3820 1265 3876 sine
1297 3819 1410 3874 ﬁne
1440 3823 1744 3891 permanet

92 3907 139 3960 in
168 3906 387 3963 saecula
418 3907 792 3975 saeculorum.

148 3999 236 4050 22.
266 3997 333 4051 In
366 3996 494 4051 illis
514 3996 691 4059 etiam
713 3995 922 4052 diebus
947 4000 1201 4068 quatuor
1222 3994 1491 4053 homines
1525 3996 1745 4053 utrius-

93 4100 189 4155 que
218 4101 398 4151 sexus
447 4085 740 4158 degebant
767 4084 826 4139 in
858 4088 1021 4157 parte
1086 4083 1342 4157 regionis
1402 4085 1746 4142 Britannicas

92 4192 207 4244 quae
237 4180 629 4246 nuncupatur
657 4160 976 4231 Eastsexan
1007 4172 1258 4245 (69),qui
1291 4191 1392 4246 per
1424 4173 1747 4231 multarum

96 4263 482 4319 resolutiones
532 4265 804 4317 mstatum
861 4260 1278 4317 cruciabantur
1326 4262 1653 4332 doloribus,
1682 4278 1750 4319 ac

97 4351 328 4406 diversis
387 4349 957 4423 languoribus;duo
1015 4349 1238 4406 scilicet
1263 4349 1370 4405 viri
1431 4352 1752 4407 manebant

1844 3192 2104 3248 vestibus
2135 3198 2375 3248 ornatus
2407 3193 2867 3262 candidissimis,
2897 3202 3277 3266 properanter
3306 3199 3375 3252 ad
3413 3215 3504 3253 ca-

1844 3282 2104 3337 tenatam
2123 3280 2367 3338 accessit
2390 3282 2818 3349 mulierculam,
2835 3282 3107 3339 dulcibus
3124 3286 3501 3342 ad‘aminihus

1846 3367 2392 3443 interrogans,quid
2442 3370 2681 3427 haberet
2727 3372 2949 3446 elegam
2982 3374 3117 3445 (70),
3143 3378 3314 3444 cujus
3362 3375 3499 3430 bra-

1849 3455 2048 3513 chium
2073 3459 2309 3515 dextera
2340 3459 2626 3533 arripiens
2660 3478 2860 3528 manu,
2882 3478 3010 3516 eam
3034 3462 3186 3516 vexit
3213 3463 3285 3517 ad
3316 3463 3505 3520 sancti

1848 3545 2145 3602 tumulum
2170 3548 2227 3602 in
2250 3550 2567 3622 pungentis
2587 3550 2726 3617 ictu,
2748 3555 2921 3622 atque
2942 3550 3096 3606 inter
3114 3552 3510 3608 innumerabi-

1849 3630 1965 3688 lem
1989 3634 2187 3706 populi
2219 3636 2823 3711 multitudinem,quaa
2858 3638 3202 3695 munitionis
3234 3640 3507 3697 similitu-

1852 3720 1987 3777 dine
2012 3722 2263 3779 vallabat
2292 3728 2632 3782 monasterii
2663 3727 2864 3796 limen,
2890 3728 3043 3784 infra
3065 3729 3289 3785 aditum
3312 3731 3507 3788 adhuc

1853 3808 2138 3883 illigatam
2180 3815 2478 3885 compede,
2521 3816 2789 3887 exposuit
2816 3818 2989 3888 juxta
3028 3835 3263 3873 sacrum
3301 3818 3506 3889 altare,

1854 3914 2032 3970 super
2053 3900 2206 3971 quod
2232 3900 2316 3955 vir
2337 3908 2574 3975 sanctus
2597 3904 2998 3975 requiescebat
3019 3911 3265 3964 somate.
3293 3908 3508 3963 Mirum

1855 3987 2012 4043 enim
2044 3993 2101 4043 et
2133 3988 2400 4045 mirabile
2446 3972 2556 4047 fuit
2587 3993 2743 4063 quod
2789 4010 2961 4050 nemo
2993 3994 3510 4052 circumstantium

1855 4092 1985 4130 eam
2016 4074 2177 4144 vidit,
2218 4093 2323 4132 nec
2383 4080 2766 4148 sacerdotem,
2792 4081 2892 4153 qui
2943 4098 3073 4137 eam
3129 4082 3229 4138 illo
3279 4083 3507 4153 detulit,

1858 4164 2041 4220 donec
2069 4166 2333 4238 exposita
2360 4165 2421 4222 in
2464 4168 2673 4224 sacello
2717 4170 2958 4236 exstitit,
2983 4170 3138 4242 quod
3172 4172 3509 4229 obaeratum
3596 4163 3602 4170 ’

1859 4253 2015 4310 clave
2046 4270 2080 4309 a
2108 4255 2477 4326 custodibus,
2501 4274 2756 4328 praesens
2793 4263 2917 4313 tum
2943 4260 3215 4316 cernebat
3235 4262 3508 4334 populus.

1858 4342 2109 4398 Domina
2137 4344 2451 4415 vero_ejus,
2472 4343 2531 4399 in
2561 4351 2849 4420 quantum
2874 4347 3368 4417 valebat,concita
3398 4368 3514 4406 ser-

94 4441 241 4507 caci,
270 4446 331 4496 et
359 4439 521 4509 bina
568 4437 842 4501 mulieres
882 4438 1147 4512 utrisque
1188 4439 1463 4496 manibus
1506 4439 1747 4508 debiles,
1780 4467 1828 4534 Β
1858 4431 2004 4534 vult?
2035 4432 2507 4534 iubsequebatur
2534 4434 2801 4534 vestigia.

96 4544 151 4589 ac
166 4529 422 4601 pedibus
438 4525 1308 4596 claudicantes.0ui,audientes
1328 4527 1427 4583 Dei
1448 4527 1749 4595 beneficia,

97 4633 209 4688 quae
238 4634 348 4689 per
378 4632 561 4671 suum
594 4614 961 4689 omnipotens
985 4621 1135 4683 Deus
1165 4615 1454 4671 famulum
1478 4616 1753 4689 dignatus

98 4708 175 4759 est
216 4703 430 4777 largiri
464 4703 769 4760 dissolutis
818 4705 1062 4760 artubus
1111 4704 1545 4777 languentium,
1579 4722 1752 4761 vene-

102 4797 225 4848 runt
250 4793 331 4848 ad
364 4792 525 4848 sacri
554 4792 849 4865 pontificis
883 4790 1269 4861 mausoleum,
1302 4792 1551 4865 supplici
1584 4810 1754 4866 prece

101 4885 404 4937 exerentes
457 4880 681 4936 trinum
712 4885 769 4937 et
800 4896 987 4936 unum
1035 4878 1163 4935 cceli
1213 4884 1496 4954 ternaque
1544 4883 1751 4938 Deum.

104 4970 215 5034 Quo
243 4986 389 5026 cum
421 4968 827 5042 pervenissent
861 4967 923 5024 in
968 4985 1173 5035 unum,
1204 4967 1360 5024 illico
1402 4970 1583 5042 aperti
1618 4976 1758 5027 sunt

106 5058 247 5115 oculi
280 5074 599 5124 caecorum,
628 5058 980 5131 sanitasque
1019 5056 1247 5113 sincera
1292 5057 1558 5129 protinus
1588 5060 1762 5116 femi-

107 5163 314 5202 narum
345 5146 628 5203 manibus
659 5146 929 5203 restituta
958 5149 1046 5201 est
1082 5162 1148 5201 ac
1178 5144 1450 5219 pedibus,
1478 5151 1535 5203 et
1565 5150 1764 5205 ambu-

109 5234 220 5291 lare
248 5251 452 5291 ceram
494 5235 770 5290 omnibus
831 5250 1055 5307 coepere
1107 5234 1650 5305 circumstantibus,
1684 5238 1762 5294 si-

110 5339 411 5396 gnumque
442 5323 637 5387 crucis
653 5327 869 5383 sancte
896 5322 1171 5381 manibus
1193 5340 1397 5379 earum
1428 5323 1765 5397 imprimere

174 5430 293 5497 (69)
320 5427 515 5505 Vulgo
540 5429 775 5505 “Esca,
801 5426 1006 5487 Latine
1059 5429 1305 5499 Emia,
1351 5430 1652 5505 provincia
1699 5434 1763 5494 in

115 5508 273 5580 parte
305 5499 582 5561 orientali
611 5499 850 5578 Anglia.

434 5627 709 5695 Pines.
756 5626 931 5696 CLV.

1929 4522 2019 4576 26.
2040 4521 2185 4576 Cum
2219 4525 2413 4577 autem
2454 4520 2607 4577 hanc
2637 4521 2879 4579 vidisset
2921 4524 3246 4581 monachus
3277 4525 3375 4598 qui
3409 4543 3515 4582 cu-

1861 4608 2149 4665 stodiebat
2169 4614 2463 4678 sanctum,
2478 4613 2534 4666 et
2550 4612 2620 4673 de
2639 4612 2851 4667 sacello
2873 4612 3127 4668 habebat
3147 4613 3513 4685 claviculam,

1860 4714 1976 4770 quo
2017 4698 2355 4769 quiescebat
2402 4700 2671 4772 praesulis
2718 4702 3154 4773 corpusculum,
3188 4702 3515 4760 admiratus

1861 4786 2296 4855 nimium,dixit
2325 4788 2397 4843 ad
2425 4805 2486 4844 se
2519 4789 2714 4861 ipsum
2739 4807 2752 4844 :
2777 4790 2916 4856 Quis
2947 4790 3100 4847 infra
3121 4792 3306 4847 sancti
3328 4810 3518 4849 came-
3564 4794 3573 4805 '

1862 4893 2011 4943 ram,
2033 4892 2210 4947 quam
2243 4892 2436 4942 cerno,
2467 4877 2641 4933 istam
2674 4878 2885 4935 clausit
2914 4878 3232 4936 feminam?
3265 4881 3520 4939 Putasne

1856 4966 2102 5036 januam
2135 4964 2347 5036 reperit
2376 4969 2656 5038 apertam,
2683 4983 2861 5038 quam
2890 4968 3061 5040 paulo
3085 4975 3220 5025 ante
3252 4971 3522 5042 opposita

1871 5052 2054 5109 clausi
2086 5053 2211 5125 ipse
2251 5052 2461 5108 serula.
2488 5054 2594 5119 Qui
2643 5057 2925 5112 accedens
2975 5058 3046 5113 ad
3097 5057 3293 5114 sacelli
3323 5058 3522 5116 valvu-

1870 5143 2010 5209 lam,
2035 5142 2307 5198 audiente
2336 5141 2571 5214 pepulo,
2596 5142 2790 5216 inquit
2828 5146 2899 5200 ad
2932 5162 3059 5201 eam
3087 5164 3099 5202 :
3126 5147 3266 5213 Quis
3296 5150 3373 5216 te,
3402 5148 3524 5204 fare

1872 5230 2101 5299 mulier,
2134 5231 2290 5286 intra
2324 5233 2873 5306 venerandum,quo
2905 5252 3061 5291 nunc
3100 5240 3256 5291 stare
3284 5236 3522 5304 videris,

1871 5320 2196 5377 introduxit
2240 5318 2551 5376 locellum?
2583 5323 2707 5387 Qua
2738 5324 2959 5380 conﬁsa
2998 5324 3322 5381 temeritate
3360 5324 3527 5382 clau-

1943 5428 2055 5504 (70)
2086 5428 2147 5504 I_d
2195 5430 2306 5504 est_
2331 5428 3040 5504 tristem,_Graecobarbara
3092 5448 3202 5491 vox
3247 5450 3282 5492 a
3328 5432 3525 5494 Graeco

1874 5500 2055 5583 nam,
2090 5501 2264 5561 luctus
2288 5500 2623 5565 lamentatio.

3167 5634 3204 5697 3
