3960 6064
506 273 583 330 75
1460 274 1863 336 GOSCELINI
1908 273 2534 334 CANTUARIENSIS
2579 274 2954 337 MONACHI.

3819 284 3935 362 76

505 406 694 458 strum
744 405 1165 477 przesumpsisti
1201 409 1502 476 penetrare
1532 422 1646 477 quo
1677 404 1888 461 Christi
1933 403 2143 476 prmsul
2171 405 2227 471 Α
2259 408 2418 458 ctum
2449 421 2517 460 ex
2545 405 2794 461 dtversis
2822 406 3296 480 Anglosaxonum
3338 409 3554 466 ﬁnibus
3584 415 3811 466 centum
3845 416 3905 468 et

504 491 818 564 requiescit
839 498 1116 566 corpore?
1139 496 1263 560 Qua
1285 494 1506 550 ratione
1531 495 1772 567 potuisti
1803 494 2000 560 latere,
2017 493 2156 565 quia

502 584 557 635 te
581 598 950 655 nequaquam
973 583 1110 642 vidi.
1128 583 1360 655 quando
1387 583 1600 638 ostium
1625 582 1829 639 clausi.
1850 584 1998 638 Tum
2033 582 2152 649 illa,

503 671 869 743 conspiciens
909 673 1222 744 quemdam
1265 672 1540 728 clericum
1585 674 1860 743 juvenem
1903 677 2054 727 retro
2094 688 2155 727 se

503 764 754 816 stantem
790 757 950 817 eXtra
993 761 1296 818 balconem
1325 764 1457 832 (71),
1480 762 1614 818 edili
1648 761 1884 833 quidem
1916 778 2156 834 respon-

502 849 606 916 dit,
655 849 971 922 inquiens:
1019 851 1231 907 Memet
1275 851 1556 907 renitente
1605 851 1849 907 clericus
1899 853 2030 916 iste,
2064 867 2158 906 me

503 954 682 1010 super
712 939 983 1012 scapulas
1005 939 1247 996 elevavit
1276 956 1434 1007 suas,
1460 945 1634 1012 atque
1660 941 1727 995 ad
1759 957 1932 996 suum
1957 940 2158 1012 depor-

501 1026 644 1082 tavit
688 1027 906 1096 locum,
930 1029 1221 1101 modoque
1251 1028 1516 1100 exposuit
1559 1033 1693 1085 ante
1724 1035 2014 1084 sanctum.
2049 1028 2157 1094 Qui

503 1115 828 1172 econtrario
860 1117 1163 1190 respondit
1193 1134 1326 1173 cum
1362 1119 1700 1189 juramento
1725 1135 1739 1174 :
1765 1119 2067 1188 Nusquam
2101 1121 2158 1172 te

499 1203 688 1261 oculis
717 1210 850 1262 ante
883 1207 989 1262 hac
1020 1207 1291 1280 conspexi
1312 1207 1480 1263 meis.

571 1296 662 1351 27.
699 1293 908 1351 Mulier
938 1295 1084 1351 dixit
1117 1314 1130 1351 :
1165 1298 1251 1352 Tu
1294 1297 1509 1353 etenim
1561 1297 1684 1370 ipse
1729 1297 1844 1353 huc
1895 1296 2156 1352 detulisti

501 1401 617 1440 me.
651 1384 906 1440 Clericus
939 1385 1241 1458 respondit
1274 1404 1286 1442 :
1323 1386 1554 1442 Mallem
1590 1393 1653 1442 ut
1679 1387 1949 1442 nocturni
1984 1401 2157 1441 canes

497 1477 553 1527 te
591 1472 876 1529 haberent
905 1490 1199 1529 corrasam
1245 1473 1390 1530 diris
1445 1475 1742 1531 morsibus
1773 1493 1952 1547 quam
1983 1475 2156 1530 dorso

497 1561 856 1633 imponerem
891 1579 1018 1618 meo
1049 1567 1170 1618 tam
1215 1564 1590 1620 inhonestum
1624 1564 2049 1637 pondus.Quaa,
2083 1563 2155 1618 ad

499 1669 560 1706 se
592 1668 844 1717 reversa,
877 1652 1078 1708 retulit
1122 1652 1260 1708 talia
1293 1671 1306 1708 :
1343 1654 1649 1725 Presbyter
1681 1653 1944 1725 quidam,
1973 1669 2158 1707 canus

2262 491 2466 564 viginti
2510 499 2740 564 quator,
2782 494 3205 566 multiplicibus
3261 497 3556 552 constricti
3613 498 3908 573 languori-

2263 579 2396 636 bus.
2430 583 2491 636 lli
2515 599 2720 638 omnes
2741 600 2844 655 per
2863 584 3047 639 sancti
3073 585 3340 656 przesulis
3361 587 3654 656 meritum,
3675 606 3708 644 a
3731 589 3911 645 variis

2265 668 2729 742 mgritudinibus,
2761 672 2877 727 Deo
2907 673 3153 741 volente,
3188 675 3372 730 curati
3405 681 3543 731 sunt
3571 676 3627 731 in
3659 678 3912 734 duarum

2265 758 2622 814 revolutione
2663 761 2960 832 [dierum,]
3003 767 3058 816 et
3098 763 3504 820 benedicentes
3542 765 3786 823 Domino
3828 785 3917 824 re-

2264 846 2412 901 versi
2477 852 2616 902 sunt
2667 847 2994 904 incolumes
3039 850 3110 905 ad
3161 851 3415 923 propria,
3449 851 3547 924 qui
3607 853 3824 910 debiles
3858 859 3918 911 et

2266 935 2466 1008 aegroti
2499 943 2909 993 convenerant.
3934 1013 3935 1020 γ

2336 1025 2426 1078 32.
2462 1025 2774 1098 Indignum
2817 1027 3059 1099 quidem
3099 1028 3325 1084 aestimo
3364 1029 3654 1101 praeterire
3684 1025 3935 1086 silentio

2267 1113 2422 1184 quod
2453 1113 2542 1168 vir
2577 1114 2818 1187 quidam
2877 1133 2980 1189 pro
3038 1116 3349 1188 parricidio
3409 1119 3565 1191 quod
3624 1119 3922 1176 commisit

2267 1202 2538 1259 illicito...
2559 1204 2819 1278 illigatus
2850 1205 3093 1278 chalybe
3126 1207 3314 1262 fuerat
3339 1207 3650 1276 diuissime,
3677 1209 3773 1281 qui
3810 1201 3935 1288 no-j

2265 1307 2393 1346 vem
2425 1292 2594 1348 orbes
2635 1294 2827 1349 ferreae
2874 1294 3046 1351 molis
3089 1297 3326 1368 gerebat
3379 1313 3638 1369 corpore,
3669 1299 3935 1354 totidem

2267 1397 2452 1435 annos
2484 1397 2720 1454 peregre
2760 1400 2821 1439 se
2853 1384 3166 1440 cruciando
3211 1402 3314 1456 pro
3353 1385 3599 1454 scelere;
3633 1386 3786 1442 fama
3815 1395 3935 1443 vo-'

2267 1468 2444 1536 lante,
2469 1469 2684 1543 inclyta
2729 1473 2974 1529 audiens
3023 1473 3118 1529 Dei
3157 1473 3449 1530 mirabilia
3481 1491 3608 1546 qua;
3666 1492 3768 1547 per
3824 1476 3924 1532 sui

2267 1557 2454 1613 sancti
2475 1559 2750 1615 meritum
2775 1562 3160 1633 patrabantur
3179 1562 3236 1617 in
3261 1562 3556 1634 provincia
3568 1563 3920 1637 Anglorum,

2268 1647 2625 1704 Wintoniam
2651 1651 2810 1704 venit
2837 1651 3064 1706 cmlitus
3089 1652 3159 1706 de
3186 1652 3596 1708 transmarinis
3624 1655 3918 1725 partibus.

498 1757 563 1795 ac
607 1741 774 1796 valde
817 1742 1184 1808 venerabilis,
1220 1743 1472 1798 amictus
1535 1742 1792 1796 induviis
1854 1739 2158 1812 splendide
2185 1778 2234 1843 B
2267 1735 2554 1802 Qui,dum
2605 1738 2920 1794 submissis
2963 1740 3234 1812 precibus
3278 1741 3462 1796 Deum
3506 1742 3923 1814 deprecaretur

498 1829 930 1903 fulgidissimis,
967 1846 1061 1886 me
1093 1831 1327 1886 ﬂentem
1379 1832 1437 1885 in
1488 1830 1693 1886 limine
1733 1831 2015 1902 comperit
2044 1830 2157 1884 Do-

497 1918 691 1984 minae,
718 1918 1060 1975 dulcissimo
1086 1938 1187 1975 nec
1220 1938 1335 1975 non
1367 1927 1455 1976 est
1488 1919 1826 1976 consolatus
1858 1919 2152 1995 affamine,

495 2007 596 2079 qui
630 2007 915 2079 arripiens
946 2009 1243 2064 dexteram
1289 2027 1429 2064 meae
1459 2008 1638 2064 vestis
1680 2009 1998 2074 manicam,
2023 2024 2156 2062 mox

495 2095 563 2150 ad
601 2095 774 2150 istam
797 2096 982 2151 evexit
1012 2097 1338 2163 basilicam,
1361 2114 1494 2153 cum
1521 2102 1683 2152 tanta
1711 2097 2002 2152 celeritate
2035 2113 2155 2152 cor-

493 2184 768 2256 p0risque
799 2183 1086 2240 suavitate
1113 2190 1396 2256 quantam
1449 2200 1720 2241 sermone
1751 2203 1864 2240 non
1907 2201 2149 2257 possum

491 2289 794 2340 enarrare;
817 2274 1175 2344 etquoniam
1199 2278 1510 2347 postquam
1541 2275 1597 2328 in
1632 2274 1744 2330 isto
1769 2291 1861 2329 me
1883 2273 2152 2346 deposuit

491 2362 668 2429 adito,
711 2379 827 2417 non
858 2361 974 2417 vidi
1035 2361 1215 2418 alium
1248 2363 1468 2418 circum
1531 2367 1821 2418 astantem
1867 2363 2144 2418 clericum

489 2454 698 2523 prmtcr
703 2451 980 2522 juvenem
999 2451 1175 2506 istum
1197 2469 1210 2520 ;
1236 2451 1364 2507 ideo
1383 2452 1623 2524 cogitavi
1646 2453 1798 2524 quod
1825 2453 1947 2524 ipse
1971 2457 2144 2520 esset,

490 2539 588 2612 qui
622 2557 716 2595 me
745 2538 859 2594 huc
892 2539 1218 2595 detulisset.

560 2631 649 2683 28.
671 2628 934 2700 Cumque
959 2628 1081 2684 haec
1114 2629 1382 2684 audirent
1413 2631 1594 2685 turbae
1627 2629 1999 2703 populorum,
2019 2648 2144 2702 quae

492 2721 804 2789 praesentes
844 2717 1086 2772 aderant
1115 2735 1183 2772 ex
1213 2719 1457 2773 diversis
1505 2720 1770 2790 partibus
1801 2719 2142 2792 Anglorum,

492 2806 791 2860 admiratae
824 2806 1074 2860 nimium
1107 2806 1578 2878 glorificaverunt
1601 2808 1912 2862 Dominum
1947 2825 2141 2880 regem

495 2896 781 2960 omnium,
811 2913 875 2950 ac
897 2895 1251 2950 Salvatorem
1283 2895 1722 2968 hominum,qui
1759 2902 1874 2950 tam
1907 2896 2143 2952 inaudi-

495 2991 554 3040 ta
585 2985 861 3057 dignatus
891 2988 980 3040 est
1010 2985 1196 3039 facere
1229 2984 1510 3040 miracula
1541 3002 1642 3056 per
1672 2984 1858 3040 sancti
1891 2985 2141 3058 gloriosa

493 3073 811 3130 sacerdotis
829 3074 916 3129 sui
939 3073 1292 3144 merita.lpsi
1335 3072 1542 3145 gloria,
1575 3073 1703 3128 laus
1726 3080 1779 3129 et
1801 3075 2134 3146 imperium,

491 3162 734 3235 quicum
753 3162 1025 3217 Genitore
1040 3168 1358 3233 sanctoque
1372 3163 1686 3217 Pncumate
1702 3163 1952 3234 (7'))vivit
1965 3181 2138 3232 unus,
2173 3147 2215 3212 C

487 3255 543 3308 et
575 3254 778 3323 regnat
809 3250 962 3304 Deus
994 3266 1097 3321 per
1128 3249 1359 3304 infinita
1388 3254 1656 3322 tempora
1687 3249 2053 3306 saeculorum.

556 3340 645 3394 29.
677 3340 963 3410 Tempore
995 3343 1190 3394 autem
1224 3337 1320 3392 illo
1351 3355 1419 3392 ex
1448 3337 1787 3410 longinquis
1819 3339 2143 3394 occidenta-

483 3428 630 3483 lium
654 3427 871 3482 ﬁnibus
903 3427 1052 3483 binae
1086 3426 1361 3482 mulieres
1393 3431 1766 3483 accesserunt
1797 3428 1867 3482 ad
1899 3427 2004 3482 viri
2039 3427 2142 3483 Dei

485 3515 852 3572 mausoleum
885 3515 1176 3586 precibus.
1200 3515 1241 3569 E
1267 3513 1480 3586 quibus
1508 3532 1625 3570 una
1661 3514 1914 3587 propriis
1943 3515 2144 3572 lumen

483 3603 765 3675 nequibat
796 3603 1130 3674 conspicere
1153 3603 1357 3670 oculis,
1379 3602 1561 3659 altera
1589 3609 1714 3659 erat
1738 3609 1902 3660 muta
1933 3622 1967 3660 a
1998 3605 2145 3661 nati-

480 3693 678 3760 vitate,
702 3709 887 3764 usque
920 3692 989 3746 ad
1025 3696 1381 3747 senectutem
1413 3693 1789 3748 ferme.Muta
1811 3696 2026 3749 etenim
2057 3714 2084 3749 r
2117 3711 2147 3751 e

481 3782 654 3856 gebat
684 3785 802 3836 toto
833 3779 1041 3836 itinere
1073 3797 1304 3849 caecam,
1324 3798 1437 3852 quo
1471 3797 1572 3852 pro
1600 3782 1858 3838 ductrice
1888 3801 1921 3838 a
1953 3789 2143 3839 trans-

481 3870 758 3927 euntibus
791 3869 1122 3941 requirebat
1166 3869 1505 3924 ambulandi
1547 3871 1837 3926 semitam.
1873 3872 2138 3944 Cumque

480 3959 698 4033 pariter
726 3958 798 4014 ad
831 3957 1023 4013 locum
1057 3957 1445 4025 devenissent,
1479 3958 1537 4013 in
1569 3976 1684 4030 quo
1716 3965 1956 4017 sanctus
1979 3961 2134 4033 quie-

481 4049 678 4104 scebat
709 4047 992 4120 pontifex;
1026 4063 1175 4102 caeca
1219 4047 1432 4118 recepit
1489 4047 1709 4114 lumen,
1743 4053 1798 4103 et
1828 4054 1994 4105 muta
2049 4051 2132 4106 lo-

479 4136 695 4209 quendi
729 4135 1086 4190 facultatem.
1111 4137 1243 4200 Quae
1277 4135 1506 4192 ccelitus
1550 4137 1868 4204 medicatae,
1896 4155 1998 4210 per
2026 4139 2136 4194 virl

476 4224 713 4298 gloriosi
758 4224 1052 4290 meritum,
1087 4241 1222 4279 mox
1270 4225 1568 4280 redierunt
1618 4226 1881 4292 domum,
1923 4227 2114 4300 gloriﬁ

476 4318 675 4371 cantes
707 4313 1164 4385 omnipotentem
1197 4312 1532 4368 Dominum.

544 4405 634 4459 30.
655 4407 954 4458 Venerunt
977 4402 1184 4458 deinde
1201 4401 1565 4458 Wintoniani
1593 4408 1631 4458 ti
1650 4403 1834 4475 {ginta
1853 4421 1954 4460 sex
1975 4406 2136 4488 aegri,

474 4509 653 4548 causa
709 4491 1118 4563 recuperandae
1178 4491 1472 4558 sanitatis,
1507 4509 1576 4546 ex
1618 4493 1836 4563 quibus
1891 4493 2128 4565 quidam
2159 4515 2205 4578 Ι)

473 4586 640 4638 erant
699 4579 1117 4652 cazci,quidam
1179 4579 1360 4646 surdi,
1396 4581 1634 4650 quidam
1693 4581 2125 4654 muti,quidam

471 4671 647 4726 etiam
680 4667 1002 4742 paralytici.
1031 4667 1159 4734 Qui,
1183 4668 1323 4722 dum
1383 4667 1769 4724 accessissent
1815 4670 1886 4724 ad
1937 4673 2122 4728 sancti

471 4759 739 4830 praesulis
771 4761 1242 4821 monumentum,
1266 4761 1323 4811 et
1355 4773 1556 4827 preces
1602 4774 1797 4813 coram
1829 4763 1944 4815 Deo
1973 4763 2123 4817 effu-

471 4847 717 4909 dissent,
732 4863 834 4918 per
853 4845 1041 4916 ipsius
1057 4843 1536 4899 interventionem
1557 4861 1761 4900 omnes
1781 4847 1963 4901 curati
1983 4853 2123 4904 sunt

2267 1822 2490 1879 diutius
2512 1842 2626 1897 quo
2651 1842 2754 1898 per
2775 1827 2959 1882 sancti
2983 1828 3386 1884 medicabilem
3420 1831 3711 1901 pontiﬁcis
3737 1831 3921 1887 inter-

2261 1912 2588 1969 ventionem
2637 1915 3000 1988 refrigeraret
3039 1916 3462 1973 intolerabilem
3493 1919 3584 1974 sui
3615 1920 3918 1978 cruciatus

2262 2001 2542 2068 dolorem,
2568 2003 2684 2058 Deo
2715 2004 2938 2059 favente
2968 2006 3208 2071 ferreus,
3235 2005 3333 2078 qui
3364 2012 3622 2062 ventrem
3653 2010 3916 2079 secabat,

2261 2089 2613 2162 circulus,in
2638 2098 2865 2148 tantum
2889 2099 2953 2149 ut
2969 2093 3306 2166 vitaliajam
3331 2100 3658 2168 penetraret
3676 2097 3915 2168 intima,

2261 2178 2565 2250 disruptus
2607 2180 2895 2252 prosilivit
2941 2186 3104 2237 extra
3151 2182 3409 2240 hominis
3455 2183 3696 2254 viscera,
3729 2203 3918 2258 quem

2259 2267 2553 2323 cruciebat
2583 2269 2885 2326 immensa:
2907 2270 3330 2344 magnitudinis
3359 2289 3547 2344 poena.
3566 2273 3728 2330 Alius
3752 2275 3923 2331 deni-

2259 2372 2371 2426 que
2393 2356 2760 2430 orbiculusgq
2771 2359 2827 2413 ui
2850 2359 3010 2432 gravi
3035 2365 3258 2416 tortura
3282 2361 3581 2434 affligebat
3601 2363 3920 2420 brachium

2257 2443 2514 2500 hominis
2537 2445 3025 2519 illius,‘quoniam
3047 2453 3416 2522 turgescente
3435 2451 3625 2507 carnis
3647 2451 3921 2520 vulnere,

2256 2536 2412 2588 totus
2446 2535 2573 2604 jam
2604 2535 2766 2590 sanie
2810 2537 3119 2609 tegebatur
3155 2555 3220 2592 ac
3264 2540 3569 2612 sanguine,
3595 2542 3922 2598 confestim

2255 2625 2387 2676 ante
2418 2623 2592 2692 pedes
2623 2625 2752 2694 ejus
2784 2625 3013 2693 cecidit,
3037 2631 3096 2682 et
3133 2643 3264 2682 acre
3295 2627 3512 2684 doloris
3543 2633 3922 2687 tormentum

2253 2711 2530 2766 continuo
2562 2712 2633 2766 ab
2665 2713 2867 2769 eodem
2896 2714 3152 2770 recessit.
3182 2714 3284 2771 Ille
3314 2733 3524 2789 nempe
3555 2717 3812 2774 annulus
3851 2720 3921 2776 in

2253 2802 2485 2854 tantum
2518 2804 2642 2856 erat
2672 2802 2910 2858 strictus
2937 2808 3003 2859 ut
3021 2804 3113 2859 vix
3137 2821 3265 2860 esse
3285 2803 3465 2860 trium
3488 2823 3668 2879 capax
3687 2807 3925 2864 videre-

2251 2892 2347 2942 tur
2377 2889 2718 2960 digitorum,
2739 2897 2796 2946 et
2827 2892 2955 2948 ideo
2989 2893 3096 2948 fuit
3123 2895 3340 2948 mirum
3369 2896 3645 2966 quoniam
3679 2897 3924 2971 integer

2250 2977 2526 3047 posillivit
2571 2981 2640 3033 de
2674 2980 2932 3037 hominis
2975 2982 3233 3050 brachio,
3267 2989 3322 3038 et
3378 2983 3436 3038 in
3496 2986 3920 3042 testimonium

2249 3065 2429 3136 hujus
2462 3068 2726 3123 miraculi
2761 3071 2818 3123 in
2851 3071 3050 3126 eodem
3076 3088 3400 3143 suspensus
3430 3077 3518 3128 est
3547 3073 3835 3131 cmnobio.

2321 3158 2408 3212 33.
2432 3158 2807 3231 Praesignatis
2836 3161 3089 3232 denique
3122 3163 3501 3234 temporibus,
3528 3163 3770 3235 quidam
3809 3183 3923 3222 ne-

2252 3245 2518 3317 gotiator,
2545 3248 2778 3304 nomine
2818 3248 3191 3316 Flodoaldus,
3217 3251 3305 3305 vir
3335 3251 3391 3305 in
3437 3254 3611 3307 rebus
3642 3254 3923 3325 prudens

2252 3334 2650 3404 saecularibus,
2700 3336 2971 3408 plurimis
3019 3339 3325 3396 abundans
3373 3341 3604 3412 Opibus,
3648 3341 3926 3400 habebat

2252 3424 2564 3492 quemdam
2611 3425 2920 3494 famulum,
2948 3444 3121 3500 quem
3180 3427 3460 3502 diligebat
3518 3430 3794 3486 nimium.
3831 3433 3921 3502 Is,

2252 3527 2355 3583 pro
2379 3513 2633 3584 quodam
2656 3514 2910 3572 facinore
2931 3517 3390 3588 comprehensus
3409 3535 3441 3574 a
3458 3520 3610 3592 regis
3633 3520 3922 3592 praeside,

2243 3601 2452 3671 jussns
2497 3607 2586 3657 est
2615 3620 2648 3657 a
2675 3603 2970 3676 regalibus
3018 3606 3300 3661 custodiri
3350 3605 3682 3676 clientibus,
3715 3609 3925 3667 donec

2250 3691 2378 3760 ejus
2399 3691 2620 3746 veniret
2640 3693 2937 3763 dominus,
2953 3699 3009 3750 et
3030 3695 3277 3768 ignitum
3304 3697 3657 3752 carbonibus
3679 3698 3925 3758 ferrum

2251 3779 2424 3833 nudis
2458 3780 2732 3837 manibus
2772 3781 2925 3838 idem
2966 3788 3224 3855 portoret
3266 3785 3557 3856 protinus,
3584 3791 3640 3841 et
3669 3787 3720 3842 si
3754 3789 3926 3846 foret

2248 3865 2641 3940 inculpabilis,
2671 3869 3095 3943 relinqueretur
3135 3873 3466 3942 incolumis,
3504 3873 3553 3930 si
3585 3875 3923 3948 culpabilis

2246 3955 2622 4025 inveniretur,
2656 3961 2842 4031 capite
2883 3962 3252 4032 plecteretur.
3293 3963 3550 4020 Audiens
3592 3965 3778 4037 igitur
3813 3985 3924 4024 se-

2249 4045 2376 4099 nior
2395 4048 2508 4114 (73)
2530 4046 2707 4115 illius,
2725 4051 2878 4119 quod
2896 4050 3019 4122 ipse
3037 4067 3234 4106 servus
3256 4051 3315 4106 in
3333 4052 3581 4108 vinculis
3600 4059 3926 4113 teneretur

2246 4133 2356 4188 sub
2388 4134 2533 4190 diris
2563 4139 2927 4207 custodibus,
2957 4139 3330 4196 festinantius
3364 4158 3542 4213 quam
3573 4143 3768 4214 potuit
3801 4145 3924 4201 ille

2245 4221 2514 4291 perrexit,
2540 4239 2855 4296 exposcens
2896 4226 3048 4298 regis
3093 4227 3533 4298 praefectum,ut
3575 4230 3927 4291 dimitteret

2237 4309 2551 4379 judicium,
2580 4318 2636 4368 et
2667 4313 2878 4369 servuli
2912 4315 3316 4388 praescriptum
3347 4317 3679 4375 conditione
3709 4321 3928 4379 famu-

2244 4396 2363 4452 lum
2401 4401 2722 4471 possideret
2753 4402 3023 4457 illzesum.

2314 4487 2402 4542 34.
2437 4489 2542 4553 Qui
2575 4490 2818 4545 minime
2859 4492 3056 4548 favens
3098 4493 3226 4564 ejus
3267 4494 3706 4570 sponsionibus,
3740 4496 3930 4558 ultra

2237 4577 2477 4632 modum
2521 4578 2885 4651 superbiens,
2911 4599 3012 4652 pro
3066 4584 3384 4639 mundanis
3417 4585 3676 4641 fascibus
3727 4603 3924 4647 servo

2235 4667 2368 4722 ferri
2402 4667 2652 4722 calidam
2706 4670 2978 4742 praecepit
3033 4689 3231 4744 gerere
3287 4691 3568 4729 massam.
3602 4674 3924 4738 Dominus

2232 4762 2425 4812 autem
2459 4759 2585 4828 ejus
2619 4758 2726 4812 hoc
2757 4759 3002 4816 audiens
3032 4761 3101 4816 de
3133 4779 3315 4831 servo,
3339 4761 3590 4818 nimium
3624 4764 3923 4835 perituro

2231 4845 2566 4913 condolens,
2600 4865 2807 4904 rursus
2851 4851 3158 4920 praeposito
3201 4851 3514 4924 spopondit
3558 4853 3718 4925 regio
3752 4856 3924 4916 dare

469 4938 528 4991 in
562 4936 749 5008 spatio
781 4935 961 4989 trium
1008 4932 1272 5000 dierum;
1306 4932 1504 5005 sicque
1565 4932 1678 4987 laeti
1713 4934 1951 4990 domum
1985 4954 2119 4994 cum

467 5025 688 5098 ingenti
721 5024 933 5096 gaudio
975 5021 1290 5088 redierunt,
1317 5021 1762 5094 magnificantes
1794 5029 1850 5078 et
1881 5024 2120 5081 laudan-

466 5120 554 5170 tes
587 5114 924 5169 Dominum.

535 5203 624 5258 3|.
654 5203 766 5256 Nec
799 5199 981 5255 multo
1014 5205 1146 5272 post
1177 5204 1550 5255 accesserunt
1581 5201 1651 5255 ad
1684 5201 1954 5257 eumdem
1987 5220 2118 5258 san-

2227 4935 2359 5006 puxi
2412 4935 2622 4990 libram
2654 4937 2900 5009 argenti,
2926 4943 2982 4993 et
3009 4938 3284 4995 similiter
3313 4941 3604 4996 concessit
3650 4958 3924 5004 servum

2227 5023 2310 5078 illi
2355 5025 2653 5095 possidere
2709 5027 3038 5098 praefatum,
3073 5045 3339 5097 exorans,
3375 5037 3441 5085 ut
3480 5030 3766 5102 iniquum
3807 5035 3924 5090 di—

2228 5111 2482 5168 mitteret
2502 5113 3106 5186 judicium,quoniam
3131 5116 3504 5189 dispendium
3537 5121 3685 5174 tanti
3719 5120 3928 5182 dede-

2227 5200 2378 5257 coris
2409 5201 2652 5257 minime
2681 5203 2888 5275 quibat
2925 5206 3170 5277 perpeti,
3197 5211 3261 5261 ut
3304 5207 3668 5280 mancipium
3699 5208 3920 5286 illius,

534 5344 648 5413 (7i)
688 5342 846 5399 Italis
903 5343 1136 5408 balconi,
1171 5342 1349 5397 Gallis
1408 5343 1650 5407 balcons,
1701 5349 1838 5398 sunt
1895 5345 2112 5401 exedris

469 5414 918 5490 proeminentes.
953 5419 1030 5470 De
1069 5431 1185 5484 qua
1221 5431 1356 5468 voce
1386 5413 1724 5490 Acharisius
1767 5417 1918 5487 apud
1966 5417 2112 5490 Can-

507 5489 706 5543 ium:«
729 5485 974 5560 Quidam
1013 5501 1213 5560 vocem
1264 5484 1558 5560 propriam
1612 5484 1982 5556 Venetorum,
2015 5489 2112 5544 alii

507 5505 706 5543 1um:«
729 5505 974 5554 umnam
1013 5505 1213 5541 vocem
1264 5505 1293 5558 p

461 5505 857 5618 genuensium
889 5574 1016 5616 esse
1051 5556 1234 5614 aiunt.
1264 5578 1293 5607 »

2297 5344 2408 5421 (72)
2440 5344 2503 5421 id
2531 5349 2638 5421 est,
2673 5347 2897 5418 spiritu,
2928 5365 2962 5402 ει
2991 5347 3186 5421 Graeco
3217 5355 3427 5421 πνεῦμα.

2293 5417 2758 5491 (73)_rl_3arharum
2793 5437 2826 5473 a
2853 5436 2989 5491 voce
3019 5419 3236 5477 Gallico
3265 5417 3542 5491 seigneur,
3578 5421 3920 5486 dominus.

2221 5486 2365 5544 Vide
2398 5487 2655 5546 Glossar.
2688 5489 2913 5565 Cangii.
