3960 6064
47 272 122 331 Π
1381 276 1565 337 Vl'l‘A
1609 274 1673 336 S.
1718 273 2140 336 SWITHUNI.
3380 273 3461 340 78

47 421 144 475 pro
176 402 276 458 ἤὶὶ
312 401 538 459 scelere
560 403 934 477 jugularetur
959 410 1013 460 et
1045 407 1313 463 crimine.
1345 408 1527 462 Amici
1561 406 1704 478 quin
1734 407 1788 473 Α
1819 407 2004 463 fectus
2037 411 2124 464 est
2153 425 2340 464 czncus
2368 427 2470 481 per
2501 410 2866 466 intervallum
2913 411 3250 484 quindecim
3279 426 3466 465 anno-

47 493 220 547 etiam
251 497 312 547 et
345 498 626 565 parentes
655 493 870 566 culpati
905 493 1165 550 hominis
1214 495 1413 552 tristes
1442 495 1706 568 gastoldo

51 582 156 646 {731)
187 581 350 654 regis
381 581 646 654 ingentia
671 582 1066 654 promiserunt
1096 583 1358 649 donaria,
1391 583 1708 656 gestientes

49 676 366 742 cognatum
399 687 758 743 magnopere
791 688 993 727 eorum
1025 671 1274 728 liberare
1305 673 1375 728 de
1405 677 1706 728 contume-

47 759 186 812 liosa
214 764 440 814 morte.

109 848 196 902 35.
229 847 560 904 Praefectus
615 854 1014 905 verumtamen
1069 850 1339 922 precibus
1371 867 1571 906 eorum
1605 851 1706 906 ab-

43 954 246 1004 nuens,
284 937 642 1009 praedictum
691 939 975 1010 compulit
1023 939 1323 994 hominem
1370 941 1530 994 nuda
1561 940 1707 996 ferre

47 1042 215 1080 manu
246 1025 572 1097 chalybem
605 1026 827 1082 eximie
860 1027 1032 1083 molis
1065 1028 1708 1100 ferventem,multoque

45 1116 290 1170 carbone
327 1114 668 1171 rubentem.
702 1117 884 1181 Quem
933 1116 1075 1171 dum
1122 1117 1211 1171 vir
1259 1117 1358 1172 ille
1404 1121 1643 1173 coactus
1674 1133 1709 1172 a

39 1204 306 1274 preside,
346 1221 535 1258 manu
565 1208 826 1276 gestaret
855 1205 1361 1278 timide,protinus
1390 1205 1598 1276 ingens
1617 1222 1707 1260 ar-

37 1310 172 1347 sura
197 1291 454 1363 replevit
482 1294 616 1363 ejus
647 1292 837 1348 volam
870 1298 1097 1366 tergore
1128 1295 1421 1348 adustam.
1444 1293 1709 1366 Sigillata

37 1387 124 1435 est
153 1386 360 1436 autem
387 1395 610 1436 manus
633 1383 682 1453 ej
696 1399 763 1437 us
786 1380 955 1438 solito
977 1400 1157 1449 more,
1183 1400 1368 1455 usque
1389 1383 1448 1438 in
1469 1383 1706 1438 tertium

36 1471 208 1524 diem.
231 1469 606 1526 Flodoaldus
635 1475 831 1525 autem
864 1471 922 1524 in
954 1471 1221 1542 sequenti
1252 1471 1347 1528 die
1376 1471 1710 1527 convocavit

43 1559 364 1624 hominem,
378 1575 451 1614 ac
465 1559 686 1630 reperit
705 1575 839 1613 eum
863 1559 1232 1627 damnatum,
1250 1577 1314 1614 ac
1332 1558 1704 1631 culpabilem.

41 1647 307 1712 Quinimo
359 1652 707 1703 commotus
765 1647 961 1703 dolore
1010 1665 1112 1720 pro
1157 1648 1414 1720 perituro
1446 1648 1706 1715 homine,

1819 513 1966 551 rum.
1998 497 2070 562 Is,
2096 497 2238 552 dum
2257 497 2442 552 nimia
2471 500 2726 555 erecitate
2755 501 3132 568 cruciaretur,
3157 497 3472 571 compluri-

1816 585 1928 640 bus
1959 586 2210 656 peractis
2268 587 2780 656 medicaminibus,
2817 589 3140 644 ustulatum
3176 593 3265 645 est
3293 590 3470 660 caput

1816 673 1942 745 ejus
1975 674 2280 730 duodecim
2338 675 2769 746 adustionibus,
2805 695 2930 749 quae
2965 677 3110 732 nihil
3143 677 3192 734 ei
3223 692 3468 749 prorsus

1815 763 2179 834 profuerunt,
2237 779 2461 832 verum,
2500 763 2685 820 multo
2745 765 2934 838 magis
2989 766 3321 820 obfuerunt.
3356 765 3463 830 Qui

1816 851 2055 906 demum
2111 853 2356 908 audiens
2415 870 2542 924 quae
2588 858 2644 908 et
2691 859 2912 926 quanta
2967 853 3464 910 clementissimus

1813 939 2029 995 Auctor
2057 957 2252 996 rerum
2303 941 2586 998 miracula
2615 959 2716 1015 per
2743 960 2916 998 suum
2952 944 3229 1015 dignatus
3261 946 3349 998 est
3378 942 3465 998 fa-

1817 1028 2043 1084 mulum
2077 1030 2497 1104 benignissime
2527 1031 2867 1088 hominibus
2900 1031 3154 1103 praebere
3181 1031 3464 1104 languen-

1815 1117 1998 1184 tibus,
2014 1119 2369 1175 Wintoniam
2402 1120 2578 1176 nudis
2609 1120 2848 1176 veniens
2877 1119 3245 1192 vestigiis,ad
3277 1118 3466 1176 sancti

1816 1223 2028 1279 corpus
2058 1208 2350 1279 pontificis
2391 1208 2636 1263 accessit
2680 1226 2812 1263 cum
2872 1208 3143 1280 precibus
3187 1207 3465 1263 assiduis.

1818 1297 1938 1360 Quo
1971 1313 2104 1350 cum
2150 1296 2523 1367 pervenisset,
2557 1301 2612 1351 et
2641 1297 2842 1350 eadem
2877 1300 3043 1351 nocte
3075 1296 3293 1351 ibidem
3322 1295 3468 1368 vigi-

1817 1382 2254 1448 laret,crastina
2283 1385 2612 1440 albescente
2645 1384 3081 1451 aurora,lucem
3114 1383 3298 1439 oculis
3328 1400 3465 1438 con-

1817 1470 2038 1542 Spicere
2070 1473 2302 1540 meruit,
2318 1478 2493 1544 atque
2516 1489 2719 1543 sospes
2752 1473 2994 1527 domum
3026 1470 3469 1539 rediens,omni-

1817 1564 2110 1631 potcntem
2144 1560 2456 1616 Dominum
2489 1559 2814 1632 gloriﬁcare
2847 1559 3094 1615 studuit.

1885 1649 1974 1703 39.
2007 1651 2172 1705 Anno
2204 1649 2343 1720 quin
2375 1649 2550 1705 etiam
2582 1649 2730 1722 ipso,
2755 1649 2994 1721 quidam
3025 1665 3211 1704 czecus
3240 1663 3308 1704 ex
3338 1635 3470 1702 Ion:

48 1741 267 1791 fratrem
317 1753 665 1792 convocans
695 1741 753 1791 et
783 1737 970 1792 socios
1021 1737 1120 1808 qui
1166 1737 1426 1804 aderant,
1463 1738 1705 1792 domum
1737 1775 1783 1838 Β
1816 1736 2053 1810 ginquis
2073 1737 2394 1810 Anglorum
2411 1738 2647 1804 ﬁnibus,
2667 1738 2912 1793 audiens
2935 1734 3468 1810 prodigiorumopi-

53 1827 213 1881 redire
233 1825 629 1898 disponebat,
654 1825 954 1896 quoniam,
977 1825 1062 1880 uti
1086 1825 1708 1898 przediximus,patien-

53 1925 144 1968 ἷκε)
175 1916 324 1970 ferre
353 1931 482 1969 non
516 1917 748 1986 poterat
779 1919 1068 1985 quatenus
1116 1931 1291 1969 verna
1322 1914 1481 1969 illius
1513 1931 1576 1971 se
1607 1931 1706 1970 c0-

53 2021 154 2059 ram
181 2003 510 2076 capitalem
546 2002 773 2058 subiret
803 2003 1179 2058 sententiam.

107 2096 185 2148 36.
213 2093 366 2160 Quid
406 2091 658 2147 multa?
689 2092 817 2164 Ipse
847 2091 1121 2148 doninus
1163 2108 1298 2147 cum
1331 2091 1490 2147 omni
1524 2091 1704 2148 comi-

55 2191 186 2238 tatus
203 2182 606 2237 multitudine
625 2179 880 2236 exoravit
900 2196 1096 2234 rerum
1114 2183 1423 2236 Auctorem
1452 2180 1704 2253 supplici

53 2291 215 2345 prece,
247 2276 312 2326 ut
347 2270 645 2326 liberaret
693 2268 857 2324 illum
891 2268 1189 2324 hominem
1223 2287 1256 2324 a
1281 2268 1707 2326 contumeliosa

55 2379 168 2416 nece
196 2378 298 2434 per
349 2357 561 2415 sancti
621 2356 917 2413 Swithuni
978 2355 1705 2429 intercessionem,preces

51 2457 372 2505 c-mvcrtens
407 2447 490 2504 ad
524 2447 709 2502 cosmi
743 2446 1259 2512 Salvatorem,toto
1295 2446 1508 2502 mentis
1538 2463 1705 2501 cona-

53 2540 182 2592 mine
211 2537 512 2610 inquiens
544 2551 560 2590 :
595 2535 816 2600 Libera,
847 2533 1092 2590 Domine
1122 2533 1720 2606 Deusomnipotens,

55 2625 138 2678 hac
166 2623 692 2696 mancipium,pcr
720 2620 955 2695 gloriosi
987 2621 1255 2692 praesulis
1287 2621 1699 2690 interventum,

58 2719 210 2783 etego
247 2710 373 2783 ipsi
431 2715 641 2764 sancto
689 2709 917 2764 tradam
970 2708 1160 2777 illum,
1195 2726 1296 2780 per
1324 2711 1496 2781 cujus
1527 2727 1703 2766 sanas

61 2801 302 2855 meritum
345 2798 680 2870 languores
731 2797 890 2853 diros
937 2798 1367 2871 aegrotantium,
1399 2799 1449 2854 si
1475 2799 1703 2854 cmlitus

62 2889 312 2959 eripueris
343 2905 493 2943 eum
513 2887 588 2942 de
607 2885 874 2941 nefandis
896 2886 1174 2944 manibus
1195 2887 1701 2943 mortiﬁcantium.

63 2979 354 3033 Transacta
390 2975 661 3047 denique
697 2976 955 3031 secunda
983 2975 1076 3030 die
1108 2982 1421 3049 postquam
1455 2975 1704 3048 portavit

63 3068 362 3140 chalybem,
433 3067 770 3138 thboque
835 3066 1062 3121 tertiam
1126 3065 1443 3137 replicante
1501 3065 1702 3138 hyme-

1817 1825 2073 1893 nionem,
2108 1843 2240 1881 cum
2293 1843 2470 1897 puero
2518 1828 2759 1882 ductore
2800 1827 3150 1898 properabat
3175 1825 3246 1880 ad
3279 1823 3468 1880 sancti

1817 1915 2286 1970 medicationem.
2321 1914 2428 1981 Qui
2460 1916 2600 1970 dum
2633 1915 3129 1987 appropinquaret
3175 1913 3466 1968 civitatem

1815 2002 2365 2074 Wintoniam,veuit
2396 2005 2469 2060 ad
2502 2003 2694 2059 locum
2729 2002 3070 2074 quemdam,
3105 2001 3163 2056 in
3196 2019 3310 2073 quo
3344 1999 3468 2056 fati-

1814 2096 1988 2164 gatus
2041 2109 2110 2147 ex
2136 2092 2341 2148 itinere
2371 2093 2545 2164 cmpit
2574 2091 2882 2164 paululum
2914 2090 3297 2163 requiescere.
3329 2090 3470 2146 Erat

1816 2183 2036 2246 autem,
2067 2179 2167 2235 ubi
2198 2180 2547 2252 reposabant
2578 2180 2710 2252 (77),
2743 2179 2950 2251 ingens
3012 2195 3154 2233 crux
3211 2176 3460 2250 lapidea,

1813 2267 1926 2323 tria
1955 2286 2238 2340 passuum
2288 2267 2473 2323 millia
2516 2285 2662 2340 pene
2707 2267 2936 2322 distans
2968 2285 3002 2322 a
3031 2267 3269 2339 praefata
3299 2265 3463 2322 urbe.

1813 2357 2078 2428 Cumque
2096 2357 2176 2412 ibi
2197 2355 2632 2428 aliquantulum
2667 2355 3052 2427 quiescerent,
3070 2371 3214 2428 puer
3243 2352 3467 2410 fameli-

1813 2463 1916 2503 cus
1950 2445 2031 2501 ait
2059 2447 2130 2501 ad
2163 2462 2382 2501 caecum
2417 2462 2614 2501 senem
2644 2461 2655 2499 :
2687 2444 3131 2511 Manducemus,
3159 2447 3342 2515 pater,
3368 2441 3470 2498 ali-

1813 2534 1974 2606 quid,
2009 2534 2288 2606 quoniam
2344 2535 2516 2589 modo
2567 2550 2841 2604 magnam
2895 2531 3084 2604 patior
3131 2531 3370 2602 famem,
3409 2535 3470 2586 et

1813 2640 2020 2680 sumus
2053 2641 2230 2696 prope
2279 2622 2593 2689 civitatem,
2629 2623 2701 2677 ad
2731 2639 2907 2693 quam
2942 2637 3077 2676 cum
3107 2619 3464 2689 venerimus,

1811 2712 2020 2768 edendi
2043 2729 2158 2766 non
2182 2711 2530 2767 habebimus
2551 2708 3346 2784 possibilitatemltespondit
3364 2725 3478 2764 cae-

1812 2819 1916 2856 cus
1951 2818 1963 2858 :
2002 2800 2124 2866 l’ili,
2159 2818 2482 2874 congruum
2517 2800 2780 2855 nondum
2826 2799 2992 2854 adest
3021 2803 3276 2870 tempus.
3310 2798 3462 2853 Puer

1811 2889 2032 2963 inquit:
2049 2889 2280 2961 Utique,
2307 2889 2630 2962 pater,jam
2655 2888 2799 2944 hora
2821 2887 3143 2960 prandendi
3168 2889 3463 2942 transacta

1811 2985 1919 3034 est.
1945 2978 2142 3034 Caecus
2167 2979 2465 3050 respondit
2489 2996 2502 3034 :
2531 2981 2824 3045 Quantum
2846 2977 2950 3054 viae
2974 2976 3164 3031 adhuc
3196 2977 3464 3047 superest

1811 3067 1948 3122 hinc
1984 3084 2167 3139 usque
2189 3067 2261 3122 ad
2283 3065 2612 3121 civitatem?
2631 3065 2778 3120 Puer
2809 3064 2939 3118 inﬁt
2969 3065 3041 3119 ad
3074 3062 3462 3136 a3grum:Cito

65 3175 158 3210 iam
187 3159 324 3224 (75),
359 3156 670 3212 deductus
699 3159 788 3210 est
817 3155 887 3210 ad
921 3155 1250 3226 praesidem,
1285 3171 1423 3226 quo,
1458 3154 1507 3209 si
1540 3171 1706 3210 mun-
1735 3142 1776 3209 C
1810 3157 2112 3213 veniemus
2133 3157 2202 3211 ad
2225 3155 3216 3225 sanctum.QuapropterSumamus
3239 3151 3459 3220 cibum,

67 3246 148 3300 dus
173 3247 242 3300 ab
273 3246 452 3300 illato
483 3243 736 3299 crimine
765 3245 930 3311 foret,
983 3243 1244 3298 clientuli
1302 3243 1704 3315 conspicerent

66 3334 520 3390 circumstantes.
558 3332 704 3398 Quid
751 3332 922 3405 plura
969 3331 1334 3388 multimodis
1383 3349 1706 3404 prosequor

68 3423 210 3479 dictis
229 3424 258 3479 ?
1685 3419 1698 3448 ‘

117 3513 196 3566 37.
228 3512 512 3584 Cumque
536 3510 937 3583 pervenissent
957 3514 1089 3565 ante
1111 3509 1496 3583 legislatores,
1513 3509 1704 3565 virum

69 3601 471 3675 incnlpabilem
493 3600 693 3672 ipsum
709 3600 983 3671 judicant
1003 3599 1223 3667 hostes,
1247 3605 1304 3654 et
1327 3599 1549 3654 inimici
1573 3598 1707 3654 illaa-

71 3707 174 3744 sum
227 3692 354 3746 fore
412 3692 692 3745 asserunt
739 3704 913 3760 quem
969 3687 1246 3743 dominus
1278 3688 1404 3759 ipse
1433 3688 1707 3743 cernebat

73 3780 349 3850 suppliciis
391 3778 670 3850 dignum,
703 3783 760 3833 et
789 3777 961 3832 amici
995 3777 1308 3832 credebant
1335 3776 1491 3832 illico
1522 3781 1708 3832 morte

73 3869 255 3924 crudeli
288 3866 964 3938 damnandum.Sicque
990 3883 1204 3921 mmror
1233 3866 1557 3922 amicorum
1578 3882 1709 3921 con-

71 3975 236 4012 tersus
265 3963 364 4013 est
399 3957 462 4011 in
497 3955 806 4028 gaudium.
830 3955 1133 4009 Enimvero
1167 3954 1381 4009 mirum
1418 3955 1530 4009 fuit
1557 3954 1710 4009 ultra

75 4047 278 4102 nimium
315 4046 489 4118 quod
525 4045 780 4098 fautores
806 4060 1073 4099 arsuram
1104 4047 1160 4098 et
1193 4042 1555 4098 inflationem
1580 4060 1708 4098 con-

75 4135 400 4204 spiciebant,
435 4133 846 4189 criminatores
875 4132 958 4187 ita
1005 4149 1208 4187 sanam
1267 4132 1396 4203 ejus
1442 4131 1714 4187 videbant

76 4223 324 4294 palmam,
365 4222 546 4297 quasi
589 4222 820 4295 penitus
855 4238 1085 4278 servum
1121 4238 1236 4276 non
1285 4221 1572 4292 tetigisset
1602 4220 1715 4276 fer-

77 4330 197 4367 rum.
229 4315 408 4380 Quod
456 4329 595 4369 cum
644 4311 928 4367 vidissent
975 4309 1241 4374 comites,
1275 4308 1532 4364 universi
1563 4310 1711 4364 refe-

77 4409 238 4457 rentes
269 4400 680 4474 omnipotenti
711 4400 826 4456 Deo
859 4399 1082 4467 laudes,
1116 4397 1590 4469 Salvatoremque
1621 4397 1715 4452 Je-

77 4507 180 4545 sum
225 4491 663 4564 gloriﬁcantes,
717 4487 929 4544 reversi
987 4492 1126 4542 sunt
1181 4487 1524 4558 gaudentes,
1560 4485 1713 4541 unde

75 4585 326 4636 iecerant
360 4579 592 4648 tristes,
607 4583 883 4650 agnatum
919 4593 1048 4632 esse
1079 4575 1484 4631 indubitanter
1513 4573 1717 4630 divini-

78 4677 150 4722 tus
177 4669 507 4724 liberatum
541 4667 1114 4736 eredentes,unaque
1143 4679 1346 4720 omnes
1376 4680 1513 4719 voce
1545 4663 1717 4718 confi-

79 4764 256 4826 tentes,
271 4775 392 4830 per
420 4755 612 4811 sancti
645 4754 911 4828 praesulis
941 4770 1138 4826 preces
1163 4751 1455 4810 Switbuni
1477 4751 1714 4808 exaudi—

79 4844 264 4901 tiles...
299 4846 417 4901 Vir
445 4845 853 4916 autem,cujus
883 4842 980 4898 ille
1011 4846 1364 4915 prmtaxatus
1394 4842 1582 4897 fuerat
1603 4858 1719 4898 ser-

79 4933 242 5004 vulus,
274 4932 544 4990 contulit
589 4933 784 5005 ipsum
828 4933 998 4988 beato
1034 4930 1293 5004 pontiﬁci
1325 4931 1581 5003 praefato,
1615 4930 1716 5003 qui

80 5039 188 5078 eum
219 5023 528 5079 subtraxit
557 5041 592 5078 a
621 5023 745 5078 diro
774 5021 1057 5093 pestiferm
1089 5019 1247 5076 necis
1279 5019 1554 5092 periculo.

131 5113 194 5167 38
225 5114 595 5187 Praepositus
637 5109 1088 5168 Abundoncnsis
1119 5111 1230 5181 (76)
1262 5109 1599 5165 monasterii
1631 5109 1715 5165 ef-

137 5278 362 5345 (ἴθι-38.
419 5273 861 5346 nuncupatione
918 5270 1252 5346 gaudebant
1309 5269 1622 5346 regionum
1665 5275 1721 5346 et

85 5341 298 5422 urbium
333 5341 1540 5422 prefecti,:quorum_'erant_partes,’jura
1569 5342 1722 5416 plebi

87 5412 432 5487 redderefac
457 5412 705 5489 judiCiis
735 5415 1108 5489 subditorum
1133 5412 1546 5486 ignobiliorum
1569 5412 1724 5487 'prze-

83 5507 210 5544 (:58.
245 5492 428 5547 Plura
458 5487 625 5546 dabit
654 5487 930 5561 Cangius.

141 5565 248 5636 (75)
281 5564 344 5620 Id
379 5565 472 5619 est
501 5561 667 5619 diem.
701 5561 892 5618 Grece
922 5566 1134 5636 ἡμέραν.

1812 3251 2125 3319 antequam
2147 3245 2312 3301 urbis
2343 3244 2744 3301 subintremus
2775 3239 3327 3313 murum,quoniam
3341 3255 3465 3296 ma-

1812 3353 1965 3409 gnus
1995 3339 2083 3390 est
2111 3332 2426 3390 tumultus.

1885 3425 1974 3478 40.
2007 3424 2175 3496 Aiger
2203 3438 2380 3495 puero
2404 3419 2740 3493 respondit:
2766 3419 3038 3475 Nondum
3061 3435 3215 3474 nona
3245 3415 3466 3486 sonuit,

1815 3517 2221 3585 exspectemus
2270 3527 2405 3584 ergo
2439 3526 2624 3582 usque
2657 3509 2728 3565 ad
2761 3508 2988 3576 horam,
3019 3511 3076 3563 te
3107 3506 3326 3579 flagito,
3360 3522 3468 3562 no-

1815 3605 2051 3669 nam,et
2079 3605 2389 3673 postquam
2423 3599 2866 3656 convenerimus
2890 3599 2958 3653 ad
2983 3596 3091 3653 viri
3122 3596 3224 3652 Dei
3257 3611 3468 3668 corpu-

1815 3688 2073 3756 sculum,
2105 3689 2183 3744 ibi
2216 3705 2348 3744 cum
2383 3688 2613 3744 Domini
2657 3686 3061 3743 benedictione
3087 3683 3324 3750 Christi,
3355 3682 3471 3739 sol-

1815 3776 2576 3850 vamusjejunium.Ductor
2597 3794 2803 3833 rursus
2829 3775 3122 3847 inquirere
3144 3773 3470 3846 improbus.

1819 3868 1964 3923 Cum
1997 3883 2141 3938 ergo
2174 3866 2325 3920 inter
2355 3882 2416 3921 se
2449 3865 2596 3920 tales
2627 3865 3003 3936 disponerent
3034 3859 3480 3918 sermocinatio-

1819 3975 1944 4027 ncs,
1974 3973 2160 4011 caecus
2193 3954 2287 4010 ille
2319 3954 2542 4009 audivit
2574 3954 2844 4009 homines
2886 3969 3064 4007 causa
3089 3949 3369 4023 vigilandi
3401 3949 3475 4004 ad

1821 4049 2093 4102 sanctum
2123 4043 2486 4113 festinantes,
2520 4041 2619 4114 qui
2654 4041 2922 4114 protinus
2964 4041 3262 4094 ductorem
3298 4037 3477 4091 inter-

1822 4133 2044 4205 rogavit
2089 4149 2205 4204 quo
2263 4136 2589 4203 pergerent.
2626 4134 2754 4202 Ipse
2783 4145 2915 4184 vero
2949 4127 3029 4182 ait
3062 4145 3074 4182 :
3108 4125 3474 4181 Wintoniam

1821 4239 2060 4296 gressus
2083 4220 2345 4291 dirigunt
2367 4219 2439 4273 ad
2463 4218 2612 4273 beati
2645 4216 3041 4273 venerandum
3073 4213 3366 4270 Swithuni
3390 4216 3477 4268 tu-

1823 4311 2073 4379 mulum,
2108 4327 2223 4382 quo
2255 4327 2355 4381 per
2378 4309 2505 4380 ejus
2535 4307 2924 4364 interventum
2976 4304 3184 4361 salutis
3214 4302 3474 4359 medica-

1824 4403 2088 4455 mentum
2120 4396 2440 4470 percipiant
2470 4395 2732 4467 languidi
2766 4393 3020 4449 illorum.
3042 4393 3228 4447 Senex
3258 4387 3472 4460 inquit:

1825 4487 2025 4554 Qualis
2054 4491 2142 4542 est
2171 4486 2282 4540 iste
2312 4485 2474 4540 locus
2496 4483 2554 4538 in
2587 4501 2702 4555 quo
2736 4501 2842 4538 nos
2873 4480 3249 4538 consedimus
3270 4477 3297 4531 ‘I
3326 4477 3474 4532 Puer

1827 4575 2156 4650 respondit:
2176 4575 2425 4630 Staurus
2450 4574 2559 4645 (78)
2581 4572 2676 4627 hic
2699 4576 2786 4627 est
2807 4587 2999 4634 saxea,
3025 4567 3275 4640 fulgens,
3301 4581 3473 4638 gran-

1828 4667 1938 4733 dis,
1965 4663 2272 4729 altissima,
2297 4663 2368 4718 ad
2390 4661 2624 4717 laudem
2645 4659 2854 4714 Christi
2882 4655 3478 4730 posita.Qui,consur-

1827 4772 1971 4827 gens
2003 4753 2186 4820 ocius,
2217 4751 2514 4808 Christum
2546 4749 2729 4805 oravit
2772 4747 3044 4820 precibus
3075 4749 3140 4800 ut
3172 4746 3480 4809 sanaretur

1829 4843 2054 4899 cmlitus
2087 4859 2187 4914 per
2217 4839 2320 4895 viri
2357 4838 2552 4911 magni
2587 4837 2881 4892 meritum.

1899 4933 1986 4988 41.
2021 4931 2264 4987 Domine
2293 4930 2445 4984 Deus
2477 4926 2868 4998 omnipotens,
2892 4941 3052 4980 meas
3083 4921 3220 4978 audi
3252 4935 3475 4994 preces,

1830 5022 2123 5094 inquiens,
2157 5019 2330 5074 redde
2363 5015 2612 5088 propriis
2643 5014 2842 5069 lumen
2875 5013 3082 5080 oculis,
3111 5007 3485 5084 suifraganti-

1824 5113 1938 5168 bus
1971 5109 2195 5165 meritis
2245 5105 2432 5163 sancti
2484 5102 2781 5160 Swithuni
2829 5103 3116 5176 praesulis.
3151 5101 3195 5156 Ο
3227 5099 3277 5155 si
3307 5099 3484 5154 istam

1903 5271 2016 5397 $76)
2046 5269 2190 5323 Puto
2224 5263 2599 5346 scribendum
2632 5263 3084 5344 Atlantica—tensis,
3111 5261 3181 5316 de
3203 5275 3319 5342 qup
3351 5273 3486 5313 con-

1929 5359 1959 5397 c
1988 5338 2570 5395 Malmesburiensem
2599 5333 2636 5390 l.
2670 5353 2710 5390 11
2759 5335 2841 5391 De
2899 5339 3080 5397 gestls
3138 5331 3486 5397 pontificum

1833 5331 1959 5399 sulc
1988 5331 2570 5395 Malmesburiensem
2599 5333 2636 5390 l.
2670 5353 2710 5390 11
2759 5335 2841 5391 De
2899 5331 3080 5407 gestis
3138 5331 3486 5404 pontificum

1835 5413 2172 5486 Anglorum.
2549 5478 2559 5488 θ
3017 5475 3028 5488 ο

1929 5486 2020 5554 77)
2053 5482 2319 5548 Barbare,
2348 5495 2382 5534 a
2413 5477 2634 5534 Gallico
2665 5493 2898 5549 reposer,
2931 5489 3250 5550 qmescere.

1910 5490 2023 5634 l78)
2055 5555 2117 5614 Id
2147 5557 2237 5613 est
2263 5566 2424 5621 crux,
2453 5549 2646 5610 Grece
2676 5559 2896 5628 σταυρός.

1932 5549 2023 5629 78)
2055 5555 2117 5614 Id
2147 5557 2237 5613 est
2263 5566 2424 5621 crux,
2453 5549 2646 5610 Grece
2676 5559 2896 5628 σταυρός.
