3960 6064
513 278 592 360 f9
1463 303 1868 365 GOSCELINI
1913 301 2543 366 CANTUARl-ENSIS
2585 302 2969 366 MONACHI.
3833 301 3917 363 se

515 432 669 489 claro
693 431 921 492 lumine
951 435 1241 492 civitatem
1292 437 1642 510 quandoque
1674 452 1900 492 merear
1928 435 2157 508 conspi-
2187 435 2244 503 Α
2273 451 2467 491 comes
2489 435 2642 492 idem
2669 435 2946 508 diligebat
2969 434 3101 509 plus
3114 434 3530 503 caeteris,ruina
3549 438 3918 508 properante,

517 538 644 578 cere
662 523 953 595 gaudens!
971 522 1015 579 Ο
1028 523 1276 597 gloriose
1290 525 1588 581 confessor
1597 524 1677 580 Ch
1687 525 1810 580 risti
1829 525 2159 592 Swithune,

517 625 619 666 ora
643 625 752 683 pro
781 627 874 667 me
905 611 1235 669 miserrimo
1266 619 1588 685 peccatore,
1607 630 1676 668 ne
1708 613 1784 668 sit
1813 613 1958 668 mihi
1990 629 2162 686 grave

515 697 816 767 delictum,
841 701 990 770 quod
1025 706 1158 757 ante
1188 691 1392 758 ho'ram
1426 703 1628 774 frango
1653 701 1970 773 jejunium.
1994 702 2164 757 Cum-

515 802 629 858 que
661 804 847 844 caecus
875 787 973 846 ille
1003 789 1180 846 talem
1229 808 1365 847 cum
1417 791 1635 864 gemitu
1685 790 1928 847 fudisset
1960 789 2166 846 oratio-

515 891 670 940 nem,
695 875 1062 934 illuminatus
1084 883 1173 936 est
1191 879 1408 936 ibidem
1433 897 1536 952 per
1553 879 1704 935 sacri
1736 879 2052 935 sacerdotis
2081 879 2166 934 in-

515 965 975 1036 terventionem;
1007 983 1258 1040 moxque
1312 963 1379 1024 ut
1434 967 1742 1041 glaucoma
1771 967 1882 1039 (79)
1914 969 1986 1023 ab
2037 969 2165 1038 ejus

517 1051 702 1110 oculis
732 1055 961 1125 cecidit,
993 1055 1320 1128 suscipiens
1350 1056 1508 1113 haud
1540 1056 1710 1130 longe
1756 1056 2164 1112 Winthoniam

519 1141 838 1213 conspexit;
865 1159 1040 1215 quam
1073 1149 1192 1201 toto
1223 1146 1436 1201 mentis
1468 1145 1672 1201 ardore
1703 1143 2006 1217 paululum
2033 1149 2165 1200 ante

521 1227 890 1286 desiderabat
925 1230 1138 1298 videre,
1193 1237 1250 1288 et
1279 1233 1638 1306 impransus,
1669 1237 1736 1286 ut
1764 1231 2057 1304 cupiebat,
2091 1231 2163 1286 ad

521 1318 708 1374 sancti
737 1318 886 1375 vatis
917 1336 1238 1392 properans
1269 1321 1518 1376 accessit
1567 1320 1867 1392 reliquias,
1901 1320 2168 1392 magniﬁ-

521 1421 662 1462 cans
692 1405 1008 1464 Salvatoris
1055 1407 1558 1480 omnipotentiam.
1595 1411 1716 1475 Quo
1747 1425 1882 1464 cum
1914 1408 2169 1464 venisset

520 1495 810 1552 intimavit
835 1495 1112 1553 fratribus
1142 1496 1252 1552 loci
1285 1497 1443 1553 illius
1474 1497 1724 1570 qualiter
1751 1501 1990 1552 curatus
2021 1497 2170 1552 foret

519 1602 623 1658 per
645 1584 973 1641 Conditoris
1019 1585 1225 1640 mundi
1268 1585 1578 1642 famulum.
1614 1586 1742 1654 Qui,
1777 1587 1846 1640 ad
1879 1585 2166 1658 templum

519 1673 947 1740 convenientes,
977 1672 1330 1747 bymnidicis
1359 1674 1600 1730 vocibus
1631 1675 2169 1730 laudaveruntAuc-

515 1763 702 1818 torem
733 1761 884 1817 virtu
894 1766 1040 1818 tum.

592 1851 680 1906 42.
712 1849 884 1906 Venit
916 1851 1166 1924 denique
1197 1851 1256 1907 in
1287 1851 1496 1908 diebus
1525 1850 1644 1908 illis
1667 1852 1737 1907 ad
1767 1855 2036 1908 sanctum
2067 1851 2169 1907 Dei

521 1939 763 2010 quidam
793 1938 1022 2005 debilis,
1038 1939 1284 1996 claudus
1313 1945 1561 2012 utroque
1593 1940 1830 2013 pede,et
1861 1939 1944 1995 sic
1975 1957 2172 1996 curva-

521 2031 618 2083 tus
649 2027 994 2100 aegritudine
1026 2032 1091 2082 ut
1119 2028 1351 2099 penitus
1394 2045 1507 2083 non
1563 2033 1761 2100 posset
1791 2045 1918 2084 sese
1945 2029 2016 2084 de
2047 2029 2172 2084 loco

526 2116 967 2182 remOvere,nisi
1000 2116 1156 2171 binis
1188 2121 1620 2172 sustentaretur
1650 2116 1942 2172 scabellis.
1971 2118 2023 2172 Is
2046 2133 2175 2172 con-

527 2205 718 2260 testim
746 2209 810 2260 ut
829 2205 900 2260 ad
923 2205 1111 2260 sancti
1137 2206 1402 2261 tumbam
1424 2206 1669 2261 accessit
1691 2205 1989 2273 antistitis,
2018 2223 2172 2260 rece-

525 2294 612 2367 pit
633 2294 972 2366 sospitatem
997 2294 1367 2362 somatis,sed
1385 2300 1577 2350 mente
1600 2295 1923 2366 permansit
1943 2295 2172 2363 debilis,

535 2382 812 2455 quoniam
852 2382 1136 2438 conditori
1171 2388 1280 2438 Deo
1330 2383 1547 2454 gratias
1601 2400 1716 2438 non
1778 2383 1990 2450 retulit,
2025 2384 2180 2439 sicut

533 2471 723 2528 caeteri
748 2471 1006 2527 fecerunt
1027 2471 1184 2544 aegri.
1208 2471 1496 2526 Nimirum
1525 2471 1712 2544 primo
1745 2489 1920 2544 quam
1952 2477 2180 2528 erectus

534 2565 623 2616 est
650 2549 950 2627 divinitus,
984 2564 1254 2615 sanctum
1287 2559 1643 2632 relinquens,
1677 2560 1945 2633 protinus
1977 2562 2177 2635 fugam

534 2649 781 2721 arripuit
810 2648 1076 2714 celerius,
1109 2654 1167 2704 et
1196 2665 1230 2703 a
1261 2650 1492 2704 nemine
1541 2654 1741 2722 postea
1771 2650 1829 2704 in
1861 2651 1988 2722 ipso
2016 2651 2179 2705 visus

534 2744 622 2795 est
644 2739 925 2794 coenobio.
951 2737 1214 2793 Scabella
1235 2744 1454 2803 tamen,
1479 2739 1692 2810 quibus
1714 2741 2177 2806 sustentabatur,

519 2827 939 2901 'aagritudinem
971 2827 1371 2900 prodiderunt,
1397 2828 1551 2899 quod
1576 2831 1813 2883 curatus
1838 2829 1971 2883 inde
1994 2845 2178 2884 reces-

534 2917 612 2972 sit
639 2931 744 2988 pcr
772 2915 958 2971 sancti
987 2915 1284 2970 Swithuni
1317 2915 1862 2971 meritum.Turmze
1881 2916 2057 2972 etiam
2077 2917 2182 2973 cir-

535 3005 980 3072 cumstantium,
1015 3021 1377 3076 quascunque
1423 3004 1504 3059 ibi
1551 3010 1884 3077 prasentes,
1918 3006 2179 3071 aderant,

517 3095 871 3147 ’OOnstanter
901 3095 1278 3146 asseruerunt
1307 3091 1389 3146 ita
1417 3092 1536 3146 fore
1566 3099 1796 3164 gestum
1828 3110 1930 3165 per
1959 3093 2178 3160 omnia,

533 3180 686 3236 sie-ut
714 3180 998 3252 scriptum
1035 3178 1364 3235 continetur
1391 3180 1449 3234 in
1482 3180 1591 3236 hac
1621 3181 1854 3254 pagina.

606 3270 694 3324 43.
719 3269 935 3324 Eadem
995 3285 1227 3340 quoque
1287 3272 1630 3341 tempestate
1681 3270 1922 3341 quidam
1975 3269 2179 3329 consul

535 3359 689 3432 regis
720 3359 970 3413 nimium
1001 3357 1268 3423 dilectus,
1290 3358 1349 3412 in
1370 3358 1605 3414 caducis
1628 3365 1952 3430 praepotens
1982 3361 2178 3431 rebus,

534 3463 669 3503 cum
688 3445 910 3520 ingenti
923 3446 1384 3513 comitatu,sicut
1404 3463 1532 3503 mos
1548 3453 1636 3502 est
1651 3447 2176 3520 Anglosaxonibus,

533 3541 911 3609 properanter
948 3535 1248 3608 equitabat
1277 3536 1348 3590 ad
1379 3537 1695 3608 quemdam
1727 3539 1940 3606 vicum,
1973 3537 2033 3592 in
2063 3553 2178 3608 quo

521 3624 773 3698 grandis
805 3629 1121 3696 apparatus
1151 3625 1222 3679 ad
1255 3625 1616 3680 necessarios
1663 3625 2003 3680 convivendi
2034 3643 2179 3681 usus

533 3718 657 3770 erat
684 3712 766 3768 illi
792 3717 1027 3786 opipare
1057 3717 1450 3768 constructus.
1486 3713 1704 3769 Accidit
1732 3719 1926 3768 autem
1960 3713 2018 3767 in
2050 3714 2178 3786 ipso

533 3794 758 3872 itinere,
793 3803 948 3875 quod
1000 3802 1238 3874 quidam
1293 3817 1438 3875 puer
1483 3801 1704 3858 eximite
1735 3801 1968 3869 indolis,
2003 3817 2178 3874 quem

603 3928 683 3998 (9)
712 3937 989 4000 Γλαύκωμᾳ
1017 3931 1108 3984 est
1149 3927 1355 3982 vitium
1400 3926 1574 4000 oculi,
1607 3943 1738 3982 cum
1772 3931 2177 4000 praeternatu-

531 3997 667 4072 rami
689 3997 1026 4072 glauces'cit,
1049 4004 1439 4072 transmutato
1474 3998 1718 4072 humore
1749 3997 2084 4072 crystallina
2116 3999 2176 4053 in

531 4069 862 4144 glauc'eum.
893 4071 1037 4127 Vide
1073 4070 1440 4126 definitiones
1470 4070 1728 4125 medicas
1757 4069 1999 4125 Joannis
2030 4071 2176 4125 Gor-

2273 525 2504 580 caderet
2533 525 2604 580 de
2635 525 2932 597 sonipede,
2966 525 3066 596 qui
3096 541 3250 594 mox,
3275 529 3339 578 ut
3367 523 3600 590 cecidit,
3619 539 3754 578 crus
3784 523 3921 578 bra-

2273 611 2587 684 chiumque
2620 613 2806 686 fregit,
2824 617 2880 668 et
2898 611 2982 668 ita
3009 613 3287 668 omnibus
3319 611 3599 667 membris
3621 615 3711 667 est
3737 611 3928 668 disso-

2272 700 2432 756 lutue
2467 707 2528 756 ut
2560 717 2765 756 omnes
2814 700 2912 772 qui
2971 701 3216 757 aderant
3263 701 3563 756 crederent
3599 715 3733 756 eum
3763 697 3926 755 illico

2274 793 2594 845 mortuum.

2346 881 2433 934 44.
2471 879 2891 936 Paterfamilias
2951 884 3147 936 autem
3205 895 3340 934 cum
3398 879 3618 935 videret
3675 893 3928 951 puerum

2274 967 2387 1024 sibi
2419 967 2698 1024 dilectum
2731 968 3097 1035 morientem,
3121 967 3295 1024 amici
3328 967 3580 1023 nimium
3609 966 3927 1023 condolens

2275 1056 2774 1125 casum,subnixis
2794 1055 3158 1112 orationibus
3171 1055 3430 1112 exoravit
3445 1056 3760 1112 Dominum
3784 1072 3933 1128 qua-

2274 1149 2449 1202 tenus
2470 1145 2633 1217 pueri
2658 1143 2818 1201 illius
2832 1145 3166 1202 moribundi
3181 1145 3560 1201 misereretur
3571 1144 3924 1217 pergloriosi

2273 1235 2663 1290 venerabilem
2695 1233 2988 1307 pontificis
3018 1235 3495 1290 intercessionem
3522 1250 3535 1289 :
3563 1234 3791 1304 Sancte,
3822 1233 3921 1288 in-

2275 1324 2505 1395 quiens,
2526 1321 2854 1390 Swithune,
2875 1322 3075 1394 ﬂagita
3094 1322 3300 1378 mundi
3319 1323 3762 1393 Redemptorem
3785 1339 3926 1396 sup-

2277 1410 2410 1483 plici
2446 1429 2610 1483 prece
2643 1411 2797 1482 quod
2839 1415 3075 1482 praestet
3105 1427 3283 1484 puero
3311 1411 3490 1466 vitam
3522 1415 3580 1466 et
3611 1411 3923 1468 sanitatem

2276 1498 2394 1567 isti,
2428 1499 2550 1571 qui,
2585 1499 2633 1554 si
2665 1498 3018 1555 concesserit
3074 1498 3360 1570 petitioni,
3393 1500 3672 1555 omnibus
3711 1499 3923 1555 diebus

2274 1587 2402 1644 vitae
2424 1604 2564 1643 meas
2589 1605 2682 1643 me
2706 1587 2944 1644 habebit
2965 1585 3306 1643 ﬁdeliorem.
3323 1586 3468 1653 Quia
3488 1587 3925 1656 etiam,summc

2278 1677 2569 1745 sacerdos,
2604 1676 2895 1732 insontem
2931 1675 3221 1731 deducam
3252 1675 3532 1732 infantem
3568 1677 3635 1732 ad
3669 1674 3930 1733 salutife-

2279 1781 2408 1820 rum
2441 1765 2526 1820 tui
2586 1763 2828 1820 somatis
2877 1763 3264 1831 mausoleum,
3299 1769 3364 1820 ut
3393 1782 3496 1837 per
3525 1764 3939 1821 medicabilcm

2279 1859 2442 1910 tuam
2475 1853 2952 1909 intercessionem
2984 1853 3200 1908 Christi
3231 1852 3446 1908 sentiat
3474 1852 3843 1910 beneficium.

2353 1943 2440 1997 45.
2473 1943 2735 2014 Cumque
2765 1941 2853 1997 vir
2872 1941 2969 1997 ille
2987 1941 3206 1998 talibus
3227 1941 3409 1997 Deum
3432 1946 3694 1997 exoraret
3715 1957 3940 1998 sermo-

2287 2030 2480 2097 nibus,
2513 2035 2749 2102 repente
2808 2046 2953 2102 puer
3001 2045 3236 2085 sursum
3269 2028 3542 2102 prosiluit
3572 2045 3792 2099 sanus;
3829 2031 3937 2103 qui

2283 2118 2458 2192 paulo
2506 2123 2639 2174 ante
2680 2119 2917 2190 jacebat
2975 2118 3147 2173 ruina
3201 2116 3407 2172 mortis
3466 2124 3936 2191 przeoccupatus.

2285 2207 2469 2274 Quod,
2502 2225 2636 2262 cum
2690 2207 2893 2262 consul
2953 2207 3329 2278 prospiceret,
3362 2205 3515 2261 ultra
3547 2223 3722 2280 quam
3765 2209 3955 2280 effari,

2285 2300 2503 2368 posset,
2536 2295 2702 2350 laetus
2733 2297 2972 2350 effectus
3002 2300 3109 2362 est,
3143 2300 3201 2349 et
3223 2311 3358 2349 cum
3407 2295 3564 2350 omni
3623 2297 3941 2353 devotione

2287 2385 2522 2449 mentis,
2556 2385 2738 2439 Deum
2773 2382 3096 2454 glorificare
3126 2382 3318 2455 coepit,
3353 2384 3452 2456 qui
3483 2400 3582 2440 cor
3611 2385 3940 2442 contritum

2289 2479 2344 2528 et
2372 2472 2747 2529 humiliatum
2780 2489 2893 2526 non
2925 2471 3168 2544 spernit.

2361 2564 2448 2617 1ιὸ.
2477 2562 2590 2618 Nec
2621 2561 2810 2618 solum
2834 2562 2892 2616 in
2925 2561 3144 2617 ﬁnibus
3171 2563 3512 2635 Anglorum,
3538 2564 3636 2618 sed
3662 2564 3838 2620 etiam
3873 2561 3955 2634 iul

2289 2651 2583 2723 provincia
2635 2651 2986 2705 Francorum
3046 2650 3330 2707 miracula
3379 2657 3518 2708 sunt
3565 2657 3800 2724 peracta
3834 2669 3946 2726 per

2269 2739 2470 2810 hujus
2523 2738 2708 2793 sancti
2769 2738 2994 2793 merita.
3031 2739 3094 2794 In
3141 2742 3364 2807 eadem,
3400 2746 3465 2796 ut
3496 2741 3804 2812 perhibent
3836 2742 3944 2814 qui

2290 2828 2398 2882 hoc
2417 2827 2700 2892 viderant,
2725 2826 2958 2898 regione
2979 2825 3196 2898 cleptes
3217 2829 3325 2899 (80)
3357 2829 3597 2900 quidam
3629 2829 3707 2884 im
3719 2830 3945 2886 mania-

2289 2915 2438 2971 simo
2460 2914 2860 2987 deprehensus
2884 2915 2941 2969 in
2966 2915 3203 2983 scelere,
3226 2917 3534 2973 tenebroso
3567 2918 3948 2976 custodieba-

2289 3009 2387 3060 tur
2435 3003 2494 3058 in
2553 3020 2800 3072 carcere,
2834 3003 3102 3059 nefandis
3157 3003 3388 3061 vinctus
3445 3005 3689 3072 catenis,
3723 3011 3782 3062 et
3811 3006 3949 3064 dira

2289 3093 2588 3164 compede,
2612 3093 2794 3148 donec
2816 3091 2876 3156 in
2898 3093 3146 3164 equuleo
3177 3093 3458 3164 postridie
3478 3094 3579 3150 tali
3613 3095 3946 3166 suspende-

2208 3168 2250 3234 C
2289 3188 2452 3236 retur
2509 3197 2611 3253 pro
2669 3181 2935 3236 crimine.
2971 3182 3024 3237 Is
3066 3182 3330 3238 audierat
3369 3201 3402 3238 a
3450 3184 3943 3257 negotiatoribus,

2289 3271 2585 3326 Oceanum
2636 3286 2814 3326 causa
2861 3270 3195 3326 commercii
3251 3273 3774 3340 transmeantibus,
3807 3289 3946 3331 esse

2289 3363 2558 3415 sanctum
2607 3358 2907 3414 inventum
2955 3358 3014 3414 in
3055 3359 3466 3415 transmarinis
3515 3359 3802 3432 partibus,
3837 3379 3948 3434 per

2290 3450 2460 3520 cujus
2490 3447 2882 3504 interventum
2933 3448 3068 3520 aegri
3119 3455 3471 3504 sanarentur
3500 3467 3534 3504 a
3566 3448 3944 3509 multimodis

2290 3536 2694 3609 languoribus,
2729 3539 2898 3608 cujus
2930 3537 2987 3590 in
3019 3537 3280 3592 obscuras
3336 3536 3523 3591 noctis
3552 3537 3944 3597 reminiscens

2287 3625 2568 3693 tenebris,
2617 3625 2717 3680 Dei
2765 3623 3357 3697 incomprehensibile
3414 3625 3669 3681 exoravit
3716 3643 3942 3685 numen

2289 3713 2738 3787 Omnipotentis,
2771 3718 3130 3786 quatenus...

2753 3795 2762 3801 ’
2805 3803 2994 3858 Cetera
3016 3801 3418 3858 desiderantur.

2289 3927 2404 3983 raai.

2357 3999 2468 4070 (80)
2501 3998 2562 4054 Id
2589 4001 2678 4054 est
2705 3999 2820 4068 fur,
2853 4015 2886 4053 a
2915 3997 3109 4055 Greco
3133 3997 3367 4059 κλέπτης.

429 4229 438 4236 ’
901 4305 1272 4461 VlTA
1361 4305 1476 4460 s.
1566 4304 2139 4461 YVONIS
2220 4305 2927 4461 EPISGOPI
3015 4303 3555 4461 resse

1858 4503 1931 4561 IN
1968 4505 2234 4562 ANGLIA
2271 4503 2601 4563 DEPOSITI

1387 4643 1547 4745 ET
1601 4641 2004 4746 TRIUM
2061 4640 2360 4746 EJUS
2417 4638 3068 4748 SOCKORUM

1775 4811 2163 4884 AUCTORE
2214 4810 2687 4883 GOSCELINO

1151 4934 1344 5007 (Apud
1379 4932 1666 5002 Bolland.,
1697 4933 1826 4990 Acta
1853 4933 2195 5001 Sanctorum,
2227 4931 2387 4989 Junii
2419 4936 2560 4990 tom.
2594 4933 2666 5003 II,
2698 4933 2791 4992 die
2823 4935 2910 5003 10,
2941 4950 3075 5008 pag.
3103 4934 3255 5006 287.)

1705 5141 2328 5204 COMMENTARIUS
2371 5139 2736 5204 PBIEVIUS

1487 5262 1579 5324 De
1605 5273 1774 5326 aetate
1800 5264 2021 5326 Sancti
2043 5275 2102 5326 et
2139 5264 2282 5327 Vitae
2309 5263 2696 5346 scriptoribus
2726 5263 2974 5326 duobus.

588 5514 934 5574 Guilielmus
959 5515 1326 5572 Cambdenus
1349 5512 1408 5570 in
1433 5529 1538 5570 sua
1569 5511 1868 5586 Britannia
1888 5514 2225 5572 describens
2245 5513 2586 5586 comitatum
2610 5510 3215 5586 Huntingdonensem,
3236 5529 3272 5586 a
3293 5508 3748 5586 precipuaurbe
3767 5507 3924 5586 Hun-

513 5588 820 5664 tingdonia
849 5586 1392 5657 denominatum,in
1416 5583 1740 5642 meditullio
1761 5585 1980 5661 Anglia:
2011 5587 2082 5643 ad
2115 5582 2628 5660 septentrionalem
2659 5579 2994 5658 ripam—Usa;
3017 5579 3280 5642 ﬂuminis
3293 5579 3414 5642 sita
3435 5579 3506 5640 εἶα
3529 5579 3920 5656 Hinc,inquit,
