3960 6064
489 296 570 359 83
1439 297 1846 363 GOSGELINI
1890 296 2516 362 CANTUARIENSIS
2557 296 2937 361 MONACHI.

3808 290 3945 356 843

486 430 607 486 Yvo
638 422 847 503 praesul
881 430 1152 505 inclytus,
1178 431 1235 487 in
1269 431 1604 499 Perside,ut
1631 432 1911 490 orientale
1941 432 2127 499 sidus,
2159 430 2214 497 Α
2241 430 2360 485 Yvo
2390 429 2617 485 Domini
2648 430 2751 486 ivit
2780 430 2852 486 ad
2884 400 3219 496 Dominum,
3243 427 3345 501 qui
3375 427 3550 486 exivit
3579 444 3614 484 a
3643 428 3810 484 Patre
3836 432 3901 482 et

487 524 576 577 est
595 520 1005 590 ortus,finibus
1027 521 1288 578 occiduis
1308 522 1619 578 Britanniae
1640 538 1675 578 a
1692 522 1940 578 Domino
1960 521 2132 577 desti-

484 613 681 665 natus.
714 608 973 682 Reliquit
1000 609 1233 667 dulcem
1263 611 1617 684 patriam,ut
1635 609 1928 677 exsilium,
1948 610 2135 667 conci-

485 697 573 756 vis
594 715 981 772 supernarum
1011 700 1327 770 virtutum;
1369 704 1427 756 et
1454 700 1798 773 peregrinus
1830 699 2043 757 Christi
2071 699 2131 755 in

484 790 608 844 toto
629 788 870 859 mundo,
885 788 957 843 ad
975 792 1256 844 aeternum
1278 789 1554 845 tendebat
1582 805 1849 862 regnum.
1864 791 2132 856 Quocun-

487 892 602 948 que
633 876 882 946 devenit,
917 875 1042 933 suis
1071 876 1252 934 radiis
1299 877 1567 946 refulsit;
1597 877 1797 934 omnia
1824 878 2134 952 Evangelio

489 964 701 1021 Christi
732 964 1178 1023 seminiverbius
1235 965 1513 1039 replevit;
1546 971 1748 1040 gentes
1780 971 1839 1024 et
1866 968 2134 1024 nationes

491 1054 863 1111 documentis
887 1072 953 1111 ac
974 1055 1254 1128 exemplis
1276 1061 1452 1128 atque
1480 1054 1807 1113 innumeris
1835 1055 2134 1112 miraculis

492 1143 565 1200 ad
596 1143 951 1200 Salvatorem
979 1144 1173 1200 traxit.
1198 1144 1333 1201 Post
1362 1161 1637 1219 magnam
1667 1145 1889 1214 Asiam,
1908 1149 2040 1219 post
2070 1144 2137 1201 ll-

492 1232 762 1306 lyricum,
792 1237 925 1306 post
955 1234 1199 1290 Romam
1232 1235 1365 1306 (82),
1400 1239 1534 1307 post
1580 1234 1921 1292 innumeras
1960 1235 2135 1291 urbes

491 1326 549 1378 et
568 1321 815 1395 populos
844 1321 1145 1391 transitos,
1176 1321 1393 1380 Gallias
1422 1324 1742 1398 penetravit
1766 1342 1778 1394 ;
1813 1323 2010 1397 ibique
2042 1322 2136 1380 ni-

488 1410 811 1468 hilominus
832 1412 1014 1469 tantis
1034 1412 1219 1485 signis
1240 1414 1585 1481 cornscavit,
1609 1417 1676 1469 ut
1694 1415 1823 1485 ejus
1843 1412 2135 1470 caelestem

484 1500 665 1556 vitam
698 1503 757 1556 et
784 1500 1107 1574 angelicam
1139 1500 1465 1558 doctrinam
1495 1501 1755 1558 mirifica;
1772 1502 2021 1559 virtutes
2050 1501 2136 1559 lo-

489 1593 828 1662 querentur.
849 1590 1109 1663 Cumque
1139 1607 1273 1646 eum
1305 1591 1414 1665 (83)
1439 1607 1538 1647 rex
1569 1592 1921 1649 Francorum
1955 1597 2012 1647 et
2040 1608 2138 1665 op-

487 1677 724 1736 timates
753 1677 913 1751 regni
946 1695 1012 1735 ac
1042 1678 1263 1753 populi,
1295 1684 1576 1753 tanquam
1607 1680 1883 1755 angelum
1912 1681 2139 1749 Dei,di-

490 1766 622 1840 gnis
642 1766 965 1824 honoribus
988 1768 1236 1825 retinere
1256 1772 1550 1826 tentarent
1573 1787 1587 1838 ;
1612 1769 1728 1836 ille,
1753 1770 1854 1842 qui
1876 1774 2138 1843 parenta-

488 1855 607 1912 lem
630 1857 834 1912 mundi
854 1855 1101 1930 gloriam
1122 1857 1442 1914 exsulando
1463 1858 1775 1932 fugerat,et
1794 1875 1899 1933 per
1917 1859 2137 1916 multas

492 1944 901 2001 tribulationes
921 1945 1140 2005 intrare
1160 1946 1220 2002 in
1242 1963 1487 2021 regnum
1506 1947 1600 2004 Dei
1613 1948 2138 2019 decertabat,nulla

493 2032 682 2108 gratia
708 2038 939 2091 terrena
967 2034 1204 2092 retineri
1234 2039 1481 2109 poterat.

563 2124 619 2178 3.
651 2124 763 2195 (84)
794 2123 1084 2181 Omnibus
1113 2140 1249 2197 ergo
1279 2124 1640 2182 confirmatis
1661 2126 2138 2193 ﬁde,transl'reta-

491 2210 734 2277 vit,cum
759 2211 953 2284 dignis
975 2211 1292 2269 comitibus
1312 2213 1437 2269 suis
1458 2230 1525 2270 ac
1541 2213 1801 2281 sociis,in
1824 2214 2133 2272 candidam

488 2299 793 2357 Albionem
823 2300 1531 2375 Britanniaz;gentemque
1561 2303 1870 2359 candidam
1896 2308 2139 2377 paterna

489 2390 804 2447 miseratus
837 2388 1070 2463 pietate,
1104 2393 1225 2446 tam
1257 2390 1444 2464 signis
1478 2408 1657 2464 quam
1706 2392 2134 2465 pradicatione,

490 2485 663 2553 prout
688 2478 974 2536 Dominus
1003 2478 1181 2546 dedit,
1199 2477 1540 2536 idololatria;
1568 2480 1815 2537 absolvit
1834 2499 2047 2548 errore,
2071 2499 2137 2539 ac

488 2569 687 2625 verius
696 2568 1128 2624 candidiﬁcavit
1138 2567 1512 2641 baptismate.
1529 2570 2139 2645 Sequebaturquoque

492 2656 969 2714 amantissimum
988 2661 1214 2731 patrem
1237 2657 1576 2715 adolescens
1605 2659 1863 2733 patriciae
1885 2660 2137 2734 dignita-

494 2746 591 2815 tis,
616 2750 855 2803 vocatus
885 2746 1188 2814 Patricius,
1206 2748 1515 2820 cujusdam
1546 2748 1833 2805 senatoris
1853 2748 2140 2825 ﬁlius,qui

498 2851 699 2891 amore
730 2834 966 2901 Christi,
998 2835 1193 2907 ipsum
1227 2853 1329 2909 per
1356 2837 1414 2892 S.
1436 2837 1693 2893 Yvonem
1720 2837 1999 2906 vocantis,
2024 2856 2139 2895 non

498 2924 686 2981 solum
712 2924 912 2981 dulces
933 2925 1155 2980 natales
1174 2931 1232 2981 et
1260 2924 1479 2997 patrios
1507 2926 1756 2983 honores
1786 2927 2139 3001 postposnit,

496 3029 696 3069 verum
713 3013 888 3069 etiam
901 3014 1314 3086 desponsatam
1331 3010 1441 3070 sibi
1455 3014 1739 3088 virginem
1753 3033 1887 3072 cum
1902 3022 2023 3073 tota
2039 3034 2142 3090 spe

497 3101 691 3158 saeculi
718 3102 996 3159 intactam
1019 3101 1571 3176 deseruit,dulcique
1585 3105 1866 3177 magistro
1880 3109 1999 3161 tam
2013 3106 2144 3162 cha-

2240 519 2399 575 venit
2428 519 2488 574 in
2514 519 2827 590 mundum,
2853 535 2921 575 ac
2943 518 3015 575 de
3035 519 3257 576 mundo
3276 518 3643 591 triumphato
3671 517 3903 573 revexit

2241 606 2557 665 electorum
2580 607 3084 681 triumphum.Hic
3100 624 3331 682 quoque
3345 606 3407 663 in
3427 622 3568 680 pace
3589 606 3777 663 factus
3801 609 3903 663 est

2239 696 2405 754 locus
2426 698 2575 768 ejus,
2599 700 2658 755 et
2679 696 2738 752 in
2760 713 2901 770 pace
2921 696 3186 770 sepultus
3207 700 3297 754 est
3317 713 3331 754 :
3356 695 3457 754 ubi
3478 695 3745 769 quamvis
3761 713 3904 754 cen-

2240 789 2370 842 tum
2391 784 2622 842 circiter
2640 784 2844 842 lustris
2864 789 2956 856 (ut
2976 802 3046 842 ex
3063 785 3328 859 sequenti
3360 784 3707 842 revelatione
3728 801 3900 843 com-

2241 874 2503 949 putatur)
2534 873 2771 931 latuerit
2825 875 3097 931 notitiam
3147 874 3478 941 hominum,
3509 890 3723 931 nomen
3759 874 3903 945 ejus

2240 963 2381 1019 vivit
2407 962 2467 1019 in
2498 968 2801 1020 aeternum.
2832 966 3098 1032 Quantus
3126 980 3260 1021 vero
3289 963 3350 1020 in
3380 966 3503 1020 tota
3528 963 3665 1032 vita,
3698 962 3902 1020 chari-

2240 1056 2379 1119 tate,
2393 1052 2774 1127 benignitate,
2788 1052 3020 1125 pietate,
3046 1051 3520 1120 mansuetudine,
3532 1051 3611 1108 hu
3621 1051 3899 1120 militate,

2243 1142 2552 1210 modestia,
2583 1141 2932 1210 constantia,
2979 1141 3280 1214 patientia,
3310 1141 3686 1210 continentia,
3720 1141 3900 1197 obse-

2244 1229 2436 1304 quela,
2468 1229 2872 1304 eleemosynis,
2896 1229 3163 1303 jejuniis,
3213 1230 3448 1304 vigiliis,
3499 1230 3896 1297 orationibus,

2244 1318 2671 1393 praedicatione,
2705 1318 2983 1393 omnique
3027 1318 3310 1376 virtutum
3333 1320 3546 1392 jubare
3575 1318 3855 1376 claruerit
3881 1336 3897 1388 ;

2245 1411 2466 1481 quanta
2487 1409 2656 1482 signa
2672 1407 2763 1465 vel
2790 1407 2852 1464 in
2880 1408 3007 1465 loco
3037 1407 3250 1482 quietis
3278 1425 3398 1466 suae
3417 1406 3504 1466 vel
3527 1406 3716 1464 ubivis
3746 1423 3901 1481 gen-

2243 1496 2394 1553 tium
2408 1497 2841 1570 perpetraverit,
2856 1497 3091 1554 fidelius
3101 1496 3236 1571 quis
3247 1496 3636 1555 inenarrabile
3655 1499 3903 1554 credere

2245 1602 2424 1659 quam
2454 1585 2724 1658 colligam
2764 1586 2996 1659 poterit.
3029 1585 3338 1643 Benedicat
3366 1590 3522 1643 terra
3546 1590 3747 1644 nostra
3776 1587 3903 1643 Do-

2246 1674 2611 1748 minum,qui
2634 1679 2918 1748 tanquam
2950 1674 3133 1732 solem
3163 1675 3236 1731 ab
3266 1674 3496 1732 Oriente
3525 1675 3584 1732 in
3617 1675 3907 1733 Occiden-

2244 1767 2388 1831 tem,
2416 1768 2474 1821 et
2500 1766 2782 1836 tanquam
2812 1762 3089 1837 angelum
3122 1781 3224 1837 per
3252 1763 3513 1821 medium
3544 1764 3671 1822 οωιὶ
3700 1763 3908 1821 volan-

2242 1856 2385 1921 tem,
2417 1858 2539 1909 tam
2567 1852 2873 1909 luciferum
2904 1858 3101 1910 nostro
3122 1853 3419 1910 Occidenti
3450 1853 3765 1910 destinavit
3795 1854 3907 1910 Pa-

2243 1946 2488 1998 rentem.

2897 2029 3128 2087 CAPUT
3167 2030 3237 2086 ΙΙ.

2647 2122 2891 2178 Iuventio
2921 2122 3163 2194 corporis
3192 2120 3249 2177 S.
3288 2121 3498 2178 Yvonis.

2313 2211 2368 2266 5.
2403 2209 2650 2266 Domino
2666 2215 2860 2266 autem
2876 2211 2949 2266 ad
2964 2215 3198 2283 tempus
3218 2210 3455 2282 quidem
3479 2211 3903 2268 sustinentiam

2246 2298 2509 2366 docente,
2525 2300 2625 2355 sed
2641 2299 3135 2373 sempiternaliter
3153 2299 3385 2355 infinita
3399 2302 3868 2373 praemiaredden
3884 2332 3904 2344 -

2243 2387 2427 2459 te,uhi
2440 2388 2678 2444 tandem
2692 2392 2823 2460 post
2837 2392 2917 2444 tot
2929 2405 3113 2445 annos
3127 2387 3649 2462 placuitcaalestem
3661 2389 3909 2447 thesau-

2245 2493 2379 2532 rum
2429 2476 2839 2534 absconditum
2877 2477 2935 2532 in
2975 2494 3114 2551 agro
3172 2477 3477 2550 propalare
3531 2478 3906 2550 hominibus,
3944 2476 3945 2547 1

2249 2582 2421 2638 quem
2455 2565 2738 2622 haberent
2773 2566 3116 2639 pretiosum,
3141 2583 3208 2622 ac
3237 2567 3308 2623 de
3337 2568 3449 2623 sub
3479 2567 3675 2625 modio
3705 2567 3906 2625 lucer-

2249 2671 2383 2710 nam
2420 2671 2631 2727 ponere
2661 2672 2839 2728 super
2860 2655 3578 2723 candelabrum;rusticus
3608 2657 3907 2729 impresso

2250 2741 2489 2799 molitus
2534 2759 2767 2800 vomere
2814 2748 3051 2812 terram,
3083 2742 3330 2819 impegit
3360 2743 3420 2800 in
3451 2745 3561 2801 hoc
3591 2762 3908 2802 sacrosan-

2249 2836 2410 2889 ctum
2443 2832 2893 2906 sarcophagum.
2927 2832 3215 2890 Continuo
3271 2834 3557 2891 attonitus
3587 2840 3645 2891 et
3672 2852 3775 2908 spe
3806 2835 3907 2891 lu-

2251 2920 2333 2976 cri
2355 2927 2603 2987 erectus,
2626 2923 2797 2978 boves
2828 2922 3114 2980 haerentes
3144 2927 3390 2988 revocat,
3409 2928 3469 2980 et
3497 2928 3616 2979 toto
3650 2924 3779 2980 nisu
3812 2924 3907 2981 lo-

2251 3026 2383 3066 cum
2407 3014 2636 3082 purgat.
2653 3013 2725 3067 At
2741 3011 2839 3068 ubi
2858 3011 3184 3068 humanum
3206 3012 3540 3084 sepulcrum
3562 3013 3747 3069 oculis
3760 3013 3908 3069 hau-

2253 3099 2656 3167 sit,consortes
2673 3104 2931 3156 aratores
2946 3101 3209 3157 advocat.
3233 3099 3359 3171 Qui,
3385 3100 3577 3157 ablato
3600 3100 3904 3175 operculo,

496 3191 666 3248 ritate
686 3209 866 3263 quam
887 3178 1214 3248 imitatione
1235 3191 1644 3264 inseparabilis
1657 3193 2141 3252 adhaesit.Beatus
2172 3169 2215 3236 Ο
2254 3188 2558 3246 inveniunt
2587 3190 2965 3247 sacerdotalis
3011 3190 3417 3247 aestimationis
3447 3192 3774 3248 veneranda
3804 3191 3904 3264 pi-

494 3281 592 3354 qui
627 3281 818 3337 intimi
846 3281 1007 3337 illius
1036 3287 1093 3336 et
1121 3280 1430 3353 pectoralis
1459 3280 1673 3337 Christi
1704 3282 1873 3338 amici
1896 3283 2141 3341 Joannis

494 3374 799 3425 assecutus
829 3373 917 3425 cst
947 3368 1276 3442 exemplum

563 3459 616 3513 4.
639 3458 857 3514 Deinde
879 3457 1142 3514 salutifer
1161 3459 1381 3514 advena
1399 3459 1519 3515 Yvo
1534 3458 1589 3514 in
1609 3458 1964 3532 provinciam
1989 3461 2137 3519 Mer-

493 3545 717 3601 ciorum
750 3548 1135 3619 progreditur,
1168 3548 1240 3603 ad
1270 3547 1551 3620 oppidum
1609 3549 1767 3621 quod
1826 3549 2133 3605 Huntedun

493 3635 840 3708 appellatur,
855 3641 911 3691 et
930 3636 989 3690 in
1012 3636 1278 3708 proxima
1304 3635 1439 3692 villa
1466 3654 1595 3710 quae
1627 3639 1739 3706 (85)
1771 3637 1937 3709 Slepe
1969 3655 2136 3695 voca-

491 3728 622 3792 tur;
655 3741 789 3780 cum
818 3741 880 3781 se
910 3724 1292 3799 intelligensa
1312 3724 1557 3782 Domino
1580 3726 1651 3782 ad
1682 3731 1906 3782 certum
1940 3727 2133 3783 locum

491 3813 832 3884 deductum,
865 3813 1067 3870 multis
1096 3814 1268 3870 annis
1299 3815 1751 3886 perseveraverit
1779 3815 1850 3871 ad
1879 3816 2008 3871 vitae
2039 3832 2134 3872 ex-

491 3900 771 3958 itum.iiic
782 3920 915 3959 vero
926 3907 1091 3959 tanta
1101 3901 1412 3975 ﬂagrantia
1432 3902 1721 3960 caelestem
1746 3905 2133 3961 conversatio-

491 4007 624 4045 nem
655 3989 867 4058 induit,
901 3992 1071 4064 quasi
1124 3991 1260 4047 hinc
1289 3991 1527 4047 demum
1560 3992 1851 4064 cmpisset,
1876 3998 1933 4049 et
1962 3993 2133 4065 quasi

491 4084 623 4150 post
650 4079 883 4153 longam
916 4080 1077 4136 sitim
1108 4080 1329 4136 fontem
1360 4079 1608 4152 petitum
1639 4080 1971 4153 reperisset.
2005 4082 2131 4148 Hic,

487 4166 751 4239 inquam,
771 4172 892 4224 tam
917 4186 1036 4225 suae
1056 4186 1232 4242 quam
1257 4167 1523 4225 omnium
1556 4168 1729 4225 saluti
1751 4169 1977 4242 jugiter
1996 4170 2135 4225 invi-

487 4254 743 4329 gilando,
766 4255 863 4313 hic
878 4256 1194 4313 Dominum
1225 4273 1411 4329 usque
1428 4256 1487 4311 in
1513 4257 1689 4313 ﬁnem
1718 4257 2129 4330 exspectando,

486 4344 825 4402 ardentibus
846 4344 1100 4402 lucernis
1119 4345 1399 4401 virtutum
1414 4361 1549 4400 cum
1571 4344 1857 4401 castitatis
1877 4344 2130 4411 haltheo,

483 4434 720 4489 tandem
748 4433 1000 4491 venienti
1028 4439 1086 4490 et
1116 4432 1373 4506 pulsanti
1404 4434 1633 4505 aperuit
1652 4449 1787 4489 cum
1810 4434 2133 4506 gaudio;et

481 4610 555 4666 ad
584 4627 681 4683 an.
713 4610 820 4683 606
847 4608 961 4683 legi
983 4613 1238 4683 possunt
1269 4625 1283 4664 :
1323 4608 1650 4683 Florentius
1697 4608 2120 4683 Wigorniensis

484 4681 694 4737 maluit
720 4682 793 4736 ad
825 4679 1096 4736 eumdem
1129 4697 1349 4735 annum
1380 4679 1708 4736 describere
1756 4679 1864 4736 hoc
1890 4681 2126 4738 initium

481 4752 645 4824 Vite,
677 4769 712 4807 a
738 4751 1434 4824 Goscelinoipropositu‘m
1469 4767 1482 4806 :
1518 4751 1675 4823 quod
1711 4750 1884 4807 etiam
1926 4758 2127 4824 postea

482 4823 768 4879 insertum
798 4828 895 4894 est
916 4821 1507 4894 apud—Capgravfum.

551 4898 665 4960 (82)
689 4893 851 4963 Apud
887 4892 1042 4948 hunc
1072 4894 1156 4949 sic
1186 4892 1399 4963 legitur
1429 4910 1442 4948 :
1477 4916 1505 4942 ‹‹
1538 4893 1683 4949 Cum
1717 4894 1962 4949 Romam

481 4966 735 5020 venisset
759 4964 1004 5036 concilio
1036 4982 1216 5036 papae.
1251 4963 1613 5036 Britanniam
1646 4965 1898 5019 intravit.
1934 4987 1962 5015 ››

551 5038 665 5109 (83)
691 5036 885 5090 Potuit
915 5035 1007 5089 hic
1038 5035 1265 5109 luisse
1287 5035 1618 5091 Clotharius
1673 5037 1989 5109 secundus,
2021 5037 2121 5109 qui

479 5106 653 5177 ccepit
683 5122 922 5178 regnare
958 5124 1052 5161 an.
1082 5109 1208 5173 584,
1244 5108 1432 5162 factus
1489 5106 1808 5162 monarcha
1867 5124 1962 5162 an.
1993 5106 2120 5176 613,

479 5184 746 5231 mortuus
777 5194 872 5231 an.
903 5179 1030 5232 62.8.

532 5250 658 5319 (84)
692 5246 1228 5303 Malmesburiensis
1256 5245 1336 5301 lib
1367 5265 1420 5302 ιν
1450 5247 1529 5304 De
1560 5248 1749 5304 Gestis
1779 5248 2123 5319 pontificum

473 5318 792 5389 Anglorum
820 5336 949 5389 pag.
972 5320 1079 5374 292
1102 5335 1115 5373 :
1142 5341 1171 5369 α
1193 5319 1331 5387 Υνο,
1351 5320 1456 5383 ait,
1472 5325 1755 5390 pertaesus
1779 5318 2123 5390 deliciarum

474 5407 623 5462 quas
653 5390 1057 5462 amplissimus
1082 5389 1959 5462 episcopatusadministrabat,
1993 5389 2123 5447 reli-

474 5460 601 5532 quit
616 5460 767 5516 clam
789 5461 912 5517 suis
933 5460 1684 5532 omnia,peregrinationem
1711 5461 2119 5529 longissimam

472 5530 663 5585 tribus
695 5539 921 5587 tantum
953 5532 1127 5588 sociis
1158 5530 1492 5601 aggressus.
1519 5531 1837 5588 Multorum
1869 5550 2006 5601 ergo
2020 5548 2118 5590 an-

475 5621 681 5658 norum
716 5604 822 5658 iler
852 5620 1215 5676 permensus.
1237 5608 1294 5658 et
1310 5601 1611 5658 ‘rusticum
1644 5621 1726 5670 se,
1748 5604 1946 5659 habitu
1982 5623 2118 5676 pan-

1994 4911 2124 4967 per-

2250 3279 2782 3351 gnora.(‘.apiuntur
2804 3279 3052 3336 astantis
3071 3280 3272 3336 calicis
3289 3280 3597 3353 splendore
3620 3281 3902 3347 radianti,

2249 3382 2422 3438 quem
2447 3372 2788 3439 argenteum
2811 3368 3210 3435 rati,certatim
3233 3368 3905 3442 conl‘ringunlﬂapiunt

2249 3456 2613 3527 pontiﬁcales
2658 3457 2888 3525 fibulas,
2923 3457 3099 3513 vitreo
3130 3457 3317 3513 nitore
3345 3458 3708 3530 perspicuas,
3745 3476 3900 3532 quas

2247 3560 2383 3599 cum
2405 3550 2607 3600 sancto
2629 3562 2868 3616 corpore
2878 3546 2961 3601 eti
2968 3545 3091 3618 psis
3109 3545 3449 3618 fragmentis
3469 3543 3669 3602 calicis
3684 3546 3901 3605 deinde

2248 3633 2654 3690 Ramesienses
2683 3633 3108 3690 haereditavere.
3124 3633 3368 3689 Advolat
3398 3634 3726 3691 monachus
3753 3638 3897 3705 (86),

2247 3721 2592 3795 praepositus
2620 3721 2789 3789 villae,
2822 3738 2955 3777 cum
2989 3722 3150 3778 fabro
3178 3721 3568 3779 villico.Tunc
3590 3723 3902 3795 proximus

2245 3811 2547 3868 Ednothns
2569 3810 2738 3867 celeri
2766 3810 3085 3867 accersitur
3113 3809 3339 3882 nuntio,
3370 3815 3428 3867 et
3446 3810 3564 3867 lota
3583 3810 3900 3885 diligenter

2244 3904 2364 3955 tam
2397 3898 2732 3971 spectabilis
2754 3899 2853 3955 Dei
2876 3899 3081 3955 famuli
3104 3900 3369 3955 membra
3388 3899 3675 3972 asportari
3699 3901 3756 3955 in
3790 3917 3894 3957 ec-

2242 3988 2503 4056 clesiam,
2534 3995 2592 4044 et
2612 3990 2782 4060 juxta
2811 3988 2993 4045 altare
3020 3987 3289 4046 collocari
3321 3988 3473 4046 fecit.
3508 3990 3676 4047 Plebs
3695 4007 3898 4047 accur-

2243 4094 2378 4134 rens
2407 4078 2646 4134 arrectis
2678 4077 2893 4134 animis
2913 4079 3172 4150 optabat,
3197 4082 3260 4134 ut
3292 4078 3590 4148 Dominus,
3613 4079 3710 4152 qui
3734 4079 3894 4136 hunc

2243 4166 2405 4223 dedit
2432 4165 2700 4233 inveniri,
2734 4167 2898 4222 daret
2925 4166 3101 4223 etiam
3131 4166 3265 4239 quis
3290 4171 3446 4225 esset
3475 4166 3733 4241 agnosci.

2311 4256 2362 4311 6.
2401 4255 2473 4311 Ut
2499 4271 2635 4327 ergo
2681 4242 3022 4311 claresceret
3051 4272 3166 4311 non
3198 4254 3437 4311 fortuito
3468 4271 3630 4323 casu,
3662 4257 3765 4312 sed
3798 4256 3887 4311 di-

2240 4343 2375 4399 vino
2408 4350 2550 4399 nutu
2582 4343 2733 4399 hanc
2790 4343 3181 4400 inventionem
3215 4345 3451 4411 factam,
3483 4349 3650 4400 nocte
3680 4344 3889 4401 subse-

2243 4439 2456 4505 quente
2485 4433 2749 4505 ejusdem
2778 4432 2927 4487 villa:
2950 4432 3060 4505 (87)
3083 4433 3264 4498 fabro,
3297 4431 3532 4488 innoxio
3552 4438 3609 4488 et
3629 4432 3886 4506 simplici

2234 4610 2757 4695 npso,.viil‘entibus
2781 4612 3402 4695 ementitus,Angliam
3433 4612 3672 4695 tandem
3703 4612 3882 4695 adna-

2233 4682 2474 4764 vigavit:
2495 4683 2931 4756 delectatusque
2950 4685 3020 4739 ad
3032 4682 3270 4740 modum
3290 4684 3500 4766 ignotas
3513 4682 3734 4765 linguae
3759 4684 3885 4766 bar-

2235 4753 2415 4826 barie,
2449 4754 2604 4826 quod
2630 4754 2803 4826 (quasi
2844 4756 3043 4810 fatuus
3071 4756 3143 4811 ab
3174 4755 3452 4811 omnibus
3478 4755 3789 4820 rideretur,
3822 4772 3882 4810 In

2234 4824 2427 4880 lutosa
2470 4824 3135 4899 provinciasubstitit;
3196 4825 3395 4899 ibique
3450 4826 3629 4881 vitam
3685 4842 3881 4897 suam,

2234 4896 2615 4978 quan-tanfuit,
2645 4896 2856 4978 sategit.
2893 4923 2914 4949 ι

2304 4968 2417 5040 (85)
2450 4966 2850 5040 Harpsl’eidins
2902 4984 3055 5040 saec.)
3083 4983 3162 5033 xx,
3207 4985 3334 5039 cap.
3366 4967 3564 5040 22,ide
3593 4967 3650 5023 S.
3682 4966 3881 5040 Yvone

2230 5036 2595 5112 ist‘aliabet—z
2630 5038 2960 5112 «(Pervenit
2990 5039 3061 5112 ad
3108 5036 3422 5112 quem—dam
3474 5038 3687 5103 locum,
3721 5038 3878 5112 Slepe

2232 5108 2467 5182 Anglice
2497 5108 2849 5182 appellatum
2884 5110 3061 5182 (quod
3092 5108 3200 5180 est,
3233 5109 3281 5166 si
3310 5109 3711 5181 interpretere,
3742 5108 3877 5165 Dor-

2229 5181 2927 5253 milia)_prope_oppidum
2958 5182 3479 5253 Huntingdonense
3508 5185 3566 5234 et
3593 5186 3880 5253 monaste-

2232 5250 2382 5305 rium
2408 5250 2802 5307 ltam’esiense.
2827 5255 2900 5308 Eo
2917 5253 3093 5309 etiam
3115 5250 3225 5309 loci
3240 5252 3301 5308 in
3324 5250 3553 5309 Christo
3581 5250 3873 5319 dormivit,

2230 5319 2566 5393 ibidemque
2597 5321 2862 5392 sepultus
2890 5328 2998 5378 est.
3031 5346 3059 5373 ››

2297 5393 2413 5460 (86)
2446 5390 2761 5519 Capﬁravio
2805 5396 3131 5486 praepositus
3184 5392 3513 5475 appellatur
3566 5390 3875 5459 Elnothus,

2297 5464 2328 5518 d
2362 5481 2500 5519 quia
2527 5483 2559 5518 a
2607 5466 2755 5519 Datis
2786 5464 3033 5519 hdnothi
3067 5471 3206 5519 tunc
3239 5470 3457 5519 evocati
3490 5463 3562 5519 ab
3594 5480 3660 5519 eo
3676 5480 3794 5519 non
3814 5465 3875 5519 lit

2229 5464 2328 5519 sed
2362 5464 2500 5535 quia
2527 5463 2755 5520 abbatis
2786 5463 3033 5520 Ednothi
3067 5463 3457 5520 tunc'e‘vocati
3490 5463 3562 5519 ab
3594 5480 3660 5519 eo
3676 5480 3794 5519 non
3814 5465 3876 5519 lit

2229 5536 2471 5597 mentio,
2504 5536 2733 5590 videtur
2764 5535 3066 5591 nominum
3098 5538 3252 5592 facta
3281 5535 3569 5593 confusio.

2297 5607 2411 5679 (87)
2444 5606 2641 5661 Eidem
2673 5606 2887 5662 dicitur
2919 5630 2947 5657 ‹‹
2978 5608 3140 5663 faber
3169 5606 3264 5664 ΕΖὶ
3293 5613 3550 5664 vocatus.
3590 5628 3616 5655 ››
