3960 6064
255 257 336 320 85
1461 259 1640 322 VITA
1688 260 1751 321 S.
1785 259 2044 322 IVONIS
2088 259 2461 321 EPISCOPI.
2859 281 2862 284 ’
3581 255 3662 322 86

255 393 379 450 viro
414 391 712 466 (qualibus
742 389 1027 451 Dominus
1055 409 1154 450 ore
1184 393 1254 450 ad
1287 411 1353 451 os
1383 392 1664 468 loquitur,
1698 397 1755 450 et
1797 408 1906 449 sua
1933 392 1991 460 Α
2019 409 2376 468 quamquam
2394 396 2865 466 compaterentur
2880 390 3662 466 dispendiofraterno.Tum-

261 482 450 538 credit
474 499 707 550 arcana,
728 488 785 539 et
804 482 1174 555 sapientibus
1191 484 1534 540 abscondita
1555 482 1767 539 revelat
1784 499 1912 554 par-

259 571 434 643 vulis)
464 572 585 628 Yvo
599 571 892 645 gloriosus
905 577 1176 644 soporato
1189 572 1393 639 astitit,
1409 576 1563 628 statu
1573 590 1635 628 ra
1647 588 1907 645 procera,

259 663 408 718 facie
441 663 713 728 candida,
747 661 938 734 specie
966 661 1173 730 vivida,
1191 662 1494 719 oculorum
1508 662 1628 720 acie
1642 663 1914 720 flammea

260 769 400 807 cum
431 751 753 824 pontiﬁcali
785 751 981 806 insula
1009 757 1066 807 et
1091 753 1278 825 virga,
1313 757 1488 824 atque
1519 752 1912 824 archiepisco-

261 841 380 914 pali
413 858 587 898 cruce
616 845 932 913 pratensa;
966 841 1400 914 attonitumque
1430 841 1730 898 hominem
1745 841 1914 897 visio-

259 948 401 994 nem
433 931 670 985 insueta
701 929 920 986 mulcet
949 947 1083 985 voce
1099 930 1586 1004 melliﬂua,atque
1600 931 1912 1002 aitﬁQuem

262 1021 442 1076 modo
473 1021 534 1075 in
565 1017 670 1074 tali
701 1017 826 1074 loco
856 1017 1153 1074 miramini
1175 1019 1912 1092 repertum,ipsesuvao

261 1109 600 1182 episcopus,
634 1107 735 1180 qui
766 1107 861 1162 hic
891 1124 1026 1163 cum
1058 1107 1243 1164 beatis
1271 1108 1446 1165 sociis
1472 1107 1912 1164 hactenuslatui

261 1197 617 1254 tumulatus.
651 1197 872 1252 Accede
901 1213 1096 1263 mane,
1124 1202 1182 1252 et
1213 1197 1420 1252 metire
1448 1197 1642 1253 locum
1671 1201 1799 1252 octo
1825 1213 1916 1268 pe-

264 1288 442 1343 dibus
473 1303 508 1342 a
539 1286 738 1342 dextro
770 1285 947 1341 latere
978 1285 1916 1352 meimausolei,etinveniestum-

264 1378 402 1434 bam
435 1375 615 1431 unius
644 1374 831 1430 sancti
863 1373 1001 1430 socii
1039 1374 1347 1432 meiAlter
1360 1393 1590 1448 quoque
1603 1374 1914 1446 consepul—

263 1471 363 1522 tus
392 1483 510 1521 non
541 1464 777 1536 longius
809 1464 996 1520 aberit
1023 1464 1685 1536 qumrenti,quimecum
1703 1463 1913 1520 trium-

265 1555 453 1627 phant
486 1554 544 1609 in
576 1552 782 1626 gloria.
819 1553 921 1608 His
947 1569 1084 1625 ergo
1115 1552 1347 1607 indiciis
1379 1553 1754 1620 certificatus,
1775 1569 1915 1625 sug-

266 1661 402 1717 gere
435 1660 506 1698 ex
534 1659 628 1698 me
660 1641 992 1714 praeposito,
1026 1646 1092 1696 ut
1121 1641 1246 1714 ipse
1277 1641 1508 1697 nuntiet
1558 1641 1754 1696 abbati
1804 1642 1914 1696 Ed-

265 1733 470 1799 notbo,
505 1736 800 1804 quatenus
829 1746 921 1786 me
954 1747 1088 1786 cum
1121 1731 1343 1786 eisdem
1373 1731 1547 1786 sociis
1578 1731 1722 1786 meis
1757 1736 1910 1786 tran-
1940 1767 1989 1831 B

264 1824 451 1878 sferat
480 1822 552 1877 ad
589 1819 970 1876 Ramesiense
985 1819 1338 1875 cmnobium.
1363 1845 1381 1868 ι»
1403 1819 1620 1874 Verum
1637 1819 1779 1874 dum
1798 1819 1918 1874 haec

263 1916 559 1984 praecepta
605 1926 864 1982 superna
907 1908 1082 1963 homo
1131 1924 1354 1980 pauper
1397 1907 1607 1980 spiritu
1641 1908 1920 1962 formidat

263 2000 507 2067 referre,
541 1997 806 2071 sequenti
837 2001 1004 2052 nocte
1033 1995 1334 2068 increpata
1365 1997 1492 2068 ejus
1537 1995 1915 2068 negligentia,

261 2089 476 2146 eadem
510 2087 848 2143 admonitus
878 2090 966 2142 est
997 2086 1358 2142 auctoritate.
1395 2085 1591 2142 Tertia
1619 2084 1916 2140 nihilomi-

263 2195 383 2234 nus
406 2183 576 2233 nocte
595 2175 786 2231 adhuc
809 2174 1123 2242 dubitanti,
1145 2175 1246 2230 ubi
1272 2174 1565 2246 prioribus
1587 2173 1914 2246 soporibus,

263 2267 592 2341 praeceptor
618 2265 772 2320 idem
804 2264 1028 2327 astitit;
1053 2264 1296 2335 jamque
1343 2263 1668 2319 districtius
1717 2262 1916 2318 inobe-

264 2357 528 2413 clientem
579 2353 894 2427 redarguit,
943 2357 1407 2424 trementemque
1437 2357 1492 2408 et
1523 2352 1758 2424 signum
1789 2351 1914 2406 dari

265 2446 386 2503 sibi
437 2443 853 2518 postulantem,
903 2441 1220 2514 episcopali
1266 2442 1429 2512 virga
1459 2441 1750 2513 pulsavit:
1787 2464 1813 2490 «
1848 2441 1917 2494 Et

265 2535 383 2591 hoc
415 2533 672 2607 signum,
707 2531 918 2604 inquit,
953 2530 1217 2597 habebis,
1252 2547 1368 2601 quo
1402 2546 1770 2603 nequaquam
1819 2546 1915 2586 ca-

264 2625 450 2687 rebis,
480 2623 594 2677 nisi
612 2622 785 2692 jussa
811 2618 1189 2674 nuntiaveris.
1222 2641 1249 2667 ››

337 2716 396 2769 7,
427 2714 508 2768 Ex
538 2711 631 2766 his
661 2708 964 2782 cvigilans,
991 2709 1074 2763 ita
1088 2707 1272 2763 doluit
1290 2725 1355 2764 eo
1375 2707 1498 2764 loco
1518 2726 1632 2779 quo
1652 2709 1913 2764 seictum

265 2805 552 2864 senserat,
573 2816 638 2855 ac
657 2799 706 2854 si
727 2799 875 2854 ferro
893 2797 1198 2852 confossus
1215 2800 1387 2852 esset.
1410 2797 1537 2863 Qui,
1560 2798 1659 2853 ubi
1679 2799 1917 2853 manda-

265 2897 328 2946 ta
353 2906 488 2944 cum
511 2889 680 2959 signo
702 2885 918 2942 doloris
941 2883 1155 2950 retulit,
1183 2884 1306 2956 ipse
1329 2884 1564 2956 quidem
1589 2886 1909 2942 convaluit:

263 2980 578 3047 verum,ad
601 2977 880 3046 majorem
897 2972 1094 3029 Sancti
1114 2971 1585 3039 declarationem,
1605 2973 1756 3030 idem
1778 2992 1915 3046 pra:-

267 3068 502 3140 positus
530 3066 764 3120 credere
793 3062 1018 3128 noluit;
1051 3065 1108 3117 et
1137 3061 1444 3126 rusticum,
1477 3061 1634 3116 velut
1666 3062 1910 3134 phanta-

2020 502 2130 556 que
2165 483 2480 556 injungens
2510 484 2783 540 omnibus
2813 484 3141 539 orationum
3176 482 3458 552 subsidia,
3483 483 3664 538 currit

2021 574 2092 628 ad
2127 573 2374 629 revelata
2405 573 2603 628 Sancti
2634 573 3045 644 sociorumque
3077 589 3339 644 corpora,
3373 571 3433 626 in
3475 570 3664 644 ipsam

2019 663 2148 734 ejus
2177 661 2376 716 villam
2409 661 2597 734 Slepc,
2633 649 2759 717 octo
2793 661 2974 717 leucis
3006 660 3266 734 Anglicis
3301 677 3336 715 a
3373 658 3666 728 Ramesia,

2023 756 2080 806 et
2127 750 2318 806 tribus
2367 751 2438 805 ab
2489 750 2703 822 oppido
2739 751 3096 805 Huntendun
3129 749 3466 817 distantem,
3501 749 3667 805 Ousaa

2021 841 2194 896 ﬂuvio
2228 839 2656 895 imminentem.
2694 839 2848 913 Pigri
2880 838 2932 895 ei
2962 843 3129 895 erant
3161 841 3460 894 currentes
3508 837 3664 911 equi,

2021 933 2077 983 et
2124 945 2326 984 omnes
2375 945 2598 1000 pennas
2649 927 3022 984 antevolabat
3071 927 3259 1001 ipsius
3285 927 3665 984 desiderium.

2022 1017 2473 1090 Occurrentibus
2499 1035 2634 1095 ergo
2667 1018 2748 1072 illi
2785 1017 3162 1090 primoribus,
3197 1021 3253 1073 et
3273 1017 3439 1090 plebe
3457 1017 3668 1072 lzetitiaa

2020 1107 2213 1163 indice
2231 1107 2598 1164 descenditin
2613 1109 3194 1180 agrum,Sanctorum
3214 1106 3663 1164 thesaurariam:

2025 1197 2204 1252 flectit
2233 1212 2424 1268 genua
2446 1213 2578 1252 cum
2594 1197 2741 1252 comi
2755 1197 2910 1252 tibus
2927 1197 3224 1261 fratribus,
3243 1200 3298 1252 et
3313 1197 3554 1252 adorato
3569 1197 3670 1252 Dei

2023 1285 2335 1356 adjutorio,
2371 1285 2495 1357 ipse
2526 1286 2706 1340 abbas
2741 1286 3158 1340 ferramentum
3177 1284 3670 1340 fossoriuminva-

2025 1373 2140 1429 dit:
2176 1390 2356 1446 eoque
2387 1373 2587 1430 ordine
2611 1375 2824 1441 nitens,
2846 1391 2959 1446 quo
2981 1378 3220 1430 sanctus
3236 1374 3356 1430 Yvo
3375 1375 3670 1440 docuerat,

2024 1463 2198 1518 citius
2229 1463 2539 1535 quaasitum
2565 1462 2919 1519 desiderium
2944 1462 3174 1535 reperit.
3200 1462 3419 1518 Deinde
3443 1462 3674 1518 ulterio-

2025 1569 2146 1606 rem
2198 1569 2362 1624 spem
2400 1551 2758 1625 .percipiens,
2812 1558 3090 1623 utrosque
3123 1554 3388 1619 Sanctos,
3421 1569 3552 1606 vero
3585 1551 3674 1606 (li-

2023 1640 2140 1695 vini
2175 1641 2441 1712 prresulis
2470 1640 2712 1708 indicio,
2744 1658 2877 1696 cum
2912 1641 3248 1713 supradicto
3280 1644 3481 1696 sancto
3502 1639 3674 1712 patri-

2025 1729 2112 1784 cio
2147 1730 2629 1802 comprehendit;
2664 1735 2980 1802 raptosque
3010 1730 3145 1785 inde
3177 1729 3234 1784 in
3253 1728 3518 1795 ecclesia,
3539 1745 3673 1784 cum

2029 1819 2156 1890 ipso
2191 1819 2356 1875 beato
2387 1819 2604 1890 Yvone,
2637 1819 2694 1873 in
2730 1823 2963 1891 tempus
2996 1817 3376 1874 descentioris
3429 1816 3674 1873 transla-

2027 1907 2204 1964 tiOnis
2231 1908 2582 1980 composuit.

2097 1997 2151 2050 9.
2187 1998 2254 2052 At
2283 1997 3036 2069 praapositus,utdiutinum
3055 1998 3200 2053 foret
3213 1997 3543 2070 exemplum
3558 2011 3674 2050 non

2027 2086 2438 2143 contemnendi
2469 2085 2762 2154 coelestia;
2797 2091 2976 2159 utque
3009 2087 3290 2142 diuturna
3336 2084 3678 2160 praedicaret

2026 2175 2526 2248 debilitate,quem
2559 2176 2839 2248 praecipiti
2873 2175 3675 2248 repudiaveratinﬁdelitate;

2026 2263 2361 2335 quindecim
2393 2263 2585 2328 annis,
2618 2269 2674 2318 et
2704 2265 2774 2318 ad
2809 2263 3002 2335 ipsum
3045 2264 3172 2318 vita
3222 2263 3566 2329 terminum,
3615 2262 3676 2317 in

2025 2351 2405 2424 compedibus
2438 2352 2626 2424 ipsius
2657 2351 2796 2406 almi
2831 2353 3018 2408 Patris
3049 2352 3259 2408 debilis
3305 2351 3630 2424 permansit
3659 2369 3672 2419 ;

2026 2443 2181 2514 quod
2211 2446 2406 2497 tamen
2438 2441 2520 2495 illi
2539 2441 2751 2498 diffusa
2770 2440 2829 2496 in
2849 2441 3070 2498 sanctis
3089 2441 3186 2498 Dei
3207 2440 3395 2514 gratia
3413 2442 3668 2496 fructum

2025 2531 2234 2587 salutis
2282 2530 2623 2586 cumulavit.
2676 2531 2822 2586 Nam
2854 2531 3103 2602 septimo
3134 2531 3226 2586 die
3258 2534 3392 2586 ante
3422 2529 3666 2597 exitum,

2024 2620 2176 2676 idem
2193 2620 2606 2676 serenissimus
2619 2619 2966 2686 consolator,
2988 2619 3294 2692 splendido
3310 2618 3473 2673 vultu
3495 2623 3553 2673 et
3571 2617 3668 2673 ha-

2025 2709 2146 2764 bitu
2180 2709 2230 2764 ei
2262 2707 2629 2781 gratulanter
2658 2708 2966 2780 apparuit;
3001 2709 3171 2780 eique
3201 2706 3668 2763 refoventissima

2021 2814 2159 2853 voce
2187 2797 2362 2852 dixit:
2405 2821 2424 2846 α
2459 2798 2591 2853 Jam
2625 2801 2857 2869 tempus
2889 2797 3066 2854 instat
3095 2801 3160 2852 ut
3189 2797 3426 2853 verbera
3446 2795 3663 2868 quibus

1977 2960 1986 2965 _
2024 2891 2080 2941 te
2111 2885 2384 2958 corripui,
2403 2886 2461 2940 in
2481 2885 2804 2942 remedium
2821 2886 2924 2941 tibi
2944 2891 3246 2942 transeant
3261 2884 3588 2958 sospitatis;
3609 2887 3666 2940 et

2024 2991 2127 3046 pro
2156 2975 2330 3046 longa
2361 2979 2526 3029 nocte
2557 2973 2866 3040 incolatus,
2901 2973 3270 3030 laetissimum
3303 2973 3455 3028 diem
3482 2973 3662 3046 possi-

2023 3064 2161 3118 deas
2193 3069 2418 3118 zetarnze
2453 3063 2744 3118 fclicitatis
2771 3079 2783 3120 :
2817 3062 3065 3135 septimo
3084 3063 3300 3134 quippe
3319 3062 3531 3117 abhinc
3548 3061 3660 3128 die,

265 3137 465 3212 smata
493 3158 847 3217 narrantem,
881 3149 1112 3222 repulit.
1149 3171 1176 3198 «
1209 3150 1276 3204 Et
1298 3148 1441 3205 viles
1473 3168 1753 3224 quosque,
1806 3152 1904 3220 ait,
1941 3137 1984 3202 C
2023 3153 2196 3214 modo
2223 3156 2462 3223 paratus
2495 3155 2638 3216 esto,
2671 3150 2898 3206 veniam
2932 3155 2985 3206 te
3013 3149 3382 3223 susciperein
3401 3153 3665 3206 nostram

266 3245 498 3300 cineres
527 3241 843 3312 cujuslibet
867 3237 1084 3296 sutoris
1103 3239 1418 3294 transferre
1433 3243 1490 3294 et
1505 3239 1795 3296 celebrare
1812 3241 1911 3296 de-

269 3335 483 3388 bemus
531 3347 634 3403 pro
684 3327 950 3385 sanctis?
983 3349 1010 3377 ››
1045 3325 1139 3382 Sic
1188 3325 1547 3382 refellentem
1590 3333 1913 3384 nocturnus

266 3437 518 3477 somnus
548 3417 788 3490 corripit
815 3433 828 3472 :
863 3432 1037 3488 quem
1067 3419 1308 3469 sanctus
1340 3415 1570 3487 praesul,
1607 3416 1915 3472 austeriori

267 3511 448 3566 modo
505 3513 560 3565 et
591 3506 798 3563 habitu
827 3505 1008 3571 visus,
1032 3508 1178 3559 cum
1211 3503 1577 3560 districtione
1607 3505 1911 3561 excitavit:

271 3625 296 3649 ι
335 3600 540 3670 Surge,
573 3595 788 3668 inquit,
818 3609 992 3665 surge
1022 3591 1392 3664 quantocius.
1447 3593 1592 3648 Nam
1640 3610 1746 3665 ego
1794 3593 1913 3661 ille,

267 3704 448 3760 quem
476 3692 540 3742 tu
572 3690 832 3741 sutorem
865 3682 1135 3738 hesterno
1165 3679 1258 3735 die
1289 3681 1686 3747 subsannasti,
1717 3700 1916 3740 ocreas

267 3775 377 3831 tibi
411 3772 708 3829 durabiles
737 3769 956 3844 paravi.
988 3769 1091 3824 His
1122 3767 1404 3834 indueris,
1441 3769 1530 3825 his
1560 3770 1797 3826 domum
1854 3771 1915 3826 in

263 3861 615 3920 memoriam
642 3860 755 3916 mei
783 3857 1095 3930 equitabis.
1131 3878 1159 3906 υ
1191 3857 1274 3911 Ad
1310 3854 1430 3912 haec
1461 3863 1805 3931 assurgente
1861 3864 1919 3916 et

266 3951 568 4007 assidente
595 3947 969 4014 somniatore,
995 3947 1196 4018 justus
1227 3944 1543 4017 castigator
1566 3963 1764 4003 ocreas
1788 3948 1918 4004 stri-

267 4039 534 4096 ctissime
562 4040 692 4110 ejus
720 4037 998 4092 inform-it
1028 4034 1319 4089 cruribus.
1347 4034 1654 4106 Sicitaque
1672 4053 1916 4093 concus-

266 4147 376 4186 sus
405 4128 660 4201 evigilat,
680 4128 924 4198 jamque
956 4121 1323 4178 arctissimus
1354 4121 1518 4178 dolor
1549 4128 1701 4180 totas
1742 4125 1916 4181 tibias

269 4236 306 4274 a
335 4217 585 4290 pedibus
615 4213 1015 4279 constrixerat,
1051 4227 1154 4266 nec
1177 4210 1370 4266 standi
1389 4228 1494 4265 nec
1511 4214 1916 4284 progrediendi

268 4306 524 4362 facultas
554 4309 695 4362 erat.
731 4301 1043 4374 Equitabat
1061 4300 1131 4354 ad
1151 4299 1572 4354 monasterium
1591 4299 1778 4356 alieno
1796 4319 1920 4374 ges-

269 4394 517 4460 tatoria;
551 4393 986 4466 ingressusque,
1020 4387 1256 4461 propria
1286 4390 1399 4456 (88)
1430 4406 1600 4460 pinna
1631 4406 1698 4444 ex
1716 4391 1918 4446 ordine

270 4482 505 4538 nuntiat
523 4481 741 4548 omnia,
761 4497 886 4551 quae
905 4495 1007 4551 per
1021 4477 1198 4533 alium
1221 4477 1450 4532 credere
1471 4477 1760 4534 noluerat:
1778 4484 1920 4535 tam-
1951 4509 1996 4570 Β

267 4589 385 4644 que
417 4569 758 4644 aegritudine
793 4584 967 4640 quam
1000 4583 1136 4621 voce
1165 4581 1298 4620 vera
1328 4565 1623 4637 praedicat,
1657 4585 1784 4640 quae
1825 4586 1918 4624 ve-

267 4660 361 4715 lut
394 4661 808 4731 phantasmata
836 4657 1204 4712 refutaverat.
1709 4699 1711 4702 .

341 4749 584 4804 8.-Tum
615 4763 745 4802 vero
777 4745 960 4800 abbas
1009 4742 1332 4809 Ednothus,
1387 4742 1745 4800 exhilaratus
1795 4751 1916 4802 tam

271 4839 572 4909 insperato
603 4834 854 4890 ccelestis
883 4830 1145 4888 thesauri
1173 4830 1354 4897 lucro,
1387 4835 1444 4886 et
1475 4832 1602 4902 ejus
1637 4837 1756 4888 tam
1803 4836 1917 4890 evi-

270 4925 432 4981 denti
465 4922 700 4990 indicio,
733 4920 1140 4996 devotissimas
1159 4918 1376 4992 gratias
1394 4919 1512 4992 egit
1529 4919 1672 4992 largi
1681 4922 1796 4977 fluo
1816 4923 1922 4980 Do-

271 5013 456 5081 mino,
491 5031 624 5068 cum
657 5028 872 5086 magno
904 5009 1126 5066 scilicet
1151 5007 1331 5064 totius
1362 5009 1640 5064 consortii
1681 5012 1917 5083 gaudio,

346 5139 462 5210 (88)
492 5133 1148 5210 westmonasteriensis
1177 5132 1249 5186 ad
1282 5148 1375 5186 an.
1413 5130 1574 5210 lOOl__
1601 5131 1752 5188 hanc
1803 5152 1921 5210 poe-

276 5201 414 5284 nam
441 5201 686 5284 ascribit
716 5206 1219 5284 abbati,_eumque
1251 5220 1282 5256 a
1313 5201 1619 5273 praeposito
1655 5222 1766 5259 non
1803 5201 1923 5262 dis-

277 5281 575 5353 tinguens,
607 5278 838 5353 inquit:
869 5301 897 5353 ς‹
931 5277 1327 5353 Inventionem
1351 5289 1491 5353 cum
1527 5291 1641 5353 non
1662 5293 1924 5353 reveren-

276 5343 758 5424 tervacceptass'et
790 5349 974 5404 abbas
1000 5343 1416 5411 Ramesiensis,
1448 5347 1698 5417 graviter
1753 5349 1924 5420 puni-

277 5429 375 5478 tus
401 5426 510 5477 est.
543 5446 568 5471 »ι

346 5497 462 5562 (89)
493 5493 552 5549 S.
589 5491 901 5548 Oswaldus
931 5490 1053 5544 vita
1082 5487 1323 5562 functus
1351 5491 1440 5562 est
1471 5505 1624 5562 anno
1656 5489 1783 5562 993,
1835 5491 1928 5546 die

277 5555 488 5621 ultimo
521 5563 838 5633 Februarii,
872 5562 945 5617 ad
977 5574 1158 5632 quem
1191 5555 1340 5610 diem
1367 5558 1493 5630 ejus
1509 5558 1927 5618 Actailiustra-

2027 3240 2215 3296 lucem
2247 3243 2318 3296 de
2348 3240 2456 3295 hoc
2487 3239 2681 3295 carnis
2711 3239 3024 3312 ergastulo.
3059 3260 3085 3290 η
3124 3239 3252 3294 Ηωο
3281 3237 3379 3294 ubi
3409 3237 3505 3293 ille
3535 3255 3668 3294 con-

2025 3330 2304 3384 fratribus
2319 3328 2604 3400 exposuit,
2620 3327 2827 3383 obnixe
2843 3328 3197 3398 prmvcniens
3213 3327 3416 3383 faciem
3433 3327 3666 3382 Domini

2024 3419 2083 3473 in
2112 3417 2494 3480 confessione,
2524 3421 2579 3471 et
2610 3415 2902 3472 transiens
2935 3417 3206 3489 prmdicto
3237 3415 3350 3480 die,
3408 3415 3666 3472 certissi-

2026 3524 2153 3563 mos
2183 3524 2387 3563 omnes
2418 3505 2671 3562 reddidit
2700 3506 3003 3577 promissa:
3035 3505 3253 3578 gratiae.
3289 3505 3362 3561 Ut
3382 3504 3554 3561 etiam
3574 3521 3668 3561 res

2026 3595 2215 3667 magis
2245 3595 2574 3650 innotescat
2604 3612 2672 3649 ex
2701 3594 2932 3666 generis
2962 3593 3327 3660 claritudine,
3360 3592 3410 3649 is
3443 3598 3566 3650 erat
3581 3611 3670 3674 art

2026 3683 2288 3738 ctissimo
2339 3687 2515 3753 atque
2564 3681 2966 3740 illustrissimo
3005 3683 3246 3738 Eboraci
3280 3683 3526 3754 prmsule
3558 3683 3667 3755 (89)

2026 3772 2298 3828 Oswaldo
2333 3771 2511 3826 nobili
2537 3771 2851 3839 avunculo;
2875 3788 3153 3844 germano
3171 3788 3403 3843 quoque
3420 3771 3666 3843 pollens,

2026 3860 2330 3917 ccenobiali
2361 3867 2416 3915 et
2447 3860 2622 3933 priori
2649 3861 2940 3934 azquivoco
2972 3861 3085 3930 (90)
3117 3859 3411 3928 Oswaldo,
3436 3865 3502 3914 ut
3523 3859 3672 3916 liber

2026 3950 2154 4020 ejus
2185 3950 2482 4005 versificus
2515 3951 2682 4005 testis
2713 3955 2819 4017 est,
2853 3951 3080 4006 erudito
3113 3954 3228 4004 tam
3265 3949 3464 4004 devote
3480 3948 3539 4003 in
3557 3949 3669 4004 Do-

2028 4039 2186 4093 mino
2219 4043 2282 4092 ut
2314 4037 2632 4093 abstineret
2659 4038 2852 4094 oblato
2881 4038 3668 4111 pontiﬁcio.Hicitaqnema-

2028 4127 2420 4182 nifestationis
2451 4127 2590 4182 ordo
2622 4128 3004 4183 sacratissimi
3035 4128 3252 4184 Yvonis
3283 4127 3556 4183 omnibus
3573 4143 3672 4183 ex-

2029 4220 2146 4271 stat
2194 4215 2546 4287 przeclarus:
2599 4217 2870 4288 quisquis
2918 4217 3040 4272 hzec
3091 4217 3288 4272 minus
3319 4215 3670 4289 exposuerit,

2029 4304 2280 4376 scriptor
2308 4304 2580 4376 cepiosus
2611 4323 2728 4360 non
2760 4311 2867 4360 est.

2103 4393 2186 4446 10.
2224 4393 2399 4446 Facta
2428 4397 2517 4446 est
2548 4397 2744 4446 autem
2778 4393 2898 4448 tunc
2927 4395 3054 4465 ejus
3088 4393 3344 4448 inventio
3375 4410 3528 4449 anno
3560 4393 3671 4449 Do-

2028 4480 2173 4534 mini
2222 4479 2532 4535 millesimo
2583 4480 2791 4552 primo,
2849 4487 3126 4553 regnante
3179 4498 3312 4553 rege
3342 4481 3672 4554 Ethefredo,

2029 4573 2228 4625 octavo
2263 4568 2501 4624 Kalend.
2538 4569 2673 4623 Maii
2705 4586 2904 4625 mense
2933 4570 3168 4642 Aprilis.
3202 4569 3418 4641 Aprilis
3475 4576 3672 4626 autem

2029 4656 2198 4729 quasi
2226 4658 2476 4729 Aperilis
2506 4659 2577 4713 ab
2607 4658 2899 4730 aperiendo
2929 4658 3275 4730 appellatur,
3303 4675 3436 4714 cum
3461 4657 3673 4715 cmlum

2029 4746 2086 4800 in
2120 4746 2350 4802 aestivos
2382 4745 2532 4802 soles
2549 4745 2766 4801 clarius
2783 4747 3059 4818 aperitur,
3078 4752 3136 4802 et
3151 4749 3410 4803 mundus
3425 4747 3484 4803 in
3503 4748 3676 4806 ﬂores

2029 4840 2086 4890 et
2121 4836 2270 4890 fetus
2301 4834 2635 4903 animatur;
2664 4839 2720 4889 et
2749 4840 2890 4890 tunc
2921 4837 3113 4892 omnis
3145 4853 3300 4909 ager,
3323 4841 3464 4893 tunc
3481 4837 3675 4896 omnis

2029 4921 2281 4995 parturit
2312 4923 2521 4990 arbor;
2556 4929 2696 4979 tunc
2727 4923 2996 4979 frondent
3025 4924 3202 4993 silvai,
3236 4931 3376 4980 tunc
3396 4925 3676 4982 formisis—

2031 5011 2220 5071 simus
2253 5028 2465 5079 annus,
2500 5016 2641 5067 tunc
2668 5012 2850 5068 vireta
2880 5013 3676 5084 ﬂoribus,etvolatiliacanti-

2030 5153 2244 5192 Vlmus.

2105 5209 2216 5278 (90)
2265 5208 2324 5279 S.
2377 5207 2742 5264 Edowardus
2785 5210 3084 5266 confessor
3131 5214 3188 5266 et
3238 5228 3356 5279 rex,
3399 5210 3681 5266 instinctu

2035 5277 2296 5352 styaldi
2330 5279 2599 5352 monachi
2631 5281 2857 5352 nepotis
2889 5283 2946 5337 S.
2980 5281 3264 5352 Oswaldi,
3316 5277 3476 5337 varia
3524 5282 3686 5338 dedit

2037 5350 2304 5426 Ecclesia:
2354 5349 2724 5426 Ramosiensi
2766 5370 2862 5406 an.
2913 5355 3074 5426 1047,
3131 5354 3212 5408 uti
3252 5349 3594 5426 explicatur
3623 5353 3687 5409 in

2039 5421 2360 5506 Monastico
2391 5423 2730 5506 Anglicum),
2765 5428 2920 5480 temo
2957 5425 2998 5492 Ι,
3034 5421 3427 5506 pag.-2_40‘.'At
3467 5423 3690 5480 librum

2038 5496 2370 5549 vcrsilicum
2407 5493 2509 5549 hic
2533 5494 2774 5551 citatum
2804 5513 2916 5551 non
2953 5493 3187 5568 reperiri
3221 5497 3508 5552 dolemus.
