3960 6064
273 176 388 236 101

1335 173 1518 235 VITA
1563 175 1626 235 S.
1673 172 2208 237 WEREBURGE
2250 175 2623 240 VIRGINIS.

3567 179 3683 240 102

271 306 646 382 Mildgylam,
676 323 805 380 qua;
836 307 1131 364 distinctis
1163 305 1651 364 monasteriorum
1683 323 1924 362 suorum
1957 306 2013 374 Α
2041 307 2488 380 grantissima'n
2528 309 2750 382 prolem
2801 308 3122 375 exercebat,
3147 325 3322 381 quam
3345 308 3473 381 ipsa
3493 310 3684 366 adhuc

271 395 578 470 lapidibus
609 397 894 453 irradiant
915 396 1189 470 patriam.
1211 397 1396 453 Natus
1417 403 1502 453 est
1525 397 1576 453 ei
1598 400 1655 454 et
1676 397 1926 452 Merevin

272 486 455 551 ﬁlius,
489 486 591 558 qui
625 486 695 540 ad
729 491 968 542 sanctos
998 485 1340 542 innocentes
1372 503 1406 542 a
1436 485 1786 558 baptismate
1838 503 1929 541 ra-

269 581 413 647 ptus
445 579 536 631 est.
564 573 867 648 parvulus.
901 573 1188 630 Almiﬂua
1221 591 1454 647 quoque
1482 575 1818 647 Werburgae
1841 591 1933 646 ge-

265 663 681 719 nerossitatem
736 679 804 718 ac
855 663 1305 719 sanctimoniam
1352 661 1612 735 proxime
1651 668 1933 718 exornant

266 751 660 807 sanctissimae
693 751 887 808 amita:
921 769 1039 808 sum
1072 753 1277 808 Pendze
1302 751 1454 825 regis
1479 751 1608 807 ﬁlia;
1631 756 1798 822 (127),
1825 756 1934 822 Ky-

270 841 559 912 nehurga,
613 845 669 896 et
713 841 1056 914 Kynewida,
1105 858 1232 913 qua:
1280 858 1415 896 cum
1464 840 1796 914 propinqua
1827 857 1934 896 sua

263 928 614 985 beatissima
635 929 824 985 Tibba
850 930 995 1002 (128)
1020 930 1377 1003 Burgensem
1403 947 1638 1002 superni
1660 928 1934 1002 janitoris

265 1017 430 1073 Petri
463 1015 764 1073 illustrant
794 1017 1126 1074 ecclesiam.
1163 1018 1318 1073 Suus
1347 1034 1482 1074 vero
1513 1017 1743 1089 genitor
1786 1035 1931 1090 prae-

267 1105 619 1160 nominatus
648 1121 715 1161 ac
737 1105 931 1178 patrui
951 1122 1136 1178 reges,
1157 1105 1214 1160 id
1239 1111 1349 1170 est,
1371 1107 1562 1162 Peada
1580 1106 1728 1175 (129)
1745 1105 1934 1162 rEdel-

270 1195 475 1259 redus,
509 1210 575 1248 ac
601 1194 916 1266 przedictus
934 1193 1213 1249 Mervvala
1233 1194 1644 1266 prmdictarum
1666 1209 1935 1248 sororum

272 1283 508 1349 fratres,
529 1280 873 1338 Christianae
893 1281 1286 1338 institutionis
1306 1300 1418 1336 non
1445 1282 1635 1338 solum
1659 1281 1932 1350 cultores,

269 1387 478 1425 verum
511 1369 686 1426 etiam
722 1370 897 1443 primi
929 1375 1102 1443 atque
1125 1370 1513 1426 intensissimi
1543 1371 1701 1426 fuere
1724 1387 1938 1442 propa-

275 1463 512 1532 gatores
537 1476 550 1513 :
582 1463 641 1515 ct
670 1458 824 1516 sicut
845 1459 1235 1515 {Edelbrictus
1254 1459 1645 1526 Doroberniae,
1666 1460 1747 1514 ita
1761 1458 1939 1514 Wlfe-

275 1565 382 1604 rus
417 1549 475 1602 in
508 1547 741 1604 Merciis
773 1547 1274 1604 Christianitatem
1296 1548 1522 1620 primus
1542 1547 1822 1604 dilatavit.
1843 1547 1937 1602 Sic

281 1637 504 1708 itaque,
539 1641 603 1690 ut
635 1635 1028 1708 praemisimus
1061 1653 1129 1692 ex
1161 1641 1415 1708 quatuor
1439 1637 1636 1709 regnis
1684 1641 1739 1692 et
1787 1636 1936 1691 anti-
1967 1678 2016 1743 B

469 1723 705 1743 μέμ--
760 1741 882 1743 μη
941 1723 1153 1743 ..μελε
1908 1727 1924 1743 .

283 1723 422 1796 quis
469 1723 708 1796 regibus
758 1741 893 1779 rosa
940 1723 1156 1780 Christi
1209 1725 1535 1796 Werburga
1580 1724 1848 1780 ﬂorescit.
1893 1727 1939 1780 A

283 1813 552 1886 principe
581 1817 865 1885 suscepta:
897 1813 1026 1868 fidei
1053 1813 1449 1870 .Edelbrichto
1467 1813 1938 1880 Cantuariorum,

285 1919 320 1956 a
371 1903 543 1957 Berta
589 1901 674 1958 vel
731 1903 938 1958 Emme
985 1904 1364 1968 Francorum,
1398 1903 1469 1958 ab
1500 1903 1668 1957 Anna
1699 1919 1850 1974 rege,
1885 1906 1942 1957 et

287 1989 420 2045 avia
449 1991 748 2063 Sexburga
779 1990 1158 2047 Orientalium
1191 1991 1534 2063 Anglorum,
1569 2009 1603 2046 a
1626 1995 1788 2063 patre
1809 2007 1940 2046 vero

286 2077 767 2135 luculentissima
796 2079 948 2135 facta
978 2080 1352 2136 Merciorum.
1388 2081 1519 2135 Haec
1547 2097 1680 2135 vero
1712 2080 1783 2135 ad
1815 2079 1942 2153 glo-

290 2168 443 2222 riam
475 2167 858 2240 praedicanda:
888 2167 1134 2240 virginis
1165 2167 1621 2240 przetitulantur,
1657 2173 1722 2223 ut
1751 2169 1820 2224 de
1851 2185 1944 2223 ra-

291 2255 424 2312 dice
446 2259 649 2315 sancta
672 2273 901 2312 ramum
925 2261 1193 2312 sanctum
1218 2257 1419 2313 deceat
1441 2257 1800 2324 sanctitudo;
1826 2256 1944 2312 imo

291 2346 363 2400 de
416 2349 752 2418 contempta
800 2343 961 2417 regni
1010 2344 1352 2401 excellentia
1401 2347 1591 2417 major
1619 2345 1948 2401 ascribatur

293 2433 612 2489 claritudo.
647 2434 844 2490 Restat
875 2451 1050 2502 nunc,
1087 2440 1152 2489 ut
1181 2433 1538 2507 explicemus
1570 2438 1833 2490 sanctam
1869 2434 1948 2506 ip-

295 2523 423 2578 sius
455 2522 978 2591 conversationem,
1017 2527 1074 2579 et
1105 2523 1465 2596 probabilem
1498 2523 1836 2579 in'Domino
1880 2523 1946 2578 ﬁ-

295 2629 456 2666 nem.

955 2701 1187 2757 CAPUT
1227 2702 1299 2757 II.

351 2789 701 2844 Conversatio
731 2789 788 2845 S.
827 2792 1180 2859 Wereburgw
1209 2793 1270 2846 in
1295 2790 1508 2846 Eliensz'
1532 2793 1860 2846 monasterio
1883 2811 1902 2858 ,-

554 2879 890 2949 prwfectura
918 2879 1198 2934 variorum
1226 2880 1700 2934 monasteriorum.

373 2967 428 3020 3.
461 2967 506 3020 A
540 2971 733 3022 tenero
764 2982 903 3039 ergo
937 2966 1038 3022 aevi
1067 2967 1226 3034 ﬂore,
1263 2984 1397 3023 cum
1447 2967 1644 3023 forma:
1693 2967 1952 3039 pulchri-

2040 397 2149 451 sub
2173 398 2318 470 jugo
2351 397 2602 454 maritali
2635 397 2952 470 gemitibus
2985 397 3479 453 inenarrabilibus
3501 399 3687 471 suspi-

2039 485 2223 540 rabat.
2248 485 2462 542 Verum
2488 485 2778 542 altissima
2803 486 2897 541 Dei
2924 485 3282 558 providentia
3306 485 3553 558 benigne
3576 486 3690 542 dis-

2041 590 2296 644 pensans
2328 573 2544 641 omnia,
2581 578 2828 629 matrem
2863 591 2990 629 eam
3024 573 3080 627 in
3115 590 3292 645 regno
3327 575 3532 629 statuit
3563 591 3686 628 om-

2041 661 2202 715 nium
2239 661 2503 733 inopum,
2538 661 2801 716 omnium
2836 659 3336 716 necessitudinum
3372 660 3686 734 refugium,

2042 748 2218 804 simul
2250 750 2428 804 etiam
2463 755 2527 805 ut
2557 750 2671 822 piis
2699 750 3034 806 vesceribus
3055 749 3269 822 pignus
3290 750 3405 806 Deo
3427 750 3692 823 gigneret

2042 837 2537 910 acceptissimum,
2574 843 2632 894 et
2662 839 3005 912 ampliorem
3042 856 3315 894 coronam
3376 840 3688 895 dilatorum

2041 927 2278 982 tandem
2312 928 2593 1000 reciperet
2633 927 3078 982 desideriorum.
3127 927 3430 992 Viluerant
3477 929 3690 986 divitiae

2043 1019 2162 1070 tam
2197 1016 2368 1070 matri
2405 1032 2582 1086 quam
2615 1015 2745 1070 filiae
2772 1033 2785 1071 :
2821 1015 3101 1088 palatium
3128 1016 3420 1072 habebant
3443 1034 3545 1088 pro
3568 1035 3691 1074 mo-

2043 1104 2334 1160 nasterio:
2385 1121 2617 1169 aurum,
2670 1120 2936 1177 gemmae,
2988 1109 3182 1160 vestes
3229 1123 3370 1160 auro
3415 1109 3602 1174 textae,
3637 1111 3694 1162 et

2045 1192 2331 1263 quidquid
2365 1194 2476 1247 fert
2506 1194 2839 1266 pompatiea
2872 1194 3078 1248 mundi
3102 1194 3410 1265 jactantia,
3446 1211 3695 1251 onerosa

2046 1280 2155 1336 sibi
2192 1281 2381 1354 magis
2414 1285 2580 1336 erant
2613 1299 2788 1354 quam
2823 1281 3116 1352 gloriosa;
3150 1287 3224 1342 et.
3251 1282 3298 1336 si
3322 1283 3465 1338 forte
3488 1283 3582 1339 his
3607 1283 3693 1339 uti

2046 1371 2116 1425 ad
2151 1373 2384 1442 tempus
2417 1369 2576 1442 regia
2607 1369 2979 1442 compelleret
3009 1370 3286 1444 dignitas,
3321 1370 3594 1427 dolebant
3633 1389 3694 1428 se

2046 1457 2242 1530 potius
2269 1458 2512 1514 vanitati
2545 1459 2842 1530 subjectas
2873 1462 3177 1530 tamquam
3209 1457 3535 1531 captivitas.

2119 1548 2170 1602 4.
2206 1549 2270 1602 At
2301 1563 2436 1601 vero
2466 1546 2768 1619 virginalis
2801 1548 2862 1602 Β.
2895 1547 3234 1620 Werburgaa
3268 1547 3525 1614 libertas,
3559 1565 3694 1604 mox

2047 1638 2113 1690 ut
2158 1635 2364 1700 valuit,
2417 1635 2536 1690 haec
2580 1635 2816 1691 vincula
2847 1635 3024 1700 exuit,
3059 1641 3114 1690 et
3144 1637 3213 1691 ad
3248 1637 3396 1708 (131)
3427 1635 3695 1708 Eligense

2049 1723 2472 1779 monasterium
2499 1741 2630 1778 cum
2655 1724 2846 1780 ofﬁcio
2868 1723 3210 1780 sublimium
3237 1728 3542 1796 parentum
3566 1725 3698 1782 hos-

2050 1812 2133 1868 tia
2161 1811 2259 1868 Dei
2293 1812 2736 1885 commigravit:
2763 1813 2862 1867 ubi
2887 1812 3142 1885 primum
3169 1813 3358 1880 beata,
3382 1819 3439 1868 et
3461 1814 3699 1870 inteme-

2052 1905 2177 1956 rata
2208 1906 2522 1956 matertera
2553 1918 2660 1956 sua
2691 1901 2838 1973 (132)
2871 1900 3260 1972 lEtheldreda,
3286 1917 3352 1956 ac
3375 1901 3581 1958 deinde
3605 1919 3697 1958 so-

2052 2007 2148 2044 ror
2177 1989 2443 2060 ejusdem
2474 1989 2738 2062 virginis,
2773 2007 2899 2058 sua,
2934 1995 3000 2045 ut
3031 1989 3372 2062 praedictum
3405 1995 3514 2059 est,
3549 1991 3698 2058 avia,

2051 2078 2493 2150 principabatur
2525 2079 3010 2151 Sexburga.lllic0
3042 2078 3316 2150 ahjicitur
3344 2079 3538 2135 cultus
3584 2084 3701 2136 ter—

2055 2166 2178 2222 reni
2210 2167 2438 2234 nitoris,
2474 2166 2738 2222 induitur
2768 2167 3008 2222 habitus
3040 2185 3216 2222 sacrm
3249 2167 3568 2241 religionis,
3597 2185 3699 2224 ve-

2055 2254 2162 2311 stis
2195 2253 2355 2327 pulla
2387 2272 2490 2328 pro
2518 2259 2862 2310 ornamento
2894 2254 3110 2327 gloriae,
3144 2255 3336 2311 velum
3367 2257 3573 2330 capitis
3601 2258 3704 2313 hu-

2057 2343 2194 2399 mile
2228 2360 2331 2415 pro
2363 2344 2526 2414 regni
2560 2342 2884 2399 assumitur
2907 2343 3257 2399 diademate.
3291 2349 3379 2400 lta
3427 2345 3705 2418 praeclara

2056 2432 2216 2505 virgo
2266 2432 2527 2487 certabat
2575 2431 2793 2488 fastum
2846 2431 3053 2487 mundi
3103 2431 3362 2501 calcare;
3415 2438 3609 2491 mente
3647 2438 3705 2490 et

2057 2519 2512 2584 conversatione,
2563 2519 2721 2576 velut
2769 2520 2864 2575 hic
2911 2519 3248 2593 peregrina,
3284 2523 3354 2576 ad
3388 2539 3701 2594 supernam

2059 2608 2310 2682 patriam
2345 2609 2617 2676 tendere;
2653 2614 2774 2664 tota
2805 2609 2987 2663 animi
3019 2610 3412 2667 submissione
3459 2611 3704 2666 humili-

2061 2714 2217 2752 mam
2250 2696 2464 2752 Christi
2496 2697 2766 2752 exhibere
2796 2697 3093 2764 ancillam,
3143 2714 3321 2770 quam
3371 2699 3495 2771 ipse
3549 2700 3704 2756 exal-

2059 2790 2183 2840 tare
2217 2784 2560 2858 dignaretur
2587 2784 2645 2840 in
2680 2803 2979 2858 sponsam.
3013 2786 3228 2842 Omnes
3259 2789 3597 2844 monasterii
3629 2791 3707 2846 fa-

2062 2874 2324 2930 mulatus
2355 2873 2751 2946 anticipabat:
2785 2874 3062 2931 omnibus
3093 2892 3154 2931 se
3179 2876 3510 2932 inferiorem
3545 2877 3704 2933 exhi-

2063 2963 2236 3018 bebat
2261 2979 2272 3017 :
2307 2979 2444 3036 erga
2473 2962 2740 3018 omnium
2773 2964 3148 3020 necessitates
3177 2965 3490 3020 vulneratae
3521 2965 3708 3022 chari-

301 3055 447 3110 tudo
480 3055 791 3128 insigniter
814 3056 1192 3128 responderet
1221 3056 1594 3128 generositati
1618 3074 1758 3125 suae,
1779 3056 1954 3129 coepit
1982 3045 2025 3112 C
2060 3051 2196 3106 tatis
2226 3051 2449 3106 viscera
2478 3051 2866 3123 impendebat.

299 3144 571 3215 speciosa
601 3143 748 3200 facie
776 3160 912 3200 cum
944 3144 1377 3216 speciosissima
1417 3149 1615 3201 mente
1665 3145 1737 3200 ad
1785 3143 1952 3201 illum

300 3232 405 3305 qui
451 3233 756 3304 speciosus
805 3238 896 3289 est
938 3235 1123 3289 forma
1153 3251 1268 3306 pra:
1299 3232 1436 3290 ﬁliis
1466 3233 1772 3289 hominum
1805 3234 1952 3306 (I30)

298 3321 676 3378 contendere:
693 3323 864 3394 cujus
878 3321 1419 3379 utinaastimabilem
1434 3322 1802 3379 dulcedinem
1817 3340 1956 3395 prae-

299 3415 547 3483 gustare
597 3410 810 3482 potuit,
862 3411 1133 3483 protinus
1179 3409 1239 3465 in
1289 3412 1418 3482 ejus
1457 3427 1715 3468 amorem
1747 3411 1955 3468 anhelo

301 3501 537 3570 pectore
567 3497 804 3562 exarsit,
839 3502 912 3567 et,
950 3503 1015 3554 ut
1040 3515 1244 3556 cervus
1285 3499 1358 3554 ad
1411 3500 1599 3556 fontes
1645 3515 1952 3572 aquarum,

297 3585 607 3659 virginalis
639 3586 838 3642 anima
869 3587 996 3657 ejus
1029 3587 1084 3642 in
1118 3587 1246 3660 ipso
1280 3587 1499 3643 sitivit:
1536 3589 1678 3643 adeo
1696 3587 1959 3644 dulciset

301 3675 505 3730 suavis
536 3674 790 3747 Spiritus
807 3675 1038 3730 Domini
1057 3693 1090 3731 a
1111 3675 1276 3732 Patre
1293 3675 1620 3732 dilectionis
1637 3676 1956 3749 procedens

299 3762 468 3818 illam
503 3763 758 3831 attraxit,
791 3763 1054 3820 caelestes
1082 3765 1586 3837 concupiscentias
1617 3765 1676 3820 in
1699 3765 1960 3836 ejuscor—

301 3853 378 3907 de
407 3852 694 3919 accendit,
725 3857 986 3908 terrenas
1018 3852 1281 3908 extinxit.
1317 3851 1421 3908 Illa
1450 3869 1646 3909 amore
1665 3858 1956 3926 perpetuae

299 3940 658 4013 virginitatis
691 3942 761 3996 ad
796 3957 1078 4013 sponsum
1111 3946 1340 3998 reterns:
1373 3941 1726 4014 integritatis
1756 3958 1960 3998 convo-

299 4029 466 4095 lavit,
502 4046 708 4101 procos
739 4033 796 4085 et
825 4035 1118 4086 amatores
1142 4031 1411 4104 regiﬁcos
1441 4030 1705 4104 angelica
1729 4030 1957 4102 pudici-

299 4119 392 4172 tia
442 4117 677 4190 repulit,
729 4119 846 4174 imo
899 4118 1168 4176 Christus
1197 4118 1445 4174 electam
1477 4118 1588 4175 sibi
1621 4118 1959 4175 inhabitans

301 4206 584 4262 omnibus
615 4207 1042 4280 appetitoribus
1071 4207 1290 4279 eripuit
1321 4207 1708 4263 Sanctissima
1747 4224 1960 4280 parens

302 4311 422 4350 non
456 4295 724 4350 cessabat
753 4295 1010 4351 assiduis
1043 4296 1284 4351 monitis
1310 4295 1554 4368 irrigare
1584 4295 1822 4351 hortum
1855 4295 1962 4351 Do-

2130 3142 2184 3197 5.
2218 3141 2350 3196 Jam
2383 3141 2499 3196 Deo
2526 3141 2796 3197 amabilis
2826 3145 2991 3214 pater
3018 3143 3146 3213 ejus
3175 3142 3452 3210 Wlferus,
3487 3144 3707 3201 mulla-

2062 3247 2192 3286 rum
2226 3228 2604 3286 ecclesiarum
2639 3230 2970 3298 aediﬁcator,
3002 3230 3347 3286 Christiana:
3387 3232 3518 3287 ﬁdei
3542 3251 3705 3289 sum-

2064 3337 2198 3375 mus
2229 3324 2457 3375 amator
2488 3335 2553 3375 ac
2583 3319 2876 3388 dilatator,
2909 3319 3125 3392 quippe
3155 3319 3255 3392 qui
3287 3320 3464 3376 etiam
3505 3322 3706 3394 subje-

2064 3415 2188 3465 ctos
2219 3425 2384 3481 reges
2414 3410 2561 3478 (133)
2589 3427 2601 3478 ;
2636 3408 2790 3464 datis
2819 3409 3132 3481 provinciis
3161 3410 3219 3464 in
3253 3411 3602 3478 mercedem,
3637 3413 3708 3468 ad

2065 3496 2280 3552 Christi
2313 3496 2534 3552 cultum
2569 3497 2822 3564 attraxit,
2850 3498 3096 3569 septimo
3117 3497 3343 3554 decimo
3364 3498 3592 3571 imperii
3616 3501 3709 3556 sui

2066 3601 2217 3640 anno
2268 3586 2394 3652 (134
2443 3585 2514 3640 de
2561 3585 2864 3658 temporali
2915 3601 3092 3658 regno
3141 3587 3213 3641 ad
3263 3604 3516 3660 perenne
3546 3593 3710 3646 trans

2066 3674 2188 3729 ivit.
2224 3675 2387 3728 Tunc
2421 3673 2761 3730 beatissima
2792 3673 2993 3747 regina
3022 3675 3391 3732 Eormenilda
3420 3683 3552 3748 post
3584 3679 3710 3751 pios

2068 3763 2236 3817 ﬂetus
2255 3762 2628 3834 triumphans
2646 3779 2707 3817 se
2725 3762 2976 3817 solutam
2997 3779 3030 3818 a
3053 3765 3337 3819 mundiali
3362 3772 3584 3833 catena,
3607 3767 3709 3822 diu

2067 3851 2455 3908 desideratam
2489 3851 2984 3906 conversationem
3019 3851 3285 3924 arripuit,
3308 3858 3519 3909 etcum
3544 3857 3712 3912 beata

2068 3939 2188 3994 ﬁlia
2236 3939 2294 3994 in
2344 3939 2557 3994 Eliensi
2605 3939 2962 3996 monasterio
3001 3939 3217 4012 jugum
3267 3941 3498 3996 Domini
3532 3960 3711 4000 suave

2068 4027 2265 4083 subiit.
2320 4027 2423 4083 Hic
2470 4027 2745 4100 deinceps
2797 4033 2961 4083 tanta
2998 4028 3279 4084 virtutum
3313 4030 3621 4103 ﬂagrantia
3650 4032 3709 4087 in

2068 4115 2225 4172 omni
2258 4115 2563 4172 sanctitate
2593 4119 2649 4171 et
2679 4116 2959 4190 religione
2982 4116 3122 4171 vixit
3142 4116 3545 4190 infatigabilis,
3572 4126 3635 4175 ut
3656 4124 3714 4177 et

2065 4203 2390 4277 virginibus
2421 4204 2750 4276 exemplum
2783 4210 2937 4260 esset
2967 4205 3253 4262 castitatis
3285 4223 3350 4262 ac
3382 4209 3560 4264 totius
3589 4209 3709 4264 vir-

2066 4294 2232 4349 tutis.
2268 4293 2708 4348 Contendebant
2735 4292 3014 4349 alterutra
3043 4293 3256 4366 pietate
3286 4301 3473 4352 mater
3493 4302 3548 4352 et
3569 4297 3709 4367 ﬁlia,

297 4381 549 4447 mini,et
577 4381 841 4454 plantare
869 4383 929 4440 in
961 4382 1557 4440 eaimmarcescibilia
1572 4383 1839 4456 germina
1857 4401 1960 4456 pa-
1986 4415 2032 4479 D
2070 4400 2196 4455 qua
2228 4381 2528 4445 humilior,
2561 4399 2688 4454 qua:
2720 4381 2905 4454 possit
2941 4399 3069 4438 esse
3118 4383 3471 4454 subjectior:
3527 4391 3715 4442 mater

301 4472 512 4538 radisi,
544 4476 602 4527 et
631 4473 946 4530 accendere
977 4471 1308 4545 lampadem
1341 4473 1470 4545 ejus
1501 4472 1625 4528 oleo
1647 4476 1704 4528 et
1719 4472 1958 4528 ﬂamma
1986 4471 2026 4479 ”
2069 4471 2183 4527 sibi
2214 4471 2557 4544 praeferebat
2585 4473 2734 4542 eius,
2771 4488 2947 4543 quam
2971 4477 3270 4543 genuerat,
3295 4473 3709 4544 virginitatem;

302 4559 616 4616 charitatis
646 4561 1102 4634 inextinguibili.
1132 4563 1217 4618 Ad
1249 4561 1411 4617 illam
1443 4561 1600 4650 enim
1630 4561 1808 4617 vitam
1854 4561 1956 4616 ﬂa-

305 4685 374 4758 {7
404 4683 778 4758 JanuarLubi
812 4683 996 4758 multa
1025 4685 1095 4741 de
1126 4685 1413 4741 Merevino
1435 4702 1612 4758 puero
1631 4684 1953 4754 dictasunt,

303 4757 379 4810 de
412 4769 596 4829 regno
623 4755 900 4829 Menaldi
929 4773 1173 4829 agemus
1201 4758 1272 4812 23
1304 4755 1622 4829 Februarii.

381 4826 532 4900 (127)
565 4826 622 4881 S.
659 4826 995 4900 Kineburga
1021 4832 1076 4883 et
1095 4828 1454 4900 Kineswida,
1473 4827 1602 4900 aliis
1617 4827 1960 4900 Chin.ebztrga

305 4902 364 4952 et
396 4898 762 4964 Chineswida,
797 4898 1070 4954 coluntur
1097 4901 1133 4954 6
1165 4899 1378 4954 Martii.
1411 4899 1472 4954 In
1507 4899 1622 4953 vita
1651 4900 1709 4954 S.
1772 4898 1958 4955 Tibba

305 4968 688 5040 coniungitur
716 4976 774 5024 et
807 4971 872 5040 13
902 4970 1240 5026 Decembris
1270 4970 1484 5026 obiisse
1513 4969 1783 5025 traditur.

379 5039 812 5113 (t28)Corpora
841 5039 1051 5113 harum
1079 5058 1232 5097 anno
1264 5043 1402 5097 1005
1421 5041 1711 5113 dicuntur
1757 5045 1956 5096 trans-

303 5109 427 5184 lata
456 5133 487 5184 «_
519 5111 593 5166 ad
624 5109 1048 5168 monasterium
1081 5113 1151 5169 de
1180 5112 1464 5184 BurgoS.
1500 5112 1673 5180 Petri,
1709 5134 1736 5184 ξ)
1781 5113 1956 5184 vulgo

303 5182 721 5255 Petroburgum,
775 5189 1138 5240 exstructum
1189 5201 1223 5240 a
1271 5182 1660 5255 Wulferotet
1707 5182 1956 5238 {ratibus

303 5256 365 5308 et
626 5255 950 5311 sororibus.
1003 5260 1081 5311 De
1124 5272 1189 5312 eo
1216 5255 1404 5329 agims
1435 5255 1505 5310 ad
1534 5253 1730 5310 Vitam
1762 5255 1822 5312 S.
1855 5256 1956 5310 Er-

305 5339 462 5379 meni
531 5343 596 5379 aa.

305 5339 596 5380 manuum.

381 5396 534 5468 (129)
564 5397 627 5468 8.
663 5396 1012 5454 Ethelredus
1043 5395 1254 5453 colitur
1282 5397 1314 5451 ιι
1344 5396 1499 5452 Maii.
1534 5396 1599 5452 In
1632 5395 1958 5468 Appendice

307 5465 739 5542 Wigorniensis
755 5469 911 5528 alius
927 5468 1108 5527 frater
1122 5467 1461 5543 adjungitur
1475 5465 1843 5539 Mercelmus,
1857 5465 1961 5525 ubi

2063 4560 2226 4634 virgo
2258 4560 2463 4615 matris
2494 4560 2902 4614 auctoritatem
2931 4575 2944 4614 :
2978 4559 3273 4631 utrimque
3301 4564 3358 4615 et
3383 4561 3613 4618 vincere
3657 4567 3714 4620 et

2066 4683 2243 4740 etiam
2295 4682 2710 4752 Merewaldus,
2761 4681 2855 4738 hic
2904 4681 3203 4752 Merwala,
3254 4687 3492 4740 sanctus
3532 4684 3710 4743 habe-

2063 4760 2184 4894 tu?!
2198 4826 2288 4896 30)
2315 4825 2594 4897 Capgrav.
2628 4829 2826 4897 etims.
2863 4825 3011 4880 Rub.
3043 4824 3154 4880 val.
3187 4827 3558 4883 conscendere.

2138 4898 2288 4965 (131)
2317 4896 2470 4968 Elige
2499 4898 2663 4951 Beda:
2699 4896 2737 4950 l.
2774 4914 2850 4962 1v,
2884 4897 3147 4969 capxiQ;
3183 4897 3314 4953 aliis
3345 4900 3471 4953 Elia
3498 4904 3556 4954 et
3601 4899 3708 4969 Eli,

2066 4968 2203 5023 olim
2236 4967 2677 5035 monasterium,
2713 4984 2868 5040 nunc
2900 4967 3180 5040 oppidum
3214 4969 3486 5026 ininsula
3507 4967 3715 5040 cogno-

2066 4987 2203 5023 oum
2236 4987 2677 5035 monasterium,
2713 4987 2868 5022 nunc
2900 4987 2932 5022 ο
2979 4987 3180 5040 pinum
3214 4987 3272 5024 in
3295 4987 3486 5026 insula
3507 4987 3572 5025 co
3617 4987 3706 5026 no-

2066 5039 2222 5112 mine
2253 5041 2320 5092 ab
2353 5039 2627 5112 anguillas
2646 5041 2817 5110 juxta
2846 4987 3062 5095 Bedhm
3093 5041 3402 5112 appellata,
3437 5042 3510 5096 ad
3569 4987 3706 5097 ἔην.

2067 5111 2352 5185 Grantum
2384 5110 2444 5165 in
2475 5110 2755 5166 comitatu
2786 5110 3148 5184 Cantabrigaé
3170 5110 3352 5185 ‘apud
3400 5111 3713 5169 orientales

2063 5181 2616 5324 Alﬁgezsillxstruxit
2646 5249 2791 5307 illud
2826 5252 3247 5309 monasterium
3281 5235 3534 5322 an..675,
3568 5251 3715 5311 obiit

2066 5325 2450 5468 “agyllinae
2481 5392 2649 5468 plene
2676 5393 3044 5452 illustramus
3071 5396 3138 5452 l3
3170 5396 3336 5456 Febr.

2139 5465 2288 5544 (134)
2314 5465 2637 5526 Anno—675.
