3960 6064
316 188 439 252 103

1276 189 1678 256 GOSCELINI
1721 189 2352 260 CANTUAﬂIENSIS
2397 188 2776 252 MONACHI.

3608 185 3728 250 10‘

315 320 468 377 vinci
495 319 853 392 gaudebant.
890 319 1056 376 Nune
1079 323 1275 382 autem
1300 322 1357 378 in
1381 323 1584 382 eodem
1608 323 1868 382 caznobio
1889 323 1958 380 ad
1992 327 2042 398 Λ
2079 325 2238 378 duna
2263 326 2456 379 autem
2480 321 2636 394 regio
2657 319 3010 392 patrimonio
3027 337 3160 387 suo,
3183 319 3336 394 quod
3362 317 3530 389 estin
3555 317 3724 376 llam.

315 409 681 466 salutiferam
715 408 906 480 ipsius
939 409 1372 482 benignissimae
1405 412 1664 484 parentis
1699 413 1964 467 tumbam

315 497 631 570 conspicua
659 496 957 564 elucescit,
979 498 1199 568 quibus
1218 499 1538 556 clementiae
1562 501 1884 556 visceribus
1906 517 1968 556 se

213 655 220 660 θ
309 585 376 642 in
411 591 653 642 cunctos
681 585 998 654 diffuderit,
1031 587 1174 643 dum
1205 587 1584 660 corporaliter
1624 588 1764 643 vixit
1789 606 1801 657 ;
1825 589 1968 646 adeo

311 679 382 731 .ut
419 674 645 747 experti
697 674 884 747 ipsius
931 675 1210 732 beneﬁcia
1251 677 1505 734 audeant
1532 677 1777 734 ﬁdeliter
1807 694 1966 734 asse-

313 779 442 820 rere
492 763 645 836 quod
699 762 901 819 nullus
945 763 1218 820 credulus
1248 766 1464 838 petitor
1493 767 1810 826 frustretur
1840 767 1966 839 ejus

311 868 446 924 ope.
515 893 518 896 .

383 942 439 996 6.
476 940 660 1014 Igitur
693 946 938 1014 patruus
969 940 1134 998 almae
1165 943 1500 1016 Werburgaz
1533 961 1632 999 rex
1688 943 1963 1001 Ethelre-

303 1030 448 1096 -dus,
499 1031 600 1102 qui
653 1031 816 1085 fratri
853 1030 1082 1087 ‘Wlfero
1133 1038 1518 1099 successerat,
1571 1049 1704 1090 cum
1761 1038 1966 1090 sancta

311 1122 506 1174 mente
522 1118 705 1174 totius
729 1119 1057 1174 sanctitatis
1078 1125 1233 1176 esset
1253 1119 1738 1194 benignissimus,
1761 1122 1964 1178 videns

303 1206 374 1262 in
393 1207 562 1261 beata
580 1212 750 1278 nepte
769 1206 1024 1262 divinam
1042 1208 1414 1278 prudentiam
1430 1209 1961 1267 acsanctimoniam

303 1295 488 1350 altius
519 1295 908 1367 resplendere,
941 1295 1037 1368 qui
1085 1296 1366 1354 nimirum
1414 1297 1685 1354 virtutem
1737 1304 1964 1372 poterat

309 1383 466 1438 ultra
483 1383 934 1455 germanitatem
961 1383 1221 1458 diligere,
1248 1386 1489 1442 tradidit
1510 1387 1560 1443 ei
1584 1387 1962 1446 monasterio-

311 1487 442 1526 rum
474 1471 1035 1540 sanctimonialium,
1069 1489 1198 1544 quze
1232 1474 1287 1529 in
1313 1491 1420 1532 suo
1443 1492 1620 1548 regno
1643 1474 1958 1550 pollebant,

307 1561 724 1633 principatum.
778 1560 1022 1618 Pufcbre
1071 1579 1211 1618 sane
1256 1581 1512 1636 superna
1555 1563 1613 1620 id
1645 1568 1842 1622 actum
1872 1569 1962 1622 est

307 1649 692 1720 providentia,
725 1655 790 1704 ut
821 1666 998 1706 sacris
1027 1650 1437 1720 institutionis,
1472 1653 1644 1725 cujus
1704 1654 1961 1726 perfecta

305 1742 430 1794 erat
457 1737 767 1809 discipula,
803 1737 858 1792 in
893 1737 1141 1794 salutem
1179 1738 1498 1798 multorum
1545 1742 1961 1799 decentissima

308 1827 456 1882 foret
485 1826 788 1900 magistra.

375 1918 430 1970 7.
467 1915 584 1970 Rex
631 1931 762 1971 vero
813 1915 1000 1988 magis
1051 1933 1118 1972 ac
1168 1917 1356 1992 magis
1396 1919 1571 1991 coepit
1602 1918 1833 1992 imperii
1865 1924 1959 1978 tw-

307 2005 466 2069 dere,
485 2004 625 2058 dum
646 2021 706 2059 se
723 2009 1019 2076 reputaret
1039 2005 1191 2060 inter
1207 2005 1511 2063 saecularia
1533 2008 1764 2079 negotia
1785 2007 1955 2080 quasi

306 2089 520 2146 animal
547 2089 766 2146 accline
793 2095 980 2158 terrm,
1008 2091 1167 2149 illam
1199 2109 1332 2148 vero
1365 2093 1716 2150 eolumbinis
1747 2093 1955 2166 pennis

308 2180 650 2234 meritorum
685 2179 757 2235 ad
788 2177 1001 2234 cmlum
1033 2179 1292 2236 volitare.
1325 2183 1393 2236 Et
1419 2182 1555 2254 quid
1591 2182 1646 2254 pl
1661 2183 1953 2240 ura?Non

306 2268 524 2341 quievit
554 2274 729 2323 mstus
761 2267 1005 2339 spiritus
1035 2269 1148 2336 sui,
1177 2271 1357 2326 donec
1379 2271 1526 2342 (135)
1549 2271 1831 2343 vigesimo
1856 2289 1954 2328 no-

305 2374 380 2412 no
411 2357 572 2430 regni
607 2356 697 2412 sui
733 2374 885 2412 anno
917 2357 975 2412 in
1011 2358 1155 2430 (136)
1190 2359 1564 2416 Bardeniensi
1599 2360 1860 2416 carnobio
1881 2361 1952 2416 de

306 2461 440 2518 rege
472 2447 802 2502 efﬁceretur
831 2446 1174 2512 monachus,
1201 2447 1300 2519 qui
1323 2447 1618 2520 idemjam
1643 2451 1836 2504 favore
1857 2466 1953 2506 su-

303 2551 485 2606 perno
517 2534 799 2606 probatur
825 2534 1055 2591 meritis
1083 2537 1472 2594 venerandus.

373 2627 426 2678 8.
461 2622 856 2678 Dilectissimo
887 2629 1081 2680 autem
1115 2624 1230 2679 Deo
1259 2624 1609 2696 Werbnrga,
1640 2642 1778 2699 erga
1807 2626 1950 2683 sub-

296 2712 484 2783 jectos
511 2711 1044 2784 itaeratmagistra.
1061 2717 1118 2767 ut
1137 2711 1635 2783 potiusvideretur
1649 2713 1946 2769 ministra:

299 2800 588 2872 aequabat,
607 2799 1254 2871 velmagissubjiciebat
1267 2817 1327 2856 se
1367 2800 1607 2868 inﬁmis;
1649 2785 1949 2865 malens.si

302 2887 522 2956 liceret,
555 2887 749 2943 locum
780 2889 1165 2944 extremitatis
1197 2905 1374 2960 quam
1407 2889 1784 2962 prmlationis.
1822 2891 1952 2950 Por-

299 2978 462 3032 tabat
484 2993 698 3033 vomnes
727 2977 894 3049 quasi
918 2977 1139 3034 viscera
1160 2994 1287 3046 sua,
1302 2979 1540 3035 .fovebat
1560 2995 1626 3034 ac
1649 2979 1696 3034 si
1725 2981 1951 3040 uterina

1989 1698 2036 1768 Β

2079 417 2222 468 tuna
2253 411 2568 484 provincia,
2595 410 2930 481 jucundum
2958 412 3015 466 et
3040 407 3482 466 celeberrimum
3506 425 3539 462 a
3559 423 3728 479 gener

2077 501 2302 557 ratione
2331 501 2386 555 in
2418 497 2853 572 generationem
2886 498 2995 555 hoc
3027 499 3154 571 ejus
3185 495 3539 556 miraculum
3573 511 3728 552 asse.-

2074 591 2225 646 ritur
2255 590 2327 646 ab
2359 588 2488 661 ipsa
2518 587 2684 660 plebe
2717 591 2855 642 tota.

2145 679 2235 734 10.
2268 681 2407 732 Cum
2441 676 2499 732 in
2535 675 2721 750 ipsius
2751 675 3028 734 Wedunae
3059 675 3366 732 mansione
3397 678 3726 734 moraretur

2075 767 2233 840 regia
2261 767 2446 840 virgo,
2481 782 2652 837 agros
2683 765 2812 837 ejus
2845 765 2904 822 in
2946 763 3116 820 solito
3167 763 3397 820 inﬁnita
3443 778 3723 823 aucarum

2075 856 2221 928 (139)
2253 854 2696 919 indomitarum,
2731 871 2879 926 quas
2909 857 3120 926 gantas
3148 856 3377 919 vocant,
3411 849 3725 924 depopula-

2073 945 2248 1000 batur
2279 943 2614 1000 multitudo.
2649 943 2895 998 Nuntiat
2923 941 3280 998 domesticas
3311 939 3563 997 ruricola
3612 939 3723 996 hoc

2073 1034 2356 1092 damnum
2389 1031 2638 1087 domina:
2670 1048 2810 1087 suae.
2846 1031 3010 1086 Tunc
3041 1029 3139 1086 illa
3185 1027 3552 1106 magnanimi
3607 1028 3721 1088 ﬁde

2071 1122 2347 1194 praecepit
2395 1120 2481 1176 illi
2536 1124 2598 1175 ut
2646 1136 2849 1176 omnes
2901 1119 3236 1186 adduceret,
3269 1123 3325 1176 et
3374 1115 3717 1188 includeret,

2072 1228 2232 1267 more
2263 1208 2510 1268 scillicet
2532 1207 2902 1274 animalium,
2927 1207 3026 1280 qui
3051 1207 3376 1278 depascunt
3396 1205 3720 1266 alienasse-

2070 1304 2249 1374 getes.
2283 1299 2465 1366 Vade,
2495 1297 2708 1369 inquit,
2733 1301 2791 1354 et
2811 1313 3015 1352 omnes
3037 1295 3144 1350 bas
3164 1294 3427 1354 volucres
3447 1293 3718 1352 introduc

2068 1388 2204 1444 huc.
2241 1387 2430 1444 [tabat
2460 1385 2559 1442 ille
2589 1384 2765 1442 altius
2786 1385 3231 1458 obstupesccns,
3254 1401 3327 1441 an
3349 1382 3615 1457 garriret,
3641 1395 3717 1438 an

2069 1476 2344 1534 deliraret
2373 1475 2496 1538 haec
2518 1474 2734 1546 jussio.
2770 1474 3069 1540 Quomodo
3099 1471 3256 1529 enim
3273 1473 3594 1544 suspectus
3613 1469 3715 1524 ad-

2066 1581 2212 1628 vena
2241 1568 2328 1620 tot
2355 1562 2617 1622 volatilia
2641 1562 2724 1618 ire
2755 1562 3061 1636 gressibus
3088 1560 3149 1616 in
3181 1559 3417 1618 vincula
3457 1561 3713 1632 cogeret,

2067 1655 2284 1726 quibus
2316 1670 2418 1725 per
2448 1652 2658 1711 cmlum
2686 1652 2927 1707 evadere
2959 1649 3207 1706 liceret?
3255 1648 3575 1715 Quomodo,
3625 1647 3713 1701 in-

2068 1744 2214 1816 quit,
2245 1745 2308 1799 :td
2335 1743 2589 1816 primum
2615 1759 2917 1798 accessum
2941 1758 3138 1796 meum
3163 1739 3221 1804 in
3244 1738 3462 1796 azthera
3483 1735 3714 1812 fugien-

2066 1836 2154 1890 tes
2175 1833 2289 1889 huc
2309 1833 2681 1889 convertam?
2703 1832 2789 1886 Tu
2801 1849 2869 1886 nc
2891 1829 3051 1902 virgo
3073 1826 3439 1902 propositum
3465 1841 3710 1901 urgens:

2065 1921 2243 1988 Vade,
2296 1921 2398 1987 ait,
2449 1918 2821 1992 quantocius,
2873 1923 2930 1974 et
2979 1933 3048 1972 ex
3079 1921 3278 1972 nostro
3300 1916 3478 1988 jussu
3507 1930 3712 1972 omnes

2065 2011 2255 2067 adduc
2285 2010 2343 2065 in
2377 2009 2699 2065 custodiam
2732 2013 3012 2064 nostram.
3041 2005 3140 2062 llle
3161 2004 3376 2061 timens
3397 2003 3484 2060 vel
3507 2018 3711 2075 super-

2062 2115 2311 2154 vacuum
2345 2098 2566 2154 dictum
2601 2095 2743 2152 diva:
2775 2094 3168 2168 prmceptricis
3213 2092 3525 2166 negligere,
3577 2094 3712 2163 post

2064 2203 2268 2243 omnes
2300 2187 2480 2254 vadit,
2509 2186 2833 2256 dicensque
2865 2183 3020 2238 illis:
3059 2185 3160 2250 lte,
3195 2181 3271 2237 ite
3303 2182 3374 2238 ad
3407 2180 3708 2240 dominam

2063 2281 2324 2332 nostram
2350 2295 2361 2344 ;
2396 2291 2601 2330 omnes
2627 2279 2760 2330 ante
2790 2291 2872 2342 se,
2899 2290 2966 2329 ac
2989 2272 3037 2328 si
3063 2271 3292 2344 captiva
3313 2286 3540 2342 pecora,
3565 2268 3705 2342 agit.

2063 2365 2234 2422 Nulla
2263 2365 2386 2420 avis
2417 2365 2489 2420 de
2519 2369 2680 2420 tanto
2712 2368 2861 2418 coetu
2886 2377 3137 2433 pennam
3160 2359 3388 2423 levavit,
3413 2359 3512 2414 sed
3538 2356 3708 2430 quasi

2061 2453 2376 2526 implumes
2408 2451 2552 2526 pulli
2585 2451 2670 2508 vel
2705 2449 2815 2507 alis
2843 2449 3048 2506 excissa
3081 2446 3435 2522 pedetentim
3468 2462 3530 2502 se
3571 2462 3708 2519 per-

2063 2544 2392 2608 movebant,
2424 2540 2680 2614 pedestri
2715 2540 2946 2596 incessu
2979 2536 3293 2594 submissis
3339 2534 3504 2591 collis
3549 2533 3709 2598 velut

2060 2649 2164 2704 pro
2212 2631 2553 2688 confusione
2602 2634 2796 2685 reatus
2846 2628 2937 2683 sui
2972 2625 3407 2682 adventabant:
3441 2624 3524 2679 sic
3555 2623 3710 2678 intra

2060 2719 2513 2792 curiamjudicis
2528 2735 2644 2774 sua:
2669 2716 2906 2789 trepida
2930 2721 2986 2771 et
3006 2729 3334 2787 suppressa:
3358 2711 3525 2784 quasi
3547 2712 3708 2766 dam-

2060 2811 2208 2862 natis
2233 2824 2295 2863 se
2321 2805 2626 2879 collegere,
2657 2804 2852 2876 ibique
2879 2803 3026 2872 (140)
3046 2802 3238 2858 retrud
3251 2803 3428 2856 untur
3443 2799 3702 2872 captivae,

2058 2895 2146 2952 vel
2173 2895 2362 2968 magis
2387 2890 3118 2964 servanturJndulgentisa.

2131 2985 2217 3041 1|.
2251 2983 2490 3042 Noctem
2525 2982 2688 3038 illam
2720 2981 2838 3036 ﬁlia
2867 2979 3038 3048 lucis,
3073 2978 3158 3034 uti
3190 2981 3590 3044 consueverat,
3642 2976 3703 3032 in

304 3065 565 3140 pignora,
590 3067 890 3122 erudiebat
913 3065 1941 3140 exemploatten-tiusquamimperio.
1975 3067 2016 3130 C
2058 3071 2292 3146 hymnis
2339 3071 2674 3132 celestibus
2725 3087 2794 3126 ac
2849 3068 3119 3142 precibus
3172 3071 3494 3142 perpetua:
3530 3083 3702 3122 mane

302 3157 504 3212 Totam
540 3157 876 3228 possederat
909 3155 1165 3218 dilectio.
1191 3160 1248 3210 et
1275 3156 1626 3228 benignitas,
1655 3173 1766 3228 pax
1791 3162 1848 3212 et
1870 3158 1951 3212 hi-

297 3244 524 3301 laritas.
548 3246 630 3300 Ad
657 3243 985 3318 indigentes
1007 3243 1448 3317 promptissima
1469 3243 1551 3298 illi
1572 3245 1812 3317 largitas
1835 3263 1848 3301 :
1875 3247 1946 3304 ad

300 3334 548 3390 afflictos
571 3332 1134 3405 compatientissima
1156 3337 1280 3388 erat
1301 3333 1515 3405 pietas:
1543 3334 1786 3390 adversa
1797 3335 1948 3391 ride-

301 3422 403 3478 bat
433 3422 732 3494 patientia,
763 3421 1032 3478 vincebat
1063 3420 1298 3492 ﬁducia,
1332 3420 1594 3476 calcabat
1617 3421 1838 3478 cmlesti
1862 3423 1948 3479 la:-

301 3511 467 3570 titia:
521 3512 593 3567 ad
642 3527 817 3566 usum
866 3527 998 3566 vero
1049 3510 1256 3566 divinae
1297 3509 1594 3582 sapientia
1626 3511 1948 3584 accipiebat

300 3616 598 3673 prospera,
612 3599 1028 3656 abstinentiam
1043 3616 1146 3670 pro
1161 3597 1406 3666 deliciis,
1440 3597 1668 3672 vigilias
1681 3617 1785 3672 pro
1797 3602 1842 3669 (1
1855 3601 1944 3670 37)

297 3687 766 3754 somno,labores
799 3704 899 3759 pro
927 3686 1252 3760 voluptate,
1272 3686 1546 3744 lectiones
1577 3693 1633 3743 et
1656 3688 1944 3745 orationes

300 3793 496 3834 sacras
523 3794 626 3849 pro
657 3775 848 3849 epulis
880 3775 1164 3832 habebat:
1191 3793 1428 3848 corpore
1451 3776 1508 3832 in
1531 3775 1722 3844 terris,
1748 3776 1944 3833 animo

300 3866 755 3922 conversabatur
781 3864 841 3920 in
875 3863 1058 3920 caelis.

937 3969 1168 4026 CAPUT
1207 3971 1302 4026 ΙΙΙ.

297 4062 619 4124 Obedientia
648 4075 906 4116 anserum
934 4060 1270 4186 silvestrium
1293 4079 1311 4116 :
1343 4061 1714 4117 inobedientia
1763 4062 1947 4118 villici

1007 4148 1142 4186 sum
1169 4149 1223 4186 α.

1001 4148 1223 4203 punita.

367 4227 421 4278 9.
455 4223 565 4278 Sed
587 4221 713 4292 jam
747 4220 990 4276 forsitan
1021 4219 1296 4276 lectorem
1330 4219 1643 4288 lassamus,
1667 4222 1810 4278 dum
1834 4221 1942 4280 mi-

281 4311 497 4368 racula
524 4309 966 4383 suspendimus.
992 4309 1214 4380 Majora
1232 4308 1532 4365 miraculis
1551 4314 1691 4366 sunt
1709 4310 1941 4378 merita,

2057 3179 2260 3222 omnes
2291 3159 2726 3224 advenmelatis
2757 3158 2996 3216 vocibus
3028 3161 3379 3230 concrepant
3409 3156 3480 3216 ad
3512 3154 3699 3212 donti-

2057 3268 2214 3319 nam,
2265 3249 2434 3322 quasi
2465 3249 2692 3304 veniam
2728 3253 2786 3303 et
2817 3247 3140 3320 emigrandi
3176 3249 3482 3317 poscentes
3515 3243 3699 3300 lieen-

2055 3341 2219 3396 tiam.
2253 3341 2325 3394 At
2354 3337 2476 3404 illa,
2509 3341 2576 3393 ut
2607 3342 2732 3393 erat
2760 3353 2899 3410 erga
2935 3352 3169 3396 omnem
3219 3335 3322 3390 Dei
3361 3339 3697 3400 creaturam

2055 3427 2498 3502 benignissima,
2534 3425 2837 3484 absolutas
2859 3426 3032 3497 jubet
3052 3423 3291 3490 dimitti,
3311 3421 3699 3485 interminans

2043 3525 2128 3578 .ne
2177 3517 2329 3574 ultra
2373 3516 2658 3576 auderent
2704 3514 2766 3570 in
2811 3513 2968 3570 hunc
2999 3513 3190 3568 locum
3224 3511 3470 3585 regredi.
3512 3510 3698 3574 Unam

2055 3611 2250 3664 autem
2299 3622 2368 3661 ex
2413 3603 2498 3660 eis
2545 3603 2786 3675 quidam
2834 3601 3238 3658 ministrorum
3290 3599 3486 3656 exiens
3543 3599 3699 3656 furto

2053 3695 2393 3760 abstulerat,
2443 3697 2500 3749 et
2547 3691 2918 3748 occuluerat:
2971 3706 3226 3763 cumque
3275 3705 3479 3746 omnes
3531 3687 3699 3753 elatis

2054 3782 2263 3858 pennis
2294 3783 2354 3838 in
2385 3799 2500 3837 sera
2529 3798 2591 3837 se
2622 3779 3022 3850 sustulissent,
3057 3795 3301 3852 seseque
3351 3776 3697 3850 circumspi-

2053 3873 2257 3930 ciendo
2287 3870 2695 3944 requisissent,
2723 3869 3006 3925 damnum
3039 3866 3406 3924 contubernii
3437 3866 3530 3921 sui
3581 3881 3700 3932 una

2053 3962 2292 4018 absente
2323 3959 2471 4032 (141)
2503 3963 2868 4032 percensent.
2894 3956 3194 4031 Extemplo
3217 3956 3526 4012 universus
3547 3970 3700 4010 exer-

2053 4050 2204 4106 citus
2233 4067 2414 4122 supra
2443 4049 2682 4104 domum
2715 4047 2958 4121 virginis
2987 4048 3138 4117 (142)
3169 4046 3550 4120 glomeratur,
3606 4042 3699 4100 in-

2053 4142 2232 4212 gentu
2283 4137 2530 4210 strepitu
2580 4137 2859 4208 injuriam
2893 4135 3118 4209 collegii
3152 4135 3244 4191 sui
3274 4133 3694 4205 conqueritur:

2051 4228 2262 4284 ccelum
2296 4227 2558 4300 undique
2589 4226 2820 4283 diﬁ‘usis
2851 4225 3034 4298 copiis
3065 4224 3378 4298 obtegitur,
3412 4226 3476 4278 ut
3523 4221 3694 4298 quasi

2051 4317 2173 4374 haec
2193 4334 2330 4373 voce
2353 4316 2612 4374 humana
2624 4315 2918 4387 judicium
2945 4312 3325 4374 miscrat-ricis
3347 4328 3464 4368 suis
3488 4310 3700 4384 implo-

297 4401 513 4496 quibus
541 4400 672 4474 ipsa
699 4403 840 4456 sunt
869 4398 1192 4496 miracula:
1224 4398 1361 4472 quia
1392 4404 1644 4470 possunt
1672 4415 1941 4472 esseper-
1973 4435 2024 4496 Β
2053 4423 2182 4462 rare
2209 4405 2582 4462 viderentur:
2617 4406 2822 4472 Quare,
2857 4402 3115 4471 domina,
3149 4418 3284 4458 cum
3331 4416 3543 4462 omnes
3583 4417 3700 4458 nos

293 4580 518 4652 absque
565 4577 810 4634 meritis.
859 4579 933 4632 At
976 4593 1110 4633 vero
1151 4575 1352 4632 multis
1383 4573 1756 4630 mirabilibus
1784 4574 1947 4632 eﬁ‘ul—

295 4669 444 4725 sisse
473 4668 757 4742 probatur
785 4665 1137 4740 dignissima
1167 4665 1347 4737 virgo,
1381 4667 1438 4718 et
1469 4663 1528 4716 in
1561 4662 1779 4718 Eliensi
1830 4680 1942 4719 οω-

295 4757 491 4824 nobio,
541 4761 600 4812 et
642 4770 994 4829 quocunque
1043 4753 1289 4826 degebat
1334 4750 1481 4806 loco.
1534 4751 1596 4806 In
1628 4752 1778 4821 (138)
1810 4756 1941 4810 We-

365 4989 709 5065 (135)7Anno
735 4987 846 5040 704
877 4985 1130 5056 casperat
1160 4997 1402 5056 regnare
1428 4997 1463 5038 a
1488 4984 1675 5036 morte
1703 4981 1942 5038 Wulferi

297 5063 394 5120 an.
425 5063 554 5116 675.

366 5133 513 5203 (136)
541 5129 814 5203 Dardana,
848 5125 1152 5203 ngrdcna,
1177 5126 1541 5191 Peartaneau,
1583 5122 1760 5203 vulgo
1785 5124 1943 5203 _Bar:

295 5195 453 5274 dneg,
485 5195 545 5258 in
577 5195 1225 5274 comitatunluincolnia,
1257 5212 1362 5252 nec
1394 5195 1598 5268 procul
1621 5195 1855 5252 abiurbe
1871 5197 1943 5254 ad

295 5268 604 5333 sinistram
634 5272 824 5341 ripam
839 5268 1185 5341 AWitbamaz.

369 5348 518 5418 (137)
549 5344 656 5398 Ms.
686 5338 1348 5418 Cambdenigolemnﬁs.

365 5407 512 5488 (138)
566 5413 835 5483 Wed-una,
887 5411 945 5466 in
990 5409 1292 5488 Itinerarto
1322 5407 1631 5488 antpnini,
1655 5413 1721 5488 ut
1745 5412 1950 5467 censet

297 5479 689 5555 Cainbdenus,
723 5479 1081 5560 Βαήαυθηηα,
1112 5481 1285 5558 vulgo
1321 5479 1948 5550 Wedon,adAusonam

185 4488 188 4489 ⁷
295 4487 444 4547 fecta
474 4489 683 4546 merita
713 4488 935 4561 absque
965 4487 1172 4561 signis,
1206 4488 1376 4560 signa
1417 4503 1551 4543 vero
1602 4487 1748 4542 nihil
1802 4493 1944 4544 sunt
1974 4487 2015 4496 ”
2053 4495 2390 4552 relaxeverit
2418 4499 2522 4550 tua
2550 4491 2881 4560 clementia,
2916 4508 3035 4547 una
3061 4507 3131 4546 ex
3160 4491 3330 4547 nobis
3360 4493 3592 4546 tenetur
3611 4506 3702 4546 ca-

2051 4585 2209 4657 ptiva
2227 4585 2255 4641 ‘I
2281 4586 2352 4640 Et
2366 4588 2556 4657 potest
2585 4583 2705 4638 haec
2737 4580 3017 4654 iniquitas
3033 4581 3212 4638 latere
3229 4580 3289 4636 in
3308 4580 3480 4636 domo
3493 4584 3701 4638 sancta

2051 4677 2173 4742 tua,
2208 4678 2265 4730 et
2295 4673 2447 4728 foeda
2477 4671 2772 4744 rapacitas
2799 4670 2989 4727 valere
3020 4669 3130 4728 sub
3161 4674 3265 4730 tua
3320 4667 3702 4724 innocentia?

2049 4763 2297 4835 Egressa
2314 4777 2451 4834 ergo
2483 4761 2682 4818 divina
2706 4759 2868 4833 virgo
2898 4760 2969 4818 ad
2996 4775 3267 4822 murmur
3288 4761 3464 4820 tanta:
3485 4754 3696 4830 plebis,

2053 4977 2188 5032 ﬂuv.
2223 4973 2324 5046 qui
2357 4972 2498 5046 inde
2523 4971 3065 5046 Northametoniam
3098 4969 3323 5039 deﬂuit,
3357 4972 3534 5042 caput
3562 4983 3697 5042 pro~

2051 5043 2259 5120 vincite
2285 5063 2410 5120 quae
2443 5045 2538 5100 hic
2570 5043 3126 5120 Hamtunadieitur.

2125 5112 2514 5190 (139)13apgr.
2549 5120 2605 5171 et
2635 5132 2747 5171 ms.
2781 5114 2930 5171 llub.
2964 5113 3076 5171 val.
3109 5112 3472 5171 silvestrium
3531 5127 3701 5168 auca-

2054 5187 2207 5256 rum,
2241 5187 2301 5242 id
2333 5187 2421 5243 est
2434 5187 2747 5243 anserum.

2125 5261 2274 5330 (140)
2300 5259 2472 5328 lbid.,
2498 5258 2880 5330 recluduntur.

2127 5329 2147 5400 (
2157 5333 2278 5399 141)
2308 5331 2454 5386 Ibid.
2471 5371 2484 5399 ,
2510 5329 2871 5402 perpendam.

2128 5404 2275 5478 (142)
2309 5402 2481 5476 lbid.,
2511 5409 2890 5476 congregatur.
