3960 6064
118 148 225 208 105

1176 142 1358 206 Vl'l‘A
1402 142 1469 204 S.
1516 138 2047 203 WEREBURG/E
2088 141 2458 206 VIRGINIS.

3404 144 3523 208 106

116 284 167 337 et
206 278 665 352 querimoniam,
695 276 981 335 intellexit
1015 292 1280 340 causam,
1328 273 1448 331 acsi
1509 272 1764 346 prmfatis
1792 272 1847 340 Α
1876 274 1992 330 Deo
2018 275 2399 349 Werburgam
2432 292 2606 349 quam
2641 276 2843 334 multis
2881 276 3012 333 aliis
3045 277 3230 352 signis
3257 278 3503 336 emicuis

114 368 297 425 verbis
345 368 642 436 auditam;
675 366 943 440 protinus
987 370 1419 438 perscrutatum
1460 365 1607 432 (143)
1641 364 1765 418 l'ur—
1874 380 1954 429 se,
1990 368 2047 420 ct
2075 364 2292 421 cmlesti
2339 366 2617 422 beneficio
2650 366 2907 423 diversos
2964 384 3148 440 aegros
3180 384 3245 423 ac
3303 368 3523 424 debiles

114 465 231 514 tum
261 474 403 513 reus
432 458 560 530 ipse
591 456 872 529 publicat,
890 460 1298 528 receptamque
1317 453 1609 509 volucrem
1644 469 1763 507 sua:
1875 470 2132 511 curasse.
2179 454 2372 510 Potuit
2426 455 2601 511 etiam
2661 456 2856 511 divina
2911 457 3296 529 inspiratione
3354 456 3526 529 plura

114 546 261 620 genti
292 547 400 619 pia
428 544 791 602 conciliatrix
835 545 1105 611 associat,
1130 548 1187 598 et
1217 542 1377 599 abire
1414 540 1593 598 simul
1623 557 1765 613 prie-

114 636 259 691 dicta
288 634 630 691 conditione
661 635 922 691 mandat.
947 632 1170 700 Quibus
1211 631 1492 688 nimirum
1524 630 1608 685 sic
1638 646 1767 703 ges-

1878 543 2145 614 prmscire
2202 561 2267 600 ac
2323 545 2657 616 praedicare,
2692 545 2963 618 diemque
3020 545 3315 612 ultimum,
3351 562 3526 619 quem

1878 649 2110 704 semper
2139 650 2253 705 prae
2285 633 2470 690 oculis
2496 634 2765 703 habebat,
2792 640 3032 707 totaque
3061 634 3362 708 vigilantia
3390 651 3527 690 cum

114 725 308 792 tiebat,
336 723 572 780 dicebat
597 722 850 797 benigno
879 722 1076 779 animo
1102 738 1115 776 :
1140 717 1769 786 Benedicite,volucres
1881 722 2207 778 ﬂammanti
2238 722 2507 795 lampade
2534 724 2765 781 eminus
2796 726 3217 794 observaverat,
3242 727 3369 796 jam
3402 742 3530 797 pro-

113 812 251 879 caeli,
273 812 553 868 Domino.
582 812 699 868 Nec
729 828 922 879 mora;
946 810 1139 866 omnis
1169 809 1271 865 illa
1292 809 1493 864 concio
1524 808 1602 862 ita
1636 824 1771 862 avos

1879 811 2105 867 ximum
2162 811 2430 884 ignorare
2459 813 2756 884 nequibat.
2781 813 2927 871 Cum
2958 831 3093 887 ergo
3133 815 3294 870 omni
3353 814 3528 869 fami—

114 901 264 967 lavit,
301 907 374 957 ut
403 900 569 958 nulla
612 900 794 972 hujus
822 900 1054 973 generis
1094 898 1320 955 avicula
1356 897 1416 952 in
1460 896 1590 973 ipsa
1618 900 1774 951 terra
1881 899 1993 967 liae,
2024 907 2082 955 et
2112 900 2480 958 monasteriis
2512 902 2624 957 sibi
2671 903 2905 958 creditis
2961 921 3075 975 pre
3136 903 3319 957 nimia
3348 901 3532 958 chari-

110 990 270 1046 alma
300 989 676 1061 Werburge,
706 994 773 1045 ut
813 989 1035 1045 famosa
1077 991 1458 1056 memoratur,
1498 985 1652 1042 ultra
1681 1001 1774 1040 re—

111 1084 267 1151 perta
298 1078 402 1134 sit.
431 1078 584 1133 Bene
614 1094 753 1150 ergo
785 1076 869 1132 illi
916 1076 1177 1149 pecualis
1222 1079 1492 1132 creatura
1524 1073 1779 1147 parebat

111 1186 233 1241 qua
263 1166 545 1224 omnium
569 1166 823 1222 Creatori
848 1171 969 1221 tota
990 1164 1290 1221 devotione
1313 1164 1540 1237 jugiter
1559 1163 1775 1219 obtem,

112 1257 378 1330 perabat.
404 1255 547 1311 Tale
592 1272 834 1328 prorsus
878 1253 1229 1311 miraculum
1260 1254 1320 1310 in
1352 1252 1486 1309 Vita
1516 1251 1782 1309 beatissi‘

114 1364 216 1402 me
234 1344 495 1418 virginis
513 1343 873 1418 Amelbergie
894 1343 1066 1417 (144),
1089 1360 1266 1416 quam
1295 1348 1494 1399 nostro
1517 1340 1665 1414 stylo
1698 1352 1782 1397 re‘

114 1434 414 1503 cudimus,
446 1433 685 1507 legitur,
709 1437 1001 1505 quatenus
1040 1433 1101 1488 in
1140 1434 1342 1489 eodem
1374 1448 1544 1504 opere
1574 1430 1778 1486 eadem

117 1524 255 1581 ﬁdes
286 1523 627 1595 utriusque,
654 1522 791 1579 licet
820 1523 1047 1579 diverso
1075 1526 1335 1594 tempore
1364 1525 1423 1577 et
1451 1520 1577 1577 loco
1605 1518 1777 1576 exsti-

124 1613 318 1678 terint,
339 1613 780 1684 comprobetur.

1883 995 2000 1045 tate
2020 989 2242 1062 jugiter
2267 995 2494 1063 optaret
2521 992 2754 1060 adesse;
2789 996 2844 1047 et
2885 997 3121 1047 econtra
3150 990 3296 1047 nulli
3328 991 3532 1047 tolera-

1886 1078 2002 1133 bile
2030 1079 2323 1135 videretur
2367 1096 2475 1134 sua
2521 1079 2678 1137 dulci
2737 1080 3045 1151 praasentia
3099 1096 3324 1149 carere;
3357 1079 3533 1153 elegit

1887 1171 2084 1223 tamen
2116 1168 2313 1223 divina
2343 1168 2704 1240 praescientia
2733 1174 2790 1225 et
2819 1168 3114 1224 voluntate
3148 1169 3530 1241 Heamhurgaa

1888 1257 2038 1327 (149)
2067 1256 2419 1312 monasterio
2468 1257 2829 1330 requiescere
2881 1274 3293 1330 corpore,quaa
3349 1256 3535 1312 omni-

1890 1346 2002 1402 bus
2058 1363 2288 1418 semper
2325 1350 2838 1417 repraesentaretur
2893 1352 3106 1402 mente.
3140 1346 3531 1414 Quamobrem

1890 1434 2163 1508 praecepit
2192 1435 2339 1507 (150)
2385 1435 2845 1509 Heamburgensi
2892 1435 3143 1503 familiae,
3178 1440 3245 1491 ut
3293 1434 3535 1492 ubicun-

1890 1540 2002 1595 que
2034 1522 2311 1596 migraret
2338 1540 2406 1578 ex
2443 1522 2554 1579 hac
2592 1522 2742 1592 luce,
2774 1524 2888 1596 ipsi
2932 1524 3339 1579 incunctanter
3383 1521 3536 1578 veni-

1806 1638 1856 1706 Β
1890 1616 2037 1680 rent,
2070 1628 2398 1684 corpusque
2429 1613 2557 1684 ejus
2600 1613 2674 1685 ad
2712 1629 2887 1668 suum
2934 1610 3353 1670 monasterium
3383 1616 3538 1667 tran-

184 1703 274 1758 12.
326 1703 574 1768 Quanta
633 1705 834 1757 autem
889 1699 1243 1757 humilitatis
1301 1700 1494 1767 fuerit,
1546 1699 1850 1771 quantae"
1888 1705 2220 1775 sportarent
2248 1701 2416 1775 (151).

119 1792 286 1847 etiam
322 1790 486 1861 apud
518 1789 705 1846 Deum
740 1788 1144 1856 sublimitatis,
1169 1789 1227 1843 in
1261 1790 1464 1845 eodem
1493 1787 1617 1843 loco
1644 1787 1779 1844 We.

119 1879 373 1937 dunensi
404 1878 540 1935 aliis
569 1878 954 1934 confirmatur
984 1877 1238 1933 indiciis.
1273 1878 1409 1933 Erat
1440 1876 1522 1933 illi
1555 1894 1784 1932 armeno

120 1970 325 2037 terius,
362 1968 454 2023 vir
508 1967 616 2040 piae
661 1965 1140 2034 conversationis,
1174 1970 1231 2022 et
1271 1974 1559 2037 quantum
1614 1965 1781 2021 licuit

119 2058 222 2115 sub
253 2056 529 2113 humana
559 2055 837 2112 servitute
859 2060 1074 2111 sancta:
1093 2055 1244 2121 vitae,
1268 2054 1369 2127 qui
1395 2060 1451 2110 et
1480 2054 1606 2112 suis
1635 2054 1779 2110 locis

118 2148 271 2204 fama
330 2146 685 2201 meritorum
744 2148 1124 2217 perpetuatur
1164 2160 1231 2200 ac
1287 2143 1564 2200 recolitur
1618 2143 1779 2200 festi-

120 2233 669 2308 ve(1".5),Alnotus
726 2232 979 2288 nomine.
1018 2233 1183 2288 Hunc
1239 2232 1469 2289 villicus
1527 2232 1777 2288 dominis

120 2341 249 2380 cum
292 2325 451 2379 forte
506 2322 754 2379 laniaret
810 2322 1222 2378 cruentissimo
1278 2323 1534 2391 verbere,
1566 2326 1625 2378 et
1681 2321 1779 2379 ille

120 2414 386 2470 omniain
412 2412 517 2468 Dei
549 2412 785 2468 nomine
813 2411 1086 2467 toleraret
1105 2410 1599 2478 mansuetissime,
1625 2410 1781 2466 alma

120 2502 369 2575 virginis
401 2501 734 2573 compassio
766 2518 881 2557 non
914 2500 1105 2557 ferens
1148 2499 1428 2567 dolorem,
1451 2499 1685 2572 proruit
1706 2500 1781 2556 ad

123 2592 300 2664 pedes
334 2589 616 2662 indignos
657 2588 900 2656 lanistas,
926 2588 1188 2645 clamans
1227 2606 1358 2645 cum
1403 2606 1592 2661 prece,
1614 2594 1671 2646 et
1700 2590 1786 2644 in—

124 2680 465 2751 srepatione
498 2694 560 2734 :u
588 2677 761 2734 Parce
791 2694 894 2750 pro
922 2677 1024 2733 Dei
1066 2693 1284 2745 amore,
1300 2695 1482 2749 quare
1523 2677 1784 2735 excarnio

127 2768 263 2824 ﬂeas
312 2766 622 2823 hominem
680 2766 1075 2833 innocentem,
1100 2767 1254 2839 apud
1312 2766 1667 2823 altissimum
1702 2768 1789 2824 In-

130 2861 461 2929 spectorem
494 2854 769 2911 omnibus
799 2854 970 2911 nobis
999 2859 1085 2923 (ut
1115 2855 1310 2924 credo)
1333 2856 1736 2929 acceptiorem.
1759 2878 1787 2907 ››

130 2945 401 3017 Cumque
432 2943 531 3000 ille
560 2942 648 2999 vel
695 2960 810 3016 prae
849 2943 1044 2999 furore
1072 2942 1159 2999 vel
1207 2961 1322 3016 prae
1354 2945 1629 3018 superbia
1670 2950 1788 3002 tar-

130 3035 257 3089 dius
290 3034 654 3100 ﬂecteretur,
690 3031 966 3088 continuo
1011 3033 1161 3088 dura
1199 3034 1389 3089 cervix
1427 3039 1484 3089 et
1526 3039 1687 3091 torva
1716 3036 1793 3091 fa‘

128 3124 238 3179 cies
270 3138 545 3194 superna
576 3120 980 3194 indignatione
1018 3121 1078 3177 in
1109 3127 1275 3194 terga
1303 3124 1453 3191 (146)
1483 3122 1567 3178 illi
1600 3125 1797 3180 reflec-

129 3212 292 3267 titur.
333 3210 434 3266 Sic
493 3210 754 3279 demum,
782 3210 937 3282 quod
971 3209 1160 3284 magis
1207 3210 1509 3280 debuerat,
1542 3211 1668 3284 ipse
1724 3213 1796 3269 ad

130 3301 307 3372 pedes
374 3298 634 3355 domina
691 3297 1067 3371 provolvitur,
1100 3304 1157 3354 et
1186 3299 1439 3367 veniam,
1472 3316 1651 3372 quam
1708 3301 1799 3358 in-

130 3390 284 3445 sonti
322 3392 665 3461 negaverat,
696 3405 803 3444 suo
834 3392 997 3444 reatu
1038 3405 1172 3444 cum
1224 3387 1499 3461 lacrymis
1527 3389 1798 3463 depreca-

128 3483 222 3533 tur
258 3496 273 3535 :
312 3477 641 3549 statimque
688 3476 1107 3534 interveniente
1165 3477 1411 3550 virginis
1466 3477 1797 3553 clementia;

129 3568 185 3624 in
218 3567 549 3642 pristinum
592 3571 811 3623 statum
854 3571 1178 3638 reparatur.
1208 3566 1312 3621 Vir
1342 3572 1537 3623 autem
1568 3557 1798 3624 Domin‘

130 3661 509 3713 memoratus
560 3657 718 3727 jacet
774 3655 846 3712 ad
907 3655 1169 3711 Stowam
1201 3656 1351 3724 (M7)
1382 3673 1501 3711 una
1560 3656 1712 3728 lcgia
1765 3675 1800 3714 a

132 3746 514 3811 Buecabrive,
549 3762 724 3817 quem
781 3744 841 3800 in
900 3744 1045 3801 silva
1098 3744 1567 3802 anachoreticam
1617 3746 1799 3803 vitam

129 3837 457 3892 ducentem
515 3832 830 3890 latrunculi
886 3834 1424 3906 martyrizaverunt,
1488 3838 1546 3891 et
1603 3836 1802 3893 divina

130 3925 305 3998 signa
350 3923 475 3979 Deo
522 3921 959 3995 acceptabilem,
993 3923 1078 3977 uti
1132 3922 1479 3993 celebratur,
1532 3924 1798 3996 perdide-

130 4020 274 4070 runt
304 4013 488 4083 (148).

787 4125 1024 4184 CAPUT
1063 4126 1155 4184 IV.

314 4234 377 4291 S.
414 4234 751 4306 Vereburgae
778 4231 1276 4308 morsgsepultura,
1309 4235 1617 4294 translatio.

1961 1793 2048 1846 14.
2079 1789 2252 1846 Venit
2292 1806 2429 1863 ergo
2473 1790 2741 1848 cmlicolae
2780 1790 2992 1864 virgini
3026 1790 3126 1846 diu
3171 1788 3540 1845 desideratus

1889 1880 2026 1936 ﬁnis
2056 1883 2418 1936 terrenorum
2446 1878 2736 1949 laborum,
2756 1896 2822 1939 ac
2849 1879 3139 1946 dolorum,
3158 1884 3215 1935 et
3238 1878 3541 1951 ingressus

1888 1969 2214 2026 cmlestium
2244 1974 2713 2040 aeternorumque
2741 1968 3091 2041 gaudiorum
3115 1985 3129 2023 :
3165 1985 3277 2023 nox
3306 1968 3545 2023 immor-

1888 2058 2131 2114 talitatis
2161 2057 2465 2130 processit,
2488 2061 2547 2112 et
2576 2057 2701 2112 dies
2739 2056 3081 2114 aeternitatis
3109 2056 3300 2113 illuxit
3332 2073 3346 2112 :
3378 2059 3543 2112 tene-

1888 2150 2005 2204 bra:
2039 2148 2417 2213 transierunt,
2440 2151 2498 2200 et
2527 2144 2725 2200 lumen
2755 2162 2957 2202 verum
2988 2144 3155 2213 luxit,
3186 2161 3253 2200 ac
3284 2144 3370 2200 sol
3402 2144 3541 2200 laeti-

1886 2236 1978 2293 tias
2010 2235 2282 2309 perennis
2312 2238 2475 2290 ortus
2513 2238 2601 2289 est
2658 2233 2764 2289 illi.
2791 2234 3093 2293 Gaudebat
3123 2235 3295 2290 beata
3344 2232 3542 2291 anima

1886 2325 2057 2399 quasi
2089 2325 2161 2380 ad
2190 2323 2395 2396 epulas
2424 2322 2689 2387 invitata,
2711 2322 2980 2379 videlicet
3010 2324 3081 2380 de
3110 2323 3312 2379 exsilio
3339 2323 3411 2379 ad
3446 2336 3547 2395 pa‘

1889 2415 2083 2481 triam,
2117 2413 2186 2469 de
2220 2429 2449 2469 carcere
2480 2413 2552 2468 ad
2604 2429 2872 2486 regnum,
2898 2413 2968 2468 de
3018 2416 3203 2467 morte
3233 2413 3304 2467 ad
3335 2412 3547 2467 vitam»

1890 2504 1961 2559 de
1991 2502 2324 2575 captivitate
2353 2502 2425 2556 ad
2464 2500 2854 2573 triumphum,
2880 2501 2951 2556 de
2999 2500 3306 2573 tyrannide
3334 2499 3508 2556 saecul

1893 2593 1963 2648 ad
1995 2591 2185 2656 illum,
2208 2607 2384 2663 quem
2426 2589 2816 2660 desiderabat,
2850 2606 3135 2661 sponsum
3177 2589 3545 2662 sempiterna:

1894 2680 2111 2752 gloriae,
2137 2680 2479 2734 transitura.
2508 2678 2778 2750 Deposita
2804 2678 3001 2751 itaque
3022 2676 3081 2734 in
3105 2678 3367 2733 coenobio
3395 2677 3550 2750 quod

1895 2768 2317 2841 Tricengeham
2351 2769 2503 2837 (152)
2534 2766 2889 2840 appellatur,
2945 2783 3047 2839 per
3095 2765 3439 2839 languorem
3496 2768 3555 2822 et

1898 2863 2146 2915 mortem
2178 2856 2439 2931 carporis
2469 2855 2542 2912 ad
2577 2855 2932 2913 immortalia
2961 2854 3247 2911 solemnia
3277 2855 3349 2910 ab
3381 2870 3554 2927 ange-

1904 2946 2033 3004 licis
2071 2947 2265 3003 choris
2313 2944 2657 3011 assumitur,
2679 2950 2737 3000 et
2766 2944 2823 2999 in
2855 2943 3148 3001 scelestam
3191 2941 3415 2999 curiam
3462 2959 3554 2999 su-

1906 3036 2103 3109 pernis
2139 3034 2519 3092 concentibus
2569 3032 2971 3105 triumphatur
3001 3048 3015 3089 :
3048 3032 3219 3104 cujus
3268 3030 3551 3104 depositio

1905 3125 2075 3182 tertio
2105 3125 2301 3181 Nonas
2331 3123 2497 3180 Febr.
2530 3121 2877 3181 celebratur.

1977 3215 2066 3271 45.
2100 3215 2321 3283 Corpus
2352 3228 2585 3267 sacrum
2639 3209 2699 3265 in
2748 3208 3055 3267 ecclesiam
3096 3207 3373 3276 defertur,
3405 3211 3463 3263 et
3493 3206 3553 3263 in

1908 3304 2100 3362 medio
2148 3300 2349 3375 populi
2398 3298 3058 3373 Tricengehamensium
3109 3296 3395 3357 obseratis
3424 3295 3554 3352 dili-
3652 3330 3655 3333 ν

1909 3392 2253 3468 gentissime
2274 3388 2479 3463 januis
2529 3386 2876 3455 custoditur,
2908 3386 3267 3445 certantibus
3307 3384 3557 3457 nequido

1910 3499 2087 3557 quam
2118 3479 2414 3547 omnibus,
2448 3482 2514 3533 ut
2543 3477 3048 3549 Heamburgenses
3086 3475 3553 3541 excluderentur,

1908 3577 1967 3630 et
1999 3588 2101 3645 per
2132 3586 2307 3625 suum
2340 3566 2688 3639 obsequium
2721 3564 2810 3621 vel
2854 3565 3253 3623 defensionem
3302 3579 3554 3636 praecep-

1908 3666 2034 3717 tum
2052 3658 2312 3716 vatidicaa
2329 3655 2569 3729 virginis
2584 3654 2930 3720 vinceretur,
2947 3670 3225 3726 sacerque
3241 3651 3557 3712 thesaurus

1907 3750 1968 3805 in
2000 3750 2203 3805 eodem
2233 3746 2357 3802 loco
2389 3744 2670 3817 perpetim
2713 3743 3079 3800 retineretur.
3102 3744 3175 3797 At
3203 3757 3320 3798 non
3350 3744 3439 3799 est
3470 3756 3559 3796 sa-

1908 3838 2148 3912 pientia,
2170 3852 2286 3891 non
2316 3838 2405 3889 est
2433 3831 2746 3888 consilium
2768 3835 2969 3889 contra
2989 3831 3195 3888 Deum.
3223 3829 3375 3888 Dum
3398 3828 3557 3885 enim

1908 3930 2075 3983 nocte
2097 3925 2225 3998 ipsa
2248 3922 2527 3979 attentius
2544 3920 2868 3993 vigilarent,
2884 3920 3077 3976 subito
3098 3934 3273 3990 sopor
3290 3916 3561 3989 gravissi-

1907 4033 2041 4072 mus
2066 4030 2271 4070 omnes
2292 4013 2557 4083 occupat.
2582 4010 2929 4082 Supervenit
2958 4007 3113 4063 iliico
3140 4005 3376 4080 copiosa
3394 4004 3560 4078 plebs

1906 4100 2477 4176 Heamburgensium
2540 4116 2677 4155 cum
2735 4098 2837 4155 Dei
2890 4097 3210 4166 ministris;
3266 4094 3558 4169 extemplo

1905 4192 2105 4253 omnia
2133 4191 2285 4249 ostia
2313 4188 2675 4257 monasterii,
2700 4187 3046 4244 cadentibus
3076 4186 3135 4242 in
3166 4189 3383 4245 terram
3413 4184 3561 4243 seris

1905 4288 1964 4340 et
1991 4281 2274 4347 vectibus,
2299 4281 2638 4335 reserantur
2667 4276 2806 4333 illis.
2835 4280 3073 4332 Irruunt
3102 4289 3239 4348 ergo
3269 4274 3431 4331 omni
3464 4290 3562 4329 cu-

201 4372 302 4427 13.
342 4368 627 4426 Prsterea
671 4368 831 4425 haud
887 4366 1133 4425 dubium
1184 4372 1293 4435 est,
1325 4368 1795 4429 amantissimam
1830 4372 1877 4438 D
1910 4373 2145 4430 stodum
2176 4368 2351 4426 turba
2380 4382 2585 4423 somno
2626 4364 2874 4438 sepulta,
2900 4365 3139 4437 rapiunt
3175 4362 3337 4420 nullo
3370 4379 3434 4418 se
3464 4362 3562 4419 ad-

198 4478 365 4549 (143)
400 4475 783 4549 Malmesbur.
815 4474 896 4549 De
926 4474 1108 4548 gestis
1150 4475 1493 4549 pontificum
1526 4474 1565 4531 l.
1596 4494 1673 4539 iv,
1707 4479 1811 4535 ad-

123 4546 341 4623 jungit
362 4563 580 4623 novum
611 4546 985 4623 miraculum,
1010 4562 1124 4619 quo
1154 4546 1570 4623 “quanam
1597 4572 1618 4598 ι
1644 4549 1805 4607 illam

130 4618 155 4671 ἱ.
178 4641 214 4677 a
234 4618 470 4699 {ustico
486 4624 827 4674 comestam.
846 4618 1037 4699 Jubet
1052 4633 1188 4699 ergo
1208 4619 1273 4699 .S.
1288 4618 1651 4693 Wereburga
1671 4638 1805 4699 ossa

130 4691 407 4764 recolligi
446 4707 601 4764 :Anec
632 4706 824 4756 mora;
866 4689 1035 4764 signo
1077 4688 1347 4764 virgineae
1380 4688 1606 4764 munus
1628 4693 1807 4764 medi-

126 4771 335 4830 cante,
356 4760 515 4817 cutis
535 4767 591 4835 et
615 4777 749 4816 caro
780 4760 1014 4835 ossibus
1048 4760 1421 4835 superducta,
1449 4762 1602 4835 cutis
1630 4763 1806 4835 ccepit

128 4837 538 4908 plumescere,
561 4833 745 4908 donec
767 4831 1187 4908 alesanimata,
1210 4834 1361 4887 saltu
1390 4833 1579 4908 primo
1602 4831 1800 4908 alae-ri,

130 4902 274 4961 inox
328 4903 526 4959 volatu
575 4919 637 4958 se
680 4902 913 4958 libravit
967 4903 1025 4957 in
1083 4902 1542 4969 etheraanuze
1605 4905 1803 4963 minus

128 4979 479 5048 probantur
509 4992 524 5029 :
558 4979 613 5048 et
640 4973 1015 5048 Cambdenus
1057 4973 1117 5028 in
1177 4974 1664 5048 Northamptonia
1723 4977 1804 5034 ait

129 5044 157 5095 ῖι
192 5045 495 5119 miracula
517 5046 646 5117 ejus
671 5046 732 5101 in
756 5044 1030 5119 fugandis
1049 5046 1357 5103 anseribus
1377 5044 1647 5105 credulos
1668 5049 1805 5105 scri-

128 5118 737 5191 ptoreadscantasae-
757 5136 791 5191 ξι

204 5188 369 5261 (144)
399 5188 622 5244 Colitur
650 5187 720 5244 10
747 5185 927 5243 Julii:
956 5185 1017 5243 in
1049 5187 1177 5259 ejus
1202 5187 1334 5261 Vita
1364 5204 1475 5245 ms.
1510 5190 1665 5247 idem
1698 5192 1803 5248 mi-

130 5259 421 5317 raculum
453 5263 744 5333 narratur,
768 5274 925 5333 aves,
947 5267 1133 5331 gantze
1174 5259 1349 5333 etiam
1382 5261 1750 5333 appellantur
1781 5280 1794 5323 :

130 5348 260 5388 una
293 5348 331 5387 a
360 5329 808 5405 puerooi‘ﬁciali
839 5329 1139 5405 subtracta
1166 5334 1224 5385 et
1251 5329 1592 5389 abscondita
1625 5335 1800 5391 tradi-

130 5408 256 5467 tur,
291 5400 664 5477 et'postridie
694 5403 863 5477 quasi
896 5402 967 5459 ad
986 5400 1260 5477 aliarum
1280 5418 1476 5477 preces
1508 5410 1756 5477 recepta.

204 5470 469 5549 (145)“1η
495 5474 685 5547 priore
705 5470 958 5532 editione
984 5470 1524 5548 MartyrolIAnglic.
1548 5470 1798 5537 refertur

471 5600 735 5666 PATROL.
783 5598 960 5665 CLV.

1918 4483 1990 4537 27
2021 4479 2208 4539 Febr.,
2240 4480 2299 4533 at
2323 4476 2398 4531 25
2425 4473 2715 4530 Novembr
2740 4471 2799 4527 in
2831 4470 3167 4544 posteriore.

1987 4552 2138 4620 (146)
2170 4550 2277 4605 Ms.
2311 4545 2653 4620 Bambdeni,
2687 4539 2934 4613 integra;
2961 4542 3066 4620 uti
3090 4557 3269 4620 supra
3296 4539 3356 4597 in
3386 4539 3561 4599 titulo

1916 4612 2221 4692 integrum,-
2253 4618 2466 4692 melius
2494 4620 2699 4692 Capgr.
2731 4620 2788 4670 et
2806 4612 2929 4692 ’_m_s.
2961 4613 3125 4692 ftp_b._
3144 4612 3254 4667 val.

1985 4676 2132 4773 {10157)
2163 4676 2347 4773 Vulgo
2374 4689 2514 4773 δίου)
2534 4676 2593 4773 et
2612 4676 2966 4773 ’ξεοιιί-ερῐξιθι·
2989 4676 3313 4773 Wed’unain
3341 4683 3563 4773 θερμο-

1913 4756 2162 4830 cabrive,
2221 4756 2351 4817 aliis
2408 4758 2683 4829 Bugbrok,
2735 4756 3070 4824 Biabroock;
3128 4756 3188 4810 in
3236 4772 3350 4811 ms.
3404 4756 3563 4812 Uoca-

1916 4837 2067 4892 brae.

2010 4909 2133 4974 148)
2165 4904 2361 4960 Potius

2010 4968 2129 5047 149)
2161 4975 2346 5046 Vulgo
2374 4968 2672 5047 Handbury
2693 4971 2763 5047 _in
2797 4971 3108 5047 staflordia
3140 4968 3404 5047 australi.

2010 5042 2134 5115 150)
2160 5042 2335 5118 Capg.
2369 5056 2426 5099 et
2452 5043 2749 5118 ms.‘R_ub.
2782 5042 2894 5118 val.
2928 5046 3045 5099 suis
3074 5043 3347 5099 omnibus.

1981 5111 2130 5193 (151)
2163 5111 2334 5175 1ὺῖᾱῖ
2361 5138 2389 5199 ‹ς
2439 5114 2595 5199 apud
2644 5114 3088 5199 Hamburgense
3131 5111 3567 5199 monasterium

1912 5181 2125 5266 corpus
2156 5204 2332 5247 suum
2374 5181 2783 5255 transferrent,
2810 5191 2867 5243 et
2908 5181 3319 5243 incunctanter
3363 5181 3573 5258 sepeli-

1912 5270 2130 5408 ’⁸ῗῖὲῶ
2164 5330 2515 5408 Ττίεξῃρνιαγη
2560 5328 2714 5395 aliis.
2742 5328 2918 5408 vulgo
2952 5325 3357 5408 Τνετιι-ζιατηξιι
3388 5324 3576 5408 comi-

1911 5399 2039 5463 tatu
2068 5399 2410 5484 Stalfordiin,
2437 5420 2552 5484 non
2614 5399 2893 5484 procul-ii
2945 5400 3107 5458 fonte
3136 5401 3393 5467 Trentzc,
3424 5399 3584 5470 post-

1906 5496 2086 5554 quam
2112 5478 2164 5537 ei
2194 5476 2443 5551 illapsus
2468 5479 2563 5533 est
2586 5473 2781 5530 amnis
2812 5473 3015 5550 Lyma.

2386 4900 2763 4974 prodiderunt.

3222 5598 3271 5661 4
