3960 6064
430 250 546 308 107

1320 247 1728 310 GOSCELINI
1774 245 2396 308 CANTUARIENSIS
2440 245 2816 309 MONACHI.

3711 245 3822 308 108

430 397 606 436 γει-εει)
637 378 821 452 partis
867 383 1130 434 movente
1175 377 1404 450 glebam
1427 380 1573 448 (153)
1599 377 1859 450 virginis,
1887 382 1943 432 et
1981 394 2076 432 au-
2105 379 2156 444 Α
2189 394 2397 433 norum
2422 378 2593 449 (155),
2617 381 2672 432 et
2704 378 2859 432 diem
2882 376 3201 445 malorum;
3235 376 3470 449 quando
3491 375 3829 448 justissima

429 471 643 536 ferunt,
678 485 994 540 secumque
1025 485 1158 522 cum
1189 467 1410 540 ingenti
1442 465 1642 521 laetitia
1669 473 1723 522 et
1752 467 2072 538 gratiarum

428 559 653 614 actione
684 557 993 614 laudisona
1026 558 1094 612 ad
1135 557 1608 630 Heamburgense
1651 555 2072 612 monasterium

426 648 686 702 confusis
719 647 1033 702 rebellibus
1063 647 1382 702 deducunt.

499 737 582 792 16.
619 736 758 802 Quis
787 735 984 808 itaque
1030 753 1274 808 pensare
1304 735 1577 802 sufficiat,
1611 737 1830 806 quanta
1854 733 2070 790 solem-

423 825 605 881 nitate
637 825 822 897 ipsius
855 826 1051 881 anima
1081 829 1354 897 suscepta
1385 826 1460 879 sit
1498 825 1633 888 Deo,
1660 823 1827 893 cujus
1858 840 2069 895 corpus

421 916 494 969 ad
527 915 788 987 requiem
819 915 1178 987 praeelectam
1220 912 1524 968 transferri
1555 915 1715 966 tanto
1749 911 1906 966 dedit
1936 929 2068 984 pro-

420 1003 620 1076 digio?
652 1004 714 1058 In
764 1004 874 1059 hoc
912 1019 1048 1076 ergo
1087 1019 1250 1059 sacro
1300 1001 1424 1056 loco
1457 1000 1556 1055 Dei
1589 1001 1903 1073 margarita
1932 1017 2066 1055 cum

421 1092 619 1148 debita
648 1092 967 1149 reverentia
997 1095 1054 1147 et
1089 1089 1332 1146 solemui
1367 1089 1558 1162 jubilo
1588 1089 1897 1156 tumulata,
1932 1089 2066 1160 plu-

419 1180 586 1236 rimis
615 1181 916 1253 signorum
949 1179 1182 1235 indiciis
1213 1197 1274 1235 se
1304 1179 1510 1251 probat
1537 1178 1725 1233 vivere
1757 1177 1814 1233 in
1849 1177 2066 1233 cmlesti

419 1270 580 1342 regia
613 1288 624 1325 :
661 1270 882 1325 sanitas
922 1269 1174 1342 aegrotis,
1208 1269 1406 1324 lumen
1445 1266 1630 1334 caecis,
1656 1267 1891 1322 auditus
1931 1285 2064 1322 sur-

419 1359 530 1426 dis,
563 1376 754 1415 sermo
785 1359 968 1420 mutis
1011 1358 1340 1414 restituitur
1372 1374 1383 1412 :
1418 1355 1631 1429 leprosi
1663 1355 2060 1425 mundatione,

415 1451 474 1503 et
517 1447 761 1503 diversis
800 1447 1182 1520 languoribus
1221 1445 1484 1519 oppressi
1534 1463 1651 1500 una
1698 1444 1884 1500 salute
1931 1461 2062 1516 per-

415 1540 582 1608 cepta
625 1536 1015 1609 gratulantur.
1051 1538 1160 1591 Tot
1206 1535 1397 1605 itaque
1425 1538 1556 1606 post
1587 1537 1832 1589 mortem
1892 1549 2061 1588 suam

412 1626 550 1700 vita;
574 1626 852 1680 reformat
882 1643 1009 1697 quze
1039 1630 1159 1680 tam
1194 1627 1394 1679 sancte
1424 1622 1666 1678 vivebat.

2185 467 2281 522 Dei
2315 467 2746 539 dispensatione
2778 467 2899 522 haec
2928 467 3118 538 patria
3145 465 3466 539 Anglorum
3499 465 3714 522 tradita
3740 471 3828 522 est

2181 555 2391 628 gladiis
2419 555 2749 628 gentilium.
2773 557 2938 612 Tunc
2967 556 3204 610 demum
3228 555 3424 611 vitalis
3452 554 3623 628 gleba
3649 554 3830 611 voluit

2181 645 2382 701 cedere
2414 644 2646 701 mortali
2674 645 2808 718 legi,
2838 649 3011 717 atque
3044 644 3272 716 resolvi,
3305 662 3378 700 ne
3407 645 3604 717 impiis
3637 644 3826 700 mani-

2178 733 2290 789 bus
2321 751 2448 790 eam
2482 735 2885 807 contingerent
2913 734 3129 802 hostes,
3163 733 3581 790 miraculorum
3613 734 3710 789 Dei
3745 733 3832 788 in-

2179 824 2421 889 creduli,
2447 829 2504 880 et
2534 824 2950 878 beneficiorum
2990 823 3204 896 ingrati
3234 824 3403 894 (156).
3429 823 3623 878 Potuit
3653 821 3826 895 plane

2179 913 2279 968 Dei
2306 913 2728 984 omnipotentia
2749 917 2805 968 et
2836 913 2896 968 in
2920 913 3011 967 die
3033 912 3323 968 malorum
3350 911 3623 968 dilectam
3654 928 3823 966 suam

2175 1006 2494 1074 protegere,
2531 1002 2685 1058 sicut
2713 1003 2988 1057 servavit'
3017 1000 3328 1074 plerosque
3355 1006 3588 1056 sanctos
3645 1001 3824 1072 hujus

2175 1089 2375 1163 patria:
2406 1091 2476 1146 ab
2507 1089 2710 1162 iniqua
2739 1090 3100 1164 contagione,
3129 1090 3226 1163 qui
3261 1090 3454 1146 adhuc
3485 1107 3672 1162 usque
3695 1090 3822 1160 jam

2174 1185 2307 1251 post
2338 1181 2754 1253 quadragintos
2805 1179 3060 1252 amplius
3092 1197 3278 1237 annos
3305 1183 3552 1236 vernant
3597 1180 3822 1252 integro

2174 1273 2230 1325 et
2284 1269 2620 1343 incorrupto
2677 1287 2935 1342 corpore,
2982 1274 3039 1326 et
3095 1273 3371 1342 poterunt
3427 1268 3825 1325 indubitanter

2174 1375 2360 1430 usque
2391 1359 2447 1413 in
2481 1359 2654 1414 finem
2702 1376 2804 1430 pro
2844 1357 3038 1414 divino
3069 1358 3307 1415 arbitrio
3351 1359 3687 1432 perdurare.
3719 1358 3826 1414 Ve-

2173 1447 2600 1503 rumenimvero
2631 1447 2918 1504 mirabilis
2972 1452 3029 1504 et
3085 1447 3376 1520 gloriosus
3405 1448 3561 1503 Deus
3591 1447 3650 1502 in
3685 1465 3822 1504 san-

2171 1535 2280 1589 ctis
2310 1534 2454 1602 suis,
2490 1534 2639 1589 mira
2669 1539 2725 1589 et
2752 1535 3146 1591 inmstimabili
3193 1536 3555 1608 providentia
3583 1535 3727 1592 alios
3757 1535 3819 1592 in
3877 1573 3886 1583 ν

2171 1624 2452 1694 majorem
2476 1623 2722 1696 gloriam
2749 1623 3190 1680 resurrectionis
3212 1626 3284 1680 ad
3308 1628 3540 1697 tempus
3562 1625 3817 1695 resolvit,

484 1715 569 1769 17.
605 1715 738 1770 Post
765 1714 886 1769 haec
917 1713 1094 1768 etiam
1153 1711 1562 1767 inenarrabilis
1611 1711 1838 1766 Domini
1872 1711 2062 1784 gratia
2089 1751 2136 1816 Β
2170 1711 2314 1766 alios
2344 1718 2627 1784 perpetua
2653 1713 3088 1785 incorruptione
3120 1713 3180 1768 in
3211 1712 3540 1784 exemplum
3572 1714 3821 1786 promis-

409 1803 469 1858 in
503 1802 632 1874 ipsa
660 1820 832 1858 carne
861 1802 1129 1874 virginali
1155 1801 1375 1856 diutius
1404 1800 1740 1872 incorrupta
1768 1800 2062 1855 evidenter

408 1892 714 1947 ostendere
742 1896 830 1947 est
861 1891 1119 1962 dignata,
1153 1889 1407 1962 qualiter
1437 1889 1550 1944 sibi
1591 1888 1874 1960 placuerit
1902 1889 2056 1944 inte-

408 1984 632 2036 merata
660 1979 848 2052 ipsius
880 1979 1160 2052 pudicitia
1191 1995 1324 2034 cum
1357 1983 1572 2045 mente,
1608 1995 1724 2049 qua
1753 1978 1936 2032 Deum
1965 1977 2052 2032 vi-

405 2069 599 2136 debat,
634 2068 1046 2124 mundissima.
1082 2069 1216 2122 Post
1255 2084 1461 2122 novem
1520 2066 1810 2138 siquidem
1871 2082 2054 2122 annos

405 2157 534 2228 ejus
578 2156 912 2230 sepulturae,
961 2155 1407 2229 suggerentibus
1451 2154 2049 2226 Heamburgensibus,

403 2245 624 2318 placuit
681 2245 801 2319 regi
860 2245 1131 2300 Ceolredo
1191 2244 1358 2317 (154),
1416 2244 1514 2316 qui
1574 2247 1715 2299 tunc
1773 2244 2054 2316 regnabat

402 2333 654 2402 Merciis,
689 2339 982 2407 quatenus
1023 2336 1392 2389 sacrosancta
1429 2332 1617 2405 ipsius
1658 2332 1830 2405 gleba
1858 2333 1928 2387 de
1958 2335 2050 2386 tu-

404 2422 564 2478 mulo
622 2422 963 2491 elevaretur,
1005 2421 1397 2477 clamantibus
1455 2420 1680 2476 cunctis
1738 2421 2048 2492 indignum

400 2529 547 2578 esse,
583 2516 650 2568 ut
679 2515 841 2568 tanta
870 2511 969 2566 lux
1009 2510 1326 2566 multorum
1363 2511 1474 2565 sub
1517 2509 1710 2564 modio
1749 2514 1914 2564 terrae
1946 2509 2047 2564 ab-

394 2602 793 2657 sconderetur.
834 2600 1040 2656 Ablato
1079 2617 1214 2673 ergo
1251 2599 1522 2672 operculo
1566 2597 1876 2670 speluncae,
1911 2615 2045 2654 cum

397 2693 703 2762 putaretur
753 2691 823 2745 ab
863 2689 1138 2744 omnibus
1178 2705 1338 2743 more
1377 2687 1650 2742 humana:
1681 2687 2045 2757 conditionis

396 2783 518 2834 tota
548 2796 681 2835 caro
714 2779 1025 2834 defluxisse
1072 2783 1130 2832 et
1184 2781 1417 2832 tantum
1477 2776 1636 2830 nuda
1681 2792 1814 2831 ossa
1871 2794 2044 2848 supe-

396 2885 583 2937 resse;
617 2869 849 2923 inventa
879 2872 969 2924 est
1024 2868 1220 2939 potius
1249 2867 1410 2938 virgo
1466 2864 1844 2937 integerrima
1875 2866 2043 2937 quasi

393 2956 454 3012 in
501 2957 658 3014 dulci
714 2962 900 3014 stratu
960 2955 1310 3024 obdormire,
1345 2959 1533 3011 vestes
1589 2955 1956 3010 nitidissima}
1987 2960 2044 3011 et

396 3064 572 3115 sanae,
606 3045 758 3102 sicut
803 3046 1078 3119 primitus
1135 3045 1343 3100 induta
1386 3048 1528 3110 erat,
1562 3043 1800 3099 omnino
1857 3062 2040 3117 appa-

2167 1800 2348 1856 sionis
2391 1818 2507 1856 sua:
2567 1801 2839 1857 custodit.
2875 1803 2983 1856 Tot
3037 1800 3389 1857 nobilissimi
3445 1807 3729 1876 martyres
3759 1809 3816 1860 et

2167 1889 2382 1944 summi
2419 1890 2748 1945 sacerdotes
2780 1889 3009 1945 Domini
3043 1907 3076 1945 a
3105 1889 3437 1957 bestiis,vel
3467 1891 3692 1961 avibus,
3725 1891 3816 1947 vel

2164 1977 2400 2049 ignibus
2441 1982 2580 2033 sunt
2618 1978 2968 2050 consumpti.
2995 2002 3023 2029 ‹‹
3051 1979 3394 2046 Posuerunt,
3431 1977 3626 2051 inquit
3662 1978 3819 2036 Psal-

2164 2066 2544 2139 mographus,
2585 2067 2858 2122 mortalia
2913 2084 3210 2123 servorum
3253 2072 3514 2136 tuorum,
3545 2067 3816 2140 Domine,

2163 2171 2326 2210 escas
2357 2155 2690 2211 volatilibus
2744 2156 2893 2222 cmli,
2927 2173 3130 2212 carnes
3179 2161 3517 2213 sanctorum
3575 2162 3815 2214 tuorum

2160 2243 2362 2300 bestiis
2423 2249 2587 2300 terra:
2646 2246 2818 2315 (Psal.
2855 2263 3080 2312 Lxxvm,
3112 2250 3246 2315 2).»
3280 2249 3402 2312 Quo
3461 2249 3650 2320 major
3701 2247 3817 2305 fuit

2159 2334 2503 2406 ignominia,
2538 2352 2604 2390 eo
2636 2336 2824 2406 major
2853 2335 2962 2391 erit
3011 2334 3216 2407 gloria.
3253 2336 3533 2391 Summus
3590 2341 3810 2411 marty-

2159 2440 2286 2477 rum
2308 2424 2677 2495 primicerius
2690 2425 3188 2496 Stephanus,dum
3206 2424 3420 2497 legitur
3435 2425 3619 2480 multa
3635 2427 3810 2500 signa

2157 2511 2215 2565 in
2247 2512 2363 2568 vita
2394 2513 2620 2581 fecisse,
2645 2530 2760 2568 non
2799 2513 2879 2568 ibi
2920 2517 3116 2568 tamen
3157 2512 3372 2585 legitur
3409 2520 3674 2570 mortuos
3712 2532 3811 2572 su-

2156 2601 2419 2656 scitasse.
2454 2603 2588 2656 Post
2618 2601 2822 2656 mortis
2853 2618 2986 2656 vero
3017 2601 3389 2674 triumphum
3420 2603 3809 2676 omniumque

2155 2691 2554 2745 membrorum
2597 2690 3036 2758 resolutionem,
3069 2689 3380 2764 plerosque
3409 2698 3670 2748 mortuos
3699 2694 3806 2750 de-

2154 2779 2428 2834 scribitur
2447 2779 2574 2834 vita
2607 2779 2952 2846 reddidisse,
2981 2785 3045 2834 ut
3075 2796 3109 2834 a
3139 2780 3343 2836 mortis
3370 2780 3589 2852 injuria
3613 2785 3808 2855 major

2154 2872 2488 2924 nasceretur
2516 2868 2644 2923 vita
2677 2869 2956 2940 potentia.
2987 2869 3210 2941 Magnae
3241 2870 3439 2942 itaque
3469 2870 3666 2943 gratia:
3697 2871 3805 2928 Dei

2151 2962 2452 3028 respectus
2479 2962 2601 3012 erat
2631 2957 2689 3011 in
2735 2957 2796 3012 B.
2825 2957 3164 3030 Werburgae
3195 2975 3433 3030 corpore
3465 2959 3672 3028 solido,
3695 2962 3803 3017 sed

2152 3047 2340 3117 major
2369 3063 2502 3119 spes
2533 3050 2755 3102 aeterna:
2788 3045 3179 3102 rcnovationis
3214 3049 3394 3102 restat
3421 3047 3480 3103 in
3506 3049 3632 3120 jam
3665 3065 3806 3107 con-

392 3151 588 3204 ruere;
621 3135 797 3192 facies
839 3135 1106 3203 candida,
1140 3138 1198 3190 et
1236 3151 1396 3207 genae
1436 3150 1632 3201 roseae,
1667 3137 1946 3205 tanquam
1979 3134 2037 3188 in
2070 3122 2112 3188 C
2151 3140 2407 3207 sumpto.

391 3223 664 3296 primmvo
723 3225 880 3295 ﬂore,
915 3229 1106 3280 amoto
1168 3227 1492 3278 reverenter
1546 3222 1853 3290 velamine,
1900 3226 2038 3277 sunt

388 3313 544 3368 visa).
578 3313 874 3369 Attollitur
917 3313 1138 3369 clamor
1175 3311 1495 3384 gratiarum
1537 3312 1596 3365 in
1641 3311 1870 3379 coelum,
1907 3315 2036 3366 tan-

388 3405 577 3474 taeque
609 3404 806 3475 gratize
841 3402 1148 3458 admiratio
1178 3400 1236 3455 in
1270 3401 1474 3455 laudes
1510 3400 1741 3455 Domini
1772 3401 2037 3456 accendit

387 3491 752 3563 frequentem
801 3490 1104 3564 populum.
1131 3489 1465 3545 Assumitur
1511 3505 1646 3561 ergo
1691 3506 1726 3545 a
1766 3490 2035 3546 sacerdo-

389 3580 548 3636 tibus
591 3580 930 3637 solemniter
983 3578 1300 3644 adornatis,
1341 3596 1474 3632 cum
1534 3577 1899 3650 supplicibus
1935 3595 2033 3634 vo-

379 3669 457 3725 tis
499 3674 557 3725 et
602 3671 829 3726 canoris
887 3669 1237 3724 chorizantis
1290 3667 1558 3724 Ecclesiae
1616 3667 1890 3722 modulis.
1926 3669 2034 3722 Ex-

376 3759 747 3832 plorantibus
787 3757 979 3814 adhuc
1011 3757 1278 3830 diligenti
1338 3757 1554 3824 studio,
1591 3755 1753 3812 nulla
1802 3757 2032 3828 penitus

378 3849 437 3904 in
469 3866 537 3905 ea
566 3847 742 3917 laesio,
774 3848 934 3904 nulla
965 3851 1190 3920 reperta
1220 3851 1308 3901 est
1339 3847 1654 3918 corruptio.
1675 3851 1762 3901 lta
1793 3847 2031 3901 demum

379 3938 715 3994 reconditur
753 3939 809 3992 in
855 3937 1024 3992 theca
1069 3937 1178 3992 sibi
1222 3941 1617 4008 competenter
1659 3939 1882 4008 parata,
1928 3935 2032 3999 ubi

379 4028 691 4100 conspicue
722 4026 923 4082 fideles
968 4025 1217 4098 populos
1250 4023 1508 4079 illustrat
1550 4025 1826 4096 prmclara
1882 4025 2029 4081 lam-

421 4116 527 4171 ade
557 4133 683 4170 sua.

421 4133 527 4171 ade
557 4133 683 4170 sua.

377 4133 414 4188 Ρ
443 4205 530 4260 48.
567 4205 802 4260 Duravit
827 4204 1046 4260 diutius
1080 4205 1189 4260 sub
1215 4203 1476 4277 angelica
1507 4203 1773 4259 custodia
1803 4203 1896 4259 hic
1926 4204 2026 4260 ho-

371 4301 478 4350 n‘or
508 4293 672 4350 illmsi
695 4293 1173 4367 corporis,usque
1205 4295 1275 4348 ad
1306 4297 1569 4364 tempora
1599 4291 1819 4348 scilicet
1848 4309 2022 4365 paga-

441 4474 587 4546 (153)
617 4474 727 4530 Alii
758 4491 969 4546 corpus.

443 4542 587 4619 (154)
617 4542 926 4619 Ceolred—us
958 4547 1016 4601 S.
1050 4544 1339 4619 Ethelredi
1377 4543 1549 4608 filius,
1584 4542 1876 4619 Ceonredo
1910 4545 2014 4599 Ro-

368 4616 475 4672 mae
509 4616 603 4672 an.
635 4621 741 4672 709
769 4617 828 4671 in
869 4617 1219 4672 monachum
1241 4620 1490 4681 attonso,
1526 4631 1623 4668 rex
1666 4616 1876 4682 factus,
1915 4633 2011 4670 an.

363 4691 470 4744 716
500 4705 529 4743 e
559 4689 700 4744 vivis
736 4688 1000 4752 excessit,
1038 4686 1361 4741 Lichl'eldite
1396 4686 1682 4752 sepultus.

432 4761 579 4832 (155)
611 4757 718 4814 Alii
775 4761 1074 4832 Danorum.
1107 4757 1420 4832 Cmperunt
1464 4755 1560 4832 h_i_
1592 4755 1858 4832 Angliam
1914 4773 2012 4810 va-

367 4835 520 4887 stare
540 4827 611 4886 ab
634 4849 729 4886 an.
752 4833 878 4896 832,
907 4827 1262 4884 Beortulfum
1288 4845 1482 4899 regem
1506 4827 1853 4899 Merciorum
1877 4844 2010 4881 cum

358 4905 610 4958 exercitu
647 4903 866 4957 an.851
925 4900 983 4954 in
1045 4901 1243 4971 fugam
1304 4897 1606 4953 dederunt.
1643 4897 1842 4971 Mercii
1898 4899 2008 4971 sub

357 4975 655 5029 Burrhedo
687 4990 818 5044 rege
856 4989 988 5025 cum
1023 4970 1200 5044 Danis
1241 4971 1394 5026 exire
1437 4970 1788 5044 negantibus
1818 4970 2008 5044 fcedus

357 5047 525 5099 annis
555 5047 658 5100 868
689 5041 879 5098 et’872
920 5043 1298 5114 pepigerunt:
1325 5048 1382 5096 et
1412 5059 1541 5113 rege
1575 5041 1873 5096 Burrhedo
1905 5058 1999 5114 an.

389 5119 458 5170 74
491 5118 734 5171 Romam
771 5112 1044 5184 profecto,
1065 5112 1309 5167 Thanus
1349 5112 1588 5183 quidam
1622 5129 1866 5184 regnum
1899 5112 2001 5166 ad-

353 5187 726 5248 ministravit,
747 5183 916 5251 cujus
961 5201 1094 5254 pars
1135 5201 1230 5238 an.
1255 5187 1355 5236 677
1395 5185 1510 5254 regi
1544 5183 1830 5238 Ceolvulf'o
1863 5199 1998 5254 con-

349 5275 514 5313 cessa
571 5257 848 5312 estzsub
877 5253 990 5326 quo
1049 5271 1294 5326 regnum
1358 5254 1700 5326 Merciorum
1759 5253 1996 5326 omnino

348 5327 652 5384 emarcuit.
672 5325 986 5398 Anglorum
1004 5327 1134 5379 dein
1154 5325 1523 5398 heptarchiai
1537 5344 1574 5398 n
1594 5325 1993 5398 monarchiam

343 5399 722 5463 coalescente,
756 5395 1121 5453 Eadwardus
1180 5413 1276 5450 rex
1330 5397 1438 5449 sub
1499 5395 1733 5450 initium
1794 5395 1989 5452 saeculi

343 5470 553 5526 decimi
586 5467 828 5525 Mercios
859 5467 1146 5533 liberavit,
1175 5465 1486 5521 constituto
1519 5467 1863 5522 Merciorum
1896 5484 1990 5522 co-

343 5541 484 5604 mite
515 5540 800 5599 Etheredo
832 5539 1039 5600 marito
1065 5537 1408 5612 Egelﬂedaa,
1429 5539 1537 5594 sub
1561 5555 1677 5612 qua
1707 5537 1986 5595 Cestriam

2221 3225 2304 3280 19.
2339 3225 2712 3282 Celebremus
2740 3242 2875 3298 ergo
2907 3225 3349 3297 promptissima
3381 3225 3678 3284 devotione
3709 3245 3803 3284 sa-

2146 3313 2536 3369 cratissimum
2584 3314 2772 3386 ipsius
2802 3313 3193 3382 festivitatem,
3232 3314 3369 3387 quia
3416 3317 3607 3387 omnis
3663 3318 3802 3389 ejus

2145 3401 2450 3458 celebritas
2483 3404 2554 3458 ad
2586 3403 2799 3458 Christi
2832 3403 3064 3458 Domini
3097 3404 3345 3475 pertinet
3375 3404 3799 3478 honorem,qui

2143 3491 2225 3546 ita
2253 3508 2379 3547 eam
2409 3492 2717 3565 condignis
2741 3491 2964 3547 meritis
2987 3491 3119 3548 fecit
3146 3492 3586 3562 celebrabilem;
3611 3511 3796 3566 quam

2143 3581 2424 3636 nimirum
2482 3582 2651 3638 nobis
2709 3579 2958 3654 providit
2989 3585 3120 3636 ante
3163 3597 3224 3636 se
3280 3579 3792 3653 interventricem;

2143 3675 2432 3740 quatenus
2464 3687 2567 3742 per
2597 3670 2816 3726 dilectae
2847 3687 2966 3724 sua;
2996 3669 3447 3738 venerationem,
3473 3687 3642 3726 suam
3673 3689 3797 3728 me-

2143 3776 2376 3814 reamur
2404 3759 2897 3831 prepitiationem,
2919 3759 3020 3830 qui
3069 3776 3185 3814 non
3234 3759 3520 3816 habemus
3555 3761 3800 3817 merito-

2141 3865 2271 3903 rum
2302 3849 2961 3904 exsecutionem.Tanto
3007 3848 3224 3921 quippe
3273 3849 3584 3922 benignius
3625 3849 3796 3908 illam

2139 3937 2406 3992 exaudiet
2437 3943 2697 3992 orantem
2757 3954 2862 4008 pro
2920 3936 3113 4002 nobis,
3147 3943 3368 4010 quanto
3425 3939 3796 3996 accensiores

2137 4025 2420 4080 fuerimus
2443 4026 2502 4081 in
2525 4025 2711 4098 ipsius
2735 4025 2851 4081 Deo
2877 4026 3188 4081 efferendis
3209 4027 3533 4098 praeconiis.
3555 4033 3801 4085 Annuat

2137 4115 2305 4169 nobis
2364 4130 2594 4186 semper
2651 4115 3043 4169 memoranda:
3077 4114 3417 4188 Werburgze
3448 4115 3794 4184 Coronator,

2131 4207 2420 4276 quatenus
2452 4221 2552 4276 per
2574 4205 2701 4274 ejus
2725 4208 2927 4259 sancta
2953 4204 3250 4276 suffragia,
3276 4209 3333 4260 et
3359 4205 3454 4260 hic
3485 4205 3798 4277 profutura

2129 4291 2420 4348 desideria
2446 4308 2898 4364 consequamur,
2921 4297 2976 4348 et
3004 4292 3064 4347 in
3095 4297 3378 4348 aeternum
3410 4293 3591 4350 beata;
3619 4293 3770 4351 visio

2043 4493 2090 4556 D
2121 4471 2288 4556 tradi
2332 4475 2722 4556 restauratam
2767 4487 2947 4556 supra
2973 4470 3564 4556 Odiximusa‘Dem‘um
3586 4545 3607 4556 ν
3627 4489 3790 4556 annp

2121 4545 2226 4598 942
2250 4543 2629 4598 Eadmundus
2664 4559 2762 4597 rex
2811 4541 3086 4597 Merciam
3120 4542 3351 4608 invasit,
3377 4545 3553 4598 urbes
3586 4545 3793 4601 Lindi-

2123 4613 2396 4687 colniam,
2421 4613 2962 4687 Snotingahamam,
2989 4613 3381 4687 Stanfordam,
3409 4615 3782 4687 Deorbejam,

2122 4685 2386 4756 aliasque
2431 4684 2756 4756 occupavit,
2791 4689 3092 4756 totamque
3150 4685 3422 4741 Merciam
3483 4686 3540 4740 in
3603 4684 3785 4745 suam

2122 4755 2343 4828 redegit
2372 4755 2737 4828 potestatem,
2763 4760 2834 4828 ut
2856 4755 2947 4811 his
2977 4755 3094 4811 fere
3114 4757 3305 4812 verbis
3334 4757 3514 4828 tradit
3535 4756 3787 4814 chrono-

2120 4827 2288 4901 logus
2319 4827 2704 4901 Anglo-Saxo,
2741 4827 2841 4901 qui
2887 4843 2952 4901 eo
2987 4828 3206 4882 decimo
3252 4827 3463 4901 saeculo
3512 4829 3779 4901 scripsit.

2119 4897 2264 4953 Dani
2299 4897 2630 4953 rediverunt
2673 4898 2732 4951 in
2776 4897 3047 4970 Angliam
3105 4915 3256 4954 anno
3286 4899 3413 4964 991,
3448 4916 3513 4954 ac
3545 4897 3781 4957 Mercia:

2118 4969 2446 5041 provincias
2477 4973 2801 5041 vastarunt,
2829 4969 3202 5040 petissimum
3235 4970 3306 5024 ab
3339 4987 3492 5024 anno
3527 4972 3667 5025 1010
3696 4973 3781 5030 ad

2120 5040 2277 5108 10.6,
2314 5057 2427 5112 quo
2459 5041 2719 5112 Canutus
2759 5040 3054 5096 Danorum
3104 5057 3202 5094 rex
3253 5041 3780 5112 septentrionalem

2112 5117 2335 5192 partem
2371 5111 2589 5192 Angliae
2635 5111 2876 5192 accepit,
2913 5129 3064 5168 anno
3119 5111 3386 5183 sequenti
3443 5112 3624 5168 totius
3654 5116 3777 5170 An-

2109 5183 2236 5255 gliae
2268 5182 2584 5307 imperium
2616 5182 2884 5254 adeptus.

2178 5255 2321 5307 (156l
2399 5271 2560 5307 angr.
2586 5270 2718 5307 cum
2753 5255 2810 5307 S.
2841 5255 2884 5307 R

2178 5255 2321 5324 (156)
2354 5253 2560 5325 Capgr.
2586 5253 2810 5325 cum'S.
2841 5254 2989 5308 Rub.
3013 5253 3138 5308 Val.
3165 5253 3248 5309 ita
3275 5253 3370 5308 hic
3400 5253 3596 5325 Vitam
3627 5271 3774 5313 con-

2105 5322 2368 5399 gludit'm
2399 5322 3161 5399 'l"ranslataque_tuncsunt
3197 5323 3548 5399 ossa__illius
3604 5330 3774 5399 apud

2101 5395 2404 5464 Cestriam,
2438 5396 2536 5469 ubi
2593 5395 2780 5469 usque
2824 5395 2884 5450 in
2915 5395 3264 5469 hodiernum
3323 5396 3510 5469 diem!
3537 5395 3778 5469 requie-

2099 5472 2291 5540 scunt,
2328 5468 2672 5541 meritisque
2701 5468 2830 5540 ejus
2856 5468 3059 5524 crebra
3089 5468 3238 5524 fiunt
3270 5467 3575 5528 miracula.
3602 5467 3632 5519 ἡ
