3960 6064
131 267 252 329 H3

1455 271 1638 332 VlTA
1683 269 1748 330 S.
1794 269 2246 331 EADGITHE.

3435 231 3555 334 ιη

119 402 470 477 dragesimo
501 402 716 460 abhinc
747 401 840 461 die
869 403 1092 460 occidet
1122 403 1293 462 nobis
1340 403 1462 462 haec
1501 403 1673 462 stella
1696 403 1787 460 lu-
1815 405 1873 473 Α
1901 404 2056 477 apud
2087 404 2473 462 Wilthoniam
2505 398 2708 480 postea
2737 403 3036 464 abbatissa
3065 403 3293 478 eil‘ecta,
3325 403 3386 462 in
3416 422 3552 463 san-

123 493 541 550 culenta.Ecee
571 498 768 550 autem
799 511 867 551 ex
895 493 1188 568 ergastulo
1220 498 1418 550 nostro
1449 499 1786 550 sanctorum

121 582 380 652 lumina,
415 588 476 639 et
505 601 614 640 nos
639 583 698 639 in
729 584 986 640 tenebris
1018 588 1075 640 et
1115 585 1325 640 umbra
1371 583 1577 640 mortis
1622 583 1786 640 sede-

122 691 282 730 mus.
317 673 440 730 Nos
490 673 720 746 prigros
770 689 941 730 senes
988 673 1230 729 damnat
1272 677 1411 730 etas
1449 673 1784 740 immatura,

120 764 289 829 dum,
321 762 499 819 nobis
527 763 1006 830 dormitantibus,
1036 763 1137 818 illa
1164 761 1340 818 cmlos
1373 765 1654 835 penetrat.
1686 783 1714 810 »

185 855 244 908 6.
275 852 507 910 Edim
523 855 702 910 obitus
724 868 868 910 anno
893 853 1094 910 984,-
1116 852 1636 926 Appropinquante
1654 867 1788 908 vero

117 943 265 998 hora
293 959 419 1014 qua
449 943 520 998 de
552 942 773 999 mundo
815 947 942 998 erat
991 943 1316 1016 migratura
1345 943 1417 997 ad
1452 941 1786 1009 Dominum,

117 1031 284 1087 adest
315 1035 570 1087 sanctus
604 1032 964 1102 Dunstanus,
996 1035 1053 1087 et
1083 1029 1588 1086 exhortationibus
1618 1033 1791 1101 atque

117 1119 398 1192 precibus
434 1121 700 1176 animam
730 1121 860 1192 ejus
885 1119 1357 1186 communiens,a
1376 1135 1616 1191 corpore
1635 1132 1793 1173 exce-

123 1210 365 1266 dentem
398 1208 681 1266 manibus
711 1209 944 1265 Domini
977 1207 1670 1265 commendavit.lnterim
1692 1223 1790 1262 so-

118 1316 212 1356 ror
239 1299 527 1372 quaedam
557 1299 844 1372 trepida,e
873 1297 1073 1355 Sancti
1105 1298 1368 1372 Dionysii
1400 1295 1664 1364 ecclesia,
1691 1294 1792 1350 ubi

116 1394 326 1445 sancta
358 1389 526 1463 virgo
561 1388 810 1456 obiit,ad
846 1388 1274 1444 monasterium
1301 1386 1792 1457 currit,auditque

117 1477 175 1533 in
203 1477 394 1534 choro
425 1483 715 1550 tanquam
753 1477 1136 1551 psallentium
1189 1493 1466 1551 magnam
1517 1477 1792 1547 frequen-

120 1566 277 1623 tiam.
287 1571 506 1640 Itaque
522 1566 765 1622 haerenti
788 1566 839 1623 ei
859 1567 1116 1622 occurrit
1135 1566 1376 1639 quidam
1399 1564 1646 1639 eleganti
1671 1563 1796 1620 vul'

117 1660 180 1712 tu
211 1660 270 1712 et
293 1654 517 1711 habitu
547 1655 1000 1729 insigni,aitque
1019 1656 1091 1711 ad
1113 1672 1242 1712 eam
1268 1673 1281 1710 :
1311 1679 1339 1706 «
1364 1654 1493 1711 Noli
1521 1655 1634 1710 huc
1657 1671 1790 1728 pro«

120 1746 248 1844 pius
267 1745 658 1844 accederemn
667 1745 783 1844 geli
804 1745 962 1803 enim
985 1745 1174 1844 sancti
1188 1745 1393 1802 GODAM
1414 1744 1668 1844 puellam
1687 1743 1791 1818 (ita
1817 1781 1864 1844 Β

119 1835 272 1892 enim
308 1833 532 1906 majori
562 1835 755 1908 gratia
779 1851 905 1890 eam
934 1833 1422 1907 appellabat,qua3
1444 1834 1635 1906 patria
1653 1851 1790 1889 voce

121 1925 272 1982 Bon
307 1923 873 1996 cognominabatur)
895 1922 1032 1979 hinc
1055 1940 1254 1980 secum
1276 1923 1627 1995 asportaturi
1653 1925 1792 1978 sunt

123 2015 190 2070 ad
219 2013 455 2086 gaudia
487 2013 938 2085 sempiterna,ut
960 2030 1094 2068 cum
1124 2013 1235 2069 hac
1257 2011 1508 2068 melodia
1537 2011 1790 2068 ccelestis

123 2102 422 2159 exercitus
455 2101 517 2157 in
549 2100 743 2157 aulam
780 2105 1068 2175 perpetua;
1081 2101 1476 2174 jucunditatis
1506 2100 1794 2174 ingrediav

123 2197 234 2248 tur.
245 2191 510 2264 nSicque
540 2208 693 2246 anno
716 2189 991 2248 vicesimo
1016 2192 1186 2247 tertio
1206 2190 1392 2246 aetatis
1415 2189 1788 2258 suae,decimo

126 2285 288 2337 sexto
331 2280 634 2336 Kalendas
682 2279 968 2345 Octobris,
1020 2280 1295 2354 migravit
1345 2280 1415 2336 ad
1463 2279 1787 2345 Christum,

123 2370 277 2426 circa
309 2386 544 2426 annum
573 2369 806 2425 Domini
828 2369 1337 2443 nongentesimum
1362 2368 1787 2441 octogesimum

123 2465 410 2534 quartum
448 2476 464 2514 :
497 2457 878 2531 sepelivitque
925 2475 1052 2514 eam
1099 2458 1307 2514 beatus
1352 2457 1694 2513 Dunstanus
1728 2455 1787 2512 in

122 2548 378 2606 ecclesia
436 2548 637 2604 Sancti
687 2546 946 2620 Dionysii
997 2564 1176 2620 quam
1227 2546 1357 2619 ipsa
1403 2539 1785 2602 exstruxerat.

124 2638 290 2694 Hunc
313 2642 517 2692 autem
541 2636 734 2692 locum
757 2653 1020 2710 praesaga
1041 2640 1236 2692 mente
1259 2635 1420 2709 virgo
1444 2639 1648 2691 sancta
1672 2651 1791 2690 cre-

125 2726 226 2782 bro
285 2726 596 2792 inviserat,
636 2725 882 2780 dicens:
919 2747 950 2773 ‹‹
985 2723 1088 2780 Hic
1141 2723 1307 2780 locus
1363 2728 1453 2780 est
1511 2723 1789 2796 requietis

131 2832 332 2880 meas,»
354 2830 612 2886 eumque
633 2813 872 2869 assiduo
893 2811 1286 2886 lacrymarum
1308 2812 1495 2869 imbre
1514 2812 1786 2886 irrigans.

133 2904 190 2960 In
215 2904 354 2977 ipso
377 2908 577 2958 autem
601 2903 751 2959 atrio
773 2901 1110 2960 monasterii
1132 2902 1647 2970 xenodochium,in
1671 2919 1788 2974 quo

132 2992 431 3064 hodieque
461 2991 744 3048 tredecim
775 3007 1062 3064 pauperes
1115 2991 1475 3060 reficiuntur,
1507 2989 1786 3046 instituit.

194 3084 256 3136 7.
293 3081 586 3153 Apparitio
631 3080 771 3152 ejus.
803 3080 1116 3150 Brithgina:
1159 3082 1478 3154 baptismus.
1512 3111 1582 3121 —
1615 3079 1789 3136 Porro

1897 495 2095 551 ctitate
2125 494 2304 551 vitam
2336 512 2503 552 suam
2537 495 2742 552 ﬁnivit.

1967 584 2017 640 8.
2057 584 2271 642 Edithae
2330 587 2571 658 corporis
2621 586 2866 643 elevatio.
2915 617 2983 627 ——
3041 587 3181 642 Post
3238 585 3546 650 decessum

1899 679 2112 729 sanctae
2155 675 2376 730 Edithze
2426 674 2700 730 tredecim
2751 674 2966 749 elapsis
3014 675 3206 742 annis,
3229 673 3331 731 illa
3377 675 3546 731 beato

1900 766 2196 818 Dunstano
2226 763 2662 836 archiepiscopo
2694 765 2984 837 apparuit,
3009 765 3210 820 dicens
3245 781 3258 819 ι
3293 787 3320 814 ‹‹
3349 762 3548 820 Remi-

1897 853 2132 909 niscens
2163 853 2447 909 Dominus
2473 853 2912 910 miserationum
2944 851 3549 924 suarum,assumpsit

1899 957 2011 1010 me,
2045 941 2349 1014 placetque
2379 941 2658 998 ineffabili
2689 943 2932 1000 bonitati
2973 943 3132 998 illius
3164 946 3227 999 ut
3256 942 3408 1014 apud
3441 943 3547 998 hoe

1901 1031 2091 1088 mines
2117 1031 2177 1086 in
2208 1031 2458 1088 salutem
2491 1032 2751 1088 fidelium
2773 1035 2901 1104 ejus
2924 1033 3141 1090 honore
3162 1032 3546 1100 afﬁciar,cum

1900 1119 1996 1176 ille
2028 1139 2121 1178 me
2151 1123 2306 1194 apud
2338 1121 2631 1195 angelicos
2661 1121 2812 1178 cives
2842 1121 2901 1177 in
2934 1121 3094 1178 cmlis
3125 1121 3442 1177 honorarit.
3462 1121 3546 1177 Ito

1900 1227 2037 1285 ergo
2069 1209 2432 1278 Wiltoniam,
2459 1210 2769 1282 divinaque
2794 1212 2968 1283 jussa
2996 1226 3548 1283 capessens,corpus

1903 1318 2098 1357 meum
2131 1315 2161 1357 e
2192 1305 2346 1356 terra
2374 1300 2613 1356 elevato.
2638 1301 2720 1356 Ne
2741 1300 3106 1369 dubites,nec
3137 1299 3256 1356 ullo
3287 1304 3344 1356 te
3365 1299 3550 1372 phan-

1900 1395 2150 1451 tasmate
2182 1389 2376 1446 deludi
2430 1393 2621 1463 putes,
2653 1389 2762 1446 hoc
2810 1390 2967 1446 enim
3017 1389 3278 1446 veritatis
3321 1388 3432 1444 erit
3463 1387 3548 1445 si-

1901 1496 2084 1553 gnum
2117 1481 2268 1552 quod
2305 1484 2513 1550 praeter
2551 1478 2742 1534 ofﬁcia
2790 1479 3188 1534 membrorum
3239 1477 3455 1550 quibus
3487 1468 3547 1533 in

1901 1568 2148 1642 puellari
2178 1567 2410 1624 levitate
2453 1567 2639 1624 abusa
2685 1585 2838 1635 sum,
2874 1573 3016 1641 puta
3061 1567 3389 1634 oculorum,
3421 1583 3545 1622 ma-

1899 1675 2106 1725 nuum,
2140 1659 2376 1731 pedum,
2413 1656 2702 1730 reliquum
2737 1674 2947 1730 corpus
2976 1673 3173 1713 meum
3222 1656 3307 1712 uti
3355 1655 3545 1712 illiba-

1898 1751 2047 1815 tum,
2075 1748 2159 1803 ita
2204 1752 2262 1803 et
2303 1746 2708 1818 incorruptum
2755 1745 3034 1803 invenies.
3071 1745 3358 1802 Libidinis
3387 1743 3545 1801 enim

1898 1842 1957 1893 et
1981 1835 2233 1909 crapulae
2255 1852 2460 1908 expers
2482 1852 2714 1907 semper
2733 1835 2838 1890 fui.
2873 1835 3143 1891 Pollicem
3166 1852 3397 1908 quoque
3419 1836 3549 1892 dex-

1897 1929 2000 1982 tra
2031 1943 2264 1991 manus,
2285 1942 2400 1996 quo
2432 1923 2576 1979 mihi
2607 1925 2842 1980 assidue
2863 1929 3076 1980 sanctae
3097 1924 3286 1980 crucis
3307 1925 3544 2000 signum

1897 2015 2191 2090 impressi,
2225 2014 2474 2071 lllaesum
2517 2014 2762 2079 videbis,
2796 2019 2860 2070 ut
2908 2019 3187 2088 appareat
3233 2014 3548 2071 clementia

1898 2106 2130 2163 Domini
2162 2105 2222 2160 in
2265 2109 2428 2177 parte
2475 2108 2722 2170 servata,
2757 2108 2814 2160 et
2860 2107 3102 2177 paterna
3146 2104 3453 2178 castigatio
3485 2104 3545 2160 in

1898 2200 2063 2269 parte
2113 2196 2438 2266 assumpta.
2474 2215 2503 2242 »
2535 2192 2878 2248 Dunstanus
2921 2209 3056 2265 ergo
3087 2210 3222 2249 cum
3254 2193 3411 2266 apud
3442 2193 3548 2250 Sa-

1897 2301 2029 2340 rum
2052 2300 2230 2357 prope
2251 2281 2593 2338 Wiltoniam
2626 2286 3010 2354 pernoctaret,
3027 2299 3131 2355 per
3150 2283 3341 2337 visum
3363 2287 3552 2338 trans-

1897 2373 2080 2430 fertur
2109 2373 2168 2428 in
2201 2371 2508 2428 ecclesiam
2549 2370 2836 2428 Wiltoniae
2887 2387 3074 2444 usque
3127 2371 3197 2427 ad
3249 2369 3547 2427 tumulum

1898 2466 2113 2519 sancta:
2163 2461 2451 2534 virginis:
2485 2464 2542 2516 et
2594 2477 2725 2515 ecce
2771 2459 2927 2516 videt
2973 2459 3236 2532 angelica
3283 2458 3546 2515 claritate

1897 2557 2169 2607 sanctum
2219 2548 2561 2622 Dionysium
2612 2549 2779 2604 altari
2840 2547 3134 2616 assistere,
3169 2553 3226 2604 et
3258 2547 3543 2622 virginem

1896 2640 2170 2696 Editham
2202 2638 2332 2694 luce
2359 2641 2416 2694 et
2444 2638 2693 2694 candore
2719 2635 3406 2710 conspicuam,dilectum
3435 2653 3542 2710 pa-

1897 2733 2134 2785 tronum
2165 2726 2328 2784 hisce
2357 2725 2706 2799 compellare
2734 2726 2927 2782 verbis
2960 2743 2974 2780 :
2999 2748 3026 2776 «
3051 2725 3540 2798 Scis,Pater,quid

1898 2819 1969 2874 de
2001 2834 2093 2874 me
2123 2817 2329 2872 divinas
2359 2815 2558 2889 gratiae
2590 2815 2847 2888 placeat;
2871 2819 2935 2870 tu
2959 2831 3095 2887 ergo
3117 2815 3334 2870 summi
3359 2814 3545 2871 consi-

1897 2906 1958 2962 lii
1990 2907 2296 2978 interpres,
2323 2909 2382 2961 et
2414 2903 2618 2961 divinae
2665 2904 2980 2960 voluntatis
3027 2903 3235 2977 legate,
3268 2903 3406 2959 huic
3436 2903 3544 2959 ad-

1896 3012 2198 3068 venze,qua
2219 2995 2330 3050 fide
2349 2998 2407 3050 et
2435 2993 2779 3049 auctoritate
2797 2992 2992 3064 ipsum
3016 2991 3135 3047 huc
3158 2991 3542 3058 invitaverim,

1897 3103 2138 3158 expone.
2177 3107 2203 3134 υ
2235 3085 2486 3140 Sanctus
2533 3081 2845 3155 Dionysius
2887 3081 2970 3138 ait
3002 3097 3015 3138 :
3049 3105 3077 3131 «
3111 3081 3542 3151 Animadverte,

131 3169 436 3226 tricesimo
469 3169 540 3225 ab
571 3168 737 3224 obitu
769 3185 874 3224 suo
917 3169 1030 3237 die,
1065 3169 1338 3242 apparuit
1382 3169 1540 3242 virgo
1589 3172 1791 3224 sancta
1819 3155 1862 3222 Ο
1900 3155 2099 3244 frater,
2132 3172 2414 3228 visionem
2447 3188 2623 3244 quam
2657 3187 2843 3241 nuper
2870 3169 3087 3236 vidisti,
3109 3187 3303 3226 veram
3326 3187 3454 3226 esse
3475 3171 3546 3227 de

131 3258 306 3314 matri
343 3275 470 3314 suae
495 3256 796 3323 Wlftrudi,
827 3258 1082 3315 formosa
1102 3257 1269 3313 valde
1297 3262 1355 3313 et
1384 3257 1789 3328 hilaris,atque

136 3345 366 3403 lumine
400 3347 558 3402 sicut
586 3347 933 3402 vestimento
963 3345 1180 3402 amicta
1207 3349 1265 3402 et
1293 3346 1793 3420 splendida,dixit—

131 3453 236 3510 que
270 3435 366 3491 illi
400 3452 465 3491 se
494 3435 633 3508 Regi
664 3451 772 3490 suo
795 3435 940 3491 bene
970 3435 1207 3491 charam
1233 3435 1290 3490 in
1343 3434 1530 3508 gloria
1567 3435 1788 3508 sempi-

133 3537 293 3582 terna
329 3542 344 3580 :
378 3525 779 3596 Satanamque
827 3523 1015 3596 ipsam
1065 3540 1262 3580 coram
1311 3524 1411 3580 illo
1459 3541 1787 3594 accusasse,

127 3615 224 3671 sed
250 3617 607 3670 sanctorum
657 3611 1060 3684 apostolorum
1109 3611 1450 3685 patrociniis
1479 3630 1541 3669 se
1571 3611 1790 3668 contri—

126 3704 277 3760 visse
341 3704 525 3773 caput
566 3701 716 3772 ejus,
750 3705 810 3757 et
856 3717 1028 3756 cruce
1077 3700 1310 3756 Domini
1355 3700 1496 3757 Jesu
1545 3717 1679 3756 eum
1729 3717 1792 3756 se

129 3789 546 3863 prostravisse,
579 3793 757 3862 atque
787 3805 856 3845 ex
885 3788 985 3845 illo
1015 3788 1664 3861 triumphasse.Eodem
1686 3788 1790 3844 tri-

131 3881 354 3936 cesimo
385 3877 483 3935 die
512 3882 654 3934 nata
681 3883 771 3935 est
801 3894 869 3934 ex
895 3877 1318 3935 illustrissimis
1352 3877 1671 3951 parentulis
1701 3877 1791 3933 in-

131 3967 383 4035 tantula,
408 3967 482 4023 de
512 3984 633 4039 qua
662 3971 797 4024 ante
826 3968 954 4038 ejus
985 3967 1211 4023 obitum
1243 3971 1443 4041 rogata
1471 3967 1642 4023 beata
1663 3967 1794 4023 Edi-

131 4057 250 4124 tha,
286 4060 359 4113 ut
387 4073 520 4113 eam
552 4073 584 4112 e
613 4072 780 4112 sacro
819 4056 978 4112 fonte
1024 4056 1369 4128 susciperet,
1401 4056 1703 4128 respondit
1731 4073 1795 4112 se

131 4150 570 4218 suscepturam,
598 4145 1095 4217 quemadmodum
1129 4144 1374 4202 Domino
1402 4144 1594 4200 visum
1627 4145 1790 4201 foret.

133 4237 241 4293 Sed
273 4252 416 4290 cum
453 4234 582 4306 ipsa
615 4233 780 4306 prius
809 4239 949 4291 nata
976 4239 1130 4291 esset
1172 4231 1336 4299 cmlo,
1370 4251 1550 4308 quam
1600 4233 1794 4307 puella

133 4325 382 4389 mundo,
418 4322 596 4378 allata
626 4328 718 4380 est
763 4323 958 4396 puella
1005 4324 1076 4379 ad
1126 4323 1454 4390 ecclesiam,
1486 4328 1543 4379 et
1590 4328 1792 4378 sancto

132 4413 335 4486 Elfego
361 4411 530 4466 illam
586 4411 944 4484 baptizante,
975 4417 1032 4467 et
1060 4428 1290 4468 cereum
1321 4411 1373 4468 ei
1402 4413 1673 4467 offerente
1701 4416 1792 4466 at-

1899 3263 2078 3334 hujus
2108 3261 2330 3317 dilectae
2362 3259 2611 3316 dominae
2643 3257 3255 3332 declaratione.Digna
3277 3262 3368 3314 est
3387 3259 3545 3316 enim

1900 3369 2077 3424 quam
2122 3350 2428 3423 terrigenae
2475 3352 2845 3414 venerentur,
2878 3364 3006 3418 quae
3055 3347 3210 3403 inter
3255 3345 3546 3404 ccelicolas

1899 3439 2115 3496 meruit
2145 3437 2446 3505 coronari;
2479 3437 2724 3510 dignum
2758 3439 2846 3492 est
2886 3434 3106 3492 honore
3153 3434 3263 3491 hoc
3310 3451 3543 3508 corpus,

1899 3529 2009 3586 hoc
2038 3527 2325 3599 templum
2356 3525 2658 3599 virginalis
2697 3524 3011 3597 pudicitiae,
3044 3523 3104 3578 in
3154 3540 3269 3597 quo
3320 3528 3550 3580 amator

1897 3616 2254 3690 virginitatis
2301 3614 2563 3688 regnavit
2618 3613 2902 3668 Dominus
2961 3612 3079 3668 Rex
3135 3610 3353 3685 glorias.
3403 3613 3547 3684 Ejus

1899 3705 2075 3762 etiam
2105 3705 2334 3760 Christo
2365 3701 2700 3776 gratissima
2729 3701 3009 3774 suffragia
3039 3700 3386 3757 mortalibus
3407 3704 3550 3757 sunt

1900 3792 2246 3850 necessaria.
2277 3814 2304 3844 »
2341 3793 2425 3848 Ita
2454 3802 2590 3865 ergo
2623 3790 2794 3846 tertio
2825 3789 3020 3846 Nonas
3049 3789 3390 3846 Novembris
3419 3806 3548 3846 cor-

1901 3901 2013 3956 pus
2045 3885 2314 3938 sanctum
2345 3897 2376 3936 e
2405 3884 2561 3936 terra
2584 3879 2830 3948 levatur,
2862 3883 2921 3934 et
2947 3878 3165 3945 omnia,
3199 3877 3351 3934 sicut
3395 3895 3546 3951 prte-

1902 3973 2123 4028 dictum
2154 3974 2297 4036 erat,
2329 3968 2726 4025 inveniuntur.

1969 4060 2023 4116 9.
2053 4059 2376 4116 Monachus
2407 4057 2648 4130 quidam
2673 4055 3266 4120 GlasconiaeEdulfus
3289 4054 3545 4124 nomine,

1903 4148 2208 4205 collectam
2241 4152 2455 4202 temere
2487 4146 2544 4201 in
2578 4162 2786 4218 rugam
2819 4162 2853 4201 a
2881 4161 3120 4217 corpore
3149 4148 3350 4200 sancto
3391 4142 3549 4199 tuni-

1903 4255 2030 4295 cam
2089 4235 2402 4309 prazscidit,
2449 4234 2743 4306 simulque
2804 4238 3074 4290 sanctum
3125 4249 3338 4306 corpus
3398 4233 3548 4288 ferro

1903 4323 2225 4398 percussit;
2251 4321 2558 4378 confestim
2585 4322 2829 4393 sanguis
2855 4321 2990 4376 inde
3010 4320 3551 4393 copiosus,perinde

1903 4418 1970 4469 ut
1999 4413 2145 4468 solet
2175 4429 2249 4468 ex
2272 4427 2417 4466 vena
2443 4410 2942 4482 incisa.prorupit,
2977 4414 3151 4480 atque
3181 4408 3242 4464 in
3281 4413 3470 4466 vestes
3495 4413 3552 4465 et

132 4518 248 4575 que
277 4501 516 4557 dicente
549 4516 564 4555 :
597 4523 627 4550 (ι
660 4499 891 4572 Accipe,
924 4499 1654 4573 puella,lampadem,cum
1678 4517 1796 4572 qua
1825 4523 1873 4586 Ι)
1904 4501 2301 4575 pavimentum
2352 4497 2630 4556 manavit.
2664 4498 2927 4555 Territus
2977 4498 3152 4553 frater
3181 4497 3549 4566 temerarius,

133 4591 398 4647 introeas
430 4589 502 4644 ad
537 4588 776 4660 nuptias
804 4587 1032 4645 Domini
1065 4606 1078 4646 :
1114 4611 1144 4638 ››
1174 4589 1368 4644 subito
1394 4588 1564 4660 quasi
1594 4592 1799 4644 sancta

135 4679 355 4735 Editha
376 4676 540 4732 illam
559 4676 816 4749 puellam
835 4681 1066 4732 tenente
1083 4676 1402 4750 palmulam
1422 4677 1797 4733 tenerrimam

135 4767 474 4841 porrigens,
517 4781 755 4821 cereum
812 4765 1074 4838 suscepit
1119 4781 1185 4821 ac
1234 4765 1439 4822 tenuit.
1488 4765 1620 4820 Mox
1663 4781 1797 4822 vero

137 4860 390 4914 sanctus
434 4854 750 4928 episcopus
778 4853 1014 4928 Elfegus
1061 4853 1344 4910 intellexit
1385 4853 1794 4911 admirandum

139 4943 250 5002 hoc
264 4961 400 5001 esse
423 4941 631 5000 divinae
653 4941 954 4999 electionis
977 4942 1529 5016 praesagium,atque
1551 4943 1800 5016 parenti-

139 5035 254 5091 bus
285 5031 496 5105 puellae
519 5049 534 5088 :
559 5055 588 5082 «
613 5032 774 5088 Hane
795 5030 1146 5088 infantulam
1168 5031 1274 5088 soli
1305 5034 1414 5088 Deo
1438 5032 1796 5105 desponsan-

141 5124 278 5180 (ιω
313 5121 623 5192 nutrite,et
650 5124 784 5194 post
811 5119 1646 5190 ablactationem,monasterio
1667 5138 1798 5177 eam

143 5211 420 5269 tradite.»
445 5211 525 5267 Ea
556 5209 751 5283 puella
781 5207 1085 5282 Brithgina
1114 5209 1160 5279 (l
1172 5210 1264 5279 59)
1293 5209 1585 5282 appellata
1613 5215 1720 5278 est,
1746 5214 1803 5266 et

217 5423 373 5493 (159)
404 5422 666 5479 Brithina
694 5427 933 5480 vocatur
954 5422 1028 5478 ab
1051 5421 1414 5493 Harpsteldin
1435 5421 1492 5476 in
1519 5423 1722 5478 Smculi
1748 5445 1801 5493 x,

153 5512 279 5568 cap.
315 5495 556 5568 iOLuhi
583 5493 921 5553 Theoderici
975 5493 1698 5568 cujrusdamcurationem
1731 5499 1804 5554 ad

155 5563 374 5624 sancta
405 5565 630 5624 Ediths:
658 5568 955 5626 tumulum
987 5563 1098 5624 sub
1129 5564 1241 5621 hac
1271 5563 1565 5625 abbatissa
1589 5567 1806 5624 factam

1905 4591 2125 4648 ferrum
2155 4606 2290 4645 cum
2321 4605 2490 4645 sacra
2526 4587 2732 4660 rapina
2763 4587 3139 4660 projicens,in
3170 4586 3377 4643 faciem
3409 4585 3550 4655 ruit,

1906 4679 2233 4736 admissum
2259 4679 2487 4734 facinus
2513 4677 2787 4750 lacrymis
2810 4676 3041 4749 expiare
3059 4676 3394 4743 contendit;
3428 4691 3554 4730 sur-

1906 4785 2050 4840 gens
2080 4766 2215 4822 inde
2246 4766 2474 4822 nullum
2506 4782 2747 4837 prorsus
2777 4781 3044 4821 cruorem
3094 4763 3256 4820 vidit.
3291 4765 3555 4836 Itemque

1907 4873 2072 4914 soror
2098 4856 2388 4928 quaedam,
2422 4858 2488 4910 ut
2517 4857 2724 4910 conata
2752 4857 2842 4910 est
2871 4854 2944 4910 de
2971 4854 3119 4910 vitta
3148 4853 3298 4910 sacri
3343 4853 3553 4926 capitis

1907 4949 2132 5020 partem
2161 4944 2523 5012 abscindere,
2557 4943 2706 4999 miro
2737 4943 2910 4999 modo
2941 4943 3222 5016 impedita
3250 4947 3359 5011 est,
3391 4941 3552 4999 vitali

1906 5033 2094 5106 capite
2123 5050 2185 5088 se
2217 5031 2536 5098 attollente,
2567 5036 2625 5088 et
2652 5032 3022 5089 temerariam
3057 5031 3271 5088 minaci
3292 5031 3558 5106 indigna-

1907 5123 2066 5180 tione
2097 5123 2442 5178 deterrente.
2551 5117 2558 5122 ’

1987 5213 2078 5267 10.
2109 5211 2312 5268 Clerici
2370 5209 2664 5266 Pictorum
2723 5211 2784 5266 in
2837 5228 3015 5285 capsa
3070 5209 3559 5268 circumferebant

1916 5426 2339 5480 commemorat
2382 5426 2764 5498 exi/Brunonc
2807 5423 3069 5481 Tullensi
3119 5423 3428 5498 Episcopo,
3460 5421 3565 5493 qui

1916 5501 2119 5567 postea
2144 5501 2248 5552 Leo
2281 5511 2433 5568 papa
2463 5497 2552 5553 IX.
