3960 6064
196 250 316 313 117

1168 249 1234 312 S.
1274 247 1705 312 LAURENTII
1748 247 2100 311 ELOGIUM
2146 248 2647 313 HISTORICUM.

3498 243 3618 307 118

266 386 325 443 3.
355 384 689 442 Laurentius
710 383 998 457 presbyter
1022 390 1075 440 et
1092 381 1413 440 monachus.
1446 412 1517 422 —
1564 379 1849 437 Dubitant
1873 379 1932 447 Α
1960 379 2175 438 Christi
2190 381 2447 439 Ecclesia
2466 381 2878 455 tenere;cujus
2897 378 3138 438 videlice
3184 379 3443 452 epistola:
3462 377 3621 452 prin’

195 474 466 533 nonnulli
502 492 579 531 an
605 472 956 531 Laurentius
975 489 1046 529 ex
1064 472 1233 529 Italia
1250 488 1385 528 cum
1404 470 1752 544 Augustino,
1778 487 1851 526 an

195 583 265 624 ex
291 564 491 622 Gallia
516 565 576 621 in
606 563 970 621 Britanniam
1001 563 1076 619 ab
1105 563 1233 637 ipso
1264 566 1537 619 evocatus
1558 561 1850 634 profectus

192 654 289 712 sit.
322 654 619 711 Dubitant
641 653 822 710 etiam
854 652 1105 709 fueritne
1136 651 1484 719 monachus,
1516 666 1687 723 quem
1712 650 1849 707 Gre-

191 744 401 818 gorius
430 742 656 815 passim
686 742 915 811 (6336.,
946 740 1047 797 lib.
1079 757 1158 810 ιχ,
1194 740 1366 814 epist.
1398 742 1491 811 52,
1521 741 1615 806 55,
1645 740 1735 811 56)
1794 742 1852 794 et

190 834 351 889 Beda
396 832 778 905 presbyterum
824 829 1141 903 appellant.
1192 830 1273 887 De
1323 830 1513 903 primo
1553 827 1851 901 explorata

187 922 431 979 videtur
472 937 603 978 esse
651 936 767 987 res,
816 923 943 976 tum
989 936 1059 976 ex
1088 918 1384 976 Gotselino
1416 935 1595 991 supra
1622 922 1750 973 tum
1781 933 1850 973 ex

188 1011 319 1085 ipso
354 1011 516 1067 facto
542 1008 855 1083 Augustini
884 1008 985 1082 qui
1006 1031 1037 1059 «
1061 1007 1536 1081 archiepiscopus
1555 1007 1715 1080 genti
1740 1010 1851 1061 An-

188 1100 431 1175 glorum
464 1099 791 1166 ordinatus,
826 1121 856 1148 »
887 1098 1080 1171 inquit
1109 1098 1261 1155 Beda
1290 1096 1350 1153 in
1381 1097 1528 1153 Hist.
1562 1096 1665 1152 lib.
1701 1111 1742 1163 1,
1792 1111 1847 1151 c.

187 1192 279 1258 26,
318 1211 352 1242 «ί
377 1189 549 1246 misit
570 1187 849 1245 continuo
874 1188 1120 1244 Romam
1151 1186 1529 1242 Laurentium
1556 1185 1851 1258 presbyte-

189 1296 325 1336 rum
354 1283 420 1336 et
450 1278 687 1335 Petrum
716 1276 1093 1343 monachum,
1126 1275 1229 1349 qui
1259 1276 1319 1330 Β.
1353 1274 1613 1348 pontiﬁci
1639 1275 1848 1347 Grego-

190 1368 275 1426 rio
304 1372 551 1442 gentem
579 1367 901 1441 Anglorum
930 1366 1107 1422 ﬁdem
1135 1364 1353 1422 Christi
1384 1364 1677 1437 accepisse
1696 1381 1765 1420 ac
1784 1381 1847 1420 se

188 1458 543 1531 episcopum
576 1455 797 1512 factum
826 1471 955 1512 esse
984 1454 1298 1522 referrent;
1337 1475 1365 1503 »
1396 1470 1511 1510 non
1551 1452 1845 1508 missurus

189 1547 455 1621 profecto
486 1544 601 1601 nisi
629 1561 780 1618 quos
809 1544 995 1601 Roma
1021 1560 1220 1599 secum
1244 1543 1552 1611 adductos,
1570 1540 1844 1614 Gregorio

192 1640 366 1695 notos
395 1634 672 1691 habebat.
705 1622 790 1690 Ex
816 1649 934 1707 quo
964 1636 1208 1706 apparet
1236 1631 1412 1688 etiam
1461 1629 1842 1687 Laurentium

188 1725 554 1784 monachum
586 1723 792 1789 fuisse,
823 1739 959 1779 cum
988 1720 1225 1778 nonnisi
1246 1743 1274 1771 «
1298 1720 1620 1776 monachos
1640 1719 1846 1776 timen-
1874 1756 1922 1822 B

186 1819 277 1873 tes
306 1815 505 1871 Deum
535 1814 701 1885 (Bm
728 1813 836 1869 lib.
866 1830 906 1881 ι,
928 1828 981 1869 c.
1002 1812 1096 1880 25)
1119 1833 1149 1861 »
1169 1828 1239 1868 ex
1261 1810 1431 1867 Italia
1451 1809 1765 1882 Gregorius
1783 1808 1845 1865 in

186 1903 471 1980 Angliam
501 1901 744 1958 miserit.
778 1901 1064 1969 Quoniam
1093 1917 1229 1957 vero
1257 1899 1508 1956 rariores
1529 1902 1659 1955 tum
1680 1900 1848 1954 erant

190 1995 253 2051 in
273 1991 661 2050 monasteriis
680 1990 1022 2065 presbyteri,
1046 1990 1157 2048 hos
1176 1990 1567 2063 presbyteros,
1589 2004 1706 2043 non
1726 2003 1847 2042 mo-

191 2083 425 2142 nachos
456 2080 750 2155 appellem
780 2080 1068 2148 solebant,
1101 2096 1217 2153 quo
1248 2078 1486 2135 nomine
1514 2077 1665 2135 Beda
1689 2092 1843 2150 pres-

194 2175 354 2247 byter
381 2170 665 2229 celebrari
695 2169 1013 2226 consuevit.
1044 2168 1208 2225 Adde
1235 2167 1297 2224 in
1316 2166 1576 2224 Ecclesia
1595 2169 1842 2222 Cantua-

192 2261 379 2321 riensi
412 2261 489 2317 ab
514 2257 841 2335 Augustino
873 2259 943 2315 ad
973 2257 1151 2331 longa
1177 2274 1366 2330 usque
1395 2261 1679 2329 tempora,
1710 2254 1843 2311 nul-

190 2353 285 2410 los
335 2347 636 2408 antistites
681 2347 796 2405 nisi
823 2347 1141 2405 monachos
1172 2346 1495 2420 praefuisse.
1528 2346 1742 2402 Bedam
1773 2345 1845 2401 de

196 2439 517 2500 Laurentio
544 2438 831 2495 dicentem
858 2436 1188 2495 audiamus.

266 2532 325 2587 4.
356 2530 687 2586 Laurentius
733 2543 1000 2584 successor
1043 2528 1113 2582 ab
1160 2526 1461 2595 Augustino
1508 2524 1839 2596 designatus,

193 2628 420 2677 strenue
464 2618 713 2690 ofﬁcium
753 2618 1081 2689 exsequitur.
1116 2647 1184 2657 —
1218 2636 1247 2666 «
1278 2614 1571 2671 Successit
1612 2614 1841 2686 Augus-

194 2709 344 2775 tino,
379 2730 410 2758 υ
443 2706 639 2778 inquit
667 2704 766 2761 lib.
799 2723 838 2774 ι,
872 2722 998 2778 cap.
1032 2705 1087 2774 4,
1114 2727 1147 2771 ς(
1179 2703 1239 2759 in
1268 2702 1670 2776 episcopatum
1701 2702 1845 2757 Lau-

196 2797 427 2855 rentius
455 2812 470 2854 :
502 2808 676 2869 quem
702 2793 828 2866 ipse
854 2793 1071 2850 idcirco
1102 2792 1293 2849 adhuc
1319 2792 1520 2849 vivens
1548 2790 1847 2847 ordinave-

196 2891 309 2955 rat,
343 2902 417 2941 ne
450 2902 513 2941 se
538 2883 811 2940 defuncto
834 2886 1024 2939 status
1041 2880 1311 2938 Ecclesiae
1332 2885 1455 2937 tam
1476 2879 1641 2936 rudis
1660 2878 1747 2935 vel
1770 2878 1843 2935 ad

196 2975 407 3032 horam
440 2976 671 3047 pastore
691 2972 1005 3028 destitutus
1023 2970 1291 3027 vacillare
1313 2969 1615 3041 inciperet.
1640 2969 1705 3024 In
1727 2984 1844 3040 quo

198 3069 255 3122 et
283 3061 617 3136 exemplum
645 3060 1000 3132 sequebatur
1026 3059 1201 3132 primi
1249 3058 1503 3132 pastoris
1549 3056 1839 3125 Ecclesiae,

197 3152 309 3210 hoc
338 3156 430 3209 est
452 3148 779 3208 beatissimi
797 3147 1193 3221 apostolorum
1215 3146 1497 3223 principis
1516 3146 1689 3213 Petri,
1714 3145 1837 3218 qui,

200 3240 447 3297 fundata
475 3239 668 3297 Romae
690 3236 951 3293 Ecclesia
971 3235 1206 3303 Christi,
1231 3236 1588 3293 Clementem
1611 3234 1723 3291 sibi
1745 3234 1841 3291 ad-

185 3331 456 3403 jutorem
484 3324 915 3400 evangelizandi
946 3324 1123 3381 simul
1146 3328 1203 3382 et
1224 3340 1621 3381 successorem
1645 3340 1842 3379 conse-

195 3435 396 3476 crasse
425 3415 779 3490 perhibetur.
814 3436 844 3464 ››
870 3414 988 3471 Hoc
1009 3419 1066 3471 et
1083 3413 1379 3469 Valerium
1404 3413 1839 3486 Hipponensem

191 3530 221 3558 α
254 3511 467 3564 contra
494 3521 713 3561 morem
745 3502 1013 3560 Ecclesiae
1048 3525 1076 3553 ››
1106 3502 1418 3576 ριιεεῐὶιίεεθ
1445 3502 1505 3557 in
1554 3516 1837 3574 magnum

190 3594 635 3670 Augustitinum
648 3591 1019 3649 Possidiusin
1034 3590 1503 3664 AugustiniVita,
1519 3608 1646 3663 cap.
1661 3592 1715 3658 8,
1731 3607 1839 3645 au-

191 3689 322 3743 ctor
348 3688 458 3741 est.
491 3706 521 3733 ‹‹
555 3681 907 3738 Laurentius
935 3679 1469 3753 archiepiscopatus
1490 3679 1676 3753 gradu
1697 3678 1840 3751 poti-

190 3779 313 3843 tus,
347 3772 755 3831 strenuissime
785 3770 1167 3826 fundamenta
1194 3767 1463 3825 Ecclesia:
1485 3785 1612 3841 qua
1635 3767 1841 3823 nobili-

190 3866 282 3917 ter
305 3862 473 3934 jacta
496 3858 665 3925 vidit,
697 3861 1078 3931 augmentare
1106 3860 1280 3929 atque
1308 3857 1380 3912 ad
1404 3857 1725 3928 perfectum
1747 3857 1840 3912 de-

188 3949 299 4006 biti
330 3947 611 4006 culminis
640 3951 699 4003 et
724 3947 928 4003 crebra
947 3962 1085 4002 voce
1108 3949 1321 4002 sanctae
1343 3944 1760 4001 exhortationis
1783 3949 1840 4002 et

191 4037 493 4095 continuis
522 4037 630 4109 piae
654 4034 1089 4108 operationibus
1110 4033 1389 4106 exemplis
1411 4034 1724 4107 provehere
1742 4052 1841 4091 cu-

190 4126 363 4183 ravit.
397 4124 660 4198 Denique
689 4142 805 4180 non
837 4123 1029 4180 solum
1051 4140 1208 4179 novas
1231 4140 1358 4194 quae
1381 4123 1453 4178 de
1473 4122 1696 4196 angelis
1716 4128 1840 4181 erat

192 4214 443 4271 collecta
458 4212 727 4270 Ecclesia:
747 4226 950 4269 curam
971 4212 1227 4285 gerebat,
1252 4211 1354 4266 sed
1374 4215 1431 4267 et
1445 4215 1704 4267 veterum
1724 4213 1839 4267 Bri-

187 4303 408 4359 tanniae
438 4302 784 4368 incolarum,
815 4317 920 4357 nec
950 4317 1065 4355 non
1089 4304 1148 4356 et
1168 4300 1495 4367 Scotorum,
1519 4300 1620 4372 qui
1642 4301 1819 4357 Hiber

187 4389 353 4446 uiam
386 4388 645 4453 insulam
682 4388 994 4444 Britannias
1012 4386 1335 4460 proximam
1353 4386 1639 4458 incolunt,
1660 4405 1840 4462 popu-

1961 470 2181 544 cipium
2210 471 2320 528 hoc
2350 475 2441 528 est
2472 489 2486 527 :
2525 494 2553 523 «
2584 472 2848 529 Dominis
2889 470 3255 528 charissimis
3308 472 3613 542 fratribus,

1963 582 1992 611 «
2021 561 2312 633 episcopis
2341 562 2428 617 vel
2462 560 2774 618 abbatibus
2803 578 2906 634 per
2946 559 3281 617 universam
3333 561 3631 630 Scotiam,

1961 672 1990 701 «
2024 650 2393 718 Laurentius,
2429 651 2683 707 Mellitus
2714 651 2820 707 etJ
2829 653 2997 707 ustus
3028 648 3464 723 episcOpi,servi
3495 667 3613 707 ser'

1963 762 1992 791 «
2019 757 2225 795 verum
2256 741 2377 797 Dei.
2411 742 2562 796 Dum
2590 758 2697 797 nos
2728 741 2892 797 sedes
2924 739 3245 813 apostolica
3274 757 3435 795 more
3476 757 3611 809 suo,

1958 852 1987 880 «
2022 829 2174 885 sicut
2205 829 2265 884 in
2298 830 2568 886 universo
2608 831 2746 886 orbe
2792 834 3100 896 terrarum,
3132 828 3203 889 in.
3224 829 3317 885 his
3346 828 3608 885 occiduis

1958 940 1987 969 «
2016 919 2284 990 partibus
2315 919 2387 974 ad
2420 919 2856 992 praedicandum
2889 918 3162 991 gentibus
3193 919 3438 992 paganis
3469 918 3606 974 diri-

1960 1030 1989 1059 «
2015 1013 2196 1081 geret,
2229 1012 2404 1080 atque
2434 1007 2494 1063 in
2525 1008 2678 1064 hanc
2710 1007 2967 1063 insulam
2989 1024 3117 1079 quae
3138 1007 3441 1063 Britannia
3461 996 3609 1063 nun-

1958 1119 1985 1147 «
2018 1101 2268 1169 cupatur
2298 1097 2544 1171 contigit
2564 1095 2835 1152 introisse
2857 1114 2869 1163 ;
2895 1101 3211 1168 antequam
3233 1112 3606 1169 cognoscere-

1957 1208 1987 1236 ‹‹
2019 1202 2173 1251 mus,
2207 1186 2507 1242 credentes
2562 1187 2718 1257 quod
2763 1187 2935 1257 juxta
2980 1202 3204 1241 morem
3253 1185 3604 1241 universalis

1955 1296 1986 1324 «
2019 1273 2286 1331 Ecclesiae:
2306 1273 2835 1348 ingrederentur,in
2860 1290 3083 1348 magna
3115 1274 3438 1330 reverentia
3467 1291 3602 1330 san-

1958 1385 1986 1416 «
2011 1364 2230 1421 ctitatis
2258 1347 2389 1419 tam
2412 1363 2702 1420 Brittones
2751 1347 2928 1436 quam
2969 1364 3171 1418 Scotos
3219 1362 3474 1418 venerati
3501 1379 3600 1418 su-

1955 1475 1983 1503 ‹‹
2018 1470 2173 1509 mus.
2208 1453 2319 1509 Sed
2349 1456 2765 1526 cognoscentes
2796 1451 3103 1518 Brittones,
3137 1451 3365 1508 Scottos
3397 1450 3599 1509 melio-

1953 1564 1983 1592 «
2016 1557 2109 1598 res
2140 1541 2733 1614 putavimus.Scottos
2762 1559 2893 1597 vero
2924 1558 3028 1613 per
3055 1542 3361 1615 Daganum
3385 1540 3601 1614 episco-

1956 1652 1984 1682 ι(
2016 1648 2180 1704 pum,
2214 1631 2275 1687 in
2304 1632 2456 1688 hanc
2487 1647 2664 1704 quam
2704 1631 2977 1704 superius
3027 1630 3483 1687 memoravimus
3508 1632 3598 1686 in-

1954 1743 1983 1771 «
2017 1720 2233 1791 sulam,
2263 1725 2322 1776 et
2351 1720 2778 1776 Columbanum
2829 1720 3100 1777 abbatem
3148 1719 3208 1775 in
3256 1718 3458 1776 Galliis
3503 1737 3598 1776 ve-

1963 1830 1990 1863 ιι
2018 1809 2297 1879 nientem,
2318 1808 2466 1865 nihil
2496 1809 2826 1881 discrepare
2849 1826 2884 1865 a
2912 1808 3274 1866 Brittonibus
3303 1809 3364 1865 in
3395 1826 3598 1865 eorum

1957 1920 1986 1949 «
2012 1898 2448 1955 conversatione
2476 1897 2963 1955 didicimus.Nam
2983 1899 3258 1971 Daganus
3288 1898 3598 1970 episcopus

1957 2009 1986 2039 ‹‹
2017 1988 2090 2045 ad
2120 2005 2227 2045 nos
2257 1988 2516 2056 veniens,
2549 2005 2665 2044 non
2697 1986 2889 2043 solum
2919 1987 3117 2044 cibum
3146 1987 3594 2055 nobiscum,sed

1956 2098 1985 2127 «
2014 2093 2121 2133 nec
2149 2076 2209 2145 in
2240 2077 2440 2135 eodem
2475 2075 2729 2149 hospitio
2770 2094 2886 2150 quo
2931 2077 3332 2145 vescebamur,
3363 2092 3597 2133 sumere

1952 2189 1980 2217 ‹‹
2012 2164 2214 2222 voluit.
2251 2189 2279 2217 »

2023 2323 2050 2350 ‹‹
2085 2299 2245 2356 Misit
2274 2299 2428 2356 enim
2457 2300 2807 2356 Laurentius
2857 2317 2992 2355 cum
3040 2299 3399 2373 coepiscopis
3443 2300 3592 2369 suis,

1951 2388 2128 2445 etiam
2160 2390 2487 2445 Brittonum
2535 2388 2934 2445 sacerdo‘tibns
2978 2388 3204 2445 litteras
3252 2406 3358 2445 suo
3406 2391 3593 2462 gradu

1951 2479 2294 2552 condignas,
2329 2478 2545 2550 quibus
2573 2494 2672 2534 eos
2703 2477 2764 2532 in
2797 2478 3019 2534 unitate
3049 2479 3336 2535 catholica
3384 2480 3594 2536 confir-

1952 2585 2112 2624 mare
2143 2567 2372 2641 sategit.
2407 2569 2515 2624 Sed
2563 2572 2847 2639 quantum
2882 2568 3003 2623 haec
3033 2570 3256 2642 agendo
3288 2570 3597 2641 profecerit

1952 2657 2143 2713 adhuc
2201 2658 2511 2730 praesentia
2558 2662 2824 2729 tempora
2871 2656 3184 2714 declarent.
3218 2680 3246 2710 »
3281 2658 3595 2731 Reliquum

1951 2746 2210 2818 epistolae
2240 2746 2755 2803 desideratur.Non
2786 2746 2974 2802 caruit
2996 2747 3186 2802 fructu
3207 2746 3308 2803 illa
3327 2747 3593 2822 epistola,

1951 2835 2038 2890 uti
2066 2839 2296 2892 constat
2342 2852 2411 2891 ex
2454 2835 2598 2890 Vitae
2647 2836 2707 2891 S.
2744 2835 3037 2891 Laurentii
3084 2853 3187 2908 per
3232 2837 3596 2893 Gotselinum

1952 2923 2179 2996 scripta:
2206 2923 2715 2999 fragmento,quod
2743 2923 3008 2981 Usserius
3037 2924 3097 2979 in
3131 2925 3286 2980 notis
3317 2926 3389 2981 ad
3421 2926 3594 2998 epist,

1948 3014 1984 3066 7
2015 3012 2248 3068 Hibern.
2283 3013 2366 3068 sic
2396 3013 2589 3068 reddit
2618 3030 2630 3068 :
2669 3035 2697 3063 (ι
2729 3013 2787 3068 S.
2813 3013 3150 3069 Terenanus
3171 3013 3597 3086 archipontifex

1876 3127 1918 3195 α
1953 3100 2242 3195 Hibernize
2284 3101 2356 3156 ad
2400 3100 2939 3195 eum-transiit,-vir
2967 3102 3501 3195 tantaa‘sanctitatis
3526 3107 3596 3195 ut

1950 3193 2069 3244 tres
2099 3192 2361 3245 mortuos
2392 3188 2708 3245 suscitasse
2728 3188 3239 3261 perhibeatur.Qui
3262 3191 3506 3246 audiens
3526 3191 3589 3248 B.

1946 3276 2322 3337 Laurentium
2336 3279 2404 3334 de
2423 3278 2653 3335 Paschae
2682 3278 3080 3334 observatione
3102 3278 3348 3352 aliisque
3369 3283 3596 3352 aposto-

1947 3366 2078 3423 licis
2109 3367 2579 3423 institutionibus
2612 3372 2817 3423 mutuo
2848 3371 3134 3423 conventu
3167 3369 3589 3441 disputantem,

1948 3456 2109 3512 dedit
2125 3474 2336 3512 manus
2352 3456 2866 3529 veritati,suosque
2882 3456 3202 3529 discipulos
3218 3457 3595 3531 indignantes

1948 3546 2105 3619 quod
2132 3550 2252 3602 tam
2285 3544 2515 3600 divinus
2542 3544 2631 3599 vir
2658 3543 2761 3600 tali
2790 3546 3021 3601 advenae
3051 3546 3479 3619 subjaceret,ad
3505 3564 3596 3604 ve-

1947 3635 2139 3692 ritatis
2155 3635 2371 3691 lineam
2395 3651 2503 3690 suo
2525 3633 2788 3706 exemplo
2811 3651 2945 3689 cum
2967 3651 3076 3690 sua
3095 3637 3266 3708 gente
3289 3635 3594 3702 correxit,»

1947 3725 2005 3780 id
2037 3728 2125 3780 est
2154 3724 2505 3797 arguitchec
2536 3724 2691 3779 enim
2721 3722 2964 3795 quaestio
2995 3728 3203 3797 agente
3232 3724 3291 3780 S.
3324 3724 3594 3781 Wilfrido

1947 3831 2099 3869 anno
2132 3812 2341 3868 Christi
2372 3813 2477 3868 664
2509 3811 2749 3868 definita
2779 3829 2846 3867 ac
2876 3829 3021 3884 pene
3065 3813 3257 3885 sopita
3304 3818 3414 3870 est.
3448 3820 3595 3889 Lege

1946 3902 2107 3959 Bedte
2137 3901 2283 3957 Hist.
2316 3900 2416 3956 lib.
2453 3918 2536 3967 III,
2569 3917 2696 3972 cap.
2728 3903 2799 3956 25
2829 3906 2887 3956 et
2913 3902 3004 3955 26.

2015 4037 2071 4091 6.
2106 4034 2328 4104 Gregem
2383 4034 2675 4090 relicturus
2727 4050 2763 4088 a
2815 4035 2877 4088 Β.
2938 4037 3103 4089 Petro
3149 4035 3463 4107 corripitur.
3521 4067 3590 4077 —

1947 4147 1975 4174 ‹‹
2010 4124 2155 4179 Cum
2180 4140 2314 4178 vero
2346 4123 2715 4187 Laurentius,
2750 4143 2778 4173 »
2812 4122 2893 4178 ait
2920 4123 3077 4179 Beda
3107 4140 3233 4197 cap.
3261 4126 3316 4191 6,
3350 4147 3377 4175 ‹‹
3411 4124 3590 4182 Melli-

1946 4217 2075 4269 tum
2100 4213 2453 4285 Justumque
2484 4214 2815 4280 secuturus,
2847 4229 2915 4267 ac
2947 4212 3306 4269 Britanniam
3332 4217 3487 4270 esset
3506 4231 3591 4270 re-

1944 4301 2211 4368 licturus,
2224 4300 2408 4371 jussit
2432 4301 2561 4372 ipsa
2584 4300 2696 4355 sibi
2722 4304 2891 4356 nocte
2919 4302 2980 4356 in
3008 4301 3253 4358 ecclesia
3283 4303 3589 4358 beatorum

1946 4389 2341 4462 apostolorum
2377 4389 2528 4444 Petri
2558 4394 2614 4444 et
2644 4388 2828 4457 Pauli,
2860 4389 2931 4445 de
2960 4407 3079 4463 qua
3107 4392 3439 4463 frequenter
3460 4392 3588 4462 jam

184 4477 265 4535 lis
292 4475 648 4551 pastoralem
677 4476 1013 4549 impendere
1042 4475 1283 4532 curabat
1304 4474 1780 4532 sollicitudinem.
1808 4500 1835 4526 »
1867 4498 1916 4563 Ι)
1947 4479 2225 4545 diximus,
2258 4482 2509 4535 stratum
2548 4478 2775 4550 parari;
2808 4478 2865 4532 in
2899 4496 3015 4551 quo
3044 4496 3178 4535 cum
3210 4484 3344 4551 post
3374 4478 3591 4534 multas

257 4568 317 4622 5.
349 4565 538 4623 Scotos
593 4564 664 4621 ad
719 4567 865 4621 ritus
918 4565 1206 4621 catholicos
1263 4564 1529 4642 adducere
1584 4572 1831 4622 conatur.

182 4656 492 4729 Epictetum
520 4654 590 4709 ad
616 4670 705 4711 eos
732 4656 943 4711 scribit.
974 4685 1044 4695 ——
1073 4676 1102 4704 «
1138 4653 1439 4726 Siquidem
1471 4653 1571 4709 ubi
1603 4655 1831 4711 Scotto-

185 4760 325 4800 rum
354 4743 597 4816 praefata
624 4743 888 4817 ipsorum
902 4742 1112 4816 patria,
1129 4743 1491 4814 quomodoet
1503 4743 1832 4799 Brittonum

184 4831 250 4890 in
283 4822 417 4906 ipsa
444 4831 761 4900 Britannia,
791 4830 968 4887 vitam
999 4848 1066 4887 ac
1089 4832 1509 4904 professionem
1530 4831 1729 4889 minus
1750 4849 1835 4889 ec-

186 4920 584 4979 clesiasticam
612 4920 675 4977 in
705 4920 911 4978 multis
941 4936 1070 4977 esse
1093 4920 1379 4995 cognovit,
1404 4920 1657 4978 maxime
1677 4923 1833 4995 quod

188 5009 429 5067 Pascha
457 5008 886 5065 solemnitatem
907 5025 1024 5064 non
1044 5025 1150 5064 suo
1170 5012 1431 5081 tempore
1452 5007 1832 5080 celebrarent,

188 5100 318 5169 sed,
351 5103 417 5154 ut
445 5116 626 5172 supra
653 5098 965 5155 docuimus
995 5101 1133 5169 (cap.
1164 5100 1242 5167 2),
1276 5114 1310 5153 a
1342 5102 1551 5171 quarta
1607 5099 1836 5156 decima

186 5187 336 5245 luna
362 5204 551 5260 usque
581 5188 653 5244 ad
676 5186 1017 5244 vicesimam
1040 5185 1352 5243 Dominicze
1376 5187 1838 5253 Resurrectionis

188 5277 347 5335 diem
380 5278 810 5334 observandum
840 5294 970 5333 esse
1000 5281 1296 5349 putarent,
1326 5276 1532 5349 scipsit
1560 5295 1697 5334 cum
1745 5297 1838 5336 co-

186 5366 479 5441 episcopis
510 5367 635 5424 suis
664 5365 1118 5424 exhortatoriam
1152 5366 1225 5421 ad
1256 5382 1353 5420 eos
1386 5366 1712 5437 epistolam,
1738 5369 1834 5425 ob-

190 5473 427 5513 secrans
453 5473 554 5513 eos
585 5461 640 5513 et
670 5461 1031 5526 contestans,
1065 5454 1354 5511 unitatem
1387 5458 1545 5528 pacis
1565 5462 1623 5514 et
1643 5459 1836 5514 catho-

189 5542 312 5603 lico:
341 5544 762 5605 observationis
788 5562 930 5606 cum
960 5560 1031 5602 ea
1060 5559 1193 5616 quae
1214 5544 1336 5598 toto
1358 5542 1493 5601 orbe
1510 5543 1727 5602 ditt‘usa
1755 5554 1846 5605 est

1945 4584 2145 4641 preces
2171 4585 2238 4623 ac
2266 4567 2553 4637 lacrymas
2585 4568 2657 4622 ad
2689 4566 2872 4623 Deum
2904 4584 3008 4639 pro
3034 4571 3189 4624 statu
3211 4566 3480 4624 Ecclesia:
3507 4568 3590 4623 fu-

1943 4674 2040 4713 sas
2067 4657 2137 4711 ad
2161 4656 2581 4728 quiescendum
2603 4657 2866 4711 membra
2880 4657 3175 4728 posuisset
3189 4660 3363 4728 atque
3384 4657 3592 4713 obdor-

1944 4746 2168 4813 misset,
2202 4746 2473 4818 apparuit
2502 4745 2553 4800 ei
2585 4743 2962 4801 beatissimus
2999 4745 3393 4817 apostolorum
3427 4745 3590 4818 prin-

1942 4839 2162 4908 ceps,et
2184 4834 2365 4891 multo
2396 4833 2564 4889 illum
2596 4836 2855 4906 tempore
2876 4838 3113 4891 secretae
3134 4833 3321 4891 noctis
3342 4834 3590 4908 ﬂagellis

1941 4924 2265 4981 acrioribus
2293 4922 2575 4990 afﬁciens,
2607 4923 3015 4981 sciscitabatur
3052 4923 3373 4996 apostolica
3391 4924 3589 4980 distri-

1941 5013 2133 5069 ctione
2163 5029 2344 5086 quare
2371 5029 2606 5086 gregem
2638 5029 2813 5085 quem
2845 5013 2955 5070 sibi
2985 5014 3111 5088 ipse
3131 5015 3476 5081 crediderat,
3504 5030 3591 5071 re-

1943 5100 2252 5173 linqueret,
2284 5100 2370 5156 vel
2401 5100 2493 5155 cui
2525 5106 2824 5173 pastorum
2862 5112 2994 5159 oves
3044 5103 3280 5174 Christi,
3303 5103 3365 5160 in
3394 5103 3590 5159 medio

1946 5190 2223 5262 luporum
2254 5188 2474 5262 positas
2507 5188 2738 5262 fugiens
2779 5191 2905 5264 ipse
2951 5192 3290 5249 dimitteret.
3335 5193 3415 5249 Au
3459 5193 3593 5259 mei,

1952 5279 2166 5352 inquit,
2200 5279 2398 5336 oblitus
2426 5295 2480 5335 es
2508 5281 2763 5351 exempli,
2796 5284 2894 5353 qui
2924 5298 3026 5354 pro
3072 5284 3322 5353 parvulis
3371 5281 3605 5350 Christi,

1955 5386 2087 5440 quos
2116 5370 2258 5424 mihi
2290 5368 2345 5421 in
2378 5369 2797 5439 imlicz‘mnsum
2845 5372 3152 5427 dilectionis
3197 5370 3610 5430 commendave-

1956 5468 2065 5525 rat,
2124 5456 2366 5522 rincula,
2415 5459 2660 5525 verbera,
2706 5475 2966 5527 carceres,
3004 5460 3375 5533 ‘afffictiones,
3436 5461 3631 5530 ipsam

1960 5557 2239 5620 postremo.
2258 5553 2508 5616 mortem,
2537 5554 2765 5603 mortem
2793 5559 2980 5607 autem
3025 5551 3224 5616 crucis,
3259 5551 3327 5607 ab
3377 5547 3639 5619 infideli-
