3942 6056
333 244 442 305 131

771 369 1102 427 ANNALES
1142 369 1529 428 BARENSES.

329 461 684 536 profectione
729 459 790 516 in
839 458 1196 533 Monopolim
1244 458 1484 532 iniquus
1533 460 1718 516 facere
1750 476 1865 516 non
1897 458 1970 513 ti-

327 551 498 606 muit.

400 640 559 695 1013.
595 639 711 695 Hoc
738 653 890 694 anno
920 653 1122 694 mense
1152 637 1478 710 Septembri
1520 636 1821 693 descendit
1850 637 1969 691 Tu-

1584 238 1765 301 LUPI
1800 237 2466 306 PROTOSPA’I‘ABII.

1998 382 2047 445 A

3611 246 3727 308 132

2437 367 2668 426 LUPUS
2709 368 3367 428 PROTOSPATABIUS.

2081 457 2173 513 nis
2206 459 2265 513 in
2295 459 2568 526 Tarento,
2599 462 2655 514 et
2682 458 2765 514 ibi
2796 460 2950 516 cedit
2976 459 3075 517 ille
3104 476 3240 517 cum
3270 462 3474 521 multis
3510 467 3725 522 Baren-

2083 547 2268 602 sibus.

2148 635 2274 690 992.
2309 637 2483 693 Facta
2513 639 2601 692 est
2630 635 2814 693 fames
2842 653 3061 712 magna
3100 656 3207 712 per
3236 656 3476 698 omnem
3510 643 3574 678 ¹²³
3609 643 3723 700 Ita-

324 726 530 787 bacchi
562 726 1069 800 protbospatarius
1100 730 1158 782 et
1182 726 1404 782 Pardus
1434 725 1716 797 patricius
1741 725 1971 780 etNico-
2076 723 2217 781 liam
2248 726 2333 780 ην.

323 818 456 876 laus
486 814 959 888 archiepiscopus
992 815 1304 871 Idruntum
1335 831 1475 870 cum
1511 813 1876 887 Chrysubulo
1904 814 1967 848 1³⁷

2146 815 2271 871 993.
2308 815 2631 872 Defunctus
2659 819 2748 873 est
2778 817 2891 874 Pao
2924 818 2989 853 ³³0
3005 818 3726 898 archiepiscopus,etChry

323 912 381 965 et
409 905 709 979 Simpatia.
745 906 910 961 Tunc
938 904 1063 978 ipse
1101 903 1342 977 iniquus
1390 901 1677 961 Maniachi
1726 902 1969 975 paciﬁca
2077 907 2373 960 sostomus
2402 904 2660 962 elevatus
2690 911 2780 962 est
2808 907 2893 962 13‘.

325 996 530 1053 fraude
561 995 646 1051 eis
675 992 904 1050 obviam
935 994 1153 1061 exiens,
1190 992 1392 1049 statim
1422 991 1604 1047 occidi
1624 990 1807 1063 jussit
1836 992 1967 1047 Par-

2147 993 2272 1048 994.
2307 994 2558 1050 Obsessa
2588 998 2677 1052 est
2707 995 2927 1053 Matera
2969 1013 3004 1054 a
3053 1002 3223 1072 gente
3266 1000 3722 1060 Sarracenorum

324 1087 466 1144 dum
497 1083 715 1159 gladio,
746 1087 804 1138 et
834 1082 1097 1139 Tubachi
1127 1081 1349 1138 retrudi
1380 1082 1439 1136 in
1471 1081 1758 1150 custodia,
1791 1097 1965 1152 quem
2074 1082 2265 1139 tribus
2297 1082 2624 1165 mensibus,
2653 1089 2712 1141 et
2740 1083 2800 1142 in
2832 1090 3039 1158 quarto
3070 1105 3271 1147 mense
3300 1092 3725 1165 comprehensa

323 1190 525 1232 mense
555 1172 821 1229 Octobris
852 1170 1036 1228 occidi
1066 1170 1335 1227 similiter
1362 1170 1519 1227 fecit.

318 1352 381 1409 in
412 1352 641 1409 civitate
673 1316 818 1408 (δι-ἰῶ
847 1367 883 1406 a
913 1349 1232 1422 Smaragdo
1263 1350 1331 1384 1³⁸
1358 1354 1418 1405 et
1446 1350 1612 1405 Petro
1641 1349 1957 1423 germanis.

2075 1176 2165 1229 est
2192 1172 2265 1228 ab
2296 1172 2401 1228 eis.

2144 1260 2519 1352 997.0ccisus
2548 1266 2638 1319 est
2667 1262 2862 1321 Marco
2895 1265 2960 1300 ¹¹⁵²
2991 1265 3333 1326 Theodorus
3360 1268 3634 1327 exubitus
3657 1270 3726 1315 "8

390 1442 516 1497 998.
548 1438 720 1495 Venit
748 1438 956 1494 Busitu
987 1438 1178 1494 caitus
1208 1438 1438 1514 meum
1472 1439 1793 1511 Smaragdo
1824 1437 2061 1510 praefato
2092 1436 2151 1492 in
2183 1438 2398 1494 Barum
2446 1455 2647 1511 mense
2697 1440 2985 1512 Octobris,
3018 1446 3077 1499 et
3129 1445 3405 1517 praefatus
3451 1447 3725 1522 Smarag-

319 1532 431 1589 dus
460 1545 638 1602 eques
664 1526 901 1584 intravit
927 1527 1139 1582 Barum
1174 1528 1239 1563 ¹³⁶
1268 1544 1372 1600 per
1398 1526 1518 1583 vim
1547 1543 1582 1583 a
1612 1531 1781 1600 porta
1809 1524 2176 1594 occidentali,
2211 1531 2268 1583 et
2315 1526 2452 1583 exiit
2500 1527 2712 1584 iterum
2739 1546 2754 1596 ;
2787 1532 2929 1586 tunc
2980 1530 3186 1589 Busitu
3233 1532 3468 1609 cognita
3514 1535 3722 1592 fraude

318 1616 609 1676 discessit.

384 1708 511 1764 999.
543 1705 855 1763 Descendit
880 1703 1252 1762 Trachamoti
1284 1706 1348 1740 ¹³⁷
1381 1708 1700 1778 catepanus
1731 1705 1915 1775 ‘33-‘39,
1948 1704 2050 1777 qui
2099 1708 2155 1761 et
2201 1704 2535 1778 Gregorius,
2568 1710 2626 1762 et
2673 1707 2903 1764 obsedit
2954 1709 3248 1767 civitatem
3296 1711 3629 1784 Gravinam,
3660 1717 3721 1769 et

317 1795 755 1870 comprehendit
785 1793 1290 1867 Theophilactum.

1550 2017 1777 2074 LUPUS
1818 2015 2476 2074 PROTOSPATARIUS.

386 2146 547 2201 Anno
577 2143 734 2199 1000.
771 2142 842 2197 ab
893 2141 1292 2198 incarnatione
1341 2141 1575 2197 Domini
1624 2143 1824 2199 indict.
1868 2142 1958 2197 43.
1991 2146 2038 2210 Β
2143 2142 2302 2196 1015.
2332 2141 2619 2213 Apparuit
2647 2141 2818 2198 stella
2858 2147 3095 2199 cometa;
3141 2161 3341 2202 mense
3391 2146 3712 2215 Februarii,

315 2238 521 2307 captus
551 2236 640 2289 est
669 2230 982 2304 praedictus
1010 2232 1370 2303 Smaragdus
1409 2232 1473 2266 “*0
1504 2249 1537 2286 a
1584 2231 1955 2287 Trachamoti

221 2395 227 2398 ν
314 2338 514 2379 mense
542 2320 703 2378 Junii
738 2321 824 2376 41.
858 2320 970 2389 die,
1004 2324 1060 2376 et
1089 2320 1147 2374 in
1182 2319 1310 2392 ipso
1341 2337 1493 2376 anno
1523 2320 1665 2377 obiit
1696 2338 1793 2377 rex
1825 2321 1954 2376 Otto

313 2411 377 2448 ιιι
409 2415 468 2466 in
502 2411 702 2467 Roma.
1750 2468 1753 2473 ,

385 2498 791 2556 1002.0bsedit
819 2497 955 2569 Sapi
988 2501 1189 2570 caytus
1220 2497 1431 2553 Barum
1465 2501 1692 2553 astante
1727 2497 1875 2552 Maio
1897 2502 1950 2553 2.

312 2589 404 2647 die
452 2605 639 2661 usque
689 2588 760 2643 ad
812 2590 1080 2643 sanctum
1138 2588 1353 2641 Lucam
1402 2604 1602 2642 mense
1654 2586 1950 2657 Octobris;

309 2683 567 2751 tuncque
613 2676 861 2733 liberata
906 2680 996 2733 est
1041 2692 1143 2748 per
1186 2680 1422 2730 Petrum
1466 2677 1681 2731 ducem'
1707 2676 1952 2731 Veneto-

310 2784 463 2823 PUHL

379 2856 539 2913 4003.
568 2855 934 2912 Obsederunt
978 2852 1282 2910 Sarraceni
1331 2853 1587 2909 Montem
1630 2853 1950 2910 Caveosum

309 2946 375 2980 ¹⁴²
404 2962 605 3001 mense
637 2942 830 2999 Martii
862 2944 947 2998 ηδ.

380 3035 537 3089 1005.
572 3030 762 3089 Rediit
790 3031 1142 3088 Durachium
1179 3032 1245 3067 1“
1272 3032 1333 3087 in
1374 3049 1585 3087 manus
1632 3031 1950 3104 imperato-

306 3123 389 3179 ris
415 3140 518 3196 per
546 3122 940 3179 Theodorum.

378 3213 540 3268 1006.
573 3210 884 3268 Descendit
915 3211 981 3246 ¹⁴δ
1010 3209 1226 3283 Siphea
1270 3210 1336 3245 ³⁸⁸
1382 3213 1701 3281 catepanus
1748 3225 1949 3264 mense

303 3299 466 3359 Julii.

374 3389 536 3445 4007.
569 3389 891 3445 Defunctus
918 3390 1007 3443 est
1035 3387 1313 3460 praefatus
1344 3390 1663 3459 catepanus
1700 3385 1760 3441 in
1809 3383 1946 3441 civi-

304 3481 423 3534 tate
454 3478 582 3533 Bari
615 3478 699 3532 “7.

376 3567 534 3622 1008.
568 3565 880 3622 Descendit
925 3566 1153 3620 Curcua
1200 3564 1267 3599 ¹⁴⁸
1314 3562 1586 3636 patritius
1635 3563 1693 3618 in
1745 3580 1945 3620 mense

304 3654 463 3711 Maii.

375 3743 533 3799 1009.
565 3742 788 3799 Cecidit
822 3741 1078 3797 maxima
1128 3742 1247 3813 nix,
1299 3758 1367 3798 ex
1420 3759 1531 3813 qna
1585 3742 1948 3797 siccaverunt

302 3832 538 3888 arbores
568 3831 749 3902 olivae,
780 3835 837 3887 et
877 3831 1066 3903 pisces
1117 3834 1173 3885 et
1217 3830 1477 3886 volatilia
1524 3834 1756 3885 mortua
1808 3834 1947 3885 sunt

301 3921 373 3977 Et
399 3920 459 3976 in
491 3936 692 3976 mense
722 3919 859 3975 Maii
890 3918 1124 3991 incepta
1153 3923 1241 3974 est
1272 3917 1532 3984 rebellio,
1567 3923 1623 3973 et
1653 3919 1711 3973 in
1744 3935 1946 3974 mense

300 4008 545 4081 Augusti
603 4007 1171 4080 comprehenderunt
1215 4007 1486 4063 Saraceni
1536 4008 1604 4042 “9
1650 4007 1943 4063 civitatem

303 4094 586 4152 Cosentiae
620 4100 790 4169 rupto
822 4096 1034 4152 ﬁndere
1062 4096 1296 4151 nomine
1327 4096 1477 4169 cayti
1510 4096 1628 4152 Sati
1664 4097 1749 4151 “5°.

372 4186 529 4241 1010.
563 4185 717 4242 Obiit
748 4184 994 4253 Curcua,
1028 4189 1083 4241 et
1113 4185 1413 4240 descendit
1446 4184 1691 4241 Basilius
1719 4189 1947 4256 catepa-

299 4292 414 4331 nus
445 4273 828 4331 Marsedonici
865 4275 927 4309 ¹⁵ί
969 4291 1168 4330 mense
1218 4275 1442 4343 Martii;
1477 4280 1535 4330 et
1580 4274 1842 4330 Sillictus
1875 4275 1944 4310 ¹⁵²

295 4348 555 4419 incendit
581 4362 741 4435 ipsos
771 4363 1037 4419 homines
1066 4362 1124 4418 in
1157 4363 1389 4419 civitate
1419 4364 1595 4419 Trani
1630 4365 1714 4418 "‘3.

372 4452 528 4507 1014.
558 4450 729 4507 Venit
758 4450 1040 4507 Henricus
1059 4452 1124 4486 ¹⁵⁵
1152 4450 1722 4524 imperatorRomam
1744 4467 1942 4508 mense

299 4539 682 4609 Februarii,et
702 4541 1026 4597 Cassanum
1060 4540 1125 4575 ¹⁵⁵
1154 4539 1460 4595 incensum
1501 4539 1559 4594 in
1594 4556 1794 4595 mense
1828 4541 1938 4594 Au-

296 4628 477 4702 gusti.

2066 2235 2123 2286 et
2155 2229 2390 2285 Samuel
2424 2246 2521 2284 rex
2554 2230 2717 2296 obiit,
2750 2234 2806 2286 et
2835 2232 3097 2303 regnavit
3124 2232 3282 2289 ﬁlius
3311 2234 3460 2305 ejus.

2139 2320 2295 2374 1046.
2330 2318 2569 2375 Occisus
2597 2323 2686 2375 est
2711 2319 2837 2391 ipse
2870 2319 3027 2376 ﬁlius
3059 2322 3282 2393 praefati
3327 2323 3616 2380 Samuelis
3648 2326 3713 2361 ⁸⁸⁵

2064 2425 2098 2463 a
2129 2424 2235 2463 suo
2265 2407 2636 2476 consobrino,
2674 2408 2792 2463 ﬁlio
2823 2408 3055 2477 Aronis,
3085 2415 3143 2465 et
3174 2411 3435 2484 regnavit
3463 2411 3609 2485 ipse.
3643 2414 3714 2469 Et

2063 2495 2265 2550 civitas
2296 2495 2518 2551 Salerni
2569 2498 2809 2552 obsessa
2838 2503 2929 2553 est
2972 2516 3005 2553 a
3037 2499 3371 2557 Sarracenis
3400 2518 3503 2573 per
3551 2518 3712 2558 mare

2063 2590 2120 2640 et
2150 2602 2253 2657 per
2283 2590 2499 2640 terram
2534 2586 2617 2641 “‘7.

2134 2673 2292 2729 4047.
2327 2673 2482 2728 Obiit
2523 2673 2579 2728 in
2613 2675 2919 2731 Bulruntio
2953 2676 3337 2733 Marsedonici
3368 2680 3432 2713 '5'
3476 2683 3708 2751 catepa-

2062 2780 2193 2829 nus,
2227 2761 2373 2817 etin
2401 2778 2602 2818 mense
2653 2763 2998 2819 Novembrio
3048 2766 3386 2823 interfectus
3432 2772 3523 2824 est
3572 2768 3704 2834 Leo,

2061 2851 2239 2906 frater
2265 2850 2567 2923 Argiro.Et
2596 2851 2654 2905 in
2685 2851 2795 2907 hoc
2822 2870 2973 2907 anno
3004 2854 3309 2911 descendit
3338 2855 3621 2911 Turnicbi
3640 2857 3707 2891 ‘5’

2060 2939 2323 3012 catepani
2355 2955 2555 2995 mense
2585 2940 2819 2996 Maii.Et
2849 2941 2984 2997 fecit
3012 2943 3282 3015 prmlium
3316 2961 3449 3000 cum
3473 2944 3617 3001 Mole
3641 2946 3707 2981 ¹⁶⁰

2060 3033 2116 3083 et
2146 3028 2496 3084 Normannis
2512 3030 2622 3084 Leo
2638 3029 2872 3085 Patiano
2898 3032 3415 3089 exubitus.lterum
3430 3032 3488 3088 in
3504 3050 3705 3090 mense

2058 3117 2218 3173 Junii
2245 3120 2339 3171 22.
2373 3116 2464 3172 die
2497 3117 2765 3189 prmlium
2799 3118 2933 3175 fecit
2985 3121 3260 3191 prmfatus
3307 3122 3585 3178 Turnichi
3638 3125 3701 3158 ¹⁶¹

2058 3207 2343 3279 catepani,
2364 3210 2423 3262 et
2449 3206 2586 3262 vicit
2617 3206 2823 3264 Melem
2854 3212 2911 3264 et
2935 3210 3320 3279 Normannos,
3347 3216 3406 3266 et
3434 3217 3705 3268 mortuus

2058 3300 2147 3352 est
2205 3295 2441 3351 Patiano
2489 3295 2610 3365 ibi;
2664 3297 2729 3331 ³⁸³
2771 3296 3060 3354 Condoleo
3118 3299 3419 3356 descendit
3465 3300 3524 3356 in
3575 3300 3704 3375 ipso

2055 3402 2229 3441 anno.

2128 3476 2287 3529 1018.
2320 3473 2633 3530 Descendit
2673 3474 2923 3531 Basilius
2972 3480 3313 3548 catepanus,
3340 3477 3441 3550 qui
3489 3481 3548 3534 et
3598 3478 3709 3534 Bu-

2055 3563 2287 3636 gianus,
2321 3567 2379 3618 et
2408 3563 2638 3618 Ablanti
2672 3564 2737 3599 ¹⁶³
2769 3563 3050 3635 patricius
3096 3581 3299 3621 mense
3349 3566 3704 3623 Decembris.

2054 3653 2124 3707 Et
2155 3651 2423 3724 Ligorius
2454 3651 2776 3723 Tepoterici
2812 3653 2877 3688 ¹⁶⁴
2910 3651 3044 3708 fecit
3071 3652 3342 3725 prcelium
3381 3654 3441 3710 in
3492 3656 3704 3723 Trane,

2054 3746 2111 3795 et
2141 3741 2369 3797 occisus
2414 3744 2504 3796 est
2550 3740 2630 3796 ibi
2680 3740 3030 3797 Joannatius
3082 3742 3613 3816 prothospatarius,
3645 3749 3707 3801 et

2056 3829 2338 3886 Romoald
2391 3832 2456 3865 ³⁸9
2506 3833 2715 3902 captus
2741 3835 2849 3902 est,
2883 3822 2943 3885 in
2989 3830 3553 3905 Constantinopolim
3602 3833 3704 3889 de-

2057 3923 2321 3992 portatus
2342 3922 2450 3974 est.

2128 4008 2285 4063 1019.
2346 4007 2505 4062 Fecit
2561 4006 2850 4079 proelium
2902 4009 3277 4080 supradictus
3327 4009 3586 4084 Bugiano
3636 4010 3701 4067 in

2054 4111 2254 4152 mense
2285 4094 2551 4152 Octobris
2584 4112 2718 4151 cum
2752 4096 2987 4152 Francis
3036 4105 3091 4153 et
3118 4097 3272 4153 vicit.
3308 4099 3377 4153 Et
3406 4099 3515 4155 Mel
3550 4098 3704 4172 fugit

2053 4201 2186 4240 cuin
2220 4183 2540 4257 aliquantis
2573 4184 2810 4242 Francis
2861 4186 2932 4241 ad
2980 4185 3330 4242 Enerichum
3383 4187 3698 4260 imperato-

2053 4290 2195 4331 PeHL

2128 4364 2282 4419 1020.
2317 4363 2753 4419 Descenderunt
2782 4364 3085 4419 Sarraceni
3119 4381 3252 4420 cum
3300 4364 3491 4438 Rayca
3522 4365 3607 4434 ³³⁸,
3639 4370 3701 4423 et

2051 4452 2404 4508 obsederunt
2433 4451 2796 4507 Bisinianum
2824 4456 2880 4507 et
2911 4452 3421 4523 apprehenderunt
3448 4470 3608 4523 eam;
3641 4458 3702 4510 et

2050 4544 2320 4595 mortuus
2349 4543 2438 4595 est
2463 4539 2587 4610 ipse
2617 4538 2843 4594 admira
2873 4539 2939 4576 ¹⁶⁷
2969 4544 3026 4594 ct
3058 4540 3225 4597 Melis
3256 4541 3372 4596 dux
3401 4540 3649 4614 Apulem.

2128 4628 2278 4686 1024.
2313 4627 2530 4699 Captus
2561 4631 2650 4683 est
2678 4628 2895 4683 Dactus
2928 4628 2993 4664 ⁸⁵⁸
3023 4631 3080 4685 et
3110 4629 3347 4686 intravit
3384 4629 3445 4685 in
3495 4629 3698 4687 civita-

1651 4770 1888 4827 VARIzE
1928 4769 2343 4826 LECTIONES.

366 4894 431 4930 “7
462 4893 836 4967 chyrisubulo
868 4894 921 4949 1.
988 4894 1065 4967 γ¹²⁸
1096 4896 1280 4967 totam
1305 4893 1359 4967 3.
1393 4893 1445 4947 4.
1470 4892 1590 4967 “"9
1616 4896 1672 4948 et
1703 4910 1945 4967 annonae
1977 4894 2190 4967 caritas
2221 4892 2436 4967 addunt
2470 4891 2522 4967 3.
2558 4893 2610 4967 4.
2687 4892 2754 4967 "’2

294 4965 362 5001 ³³³
389 4963 597 5022 nearco
622 4970 676 5022 2.
712 4982 946 5020 marcus
977 4966 1029 5035 3.
1065 4963 1302 5019 marcho
1333 4966 1385 5018 4.
1463 4964 1530 4999 ¹³³
1560 4964 1862 5020 excubitus
1889 4967 2051 5021 2—4.
2130 4966 2197 5000 ¹³⁸
2225 4963 2556 5035 smaralgdo
2588 4963 2636 5019 4.
2719 4963 2785 4998 ⁸³⁸

294 5036 433 5093 baro
457 5040 512 5109 2.
588 5037 653 5109 1³7
684 5034 1037 5109 trancmonti
1067 5036 1120 5109 3.
1201 5035 1358 5076 ‘33-‘39
1388 5039 1709 5109 catapanus
1733 5037 2116 5109 csnstanter_2_.
2196 5037 2261 5109 ἔω
2291 5034 2815 5109 S.__in:tracam_0tto
2841 5034 2917 5109 3.8g
2973 5036 3036 5071 ¹“
3063 5042 3203 5109 opto
3234 5034 3288 5093 1.

1828 5108 1894 5143 ¹⁴⁴
1918 5106 2167 5181 eraclius
2197 5107 2245 5162 1.
2268 5105 2392 5181 ___“‘
2423 5105 2697 5181 descendi
2726 5106 2777 5162 4.
2858 5107 2922 5143 ¹⁴⁶
2948 5105 3173 5181 xypbea
3196 5109 3309 5181 3.4.
3378 5108 3453 5181 4‘,"
3476 5108 3618 5163 baro
3633 5111 3691 5165 2.

295 5124 430 5164 sum
460 5108 512 5164 4.
536 5177 541 5178 γ
590 5108 656 5142 ¹⁸³
685 5111 742 5163 et
771 5106 917 5161 nihil
951 5105 1321 5178 profecerunt
1349 5104 1559 5162 addunt
1586 5109 1638 5161 4.
1675 5108 1747 5161 1⁸.

2842 4894 3014 4978 θψὸ.
3056 4894 3178 4978 ΑΜ.
3207 4895 3325 4978 haec
3368 4894 3693 4978 desuntnta.

2856 4970 3025 5038 aytus
3054 4968 3108 5020 2.
3129 4965 3375 5093 chartus
3399 4967 3452 5022 3.
3533 4966 3601 5001 ¹³⁸
3629 4965 3692 5021 in

2856 5037 2894 5091 3.
2973 5036 3036 5071 ¹“
3069 5042 3203 5093 onto
3274 5078 3288 5092 .
3366 5038 3433 5072 ¹⁶²
3459 5053 3697 5093 scaueo—

294 5179 360 5214 ¹⁴⁸
390 5177 617 5234 curcira
649 5179 701 5232 1·
776 5177 843 5212 ¹⁴⁹
874 5176 1133 5232 saraceni
1166 5185 1471 5233 constanter
1500 5180 1549 5233 1.
1581 5178 1681 5233 ubi
1704 5179 1870 5233 etiam
1899 5178 2186 5233 normani.
2263 5177 2329 5210 ¹⁵⁰
2361 5176 2645 5232 nominati
2678 5178 2729 5231 1.
2764 5194 2824 5231 n.
2858 5194 2907 5233 c.
2942 5176 3215 5235 sidesunt
3240 5180 3293 5234 3.
3370 5180 3434 5214 ¹⁸¹
3466 5195 3692 5235 marce-

293 5250 501 5306 donico
532 5249 579 5304 4.
617 5260 669 5303 a.
704 5248 1082 5303 mascedoniti
1112 5250 1167 5301 2.
1200 5249 1540 5303 macedonia
1568 5250 1622 5305 3.
1656 5249 2033 5306 mesardoniti
2062 5251 2116 5304 5.
2194 5249 2260 5282 ¹⁸²
2287 5247 2514 5303 silictus
2547 5250 2597 5302 1.
2678 5249 2743 5283 ³³³
2772 5252 2939 5305 trane
2966 5252 3020 5305 2.
3099 5250 3165 5285 1“
3188 5249 3463 5306 enrichus
3490 5254 3545 5306 2.
3624 5250 3694 5285 ⁸⁸⁸

294 5336 577 5377 cassanus
607 5320 847 5373 incensa
872 5320 1032 5373 2-4.
1111 5319 1178 5353 ³⁵⁸
1210 5335 1269 5374 re
1300 5320 1369 5374 de
1393 5319 1585 5375 Africa
1610 5320 1762 5374 addit
1795 5323 1866 5375 1ι.

1944 5321 2007 5355 ¹⁸⁷
2036 5325 2092 5375 et
2121 5318 2266 5374 nihil

2298 5319 2669 5391 profecerunt
2697 5319 2908 5375 addunt
2957 5321 3009 5375 4.
3044 5321 3119 5376 1⁸.
3197 5321 3261 5356 ¹⁵³
3310 5320 3694 5377 marsedoniti

290 5392 346 5447 2.
380 5389 759 5446 masardoniti
791 5390 844 5445 3.
879 5388 1257 5446 mesardoniti
1289 5390 1341 5444 4.
1386 5390 1451 5424 ¹⁶⁹
1480 5390 1690 5445 turcini
1722 5392 2019 5447 e.“°mese
2049 5391 2097 5447 4.
2119 5392 2181 5427 ¹⁶¹
2215 5388 2435 5445 turniki
2464 5394 2518 5445 2.
2536 5391 2603 5425 ¹⁶²
2632 5394 2688 5445 et
2717 5390 2985 5447 c.d.i.i.a.
3018 5391 3211 5448 desunt
3234 5392 3559 5449 3.4.1.8..¹⁶³
3585 5393 3693 5448 ab-

293 5460 494 5534 abanti
525 5465 575 5516 1.
612 5458 908 5534 ablautius
936 5461 991 5534 4.
1048 5462 1132 5534 ﬁt“
1162 5459 1450 5534 tepoteriti
1478 5463 1638 5516 2-4.
1718 5462 1783 5498 1⁸⁸
1815 5461 2074 5519 romoala
2102 5463 2154 5518 1.
2186 5464 2273 5519 1a.
2310 5460 2530 5518 romoal
2559 5463 2612 5517 3.
2691 5461 2756 5497 ¹⁰⁶
2785 5461 2982 5519 rabica
3022 5464 3109 5518 1a.
3186 5464 3253 5500 “7
3300 5463 3552 5522 ammira
3595 5462 3690 5522 1a.

293 5530 483 5595 amira
508 5534 565 5588 2.
588 5530 780 5612 amita
799 5532 853 5589 3.
931 5532 997 5568 ¹⁶⁸
1028 5530 1301 5589 dictus't.
1335 5532 1532 5589 dattus
1560 5535 1614 5591 2.
1646 5534 1699 5589 4.
1727 5534 1781 5592 5.
