3942 6056
133 219 258 279 133

130 351 284 406 item
317 347 440 405 Bari
470 347 770 420 equitatus
799 346 859 402 in
889 346 1056 402 asina
1086 347 1172 401 15.
1205 361 1402 401 menss
1434 343 1614 400 Junii.

214 440 380 494 1022.
425 437 599 492 Venit
654 435 899 491 Enerich
959 435 1277 507 imperator
1318 434 1377 488 in
1412 435 1800 488 Beneventum

136 544 346 583 mense
377 525 601 594 Martii,
636 530 692 582 et
723 523 952 580 obsedit
980 523 1271 579 civitatem
1302 524 1608 595 Trojorum
1647 523 1730 578 “5°.

215 617 377 672 1023.
411 614 587 670 Venit
618 615 809 686 Rayca
837 614 902 648 “0
931 630 1066 669 cum
1097 612 1298 668 Jaﬂ'ari
1324 613 1385 646 ¹⁷¹
1410 611 1538 667 criti
1572 612 1630 666 in
1675 611 1805 666 civi-

144 709 268 760 tate
303 704 435 759 Bari
467 704 527 758 in
560 720 762 759 mense
807 702 988 770 Junii,
1022 706 1077 758 et
1107 701 1336 757 obsedit
1368 718 1498 756 eam
1533 718 1648 756 uno
1681 701 1804 770 die;

141 799 196 850 et
210 793 400 849 amoti
422 793 631 848 exinde
644 791 1207 864 comprehenderunt
1223 790 1494 863 Palagian
1505 808 1601 845 um
1618 791 1681 824 ‘7'
1695 791 1806 862 (52)

143 883 461 956 oppidum,
496 887 552 936 et
587 881 932 937 fabricatum
964 884 1052 936 est
1098 879 1404 936 castellum
1454 879 1690 934 Mutulae
1721 880 1805 933 "3.

1619 211 2088 274 CHRONICON.

1832 349 1887 414 Α
1990 344 2145 398 1032.
2192 344 2502 399 Descendit
2526 344 2853 417 Hychiacon
2895 348 2957 384 ¹⁹¹
2990 348 3230 404 ketoniti
3260 351 3345 420 '9’,
3379 356 3434 409 et
3464 371 3552 411 se-

1914 450 2046 489 cum
2079 433 2320 488 adduxit
2350 433 2508 505 ipsos
2536 434 2861 490 Anatolichi
2893 437 2978 491 "3.

3438 223 3554 285 134

1987 523 2142 577 1033.
2178 522 2372 578 Prima
2420 523 2511 578 die
2561 523 2814 580 intrante
2872 525 3022 583 Maio
3081 528 3380 585 descendit
3411 531 3557 588 Con-

1917 603 2882 685 stantinus.prothospatarius,qui
2915 620 2970 671 et
3001 616 3121 688 Opo
3153 618 3217 652 ‘9‘
3248 619 3561 676 vocabatur

1917 700 2047 770 (54),
2079 700 2340 770 catepani
2376 701 2569 756 Italiae.

1991 790 2148 843 1034.
2185 789 2270 844 11.
2297 789 2389 844 die
2416 790 2668 846 intrante
2701 809 2899 847 mense
2930 793 3141 864 Aprilis
3173 796 3317 851 obiit
3351 798 3560 854 Roma-

1920 895 2031 931 nus
2053 877 2392 950 imperator,
2417 883 2472 934 et
2503 881 2751 935 surrexit
2784 881 3026 938 Michael
3057 884 3388 956 imperator.
3409 887 3476 942 Et
3500 889 3564 924 ¹⁰³

219 973 385 1028 1024.
425 972 670 1026 Factum
699 975 789 1026 est
818 969 1052 1043 signum
1083 985 1360 1042 magnum
1382 970 1439 1024 in
1471 969 1811 1042 episcopatu
1918 966 2121 1037 Argiro
2156 967 2424 1022 Barensis
2456 969 2598 1023 obiit
2627 971 3143 1044 Constantinopoli.

147 1061 556 1118 Acherontino
589 1061 698 1115 sub
731 1059 975 1131 przesule
1006 1059 1262 1115 secundo
1311 1059 1601 1131 Stephano
1633 1059 1812 1114 Mate-

147 1149 330 1206 riensi
368 1149 429 1202 in
461 1153 667 1204 sancto
700 1150 765 1183 ‘7‘
796 1148 888 1203 die
918 1147 1182 1220 paschze:
1218 1147 1530 1203 crucifixus
1563 1164 1814 1220 magnus

149 1241 472 1310 argenteus
505 1253 828 1293 concussus
858 1241 945 1293 est
973 1236 1163 1292 tribus
1192 1236 1417 1292 vicibus
1440 1235 1650 1309 capite,
1675 1237 1813 1292 bra-

150 1328 303 1384 chiis
336 1331 394 1382 et
425 1326 696 1400 pedibus,
731 1327 960 1382 cunctis
1016 1326 1126 1382 hoc
1185 1325 1624 1398 aspicientibus.
1658 1328 1729 1382 Et
1754 1326 1813 1381 in

150 1418 257 1473 hoc
281 1433 447 1472 anno
481 1416 693 1472 cecidit
723 1415 823 1470 nix
852 1433 1083 1489 magna.
1118 1415 1186 1470 Et
1215 1416 1274 1470 in
1308 1415 1415 1472 hoc
1448 1433 1600 1472 anno
1631 1420 1818 1472 trans-

154 1507 391 1563 fretavit
454 1505 715 1579 Bugiano
759 1505 820 1560 in
851 1505 1152 1561 Chorvatia
1179 1507 1262 1574 “5,
1296 1508 1352 1561 et
1376 1505 1819 1578 comprehendit

157 1599 351 1670 ipsam
386 1595 781 1651 Patrocissam
816 1595 880 1630 ¹⁷⁶
911 1611 1146 1650 uxorem
1169 1595 1579 1667 Cismigi‘",et
1611 1594 1819 1650 direxit

159 1685 321 1741 illam
356 1683 954 1757 Constantinopolim.
987 1685 1056 1740 Et
1085 1684 1191 1740 hoc
1223 1701 1374 1740 anno
1428 1689 1695 1740 mortuus
1725 1688 1813 1739 est

156 1775 409 1830 Enerich
442 1775 510 1810 ίτε
539 1774 879 1846 imperator,
912 1777 970 1829 et
999 1773 1248 1828 surrexit
1290 1775 1482 1830 Conus
1514 1775 1598 1842 ‘7’,
1633 1790 1813 1846 nepos

158 1881 306 1936 ejus.

226 1954 336 2008 102
355 1958 397 2009 ξ.
433 1950 748 2007 Descendit
777 1951 964 2006 Oresti
997 1951 1106 2023 (53)
1126 1951 1404 2007 chetoniti
1435 1953 1501 1987 ¹⁸⁰
1531 1951 1588 2006 in
1622 1968 1821 2008 mense

158 2041 403 2114 Aprilis,
424 2046 484 2096 et
505 2045 646 2096 tunc
669 2039 816 2095 obiit
836 2039 1101 2096 Barensis
1125 2041 1187 2075 ¹⁸¹
1211 2043 1520 2114 episcopus
1541 2042 1818 2110 Joannes,

159 2137 209 2186 et
242 2131 442 2186 factus
469 2133 560 2184 est
593 2129 903 2184 Bisancius
935 2128 1428 2201 archiepiscopus.

229 2219 397 2274 1029.
432 2216 610 2273 Venit
630 2215 983 2272 Eustachius
1007 2233 1136 2271 cum
1164 2216 1673 2272 ﬁliisBasilisco'”
1689 2216 1824 2272 et‘”

161 2308 538 2370 Mandatora,
571 2310 630 2361 et
661 2304 904 2360 adduxit
933 2303 1212 2360 honorem
1249 2307 1512 2377 catepani
1540 2307 1610 2362 ad
1635 2306 1826 2362 Chris-

164 2399 421 2452 tol'orum
449 2413 464 2463 ;
493 2399 550 2451 et
571 2395 804 2451 Orestes
835 2395 1109 2470 praefatus
1140 2395 1440 2450 descendit
1460 2395 1519 2450 in
1551 2396 1828 2451 Constan-

165 2485 478 2558 tinopolim
512 2501 651 2539 cum
682 2483 960 2556 Bugiano.
987 2484 1056 2538 Et
1075 2483 1182 2538 hoc
1215 2501 1367 2539 anno
1399 2489 1666 2541 mortuus
1687 2485 1830 2540 Con-

169 2575 471 2630 stantinus
504 2572 826 2644 imperator
855 2571 913 2626 in
944 2570 1142 2643 vigilia
1174 2572 1358 2627 sancti
1392 2572 1647 2640 Martini,
1682 2577 1738 2628 et
1768 2590 1830 2629 se

168 2665 392 2718 vivente
434 2661 727 2734 imposuit
773 2659 831 2715 in
881 2661 1015 2716 sede
1048 2677 1156 2716 sua
1186 2661 1468 2728 Romano,
1503 2665 1560 2716 et
1590 2663 1747 2717 dedit
1779 2662 1829 2716 ei

173 2770 409 2808 uxorem
444 2751 566 2819 Zoi,
603 2749 785 2804 ﬁliam
815 2767 1003 2804 suam.
1038 2751 1298 2804 Tandem
1340 2751 1575 2823 Raycha
1621 2757 1677 2806 et
1705 2751 1830 2805 Zaf-

175 2843 273 2897 fari
298 2843 369 2876 ³⁸⁸
391 2839 750 2896 obsiderunt
779 2837 1086 2894 castellum
1111 2839 1174 2872 ¹⁸⁵
1195 2837 1524 2893 Obbianum
1548 2857 1560 2906 ;
1585 2839 1683 2910 qui
1717 2839 1832 2894 Ob-

175 2931 510 2995 bianenses,
535 2933 842 2984 extraneos
873 2927 1187 2994 tradentes,
1217 2927 1668 2998 paciﬁcaverunt
1698 2945 1832 2984 cum

173 3019 330 3091 ipsis.
350 3019 422 3074 Et
450 3017 516 3072 in
549 3033 754 3072 mense
781 3014 924 3071 Julii
957 3017 1023 3050 ¹⁸⁶
1045 3014 1205 3072 venit
1239 3015 1415 3072 Potho
1449 3017 1514 3052 ¹⁸⁷
1547 3018 1831 3091 catepani,

1840 1734 1888 1799 B

1991 1056 2150 1111 1038.
2185 1056 2494 1112 Descendit
2525 1058 2767 1115 Michael
2817 1060 3096 1132 patricius
3127 1067 3182 1119 et
3212 1065 3348 1132 dux,
3382 1066 3481 1138 qui
3511 1070 3567 1123 et

1923 1143 2198 1200 Slrondili
2224 1146 2287 1180 ‘95
2309 1146 2640 1214 vocabatur,
2666 1152 2722 1202 et
2751 1150 3148 1207 transfretavit
3178 1169 3312 1208 cum
3344 1154 3566 1212 Mania-

1924 1233 2016 1289 chi
2052 1235 2113 1268 ‘97
2146 1235 2388 1306 patricio
2421 1237 2532 1305 (55)
2564 1237 2619 1290 in
2653 1236 2868 1292 Sicilia.

1999 1323 2136 1377 1039
2167 1324 2250 1378 ⁸9⁸.
2286 1324 2348 1378 In
2381 1341 2579 1380 mense
2613 1325 2910 1381 Februarii
2967 1329 3267 1386 descendit
3313 1331 3568 1390 Nichifo-

1926 1429 2028 1467 rus
2060 1413 2125 1446 ¹⁹⁹
2157 1413 2554 1485 catepani,qui
2581 1418 2637 1468 et
2668 1413 2990 1472 Dulchiano
3022 1419 3088 1452 ²⁰⁰
3113 1419 3566 1496 dicebatur(56).

1998 1503 2156 1557 1040.
2213 1502 2527 1557 Praedictus
2585 1502 2947 1560 Dulchianus
3005 1507 3262 1564 excussit
3310 1514 3570 1567 contera-

1928 1595 2018 1646 tos
2044 1592 2107 1624 ²⁰¹
2139 1592 2238 1644 201
2277 1591 2345 1646 de
2377 1590 2610 1662 Apulia,
2645 1596 2702 1646 et
2749 1592 3005 1664 praedicti
3038 1598 3315 1654 conterati
3349 1599 3571 1656 occide-

1928 1681 2065 1734 runt
2085 1679 2482 1734 Chirisfactira
2502 1681 2569 1714 ²⁰²
2591 1681 2773 1735 critiri
2795 1683 2862 1716 ²⁰³
2890 1682 3208 1756 imperator
3224 1687 3291 1722 ²⁰⁴
3311 1689 3414 1743 204
3443 1689 3579 1755 sub.

1929 1773 2026 1824 tus
2058 1767 2343 1823 Mutulam
2367 1773 2424 1823 et
2445 1769 2704 1825 Romano
2728 1770 3073 1828 Materiense
3093 1775 3159 1810 ²⁰⁵
3181 1792 3381 1833 mense
3413 1778 3572 1835 Maii.

1929 1858 2262 1929 Eodemque
2294 1874 2494 1912 mense
2525 1859 2753 1914 obsedit
2779 1861 3006 1933 Argiro,
3041 1862 3197 1920 filius
3256 1865 3441 1934 Melis,
3469 1868 3576 1924 Ba-

1931 1964 2061 2002 rum
2085 1947 2396 2014 civitatem,
2421 1951 2476 2002 et
2500 1949 2786 2020 percussit
2810 1949 3160 2009 Musandum
3184 1955 3272 2021 ³0⁸,
3296 1960 3351 2011 et
3380 1956 3579 2030 ligavit

1931 2054 2065 2092 eum
2097 2035 2327 2091 vinculo
2350 2037 2437 2104 ’07,
2457 2041 2514 2091 et
2539 2037 2797 2094 introivit
2819 2057 2953 2096 cum
2983 2057 3048 2096 eo
3081 2041 3139 2098 in
3171 2043 3421 2102 Baro.Et
3441 2063 3576 2103 con-

1932 2127 2099 2181 terati
2133 2125 2378 2198 dispersi
2414 2131 2572 2181 sunt.

2007 2217 2162 2269 1041.
2198 2215 2507 2269 Descendit
2567 2215 2888 2273 Dulchiano
2940 2221 3004 2254 ²⁰⁸
3054 2237 3087 2275 a
3119 2221 3316 2278 Sicilia
3363 2223 3580 2298 ivitque

1933 2303 2228 2368 Asculum,
2262 2308 2318 2358 et
2348 2303 2406 2358 in
2441 2320 2639 2360 mense
2670 2305 2860 2360 Martii
2888 2309 3186 2365 Arduinus
3220 2311 3580 2370 Lombardus

1937 2393 2268 2448 convocavit
2298 2393 2664 2448 Normannos
2697 2395 2764 2429 ²⁰⁹
2794 2395 2850 2449 in
2915 2398 3183 2469 Apuliam
3244 2400 3302 2455 in
3353 2402 3583 2458 civitate

1938 2481 2165 2549 Malﬁaa,
2217 2487 2274 2536 et
2331 2483 2643 2554 przedictus
2703 2484 3063 2542 Dulchianus
3120 2489 3256 2544 fecit
3312 2490 3582 2563 proelium

1939 2589 2069 2625 cum
2105 2571 2454 2626 Normannis
2488 2572 2602 2628 fere
2635 2574 2702 2606 ²¹⁰
2733 2573 2921 2629 tribus
2967 2575 3226 2646 milibus,
3260 2584 3315 2634 et
3362 2580 3582 2636 cecide-

1940 2666 2078 2715 runt
2109 2661 2285 2715 Graeci
2316 2679 2328 2727 ;
2357 2666 2413 2715 et
2442 2678 2638 2716 mense
2700 2663 2831 2717 Maii
2895 2664 3105 2720 iterum
3156 2668 3402 2739 prceliati
3446 2673 3586 2726 sunt

1940 2749 2261 2804 Normanni
2297 2749 2436 2804 feria
2457 2750 2507 2803 4.
2531 2750 2594 2784 ²¹¹
2630 2768 2762 2806 cum
2795 2752 3026 2820 Graecis,
3050 2759 3105 2810 et
3136 2755 3284 2829 fugit
3312 2757 3585 2814 Dulchia-

1941 2855 2055 2893 nus
2087 2838 2143 2891 in
2177 2839 2318 2892 Baro
2350 2838 2480 2909 (57).

2015 2927 2173 2982 1042.
2206 2927 2379 2982 Venit
2436 2928 2769 3001 Exaugusto
2800 2931 2868 2964 ²¹²
2897 2932 3008 3004 (58)
3066 2933 3319 3007 fecitque
3368 2935 3585 2992 bellum

1943 3033 2075 3071 cum
2108 3016 2462 3072 Normannis
2493 3019 2560 3052 ²¹³
2595 3019 2648 3073 3.
2691 3018 2783 3074 die
2811 3019 3062 3076 intrante
3092 3040 3291 3079 mense
3322 3025 3588 3096 Septem-

177 3109 424 3180 fecitque
459 3122 727 3179 pugnam
779 3121 915 3161 cum
964 3104 1199 3178 Raycha
1229 3106 1292 3140 1³⁸
1326 3104 1384 3159 in
1418 3107 1582 3162 Baro.
1620 3108 1733 3162 [loc
1765 3107 1831 3142 ¹⁸⁹
1861 3103 1904 3170 C
1944 3106 2086 3173 bris,
2113 3110 2170 3160 et
2194 3106 2654 3178 comprehensus
2675 3113 2764 3163 est
2785 3108 2881 3164 ille
2903 3109 2982 3165 ibi
3004 3110 3136 3165 etin
3172 3112 3362 3168 Mclﬁa
3383 3114 3589 3186 depor-

178 3213 323 3252 anno
355 3196 513 3252 obiit
544 3193 897 3251 Guamarius
927 3193 1197 3265 princeps
1230 3193 1475 3250 Salerni.

247 3287 404 3342 1031.
443 3285 512 3340 In
537 3300 739 3338 mense
759 3281 919 3338 Junii
944 3283 1245 3338 Sarraceni
1269 3283 1836 3356 comprehenderunt

183 3375 473 3429 civitatem
508 3372 781 3442 Cassani;
807 3377 862 3428 et
885 3371 1053 3427 tertia
1083 3372 1174 3428 die
1206 3376 1433 3429 astante
1463 3391 1662 3430 mense
1693 3374 1835 3430 Julii

184 3464 310 3520 fecit
342 3462 625 3536 prmlium
657 3461 836 3517 Potho
869 3461 933 3496 ¹⁹⁰
961 3477 1095 3516 cum
1140 3461 1496 3530 Sarracenis,
1529 3467 1585 3519 et
1616 3463 1836 3520 cecide-

185 3558 318 3609 runt
348 3551 561 3609 Graeci.

1942 3200 2100 3252 tatus
2127 3199 2233 3251 est.
2259 3196 2329 3250 Et
2359 3195 2419 3250 in
2451 3213 2650 3252 mense
2683 3196 3020 3255 Decembris
3049 3199 3192 3255 obiit
3222 3200 3454 3257 Michail
3481 3202 3591 3258 im-

1945 3290 2200 3357 perator,
2224 3290 2280 3340 et
2307 3286 2375 3319 ²¹⁴
2404 3285 2662 3342 elevatus
2693 3292 2780 3342 est
2811 3304 2992 3343 cazsar
3019 3289 3085 3323 ²¹⁵
3116 3306 3295 3362 nepos
3329 3291 3457 3362 ejus
3489 3308 3592 3348 no-

1946 3374 2102 3428 mine
2135 3373 2368 3429 Michail
2401 3374 2734 3447 imperator.
2769 3377 2837 3431 Et
2867 3375 2924 3431 in
2960 3395 3159 3434 mense
3209 3379 3371 3435 Febr.
3407 3380 3594 3436 factus

1946 3467 2034 3518 est
2048 3461 2249 3534 Argiro
2263 3461 3006 3536 Barensisprincepsetdux
3030 3464 3302 3520 Italim.Et
3319 3465 3376 3519 in
3395 3483 3596 3523 mense
3692 3462 3715 3483 ⁸

1947 3551 2160 3622 Aprilis
2210 3551 2512 3606 descendit
2550 3552 2803 3609 Maniaki
2836 3554 2902 3590 ²²⁶
2927 3554 3043 3627 (59)
3076 3554 3354 3627 magistro
3383 3555 3450 3590 ²¹⁷
3480 3556 3596 3611 Ta-

1547 3651 1790 3706 VARI/E
1828 3650 2245 3706 LECTIONES.

259 3733 324 3767 ιδ’
352 3733 416 3786 in
480 3729 1022 3805 Capitinatanddit
1079 3731 1143 3805 4.
1210 3731 1485 3805 ‘7°_bayca
1513 3732 1561 3786 3.
1645 3731 1928 3787 mtatl‘ari
2108 3728 2300 3805 satiari
2362 3731 2413 3784 4.
2475 3731 2669 3805 zall'ari
2731 3731 2817 3805 1a.
2891 3733 2962 3805 ν¹τ²
2991 3731 3176 3805 pelag.
3210 3733 3262 3788 3.
3342 3733 3408 3768 ¹⁷³
3437 3731 3597 3788 disu-

195 3803 416 3859 tilela.
511 3803 578 3836 ‘7‘
637 3803 892 3857 secundo
947 3806 999 3855 2.
1081 3803 1146 3836 “5

195 3875 474 3946 cipissam
537 3873 618 3946 2?
677 3875 729 3928 4.
809 3874 871 3908 “7
930 3872 1174 3945 cosmigi

194 3944 378 4001 analic
417 3948 509 3999 1a.
591 3945 656 3978 ¹⁷⁹
713 3944 1138 4000 ςοηεῐᾶηὶὶηυεί
1180 3944 1232 3998 3.
1314 3946 1378 3979 ¹⁸⁰

197 4017 396 4072 silicho
457 4021 519 4072 2.
599 4016 665 4050 ’⁸³
712 4016 856 4071 deest
910 4016 958 4069 1.

1231 3877 1285 3928 2.
1345 3873 1583 3928 cormici
1640 3875 1695 3929 3.
1757 3873 1995 3929 cosmici
2053 3874 2103 3926 4.
2158 3871 2395 3926 cosmizi
2445 3873 2499 3926 5.

511 3801 892 3884 ‘1‘Asecun‘dp
947 3806 999 3855 2.
1081 3801 1597 3884 175.cuhrbathia2,
1642 3805 1723 3884 A3.
1794 3805 1844 3858 4.
1906 3801 2221 3884 curbachia
2282 3803 2390 3881 1a..
2425 3803 2683 3884 cprbatia
2735 3804 2788 3856 5.
2841 3804 2932 3884 .¹’ξ⁶
2962 3801 3269 3884 patricissa
3323 3805 3376 3884 5ε
3438 3805 3598 3884 prin-

2579 3875 2642 3908 ³⁷⁸
2693 3874 2928 3928 anarich
2965 3874 3041 3928 ’1.
3099 3879 3154 3928 2.
3214 3874 3488 3931 henricus
3542 3876 3598 3932 3.

1437 3945 1723 4000 chetonici
1784 3947 1830 4000 1.
1893 3943 2136 3999 ketoniti
2189 3947 2242 3997 2.
2304 3943 2562 3998 chetensi
2619 3945 2671 3998 3.
2751 3946 2811 3977 ¹⁰¹
2868 3946 3294 4001 baroncnsis1.
3373 3948 3438 3981 ³⁸³
3495 3947 3602 4001 ba-

1057 4016 1122 4049 ¹⁸⁴
1173 4015 1349 4070 zafari
1408 4016 1462 4070 2.
1523 4017 1718 4071 sall'ari
1777 4018 1830 4070 3.
1888 4017 1940 4069 4.

189 4089 255 4136 ,ηε
304 4088 514 4143 raicha
576 4088 626 4141 1.
704 4088 770 4121 ¹⁸⁹
829 4086 1288 4141 [loc—Salerni
1351 4088 1398 4142 1.
1462 4089 1577 4143 alia
1635 4104 1802 4142 manu
1862 4089 1924 4141 in
1976 4103 2153 4154 marg.

2039 4015 2104 4048 ³⁸⁵
2154 4013 2298 4068 deest
2353 4013 2404 4068 1.
2509 4016 2572 4048 ¹⁸⁶
2630 4015 2873 4086 aghosto
2934 4017 3020 4071 1a.

3125 4017 3452 4122 migprotho
3513 4019 3599 4100 18Σ

2358 4086 2424 4119 ¹⁹⁰
2485 4086 2976 4158 prothocatupano
3035 4087 3121 4142 1a.
3201 4089 3242 4142 ¹.⁹

3320 4089 3603 4172 yhyaconi

195 4162 267 4230 2.,
301 4157 637 4230 ychiachon
689 4159 743 4230 3.
803 4157 1067 4213 ichiacon
1100 4161 1187 4230 74.
1239 4160 1484 4230 ykraton
1535 4161 1620 4214 1a.
1701 4161 1765 4194 ¹⁹²
1797 4157 2046 4213 keconiti
2083 4159 2133 4212 1.
2168 4160 2224 4230 et
2256 4157 2501 4230 ipsemet
2531 4157 2582 4211 1.
2616 4162 2669 4212 2.
2703 4159 2755 4212 3.
2791 4157 2842 4212 4.
2922 4159 2987 4193 ¹⁹³
3019 4157 3340 4215 anacolichi
3377 4157 3424 4215 1⁷.
3459 4177 3604 4215 ana-

201 4227 387 4303 colitiy
417 4235 474 4286 2.
512 4229 819 4303 anacolilry
851 4231 936 4284 1a.
955 4227 1292 4303 anatholic'ii
1318 4231 1587 4303 3.11.7365.
1607 4232 1685 4285 ita
1715 4231 1907 4303 habet;
1923 4228 2244 4303 Descendit
2273 4227 2505 4303 Michail
2538 4234 2876 4303 protospata
2905 4230 3031 4303 criti
3057 4235 3119 4303 tu
3144 4232 3264 4286 bilu
3289 4233 3358 4286 ke
3383 4236 3444 4286 tu
3466 4247 3604 4303 ypo-

200 4299 425 4369 drom'u,
463 4307 527 4357 et
557 4299 801 4374 adduxit
826 4299 1241 4374 Anatolikiepi
1266 4305 1335 4374 tu
1367 4302 1816 4374 kaacongeatp.

1898 4299 1962 4335 ³9⁸
1995 4303 2094 4371 qui
2127 4316 2265 4371 ropo
2298 4299 2345 4371 1.
2385 4301 2469 4353 1a.
2518 4300 2614 4371 Α¹⁹⁵
2643 4305 2699 4354 et

2777 4300 2931 4369 rgiro
2977 4301 3121 4356 obiit
3157 4303 3215 4356 in
3248 4320 3297 4357 c.
3334 4305 3394 4357 in
3423 4300 3602 4371 nidrg.

201 4375 306 4428 alia
339 4390 521 4446 manu
551 4373 606 4427 2.
635 4372 829 4446 desth
857 4373 909 4446 3_.
944 4373 995 4446 4.
1031 4369 1220 4446 cerigo
1254 4373 1304 4426 1.
1366 4374 1432 4407 ¹⁹⁶
1454 4369 1784 4446 ἒΐοηᾱὶΙῇβῖ
1865 4372 1928 4406 ¹⁹⁷
1964 4369 2253 4425 mamachi
2287 4369 2337 4424 1.
2375 4369 2726 4446 manialgyg.
2762 4371 3061 4446 muniachi
3091 4374 3178 4446 3._
3223 4374 3288 4446 {9°
3323 4375 3478 4446 1038.
3513 4369 3602 4429 1a.

202 4446 262 4479 "9
293 4445 604 4516 nikyforus
632 4446 683 4498 2.

763 4444 833 4478 ²⁰⁰
863 4441 1241 4514 ἀυ11ίγιιηᾶ2.
1273 4452 1599 4498 constanter.
1677 4443 1739 4476 ²⁰¹
1774 4445 2101 4498 contractos
2132 4448 2436 4514 constanter
2467 4442 2518 4494 4.
2570 4441 2637 4514 ἔθ’
2665 4441 3018 4513 hyrifactora
3044 4447 3096 4499 2.
3131 4442 3605 4514 christophorum

202 4516 249 4570 3.
308 4512 716 4586 ηερισφιιτῆραίο
783 4514 852 4549 ²⁰³
885 4512 1102 4586 61⁸1111Πᾷ
1133 4515 1201 4586 3.,
1264 4515 1333 4548 ¹⁰⁴
1365 4514 1771 4586 imperatorem
1801 4518 1852 4570 2.
1892 4515 1942 4568 4.
1975 4514 2117 4584 imp.
2152 4515 2203 4566 3.
2272 4513 2347 4586 ξοδ
2379 4512 2784 4586 materiensem
2813 4517 2866 4568 2.
2901 4516 2953 4568 3.
2988 4516 3041 4568 4.
3117 4516 3185 4586 ξοδ
3217 4512 3605 4586 musandrum

203 4587 250 4640 4.
323 4590 389 4622 "’7
424 4589 478 4643 ei
513 4585 750 4642 vincula
781 4586 834 4641 1.
909 4585 975 4620 ²⁰⁸
1008 4584 1245 4640 dulchia
1273 4587 1323 4639 1.
1403 4583 1469 4621 ὀὗ
1497 4585 1636 4640 deest
1667 4585 1717 4640 1.
1749 4590 1808 4640 2.
1893 4587 1960 4619 ²¹⁰
1986 4587 2025 4638 f.
2062 4583 2102 4638 t.
2137 4600 2214 4636 In.
2251 4583 2443 4638 desunt
2472 4584 2631 4637 2—4.

205 4657 250 4711 1.
288 4661 356 4694 ²¹²
386 4677 457 4714 ex
490 4663 668 4729 augto
696 4659 742 4712 1.
779 4661 834 4712 2.
868 4662 1146 4729 exagusto
1179 4657 1247 4729 3_._
1267 4672 1467 4729 mense
1499 4658 1718 4729 aug._4.
1753 4657 2042 4729 Exagusto
2073 4659 2396 4729 catapanus
2425 4654 2582 4710 filius
2615 4655 2891 4725 Bugiano.
2928 4654 3309 4729 Iterumgfeeit
3336 4657 3390 4711 5.

204 4744 327 4785 cum
359 4725 621 4785 Atinoll'o
671 4729 788 4784 dux
830 4725 1032 4783 eorum
1083 4728 1152 4783 de
1199 4726 1532 4782 Venebento
1574 4725 1683 4782 sub
1719 4725 1917 4781 monte
1951 4725 2176 4781 Pelusio
2205 4725 2258 4780 5.

2712 4585 2776 4618 ²¹¹
2828 4584 3138 4639 normanni
3193 4585 3606 4690 quadringenti

2712 4655 2870 4690 vignn
2928 4656 3141 4690 “annm
3175 4657 3304 4690 Poni}
3338 4657 3372 4690 εξ
3479 4657 3519 4690 13
3548 4661 3604 4690 οι

3479 4657 3519 4691 13

2336 4672 2394 4709 JS
2425 4661 2582 4710 tilius
2615 4661 2891 4725 Bugiano.
2928 4661 3145 4711 lterum
3175 4661 3309 4711 fecit
3336 4661 3390 4711 5.
3451 4661 3519 4691 ²¹³
3548 4661 3608 4714 et

2336 4727 2403 4760 ²¹⁴
2434 4729 2489 4780 et
2519 4743 2569 4780 e.
2603 4743 2652 4780 e.
2682 4743 2730 4781 c.
2765 4744 2818 4781 n.
2855 4744 2904 4782 e.
2940 4745 2997 4784 n.
3033 4727 3108 4782 M.
3141 4727 3180 4782 i.
3213 4727 3405 4784 desunt
3430 4727 3480 4784 1.
3517 4729 3604 4784 1a.

203 4800 264 4835 ³³⁵
292 4818 535 4858 cesarus
565 4804 620 4855 2.
696 4801 763 4835 ²¹⁶
795 4799 1077 4871 manniky
1105 4802 1157 4854 2.
1193 4797 1480 4853 maxiachi
1513 4799 1565 4852 3.
1642 4799 1708 4832 ²¹⁷
1741 4798 2022 4870 magister
2050 4799 2102 4853 3.
2139 4799 2190 4852 4.

1789 4896 2022 4952 NOTzE.

271 4979 381 5045 (52)
415 4979 585 5034 Nunc
616 4977 980 5034 Palesciano.

274 5049 382 5130 ea
411 5051 498 5130 (ἓξ-
533 5050 884 5130 οθάτθτξιξων
923 5049 990 5115 Ην
1025 5046 1234 5130 9.47.9-

273 5117 386 5188 (54)
419 5122 578 5176 Idem
608 5126 672 5176 ut
698 5122 931 5176 videtur
951 5117 1052 5192 qui
1084 5118 1360 5189 Cedreno,
1395 5117 1464 5185 II,
1497 5135 1556 5189 p.
1587 5118 1694 5172 503
1724 5117 1856 5165 Λέων

211 5187 234 5235 δ
258 5189 519 5248 λεγόμενος
551 5198 717 5248 Ὦπος.

276 5210 519 5253 αγῇμενος
557 5210 717 5248 ὐπος.

276 5263 696 5335 (55)Cedreno,
761 5264 832 5331 II,
907 5279 1040 5335 pag.
1113 5262 1236 5335 512.
1275 5258 1857 5335 _I‘_§égrt0<7m?§¥_‘956

215 5333 472 5418 ξίξνὶιιτις.
518 5336 601 5392 Cf.
636 5335 802 5403 ibid.,
849 5331 926 5407 pf
957 5331 1082 5401 520,
1114 5334 1238 5399 522,
1271 5332 1378 5386 545
1404 5333 1656 5387 Zonoras
1683 5331 1854 5404 XVII,

217 5404 389 5542 10(56)
448 5475 649 5542 Μιχαὴλ
696 5474 1121 5542 πρωτοσπαθαρῐος
1177 5473 1203 5522 ὁ
1259 5474 1526 5533 Δοιειανός,
1581 5474 1856 5542 Cedreno,

218 5559 268 5616 Ρ.
297 5547 439 5619 545;
485 5547 734 5607 Michael
765 5547 1098 5607 Dochianus
1126 5544 1438 5604 Guillelmo
1467 5546 1652 5621 Apulo
1682 5546 1782 5603 lib.
1815 5563 1855 5604 ι.

1882 4979 1929 5043 D

2032 4978 2147 5044 (57)
2180 4976 2470 5048 Cedrenus
2502 4974 2540 5028 l.
2574 4974 2638 5048 l.,
2662 4993 2728 5048 7p.
2763 4977 2886 5031 546.

2037 5049 2152 5120 (58)
2183 5047 2443 5120 Graecum
2476 5046 2776 5120 patritium
2811 5046 3001 5120 quiin
3033 5047 3229 5120 przelio
3262 5051 3474 5120 captus
3497 5051 3606 5120 est,

1966 5118 2552 5201 appellat‘Boz'gnnem
2583 5117 2878 5201 Cedrenus
2899 5119 2981 5201 11,
3014 5117 3128 5201 pag
3307 5117 3415 5176 Sed
3449 5118 3609 5201 Guil-

1966 5187 2180 5244 lélinus
2222 5187 2460 5260 Apulus,
2495 5188 2592 5242 lib.
2630 5206 2694 5255 1.,
2727 5195 2784 5244 et
2815 5187 3120 5252 Ostiensis:
3153 5190 3233 5246 lib
3266 5209 3327 5260 ιι,
3359 5207 3485 5262 cap.
3517 5192 3608 5256 67,

1965 5261 2360 5340 'Exaugttstmlz,
2404 5261 2746 5330 cognomine
2808 5277 2877 5316 ex
2933 5262 3254 5329 occasione,
3308 5263 3472 5331 forte,
3526 5260 3610 5318 illi

1967 5331 2261 5402 imposito.
2297 5331 2501 5386 Peneo.

2039 5403 2152 5477 (59)
2185 5402 2340 5477 Ideni
2371 5401 2471 5477 qui
2502 5419 2680 5474 supra
2709 5420 2762 5458 a.
2799 5403 2975 5475 1038;
3009 5403 3081 5461 cf.
3116 5403 3442 5462 Cedrenum
3471 5402 3513 5462 1.
3545 5402 3611 5477 1.,

1967 5490 2026 5547 p.
2057 5475 2185 5542 541,
2217 5474 2342 5542 545,
2369 5475 2494 5530 547.
