3942 6056
135 260 261 321 137

1619 257 2066 323 CHRONICON
2079 304 2092 319 .

3441 268 3558 327 138

130 394 546 464 Agarcnorum
581 363 1045 459 multitudinem,
1067 397 1123 448 et
1147 392 1281 448 tulit
1302 392 1623 448 obsides’“
1644 408 1713 447 ex
1729 391 1803 446 ci-
1834 392 1882 459 Α
1920 390 2077 446 mite.
2116 392 2226 447 Sed
2258 392 2547 448 Robertus
2580 393 2715 459 dux,
2748 396 2930 466 ejecto
2984 395 3224 451 Petrono
3257 399 3341 465 ³³⁷⁸,
3376 398 3558 454 intro-

134 480 324 535 vitate
356 480 697 537 Panhormi.

208 569 380 625 1066.
411 570 697 625 Lot‘redus
725 570 792 606 ³⁸⁷
824 586 1038 635 comes,
1075 569 1228 626 Illius
1288 569 1559 634 Petronii,
1621 567 1805 625 voluit

133 657 221 714 ire
253 658 317 712 in
353 658 704 714 Romaniam
734 675 871 714 cum
903 657 1088 713 multa
1117 664 1306 731 gente,
1332 659 1430 714 sed
1464 658 1691 714 obstitit
1718 660 1803 715 illi

133 746 387 819 quidam
404 748 618 803 ductor
632 749 963 803 Graecorum
982 747 1218 804 nomine
1239 747 1574 804 Mambrita.
1605 749 1674 803 Et
1695 748 1803 804 hoc

132 852 295 890 anno
331 837 609 908 princeps
659 835 944 891 Ricardus
1000 834 1239 891 intravit
1288 841 1502 891 terram
1554 838 1803 909 Campa-

133 923 246 979 nia:
286 926 381 992 ⁸⁵³,
414 924 764 997 obseditque
811 926 1185 998 Ciperanum,
1246 928 1305 981 et
1361 926 1804 997 comprehendit

132 1030 291 1079 eam,
324 1017 383 1069 et
417 1014 782 1069 devastando
811 1031 998 1087 usque
1030 1013 1271 1072 Romam
1309 1015 1587 1086 pervenit.

204 1104 377 1158 106⁸1.
415 1105 482 1158 In
507 1120 711 1159 mense
741 1104 875 1159 Maii
911 1108 1177 1159 mortuus
1207 1108 1296 1160 est
1322 1104 1739 1161 Constantinus
1770 1120 1803 1160 ο

138 1196 333 1247 Duces
372 1192 722 1263 imperator,
754 1197 813 1248 et
841 1192 1095 1259 Michail,
1129 1191 1287 1249 filius
1342 1193 1491 1264 ejus,
1544 1192 1806 1265 suscepit

133 1279 487 1351 imperium.
517 1281 590 1336 Et
618 1280 729 1337 hoc
758 1297 913 1338 anno
942 1280 1215 1354 apparuit
1243 1280 1413 1338 stella
1442 1281 1685 1337 cometis
1710 1299 1723 1349 ;
1748 1285 1807 1338 et

136 1385 339 1424 comes
372 1368 756 1425 Normannus
786 1370 1073 1426 Robertus
1096 1370 1230 1425 fecit
1251 1368 1467 1426 bellum
1491 1387 1623 1425 cum
1647 1370 1804 1426 Aral-

137 1458 210 1513 do
240 1459 312 1493 "3
346 1474 490 1531 rege
518 1458 862 1532 Anglorum,
896 1463 952 1514 et
979 1459 1118 1514 vicit
1150 1460 1439 1516 Robertus
1468 1461 1554 1528 κδ,
1600 1460 1699 1533 qui
1748 1464 1805 1516 et

138 1547 335 1603 factus
366 1554 462 1603 est
492 1564 591 1603 rex
624 1564 804 1621 super
832 1552 1061 1621 gentem
1093 1547 1437 1620 Anglorum.

207 1637 379 1691 1068.
413 1637 481 1692 In
512 1636 580 1691 16
610 1636 704 1693 die
733 1636 954 1693 mensis
1013 1636 1310 1692 Februarii
1371 1637 1658 1694 Robertus
1688 1638 1806 1693 dux

139 1724 372 1826 obsedit
385 1725 686 1781 civitatem
700 1724 1489 1827 nominellldonftempillosum
1507 1743 1522 1795 ;
1542 1726 1640 1781 ubi
1656 1725 1803 1781 nihil
1834 1762 1880 1827 Β

140 1813 482 1886 proficiens,
497 1830 633 1869 cum
665 1814 869 1887 paucis
899 1814 1044 1870 abiit
1063 1814 1377 1880 Obianum,
1400 1819 1456 1869 et
1475 1816 1628 1887 cepit
1648 1831 1796 1871 eam.

140 1904 206 1958 Et
232 1920 306 1959 ex
335 1902 658 1959 traditione
704 1904 1014 1974 cujusdam
1067 1903 1346 1959 Gotil‘redi
1399 1903 1637 1959 intravit
1676 1902 1804 1976 ipse

140 1993 255 2048 dux
288 1993 351 2047 in
384 1993 693 2065 praefatam
724 1992 1014 2048 civitatem
1049 1992 1483 2064 Montispillosi.

209 2081 375 2137 1069.
413 2082 481 2136 In
514 2097 717 2136 mense
746 2080 1108 2154 Septembris
1139 2081 1415 2153 praefatus
1444 2082 1561 2136 dux
1594 2081 1805 2137 Rober-

139 2172 319 2227 tns'“
340 2169 581 2226 obsedit
611 2169 902 2226 civitatem
938 2170 1062 2225 Bari
1088 2187 1102 2236 ;
1126 2174 1183 2225 et
1213 2170 1474 2225 Romano
1505 2169 1800 2243 Diogenis,

140 2258 236 2332 qui
267 2276 407 2314 cum
434 2259 681 2331 pmfato
702 2258 938 2314 Michail
959 2257 1222 2331 privigno
1240 2274 1347 2314 suo
1366 2258 1601 2314 tenebat
1618 2258 1803 2332 impe-

142 2348 314 2415 rium,
349 2348 563 2403 fraude
621 2347 884 2420 praedicti
940 2346 1174 2403 Michail
1224 2345 1471 2420 privigni
1522 2347 1612 2403 sui
1646 2348 1801 2421 apud

144 2438 441 2509 quandam
477 2436 773 2493 civitatem
807 2437 1088 2493 Armenias
1120 2437 1188 2472 ’⁸⁸
1210 2437 1323 2506 (65)
1344 2436 1805 2509 comprehensus

143 2530 198 2581 et
224 2529 489 2582 emeatus
515 2530 630 2581 est.

212 2616 371 2670 1070.
387 2614 871 2670 MenseJanuarii
888 2631 1168 2688 magnum
1181 2613 1567 2670 homicidium
1584 2615 1802 2671 factum

146 2707 229 2759 est
258 2703 319 2757 in
350 2703 594 2759 civitate
643 2702 954 2758 Brundusii
980 2720 994 2771 ;
1026 2720 1163 2759 nam
1196 2703 1515 2759 Normanni
1546 2704 1803 2759 volentes

146 2808 267 2848 eam
298 2791 827 2865 comprehendere,
857 2791 1001 2847 tenti
1033 2796 1173 2847 sunt
1201 2809 1267 2848 ex
1297 2793 1382 2848 eis
1413 2793 1805 2865 quadraginta

146 2896 272 2936 cum
293 2880 431 2937 aliis
450 2896 661 2936 eorum
688 2879 976 2936 ministris
996 2880 1389 2953 quadraginta
1418 2881 1629 2947 tribus,
1652 2885 1707 2936 et
1735 2881 1802 2917 ³⁸⁷

148 2970 331 3042 capita
349 2969 629 3026 omnium
649 2969 1058 3043 pradictorum
1079 2970 1152 3025 ad
1171 2969 1581 3043 imperatorem
1603 2971 1805 3043 depor-

148 3063 255 3113 tata
288 3064 457 3115 sunt.

1913 480 2016 533 ivit
2045 480 2104 535 in
2138 480 2324 552 ipsam
2350 481 2643 537 civitatem
2672 482 2729 537 in
2766 484 3169 555 puriﬁcatione
3200 481 3412 541 sanetae
3446 487 3561 542 Ma-

1913 586 2031 624 ιιιω.

1987 659 2143 714 1076.
2176 659 2642 731 Comprehensus
2673 666 2762 716 est
2793 662 3030 733 quidam
3080 680 3260 734 nepos
3307 664 3558 719 Africani

1912 746 2066 818 regis
2098 765 2131 803 a
2164 747 2426 820 Rogerio,
2461 749 2635 803 fratre
2683 749 2849 805 ducis
2898 750 3127 805 Roberti
3160 754 3245 821 ’77,
3283 753 3378 822 qui
3414 770 3560 825 pra:-

1912 840 2034 890 erat
2059 835 2289 902 Sicilias,
2318 852 2450 891 cum
2486 839 2589 892 150
2627 839 2873 893 navibus
2922 838 2981 894 in
3030 840 3257 895 civitate
3310 841 3561 897 Mazaria

1911 925 1998 979 '73.
2034 925 2102 978 Et
2134 924 2241 979 hoc
2293 942 2446 980 anno
2497 926 2655 981 dedit
2712 927 2985 998 praefatus
3029 929 3145 982 dux
3178 928 3356 984 filiam
3388 947 3557 985 suam

1911 1013 2022 1085 (66)
2054 1030 2268 1067 nurum
2298 1015 2367 1048 ²⁷⁹
2396 1014 2729 1086 imperatori
2763 1016 3314 1089 Constantinopolis.

1984 1102 2143 1157 1077.
2181 1102 2434 1157 Obsessa
2464 1107 2553 1158 est
2580 1102 2784 1159 civitas
2812 1104 3034 1160 Salerni
3068 1123 3101 1160 a
3133 1105 3381 1162 Roberto
3412 1107 3558 1164 duce

1911 1192 2404 1256 Normannorum,
2437 1196 2495 1246 et
2524 1192 2945 1264 comprehensa
2975 1198 3063 1249 est
3093 1195 3163 1250 ab
3195 1211 3281 1250 eo.

1982 1280 2142 1335 1078.
2174 1280 2426 1335 Obsessa
2455 1284 2544 1335 est
2572 1280 2842 1353 Neapolis
2873 1298 2906 1337 a
2938 1283 3182 1339 Ricardo
3214 1284 3561 1357 principe,et

1912 1368 2154 1424 minime
2185 1368 2607 1441 comprehensa
2629 1386 2643 1435 ;
2664 1375 2719 1424 et
2742 1370 3028 1425 Robertus
3059 1371 3175 1426 dux
3203 1373 3434 1427 obsedit
3464 1374 3560 1429 Be-

1912 1462 2243 1521 neventum,
2267 1458 2366 1512 sed
2391 1459 2518 1529 ejus
2540 1458 2803 1513 obsessio
2825 1459 3109 1531 dissipata
3128 1465 3219 1516 est
3249 1478 3283 1517 a
3311 1461 3558 1517 Rodulfo

1913 1546 2117 1619 Pipino
2147 1547 2376 1602 comite.
2400 1548 2469 1602 Et
2489 1547 2599 1603 hoc
2620 1565 2774 1604 anno
2794 1549 2937 1603 obiit
2967 1549 3243 1621 praefatus
3272 1549 3561 1606 Ricardus

1912 1635 2205 1708 princeps.

1983 1725 2143 1780 1079.
2180 1724 2423 1780 Intravit
2449 1725 2730 1783 Patronus
2762 1726 2816 1780 in
2851 1728 3100 1782 Tranem
3131 1732 3220 1795 ;et
3242 1729 3453 1783 Barum
3477 1744 3560 1783 re-

1912 1812 2171 1879 bellavit,
2194 1814 2375 1885 ejecto
2396 1813 2599 1869 exinde
2623 1815 2891 1887 praesidio
2912 1814 3174 1871 ducis.Et
3199 1816 3559 1889 Bajalardus,

1911 1902 2070 1957 ﬁlius
2090 1902 2373 1958 Umfredae
2395 1903 2482 1971 38°,
2508 1903 2948 1975 comprehendit
2963 1904 3256 1960 Ascolum.
3280 1906 3347 1960 Et
3369 1905 3427 1959 in
3448 1904 3559 1960 hoc

1913 2008 2065 2046 anno
2078 1992 2299 2063 ejectus
2312 1996 2401 2046 est
2415 1991 2730 2064 imperator
2743 1992 3053 2064 praedictus
3067 1992 3297 2048 Michail
3311 2010 3555 2065 aregno,

1911 2084 1967 2135 et
1984 2079 2352 2135 Botoniati’“
2379 2078 2619 2151 quidam
2652 2080 2843 2135 factus
2872 2081 3211 2153 imperator,
3238 2081 3337 2153 qui
3362 2083 3560 2137 abstu-

1911 2168 1978 2223 lit
2007 2169 2243 2241 praat‘ato
2291 2168 2523 2223 Michail
2557 2186 2818 2235 uxorem,
2852 2174 2907 2225 et
2936 2171 3160 2225 abusus
3189 2175 3279 2226 est
3307 2187 3375 2225 ea
3405 2173 3546 2241 (67).

1912 2257 2029 2313 Hoc
2060 2274 2211 2313 anno
2241 2258 2352 2312 fuit
2379 2258 2705 2314 mortalitas
2734 2258 3041 2315 hominum
3073 2258 3133 2313 in
3166 2260 3403 2319 Matera.

1982 2346 2141 2401 1080.
2178 2348 2478 2401 Inventum
2498 2351 2588 2402 est
2609 2364 2819 2419 corpus
2843 2347 2994 2402 beati
3012 2347 3285 2403 Canionis
3302 2347 3361 2403 in
3381 2346 3561 2403 Ache-

1912 2435 2112 2490 runtia
2140 2436 2209 2470 ³⁸³
2238 2435 2310 2489 ab
2339 2435 2593 2491 Arnaldo
2625 2435 3080 2507 archiepiscopo,
3105 2439 3161 2491 et
3181 2435 3334 2492 idem
3367 2436 3559 2492 archi-

1912 2522 2223 2596 episcopus
2254 2527 2593 2579 construere
2623 2524 2797 2595 caapit
2827 2541 3039 2579 novum
3085 2524 3470 2596 episcopium,
3500 2525 3560 2580 id

1912 2618 2001 2669 est
2031 2611 2335 2667 ecclesiam
2371 2617 2581 2667 sancta:
2613 2613 2711 2667 Dei
2764 2612 2967 2669 Matris
3014 2612 3228 2667 Mariae.
3262 2614 3379 2669 Hoc
3406 2630 3559 2669 anno

1913 2701 2117 2757 civitas
2148 2701 2274 2756 Bari
2309 2718 2537 2756 reversa
2570 2707 2657 2757 est
2685 2702 2745 2756 in
2777 2706 3062 2774 potestate
3094 2702 3327 2757 Roberti
3358 2702 3559 2771 ducis;

1911 2796 1970 2847 et
2001 2790 2156 2845 idem
2193 2790 2311 2844 dux
2342 2790 2573 2846 obsedit
2603 2790 2897 2846 civitatem
2919 2791 3240 2857 Tarenti,et
3268 2791 3325 2845 in
3358 2807 3561 2847 mense

1910 2878 2126 2952 Aprilis
2168 2878 2612 2951 comprehendit
2662 2895 2832 2947 eam;
2865 2885 2922 2935 et
2961 2881 3029 2914 ²⁸³
3075 2878 3289 2934 iterum
3333 2880 3561 2936 obsedit

1911 2967 2355 3037 Castellanetam
2389 2969 2477 3033 '3‘,
2505 2971 2562 3023 et
2592 2967 2745 3040 cepit
2774 2984 2923 3024 eam.
2959 2968 3027 3023 Et
3051 2968 3160 3024 hoc
3190 2984 3342 3023 anno
3372 2968 3557 3040 impe-

1910 3062 2068 3111 rator
2089 3055 2323 3111 Michail
2344 3056 2644 3111 descendit
2674 3056 2733 3111 in
2761 3055 3053 3129 Apuliam,
3069 3056 3379 3129 quaerendo
3401 3057 3560 3111 auxi-

211 3147 370 3205 1071.
404 3148 703 3204 Robertus
733 3148 851 3203 dux
880 3146 1117 3203 intravit
1149 3145 1686 3219 Brundusiapolim,
1720 3145 1805 3202 di-
1832 3131 1875 3198 C
1914 3144 2058 3200 lium
2080 3162 2114 3200 a
2135 3144 2383 3200 Roberto
2415 3145 2563 3201 duce
2589 3150 2790 3201 contra
2818 3143 3105 3201 Botaniati
3135 3146 3203 3180 ’⁸⁸
3230 3145 3361 3218 (68).
3394 3146 3465 3201 Et
3492 3143 3555 3201 in

152 3235 324 3292 missa
362 3241 507 3292 ante
556 3238 767 3293 Barum
827 3235 1168 3309 obsidione;
1201 3253 1337 3291 nam
1369 3235 1492 3308 ipse
1522 3236 1640 3291 dux
1671 3234 1805 3291 fecit

156 3324 265 3379 ﬁeri
296 3329 543 3398 pontem
566 3326 628 3381 in
660 3325 831 3392 mari,
853 3331 1147 3397 quatenus
1163 3326 1231 3361 ³⁸³
1262 3324 1635 3381 concluderet
1661 3341 1800 3397 por-

152 3416 267 3468 tum
300 3415 559 3487 praefata:
610 3414 774 3471 urbis
806 3414 955 3469 Bari.
990 3415 1108 3471 Hoc
1137 3414 1314 3470 etiam
1348 3430 1501 3470 anno
1532 3412 1664 3469 dolo
1693 3429 1800 3468 cu-

147 3502 382 3571 jusdam
408 3502 701 3575 Argirichi
730 3504 821 3570 ’5',
852 3502 955 3558 filii
985 3502 1288 3570 Joannaci,
1322 3502 1553 3558 occisus
1583 3505 1672 3558 est
1701 3501 1801 3556 Bi-

153 3591 376 3647 santius
395 3596 784 3663 cognomento
805 3591 1145 3648 Guirdeliku
1180 3592 1248 3628 ²⁷⁰
1266 3591 1325 3646 in
1356 3592 1518 3647 Baro.
1546 3592 1616 3646 Et
1643 3592 1708 3626 ³⁷⁷
1740 3590 1800 3645 in

154 3679 218 3733 15
242 3680 337 3736 die
369 3679 597 3737 mensis
624 3679 840 3754 Aprilis
871 3680 1022 3753 cepit
1052 3681 1340 3737 Robertus
1361 3682 1480 3737 dux
1508 3680 1801 3736 civitatem

1912 3250 2113 3289 mense
2140 3232 2281 3289 Julii
2310 3235 2382 3288 26
2403 3234 2469 3269 ²⁸⁶
2499 3233 2591 3289 die
2621 3234 2885 3305 ejusdem
2917 3233 3139 3290 mensis
3170 3237 3435 3290 mortuus
3466 3239 3556 3292 est

1910 3323 2199 3379 Robertus
2228 3338 2423 3378 comes
2446 3322 2695 3378 eximius
2707 3324 2794 3391 "7,
2818 3328 2875 3379 et
2896 3324 3215 3394 ejectisunt
3236 3322 3557 3379 Normanni

1910 3413 1980 3468 de
2012 3413 2232 3468 Matera
2262 3412 2518 3468 secundo
2545 3430 2559 3481 ;
2587 3416 2643 3468 et
2672 3414 2844 3485 coepit
2874 3430 3116 3487 regnare
3148 3414 3430 3470 Lofredus
3462 3430 3556 3469 co-

1911 3518 2056 3568 mes,
2087 3500 2243 3556 ﬁlius
2273 3501 2422 3572 ejus,
2455 3518 2558 3573 pro
2586 3517 2652 3557 eo
2680 3500 2738 3556 in
2773 3503 3084 3573 Matera,in
3116 3501 3314 3574 vigilia
3342 3508 3557 3559 sanctas

1912 3591 2105 3647 Mariae
2137 3606 2338 3646 mense
2368 3590 2633 3664 Augusti.

1982 3681 2141 3735 1081.
2178 3680 2463 3735 Robertus
2494 3680 2610 3734 dux
2641 3679 2877 3735 intravit
2906 3679 3189 3736 Tricarim
3220 3696 3422 3737 mense
3452 3680 3560 3736 Oc-

158 3767 297 3835 Bari,
327 3774 390 3825 et
419 3770 480 3825 in
515 3786 715 3827 mense
742 3769 885 3826 Julii
916 3771 1033 3825 dux
1071 3769 1383 3842 praedictus
1423 3768 1804 3825 transmeavit
1908 3768 2199 3825 tobris.Et
2221 3768 2279 3822 in
2304 3784 2504 3823 mense
2534 3767 2749 3840 Aprilis
2778 3768 3056 3824 Archirici
3086 3770 3335 3842 perrexit
3355 3770 3428 3825 ad
3452 3769 3560 3824 Mi-

156 3858 430 3915 Adriatici
451 3859 636 3915 maris
658 3858 902 3932 pelagus
928 3859 1295 3931 perrexitque
1315 3858 1571 3915 Siciliam
1587 3876 1719 3915 cum
1733 3860 1804 3914 58

157 3947 418 4004 navibus.

219 4037 380 4092 1072.
415 4036 619 4092 Mense
662 4036 930 4093 Januarii
960 4038 1029 4073 ²⁷²
1060 4036 1153 4093 die
1184 4038 1252 4093 10
1280 4037 1540 4093 introivit
1588 4037 1802 4094 Rober-

158 4129 243 4180 tus
271 4125 397 4181 dux
424 4124 487 4180 in
520 4125 917 4181 Panhormum
950 4125 1243 4182 civitatem
1275 4125 1505 4182 Sicilire.

222 4215 382 4270 1073.
418 4214 791 4270 Intraverunt
845 4214 1033 4288 primo
1079 4216 1148 4251 ³⁷³
1194 4215 1514 4271 Normanni
1564 4213 1622 4269 in
1657 4216 1803 4271 Tra-

162 4317 280 4358 nem
310 4303 387 4338 '7‘
417 4302 478 4358 in
536 4307 740 4360 octava
790 4302 1113 4377 epiphanim
1172 4320 1307 4361 cum
1340 4305 1584 4361 Petrono
1615 4305 1683 4339 ⁸⁷⁵
1708 4321 1804 4361 co-

1912 3857 2139 3913 chalam
2172 3873 2365 3930 regem
2400 3855 3050 3930 Sclavorum,deditque
3080 3860 3208 3929 ejus
3240 3857 3358 3915 filio
3389 3874 3559 3914 suam

1913 3946 2093 4001 ﬁliam
2128 3962 2387 4012 uxorem,
2419 3949 2475 4001 et
2507 3945 2792 4001 Robertus
2837 3947 2955 4001 dux
3000 3962 3135 4002 cum
3176 3947 3415 4019 praefato
3450 3945 3560 4001 Mi-

1913 4034 2110 4091 chaele
2133 4034 2479 4106 imperatore
2500 4034 2752 4106 perrexit
2773 4035 3102 4105 Idrontum;
3128 4036 3445 4108 missisque
3462 4053 3560 4091 an-

1911 4130 2006 4181 tea
2034 4124 2282 4179 navibus
2312 4123 2371 4178 in
2404 4122 2601 4179 insula
2638 4123 2825 4178 Coril'o
2860 4124 2947 4192 ’33,
2982 4141 3109 4196 quae
3159 4124 3559 4198 apprehende-

1913 4218 2052 4269 runt
2080 4229 2229 4280 eam,
2262 4212 2362 4267 ubi
2394 4216 2451 4268 et
2478 4211 2603 4284 ipse
2637 4217 2770 4284 post
2797 4213 2865 4248 ’⁸9
2894 4213 3205 4285 paululum
3258 4231 3375 4269 una
3421 4230 3557 4270 cum

1913 4303 2261 4375 imperatore
2282 4302 3211 4376 transfretavit,posueruntquein
3236 4320 3436 4360 mense
3454 4304 3557 4361 Ju-

1512 4439 1757 4495 VARIE
1795 4437 2213 4496 LECTIONES.

222 4546 285 4619 '9
314 4543 690 4619 obsidionem
719 4546 779 4619 ᾇ.
813 4546 901 4619 1a.
976 4546 1047 4619 ’°‘_
1072 4545 1349 4619 loll'redus
1378 4547 1436 4603 4.
1515 4547 1588 4619 ῗ⁶²
1617 4546 1921 4619 capitaniaa
1953 4547 2006 4619 3A.

2109 4544 2177 4580 ’⁵³
2207 4542 2447 4600 arnaldo
2482 4546 2531 4600 1.
2567 4545 2651 4602 la.
2688 4546 2739 4600 4.
2834 4546 2903 4581 ³⁸⁸
2929 4545 3074 4601 deest
3101 4549 3156 4600 2.
3191 4547 3245 4601 3.
3323 4547 3391 4582 ³⁸⁸
3419 4545 3565 4604 deest

162 4615 310 4689 2-4.
389 4616 791 4689 ’“rarthemiaa
842 4617 893 4673 1.
935 4617 1203 4689 κωνιὴθῐιίθ
1230 4622 1304 4689 ,2.
1355 4616 1569 4673 arteria
1608 4615 1947 4689 3Aarctenia
1977 4617 2064 4672 la.
2100 4687 2109 4689 _
2140 4617 2452 4689 “fretique
2482 4616 2842 4689 annirdesunl
2870 4618 2918 4689 1.
2955 4618 3042 4673 la.
3119 4618 3475 4689 mquantus
3504 4621 3558 4676 2.

165 4686 208 4741 1.
235 4688 511 4744 conantis
539 4690 576 4744 5
671 4690 739 4724 ’⁵³
767 4687 1001 4745 arzerizi
1034 4690 1083 4744 1.
1116 4688 1351 4795 αι’ςίνὶᾖί
1386 4689 1441 4743 3.
1516 4690 1585 4724 ²⁷⁰

165 4757 217 4791 ττι
246 4759 506 4795 ,ι-ιιορς
540 4759 734 4795 Λυκηιο
762 4762 827 4795 ι..
894 4761 962 4795 m
991 4760 1135 4795 ςιιηςς
1173 4761 1197 4795 1.
1329 4760 1365 4795 .3
1398 4759 1519 4795 ηιοα
1549 4763 1585 4795 κ.

164 4757 217 4791 ’π
246 4759 509 4815 et—Bari
539 4759 734 4816 desunt
762 4762 852 4817 la.
894 4761 962 4795 ³⁷³
983 4760 1137 4831 junii
1170 4757 1220 4816 [ἶ.

167 4828 214 4882 1.
290 4831 361 4866 ’7‘
395 4837 641 4882 patrono
675 4833 724 4882 1.
799 4832 867 4867 ³⁷⁷
916 4830 1060 4882 deest
1108 4835 1163 4882 2.

167 4901 478 4957 acherunta
510 4903 559 4957 1.
635 4903 703 4937 ³⁸³
732 4906 994 4959 et—eam
1050 4902 1245 4959 desunt
1305 4904 1390 4959 1a.
1468 4904 1536 4938 ²⁸⁴
1565 4902 1983 4959 castelanetam
2016 4902 2067 4959 1.
2145 4901 2213 4936 ³⁸³
2269 4901 2627 4958 bocthamati
2676 4903 2728 4959 1.

170 4972 538 5047 magnanimo
567 4979 625 5029 et
650 4973 862 5031 eximio
896 4976 982 5030 1a.
1058 4975 1125 5009 ’⁸⁸
1149 4974 1311 5030 corfu
1348 4978 1393 5030 1.
1472 4975 1541 5011 ’⁸ο
1566 4974 1731 5048 prius
1759 4976 1812 5030 3.

1397 4759 1520 4832 ples
1549 4759 1828 4833 (plures?)
1852 4763 1910 4833 1.
1974 4761 2010 4833 Ῐ

1656 4687 1903 4744 irdelikn
1933 4689 1983 4744 1.
2012 4687 2433 4794 guirdelithum
2463 4689 2517 4743 3.
2551 4688 2991 4762 guinderlichus
3022 4690 3073 4743 4.
3106 4687 3437 4761 guirdeliku
3468 4689 3559 4745 la.

1656 4760 1828 4794 1nna‘)\
1861 4763 1878 4794 1
1988 4761 2010 4793 2
2036 4761 2057 4794 ὁ
2087 4760 2227 4794 Ωον-η
2263 4760 2321 4794 In
2383 4764 2545 4794 hmnn
2573 4764 2606 4794 ι)
2660 4763 2887 4794 {ny-nntn
2919 4761 2951 4794 ‘2
2994 4763 3170 4794 ἧπται-ιη
3201 4761 3226 4794 I.
3302 4761 3369 4794 2⁵15
3399 4766 3559 4794 nnhm

2036 4761 2057 4794 δ
2087 4760 2227 4814 Baro
2263 4760 2355 4833 la.
2383 4760 2626 4814 trane'2.
2660 4763 2888 4833 tarento
2918 4761 2970 4814 3.
2994 4760 3170 4833 trario
3198 4761 3251 4815 4.
3276 4761 3369 4833 ⁷⁷⁵
3399 4766 3563 4833 petro

394 4837 641 4903 patrono
675 4833 724 4886 1.
799 4832 867 4867 ³⁷⁷
916 4830 1163 4903 άεὲειίὲ.
1222 4832 1275 4887 3.
1338 4830 1414 4887 4f
1467 4833 1533 4867 ³⁷⁸
1567 4830 1819 4903 fnarzaia
1839 4832 1893 4886 3.
1970 4832 2039 4903 ’7?
2068 4846 2305 4903 uxorem
2335 4832 2418 4903 3._
2465 4832 2532 4866 ²⁸⁰
2562 4831 2809 4887 umfredi
2845 4833 2893 4887 1.
2952 4832 3035 4903 ί²⁸¹
3068 4831 3335 4888 hotamiti
3370 4830 3420 4887 1'.
3496 4832 3565 4867 ³³³

2805 4904 2873 4938 ²⁸⁰
2918 4902 3134 4961 XXVII.
3167 4905 3221 4959 2.
3297 4905 3365 4939 ³⁸⁷
3396 4907 3564 4960 conte

1741 5097 1975 5154 NOTAE.

203 5205 339 5283 ,(65)
372 5204 544 5283 Apud
572 5203 820 5283 labram
851 5204 1362 5283 Armenizeurbem
1386 5205 1489 5263 107
1501 5210 1543 5283 l_,
1567 5206 1640 5283 2g
1656 5206 1803 5283 ΑΒΕ.

170 5276 344 5331 victus
376 5276 487 5331 est.
514 5307 584 5317 -—
614 5276 698 5332 Cf.
733 5276 912 5333 etiam
958 5276 1201 5350 Niceph.
1235 5278 1464 5334 Brienn.
1501 5277 1543 5348 Ι,
1573 5276 1803 5335 25.Ζό-

174 5361 283 5401 nar.
315 5346 516 5414 XVIII,
551 5348 635 5414 14,
671 5350 759 5404 15.

232 5419 341 5485 (66)
367 5417 648 5474 Helenam
704 5435 983 5485 sponsam
1042 5420 1421 5476 Constantino
1479 5425 1665 5476 Ducas.
1719 5420 1802 5477 Cf.

175 5488 675 5566 Anngﬂgemnena
702 5488 796 5548 ed.
836 5491 962 5550 Par.
992 5497 1035 5560 Ι,
1068 5509 1198 5566 pag.
1230 5491 1321 5562 23,
1351 5492 1441 5561 27,
1473 5496 1564 5549 28.
1597 5492 1806 5564 (Zona-

178 5574 259 5619 ras
283 5560 484 5632 XVIII,
521 5563 632 5634 17.)

474 5689 742 5757 Panos.
786 5688 956 5755 CLV.

1984 5206 2099 5275 (67)
2128 5203 2489 5278 Niciephorus
2536 5206 2768 5263 Brienn.
2802 5207 2901 5274 IlI,
2934 5208 3022 5275 24,
3054 5211 3162 5277 25;
3198 5210 3360 5267 Anna
3389 5209 3559 5266 Com-

1915 5292 2068 5352 nen_a
2097 5278 2185 5352 ed.
2222 5277 2349 5333 Par.
2386 5278 2484 5346 III,
2518 5295 2575 5352 p7.
2606 5280 2715 5352 73;
2746 5280 2997 5352 Zonaras
3026 5280 3227 5347 XVIII,
3265 5283 3352 5352 18,
3388 5281 3475 5337 19.

1986 5350 2100 5417 (68)
2129 5348 2253 5404 Non
2286 5366 2487 5425 verum
2520 5348 2721 5425 tuisse
2758 5350 3192 5425 imperatorem
3225 5348 3565 5409 sed'mona-

1915 5418 2088 5475 chum
2120 5421 2453 5491 quemdam.
2471 5422 2571 5494 qui
2596 5422 2715 5477 haec
2746 5418 2995 5494 finxerit,
3022 5423 3199 5479 tradit
3218 5426 3386 5479 Anna
3406 5427 3569 5481 Com-

1915 5507 2068 5546 nena
2097 5496 2141 5560 I,
2176 5508 2233 5564 p.
2284 5496 2374 5557 28,
2414 5493 2523 5565 29';
2560 5493 2807 5552 Michael
2854 5494 3190 5571 patriarcha
3234 5495 3567 5571 Ephesinus

1915 5562 2224 5624 ordinatus
2253 5563 2418 5625 obiit.

1914 5579 2224 5624 οιναωαιιιθ
2253 5579 2418 5624 οοιιι.

3204 5696 3241 5762 ὅ
