3942 6056
378 287 492 346 143

1634 288 2013 349 EPISTULA
2056 287 2515 349 ENCYCLICA.

3669 286 3790 347 144

377 436 600 483 omnes.
627 436 774 491 quos
806 420 886 475 ibi
918 419 1284 487 invenerunt,
1310 420 1669 476 occiderunt.
1702 421 1907 476 Fertur
1934 436 2029 474 au-
2058 421 2110 487 Α
2143 419 2213 474 ad
2246 418 2436 475 solum
2462 435 2649 491 usque
2681 423 2977 492 peruncta.
2997 418 3066 474 Et
3095 417 3154 474 in
3175 417 3285 476 hoc
3308 435 3461 475 anno
3482 419 3554 476 de
3584 435 3789 476 mense

378 515 495 567 tem
553 509 744 565 occisa
801 526 929 565 esse
960 509 1039 564 ibi
1071 510 1177 563 200
1209 508 1371 564 milia
1410 510 1738 564 hominum.
1769 510 1838 563 Et
1888 514 2030 563 tunc

377 600 714 656 levaverunt
743 598 854 654 sibi
909 598 1213 654 christiani
1271 616 1465 671 regem
1500 599 1893 662 Gotofredum,
1927 597 2027 659 qui

378 691 567 745 fuerat
626 689 944 744 Suevorum
980 689 1120 742 dux.
1152 689 1219 743 Et
1249 689 1319 743 de
1378 704 1580 742 mense
1618 687 1758 742 Julii
1816 686 2028 758 praedi-

378 785 508 834 ctus
540 794 688 849 papa
719 777 986 833 Urbanus
1016 776 1178 844 obiit,
1202 781 1258 832 et
1277 776 1493 832 electus
1514 778 1595 811 369'
1613 782 1703 832 est
1734 774 2028 830 Paschalis

380 883 552 939 papa.

452 957 608 1011 1100.
643 955 910 1012 Mortuus
940 958 1028 1011 est
1057 956 1403 1011 Gotofredus
1446 955 1756 1027 przedictus
1788 952 1859 1007 ab
1893 969 2028 1008 urso

376 1045 466 1111 37°,
499 1044 802 1117 egrediens
860 1061 894 1099 a
951 1043 1103 1100 saltu
1134 1044 1220 1112 3“,
1254 1060 1430 1115 quem
1489 1049 1661 1099 antea
1685 1044 1754 1078 ³⁷³
1797 1059 1930 1097 eum
1960 1042 2029 1077 373

379 1134 604 1190 fortiter
634 1133 846 1189 feriens
873 1133 961 1188 37‘.

452 1224 608 1278 1101.
644 1222 1075 1295 Comprehensa
1104 1227 1194 1278 est
1223 1221 1483 1279 Caesarea
1526 1239 1560 1277 a
1609 1221 1943 1278 christianis
1973 1224 2030 1277 et

2139 507 2496 579 Septembris
2517 514 2784 563 mortuus
2811 512 2900 563 est
2920 506 3213 563 Goﬂ‘ridus
3235 524 3450 574 comes,
3465 512 3523 564 et
3550 508 3739 564 Alexin.
3757 524 3789 567 s

2136 597 2224 663 ³⁷⁵,
2248 596 2404 651 filius
2462 597 2612 667 ejus,
2647 596 2885 652 intravit
2937 596 3257 664 Materiem,
3292 602 3349 653 et
3389 598 3689 669 superiora
3716 597 3788 634 ³τ⁸

2137 691 2436 757 coeperunt
2474 686 2724 741 habitari
2745 687 2812 721 ³η
2844 703 2877 741 a
2915 685 3320 742 Montensibus
3356 687 3443 742 37'.
3477 687 3593 742 Hoc
3632 703 3787 745 anno

2137 773 2283 828 obiit
2309 773 2601 828 Arnaldus
2632 773 3105 846 archiepiscopus
3125 775 3573 844 Acherontinus,
3598 783 3655 832 et
3681 774 3791 832 Ro-

2137 861 2333 933 gerius
2364 878 2560 917 comes
2592 862 2801 918 Siciliae
2829 864 2898 899 37°
2926 863 2987 919 in
3026 880 3226 921 mense
3254 865 3414 920 Junii
3444 866 3533 922 33°.

2210 951 2366 1006 1102.
2401 951 2481 1006 De
2511 968 2713 1007 mense
2756 952 3098 1008 Novembris
3128 953 3273 1009 obiit
3314 954 3645 1027 Stephanus
3684 956 3787 1012 ab-

2137 1039 2243 1094 bas
2273 1039 2658 1110 Materiensis,
2679 1044 2737 1095 et
2766 1040 3015 1113 Symeon
3068 1042 3250 1099 abbas
3299 1044 3584 1100 successit
3613 1043 3682 1100 ei.
3719 1045 3794 1101 Et

2137 1128 2197 1183 in
2229 1144 2429 1183 mense
2462 1128 2595 1183 Maii
2626 1128 2845 1185 electus
2872 1134 2963 1186 est
3000 1131 3206 1188 Petrus
3232 1132 3661 1189 Acherontinus
3689 1151 3791 1191 ar-

2137 1217 2544 1292 chiepisc0pus
2572 1219 2659 1274 ³⁸³.
3452 1212 3473 1229 ⁸

1732 1362 1976 1419 νΑΡιΙίΕ
2016 1361 2319 1419 LECTION
2326 1362 2428 1418 ES.

449 1463 518 1499 ³⁸³
546 1462 810 1519 eleuatus
839 1465 892 1519 3.
967 1464 1036 1498 ³⁷0
1062 1480 1199 1519 ursa
1227 1464 1282 1518 3.
1356 1463 1423 1498 δτι
1455 1479 1506 1518 e.
1539 1478 1608 1517 ex
1637 1460 1755 1517 alto
1787 1462 1837 1516 1.
1912 1462 1981 1496 ³⁷²
2011 1464 2145 1517 ante
2177 1460 2227 1516 1.
2304 1460 2374 1495 373
2404 1460 2529 1532 ipse
2557 1460 2634 1516 2?
2664 1461 2716 1532 4.
2792 1460 2863 1496 ³⁷⁸
2891 1459 3124 1518 ferierat
3151 1461 3223 1518 2?
3252 1463 3305 1518 4.
3380 1463 3450 1499 ⁸⁷³
3478 1461 3793 1521 alexander

378 1533 432 1607 2.
467 1536 519 1607 4.
553 1535 719 1607 alexii
751 1536 805 1590 3.
881 1535 949 1607 ³7⁵
980 1551 1157 1606 super
1212 1551 1281 1607 ea
1306 1536 1388 1607 >1.
1435 1533 1671 1607 superia
1723 1537 1777 1589 2.
1811 1550 1990 1607 supra
2044 1536 2097 1607 3_.
2130 1540 2285 1607 vagat
2311 1532 2374 1607 ﬁ.
2410 1531 2544 1607 ets.
2577 1531 2722 1607 c._h_.
2753 1548 2811 1607 a.
2846 1549 2925 1607 m.
2957 1532 3156 1607 desunt
3208 1533 3287 1607 1³.
3328 1537 3542 1607 νδρατὶον
3575 1536 3787 1607 relicto.

377 1606 445 1680 {77
476 1605 737 1662 habitare
772 1607 822 1661 1.
897 1606 964 1640 ³⁷⁸
996 1624 1030 1662 a
1054 1602 1434 1661 _montisibus
1482 1602 1533 1660 1—.
1574 1602 2033 1660 Amantensibus
2061 1605 2116 1661 3.
2191 1604 2261 1639 37°
2290 1602 2431 1659 deest
2463 1605 2512 1660 1.
2588 1604 2657 1639 33°
2686 1602 2812 1659 iulii
2845 1605 2897 1659 4.
2972 1604 3038 1640 ³⁸¹
3100 1604 3257 1661 Finis
3316 1602 3383 1662 3.’
3422 1606 3580 1662 Finis
3636 1606 3790 1680 Lupi

380 1677 731 1750 Protospatze
764 1679 816 1732 4.

1803 2069 1961 2116 ANNO
2005 2070 2219 2118 DOMINI
2261 2071 2366 2116 MC.

1082 2209 1981 2349 EPISTOLA
2088 2207 2391 2346 ΕΝ(
2402 2206 3087 2349 IYCLICA

711 2464 1437 2616 MONACHORUM
1541 2464 1993 2614 llAJORIS
2093 2461 2727 2613 MONASTERII
2800 2461 3459 2615 TUBONENSIS

819 2717 1028 2842 DE
1097 2711 1668 2847 MOBTE
1742 2714 2561 2844 BEBNARDI
2656 2712 3338 2879 ABBATIS

1551 2930 1818 3001 (MABILL.
1850 2929 2059 2986 Annal.
2093 2929 2331 3001 Bencd.,
2360 2928 2430 2999 V,
2462 2930 2610 2998 668).

449 3234 510 3289 In
546 3233 749 3304 Majori
782 3233 1131 3291 Monasterio
1162 3251 1227 3289 ex
1261 3233 1369 3290 hac
1394 3233 1732 3290 turbulenta
1759 3234 1876 3290 vita
1909 3234 2019 3290 hoc
2048 3251 2201 3290 anno
2230 3235 2416 3304 (1100)
2447 3233 2519 3289 ad
2548 3233 2842 3305 ccclestem
2886 3232 3147 3305 requiem
3179 3231 3451 3305 migravit
3478 3231 3788 3305 piissimus

377 3306 561 3361 abbas
593 3303 941 3378 Bernartius,
975 3310 1284 3378 postquam
1338 3323 1568 3378 sacrum
1621 3305 1776 3361 hunc
1812 3306 2003 3362 locum
2034 3306 2204 3361 annis
2236 3303 2492 3378 amplius
2522 3304 2857 3378 quindecim
2890 3303 2994 3375 per
3023 3303 3214 3378 varias
3263 3303 3495 3378 turbas
3518 3305 3787 3378 rexisset,

377 3377 622 3458 ejusque
653 3374 1383 3458 re_gularem‘_gliseiplipatn
1415 3382 1473 3458 et
1503 3377 1830 3458 libertatem
1865 3382 2102 3458 strenue
2146 3374 2576 3458 conservasset.
2598 3374 2962 3458 Encyelieam
3006 3376 3251 3458 d‘e‘ejus
3280 3375 3441 3458 obitu
3475 3375 3787 3458 epistolam

376 3446 659 3520 scripsere
689 3446 759 3503 de
790 3465 950 3503 more
979 3446 1216 3519 Majoris
1247 3447 1581 3503 Monasterii
1615 3448 1844 3515 fratres,
1877 3449 1938 3503 in
1969 3465 2088 3520 qua
2116 3448 2382 3504 orbitatis
2413 3464 2531 3503 suae
2562 3446 2987 3503 intolerabilem
3019 3446 3275 3504 dolorem
3309 3446 3641 3504 testantur.‘

447 3632 732 3689 Omnibus
762 3633 1029 3690 Ecclesiae
1057 3634 1157 3690 Dei
1188 3634 1524 3707 ubicunque
1552 3633 1773 3690 diffusa
1805 3634 1943 3691 filiis
1970 3638 2026 3690 et
2053 3639 2100 3703 B
2133 3652 2275 3691 nosa
2304 3636 2499 3691 carnis
2555 3633 2930 3703 mortalitate,
2964 3633 3057 3690 cui
3091 3633 3237 3690 nihil
3297 3635 3609 3690 mundanae
3639 3650 3789 3690 con-

375 3722 633 3793 filiabus,
654 3723 883 3779 Domini
919 3723 1151 3779 servitio
1174 3723 1381 3779 dicatis
1411 3728 1467 3779 et
1492 3723 1782 3780 conservis
1815 3724 1940 3780 suis
1969 3729 2027 3780 et

332 3811 893 3886 .comparticipibus
932 3813 1074 3885 spei,
1105 3830 1233 3885 quae
1275 3817 1365 3868 est
1409 3813 1466 3868 in
1512 3812 1761 3869 (Ihristo.
1786 3813 2024 3884 Majoris

374 3900 707 3956 Monasterii
732 3902 940 3957 fratres
971 3906 1187 3957 mutuas
1210 3901 1513 3958 cbaritatis
1540 3901 1599 3957 in
1623 3902 1898 3957 omnibus
1929 3903 2025 3958 bo-

372 3990 465 4045 nis
497 3989 1021 4061 participationem.

443 4078 750 4144 Quoniam,
781 4078 1056 4150 Apostolo
1102 4080 1364 4145 docente,
1399 4097 1504 4135 nos
1545 4096 1748 4136 omnes
1780 4080 1877 4152 qui
1909 4079 2019 4135 Do-

373 4165 599 4221 minum
629 4166 833 4221 Jesum
877 4168 1245 4235 conﬁtemur,
1282 4169 1328 4224 si
1368 4170 1539 4224 ﬁdem
1580 4174 1835 4224 nostram
1870 4168 2022 4225 male

369 4253 613 4309 vivendo
655 4271 768 4309 non
811 4255 1255 4324 mortiﬁcamus,
1288 4258 1553 4313 membra
1583 4258 1839 4330 corporis
1868 4258 2019 4328 ejus,

370 4344 524 4416 quod
557 4347 648 4400 est
675 4343 950 4411 Ecclesia,
976 4361 1103 4400 esse
1125 4344 1470 4415 didicimus;
1494 4364 1628 4402 cum
1650 4350 1845 4403 autem
1877 4344 2021 4419 pati-

368 4437 467 4489 tur
497 4450 683 4490 unum
712 4435 1067 4499 membrum,
1091 4438 1299 4490 caetera
1328 4436 1727 4492 commembra
1756 4440 2021 4508 oportere

368 4524 646 4594 compati,
678 4524 879 4579 eodem
913 4522 1268 4591 insinuante,
1305 4540 1419 4577 non
1456 4523 1816 4596 ignoramus.
1840 4524 2020 4580 Vobis

368 4612 786 4669 commembris
818 4610 1055 4683 nostris,
1080 4616 1144 4666 ut
1173 4611 1341 4666 nobis
1374 4612 1831 4684 compatiamini,
1866 4613 2020 4669 sicut

366 4700 514 4757 ratio
545 4700 847 4756 cbaritatis
887 4700 1163 4773 exposcit,
1190 4700 1457 4756 orbitatis
1497 4706 1708 4757 nostra:
1738 4702 2017 4775 importa-

366 4787 541 4843 bilem
574 4788 909 4860 passionem
944 4787 1301 4844 nuntiamus.
1335 4787 1535 4844 Orbati
1566 4804 1773 4845 sumus
1803 4789 2017 4845 etenim

365 4881 530 4946 patre
583 4880 782 4932 nostro
842 4877 1156 4942 Bernardo,
1214 4877 1336 4932 viro
1398 4878 1716 4933 admodum
1773 4894 2017 4934 venera-

364 4964 489 5031 bili,
544 4971 744 5036 utpote
802 4981 951 5033 vere,
1013 4965 1167 5036 quod
1227 4965 1483 5036 primum
1540 4971 1648 5031 est,
1708 4966 2013 5032 catholico,

365 5053 542 5119 dulci,
577 5052 849 5124 sapienti,
892 5053 1005 5124 pio,
1041 5057 1097 5107 et
1147 5059 1212 5108 ut
1271 5053 1409 5125 quid
1444 5055 1513 5110 de
1543 5072 1608 5110 eo
1641 5055 1764 5111 sine
1821 5073 2014 5112 errore

364 5140 580 5197 sentire
609 5140 867 5195 debeatis
899 5140 1147 5195 breviter
1175 5142 1525 5212 pandemus.
1561 5147 1692 5199 actu
1726 5147 1783 5198 et
1809 5144 2015 5200 habitu

360 5246 506 5285 versa
539 5228 835 5302 religionis
874 5232 930 5282 et
975 5228 1306 5284 sanctitatis
1355 5232 1685 5287 reverendo.
1719 5232 1882 5289 Unde
1911 5234 2012 5289 ab-

362 5335 507 5391 sque
537 5316 918 5373 dubitationis
966 5316 1328 5372 haesitatione
1369 5319 1720 5376 conﬁdimus
1750 5322 1906 5393 quod
1958 5322 2010 5378 ei

359 5406 435 5462 sit
466 5405 776 5479 prazclarus
821 5404 1031 5476 quietis
1071 5403 1234 5459 locus
1276 5405 1331 5459 in
1364 5410 1703 5463 sanctorum
1747 5410 2012 5466 beatitica

2131 3723 2385 3795 tagionis
2416 3722 2731 3791 inhaeserit,
2767 3726 2822 3778 et
2860 3722 3407 3795 probatissimorum
3439 3726 3788 3778 sanctorum

2130 3811 2412 3883 exemplis
2443 3816 2500 3867 et
2531 3811 2741 3866 divinae
2800 3810 3110 3883 Scriptura:
3167 3810 3524 3866 testimoniis
3575 3827 3790 3884 cogno-

2129 3901 2345 3968 vimus,
2377 3900 2428 3955 ei
2483 3900 2705 3972 aliquid
2739 3916 2958 3955 carnea:
3009 3898 3318 3972 rubiginis,
3351 3899 3508 3974 quod
3564 3916 3790 3974 purga-

2130 3988 2293 4046 toriis
2341 3988 2665 4061 paenalibus
2726 3987 2802 4045 sit
2856 3988 3234 4061 expiandum,
3268 4005 3336 4043 ex
3393 3993 3554 4060 parte
3584 3987 3789 4062 aliqua

2127 4079 2433 4134 inhaesisse
2465 4079 2872 4134 formidamus.
2898 4077 3043 4133 Hinc
3082 4081 3171 4133 est
3214 4078 3366 4150 quod
3408 4077 3686 4149 petimus,
3721 4078 3785 4136 in

2128 4185 2244 4242 quo
2276 4185 2310 4223 a
2337 4168 2499 4223 vobis
2529 4167 2635 4239 piae
2676 4165 3101 4239 compassionis
3160 4165 3517 4237 adjutorium
3575 4172 3787 4239 postu-

2129 4256 2345 4328 lamus,
2377 4256 2600 4312 scilicet
2655 4261 2720 4311 ut
2777 4273 2847 4311 ne
2880 4255 3025 4312 forte
3069 4261 3305 4328 propter
3360 4253 3620 4327 aliquam
3653 4272 3785 4313 car-

2122 4363 2247 4402 nea:
2305 4345 2634 4419 fragilitatis
2693 4343 2985 4400 maculam
3038 4345 3281 4414 januam
3313 4342 3520 4400 debitae
3562 4344 3786 4416 quietis

2128 4436 2201 4492 ad
2232 4440 2465 4508 tempus
2502 4433 2866 4507 purgationis
2901 4434 2950 4490 ei
2984 4432 3296 4507 contigerit
3325 4432 3646 4503 obfirmari,
3678 4451 3785 4491 vos

2127 4523 2454 4580 orationum
2515 4528 2838 4578 vestrarum
2897 4522 3157 4578 clavibus
3216 4526 3273 4577 et
3328 4522 3557 4594 piarum
3617 4521 3784 4578 obla-

2126 4613 2354 4669 tionum
2388 4611 2745 4683 impulsibus
2780 4610 3105 4684 impetretis
3138 4609 3509 4666 festinantius
3540 4610 3782 4681 aperiri.

2128 4702 2424 4774 Rogamus
2454 4701 2629 4757 etiam
2662 4704 2729 4755 ut
2767 4716 2870 4772 pro
2903 4697 3072 4755 nobis
3104 4714 3478 4755 communem
3510 4697 3784 4755 omnium

2126 4791 2372 4846 exoratis
2431 4791 2795 4856 Creatorem,
2843 4792 3136 4860 quatenus
3204 4786 3273 4843 ad
3345 4786 3783 4859 beneplacitum

2126 4896 2301 4936 suum
2339 4878 2544 4944 vivere,
2580 4882 2639 4934 et
2681 4893 2789 4933 nos
2849 4892 3045 4949 regere
3103 4875 3282 4932 faciat
3338 4875 3527 4930 Patris
3576 4876 3787 4932 defun-

2126 4969 2202 5024 cti
2261 4983 2678 5023 suceessorem.
2712 4967 2784 5021 Et
2828 4966 3110 5038 quoniam
3166 4966 3300 5037 pius
3357 4964 3527 5019 Pater
3580 4967 3789 5022 noster

2125 5058 2212 5113 vir
2267 5059 2483 5112 sancta
2542 5054 2866 5111 severitatis
2922 5054 3052 5117 fuit.
3086 5059 3144 5110 et
3201 5070 3318 5110 non
3378 5050 3569 5108 solum
3600 5052 3787 5110 verba

2124 5143 2486 5219 peccatricia,
2518 5144 2617 5199 sed
2674 5147 2732 5200 et
2768 5161 2917 5199 vana
2972 5148 3033 5200 et
3087 5141 3376 5212 scurrilia,
3414 5145 3472 5197 et
3500 5157 3785 5212 quascun-

2123 5251 2235 5307 que
2265 5233 2438 5288 modo
2470 5231 2702 5287 inutilia
2738 5248 2913 5288 exosa
2952 5230 3182 5298 habuit,
3217 5235 3273 5286 et
3303 5231 3376 5286 ab
3408 5230 3612 5285 auditu
3644 5245 3783 5299 suo,

2121 5326 2406 5394 quantum
2438 5318 2646 5391 potuit,
2680 5318 2915 5390 rejecit;
2949 5317 3323 5374 sanctitatem
3352 5320 3605 5372 vestram
3639 5331 3785 5387 pre-

2119 5428 2323 5468 camur
2352 5414 2417 5465 ut
2441 5425 2675 5464 versum
2731 5407 2952 5464 naeniae
3000 5412 3059 5464 et
3114 5406 3611 5477 derisiones,quaa
3670 5420 3783 5477 po-

360 5494 664 5552 mansione
707 5498 1086 5567 praeparatus.
1123 5493 1235 5549 Sed
1283 5493 1601 5567 quoniaum
1650 5496 1879 5553 nullum
1930 5499 2009 5555 ita
2115 5501 2235 5557 tius
2293 5514 2470 5573 quam
2538 5497 2766 5570 prosint
2830 5496 3137 5566 defuncto,
3189 5494 3538 5551 facientibus
3597 5509 3785 5551 accu-

359 5583 751 5659 circonspecte
793 5582 881 5641 vel
940 5581 1174 5642 climate
1224 5582 1414 5643 vivere
1470 5583 1531 5641 in
1587 5584 1765 5660 hujus
1797 5604 2006 5645 aerum-

2117 5588 2347 5648 mulaut
2417 5584 2837 5657 amuationem,
2871 5585 2943 5644 ab
2993 5584 3103 5644 hac
3156 5584 3361 5644 charta
3409 5598 3784 5645 summovea-
