3942 6056
137 248 252 314 145

1212 251 1689 316 BERNARDUS
1732 253 2010 317 TOLE'I‘.
2049 286 2114 299 υ-
2153 254 2491 317 ΝΟΊῚΊῚΑ.

3437 251 3554 315 146

134 387 233 453 tis,
299 390 655 458 tantumque
713 384 1057 459 simpliciter
1130 385 1392 444 locorum
1464 392 1791 444 vestrorum
1823 391 1877 455 Α
1907 392 2076 444 Patre
2106 393 2161 444 et
2191 388 2411 461 Spiritu
2445 394 2645 446 sancto
2675 405 2831 445 unus
2862 388 3067 444 beatus
3098 392 3157 443 et
3213 387 3555 446 beatificans

136 476 407 540 nomina,
438 481 499 532 et
526 475 668 548 quid
704 493 809 549 pro
839 477 1111 533 defuncto
1141 478 1307 532 Patre
1338 481 1536 533 nostro
1586 481 1643 533 et
1696 494 1799 550 pro

138 566 312 623 nobis
361 566 623 622 feceritis
673 565 986 635 adnotetis,
1042 572 1104 622 ut
1151 567 1293 640 quid
1343 567 1522 622 etiam
1553 585 1662 623 nos
1694 584 1796 640 pro

135 656 304 711 vobis
335 656 663 711 debeamus
695 657 883 711 facere
913 672 1359 729 cognoscamus,
1395 658 1595 729 sicque
1653 675 1796 729 prae-

1910 478 2065 533 Deus
2096 496 2197 550 per
2228 478 2425 533 omnia
2452 479 2665 534 saecula
2695 478 3039 534 saeculorum
3096 484 3301 532 Amen.

1979 564 2133 620 Obiit
2163 572 2357 621 autem
2388 566 2482 621 hic
2515 566 2816 637 piissimus
2842 571 3014 621 Pater
3053 570 3251 620 noster
3295 582 3447 621 anno
3479 566 3550 622 ab

1908 644 2311 710 Incarnatibne
2343 655 2573 709 Domini
2606 656 2763 721 llOO,
2812 655 3128 711 indictione
3174 671 3299 719 VIII,
3353 661 3557 727 epacta

136 750 379 816 ceptum
432 744 685 816 apostoli
742 744 943 800 Jacobi
1000 745 1363 817 complentes
1398 763 1411 800 :
1476 751 1649 803 Orate
1698 762 1800 817 pro
1905 759 2004 809 vn,
2038 749 2423 799 concurrente
2454 762 2549 811 VII,
2584 745 2779 799 idibus
2815 745 3042 816 Aprilis,
3075 745 3133 798 in
3166 744 3294 816 ipsa
3336 744 3554 799 hebdo~

137 835 376 890 ὑπαὶ-ιτα
423 841 489 889 ut
534 834 851 896 salvemim'.
899 833 971 889 ad
1000 833 1359 890 Salvatorem
1393 840 1656 890 nostrum
1693 851 1799 890 nos

136 921 363 977 mutuis
413 921 786 978 orationibus
834 922 1244 994 pertrahamus
1292 923 1609 978 Dominum
1662 940 1799 978 nos-

135 1016 288 1065 trum
341 1010 553 1066 Jesum
601 1010 925 1079 Christum,
976 1010 1076 1083 qui
1127 1010 1266 1066 vivit
1317 1017 1374 1067 et
1422 1016 1629 1085 regnat
1660 1029 1797 1067 cum

1908 834 2084 888 mada
2115 833 2366 902 Pascha},
2403 834 2655 889 Sabbato
2689 835 2841 906 quod
2874 838 2963 890 est
2993 834 3051 888 in
3083 833 3265 901 Albis,
3319 832 3378 888 in
3429 833 3556 905 ipso

1908 921 2020 978 diei
2052 927 2274 991 exortu,
2307 928 2589 994 tanquam
2622 923 2721 995 qui
2765 923 2835 979 de
2887 922 3144 979 tenebris
3185 922 3557 996 egrederetur

1909 1012 1982 1067 ad
2015 1011 2229 1066 lucem.

1577 1231 1743 1277 ANNO
1785 1232 1997 1278 DOMINI
2036 1232 2140 1277 MC.

1532 1351 2183 1508 BBUNO

1102 1654 1446 1725 NOTI'IIA
1502 1654 1947 1725 HISTORICA
2002 1655 2083 1725 IN
2136 1657 2603 1728 BRUNONEM

1367 1792 1599 1867 (Ouum.
1627 1795 1828 1866 Script.
1861 1795 2059 1852 Eccles.
2094 1795 2164 1865 II,
2196 1796 2349 1866 968.)

1639 1917 2038 1929 ——_—__

197 2013 399 2069 Bruno
443 2011 693 2084 quidam
744 2008 857 2065 hoc
907 2025 1059 2064 anno
1100 2008 1241 2065 -1100
1268 2006 1356 2063 vel
1392 2008 1531 2062 1110
1560 2006 1793 2077 claruit,
1828 2018 1869 2082 Β
1898 2013 2027 2065 tum
2077 2014 2359 2079 cerneret,
2406 2028 2675 2084 reparare
2715 2011 3013 2081 jacturam
3044 2010 3313 2065 eamdem
3351 2006 3564 2064 voluit.

152 2103 220 2159 de
251 2118 375 2174 quo
407 2100 583 2173 plura
616 2098 766 2155 scire
796 2115 911 2153 non
943 2097 1129 2153 licuit.
1148 2096 1809 2152 Fuiissevideturaetatis

140 2192 406 2264 ejusdem
429 2206 571 2245 cum
593 2187 789 2243 Alull'o
808 2186 919 2243 sub
936 2184 1130 2243 saeculi
1155 2204 1231 2241 xu
1250 2184 1507 2252 initium,
1523 2185 1808 2256 quiambo

142 2280 583 2338 Collectaneum
617 2277 990 2333 Paterianum
1040 2292 1109 2332 ex
1156 2274 1457 2347 opusculis
1506 2275 1622 2329 divi
1666 2275 1808 2331 Gre-

145 2371 284 2445 gorii
320 2370 388 2424 in
420 2368 611 2424 libros
641 2366 955 2439 Scriptura;
980 2364 1399 2437 compositum,
1424 2363 1640 2434 injuria
1661 2367 1808 2418 tem-

147 2476 356 2532 porum
391 2457 720 2529 perditum,
754 2471 1023 2526 reparare
1039 2453 1366 2509 voluerunt.
1387 2452 1466 2507 De
1483 2450 1673 2507 Alulfo
1690 2451 1811 2505 hmo

148 2548 321 2605 habet
352 2548 743 2603 Hermannus
773 2544 832 2598 in
866 2545 1108 2599 Historia
1153 2542 1573 2597 restaurationie
1622 2556 1812 2596 mona-

149 2639 305 2693 sterii
333 2636 540 2692 Sam-ti
566 2633 799 2688 illartini
831 2633 1179 2687 Tornacensz's
1210 2635 1369 2686 torno
1400 2629 1811 2701 XllSpicilegii,

153 2744 314 2782 num.
351 2727 451 2789 38,
484 2740 621 2796 pag.
654 2722 764 2778 395
791 2726 849 2776 et
869 2721 1273 2794 sequentibus.
1300 2743 1326 2769 ‹‹
1352 2720 1407 2775 Is
1430 2719 1684 2792 primum
1708 2718 1817 2773 cle-

154 2816 328 2879 ricus.
388 2812 608 2868 deinde
657 2810 985 2866 monachus
1032 2809 1092 2863 in
1141 2810 1380 2880 praefato
1438 2805 1812 2873 monasterio,

155 2905 400 2961 armarii
430 2920 538 2959 seu
568 2902 810 2957 cantoris
843 2899 1101 2955 officium
1134 2901 1202 2954 47
1235 2896 1405 2954 annis
1431 2895 1636 2964 tenuit,
1686 2912 1815 2951 om-

160 3011 381 3068 nosque
410 2992 603 3048 libros
633 2988 789 3046 beati
820 2986 1080 3062 Gregorii
1111 2987 1327 3059 saepius
1358 2985 1643 3059 relegens,
1676 2982 1812 3039 imi-

158 3088 314 3139 tatus
349 3080 679 3145 Paterium,
711 3077 1014 3133 universas
1043 3081 1164 3131 tam
1195 3074 1418 3131 Veteris
1448 3090 1625 3147 quam
1673 3072 1815 3128 Novi

162 3170 532 3228 Testamenti
584 3166 909 3223 sententias
957 3166 1029 3220 ab
1058 3181 1125 3221 eo
1155 3163 1450 3236 expositas
1480 3178 1815 3235 excerpens,

162 3263 275 3317 tres
301 3259 523 3315 exinde
549 3255 781 3312 codices
808 3254 1162 3327 composuit,
1193 3257 1251 3308 et
1272 3257 1548 3325 quartum
1568 3252 1636 3306 de
1656 3250 1820 3305 valde

165 3349 413 3405 utilibus
446 3344 760 3402 sententiis
790 3342 1218 3416 superaddidit,
1252 3341 1453 3413 eisque
1484 3337 1821 3409 Gregorialis

165 3454 379 3494 nomen
429 3433 671 3490 indidit.
706 3455 736 3483 ι»
767 3432 897 3487 Haec
946 3431 1318 3486 Hermannus
1364 3430 1435 3484 de
1471 3426 1689 3494 Alulfo,
1721 3425 1822 3498 qui

169 3526 545 3596 Gregoriatem
603 3536 962 3593 componens
1018 3519 1091 3574 ad
1153 3517 1539 3573 imitationem
1593 3513 1822 3584 Paterii,

166 3614 323 3670 illius
356 3611 560 3684 operis
582 3605 1216 3681 jacturam,cuiprima
1232 3610 1613 3678 parstantum
1630 3619 1827 3674 super-

167 3707 339 3771 esset,
375 3699 666 3757 resarcire
694 3696 893 3753 voluit.
930 3696 1089 3751 Alter
1120 3698 1316 3750 autem
1343 3693 1443 3765 qui
1497 3691 1821 3748 resarcien-

1917 2100 2080 2156 Unde
2111 2100 2248 2173 quia
2279 2100 2471 2172 operis
2502 2101 2785 2156 Pateriani
2811 2117 2912 2155 seu
2934 2098 3284 2155 Collectanei
3304 2097 3362 2152 in
3384 2096 3567 2152 libros

1919 2190 2230 2263 Scriptura:
2281 2190 2536 2262 potiores
2586 2207 2723 2261 pars
2771 2188 2962 2261 prima
3004 2193 3234 2243 tantum
3269 2190 3568 2258 superstes

1918 2284 2093 2347 esset,
2128 2280 2353 2335 addidit
2379 2280 2578 2351 prima;
2600 2279 2737 2334 huic
2766 2278 2971 2334 Paterii
3000 2276 3223 2349 antiqui
3248 2275 3419 2348 parti,
3444 2291 3570 2346 par-

1918 2372 2008 2423 tes
2040 2369 2358 2423 secundam
2392 2373 2449 2423 et
2470 2368 2725 2433 tertiam,
2749 2366 2875 2437 ipso
2897 2357 3133 2420 nomine
3153 2366 3329 2420 etiam
3358 2363 3565 2418 Paterii

1920 2458 2143 2523 relicto,
2177 2458 2272 2513 hic
2308 2460 2494 2512 Bruno
2517 2459 2585 2512 de
2607 2474 2720 2527 quo
2748 2456 3079 2527 loquimur;
3107 2455 3259 2509 unde
3283 2452 3572 2524 contingit

1921 2551 1985 2604 ut
2035 2548 2096 2602 in
2147 2565 2289 2603 mss.
2343 2547 2619 2602 omnibus
2659 2546 3169 2612 bibliothecarum,
3202 2543 3411 2599 Paterii
3442 2559 3569 2599 cre-

1922 2637 2159 2702 dantur,
2193 2636 2329 2708 quia
2360 2635 2520 2690 illius
2555 2635 2788 2689 nomine
2821 2634 3242 2707 insigniuntur.
3293 2634 3572 2705 Spectant

1922 2730 2117 2781 tamen
2150 2725 2237 2780 ha:
2270 2731 2462 2796 partes
2493 2724 2751 2778 secunda
2784 2730 2840 2778 et
2868 2724 3037 2778 tertia
3070 2722 3274 2778 Paterii
3308 2723 3379 2777 ad
3427 2723 3568 2777 Bru-

1926 2831 2159 2874 nonem,
2213 2818 2277 2869 ut
2324 2831 2393 2869 ex
2439 2811 2685 2885 epistola
2743 2811 3034 2868 Brunonis
3092 2812 3163 2866 ad
3223 2816 3569 2867 Wernerum

1924 2905 2238 2976 quemdam
2271 2907 2523 2968 constat,
2556 2918 2736 2974 quam
2770 2900 3124 2956 Benedictini
3156 2899 3425 2956 monachi
3449 2899 3573 2955 edi-

1926 2995 2139 3049 derunt
2182 2992 2242 3047 in
2292 2991 2545 3047 editione
2594 2990 2805 3045 ultima
2853 2990 3107 3061 Operum
3155 2989 3268 3043 divi
3314 2988 3575 3061 Gregorii

1926 3100 2089 3155 papae
2120 3081 2407 3141 omnium,
2442 3078 2698 3142 Parisiis,
2733 3083 2986 3150 quatuor
3014 3078 3236 3133 in-l‘olio
3270 3076 3577 3132 volumini-

1926 3172 2038 3227 bus
2071 3187 2223 3226 anno
2257 3170 2395 3224 1705
2424 3170 2594 3231 facta,
2630 3173 2785 3222 tomo
2817 3167 2908 3232 IV,
2944 3171 3105 3238 parte
3134 3184 3190 3231 II,
3227 3167 3336 3221 sub
3369 3166 3575 3237 praefa-

1928 3260 2107 3316 tionis
2140 3260 2336 3325 ﬁnrm,
2369 3274 2543 3330 quam
2580 3255 2737 3329 operi
2770 3255 3071 3311 Pateriano
3102 3272 3137 3310 a
3166 3273 3228 3310 se
3258 3253 3412 3310 edito
3434 3271 3576 3325 prae-

1933 3349 2241 3411 miserunt,
2277 3348 2356 3402 Ex
2388 3345 2497 3401 hac
2528 3345 2710 3417 igitur
2740 3343 3004 3416 cpistola,
3030 3347 3259 3399 constat
3280 3342 3575 3398 Paterium

1934 3454 2106 3509 quem
2144 3434 2500 3490 Benedictini
2536 3433 2804 3489 monachi
2836 3432 2981 3488 Galli
3004 3431 3499 3501 velutgenuinum
3522 3434 3582 3486 et

1934 3526 2226 3597 integrum
2278 3524 2696 3595 produxerunt,
2753 3538 2882 3577 esse
2927 3521 3227 3586 mutilum,
3259 3537 3325 3575 ac
3355 3524 3582 3592 partem

1933 3613 2341 3669 tantummodo
2371 3611 2620 3684 primam
2653 3612 2724 3665 ad
2760 3610 3052 3665 Paterium
3083 3609 3412 3680 pertinere;
3444 3625 3580 3680 par—
3619 3609 3622 3613 ’

1937 3707 2026 3758 tes
2056 3707 2252 3758 autem
2285 3701 2604 3757 secundam
2638 3705 2694 3755 et
2724 3700 2958 3754 tertiam
2990 3715 3115 3755 esse
3149 3698 3328 3769 h‘ujus
3359 3699 3579 3753 Bruno-

170 3794 251 3848 άε
303 3788 527 3847 Paterii
567 3788 817 3857 ,ἰαθῑυνεε
861 3782 1123 3841 laborem
1173 3799 1349 3839 suum
1397 3780 1664 3847 000mm,
1721 3778 1831 3834 ἶυίῐ
1939 3791 2051 3857 nis,
2103 3790 2203 3863 qui
2252 3805 2404 3845 anno
2455 3789 2685 3844 circiter
2724 3788 2862 3843 iilO
2893 3786 3185 3843 Paterium
3219 3785 3583 3841 deﬁcientem

168 3880 259 3936 ille
288 3880 498 3936 Bruno
530 3876 603 3931 de
634 3891 751 3947 quo
780 3872 1101 3946 loquimur,
1121 3872 1220 3945 qui
1239 3888 1375 3927 cum
1393 3869 1829 3926 Collectaneum

172 3966 381 4025 Paterii
415 3967 477 4021 in
507 3964 693 4020 libros
722 3961 948 4018 Veteris
980 3978 1046 4016 ac
1074 3960 1215 4016 Novi
1236 3958 1593 4016 Testamenti
1613 3975 1681 4013 ex
1697 3957 1833 4013 Gre-

172 4056 316 4131 gorii
348 4054 521 4111 libris
550 4050 953 4125 conscriptum
983 4053 1042 4106 et
1071 4047 1290 4121 injuria
1318 4046 1599 4120 temporis
1630 4044 1831 4120 perdi-

1940 3878 2250 3951 supplevit,
2285 3877 2485 3950 illique
2517 3878 2664 3932 duas
2695 3881 2889 3949 partes
2918 3874 3148 3947 adjecit,
3184 3891 3310 3946 quae
3355 3877 3585 3945 tempo-

1940 3987 2073 4027 rum
2105 3968 2323 4042 injuria
2350 3967 2661 4041 perierant.

175 4165 3590 4200 _______________._____________..__.__._._..._..____——————

1124 4288 1762 4398 BRCNONIS
1844 4284 2661 4392 GREGOBIALE

727 4459 881 4531 (Vide
904 4458 1240 4529 Patrologiae
1268 4466 1397 4515 tom.
1433 4457 1637 4524 LXXIX,
1672 4455 1802 4527 Opp.
1834 4454 2008 4510 sancti
2039 4451 2287 4521 Gregorii
2314 4449 2498 4522 Magni
2524 4457 2651 4506 tom.
2688 4450 2745 4516 γ,
2776 4450 2878 4505 col.
2910 4448 3059 4520 681.)

184 4567 3598 4614 ________________________________________

1612 4686 1772 4732 ANNO
1813 4684 2031 4729 DOMINI
2075 4684 2155 4727 MC
2167 4712 2180 4723 .

692 4820 1838 4983 BERNARDUS
1969 4811 3116 4977 TOLETANUS

1694 5054 2118 5069 —————I——

1488 5135 1832 5207 NOTITIA
1886 5128 2323 5203 HISTORlCA

1003 5277 1282 5349 (FABRIC.,
1315 5275 1648 5331 Bibliotheca
1679 5274 1879 5331 mediae
1906 5280 1957 5329 et
1986 5272 2195 5343 inﬁmae
2224 5268 2564 5333 Latinitatis,
2597 5266 2640 5332 l,
2669 5265 2821 5335 234.)

419 5418 1111 5492 ardus,archiepiscopus
1133 5416 1474 5483 Toletanus,
1498 5416 1552 5471 in
1562 5415 1769 5492 terfuit
1785 5413 2047 5492 conciliis
2070 5410 2433 5492 [.egionensi,
2458 5405 2847 5492 Nemausensi
2868 5409 2925 5461 et
2943 5400 3308 5492 Gerundensi
3324 5416 3426 5492 ‘an.
3431 5398 3612 5492 r3091,

367 5471 1530 5561 quatuor
1560 5488 1617 5542 in
1652 5486 2032 5559 antiphsinain
2066 5471 2241 5548 Salue,
2279 5471 2477 5549 Regina
2503 5478 2919 5544 misw'z'rortliar,
2945 5476 3235 5533 editorum
3260 5473 3410 5527 inter
3430 5471 3617 5543 Opera

210 5562 267 5618 8.
296 5562 580 5620 Bernardi
613 5561 1092 5618 Glareavallensis.
