3960 6064
318 214 430 277 151

1776 216 2264 281 MANEGALDI.

3612 207 3735 270 152

317 365 352 405 a
383 346 576 417 malis,
600 365 729 422 quae
775 351 937 406 tanto
981 349 1232 409 validius
1272 352 1603 425 reprobau-t,
1655 358 1873 426 quanto
1904 352 1964 408 in
1993 354 2050 421 Α
2150 351 2372 421 Virgine
2414 355 2576 406 natus
2627 349 2720 416 sit,
2771 345 3042 403 destructa
3066 342 3515 418 philosophorum
3551 357 3741 399 conse-

320 437 492 494 bonis
532 438 751 495 fuerint
797 437 1107 509 delectati;
1158 440 1288 497 ideo
1337 441 1558 498 accessi
1606 442 1867 515 propius,
1916 445 1975 497 et

321 543 428 599 per
476 531 534 584 te
582 526 780 601 ipsum
830 528 1071 603 cognovi
1118 531 1391 587 morbum
1422 535 1589 586 tuum
1625 548 1639 586 :
1671 531 1974 587 obtestans

325 619 527 671 utrum
557 616 638 671 ita
664 615 767 672 tibi
799 616 858 672 in
887 618 1254 690 perceptione
1285 618 1519 675 illarum
1550 618 1976 675 sententiarum

328 704 727 777 acquiesceres
749 709 811 761 ut
827 723 926 763 eas
948 707 1318 765 credentibus
1340 726 1453 764 non
1473 707 1826 781 intelligeres
1849 725 1978 765 esse

330 792 767 860 damnosas,hic
797 794 941 852 satis
960 797 1265 853 temerarie
1296 798 1655 869 respondens
1677 796 1977 868 subjecisti

333 881 557 937 nescire
590 886 641 938 te
670 883 991 955 quidquam
1026 885 1084 939 in
1117 885 1382 958 eis.quod
1417 884 1673 942 multum
1705 893 1841 943 tuus
1863 887 1983 943 ani-

335 986 470 1026 mus
498 977 927 1043 aspernaretur.
963 974 1162 1046 Itaque
1193 974 1399 1031 multis
1427 992 1462 1031 a
1496 979 1549 1031 te
1579 975 1855 1032 conviciis
1898 974 1981 1031 la-

337 1059 588 1116 cessitus
608 1060 990 1117 furibundum
1015 1063 1453 1137 minantemque
1473 1064 1707 1137 reliqui.
1722 1066 1985 1138 Propono

338 1164 476 1219 ergo
506 1148 725 1220 aliquid
755 1148 890 1205 inde
923 1151 995 1205 ad
1030 1156 1083 1206 te
1114 1150 1388 1215 scribere,
1412 1152 1557 1209 utin
1586 1171 1788 1210 eorum
1820 1153 1987 1211 libris

340 1241 399 1292 et
429 1237 700 1294 sensibus
723 1239 794 1294 de
824 1256 1072 1311 quorum
1096 1258 1290 1298 errore
1310 1242 1989 1310 dissimulas,manifesle

341 1342 660 1399 cognoscas
690 1327 1021 1385 haereticam
1054 1330 1394 1401 pravitatem
1432 1331 1739 1389 contineri.
1799 1330 1989 1389 Simul

342 1413 520 1470 etiam
540 1414 857 1472 arbitratus
874 1434 1008 1473 sum
1024 1417 1096 1474 de
1114 1417 1329 1474 domno
1342 1435 1494 1491 papa
1513 1418 1990 1493 Gregorio,quem

343 1503 565 1576 polluto
596 1521 694 1561 ore
721 1504 963 1573 laceras,
996 1505 1217 1579 aliquid
1249 1508 1697 1576 adnectendum,
1730 1513 1796 1565 ut
1834 1526 1993 1566 reco-

344 1593 494 1665 gites
526 1594 665 1665 quia
693 1594 994 1668 amplioris
1014 1596 1234 1669 peccati
1259 1613 1438 1653 causa
1457 1596 1607 1655 solet
1631 1614 1759 1656 esse
1790 1615 1996 1672 praece-

347 1682 492 1740 dens
522 1688 846 1756 peccatum.

669 1773 1146 1832 CAPITULATIO
1188 1775 1674 1843 SEQUENTIUM.

230 1942 251 1951 _
349 1861 505 1918 CAP.
540 1861 583 1918 Ι.
615 1862 771 1934 Quod
818 1879 926 1921 non
980 1880 1166 1921 omnes
1213 1865 1661 1939 philosophorum
1714 1867 2002 1923 sententiae

423 1952 752 2024 abjiciendte
777 1955 909 2015 sint,
931 1953 1022 2009 sed
1050 1955 1187 2021 illac,
1222 1956 1284 2011 in
1315 1956 1511 2029 quibus
1537 1955 1744 2029 decepti
1767 1963 1914 2025 sunt,
1949 1962 2003 2011 et

422 2040 723 2112 decipiunt,
745 2050 797 2098 et
817 2042 882 2098 de
907 2042 1240 2115 Pythagora:
1267 2046 1538 2102 sententia
1564 2044 1630 2100 de
1657 2046 1846 2101 anima
1878 2044 2000 2100 val-

424 2128 489 2185 de
519 2129 848 2186 detestanda.

356 2217 507 2274 CAP.
542 2219 609 2275 II.
642 2220 716 2276 De
744 2221 993 2287 Platone,
1025 2229 1077 2277 et
1102 2222 1217 2293 eius
1248 2223 1570 2293 involucris,
1601 2224 1800 2295 quibus
1827 2231 2003 2280 osten-

425 2309 509 2364 dit
536 2325 606 2365 e.c
633 2309 831 2381 quibus
857 2317 1059 2366 constet
1085 2313 1295 2379 anima,
1344 2320 1397 2367 et
1438 2312 1580 2384 quod
1626 2313 1690 2368 in
1738 2312 2006 2369 distantia

422 2405 665 2470 penetret
691 2413 904 2470 corpus.

357 2487 507 2545 CAP.
560 2487 656 2543 III.
714 2488 791 2543 De
835 2486 1068 2543 diversis
1112 2490 1394 2567 sententiis
1437 2490 1881 2563 philosophorum
1942 2488 2009 2547 de

427 2594 498 2633 an
506 2593 640 2634 ima.

361 2665 512 2721 CAP.
550 2665 643 2722 IV.
679 2665 829 2734 Quod
859 2668 920 2722 in
967 2667 1334 2723 mensurando
1376 2667 1563 2733 solem,
1595 2677 1650 2725 et
1697 2669 1909 2736 lunam,
1957 2677 2009 2725 et

429 2754 823 2811 habitabilibus
862 2756 1095 2811 maculis
1142 2756 1350 2828 decepti
1395 2758 1527 2825 sint,
1558 2766 1611 2813 et
1637 2760 1689 2814 si
1715 2760 1839 2831 quis
1883 2757 2012 2815 inde

433 2844 699 2901 Macrobio
727 2843 1039 2913 crediderit,
1075 2846 1131 2900 in
1161 2845 1267 2917 ﬁde
1291 2846 1459 2918 facile
1483 2848 1847 2919 periclitetur.

361 2935 512 2992 CAP.
540 2934 606 2991 V.
662 2933 810 3003 Quod
859 2934 1156 2990 secundum
1200 2934 1509 3007 Apostolum
1554 2937 1696 2993 talia
1725 2936 2013 3009 probanda

435 3031 584 3088 sunt,
631 3031 683 3080 et
726 3023 797 3079 ad
840 3024 1179 3080 sobrietatem
1227 3023 1557 3082 Christianae
1614 3027 1823 3098 regulae
1869 3042 2011 3083 rese-

436 3113 630 3170 cauda.

367 3203 520 3261 CAP.
554 3203 646 3259 Vl.
682 3203 755 3259 De
780 3219 891 3259 non
918 3218 1055 3258 sana
1078 3217 1265 3257 eorum
1293 3204 1645 3276 con/essione,
1678 3211 1731 3259 et
1774 3202 1840 3259 de
1881 3219 2013 3259 casu

438 3303 711 3371 Origenis,
746 3302 843 3373 qui
869 3317 927 3355 se
955 3301 1120 3355 nimis
1147 3316 1335 3355 eorum
1362 3301 1709 3372 dogmatibus
1738 3302 1939 3375 a/fetit.

366 3391 522 3446 CAP.
562 3390 683 3445 VII.
717 3391 793 3444 De
820 3396 1004 3444 sancto
1034 3388 1267 3460 Spiritu,
1299 3397 1351 3444 et
1378 3391 1494 3460 ejus
1514 3407 1651 3445 sana
1680 3399 1734 3446 et
1760 3391 2011 3446 modera-

434 3488 491 3535 ta
520 3478 787 3541 doctrina,
820 3477 969 3549 quod
996 3476 1250 3548 superbos
1270 3476 1496 3545 deserat,
1520 3486 1572 3536 et
1590 3479 1870 3535 immundo
1896 3481 2018 3553 Spi-

435 3570 577 3624 ritui
604 3567 947 3624 dissecandos
972 3567 1270 3638 permittat.

362 3657 510 3714 CAP.
546 3657 693 3713 VIII.
748 3655 899 3725 Quod
943 3655 1262 3727 philosophi
1305 3657 1751 3727 patriarcharum
1800 3658 2016 3714 benedi-

434 3748 706 3803 ctionibus
732 3745 938 3817 privati
964 3743 1111 3799 nihil
1135 3743 1302 3814 digne
1329 3743 1395 3800 de
1427 3746 1714 3801 Trinitatis
1760 3749 2019 3819 mysterio

435 3837 639 3893 sentire
665 3835 988 3890 meruerint.

368 3926 516 3983 CAP.
552 3923 640 3981 IX.
678 3922 828 3991 Quod
857 3939 891 3977 a
914 3921 1132 3995 Spiritu
1158 3921 1405 3994 maligno
1450 3922 1597 3979 talia
1626 3931 1748 3979 orta
1792 3925 1924 3991 sint,
1971 3931 2024 3981 et

439 4014 728 4070 divisionis
757 4019 953 4068 auctor
982 4010 1354 4067 idololatriam
1380 4011 1571 4067 multis
1591 4015 1929 4084 argumentis
1950 4022 2043 4081 tea

438 4104 647 4159 xuerit.

372 4192 524 4249 CAP.
555 4191 621 4247 X.
659 4190 809 4259 Quod
838 4191 948 4262 ipsi
973 4196 1104 4245 sunt
1129 4189 1376 4262 Egyptii
1419 4205 1454 4244 a
1504 4188 1662 4244 nobis
1707 4188 2025 4261 deprmdan-

445 4282 531 4349 di,
562 4287 614 4336 et
641 4279 782 4352 quod
810 4278 966 4335 nobis
996 4278 1335 4351 eloquiorum
1373 4278 1652 4333 thesauros
1697 4286 1749 4333 et
1799 4287 2025 4336 ornatus

440 4371 781 4442 paraverint.

2151 441 2392 513 quentia.

2083 530 2234 587 CAP.
2265 529 2380 586 XV.
2413 528 2525 599 Quo
2551 533 2811 601 proventu
2840 532 3005 582 natus
3032 525 3125 581 sit.
3412 552 3433 569 ι

2086 619 2237 679 CAP.
2269 619 2414 675 XVI.
2446 623 2528 675 De
2562 624 2671 675 Deo
2698 624 2828 673 nato
2858 614 2999 689 quod
3025 614 3203 671 omnis
3249 612 3450 669 veritas
3492 612 3748 683 Scriptu-

2157 725 2352 766 rarum
2381 708 2450 764 ab
2477 707 2660 764 eodem
2685 713 2875 778 aperta
2902 706 2994 771 sit,
3021 710 3075 760 et
3115 702 3183 758 de
3228 701 3586 777 suscitatipne
3610 701 3746 756 ani-

2157 815 2406 863 marum,
2438 805 2490 853 et
2512 796 2762 853 doctrina
2788 794 3144 851 humilitatis.

2090 888 2244 945 CAP.
2278 887 2451 944 XVII.
2485 888 2562 943 De
2588 885 2938 958 simplicitate
2981 883 3134 938 Petri
3175 877 3425 954 apostbli,
3457 887 3509 936 ct
3546 880 3750 936 merito

2162 977 2292 1050 ﬁdei
2318 990 2458 1033 suae.

2093 1067 2244 1124 CAP.
2277 1065 2469 1122 XVIII.
2501 1065 2577 1121 De
2603 1061 2812 1119 duobus
2839 1061 3196 1119 sacramentis
3234 1057 3666 1129 regenerationis
3693 1064 3754 1114 et

2164 1155 2479 1228 refectionis
2506 1159 2634 1209 ante
2660 1153 2966 1224 passionem
2995 1152 3057 1206 in
3080 1152 3246 1207 Cinna
3274 1148 3562 1205 institutis.

2096 1245 2247 1302 CAP.
2279 1242 2416 1299 XIX.
2455 1240 2604 1311 Quod
2646 1242 2707 1296 in
2749 1255 2908 1296 cruce
2950 1239 3078 1296 Iesu
3127 1237 3338 1295 Christi
3381 1237 3456 1293 sit
3497 1234 3756 1292 remissio

2165 1341 2524 1408 peccatorum,
2555 1338 2608 1388 et
2632 1330 2924 1403 redemptio
2951 1328 3220 1395 omnium,
3248 1334 3302 1384 et
3324 1326 3582 1399 priorum
3621 1341 3759 1381 san-

2170 1432 2399 1480 ctorum.

2103 1514 2256 1572 CAP.
2289 1512 2401 1570 XX.
2434 1513 2508 1569 De
2533 1512 2712 1582 gloria
2740 1510 3185 1577 resurrectionis,
3215 1515 3268 1564 et
3291 1504 3433 1581 quod
3467 1504 3757 1577 discipuli,

2172 1620 2284 1662 non
2312 1602 2382 1660 ad
2408 1601 2918 1676 philosophandum,
2949 1599 3044 1659 sed
3069 1599 3140 1656 ad
3168 1599 3339 1655 vitam
3364 1603 3632 1655 aeternam
3659 1610 3765 1652 an-

2028 1727 2075 1792 B
2173 1691 2543 1792 nuntiandum
2570 1698 2843 1792 vocentur.

2108 1783 2257 1840 CAP.
2289 1781 2430 1838 XXI.
2462 1782 2536 1838 De
2561 1780 2794 1837 adventu
2838 1779 3103 1853 Spiritus,
3131 1784 3184 1834 et
3212 1774 3345 1850 quid
3372 1774 3434 1831 in
3459 1774 3538 1831 eis
3569 1772 3763 1846 effece-

2176 1875 2272 1940 rit,
2302 1879 2355 1929 et
2380 1870 2521 1946 quod
2549 1871 2610 1927 in
2635 1869 3001 1942 praesentibus
3027 1883 3139 1925 non
3165 1868 3241 1923 sit
3263 1862 3649 1940 perfectio,sed
3670 1865 3765 1919 in-

2178 1963 2389 2019 choatio
2421 1959 2793 2018 beatitudinis.

2109 2052 2265 2109 CAP.
2323 2050 2492 2107 XXII.
2539 2048 2696 2121 Quod
2738 2049 2970 2106 breviter
3009 2045 3076 2104 de
3121 2046 3242 2102 istis
3290 2043 3499 2101 dictum
3550 2043 3642 2105 sit,
3704 2048 3773 2098 ut

2180 2141 2492 2199 ostendatur
2517 2146 2786 2212 quantum
2824 2136 3141 2210 periculum
3166 2136 3240 2191 sit
3267 2134 3605 2207 acquiescere
3634 2130 3769 2187 illo-

2182 2249 2307 2288 rum
2331 2231 2643 2303 scripturis,
2673 2229 2771 2301 qui
2813 2226 2961 2283 nihil
2989 2224 3055 2281 de
3083 2239 3371 2296 corporum
3414 2221 3772 2278 resurrectio-

2182 2337 2253 2378 ne
2280 2327 2565 2384 noverunt,
2595 2326 2648 2374 et
2692 2315 2835 2389 quod
2877 2331 3068 2373 eorum
3111 2312 3358 2385 deﬁnitio
3395 2311 3664 2367 destructa
3692 2309 3774 2365 sit

2183 2410 2361 2467 ethoc
2385 2409 2615 2481 spiritus
2643 2408 2807 2463 carni
2830 2404 3083 2462 subditus
3108 2420 3221 2461 non
3246 2403 3416 2476 capit.

2114 2499 2268 2556 CAP.
2296 2497 2492 2554 XXIII.
2526 2494 2676 2566 Quod
2727 2495 3005 2552 Teutonici
3044 2491 3271 2568 quidam
3320 2490 3388 2546 ab
3434 2487 3769 2555 obedientia,

2184 2596 2235 2645 et
2263 2589 2475 2644 unitate
2508 2586 2763 2643 Romanae
2789 2584 3046 2641 Ecclesia
3073 2580 3401 2648 exciderint,
3445 2578 3683 2635 dicentes
3710 2591 3776 2632 se

2186 2694 2297 2734 non
2327 2677 2527 2733 habere
2551 2676 2863 2749 pontiﬁcem
2888 2674 3007 2729 nisi
3035 2672 3328 2730 Casarem.

2116 2766 2271 2824 CAP.
2300 2765 2490 2822 XXIV.
2520 2767 2597 2822 De
2624 2764 2850 2838 epistola
2873 2764 2942 2819 ab
2969 2764 3050 2819 eis
3078 2767 3269 2818 contra
3289 2765 3542 2815 sanetum
3564 2771 3776 2830 papam

2192 2855 2511 2925 Gregorium
2536 2855 2699 2926 facta,
2730 2850 2949 2925 etquod
2996 2853 3051 2908 ei
3091 2849 3337 2922 cpistola
3380 2864 3482 2920 per
3525 2847 3775 2919 gratiam

2190 2946 2290 3001 Dei
2317 2942 2755 3018 respondendum
2773 2943 2868 2998 sit.

2651 3029 2883 3088 CAPUT
2922 3026 3230 3086 PRIMUM.

2041 3102 2086 3168 (ἶ
2195 3124 2456 3183 Primum
2499 3119 2910 3179 discretionem
2957 3117 3278 3193 legentium
3324 3113 3596 3171 volumus
3637 3128 3771 3170 esse

2120 3213 2523 3289 praemonitam
2536 3227 2645 3267 nos
2660 3209 2719 3265 id
2732 3223 3108 3282 nequaquam
3129 3207 3201 3263 de
3214 3203 3565 3279 philisophis
3580 3217 3777 3260 susce-

2123 3303 2300 3379 pisse,
2333 3306 2399 3358 ut
2427 3316 2632 3356 omnes
2660 3315 2860 3355 eorum
2892 3294 3214 3354 sententias
3242 3291 3607 3350 damnabiles
3637 3307 3775 3347 sen-

2122 3378 2362 3456 tiamus,
2394 3405 2644 3463 quarum
2675 3387 2962 3460 quasdam
3013 3401 3118 3457 pro
3164 3401 3275 3441 sua
3321 3380 3649 3440 subtilitate
3676 3378 3777 3434 vix

2124 3484 2425 3555 penetrare
2454 3476 2805 3544 sufﬁcimus,
2837 3473 3126 3548 quasdam
3155 3489 3292 3528 vero
3320 3488 3355 3526 a
3385 3469 3605 3526 sanctis
3631 3466 3777 3523 viris

2124 3572 2430 3642 susceptas
2461 3583 2577 3623 non
2594 3562 3181 3640 ignoramus.Verum
3200 3559 3591 3618 temeritatem
3612 3560 3777 3612 tuam

2123 3659 2269 3716 velle
2298 3672 2688 3728 compescere,
2720 3652 2823 3727 qui
2854 3646 2944 3709 sic'
2967 3666 3172 3708 eorum
3214 3647 3570 3705 subtilitates
3616 3661 3778 3702 com-

2128 3747 2467 3809 mendas,ut
2495 3743 2849 3799 multifarios
2878 3755 3104 3797 errores
3134 3736 3431 3811 ﬁgmentis
3450 3735 3570 3792 illis
3588 3731 3782 3806 impli-

2128 3838 2274 3895 citos
2306 3853 2420 3892 non
2451 3832 2947 3904 attendas.Neque
2974 3828 3131 3886 enim
3162 3828 3222 3883 in
3254 3826 3372 3882 illis
3399 3840 3586 3898 usque
3632 3823 3779 3881 adeo

2129 3925 2304 4001 primi
2336 3922 2596 3998 parentis
2643 3920 2818 3994 culpa
2860 3921 3054 3977 dotem
3104 3921 3327 3973 natura:
3374 3915 3776 3980 damnaverat,

2130 4014 2272 4088 quin
2305 4011 2627 4068 secundum
2659 4009 2951 4065 humanas
2984 4006 3238 4063 rationes
3268 4002 3659 4078 quarumdam
3689 4016 3779 4056 re-

2130 4087 2262 4161 rum
2293 4099 2832 4163 communitates,et
2850 4095 3278 4168 discrepantias
3306 4092 3617 4165 diligenter
3635 4087 3780 4146 satis

2131 4190 2554 4262 commodeque
2596 4186 3041 4259 distinguerent,
3091 4186 3378 4257 quantum
3402 4181 3579 4237 homo
3609 4178 3679 4235 de
3717 4193 3780 4234 se

2131 4282 2259 4354 ipso
2290 4293 2643 4353 praesumere
2673 4277 2917 4348 poterat.
2933 4272 3044 4330 Sed
3074 4269 3215 4346 quia
3234 4270 3359 4327 sine
3380 4266 3600 4343 Spiritu
3622 4264 3781 4323 illius

2134 4374 2319 4435 erant,
2371 4366 2469 4440 qui
2518 4366 2667 4422 docet
2695 4380 2908 4420 omnem
2952 4363 3254 4424 veritatem.
3301 4359 3460 4432 cujus
3513 4356 3785 4429 sapientia

373 4458 526 4514 CAP.
561 4458 652 4514 XI.
685 4458 761 4513 De
789 4459 912 4524 Deo,
947 4472 1104 4528 quem
1134 4454 1392 4510 habemus
1423 4453 1681 4525 loquendi
1713 4456 2024 4525 materiam,
2058 4473 2104 4537 ῃ
2135 4460 2359 4527 attingit
2402 4473 2434 4512 a
2481 4456 2592 4527 ﬁne
2638 4468 2809 4525 usque
2848 4450 2919 4507 ad
2963 4451 3131 4524 ﬁnem
3175 4450 3411 4537 fortiter,
3444 4463 3511 4503 ac
3545 4445 3786 4537 disponit

445 4555 497 4603 et
522 4546 588 4603 de
615 4554 757 4602 recta
783 4546 1133 4618 confessione,
1184 4550 1239 4598 et
1283 4544 1556 4598 creatione
1601 4543 1941 4612 angelorum,
1974 4552 2025 4600 et

447 4635 750 4701 hominum,
782 4636 931 4690 circa
981 4648 1213 4706 quorum
1257 4647 1441 4686 casum
1485 4634 1755 4688 sententia
1806 4633 2031 4690 Domini

447 4723 874 4781 misericorditer
901 4729 1193 4793 temperata
1221 4727 1318 4775 est.

380 4813 532 4870 CAP.
566 4813 678 4870 XII.
718 4817 792 4868 De
820 4811 1098 4883 praeceptis
1144 4807 1448 4875 obediendi,
1500 4807 1697 4879 quibus
1743 4809 1901 4867 homo
1948 4828 2030 4868 re-

450 4910 683 4977 paratur
709 4907 1030 4969 contemptos
1057 4898 1324 4964 mandati,
1357 4911 1484 4970 qua?
1520 4899 1799 4968 reparatio
1840 4901 2031 4956 multis

452 4993 628 5050 modis
656 4991 947 5063 designata
981 4989 1075 5053 sit,
1110 4989 1189 5043 ita
1224 4994 1286 5042 ut
1324 5002 1476 5041 casus
1520 4987 1772 5058 priorum
1810 4997 2034 5059 patrum

452 5082 525 5138 ad
578 5076 971 5147 designandum
1026 5075 1463 5146 magnitudinem
1516 5077 1716 5144 gratiae
1773 5079 2032 5148 permissi

451 5172 583 5233 sint,
615 5169 757 5223 sicut
782 5164 975 5233 David,
1002 5164 1067 5221 de
1092 5165 1250 5236 cujus
1279 5180 1473 5234 genere
1505 5164 1702 5221 Auctor
1730 5167 1909 5224 veniae
1934 5184 2033 5222 na-

452 5265 540 5312 tus
568 5263 666 5311 est.

380 5345 531 5400 CAP.
563 5343 704 5399 XIII.
743 5343 816 5398 De
841 5341 1118 5415 prophetis
1143 5340 1277 5397 duos
1305 5339 1564 5395 adventus
1578 5342 2032 5413 praevidentibus,

449 5447 513 5485 ac
540 5431 994 5489 desiderantibus.

378 5518 532 5574 CAP.
572 5520 716 5578 XIV.
771 5520 919 5588 Quod
964 5519 1236 5579 ordinatis
1285 5532 1412 5590 qua?
1457 5520 1723 5589 oportuit,
1774 5520 1914 5576 Deus
1969 5521 2035 5578 de

2132 4554 2327 4603 cuncta
2354 4546 2614 4610 suaviter,
2648 4556 2919 4598 neceesse
2949 4543 3073 4596 erat
3102 4538 3256 4595 sicut
3285 4534 3638 4601 homines,et
3656 4531 3784 4588 ideo

2137 4634 2468 4699 mendaces,
2501 4648 2600 4688 eos
2630 4629 2927 4686 interdum
2960 4628 3107 4684 ﬁnes
3134 4624 3401 4683 veritatis
3431 4622 3786 4688 excodere,et

2137 4723 2317 4783 semel
2347 4725 2619 4794 suscepto
2649 4717 2972 4792 patrocinio
2998 4714 3273 4772 falsitatis
3295 4729 3400 4787 per
3428 4711 3592 4769 varia
3627 4710 3787 4765 dece-

2138 4813 2405 4886 ptionum
2438 4811 2786 4882 argumenta
2816 4805 3053 4879 raptari.
3090 4805 3230 4860 Inde
3260 4803 3371 4859 fuit
3398 4799 3553 4874 quod
3579 4796 3784 4871 Pytha-

2139 4917 2310 4975 goras
2340 4900 2490 4954 inter
2521 4896 2742 4969 primos
2771 4895 2952 4951 duces
2971 4894 3154 4964 hujus
3184 4888 3523 4949 traditionis
3551 4886 3788 4975 quibus-

2141 4973 2276 5045 dam
2310 4986 2531 5043 utiliter
2558 4984 2809 5041 inventis
2832 4987 2892 5040 et
2918 4982 3316 5050 traditis,cum
3350 4979 3587 5036 tandem
3609 4973 3787 5032 ratio-

2141 5076 2292 5134 nalis
2322 5073 2594 5132 animalis
2624 5076 2988 5130 scrutaretur
3011 5086 3315 5136 arcanum,
3345 5071 3404 5126 et
3448 5081 3578 5123 eam
3618 5066 3786 5120 natu-

2141 5182 2289 5233 ram,
2323 5182 2451 5238 qua:
2482 5163 2609 5220 sine
2638 5165 2874 5219 auctore
2916 5164 3140 5217 natura:
3188 5156 3343 5216 male
3390 5153 3529 5213 sciri
3576 5154 3785 5227 potest,

2142 5253 2373 5311 mortali
2390 5253 2612 5309 ratione
2625 5248 2893 5324 persequi
2906 5252 2966 5306 et
2977 5245 3469 5322 comprehendere
3489 5242 3786 5308 niteretur,

2143 5343 2504 5401 exinanitum
2528 5341 2656 5413 ejus
2674 5337 2978 5412 ingenium
2992 5337 3303 5395 adtantam
3326 5334 3566 5390 demum
3588 5328 3792 5387 bestia-

2142 5433 2367 5490 litatem
2396 5431 2695 5488 redactum
2719 5431 2828 5493 est,
2860 5431 2926 5483 ut
2952 5427 3275 5483 humanam
3305 5423 3565 5482 animam
3598 5435 3793 5493 perpe-

2143 5529 2246 5580 tua
2274 5520 2498 5578 ratione
2526 5519 2800 5576 donatam
2834 5516 3152 5589 aliquando
3182 5510 3640 5571 irrationabilem
3669 5507 3789 5565 fieri
