3942 6056
169 222 278 286 153

1260 229 1534 294 OPUSC.
1584 230 1896 295 CONTRA
1942 224 2482 292 WOLFELMUM.

3455 218 3573 285 154

171 357 624 416 mentiretur.Eo
655 358 878 418 scilicet
907 361 1081 420 modo
1110 380 1226 435 quo
1256 381 1291 420 a
1321 362 1697 437 simplicitate
1726 363 1817 419 sui
1851 366 1896 431 A
1931 363 2167 419 easdem
2197 362 2468 418 tenebras
2499 358 2931 434 quodammodo
2961 354 3341 413 elueidandas
3371 371 3571 413 susce-

171 448 387 503 dimota
416 449 726 507 voluntate
756 451 1165 525 incorporandi
1196 454 1267 509 ad
1300 454 1420 510 hazc
1441 454 1819 510 inﬁmalabe-

172 543 357 605 retur;
392 556 530 611 quae
561 541 798 611 quidem
830 542 881 598 si
913 544 972 598 in
1005 544 1194 616 primo
1224 562 1463 616 corpore
1493 545 1644 601 male
1674 545 1818 600 vive-

170 630 249 680 ret
276 627 335 681 in
369 629 647 699 praesenti
680 630 1019 696 saeculo,vel
1052 632 1248 705 aliquo
1280 634 1626 689 saeculorum
1660 635 1816 689 futu-

173 733 384 783 rorum,
410 733 671 788 quorum
703 719 995 776 inﬁnitam
1027 722 1237 778 seriem
1264 722 1660 794 promittebat,
1691 740 1816 778 cor-

171 821 274 875 pus
289 804 474 859 deteri
486 824 558 861 us
573 808 1056 873 sortiretur,etita
1074 811 1479 884 multiplicatis
1497 811 1819 867 sceleribus

172 893 238 949 ad
267 893 373 949 hoc
404 894 691 951 ultimum
722 899 1109 966 deveniret,ut
1129 901 1227 974 qui
1251 906 1384 957 ante
1411 902 1597 957 fuerat
1618 901 1814 969 homo,

172 984 238 1041 ad
268 984 687 1041 viviﬁcandum
711 987 1012 1059 quodlibet
1038 991 1428 1047 foedissimum
1451 991 1820 1064 eorpus,hor-

172 1070 318 1128 ribili
346 1090 586 1129 carcere
612 1078 965 1133 truderetur.
986 1080 1127 1135 Ecce
1157 1081 1228 1135 ad
1264 1098 1436 1154 quem
1470 1085 1815 1153 proventum

172 1161 438 1225 sublimis
472 1164 781 1221 meditatio
804 1166 904 1223 illa
924 1167 1172 1223 evaserit
1196 1169 1547 1242 qualemque
1568 1168 1817 1225 necessi-

173 1254 335 1305 tatem
358 1254 694 1308 secundum
721 1255 1038 1312 stultitiam
1060 1259 1252 1314 cordis
1271 1259 1363 1313 sui
1398 1258 1480 1313 illi
1510 1264 1810 1324 creaturae,

178 1354 291 1410 qua:
315 1341 386 1395 ad
412 1340 765 1415 imaginem,
799 1349 855 1400 et
879 1345 1332 1403 similitudinem
1375 1348 1660 1404 Creatoris
1689 1365 1813 1404 om-

178 1426 325 1483 nium
350 1430 597 1486 condita
624 1438 715 1487 est
742 1433 998 1491 indicere
1024 1453 1137 1492 non
1167 1437 1414 1509 expavit.
1449 1437 1572 1505 Dic,
1596 1455 1812 1511 quisse,

181 1516 277 1572 sia
301 1519 599 1575 sententia
626 1520 745 1577 ista
775 1540 891 1579 non
922 1524 1192 1592 dissides,
1227 1527 1368 1598 quid
1401 1527 1656 1583 honesta:
1689 1527 1812 1599 spei

182 1605 460 1678 concipere
489 1614 686 1680 potes,
720 1611 933 1682 quidve
963 1613 1032 1668 de
1058 1613 1293 1670 illorum
1344 1616 1656 1672 beatudine
1687 1632 1814 1672 exs-

180 1695 514 1793 pectas,.qui
547 1696 611 1752 in
644 1702 898 1770 perfecta
929 1719 1236 1774 corporum
1269 1710 1328 1760 et
1358 1704 1684 1765 animarum
1721 1724 1813 1762 re—
1850 1736 1891 1802 Β

181 1784 521 1841 surreetione
547 1787 847 1860 duplicem
880 1790 1089 1847 stolam
1122 1793 1409 1866 recepturi
1441 1799 1812 1860 sunt,secun-

183 1870 307 1927 dum
337 1889 403 1928 ea
433 1890 567 1945 quae
621 1875 857 1934 interim
909 1880 1113 1936 oculus
1156 1882 1353 1938 videre
1408 1900 1521 1939 non
1574 1884 1812 1950 sufﬁcit,

183 1976 273 2015 nec
296 1963 451 2018 auris
480 1965 716 2032 audire,
747 1984 876 2039 quia
906 1968 1171 2026 videlicet
1200 1970 1260 2026 in
1293 1972 1656 2027 abundantia
1683 1989 1813 2045 gra-

185 2048 262 2104 tiae
283 2054 336 2106 et
364 2050 565 2124 gloriae
601 2071 720 2109 suae
760 2064 1051 2129 praeparat
1104 2064 1252 2115 Deus
1299 2060 1680 2131 diligentibus
1710 2062 1817 2117 se?

183 2138 284 2194 Hoc
324 2142 480 2196 enim
528 2160 714 2199 sensu
766 2145 1171 2219 philosophice
1222 2150 1308 2215 ﬁt,
1341 2155 1407 2205 ut
1436 2156 1497 2205 tu
1530 2156 1586 2206 et
1626 2151 1815 2205 caeteri

182 2228 472 2302 complices
497 2233 589 2287 tui
623 2233 682 2288 in
710 2251 888 2308 regno
918 2237 1234 2293 Teutonico
1262 2239 1586 2306 constituti,
1621 2239 1720 2312 qui
1744 2240 1815 2294 ab

184 2319 479 2387 apostolica
509 2321 674 2387 sede,
698 2329 755 2378 et
783 2324 1115 2382 obedientia
1139 2328 1324 2383 sancti
1360 2345 1521 2400 papae
1555 2328 1815 2401 Gregorii

184 2404 546 2476 dissensistis,
577 2416 641 2465 et
679 2412 752 2467 ob
798 2413 1107 2470 innumera
1152 2416 1374 2489 ﬂagitia
1420 2418 1818 2473 damnationis

186 2498 514 2553 sententiam
543 2501 883 2572 excepistis,
912 2521 947 2558 a
976 2506 1243 2575 praesenti
1278 2522 1517 2579 corpore
1566 2506 1816 2578 separati

188 2581 235 2636 in
263 2584 519 2643 futurum
573 2591 858 2645 saeculum
908 2608 1121 2665 corpus
1169 2595 1403 2666 turpius
1447 2594 1817 2659 subintretis,

190 2674 321 2743 quod
353 2692 483 2731 cum
518 2695 734 2734 rursus
765 2679 952 2736 ferina
981 2681 1327 2755 contagione
1358 2682 1686 2756 pollueritis
1718 2701 1821 2756 per

189 2758 422 2820 inﬁnitas
450 2766 686 2838 species
713 2768 1165 2827 animandorum
1214 2789 1524 2844 corporum
1556 2773 1818 2846 praeeipi-

191 2850 368 2915 tati,ad
394 2852 679 2911 ultimum
712 2856 771 2912 in
799 2858 1120 2923 visceribus
1159 2866 1324 2917 terrae
1356 2878 1422 2917 ac
1452 2862 1703 2919 sordidis
1734 2862 1820 2918 lo-

193 2937 264 2992 cis
289 2942 541 2997 conclusi
582 2949 801 3000 aeterna
830 2946 1021 3004 salute
1051 2947 1110 3003 in
1153 2955 1497 3023 perpetuum
1551 2952 1817 3007 carentis.

822 3035 1058 3093 CAPUT
1096 3038 1165 3094 II.

1926 452 2033 524 pit,
2066 451 2187 507 haec
2219 451 2681 506 animadvertere
2710 446 2954 522 poterit;
2982 445 3197 502 mirum
3220 449 3417 501 tamen
3439 444 3568 514 erit,

1928 542 1975 596 si
2010 558 2124 596 non
2157 540 2359 596 audita
2388 544 2743 595 contemnat.

2565 627 2797 683 CAPUT
2831 626 2929 683 ιιι.
3064 684 3083 699 κ

1998 720 2188 776 Habes
2214 720 2428 775 ibidem
2452 718 2809 774 coadunatos
2835 712 3570 789 Pythagoram,Platonem,

1924 808 2326 875 Xenocratem,
2360 807 2748 876 Aristotelem,
2784 804 3222 868 Possedonium,
3251 802 3566 874 Hippocra-

1926 901 2066 962 tem,
2113 897 2486 961 Heraclitum,
2538 897 2846 961 Zenonem,
2897 891 3312 955 Democritum,
3364 890 3569 957 alium,

1930 986 2302 1053 Heraclitum,
2352 984 2701 1049 Crisolaum,
2748 984 3100 1056 Hypantum,
3131 978 3569 1045 Anaximenem,

1926 1075 2357 1148 Empedoclem,
2393 1074 2817 1138 Parmenidem,
2838 1070 3297 1142 Xenophontem,
3313 1069 3568 1136 Boetem,

1926 1171 2101 1237 atque
2131 1165 2467 1237 Epicurum,
2502 1179 2752 1235 quorum
2789 1160 2987 1233 plures
3030 1157 3275 1213 diversis
3306 1171 3570 1213 errorum

1925 1253 2230 1326 spiritibus
2261 1254 2495 1316 devii,et
2514 1269 2693 1308 sensu
2716 1250 2908 1306 carnis
2930 1266 3048 1305 suae
3071 1246 3570 1318 inﬂati,tanquam

1925 1359 2029 1415 per
2057 1343 2323 1413 quaedam
2354 1342 2603 1413 abrupta
2633 1337 2943 1411 dispertiti,
2976 1340 3181 1394 contra
3208 1350 3269 1391 se
3301 1333 3571 1390 dissonas

1924 1437 1983 1487 et
2011 1436 2410 1487 controversas
2442 1427 2759 1485 sententias
2785 1427 2843 1482 in
2862 1425 3069 1482 animae
3087 1442 3203 1482 suae
3215 1423 3440 1496 judicio
3456 1421 3572 1479 edi-

1925 1520 2423 1585 derunt.Quorum
2456 1518 2800 1590 Plato,quod
2834 1518 2904 1573 ad
2936 1531 3137 1572 verum
3170 1512 3313 1570 satis
3342 1512 3572 1568 videtur

1925 1607 2483 1674 aceedere,animam
2518 1605 2779 1663 deﬁnivit
2798 1604 3114 1662 essentiam
3138 1619 3198 1659 se
3220 1605 3567 1666 moventem,

1924 1697 2075 1753 alius
2089 1714 2397 1752 numerum
2417 1714 2477 1753 se
2489 1700 2812 1752 moventem
2823 1693 2993 1763 ,alius
3004 1689 3567 1762 entelechiam,quod

1922 1785 2383 1858 interpretantur
2410 1787 2649 1857 corporis
2688 1787 2944 1854 formam,
2976 1781 3129 1837 alius
3176 1777 3567 1844 harmoniam,

1924 1873 2074 1930 alius
2090 1874 2458 1938 ideam,alius
2475 1873 2813 1930 exercitium
2833 1871 3091 1943 quinque
3109 1865 3571 1934 sensuum,alius

1923 1968 2157 2018 tenuem
2190 1962 2643 2035 spiritum,alius
2676 1961 2887 2025 lucem,
2920 1959 3070 2016 alius
3097 1955 3350 2014 stellaris
3379 1972 3573 2012 essen-

1888 2046 2015 2107 'tiae
2046 2052 2383 2117 scintillam,
2418 2051 2570 2108 alius
2619 2051 2895 2124 spiritum
2940 2052 3273 2105 concretum
3320 2044 3568 2117 corpori,

1923 2140 2075 2196 alius
2107 2141 2377 2213 spiritum
2412 2141 2695 2197 insertum
2728 2138 2958 2204 atomis,
2984 2137 3135 2193 alius
3156 2137 3226 2191 de
3256 2134 3461 2208 quinta
3480 2150 3569 2189 cs—

1925 2230 2134 2298 sentia,
2168 2230 2319 2286 alius
2351 2232 2569 2301 ignem,
2594 2231 2746 2286 alius
2777 2245 2991 2293 aerem,
3016 2227 3168 2283 alius
3198 2223 3569 2297 sanguinem,

1926 2318 2077 2374 alius
2108 2337 2176 2375 ex
2207 2324 2361 2375 terra
2389 2326 2446 2374 et
2476 2318 2629 2391 igne,
2665 2318 2817 2373 alius
2847 2335 2915 2373 ex
2945 2323 3099 2372 terra
3126 2318 3183 2371 et
3213 2330 3386 2386 aqua,
3419 2311 3572 2368 alius

1925 2424 1993 2463 ex
2015 2414 2231 2471 aere,et
2250 2408 2383 2481 igne
2406 2413 2462 2464 et
2490 2406 2699 2481 spiritu
2723 2406 3052 2462 mistamln
3074 2411 3193 2460 tam
3214 2403 3375 2459 varia
3393 2399 3574 2474 igitur

1925 2496 2208 2551 divisione
2238 2496 2543 2552 considera
2573 2497 2620 2551 si
2654 2501 2708 2552 te
2730 2512 2912 2551 unum
2936 2494 3208 2551 omnibus
3230 2509 3371 2555 sano
3393 2507 3571 2547 sensu

1926 2585 2367 2640 accommodare
2398 2585 2682 2657 possis,ae
2701 2584 2749 2641 si
2775 2582 3101 2640 consentire
3125 2585 3288 2653 potes
3310 2578 3570 2634 animam

1925 2678 2088 2729 tuam
2111 2673 2247 2744 jure
2278 2674 2625 2746 sanguinem
2658 2672 3005 2745 nuncupari,
3029 2671 3121 2727 die
3152 2685 3444 2742 rogo,quaa
3468 2684 3573 2723 cm-

1926 2760 2117 2817 lorum
2167 2780 2346 2836 regna
2386 2762 2728 2835 exspectes?
2762 2762 2878 2818 Hoc
2909 2762 3065 2818 enim
3099 2761 3271 2816 modo
3304 2764 3367 2814 tu
3399 2773 3573 2814 cons-

1927 2850 2327 2925 tans,sanguis
2349 2857 2407 2908 et
2418 2869 2824 2924 caro,regnum
2839 2851 2930 2907 Dei
2947 2850 3245 2925 possidere
3259 2865 3372 2904 non
3386 2850 3570 2921 potes.

2567 2941 2799 2998 CAPUT
2839 2941 2931 2998 IV.

2002 3039 2166 3104 Quod
2231 3043 2424 3095 autem
2482 3040 2552 3095 de
2610 3039 2860 3113 sphaera,
2916 3039 3180 3103 orbibus,
3239 3040 3297 3092 et
3354 3032 3573 3091 caelesti

252 3115 449 3174 Verum
480 3137 596 3176 nec
623 3120 683 3177 in
705 3127 966 3196 tempore
987 3125 1085 3182 illo
1107 3144 1141 3182 a
1161 3128 1610 3185 succedentibus
1634 3129 1818 3200 philo-
1850 3104 1892 3171 (ἶ
1932 3127 2256 3194 harmonia,
2291 3129 2360 3184 de
2391 3127 2580 3184 fallaci
2630 3104 2908 3183 mensura
2930 3125 3073 3182 solis
3102 3129 3159 3181 et
3186 3124 3358 3191 lunae,
3391 3125 3448 3178 et
3475 3139 3574 3177 or-

199 3205 493 3280 sophis,qui
525 3210 773 3283 dignius
801 3214 873 3269 de
906 3231 969 3270 se
1000 3214 1144 3286 ipsis
1164 3219 1817 3285 senserunt,erudrlitas

200 3293 249 3389 ςΙ.
272 3297 604 3389 credulitas)
632 3299 747 3356 ista
776 3303 1099 3373 approbata
1128 3310 1238 3375 est,
1278 3306 1381 3362 sed
1429 3324 1532 3379 per
1577 3306 1819 3363 leviores

199 3384 423 3441 insanias
452 3392 574 3442 tem
586 3391 963 3460 perata,inter
981 3409 1128 3464 quos
1160 3394 1320 3450 Plato
1344 3395 1573 3451 acutius
1594 3397 1817 3451 caeteris

200 3486 363 3528 rerum
392 3476 716 3545 primordia
746 3486 1146 3551 perscrutatus
1176 3484 1659 3555 compositionem
1690 3485 1815 3540 ani-

200 3576 286 3614 mae
312 3564 667 3634 quibusdam
696 3566 1017 3625 involucris
1046 3572 1444 3643 praegravavit,
1480 3577 1536 3629 et
1564 3590 1634 3629 ex
1664 3574 1817 3629 indi-

198 3649 346 3705 vidua
370 3659 425 3708 et
449 3654 698 3711 dividua
727 3657 1222 3729 qssentiamatura
1249 3662 1452 3716 eadem
1480 3666 1538 3717 et
1566 3662 1814 3731 diversa,

199 3753 304 3793 eam
339 3748 610 3801 constare
656 3745 981 3811 afﬁrmans,
1015 3747 1099 3804 sic
1128 3748 1404 3816 ccelestia,
1437 3755 1495 3805 et
1523 3752 1820 3807 terrestria

201 3842 409 3900 corpora
433 3849 534 3905 per
552 3834 749 3905 ipsam
769 3835 1047 3892 viviﬁcari
1066 3843 1496 3894 commentatus
1521 3844 1702 3907 est,ut
1721 3839 1818 3897 ille

200 3915 337 3987 vigor
362 3922 627 3993 perpetui
659 3922 813 3995 ignis
844 3942 948 3996 pro
979 3930 1187 3980 natura
1217 3942 1526 3997 corporum
1550 3945 1583 3983 a
1603 3945 1665 3983 se
1686 3929 1821 3983 vivi-

204 4002 470 4064 ﬁcatorum
487 4012 985 4082 propriavirtutis
1004 4014 1313 4086 dispendia
1332 4019 1817 4087 pateretur.Quod

207 4091 498 4154 Macrobius
527 4099 893 4167 Ciceronem,
926 4102 1235 4175 Virgilium
1285 4108 1342 4159 et
1389 4104 1534 4160 alios
1581 4105 1819 4163 Latinos

208 4180 589 4258 philosophice
606 4188 750 4245 disci
759 4189 928 4261 plina
947 4196 1260 4249 sectatores
1277 4192 1532 4249 sensisse
1549 4197 1816 4262 testatur,

207 4269 334 4328 sicut
360 4276 727 4334 manifestius
756 4295 1105 4351 cognoscere
1133 4281 1345 4352 poterit
1375 4281 1473 4353 qui
1504 4287 1817 4339 tractatum

209 4358 312 4428 ejus
337 4363 404 4419 De
427 4368 636 4422 somnio
664 4366 943 4440 Scipionis
970 4368 1163 4425 videre
1211 4370 1456 4426 curabit.
1492 4370 1593 4426 Hic
1624 4372 1819 4444 itaque

1925 3216 2019 3272 bis
2049 3222 2234 3280 terrae,
2263 3218 2335 3271 de
2363 3220 2615 3289 quatuor
2645 3214 3067 3271 habitabilibus
3099 3212 3349 3269 maculis
3379 3212 3436 3266 in
3470 3210 3577 3266 cir-

1926 3305 2087 3360 cuitu
2122 3305 2334 3361 terreni
2367 3305 2568 3377 puncti
2619 3305 2941 3361 secundum
2976 3303 3149 3358 ﬁdem
3180 3301 3267 3357 tui
3297 3297 3575 3356 Macrobii

1926 3394 2281 3457 constitutis,
2315 3400 2373 3449 et
2402 3395 2472 3450 de
2503 3393 2819 3466 antipodis,
2851 3409 2954 3448 seu
3009 3389 3283 3447 Antoecis
3330 3406 3434 3463 per
3476 3405 3576 3444 eas

1926 3481 2448 3539 ineommeabiliter
2479 3483 2784 3556 dispositis
2815 3482 3164 3546 afﬁrmatur,
3193 3478 3255 3535 in
3285 3481 3574 3551 quantum

1925 3572 2251 3642 perieulum
2287 3572 2426 3628 talia
2479 3572 2771 3635 dicantur,
2803 3586 3014 3643 parum
3062 3566 3208 3624 mihi
3256 3566 3576 3623 attendisse

1926 3658 2158 3716 videris.
2186 3662 2469 3733 Suscepto
2500 3659 2654 3716 enim
2687 3658 2890 3725 semel,
2913 3662 3167 3731 quatuor
3187 3655 3576 3711 habitationes

1925 3750 2235 3807 hominum
2268 3766 2673 3822 esse,quorum
2707 3749 2778 3803 ad
2804 3764 2866 3803 se
2885 3746 3130 3803 invicem
3156 3743 3319 3800 nulla
3341 3744 3574 3817 penitus

1927 3840 2113 3915 possit
2142 3856 2270 3896 esse
2301 3856 2403 3912 per
2433 3843 2703 3894 naturam
2753 3835 3120 3893 commeandi
3171 3833 3425 3899 licentia,
3457 3833 3572 3898 die,

1927 3946 2055 4002 age,
2087 3929 2377 4000 quomodo
2409 3944 2610 3983 verum
2642 3926 2770 3994 erit,
2805 3926 2960 3998 quod
2995 3928 3200 3980 sancta
3235 3927 3293 3978 et
3340 3926 3573 3994 aposto-

1926 4017 2040 4074 lica
2077 4016 2501 4072 rationabiliter
2552 4017 2862 4070 conﬁtetur
2908 4012 3183 4080 Ecclesia,
3218 4010 3574 4068 Salvatorem

1924 4106 2212 4172 videlicet,
2246 4123 2349 4177 per
2378 4106 2600 4178 primos
2635 4106 2828 4160 Patres
2859 4120 2923 4159 ac
2955 4102 3123 4176 ipsis,
3153 4104 3220 4156 ut
3247 4100 3329 4155 ita
3359 4099 3573 4169 dicam,

1926 4195 2106 4267 hujus
2138 4194 2342 4249 mundi
2377 4192 2689 4249 cunabulis
2728 4192 3147 4265 praesignatum
3178 4192 3236 4245 et
3264 4206 3296 4244 a
3329 4187 3574 4261 patriar-

1927 4283 2055 4340 ehis
2085 4288 2142 4339 et
2174 4283 2474 4355 prophetis
2505 4285 2928 4354 consequenter
2953 4278 3273 4334 multifarie
3294 4282 3353 4333 et
3373 4274 3575 4331 multis

1926 4373 2295 4429 evidentibus
2315 4372 2504 4427 modis
2524 4369 3223 4443 praeﬁguratum,tandem
3239 4366 3300 4421 in
3319 4364 3575 4438 plenitu-

209 4446 336 4504 sicut
360 4469 456 4523 per
482 4453 884 4512 introductum
911 4456 1269 4529 discipulum
1312 4476 1487 4514 suum
1534 4460 1819 4516 Timaeum
1851 4471 1897 4534 Ι)
1928 4462 2064 4516 dine
2093 4459 2793 4533 temporis,inelfabilibus
2823 4457 3173 4513 humilitatis
3195 4460 3251 4511 et
3274 4452 3577 4510 charitatis

210 4548 606 4610 commemorat,
643 4549 708 4600 ut
730 4561 832 4618 per
860 4547 1125 4618 quaedam
1158 4547 1326 4618 quasi
1377 4547 1758 4605 deliramenta
1788 4568 1822 4606 a

213 4630 436 4684 numeris
476 4637 664 4689 tracta
713 4634 1179 4690 consideratione
1237 4637 1504 4692 eamdem
1560 4637 1818 4694 animam

212 4716 472 4783 quodlibet
500 4721 830 4778 animatum
862 4740 1074 4795 corpus
1116 4723 1465 4781 indistanter
1513 4732 1817 4798 penetrare

214 4808 259 4855 et
279 4805 541 4864 viviﬁcare
569 4812 1063 4876 ostenderet,cum
1096 4814 1168 4868 de
1196 4819 1303 4868 Ι)θο
1336 4814 1655 4870 fabricante
1689 4815 1818 4871 ani-

215 4904 343 4948 mam
378 4894 729 4969 loqueretur,
763 4899 1170 4970 praedictarum
1220 4903 1609 4959 essentiarum
1659 4920 1819 4959 com-

218 4979 508 5041 mistionem
550 4988 904 5044 fermentum
936 4988 1269 5061 appellans;
1302 4992 1571 5057 Primam,
1606 4992 1816 5065 inquit,

217 5080 274 5121 at
293 5076 423 5128 onmi
445 5076 704 5145 fermento
729 5086 943 5150 partem
972 5078 1120 5143 tulit,
1148 5078 1280 5134 hinc
1320 5082 1552 5151 sumpsit
1594 5081 1821 5153 duplam

219 5166 393 5224 Ρανεεηι
410 5167 634 5235 prioris,
664 5170 885 5223 tertiam
922 5184 1048 5223 vero
1094 5168 1412 5225 hemioliam
1456 5170 1728 5237 secundae,
1761 5175 1819 5226 et

220 5243 311 5301 alia
336 5254 601 5323 quadam,
625 5272 752 5327 quae
785 5273 889 5328 pro
911 5256 1093 5311 nihilo
1118 5258 1190 5313 ad
1213 5258 1557 5313 memoriam
1580 5260 1817 5315 reduce-

223 5348 401 5406 remus,
430 5343 699 5412 quoniam
736 5344 868 5417 ipsa
912 5362 1030 5400 suae
1079 5346 1455 5402 obscuritatis
1506 5347 1819 5404 insolentia

223 5422 440 5484 animum
469 5433 745 5490 auditoris
767 5435 1191 5491 obtundunt.Si
1213 5436 1345 5507 quis
1367 5453 1500 5492 vero
1527 5454 1594 5492 ea
1616 5438 1817 5493 audire

226 5507 486 5588 desiderat,
516 5521 588 5576 ab
612 5523 813 5580 eodem
857 5521 1116 5591 Platone,
1152 5524 1270 5580 sive
1300 5541 1333 5581 a
1367 5524 1682 5591 Macrobio,
1717 5526 1817 5599 qui

1930 4568 2049 4606 sum
2080 4551 2354 4622 operibus
2385 4550 2684 4622 cognitum
2717 4564 2784 4603 ac
2806 4546 3213 4615 clariﬁcatum,
3235 4545 3294 4599 in
3327 4542 3576 4600 salutem

1928 4640 2109 4695 totius
2140 4638 2382 4693 humani
2416 4636 2646 4710 generis
2693 4636 3017 4701 advenisse,
3052 4634 3097 4690 si
3125 4635 3238 4688 t'ia
3268 4631 3576 4688 hominum

1927 4745 2142 4801 genera
2172 4733 2411 4799 excepta
2430 4732 2722 4798 sunt,quze
2748 4723 3061 4797 praedictus
3087 4719 3418 4778 Macrobius
3440 4737 3579 4793 pree-

1926 4821 2016 4872 ter
2040 4817 2190 4872 hanc
2233 4814 2613 4871 habitabilem
2662 4830 2838 4885 quam
2887 4811 3203 4868 incolimus
3250 4810 3577 4866 secundum

1926 4922 2205 4961 zonarum
2227 4904 2351 4960 αωιὶ
2374 4909 2432 4959 et
2456 4910 2620 4959 terrae
2643 4900 2979 4975 temperiem
3002 4918 3173 4973 posse
3194 4917 3322 4956 esse
3346 4915 3581 4972 persua-

1929 4995 2043 5061 det,
2077 4994 2148 5049 ad
2182 5011 2309 5065 quae
2332 4997 2506 5048 tanta:
2529 4990 2893 5048 salubritatis
2915 4989 3120 5046 notitia
3141 4988 3439 5062 pervenire
3463 5004 3579 5044 non

1928 5083 2163 5155 potuit?
2194 5082 2301 5137 Ubi
2336 5085 2443 5145 est,
2479 5081 2635 5152 quod
2669 5080 2765 5136 ille
2797 5079 2986 5135 fidelis
3016 5096 3193 5152 quem
3225 5078 3445 5134 invenit
3465 5077 3579 5132 Do-

1927 5171 2124 5225 minus
2156 5171 2345 5226 virum
2393 5170 2717 5225 secundum
2772 5186 2871 5225 cor
2919 5186 3118 5234 suum,
3152 5168 3211 5224 in
3244 5168 3452 5241 spiritu
3482 5183 3579 5222 ve-

1927 5259 2116 5331 ritatis
2166 5258 2382 5315 clamat
2416 5276 2428 5313 :
2465 5260 2598 5314 Ante
2646 5266 2985 5331 conspectum
3029 5259 3278 5328 gentium
3320 5258 3582 5314 reuelauit

1916 5350 2197 5420 justitiam
2246 5364 2405 5403 suam
2454 5353 2622 5404 Deus.
2655 5352 2722 5402 Et
2769 5348 3033 5402 ibidem:
3070 5347 3342 5402 Videbunt
3397 5361 3582 5402 omnes

1925 5439 2059 5508 ﬁnes
2092 5446 2259 5494 terrm
2286 5438 2532 5493 salutare
2559 5439 2659 5493 Dei
2683 5438 2879 5503 nostri,
2913 5435 2961 5491 si
2994 5434 3174 5508 aliqui
3225 5435 3374 5491 ﬁnes
3414 5440 3580 5491 terrae

1927 5529 2066 5582 sunt
2096 5526 2167 5582 ab
2200 5525 2562 5593 hominibus,
2587 5524 2920 5591 inhabitati,
2944 5524 3013 5580 ad
3049 5530 3413 5597 quos‘ﬁonus
3443 5541 3580 5597 pro-
