3988 6072
381 231 496 302 155
575 223 580 226 ’

1838 237 2319 301 MANEGALDl.

3665 237 3786 300 156

378 371 687 444 phetar‘u‘m
745 375 802 428 et
849 369 1247 446 apostolorum
1296 377 1630 430 nostrorum
1677 371 2023 446 prohibente
2055 371 2108 438 Α
2137 371 2414 445 Origenes
2435 385 2690 446 magnus
2718 371 2807 428 vir
2835 371 2894 428 in
2925 369 3200 440 Ecclesia,
3229 375 3287 428 et
3315 369 3644 427 divinorum
3673 370 3787 428 elo-

379 466 589 518 natura
619 479 721 534 per
751 461 1183 518 inaccessibiles
1215 477 1524 535 aquarum,
1559 462 1839 535 frigorum
1871 459 2026 516 calo-
2093 449 2102 466 ’
2139 463 2410 536 quiorum
2441 463 2731 519 mirabilis
2771 466 3071 528 tractator,
3103 461 3406 517 tremendo
3439 459 3538 516 Dei
3559 460 3786 531 judicio

379 566 579 606 rumve
608 551 918 607 distantias
949 551 1200 606 transire
1225 549 1531 625 nequivit?

1035 639 1268 696 CAPUT
1307 641 1375 695 V.

449 727 733 799 Equidem
785 727 893 801 legi
946 728 1067 784 11830
1115 735 1331 796 tecum,
1365 733 1440 799 et,
1475 733 1541 784 ut
1583 729 1872 794 recordor,
1918 729 2026 783 fre-

380 821 625 889 quenter
655 817 843 872 dicere
874 817 1132 873 solebam
1176 819 1297 873 haec
1345 818 1426 874 ita
1473 818 1681 874 debere
1727 816 1930 890 accipi,
1969 820 2032 872 ut

377 905 600 978 sphera
649 910 882 962 tantum
928 907 1132 962 notitia
1182 901 1512 975 haberetur,
1542 924 1655 962 non
1686 911 1752 962 ut
1781 907 2028 962 veritate

381 995 609 1050 inunita
639 989 1033 1063 crederentur,
1067 991 1204 1068 quia
1236 997 1560 1052 secundum
1593 995 1847 1068 Apostoli
1884 1013 2027 1068 pree-

380 1089 615 1157 Ceptum
646 1085 846 1141 omnia
875 1087 1176 1158 probanda
1198 1091 1354 1154 sunt,
1377 1091 1433 1141 et
1454 1103 1598 1157 puro
1623 1087 1834 1140 mentis
1855 1085 2030 1140 intui-

381 1179 445 1229 tu
480 1175 899 1244 examinanda;
935 1175 1211 1247 quoniam
1239 1175 1390 1231 sicut
1410 1176 1466 1230 in
1490 1175 1582 1230 his
1606 1192 1732 1247 quze
1759 1173 2030 1230 sensibus

383 1263 645 1334 subjecta
673 1267 828 1331 sunt,
864 1264 943 1318 ita
973 1275 1205 1336 quoque
1241 1265 1298 1319 in
1331 1264 1845 1329 intellectualibus,
1879 1280 2029 1336 prte-

383 1351 584 1407 sertim
617 1351 674 1406 in
709 1351 1114 1419 scientiis,tam
1138 1351 1334 1408 multae
1357 1358 1415 1409 et
1431 1355 1603 1408 variae
1627 1353 1847 1424 species
1870 1355 2028 1419 sunt,

382 1443 449 1495 ut
478 1435 591 1496 nisi
625 1441 868 1514 spiritus
900 1442 1132 1516 pietatis
1163 1441 1336 1512 adsit,
1369 1444 1538 1514 cujus
1571 1441 1772 1514 regula
1801 1441 2030 1514 diriga-

383 1545 539 1596 mur,
569 1537 668 1585 cor
697 1529 955 1586 hominis
988 1548 1228 1602 pravum
1263 1535 1321 1587 et
1349 1531 1730 1587 insc‘rutabile
1781 1545 2031 1603 pronum

385 1615 462 1698 sit
492 1617 792 1674 verisimili
826 1619 1047 1676 ratione
1079 1618 1313 1688 seduci;
1348 1624 1404 1676 et
1425 1620 1537 1675 nisi
1561 1619 1872 1676 sobrietate
1896 1633 2035 1691 qua-

385 1701 523 1762 dam
565 1706 952 1782 intelligentia
999 1709 1340 1776 refrenetur,
1374 1707 1688 1781 aliquando
1737 1708 1796 1762 in
1847 1706 2028 1762 altum

385 1793 536 1852 elata
583 1796 710 1870 ipso
759 1798 994 1853 tandem
1013 1798 1702 1854 tumoreinimmensum
1741 1801 2036 1852 crescente

383 1891 710 1970 rumpetur,
746 1886 1095 1959 quandoque
1136 1905 1270 1943 vero
1305 1888 1712 1944 sinistrorsum
1743 1885 1922 1941 nimis
1961 1884 2034 1940 ad

385 1974 505 2030 ima
537 1975 854 2048 devergens
887 1975 946 2030 in
974 1976 1245 2032 tenebras
1277 1975 1566 2032 fatuitatis
1598 1977 2032 2047 submergetur.

387 2062 731 2120 Providebat
776 2064 886 2120 hoc
929 2065 1164 2121 animus
1208 2065 1491 2138 Apostoli,
1543 2066 1796 2138 Spiritus
1849 2063 2033 2120 sancti

387 2152 576 2226 gratia
604 2151 955 2220 illustratus,
988 2155 1085 2226 qui
1119 2155 1269 2210 inter
1289 2154 1520 2227 regulas
1544 2155 1672 2210 fidei
1699 2170 1845 2226 quas
1867 2152 2036 2208 nobis

385 2239 706 2297 imitandus
738 2241 1001 2314 praeﬁxit,
1034 2259 1406 2316 summopere
1436 2244 1760 2312 admonuit,
1783 2259 1893 2298 non
1911 2243 2037 2317 plus

387 2348 578 2404 sapere
640 2349 800 2405 quam
867 2341 1088 2404 oportet,
1147 2333 1238 2389 sed
1301 2349 1488 2404 sapere
1543 2332 1612 2388 ad
1666 2333 2033 2397 sobrietatem,

390 2419 637 2477 Proinde
668 2438 799 2478 cum
833 2419 1050 2494 aliquid
1098 2421 1277 2477 menti
1326 2428 1536 2477 nostra:
1585 2420 1839 2477 occurrit
1880 2418 2035 2492 quod

385 2501 521 2584 ipsa
550 2510 640 2566 sui
681 2509 1042 2567 sublimitate
1091 2515 1264 2584 atque
1315 2510 1720 2583 probabilitate
1767 2508 2034 2577 delectat,

386 2591 680 2655 habemus
710 2601 1128 2672 quadraturam
1165 2599 1506 2656 Christianae
1538 2598 1834 2669 doctrinae,
1860 2612 2035 2669 quam

394 2687 705 2744 intellectis
727 2694 793 2744 et
822 2691 1071 2762 cognitis
1102 2690 1274 2761 juxta
1321 2706 1533 2762 ponere
1564 2681 1864 2753 debemus,
1899 2691 1955 2741 et
1986 2685 2036 2740 si

393 2775 534 2850 quid
567 2777 637 2833 de
667 2777 1149 2834 meditationibus
1187 2777 1405 2834 nostris
1435 2776 1764 2844 excesserit,
1797 2776 1867 2831 ad
1902 2791 2038 2829 nor-

395 2882 550 2921 mam
580 2863 739 2922 illius
771 2867 1040 2922 festinato
1066 2866 1290 2939 judicio
1322 2866 1696 2923 resecare.lta
1717 2869 1774 2920 et
1803 2865 2040 2919 damna-

395 2954 602 3010 bilium
633 2959 896 3011 errorum
928 2955 1252 3029 periculum
1283 2955 1543 3023 devitari,
1579 2959 1635 3010 et
1663 2951 2038 3026 philosopho-

383 3049 527 3100 ‘rum
560 3043 786 3116 peritia,
818 3055 944 3117 quae
977 3049 1258 3117 tanquam
1296 3044 1600 3116 superflua
1629 3043 1894 3116 quaedam
1931 3041 2038 3096 im-

2063 1743 2110 1808 B

2136 554 2375 610 evadere
2408 570 2523 609 non
2547 553 2906 620 meruit;sed
2931 569 3063 607 cum
3093 556 3224 624 post
3244 550 3459 606 multos
3481 555 3786 617 tractatus,

2136 659 2285 715 quos
2316 641 2540 698 utiliter
2567 647 2622 697 et
2652 641 2996 698 excellenter
3022 641 3091 696 ad
3127 641 3404 695 honorem
3438 643 3650 694 sanctae
3683 639 3790 693 Ec-

2136 731 2324 788 clesiae
2354 731 2554 799 edidit,
2592 732 2659 786 ad
2686 731 2997 787 enodanda
3027 731 3264 784 demum
3309 728 3545 783 Cantica
3593 743 3791 782 acces-

2137 821 2329 883 sisset,
2364 821 2636 885 asseruit,
2673 821 2894 876 Patrem
2929 837 2962 875 a
2993 818 3132 886 filio,
3171 817 3495 889 Filiumque
3527 833 3559 871 a
3591 815 3793 888 S.Spi-

2137 911 2251 966 ritu
2286 927 2400 966 non
2450 910 2652 966 videri.
2681 911 2849 976 Quod
2882 909 2944 964 Β.
2979 908 3367 980 Hieronymus
3414 905 3474 960 in
3525 905 3790 978 epistolis

2137 998 2262 1053 suis
2292 997 2717 1070 signiﬁcans,et
2747 998 2892 1052 tanti
2923 996 3175 1052 doctoris
3206 1012 3407 1050 casum
3437 993 3688 1067 graviter
3705 991 3794 1049 iu-

2138 1088 2467 1162 gemiscens
2503 1105 2515 1142 :
2552 1087 2826 1158 Origenes,
2861 1085 3074 1158 inquit,
3107 1102 3233 1141 eum
3283 1085 3343 1140 in
3390 1085 3521 1139 aliis
3564 1092 3790 1140 ca’lr'ros

2137 1180 2372 1244 vicisset,
2408 1180 2469 1233 in
2496 1179 2730 1233 Cantica
2760 1176 3097 1232 canticorum
3115 1190 3171 1230 se
3192 1175 3339 1229 vicit.
3372 1172 3555 1244 Cujus
3583 1172 3792 1227 lauda-

2141 1268 2254 1324 bile
2286 1266 2586 1340 ingenium
2609 1265 2870 1338 quandiu
2889 1263 3179 1319 'charitate
3203 1263 3350 1318 duce
3371 1260 3696 1328 incalu’it,et
3717 1261 3790 1316 ab

2141 1356 2469 1430 apostolicae
2503 1354 2778 1410 doctrinae
2808 1353 3030 1409 lumine
3059 1369 3175 1408 non
3211 1351 3469 1418 recessit,
3497 1367 3606 1424 per
3634 1349 3788 1406 dire-

2140 1453 2299 1502 ctum
2331 1445 2628 1518 gradiens,
2662 1443 3032 1499 altitudinem
3065 1439 3430 1514 spiritualem
3461 1440 3794 1495 intellectus

2141 1535 2458 1592 salubriter
2487 1534 2617 1589 aliis
2639 1532 3027 1599 ministravit;
3061 1531 3150 1587 ubi
3181 1547 3315 1586 vero
3338 1528 3792 1603 profunditatem

2143 1625 2440 1697 sapientize
2471 1627 2530 1679 et
2573 1623 2830 1679 scientiae
2879 1621 2976 1676 Dei
3025 1617 3703 1692 incompreh‘eusibilem,
3737 1621 3797 1672 et

2143 1712 2366 1770 homini
2395 1731 2499 1786 per
2527 1729 2588 1768 se
2616 1714 2772 1767 fatuo
2800 1727 2916 1766 non
2963 1714 3268 1784 potestate,
3297 1710 3405 1764 sed
3455 1707 3796 1780 dignatione

2144 1803 2492 1876 capabilem,
2513 1800 2772 1857 rrofanis
2793 1799 3129 1856 Graecorum
3157 1797 3552 1870 dogmatibus,
3577 1795 3796 1870 quibus

2144 1911 2206 1950 se
2237 1890 2502 1949 fortassis
2527 1891 2691 1964 prius
2721 1888 2900 1945 nimis
2928 1887 3216 1954 affecerat,
3252 1885 3632 1942 commiscere
3664 1889 3796 1940 ten-

2143 1983 2304 2049 tavit,
2333 1982 2485 2038 sicut
2515 1981 2750 2052 quando
2780 1979 2851 2034 de
2874 1976 3295 2034 resurrectione
3315 1978 3576 2031 tractans
3601 1972 3801 2030 solidi-

2144 2077 2326 2128 tatem
2358 2077 2414 2128 et
2442 2071 2743 2126 veritatem
2777 2067 3269 2140 resurgendorum
3293 2081 3602 2137 corporum
3626 2063 3802 2118 dene-

2145 2159 2321 2232 gavit,
2380 2157 2713 2212 miseranda
2769 2156 3038 2211 humanae
3097 2152 3429 2225 fragilitatis
3484 2157 3658 2217 sorte,
3707 2150 3801 2205 vir

2145 2248 2414 2321 egregius
2445 2252 2502 2303 et
2529 2245 2801 2301 sublimis
2832 2239 3514 2314 considerationisquasi
3536 2241 3606 2295 de
3631 2239 3800 2295 altis-

2146 2338 2298 2393 sima
2328 2335 2565 2408 specula
2593 2335 2795 2406 lapsus
2826 2330 3170 2405 gravissime
3191 2325 3799 2399 corruit,exemplum-

2146 2443 2260 2499 que
2291 2425 2537 2498 posteris
2569 2425 2756 2479 factus
2787 2427 3033 2492 est,cum
3061 2423 3280 2493 quanta
3303 2417 3622 2473 reverentia
3643 2421 3701 2470 et
3727 2415 3799 2470 ti-

2140 2531 2306 2570 more
2347 2513 2526 2569 divini
2549 2512 2776 2569 consilii
2801 2510 3086 2567 celsitudo
3109 2513 3165 2564 et
3186 2505 3550 2581 profunditas
3581 2509 3800 2577 myste-

2139 2603 2366 2660 riorum
2397 2601 2496 2658 Dei
2529 2601 2868 2673 attingenda
2898 2599 2992 2666 sit,
3026 2604 3082 2654 et
3113 2601 3177 2653 ut
3199 2597 3449 2669 quisque
3471 2595 3540 2649 de
3563 2611 3624 2649 se
3647 2593 3798 2648 sciat

2147 2693 2286 2766 quia
2315 2695 2532 2764 quanto
2560 2689 2812 2746 velocior
2840 2693 2929 2744 est
2959 2687 3166 2742 animae
3212 2701 3329 2742 suae
3381 2687 3598 2745 motus,
3627 2686 3794 2737 tanto

2148 2779 2405 2853 paratior
2433 2777 2517 2832 illi
2549 2793 2722 2832 casus
2750 2781 2860 2846 est,
2889 2775 3002 2831 nisi
3047 2791 3181 2830 cum
3229 2771 3456 2828 cautela
3483 2775 3541 2826 et
3571 2769 3794 2826 cmlest'i

2148 2867 2418 2942 praesidio
2449 2874 2766 2922 moveatur.
2801 2865 2961 2930 Quod
2997 2863 3262 2919 Salvator
3301 2858 3607 2931 discipulis
3639 2857 3797 2913 indi-

2135 2962 2241 3014 cat
2269 2973 2404 3013 cum
2435 2960 2566 3010 ante
2593 2959 2906 3027 potestates
2939 2952 3166 3019 mundi,
3193 2965 3444 3023 quarum
3475 2948 3684 3003 timore
3706 2945 3798 3002 vel

2153 3063 2350 3103 amore
2377 3045 2447 3101 de
2474 3045 2694 3117 Spiritu
2723 3048 2925 3099 sancto
2949 3037 3124 3097 facile
3151 3039 3268 3096 labi
3301 3042 3680 3112 possent,prze
3713 3040 3798 3091 te-

395 3115 678 3189 mensit-as
709 3115 924 3190 nostris
954 3115 1166 3190 studiis
1193 3139 1332 3206 apta
1361 3115 1777 3202 est,commode
1799 3115 2115 3188 salubri-'C
2155 3135 2428 3193 stimonio
2459 3115 2593 3189 ﬁdei
2623 3133 2912 3188 sistendae
2951 3129 3288 3202 praemunit.
3339 3127 3514 3184 Nolite
3561 3127 3802 3194 cegitare

396 3224 600 3294 terque
621 3221 1239 3295 ’pote‘rit,famulari.Ut
1260 3226 1452 3278 autem
1472 3217 2043 3277 indissimulabiliter
2150 3223 2410 3298 quomodo
2441 3230 2537 3278 aut
2556 3221 2690 3295 quid
2721 3221 3060 3292 loquamini;
3085 3235 3196 3274 non
3225 3219 3374 3272 enim
3403 3232 3494 3272 vos
3543 3215 3671 3269 estis
3697 3215 3802 3284 qui

399 3317 712 3384 pernoscas
729 3323 902 3382 quam
927 3311 1319 3382 perniciosum
1335 3310 1408 3366 sit
1419 3327 1620 3366 eorum
1635 3309 1849 3365 imitari
1867 3309 2041 3362 fidem

400 3397 985 3471 quorum'ingenium
1019 3399 1601 3471 admiramur,aspice
1632 3398 1770 3470 quid
1805 3401 2046 3469 praeten-

401 3486 589 3543 datin
620 3487 810 3560 prima
857 3492 1018 3560 parte
1067 3487 1158 3543 sui
1204 3487 1622 3560 philosophica)
1660 3484 2044 3542 coufessionis

391 3575 666 3642 assertio,
690 3591 865 3648 quam
890 3576 963 3631 ab
983 3576 1198 3632 eisdem
1227 3581 1522 3649 sumptam
1545 3575 1876 3632 Macrobius
1896 3573 2044 3630 libro

401 3681 508 3721 suo
538 3665 945 3738 apponendam
977 3665 1200 3721 curavit
1229 3665 1323 3721 his
1353 3665 1563 3722 verbis.

1041 3747 1272 3810 CAPUT
1309 3754 1404 3810 VI.

473 3866 501 3894 «
537 3835 819 3915 Deus,qni
852 3843 1042 3916 prima
1071 3853 1250 3900 eausa
1280 3839 1474 3911 etest,
1507 3847 1565 3899 et
1599 3848 1858 3911 vocatur,
1891 3860 2046 3899 unus

403 3933 823 4006 omniumque:
855 3937 1266 4005 sunt,quaeque
1293 3932 1566 3988 videntur
1594 3949 1742 4001 esse,
1775 3933 2047 4006 princeps

402 4027 458 4078 et
489 4021 648 4094 origo
681 4021 918 4077 est.’}iic
961 4023 1110 4077 Deus
1157 4021 1673 4093 superabundante
1722 4023 2047 4094 majestatis

401 4109 757 4166 fecunditate
788 4111 859 4166 de
890 4127 952 4166 se
981 4114 1240 4166 mentem
1272 4111 1504 4166 creavit.
1537 4111 1668 4166 Haec
1699 4128 1884 4178 meus,
1919 4127 2046 4184 qum

403 4211 513 4264 νοῦς
543 4204 800 4266 vocatur,
830 4217 947 4272 qua
975 4204 1197 4271 patrem
1220 4195 1476 4272 iuscipit,
1502 4199 1732 4270 plenam
1756 4199 2046 4256 simulitu-

403 4289 600 4344 dinem
631 4293 822 4345 servat
851 4289 1138 4356 auctoris;
1173 4289 1370 4344 anima
1396 4305 1528 4345 vero
1559 4290 1629 4344 de
1660 4307 1722 4345 se
1742 4289 1870 4362 ipsa
1893 4295 2050 4345 creat

403 4376 724 4450 posteriora
769 4376 1107 4449 respiciens.
1160 4378 1385 4432 Rursus
1443 4376 1640 4433 anima
1669 4389 1777 4442 νοῦς
1821 4384 2047 4450 patrem

2151 3315 2464 3387 loquimini,
2498 3311 2591 3367 sed
2618 3311 2857 3383 Spiritus
2886 3309 3071 3365 Patris
3101 3309 3265 3363 vestri
3303 3307 3400 3378 qui
3447 3305 3689 3376 loquitur
3736 3304 3800 3356 in

2150 3405 2320 3462 vobis.

2781 3486 3013 3543 CAPUT
3050 3486 3172 3542 VII.

2225 3581 2329 3637 Hic
2358 3584 2447 3636 est
2477 3577 2573 3634 ille
2605 3577 2858 3650 Spiritus
2880 3575 2979 3648 qui
3001 3573 3324 3647 disciplinae
3345 3571 3547 3645 effugit
3563 3571 3798 3637 ﬁctum,

2155 3685 2329 3742 quem
2351 3683 2574 3741 corpus
2605 3665 2858 3739 peccatis
2899 3663 3202 3718 subditum
3241 3677 3356 3717 non
3379 3663 3662 3726 meretur,
3687 3657 3802 3730 qui

2153 3759 2309 3814 unde
2329 3756 2454 3812 vult
2475 3753 2772 3822 recedit,et
2797 3753 2924 3808 sine
2945 3750 3290 3807 difﬁcultate
3309 3749 3418 3805 loci
3443 3753 3498 3804 et
3518 3747 3803 3818 temporis

2156 3862 2506 3920 quocunque
2535 3842 2658 3898 vult
2685 3841 2930 3911 venit,et
2950 3838 3320 3912 signaculum
3344 3837 3436 3894 sui
3457 3836 3695 3892 veniens
3715 3852 3804 3892 se-

2155 3953 2289 3993 cum
2323 3935 2489 3991 affert
2520 3949 2534 3988 :
2570 3931 2726 4004 quod
2754 3929 2910 3986 enim
2953 3929 3241 4002 suggerit,
3273 3930 3497 3986 rectum
3547 3930 3604 3981 et
3627 3925 3802 3998 pium

2156 4031 2279 4095 est;
2313 4023 2468 4097 quod
2492 4021 2725 4088 emittit,
2741 4021 3049 4076 robustum
3072 4023 3129 4073 et
3153 4033 3362 4073 sanum
3387 4035 3399 4086 ;
3425 4015 3580 4088 quod
3603 4013 3806 4069 fructi-

2157 4117 2312 4176 fleat.
2346 4128 2521 4168 suave
2551 4115 2607 4168 et
2628 4109 2982 4181 jucundum.
3011 4109 3074 4163 In
3105 4125 3171 4163 eo
3197 4106 3359 4162 enim
3381 4109 3471 4161 est
3491 4103 3677 4177 gratia
3714 4119 3807 4158 ve-

2157 4205 2367 4271 ritatis,
2403 4219 2504 4274 per
2544 4200 2737 4272 ipsum
2783 4198 2954 4253 nobis
2991 4202 3094 4254 est
3135 4213 3275 4269 spes
3303 4195 3431 4249 vitae
3462 4199 3517 4250 et
3546 4189 3800 4250 virtutis.

2157 4293 2302 4349 Cum
2357 4287 2758 4347 habitaculum
2816 4285 3130 4342 infantium
3177 4282 3805 4358 ingreditur,~disertos

2147 4380 2582 4448 ‘reddit,et~'cum
2601 4374 2836 4448 frigenti
2859 4373 3241 4430 et'tenebroso
3267 4370 3425 4427 cordi
3447 4369 3805 4442 supervenit,

403 4484 520 4539 qua
549 4465 813 4522 intuetur
841 4465 1122 4534 induitur,
1156 4483 1222 4522 ac
1251 4465 1534 4538 paulatim
1569 4467 1929 4538 regrediente
1959 4483 2046 4522 re-
2077 4483 2124 4550 ι)
2149 4471 2431 4526 vitiorum
2461 4463 2967 4537 sedempuritatis
2997 4461 3254 4518 tribunal
3286 4459 3442 4516 facit.
3473 4461 3534 4514 In
3555 4471 3812 4531 praesen-

404 4558 607 4627 spectu
639 4553 698 4609 in
731 4553 1012 4609 fabricam
1044 4567 1351 4626 corporum
1386 4553 1444 4608 in
1477 4567 1752 4626 corporea
1782 4553 1911 4626 ipsa
1931 4554 2045 4610 de-

405 4646 662 4716 generat.
699 4665 726 4692 »
746 4632 959 4698 gNonne
989 4641 1038 4697 si
1068 4642 1278 4698 horum
1309 4641 1619 4696 verborum
1653 4642 2048 4698 sensibusac-

405 4730 714 4804 quieveris,
749 4732 938 4788 denuo
971 4731 1253 4788 suscitare
1297 4729 1514 4786 videris
1562 4729 1778 4787 multos
1825 4748 2049 4788 errores

406 4820 506 4894 qui
537 4821 595 4875 in
629 4821 817 4893 primo
849 4824 1005 4877 statu
1035 4820 1304 4876 Ecclesiae
1351 4819 1510 4892 vigili
1545 4819 1780 4876 solertia
1810 4821 2048 4878 Patrum

407 4909 652 4966 convicti
683 4915 741 4966 et
770 4909 1036 4967 suii’ocati
1059 4909 1240 4965 sunt?
1261 4909 1416 4964 Inter
1439 4926 1586 4982 quos
1606 4908 1778 4966 Arius
1801 4910 2054 4984 inaequa-

405 4998 630 5054 litatem
653 5015 1033 5071 personarum
1061 4998 1119 5052 in
1145 4995 1518 5070 simplicitate
1538 4998 1859 5056 divinitatis
1878 5000 2052 5056 indu-

409 5089 508 5144 cit.
527 5081 1345 5160 Manichteus-autem‘partem
1365 5087 1686 5144 divinitatis
1705 5089 2050 5163 degenerem

410 5177 1130 5248 diabolum,eumdemque
1161 5174 1450 5231 malarum
1483 5183 1882 5234 creaturarum
1916 5197 2052 5236 con-

410 5266 658 5322 ditorem
682 5267 1214 5336 affirmat,quorum
1227 5265 1478 5320 nefanda
1494 5267 1781 5338 perversio
1803 5274 2056 5340 quantas

413 5361 637 5427 strages
669 5355 803 5410 fidei
837 5354 1503 5426 dederit,quantumque
1533 5355 1790 5411 fructum
1821 5357 2055 5414 malitiae

395 5442 628 5515 'fecerit,
688 5442 888 5500 nullus
936 5443 1034 5516 qui
1087 5441 1512 5498 ecclesiasticas
1570 5443 1846 5500 historias
1896 5445 2055 5520 legit,

393 5531 656 5604 ignorat.
688 5525 872 5603 Cujus
920 5531 1332 5607 philosophica
1379 5531 1730 5604 muscipula:
1782 5533 2057 5606 laqueum

2155 4560 2238 4616 tia
2268 4575 2376 4614 sua
2401 4555 2552 4612 nihil
2573 4555 2803 4611 fatuum
2819 4550 3139 4609 vel-inutile
3157 4567 3288 4607 esse
3309 4551 3534 4623 potest;
3554 4545 3701 4602 nihil
3725 4545 3812 4601 di-

2156 4647 2286 4722 ligit
2302 4643 2700 4720 singulare'vel
2719 4639 3134 4708 dissonum,nil
3151 4639 3602 4695 immoderatum
3623 4638 3806 4704 amat;

2159 4737 2282 4810 ipse
2313 4735 2468 4806 enim
2501 4733 2714 4789 modus
2739 4737 2795 4788 et
2815 4727 3327 4786 'immensurabilis
3369 4739 3650 4783 mensura
3678 4726 3807 4792 est;

2159 4841 2331 4882 omne
2362 4824 2582 4878 donum
2614 4822 2664 4877 ei
2695 4819 2994 4876 sufficiens
3034 4821 3145 4886 est,
3179 4817 3316 4890 quia
3359 4817 3471 4872 etsi
3517 4813 3812 4869 desiderio

2159 4930 2290 4970 meo
2321 4929 2528 4986 parum
2559 4911 2789 4967 videtur
2817 4909 2974 4981 quod
3006 4905 3314 4974 mereor,in
3346 4903 3710 4978 plenitudine
3731 4906 3816 4957 ta-

2161 5021 2294 5060 men
2329 5000 2587 5074 corporis
2617 4999 3092 5070 Ecc’lesiw,quam
3117 4996 3240 5069 ipse
3268 4993 3817 5059 Deus'vivificatdo-

2149 5099 2289 5149 tum
2320 5091 2628 5165 possidens
2660 5087 2881 5144 nullius
2898 5086 3177 5160 egestatis
3197 5084 3550 5141 detrimento
3571 5080 3816 5136 confun-

2164 5183 2288 5238 dor.
2321 5180 2424 5236 Hic
2451 5179 2646 5250 itaque
2677 5176 2933 5249 Spiritus
2963 5191 3097 5231 cum
3131 5179 3387 5231 mentem
3419 5173 3490 5228 de
3511 5183 3818 5242 se-przesu-

2165 5274 2420 5327 mentem
2448 5266 2649 5334 cernit,
2685 5265 2821 5338 quia
2849 5269 3076 5321 amator
3104 5261 3459 5319 humilitatis
3486 5263 3594 5326 est,
3612 5271 3820 5329 super-

2165 5359 2272 5415 biae
2303 5357 2497 5414 locum
2529 5353 2870 5419 contemnit,
2897 5359 2954 5409 et
2984 5353 3123 5425 quia
3141 5352 3266 5426 ipse
3285 5367 3442 5407 unus
3465 5354 3522 5405 et
3542 5346 3818 5414 idem,sic

2167 5447 2489 5521 gratiarum
2521 5461 2764 5500 suarum
2797 5444 2950 5499 dona
2979 5441 3354 5514 multiplicat,
3389 5443 3455 5496 ut
3483 5444 3678 5494 tamen
3711 5452 3822 5507 per

2167 5535 2640 5593 distributionem
2671 5528 3329 5603 illamunum-simplex
3357 5532 3415 5586 et
3441 5540 3642 5584 verum
3663 5524 3824 5582 inso-
