3988 6072
187 242 299 304 161

1294 241 1567 329 ornsc.
1615 242 1931 305 CONTRA
1980 242 2512 307 WOLFELMUM.

3488 242 3607 307 162

186 374 393 430 cordis
411 370 689 430 clamavit
708 373 778 430 ad
804 372 1242 431 multitudinem
1264 373 1705 430 miserationum
1726 373 1849 444 Dei,
1878 376 1927 443 Α
1964 374 2301 447 inquam,et
2328 373 2388 429 in
2419 374 2657 430 obtentu
2700 373 2861 430 illius
2899 375 3151 432 summis
3180 375 3486 434 desideriis
3514 394 3611 434 su-

190 462 294 536 qui
328 461 557 518 nullam
596 462 711 519 sibi
754 480 917 536 spem
950 479 1053 536 per
1094 461 1282 537 legem
1313 463 1606 519 indultam
1639 463 1852 520 sentie-

188 553 315 624 bat,
336 556 625 626 tanquam
655 552 901 627 signifer
927 553 1343 626 subsequentis
1374 552 1688 609 Salvatoris
1719 553 1853 609 eli‘e-

190 641 655 712 ctus,haustum
688 642 888 717 gratim
917 643 1296 715 peccantibus
1316 660 1377 699 se
1407 643 1853 717 propinaturum

190 728 496 801 promititt
542 746 558 784 :
608 730 828 796 Docebo,
872 729 1165 802 inquiens.
1196 733 1316 787 vias
1365 739 1486 787 tuas
1534 733 1770 804 iniquos,
1803 734 1859 787 ei

192 818 367 890 impii
392 817 465 873 ad
493 825 542 874 te
568 826 969 887 convertentur,
992 822 1058 874 ut
1083 835 1153 874 ex
1179 836 1247 874 eo
1278 821 1349 874 ad
1380 819 1717 875 vaticinium
1751 820 1857 877 Do-

190 905 343 962 mini
384 907 626 963 veniens
671 907 969 962 ardentior
1023 923 1158 963 reus
1192 908 1374 977 fieret,
1408 925 1523 981 quo
1555 910 1625 964 de
1685 907 1854 981 legali

188 995 511 1052 severitate
540 996 902 1069 redemptus,
934 1013 1041 1052 nec
1090 996 1330 1053 infamis
1378 1014 1578 1071 regno.
1604 1014 1709 1053 nec
1737 997 1858 1054 vita

188 1085 531 1159 privaretur
559 1085 807 1141 adulter.
844 1085 964 1141 lmo
995 1089 1170 1142 tantae
1214 1085 1517 1160 dignitatis
1555 1085 1855 1160 privilegio

188 1191 291 1230 rex
321 1172 574 1231 humilis
603 1173 964 1240 cumulatur,
995 1178 1061 1230 ut
1088 1175 1379 1248 stupendo
1412 1175 1620 1231 divinae
1651 1176 1855 1249 digna-

190 1263 376 1319 tionis
406 1262 696 1320 miraculo
726 1262 1061 1320 confitentis
1097 1279 1284 1336 genus
1328 1264 1691 1320 abundantia
1720 1264 1856 1321 fidei

179 1352 611 1425 justificatum,
632 1357 692 1408 et
721 1351 911 1425 gratia
948 1351 1202 1425 Spiritus
1246 1353 1454 1421 sancti,
1479 1370 1654 1427 quem
1701 1353 1855 1410 idem

192 1442 490 1515 prepheta
516 1443 587 1497 ad
618 1440 1191 1498 innovandaviseera
1219 1447 1275 1498 et
1293 1459 1394 1498 cor
1423 1459 1596 1499 suum
1630 1442 1856 1500 sincero

192 1531 411 1587 aﬂ‘ectu
454 1534 819 1603 poposcerat,
842 1531 1250 1599 emundatum,
1270 1535 1471 1604 aptum
1503 1532 1667 1589 ﬁeret
1687 1531 1855 1588 mini-

194 1612 385 1676 str’are
406 1617 757 1693 virginalem
787 1617 950 1674 illam
982 1622 1522 1693 creaturam,quam
1552 1621 1716 1694 virga
1744 1623 1853 1677 Aa-

190 1726 299 1765 ron
331 1707 690 1765 coutribulis
713 1709 843 1780 ejus
865 1708 991 1765 sine
1020 1712 1248 1765 terrena
1278 1710 1533 1766 fomento
1564 1709 1777 1766 ﬂorens
1798 1714 1857 1767 et

194 1798 567 1854 fructiﬁcans
597 1794 836 1853 insolito
873 1796 1154 1854 miraculo
1199 1797 1552 1871 designarat,
1585 1802 1644 1855 et
1673 1799 1856 1856 Isaias

191 1887 398 1944 s'atim
430 1880 687 1942 evidenti
718 1885 954 1942 oraculo
998 1890 1518 1959 praemonstaturus
1549 1892 1692 1959 erat,
1727 1887 1856 1961 Spi-

190 1976 309 2033 ritu
332 1979 621 2048 operante
640 1974 1013 2031 inell‘abiliter
1031 1979 1445 2048 concepturam
1468 1975 1648 2032 totius
1672 1976 1860 2050 propi-

190 2064 468 2122 tiationis
493 2063 812 2132 fontem,et
841 2067 1028 2120 totum
1074 2064 1315 2120 serviret
1357 2065 1577 2139 gratiae,
1598 2066 1753 2139 quod
1786 2067 1857 2122 de

189 2154 423 2210 semine
438 2151 779 2226 paenitentis
795 2151 1348 2224 actorindulgentiae
1364 2158 1720 2209 nasceretur.
1740 2153 1858 2210 Hoc

188 2242 442 2299 verbum
477 2241 721 2311 bonum,
753 2239 864 2296 hoc
902 2257 1049 2314 opus
1088 2246 1379 2309 sanctum,
1413 2241 1523 2297 hoc
1562 2243 1856 2298 canticum

190 2349 416 2387 novum
453 2328 918 2405 Cytharista,qui
959 2347 1190 2403 poenam
1234 2330 1380 2404 legis
1408 2336 1689 2401 evaserat,
1723 2336 1857 2387 tan-

190 2437 375 2495 quam
391 2421 528 2492 jam
541 2420 792 2491 junctus
812 2419 1007 2474 futuro
1039 2417 1275 2492 populo,
1302 2422 1359 2475 et
1376 2420 1545 2492 quasi
1574 2425 1707 2477 ante
1734 2420 1861 2477 tha-

190 2509 425 2566 lamum
460 2511 753 2582 perpetuae
780 2506 1038 2581 Virginis
1069 2507 1311 2576 saltans,
1353 2508 1642 2581 spirituali
1667 2509 1859 2581 jubilo

192 2598 599 2673 pmcinebat:
636 2596 999 2669 Suscepimus,
1034 2601 1199 2669 Deus,
1233 2599 1669 2655 misericordiam
1705 2607 1862 2656 tuam

192 2690 255 2744 in
282 2686 477 2743 medio
503 2685 694 2758 templi
720 2687 824 2752 tui,
848 2690 904 2740 et
929 2684 1043 2741 alia
1068 2685 1323 2759 plurima
1343 2703 1470 2760 quae
1495 2687 1684 2761 magis
1716 2688 1862 2744 indi-

192 2794 329 2833 care
359 2775 643 2831 videntur
670 2772 907 2847 plenum
939 2775 1224 2849 gaudium
1267 2775 1521 2832 assecuti
1551 2793 1728 2850 quam
1760 2778 1859 2834 de-

194 2883 225 2923 s
247 2864 525 2923 derantis
553 2863 851 2921 affectum.

827 2951 1060 3010 CAPUT
1097 2951 1246 3009 XIII.

264 3044 389 3102 Nec
422 3047 661 3117 tempus
691 3041 1054 3099 remissionis
1084 3046 1314 3099 tantum
1346 3043 1533 3100 sancti
1562 3043 1858 3117 prophetae

194 3111 604 3208 praenuntiare
633 3131 892 3187 contenti
924 3135 1082 3195 sunt,
1109 3132 1211 3188 sed
1241 3111 1582 3189 alternatim.
1607 3111 1690 3188 ad—
1711 3132 1860 3188 duos
1890 3111 1932 3178 C-

198 3224 493 3280 adventus
526 3220 654 3277 Filii
683 3220 783 3276 Dei
816 3218 1015 3277 ﬁdeles
1045 3219 1244 3277 oculos
1266 3225 1690 3294 retorquentes,
1714 3220 1863 3277 indi-

198 3316 337 3369 cant
365 3308 729 3368 humilitatis
771 3326 978 3377 unum,
1004 3309 1250 3366 alterum
1301 3309 1705 3378 sublimitatis,
1737 3310 1861 3384 pri-

198 3418 362 3457 mum
397 3397 899 3465 mansuetudinis,
923 3398 1244 3454 secundum
1279 3399 1694 3472 potestatis.Et
1722 3398 1862 3472 quia

196 3488 468 3545 humana
495 3485 773 3560 superbia
798 3485 1155 3559 contemptui
1179 3484 1391 3543 habere
1415 3486 1561 3544 solet
1580 3488 1734 3561 quod
1757 3487 1862 3544 hu-

199 3578 341 3634 mile
370 3581 486 3645 est,
520 3592 655 3631 cum
696 3579 917 3647 quanta
945 3575 1264 3631 reverentia
1285 3577 1616 3648 praecedens
1637 3576 1860 3650 suscipi

197 3668 431 3732 debeat,
445 3664 768 3721 ostendunt
791 3680 892 3736 per
913 3663 1407 3736 magniﬁcentiam
1426 3665 1855 3738 consequentis,

196 3762 261 3813 ut
279 3758 516 3829 absque
532 3754 692 3811 omni
716 3754 1076 3826 praejudicio,
1102 3754 1200 3828 qui
1226 3754 1599 3829 indulgentiae
1622 3761 1857 3829 tempus

195 3843 644 3918 contempserit,
666 3842 985 3900 terribilem
1011 3843 1070 3899 in
1103 3843 1194 3900 die
1225 3844 1321 3900 irae
1354 3846 1700 3902 sententiam
1734 3863 1857 3902 me-

195 3941 421 3992 reatur.
443 3934 565 3990 Hoc
588 3931 992 4007 evangelizans
1022 3932 1223 4004 Isaias,
1238 3938 1295 3990 et
1315 3933 1598 3991 Jeremias
1629 3933 1854 3991 lamen-

193 4031 352 4092 tans,
372 4021 544 4096 prius
569 4020 928 4077 vocationem
950 4020 1215 4094 gentium
1235 4026 1293 4078 et
1312 4027 1644 4094 compactos
1674 4022 1857 4096 parie-

196 4116 282 4168 tes
314 4112 380 4168 in
401 4127 591 4166 unum
622 4109 963 4182 angularem
995 4108 1249 4183 lapidem
1282 4109 1634 4185 significant,
1657 4117 1713 4169 et
1743 4113 1854 4169 sub

197 4200 600 4259 destructione
631 4196 830 4271 populi
856 4202 913 4254 et
943 4198 1478 4271 Hierosolymitanaa
1508 4201 1673 4257 urbis
1704 4218 1858 4258 com-

200 4289 401 4347 munis
420 4287 779 4363 captivitatis
798 4304 1091 4344 zerumnas
1111 4287 1503 4361 deplorantes,
1519 4294 1854 4347 manentem

198 4379 526 4448 civitatem,
566 4376 626 4431 in
657 4393 775 4449 qua
825 4393 934 4432 nos
988 4375 1302 4433 Dominum
1363 4378 1690 4449 majestatis
1720 4395 1854 4435 cum

1965 463 2269 535 spirabant
2307 463 2519 518 Verum
2548 468 2678 519 cuin
2701 464 2900 520 vident
2924 464 3219 520 desertum
3251 465 3454 520 mundi
3485 466 3608 538 ple-

1963 569 2104 608 num
2139 552 2656 616 amaritudinibus,
2677 557 2732 608 et
2757 552 3073 609 convallem
3097 553 3487 628 lacrymarum
3520 555 3611 610 in-

1962 641 2370 712 terjectam,in
2401 646 2553 698 terra
2589 646 2828 698 terrenae
2888 643 3357 715 repromissionis
3409 642 3608 717 positi,

1962 729 2301 785 validiorem
2324 734 2381 785 et
2412 729 2711 786 meliorem
2741 732 2974 804 Moysen
3009 732 3267 788 assiduis
3295 731 3612 806 gemitibus

1962 818 2360 891 implorabant
2398 819 2719 875 clamantes
2751 836 2764 874 :
2802 821 2948 887 Veni,
2990 822 3237 889 Domine,
3271 828 3322 877 et
3349 822 3470 877 noli
3498 829 3613 877 tar-

1963 907 2129 975 dare;
2160 910 2341 964 arcita
2390 910 2687 980 potentiam
2740 917 2912 976 tuam,
2941 908 3251 966 dominator
3301 912 3463 967 Deus.
3495 911 3612 967 Nec

1964 1002 2101 1052 ante
2138 996 2485 1053 venerabilis
2532 998 2671 1053 ordo
2729 996 2963 1053 illorum
3017 999 3254 1055 Patrum
3309 996 3614 1055 vociferari

1965 1084 2201 1158 quievit,
2225 1085 2407 1141 donec
2436 1084 2691 1141 instante
2721 1085 3019 1142 nativitate
3042 1087 3180 1143 Jesu
3216 1087 3413 1161 magni
3443 1087 3612 1145 ducis

1965 1173 2416 1248 perurgentibus
2471 1175 2702 1248 gaudiis
2740 1174 3076 1245 exsultaret,
3101 1180 3159 1232 et
3189 1176 3406 1233 diceret
3437 1193 3451 1232 :
3481 1178 3614 1234 Ecce

1964 1262 2185 1319 advenit
2209 1263 2521 1320 dominator
2554 1265 2716 1330 Deus,
2760 1272 2812 1321 et
2837 1280 3065 1337 reqnum
3106 1267 3167 1321 in
3193 1282 3367 1321 manu
3394 1266 3528 1340 ejus,
3560 1274 3613 1322 et

1961 1360 2189 1424 potestas
2216 1360 2268 1408 et
2297 1354 2609 1425 imperium.
2643 1353 2740 1407 llis
2771 1357 2828 1409 et
2863 1352 2994 1408 aliis
3052 1353 3270 1409 talibus
3322 1369 3612 1427 praepara-

1965 1440 2108 1496 bant
2135 1446 2360 1498 mentes
2381 1440 2705 1498 carnalium
2733 1441 2804 1497 ad
2830 1441 3272 1514 suscipiendum
3295 1440 3611 1499 Salvatoris

1962 1530 2249 1587 humilem
2281 1536 2471 1586 ortum
2502 1530 2738 1586 veridici
2781 1547 3186 1603 praecursores,
3212 1530 3501 1603 certisque
3529 1529 3610 1586 si-

1962 1619 2092 1692 gnis
2120 1624 2179 1676 et
2216 1619 2486 1692 potentiae
2530 1636 2647 1674 suae
2689 1619 2925 1675 indiciis
2955 1618 3235 1675 nascituri
3268 1619 3326 1674 in
3359 1618 3609 1676 salutem

1963 1708 2225 1765 omnium
2285 1706 2751 1781 magnitudinem
2804 1710 3170 1774 notaverunt,
3227 1724 3300 1764 ne
3351 1707 3611 1781 perfidus

1963 1798 2222 1865 Judaaus,
2248 1801 2304 1853 et
2341 1814 2526 1853 vanus
2569 1795 2807 1869 gentilis
2836 1795 3237 1853 dissimularet
3272 1813 3608 1870 agnoscere,

1966 1904 2140 1960 quem
2172 1891 2256 1942 tot
2298 1886 2410 1943 sibi
2444 1886 2745 1959 praesagiis
2784 1889 3043 1943 cerneret
3080 1876 3426 1942 indicatum.
3460 1888 3612 1953 Quo-

1967 1980 2095 2031 rum
2129 1975 2547 2048 prophetarum
2578 1973 2795 2047 scripta
2833 1974 2880 2030 si
2920 1975 3245 2030 secundum
3274 1973 3612 2031 interiorem

1966 2065 2277 2137 degustare
2323 2063 2636 2131 curaveris,
2685 2063 2998 2136 experieris
3056 2064 3308 2137 profecto
3367 2079 3613 2120 summa

1966 2153 2272 2209 dementiae
2305 2153 2425 2209 fore
2454 2152 2536 2208 ita
2564 2152 2835 2208 insistere
2865 2153 3175 2208 mundanae
3205 2152 3462 2209 scientia:
3489 2156 3614 2208 stu-

1968 2242 2153 2308 dium,
2176 2247 2238 2297 ut
2261 2259 2376 2297 non
2404 2241 2633 2297 colatur
2651 2245 2708 2296 et
2732 2245 2961 2297 ametur
2980 2239 3335 2314 spiritalium
3358 2240 3614 2298 salubris

1967 2330 2334 2406 profunditas
2365 2329 2823 2403 Scripturarum.

2588 2417 2821 2475 CAPUT
2857 2418 2997 2476 XIV.

2039 2508 2336 2566 Ordinatis
2368 2508 2549 2581 igitur
2575 2512 2635 2563 et
2665 2508 2928 2564 decursis
2960 2508 3236 2566 omnibus
3267 2526 3396 2582 quae
3426 2510 3496 2565 ad
3529 2509 3614 2566 in-

1969 2598 2326 2655 sinuandum
2373 2596 2503 2652 novi
2560 2596 2818 2652 hominis
2846 2602 3037 2652 ortum
3092 2598 3416 2671 ﬁguraliter
3442 2616 3615 2672 opor-

1968 2687 2129 2743 tebat
2165 2685 2463 2759 praemitti,
2496 2685 2819 2741 secundum
2867 2685 3434 2758 prredestinationem
3479 2691 3615 2745 ante

1969 2775 2168 2832 omnia
2197 2774 2411 2831 szecula
2439 2774 2595 2848 apud
2628 2773 3022 2830 misericordis
3043 2774 3143 2831 Dei
3174 2775 3487 2832 consilium
3517 2775 3618 2832 ha-

1967 2864 2173 2930 bitam,
2205 2863 2264 2919 in
2314 2861 2678 2937 plenitudine
2715 2863 2998 2936 temporis
3042 2865 3196 2921 misit
3220 2865 3359 2921 Deus
3410 2866 3616 2921 Filium

1967 2972 2131 3012 suum
2159 2955 2219 3009 in
2251 2955 2413 3010 terris
2450 2955 2657 3026 factum
2684 2968 2755 3008 ea:
2781 2953 3033 3023 muliere,
3062 2954 3270 3025 factum
3323 2953 3425 3010 sub
3479 2953 3611 3026 lege,

1970 3048 2035 3099 ut
2060 3060 2176 3099 non
2209 3041 2398 3099 solum
2430 3058 2531 3098 eos
2561 3041 2659 3114 qui
2692 3041 2802 3098 sub
2823 3040 2950 3115 lege
2969 3046 3136 3097 erant
3155 3042 3486 3109 redimeret,
3509 3041 3614 3099 sed

1966 3132 2102 3207 quia
2124 3131 2418 3188 neminem
2453 3130 2638 3203 perire
2657 3130 2906 3198 volebat,
2928 3130 3218 3186 neminem
3242 3147 3276 3187 a
3297 3129 3613 3188 salvatione

1968 3221 2315 3278 excluderet.
2340 3220 2484 3275 Cum
2536 3224 2732 3275 autem
2766 3219 2957 3286 audis,
2977 3220 3132 3275 misit
3177 3220 3335 3286 Deus,
3368 3235 3484 3274 non
3516 3219 3613 3275 in-

1965 3310 2196 3383 telligas
2234 3308 2629 3381 majoritatem
2662 3308 2969 3376 mittentis,
3002 3324 3107 3364 nec
3138 3307 3303 3364 missi
3336 3306 3613 3364 mutatio-

1968 3401 2277 3474 nem,quia
2300 3398 2573 3457 divinitas
2603 3416 2717 3455 non
2749 3399 2955 3472 recipit
2982 3397 3477 3467 vicissitudinem;
3508 3397 3613 3454 sed

1966 3490 2163 3564 accipe
2192 3490 2406 3546 bonam
2439 3489 2627 3546 Patris
2648 3488 3099 3555 voluntatem,et
3129 3486 3284 3561 piam
3316 3485 3444 3565 Filii
3471 3487 3612 3543 obe-~

1965 3578 2268 3642 dientiam,
2302 3577 2649 3650 completam
2678 3593 2782 3649 per
2808 3574 3325 3632 consubstantialis
3357 3574 3614 3647 Spiritus

1965 3667 2449 3740 cooperationem.
2488 3665 2550 3721 In
2591 3665 2772 3737 hujus
2810 3664 3233 3721 incarnationis
3262 3680 3433 3737 opere
3463 3663 3511 3720 si
3541 3664 3613 3720 de

1965 3757 2137 3812 modo
2155 3756 2387 3824 quaeris,
2405 3754 2601 3811 nescio
2626 3753 2766 3826 quid
2782 3753 3086 3809 commode
3102 3753 3214 3809 dici
3234 3753 3418 3827 possit
3432 3769 3612 3826 quam

1964 3845 2118 3918 quod
2150 3861 2219 3901 ex
2248 3843 2581 3916 inquirente
2606 3842 2845 3915 Virgine
2874 3846 2931 3899 et
2973 3842 3321 3917 archangelo
3366 3858 3613 3915 respon-

1964 3934 2134 3991 dente
2164 3932 2504 4006 percipitur,
2523 3930 2791 3987 videlicet
2820 3931 2975 4003 quod
3008 3931 3452 4003 superveniente
3481 3929 3612 4003 Spi-

1963 4022 2171 4087 ritu,et
2200 4020 2590 4077 obumbrante
2620 4036 2747 4075 eam
2768 4019 2982 4075 virtute
3006 4019 3317 4087 Altissimi,
3340 4036 3472 4075 cum
3503 4019 3619 4090 vir.

1962 4113 2133 4187 ginea
2153 4128 2325 4166 carne
2348 4109 2622 4166 divinitas
2649 4108 2935 4176 uniretur,
2967 4112 3128 4164 tanta
3149 4108 3461 4165 efﬁcientia
3482 4126 3615 4166 san-

1963 4200 2286 4268 ctitatis,ut
2315 4199 2498 4256 Filius
2527 4198 2650 4266 Dei,
2673 4204 2807 4254 ante
2837 4198 3037 4253 omnia
3064 4202 3329 4271 tempora
3359 4202 3509 4254 Deus
3540 4199 3613 4256 de

1965 4296 2075 4348 Deo
2105 4289 2360 4364 genitus,
2393 4289 2464 4344 de
2491 4287 2730 4361 Virgine
2769 4287 2881 4343 sub
2936 4290 3197 4359 tempore
3253 4292 3610 4354 nasceretur,

1964 4379 2340 4447 credibiliter,
2362 4395 2477 4435 non
2511 4376 2818 4434 eli'abiliter
2837 4376 3024 4432 factus
3053 4392 3208 4442 caro,
3226 4392 3342 4431 non
3370 4375 3616 4433 confusa

197 4485 373 4525 carae
404 4469 610 4523 nostra
644 4465 771 4537 jam
813 4466 1111 4523 sedentem
1143 4465 1481 4538 aspicimus,
1516 4466 1847 4541 inquirunt.
1885 4484 1932 4550 Β
1965 4469 2313 4528 substantia.
2339 4468 2440 4525 sed
2465 4468 2658 4536 Dei,et
2677 4466 2954 4533 hominis,
2975 4482 3093 4521 una
3112 4481 3380 4538 persona.
3401 4465 3496 4521 Sic
3515 4464 3614 4520 do-

196 4557 328 4613 Haec
360 4559 459 4612 est
488 4553 961 4627 repromissionis
982 4558 1134 4611 terra
1163 4559 1221 4610 et
1241 4554 1397 4629 regio
1423 4555 1718 4625 vivorum;
1740 4574 1857 4613 non

200 4644 305 4702 illa
332 4645 394 4700 in
426 4661 548 4717 qua
577 4643 915 4717 frequenter
943 4642 1200 4700 cecidere
1231 4643 1417 4700 multa
1473 4644 1677 4711 millia,
1711 4650 1767 4702 et
1797 4646 1857 4703 in

196 4753 316 4809 qua
342 4732 792 4808 prospiciebant
840 4730 990 4789 filios
1020 4736 1077 4789 et
1106 4736 1346 4806 nepotes
1396 4750 1536 4790 suos
1586 4733 1861 4793 violentia

198 4840 434 4899 regum,
468 4822 642 4888 fame,
660 4820 874 4896 gladiis
903 4825 960 4878 et
1000 4821 1132 4878 aliis
1178 4822 1384 4879 mortis
1414 4823 1728 4895 generibus
1759 4842 1859 4898 pe-

199 4912 445 4981 rituros,
467 4911 569 4968 sed
598 4910 701 4968 illa
729 4911 802 4968 de
834 4928 951 4984 qua
979 4911 1131 4967 inter
1161 4909 1305 4967 alios
1336 4912 1649 4985 praedictus
1678 4913 1858 4970 David

200 5002 360 5059 clara
388 5000 640 5057 veritate
661 4999 988 5056 admiratur
1005 4999 1205 5057 dicens
1229 5016 1242 5055 :
1269 5000 1440 5069 Quam
1458 5000 1658 5058 dilecta
1683 5005 1861 5059 taber-

198 5091 409 5147 nacula
456 5096 571 5157 tua,
604 5089 834 5146 Domine
877 5091 1164 5145 virtutum.
1193 5089 1257 5145 Et
1295 5088 1442 5145 beati
1469 5092 1567 5162 qui
1609 5091 1860 5149 habitant

202 5182 260 5237 in
288 5180 452 5237 domo
483 5186 599 5245 tua,
622 5178 871 5247 Domine,
894 5179 952 5234 in
977 5178 1183 5236 saecula
1202 5178 1529 5235 seculorum
1558 5179 1864 5238 laudabunt

202 5278 279 5338 te;
308 5274 371 5326 et
399 5268 473 5324 ad
504 5282 679 5340 quem
740 5265 998 5323 animam
1057 5282 1229 5322 suam
1259 5265 1511 5322 converti
1571 5266 1856 5338 hortatur,

202 5364 521 5433 postquam
554 5356 838 5414 Dominus
870 5356 1221 5415 beneiecerit
1250 5355 1325 5425 ei,
1349 5356 1503 5430 quod
1535 5360 1676 5415 tunc
1709 5360 1859 5417 futu-

206 5466 331 5504 rum
392 5444 689 5520 intelligit,
721 5464 857 5503 cum
902 5445 1185 5520 eripietur
1228 5461 1262 5501 a
1307 5450 1515 5513 morte,
1549 5448 1796 5521 pedibus
1826 5466 1863 5507 a

204 5534 394 5614 lapsu,
427 5539 487 5595 et
515 5533 705 5594 oculis
742 5550 778 5594 a
810 5533 1089 5615 lacrymis
1145 5532 1433 5592 liberatis.
1461 5536 1861 5614 Aspiciebant,

1966 4566 2057 4617 cet
2084 4558 2200 4615 Vas
2229 4558 2426 4631 gratia:
2458 4560 2770 4630 postquam
2804 4570 3064 4628 squamae
3096 4553 3348 4626 perfidiae
3379 4553 3453 4609 ab
3483 4553 3613 4625 ejus

1966 4647 2152 4706 oculis
2183 4645 2536 4714 ceciderunt,
2556 4646 2655 4718 qui
2694 4649 2899 4717 raptus
2928 4644 3000 4699 ad
3032 4640 3273 4699 tertium
3305 4640 3514 4698 omium
3546 4658 3615 4699 ea

1967 4737 2140 4795 etiam
2168 4753 2380 4791 arcana
2401 4732 2621 4791 audivit
2646 4750 2772 4807 quae
2798 4731 3020 4789 homini
3043 4730 3201 4805 loqui
3225 4748 3339 4787 non
3374 4730 3524 4788 licet.
3542 4730 3617 4788 Ut

1966 4827 2121 4884 enim
2154 4825 2438 4881 indicaret
2474 4840 2544 4879 ex
2585 4822 2839 4879 naturali
2873 4826 2930 4879 et
2957 4821 3134 4877 insito
3179 4821 3368 4878 Patris
3397 4826 3453 4877 et
3484 4819 3616 4877 Filii

1967 4913 2466 4988 simplicissimum
2500 4912 3047 4983 unitatem,formam
3065 4912 3252 4967 Patris
3268 4910 3478 4967 Filium
3513 4927 3609 4984 ap-

1968 5003 2221 5078 pellavit,
2244 5002 2344 5059 ubi
2379 5000 2521 5057 nihil
2580 5001 2795 5074 rapinae
2834 5000 3145 5057 intervenit
3200 5004 3438 5073 propter
3463 5000 3615 5073 ejus-

1968 5093 2101 5149 dem
2140 5091 2467 5165 majestatis
2513 5089 2925 5165 aequalitatem.
2957 5089 3073 5146 Nec
3119 5094 3356 5164 propter
3380 5092 3620 5163 formam

1964 5181 2397 5255 verbum,quod
2431 5180 2536 5236 tibi
2569 5181 2866 5256 significat
2896 5180 3049 5254 apud
3080 5177 3375 5245 homines,
3394 5177 3618 5250 aliquid

1968 5289 2002 5329 a
2024 5271 2271 5328 formato
2293 5271 2589 5328 diversum
2612 5270 2821 5339 facias;
2847 5269 2907 5326 in
2938 5268 3204 5340 subjecta
3231 5266 3487 5324 sectione
3516 5282 3621 5322 ex-

1968 5361 2155 5417 tendit
2178 5379 2282 5418 nos
2304 5360 2647 5436 praedicator
2662 5359 2945 5429 veritatis,
2959 5363 3018 5417 et
3040 5375 3146 5431 per
3160 5357 3405 5414 verbum
3427 5353 3624 5415 sensi-

1969 5449 2188 5508 bilibus
2210 5451 2643 5509 commodatum
2677 5450 2749 5506 ad
2781 5444 3128 5521 sapiendum
3162 5445 3453 5504 ineffabile
3482 5443 3624 5500 Ver-

1970 5537 2115 5599 bum
2137 5538 2472 5601 mortalium
2496 5538 2856 5602 intellectum
2877 5534 3156 5610 traducit,
3168 5537 3235 5594 ut
3254 5532 3370 5594 fide
3388 5531 3625 5614 capian-
