3942 6056
388 281 504 355 16¹ἶ

1847 279 2325 357 MANEGALDI.

3682 284 3799 355 164

274 416 277 417 ⁷
372 416 503 478 .tur,
525 430 653 486 qua;
677 411 850 468 verbo
887 410 1147 467 humano
1177 409 1436 469 enarrari
1467 426 1581 465 non
1612 413 1881 483 possunt.
1916 409 2022 476 Qui
2051 409 2110 480 Α
2139 412 2504 469 convenienti
2524 413 2641 475 Deo
2658 412 3071 487 perVirginem
3091 413 3266 486 edito,
3282 417 3479 487 utrum
3504 413 3631 487 ipse
3647 430 3803 491 esset

387 512 450 560 ut
480 500 904 558 lncarnationis
936 498 1279 573 mysterium
1305 499 1376 555 ad
1401 498 1651 557 salutem
1674 498 2033 555 credentium

384 590 656 665 aperiret,
691 594 1117 661 consequenter
1147 589 1418 661 subjecit,
1459 589 1771 644 eatinanivit
1818 589 2034 645 semeti-

373 698 558 757 psum,
575 685 631 736 et
652 686 716 736 ut
737 678 1149 736 exinanitionis
1170 679 1411 735 verbum
1429 677 1583 734 circa
1603 676 2032 735 immutabilem

382 770 658 827 deitatem
681 786 797 826 non
820 768 1255 824 imminutionis
1274 768 1537 834 verbum,
1556 769 1658 823 sed
1684 767 2032 841 signiﬁcati-

378 877 517 917 vum
549 858 906 933 dignationis
936 856 1719 929 adverteres,circumspecte
1748 858 2030 925 subdidit,

377 951 614 1021 formam
628 950 775 1005 servi
790 946 1346 1020 accipiens.Utraque
1368 946 1547 1019 igitur
1563 945 1836 1002 nativitas
1853 946 2034 1002 admi-

379 1038 582 1095 rabilis
597 1042 705 1096 est.
723 1037 784 1094 In
806 1041 1053 1108 utraque
1070 1035 1341 1092 humanas
1358 1033 1709 1090 inventionis
1727 1052 2034 1109 argumen-

377 1133 439 1183 ta
454 1126 754 1185 deﬁciunt.
772 1125 967 1181 Prima
984 1124 1139 1181 enim
1158 1131 1394 1198 propter
1406 1123 1692 1180 unitatem
1704 1125 2027 1194 Trinitatis,

377 1215 718 1289 angelorum
747 1219 803 1270 et
834 1213 1141 1270 hominum
1164 1213 1606 1286 supergreditur
1634 1212 2029 1297 intellectum;

375 1304 633 1365 secunda
662 1307 899 1377 propter
928 1301 1229 1359 insolitum
1261 1302 1539 1358 nascendi
1572 1303 1814 1358 modum
1845 1305 2029 1360 totius

362 1392 788 1467 philosophice:
828 1390 1072 1449 rationis
1114 1395 1355 1447 evacuat
1383 1391 1847 1449 ﬁrmamentum.
1880 1391 2030 1448 Con-

371 1482 552 1549 stanti
584 1496 838 1553 namque
864 1480 1283 1553 consequentia
1312 1480 1755 1552 proponebant:
1782 1480 1841 1537 Si
1866 1498 2030 1554 pepe-

370 1571 466 1639 rit,
491 1587 625 1628 cum
658 1569 780 1625 viro
829 1570 1120 1625 concubit.
1140 1569 1357 1625 Verum
1389 1574 1563 1626 natus
1605 1573 1694 1626 est
1735 1587 1882 1643 puer
1909 1572 2026 1626 for-

369 1661 468 1730 tis,
502 1659 748 1734 angelus
795 1658 1044 1727 consilii,
1078 1658 1464 1732 philosOphus
1509 1658 1814 1727 castitatis,
1840 1663 1893 1716 et
1925 1677 2028 1732 per

368 1749 760 1815 venerandam
783 1748 855 1803 de
878 1751 1162 1821 perpetua
1182 1746 1418 1819 Virgine
1440 1747 1803 1805 nativitatem
1823 1749 2025 1820 praedi-

369 1843 523 1896 ctam
555 1837 1011 1911 propositionem
1054 1835 1323 1905 cessavit,
1348 1852 1482 1891 cum
1509 1836 1580 1892 de
1619 1842 1804 1893 matre
1841 1843 2016 1894 natus

362 1927 446 1989 sit
488 1945 616 2000 quas
652 1926 840 1983 virum
872 1942 988 1980 non
1019 1924 1304 1998 cognovit,
1329 1929 1386 1981 et
1424 1925 1553 2002 ideo
1595 1924 1756 1981 nulla
1796 1925 2019 1985 ratione

364 2034 504 2074 cum
532 2016 655 2075 viro
684 2013 1022 2073 concubuit.

997 2102 1228 2160 CAPUT
1266 2103 1382 2160 XV.

435 2196 560 2262 Quo
590 2197 785 2257 autem
817 2196 1094 2264 proventu
1128 2209 1340 2249 novum
1385 2191 1542 2248 istud
1582 2209 1760 2265 super
1797 2196 2013 2249 terram

364 2284 585 2349 factum
616 2281 713 2349 sit,
741 2282 1049 2338 redeamus
1080 2282 1155 2338 ad
1197 2281 1548 2354 magistrum
1594 2281 1881 2355 gentium,
1914 2282 2014 2355 qui

363 2373 545 2445 hujus
571 2371 780 2427 natalis
799 2371 1071 2427 eﬁ‘ectum
1094 2371 1408 2427 ostendens
1434 2388 1447 2426 :
1475 2373 1773 2443 Apparuit,
1796 2370 2011 2443 inquit,

360 2464 543 2532 gratia
572 2460 869 2517 Saluatoris
898 2461 1075 2533 nostri
1107 2462 1209 2517 Dei
1235 2461 1486 2517 omnibus
1526 2461 1860 2525 hominibus,
1894 2477 2014 2516 eru-

358 2551 514 2613 diens
542 2566 660 2617 nos,
690 2556 751 2607 ut
784 2549 1111 2619 abnegantcs
1160 2551 1489 2620 impietatem
1515 2556 1566 2604 et
1593 2549 1890 2606 sweutaria
1916 2548 2011 2605 de-

352 2640 584 2707 sideria,
604 2640 783 2694 sobrie
810 2647 863 2693 et
879 2639 1027 2709 juste
1056 2640 1303 2694 vivamus
1339 2639 1398 2692 in
1430 2639 1527 2694 h0(:
1567 2638 1789 2702 saeculo,
1819 2653 2009 2710 exspe-

350 2736 556 2785 ctantes
585 2727 789 2783 beatem
844 2743 992 2799 spem
1017 2735 1069 2782 et
1098 2726 1387 2783 adventum
1415 2727 1607 2796 gloria:
1661 2729 1850 2798 magni
1881 2728 2005 2782 Dei.

350 2817 558 2889 Itaque
586 2816 893 2876 erudimur
915 2814 975 2871 in
1007 2814 1137 2870 novi
1169 2814 1425 2872 hominis
1447 2819 1599 2883 ortu,
1625 2820 1690 2870 ut
1719 2815 2011 2871 desideria

351 2905 718 2978 essentiam:
748 2903 907 2960 salva
939 2903 1154 2976 pietate
1176 2902 1361 2959 amari
1388 2920 1502 2958 non
1534 2908 1804 2975 possunt,
1828 2904 2006 2960 abne-

351 3000 653 3076 gemus,et
682 2994 833 3052 sicut
861 2994 1058 3050 Patres
1089 2992 1276 3056 sancti
1301 2992 1511 3066 prioris
1543 2991 1741 3065 populi
1773 2993 1882 3049 sub
1915 2994 2009 3049 de-

350 3084 567 3151 siderio
587 3083 762 3156 primi
791 3083 1076 3141 adventus
1097 3080 1536 3150 anhelaverunt,
1553 3081 1636 3136 ita
1658 3081 2005 3153 nos,quibus

2143 501 2242 574 qui
2275 519 2343 557 ex
2371 502 2497 575 lege
2517 507 2574 560 et
2595 501 2896 575 prophetis
2927 502 3349 575 praenuntiatus
3370 504 3578 572 fuerat,
3601 504 3801 577 singu—

2143 588 2282 646 laris
2313 591 2669 664 Operationis
2699 591 3000 665 privilegio
3021 591 3352 659 declaravit,
3378 598 3435 649 et
3461 593 3625 668 prius
3646 593 3801 669 lega-

2141 677 2255 735 lem
2289 680 2795 737 circumcisionem
2826 698 3039 754 passus
3068 687 3179 749 est,
3206 686 3270 737 ut
3299 682 3681 755 praecedentis
3712 689 3797 740 te-

2142 767 2419 825 stamenti
2441 769 2785 839 probaretur
2806 785 2923 825 non
2941 769 3292 835 destructor,
3307 769 3406 826 sed
3430 773 3608 838 actor,
3623 775 3681 827 et
3698 770 3801 829 ho-

2141 856 2358 913 micida
2385 857 2625 914 Judaeus
2665 856 3110 914 interﬁcientem
3149 857 3404 914 litteram
3435 875 3796 932 persequens

2140 963 2243 1018 per
2271 947 2643 1010 observatum
2670 945 2923 1009 exterius
2954 948 3025 1003 ad
3056 946 3392 1004 interiorem
3423 948 3601 1004 vitam
3634 948 3794 1019 salu-

2141 1034 2323 1090 briter
2351 1034 2700 1092 traheretur.
2721 1038 3082 1110 Quapropter
3102 1036 3387 1108 scriptum
3414 1037 3699 1093 sustinuit
3730 1042 3795 1109 ut

2140 1122 2435 1180 exhiberet
2473 1123 2845 1193 sententiam,
2870 1123 3182 1199 complevit
3228 1124 3504 1191 litteram,
3541 1124 3792 1200 largitus

2138 1215 2227 1269 est
2254 1212 2811 1284 spiritum,removit
2839 1214 3112 1286 ﬁguram,
3130 1211 3358 1286 aperuit
3385 1213 3709 1283 veritatem,
3733 1219 3794 1283 et

2138 1298 2291 1354 sicut
2319 1299 2379 1355 in
2410 1299 2724 1356 Mediatore
2754 1300 2882 1355 dua:
2922 1305 3143 1356 natura:
3187 1304 3594 1367 convenerant,
3613 1300 3696 1357 ita
3725 1301 3787 1359 in

2135 1386 2455 1447 liberandis
2486 1387 2824 1451 hominibus
2858 1392 2916 1444 et
2946 1388 3017 1445 de
3054 1390 3312 1445 tenebris
3349 1390 3421 1446 ad
3465 1388 3657 1446 lucem
3688 1408 3788 1447 ra-

2135 1475 2364 1549 piendis
2406 1478 2722 1549 quemdam
2776 1476 3040 1533 ordinem
3080 1477 3459 1547 conservavit,
3494 1478 3636 1534 dum
3692 1478 3786 1549 lex

2135 1565 2481 1638 completur,
2514 1570 2581 1622 ut
2636 1565 2938 1638 ingeratur
2990 1566 3198 1639 gratia,
3232 1566 3623 1635 restituuntur
3650 1567 3782 1624 vita:

2135 1654 2453 1724 mortui,ut
2479 1655 2741 1717 vivorum
2774 1654 2982 1710 anima:
3013 1654 3389 1724 suscitentur,
3413 1661 3479 1712 ut
3509 1656 3785 1729 utrinque

2131 1743 2494 1801 validissima
2521 1743 2861 1817 probatione
2891 1747 3184 1800 constaret
3213 1761 3282 1800 ex
3312 1744 3670 1816 subjectione
3698 1744 3782 1817 le-

2124 1835 2216 1905 gis
2246 1851 2415 1889 verus
2444 1839 2500 1889 et
2519 1835 2722 1906 justus
2741 1832 2935 1899 homo,
2959 1850 3027 1889 ex
3047 1833 3312 1889 doctrina
3350 1839 3406 1890 et
3443 1834 3780 1907 operatione

2127 1922 2495 1995 omnipotens
2516 1921 2814 1996 Sapientia
2843 1921 3018 1977 Deus.
3043 1922 3202 1977 Hanc
3234 1921 3563 1993 animarum
3595 1922 3777 1981 susci-

2123 2012 2404 2069 tationem
2427 2012 2607 2069 trium
2638 2016 3001 2077 mortuorum
3031 2010 3375 2077 resurrectio
3397 2010 3674 2080 distincta
3703 2010 3775 2085 si-

2123 2101 2381 2175 gniﬁcat,
2414 2101 2692 2175 quoniam
2741 2117 3100 2174 quiscunque
3157 2100 3355 2158 anima
3399 2106 3773 2175 peccatorum

2123 2196 2310 2246 morte
2341 2191 2673 2258 damnatur,
2688 2195 2789 2265 aut
2816 2189 2977 2246 intus
3011 2189 3201 2246 adhuc
3230 2194 3319 2245 est
3349 2206 3484 2245 cum
3517 2189 3773 2260 archisy-

2122 2280 2332 2353 nagogi
2355 2278 2496 2347 ﬁlia,
2524 2284 2588 2334 ut
2608 2284 2890 2350 tanquam
2912 2282 2968 2334 et
2988 2278 3175 2334 vicino
3209 2275 3380 2334 morti
3406 2278 3620 2337 tradita
3637 2277 3767 2355 vitm

2120 2367 2289 2425 facile
2307 2366 3124 2434 reducatur,autconscientiae
3141 2367 3303 2423 bona:
3321 2372 3520 2440 portas
3531 2383 3768 2441 egressa

2118 2457 2307 2514 turbis
2329 2456 2848 2517 circumstantibus
2882 2461 3113 2512 mortua
3131 2458 3488 2529 deportatur,
3505 2461 3607 2512 aut
3634 2456 3766 2512 diu-

2119 2546 2367 2604 turniori
2395 2552 2582 2602 morte
2615 2547 2742 2617 jam
2773 2546 2951 2601 fetida
2982 2544 3182 2601 clausa
3220 2545 3331 2602 sub
3374 2543 3770 2601 indurationis

2117 2635 2309 2707 lapide
2340 2640 2688 2701 coarctatur,
2721 2634 2831 2695 Sed
2872 2635 3178 2691 accedente
3218 2633 3612 2705 omnipotente
3644 2650 3770 2689 me-

2117 2723 2246 2780 dico
2278 2741 2490 2780 manus
2522 2722 2722 2795 puellae
2757 2727 3008 2790 tenetur,
3039 2727 3096 2778 et
3128 2722 3349 2794 surgit;
3383 2720 3768 2778 adolescentis

2115 2814 2345 2870 loculus
2360 2814 2640 2886 tangitur,
2654 2818 2712 2869 et
2731 2816 2970 2869 vocatus
2993 2817 3262 2867 mortuus
3287 2809 3575 2881 reviviscit
3592 2827 3607 2867 :
3626 2828 3769 2884 prm-

2115 2903 2314 2960 missis
2344 2901 2756 2975 compatientis
2791 2901 3066 2973 lacrymis
3096 2899 3423 2971 tumulatus
3454 2898 3763 2968 clamatur,

2114 2999 2172 3050 et
2201 2993 2422 3066 prodit;
2457 2990 2736 3063 nullaque
2763 2996 2854 3046 est
2896 2991 3088 3062 passio
3121 2990 3330 3046 animae
3375 2987 3607 3062 penitus
3635 3005 3763 3045 mo-

2114 3082 2471 3154 rientis,qum
2488 3079 2776 3141 medentis
2795 3078 3111 3135 Salvatoris
3137 3083 3376 3149 superat
3398 3076 3763 3148 facultatem,

341 3173 471 3244 jam
500 3155 713 3237 veritas
742 3173 814 3237 de
845 3176 1001 3237 terra
1031 3176 1158 3227 orta
1185 3171 1420 3237 est,sub
1450 3170 1880 3243 exspectatione
1912 3187 1999 3229 se-
2030 3155 2073 3223 C
2109 3171 2246 3244 quia
2278 3171 2403 3243 ipse
2432 3173 2538 3237 est,
2558 3169 2656 3241 qui
2696 3169 3036 3240 propitiatur
3076 3167 3327 3231 omnibus
3374 3167 3762 3237 iniquitatibus

347 3262 529 3329 eundi
550 3278 878 3335 gemamus,
893 3260 1181 3334 patienter
1197 3260 1423 3317 beatam
1448 3259 1693 3332 gloriam
1712 3259 2002 3317 sustinen-

348 3355 459 3415 tes.
489 3353 636 3407 Ante
687 3351 1003 3406 adventum
1058 3348 1259 3421 gratiae
1290 3348 1619 3404 humanum
1672 3365 1859 3423 genus
1891 3349 1998 3405 soli

346 3439 589 3499 vanitati
617 3444 679 3495 et
704 3438 989 3511 superbiae
1018 3454 1231 3494 vacans
1263 3436 1413 3497 male
1444 3454 1719 3493 securum
1749 3438 1996 3505 vivebat,

346 3532 556 3600 praeter
583 3543 801 3600 paucos
832 3525 1125 3585 Israelitas
1148 3525 1362 3598 quibus
1394 3526 1599 3582 datum
1630 3526 1820 3581 fuerat
1849 3544 1997 3599 prae-

343 3614 561 3679 sentire
592 3615 937 3688 mysterium
968 3615 1130 3687 regni
1161 3615 1283 3670 Dei.
1304 3614 1411 3670 Pro
1441 3632 1557 3687 qua
1586 3632 1717 3670 vero
1749 3615 1868 3671 Rex
1896 3614 1999 3670 hu-

258 3697 269 3703 ’
344 3703 613 3773 militatis
643 3704 914 3777 apparuit
935 3720 1149 3775 magna
1169 3702 1569 3777 sollicitudine
1600 3705 1999 3763 mansuetudi-

343 3810 481 3863 nem
509 3794 639 3865 ejus
668 3793 834 3866 sequi
860 3798 918 3849 et
946 3794 1275 3848 castitatem
1306 3791 1578 3865 amplecti
1602 3793 1905 3864 jubemur,
1930 3797 1996 3848 ut

333 3882 556 3955 jugiter
573 3883 735 3939 cruci
757 3885 886 3955 ejus
916 3882 1072 3938 atTixi
1102 3882 1367 3937 membra
1394 3886 1746 3954 nostra,quae
1769 3881 1877 3936 sub
1898 3897 1992 3941 veé

340 3972 448 4028 teri
472 3971 708 4027 homine
729 3970 1117 4028 immunditia
1140 3971 1482 4036 servierant,
1498 3970 1556 4025 in
1580 3969 1992 4027 sanctiﬁcatio-

332 4077 475 4139 μω
508 4060 834 4129 immobilia
854 4076 1286 4131 conservemus,
1311 4062 1370 4116 et
1388 4060 1548 4116 omni
1571 4059 1857 4132 superbiae
1878 4058 1991 4115 hu-

337 4148 679 4209 miliationis
711 4149 805 4205 Dei
853 4148 1090 4222 signum
1121 4152 1404 4221 tanquam
1435 4147 1711 4204 vexillum
1740 4147 1991 4206 victoriaa

336 4254 725 4310 apponamus.
743 4238 833 4309 Et,
856 4237 991 4294 licet
1022 4236 1158 4295 huic
1180 4237 1350 4311 signa
1378 4236 1629 4293 stultitia
1658 4236 1990 4310 gentilium,

334 4330 393 4399 et
418 4326 607 4382 Judaei
638 4326 885 4399 perﬁdia
911 4326 1292 4393 contradicat,
1309 4344 1438 4400 quas
1460 4326 1874 4383 inestimabilis
1894 4327 1995 4384 bo-

335 4414 538 4487 nitatis
578 4415 680 4472 Dei
710 4414 916 4489 ignara
958 4415 1173 4472 idcirco
1213 4420 1445 4473 tantum
1477 4414 1710 4489 ingrata
1739 4416 1827 4482 ﬁt,
1851 4415 1993 4487 quia

334 4501 512 4562 nimis
526 4508 766 4578 propter
782 4520 845 4560 se
862 4504 1052 4561 factus
1070 4508 1160 4561 est
1179 4503 1444 4561 humiliis
1461 4505 1751 4569 Deus,nos
1769 4508 1985 4574 tamen,
2016 4525 2064 4590 Β

332 4592 433 4665 qui
461 4609 595 4655 cum
642 4593 911 4665 Apostolo
957 4593 1233 4649 audimus
1264 4592 1405 4666 quid
1437 4593 1562 4664 ipse
1618 4592 1895 4665 loquatur
1924 4592 1985 4648 in

331 4681 522 4752 nobis,
540 4681 767 4755 lignum
787 4682 913 4739 vita
936 4682 1221 4755 superbia:
1238 4682 1609 4755 opponimus,
1630 4681 1981 4753 responden-

328 4770 645 4839 tes‘Judseo
676 4788 812 4829 cum
845 4788 911 4828 eo
942 4770 1120 4828 electo
1151 4788 1219 4827 ex
1239 4771 1458 4826 Judaeis
1489 4768 1665 4825 Paulo
1690 4786 1703 4824 :
1730 4770 1978 4828 Christus

325 4860 502 4931 factus
527 4869 605 4917 est
633 4876 733 4932 pro
748 4863 907 4917 nobis
936 4860 1190 4916 obediens
1219 4876 1389 4931 usque
1407 4858 1477 4914 ad
1497 4867 1736 4915 mortem
1755 4860 1977 4925 Crucis;

326 4947 529 5019 gentili
557 4965 689 5005 vero
717 4950 788 5007 de
819 4948 979 5006 inani
1011 4948 1257 5005 scientia
1286 4946 1557 5020 glorianti
1592 4965 1604 5003 :
1638 4947 1800 5003 Nihil
1818 4948 1977 5020 judi-

324 5052 515 5092 camus
541 5053 638 5092 uos
667 5038 809 5094 scire
836 5038 983 5093 inter
1012 5053 1121 5100 vos,
1154 5037 1269 5092 nisi
1304 5038 1512 5103 Iesum,
1546 5043 1597 5093 et
1624 5036 1770 5092 hunc
1796 5040 1974 5095 eruci-

322 5125 518 5196 ﬁxum,
537 5127 797 5198 quoniam
832 5134 1050 5197 propter
1089 5126 1189 5180 hoc
1236 5124 1500 5181 exultavit
1546 5125 1710 5183 illum
1738 5127 1898 5192 Deus,
1927 5134 1979 5184 et

321 5212 469 5283 dedit
498 5214 589 5269 itii
615 5230 813 5270 nomen
841 5212 982 5287 quod
1020 5221 1100 5268 est
1141 5229 1304 5284 super
1350 5228 1508 5269 omne
1550 5231 1767 5281 nomen,
1801 5223 1862 5270 ut
1916 5216 1976 5271 in

320 5303 543 5359 nomine
572 5304 746 5376 ipsius
775 5318 934 5359 omne
953 5318 1095 5373 genu
1121 5303 1410 5371 ﬂectatur;
1439 5302 1792 5361 humilitatis
1817 5304 1974 5361 enim

320 5390 458 5450 ﬁnis
488 5390 761 5450 exultatio
794 5394 902 5458 est,
927 5390 1081 5448 sicut
1111 5390 1503 5464 superbientis
1534 5408 1727 5450 casus.

945 5478 1177 5537 CAPUT
1216 5478 1359 5537 XVI.

388 5568 670 5644 Inclinato
684 5584 823 5647 ergo
841 5568 994 5647 Rege
1004 5569 1343 5631 Judaaorum
1361 5572 1418 5629 et
1431 5567 1784 5648 gentium,et
1798 5570 1972 5647 modo

2113 3262 2250 3326 tuis,
2276 3261 2371 3334 qui
2400 3266 2561 3317 sanat
2590 3274 2771 3313 omnes
2819 3257 3169 3328 inﬁrmitates
3219 3263 3363 3326 tuas,
3393 3256 3491 3327 qui
3538 3253 3761 3311 redimit

2107 3352 2276 3406 etiam
2304 3348 2370 3404 de
2416 3348 2641 3403 interitu
2682 3348 2854 3402 vitam
2889 3354 3059 3401 tuum.
3084 3345 3156 3401 Ut
3183 3344 3340 3401 enim
3383 3342 3539 3413 velit,
3564 3342 3759 3416 propi-

2107 3438 2282 3496 tiator
2302 3441 2418 3505 est;
2456 3440 2522 3492 ut
2551 3435 2758 3509 possit,
2785 3434 3100 3504 Dominus;
3125 3433 3225 3507 qui
3261 3433 3520 3507 potentia
3558 3449 3666 3488 sua
3697 3432 3759 3489 in

2107 3525 2405 3585 suscitatis
2438 3523 2688 3583 mortuis
2718 3542 2862 3584 usus
2902 3530 3009 3581 est.
3035 3529 3099 3579 ut
3147 3523 3302 3595 quod
3335 3522 3524 3579 cernis
3548 3522 3606 3577 in
3635 3524 3759 3583 toto

2105 3616 2342 3673 homine
2388 3615 2630 3682 factum,
2655 3614 2715 3670 in
2761 3617 2924 3686 parte
2956 3629 3126 3685 posse
3158 3612 3283 3668 ﬁeri
3315 3628 3428 3667 non
3462 3612 3759 3683 desperes,

2104 3705 2320 3760 idcirco
2351 3703 2410 3759 in
2443 3702 2645 3775 paucis
2668 3707 2732 3758 ut
2761 3706 3077 3774 antequam
3110 3699 3421 3757 tumuleris
3445 3699 3755 3773 acceleres.

2103 3795 2219 3851 Nec
2251 3795 2324 3849 de
2351 3791 2699 3864 indignitate
2718 3789 2808 3846 vel
2842 3790 3181 3846 inﬁrmitate
3204 3808 3312 3846 sua
3334 3792 3554 3845 metuat
3576 3789 3759 3845 miser

2100 3881 2445 3956 homo,quia
2474 3880 2674 3936 nullus
2696 3879 2977 3935 accedens
3010 3877 3290 3950 indignus
3312 3876 3506 3934 sanari
3524 3877 3758 3952 videtur

2102 3973 2238 4040 Deo,
2273 3971 2394 4043 qni,
2430 3974 2495 4025 ut
2524 3986 2728 4026 omnes
2759 3985 3061 4025 accessum
3103 3968 3358 4023 habeant
3408 3968 3480 4024 ad
3529 3966 3750 4040 ipsum,

2100 4058 2378 4131 dignatus
2404 4061 2495 4121 est
2525 4055 2649 4112 ﬁeri
2707 4073 2930 4128 pauper
2959 4055 3154 4110 homo.
3187 4059 3318 4110 Haec
3364 4060 3453 4111 est
3480 4054 3753 4113 voluntas

2102 4146 2307 4215 Patris,
2332 4146 2453 4201 haec
2506 4149 2596 4203 est
2651 4145 2985 4202 obedientia
3038 4143 3271 4212 Filii,nt
3326 4143 3387 4198 in
3443 4147 3754 4216 assumpta

2100 4252 2274 4295 carne
2321 4234 2716 4291 humilitatem
2771 4251 2969 4290 veram
3027 4237 3085 4290 et
3140 4237 3544 4306 spontaneam,
3577 4231 3752 4304 cujus

2102 4322 2370 4399 specialis
2410 4325 2613 4381 doctor
2661 4324 2989 4391 advenerat,
3015 4323 3298 4390 edoceret,
3320 4326 3381 4389 et
3425 4312 3750 4396 superbum

2100 4414 2401 4481 hominem
2432 4413 2659 4473 ebrium
2682 4411 2850 4468 vanis
2873 4412 3100 4484 mundi,
3123 4416 3180 4468 et
3208 4410 3360 4467 inter
3387 4409 3752 4489 corruptelas

2098 4501 2704 4576 concupiscentiarum
2762 4500 3086 4558 carnalium
3137 4499 3505 4572 delirantem,
3551 4500 3625 4573 ad
3686 4516 3753 4558 se

2095 4593 2292 4666 ipsum
2323 4591 2644 4647 reduceret.
2669 4590 2786 4649 Hoc
2820 4590 2938 4664 egit
2967 4589 3239 4647 nativitas
3288 4590 3360 4645 de
3403 4604 3662 4663 paupere
3692 4593 3754 4651 et

2087 4680 2296 4738 humili
2326 4679 2571 4752 virgine,
2597 4680 2707 4737 hoc
2756 4679 2991 4753 angusti
3042 4678 3321 4753 praesepis
3371 4676 3604 4751 Positio,
3635 4677 3750 4735 hoc

2088 4768 2552 4827 circumcisionis
2583 4773 2641 4824 et
2668 4768 2979 4825 oblationis
3009 4767 3213 4845 legalis
3254 4765 3615 4842 perfunctio,
3634 4765 3750 4823 hoc

2087 4857 2379 4931 susceptio
2403 4856 2679 4929 baptismi
2703 4875 2735 4912 a
2759 4858 3140 4925 Praecursore,
3156 4862 3214 4913 et
3231 4855 3471 4930 maligni
3495 4852 3749 4929 spiritus

2085 4964 2455 5020 congressus,
2480 4951 2657 5018 atque
2679 4945 2896 5018 jejunii
2925 4944 3336 5013 sanctiﬁcatio,
3361 4949 3418 5002 et
3447 4948 3748 5017 postremo

2085 5036 2286 5093 electio
2318 5032 2910 5108 discip,ulorum,quae
2941 5034 3022 5097 ita
3053 5034 3175 5091 solo
3204 5036 3469 5107 respectu
3501 5031 3749 5089 humili-

2084 5126 2316 5195 tatis,et
2341 5124 2645 5180 charitatis
2695 5124 2847 5180 facta
2877 5128 2985 5191 est,
3012 5129 3075 5179 ut
3125 5121 3317 5183 omnis
3365 5119 3748 5195 superbiendi

2083 5215 2309 5273 occasio
2340 5215 2411 5271 de
2443 5213 2804 5287 discipulatu
2864 5230 2970 5269 suo
3028 5212 3266 5287 penitus
3312 5214 3743 5286 amputaretur,

2083 5321 2217 5361 cum
2257 5302 2342 5360 illi
2385 5302 2675 5377 praecipue
2705 5300 2875 5359 electi
2907 5300 3046 5371 sint,
3067 5300 3169 5374 qui
3200 5316 3572 5373 nequaquam
3601 5314 3747 5373 pos.-

2082 5397 2213 5461 sent
2243 5393 2314 5450 de
2344 5390 2730 5465 dignitatibus
2759 5389 2981 5459 relictis
3022 5390 3141 5447 sive
3172 5389 3391 5455 divitiis
3422 5387 3747 5467 aliquando

2081 5480 2339 5556 gloriari.
2365 5481 2429 5537 In
2459 5498 2575 5554 quo
2621 5481 2798 5547 etiam
2830 5496 3047 5554 magna
3073 5477 3342 5553 eligentis
3375 5475 3750 5553 providentia

2082 5573 2321 5632 cautum
2349 5572 2438 5630 est
2466 5585 2538 5628 ne
2568 5569 2859 5629 consortio
2888 5569 3155 5655 ejusdem
3186 5566 3393 5659 gratiae
3422 5564 3572 5627 alios
3599 5582 3744 5645 pro-
