  <div class='ocr_page' id='page_1' title='image "/cluster/home/n/w/nwhite01/storage/ocr_20150623/155/hvd.32044054760137/086.png"; bbox 0 0 3942 6056; ppageno 0'>
   <div class='ocr_carea' id='block_1_1' title="bbox 161 238 285 295">
    <p class='ocr_par' dir='ltr' id='par_1_1' title="bbox 161 238 285 295">
     <span class='ocr_line' id='line_1_1' title="bbox 161 238 285 295; baseline 0 0"><span class='ocrx_word' id='word_1_1' title='bbox 161 238 285 295; x_wconf 66' lang='lat'><strong>465</strong></span> 
     </span>
    </p>
   </div>
   <div class='ocr_carea' id='block_1_2' title="bbox 1270 234 2484 299">
    <p class='ocr_par' dir='ltr' id='par_1_2' title="bbox 1270 234 2484 299">
     <span class='ocr_line' id='line_1_2' title="bbox 1270 234 2484 299; baseline 0.002 -7"><span class='ocrx_word' id='word_1_2' title='bbox 1270 234 1542 296; x_wconf 83' lang='lat' dir='ltr'><strong>()PUSC.</strong></span> <span class='ocrx_word' id='word_1_3' title='bbox 1591 235 1900 295; x_wconf 79' lang='lat' dir='ltr'><strong>CONTRA</strong></span> <span class='ocrx_word' id='word_1_4' title='bbox 1946 235 2484 299; x_wconf 86' lang='lat' dir='ltr'><strong>WOLFELMUM.</strong></span> 
     </span>
    </p>
   </div>
   <div class='ocr_carea' id='block_1_3' title="bbox 3465 240 3581 299">
    <p class='ocr_par' dir='ltr' id='par_1_3' title="bbox 3465 240 3581 299">
     <span class='ocr_line' id='line_1_3' title="bbox 3465 240 3581 299; baseline 0 -1"><span class='ocrx_word' id='word_1_5' title='bbox 3465 240 3581 299; x_wconf 77' lang='grc'><strong>166</strong></span> 
     </span>
    </p>
   </div>
   <div class='ocr_carea' id='block_1_4' title="bbox 161 366 3583 444">
    <p class='ocr_par' dir='ltr' id='par_1_4' title="bbox 161 366 3583 444">
     <span class='ocr_line' id='line_1_4' title="bbox 161 366 3583 444; baseline 0.001 -20"><span class='ocrx_word' id='word_1_6' title='bbox 161 373 302 444; x_wconf 80' lang='lat' dir='ltr'><strong>pter</strong></span> <span class='ocrx_word' id='word_1_7' title='bbox 325 373 694 428; x_wconf 79' lang='lat' dir='ltr'><strong>terrenarum</strong></span> <span class='ocrx_word' id='word_1_8' title='bbox 715 367 1051 442; x_wconf 79' lang='lat' dir='ltr'><strong>pauperiem</strong></span> <span class='ocrx_word' id='word_1_9' title='bbox 1079 366 1354 439; x_wconf 87' lang='lat' dir='ltr'><strong>indignos</strong></span> <span class='ocrx_word' id='word_1_10' title='bbox 1377 366 1820 433; x_wconf 82' lang='lat' dir='ltr'><strong>arbitrarentur,</strong></span> <span class='ocrx_word' id='word_1_11' title='bbox 1855 370 1902 435; x_wconf 83' lang='grc' dir='ltr'>Α</span> <span class='ocrx_word' id='word_1_12' title='bbox 1939 369 2056 425; x_wconf 87' lang='lat' dir='ltr'><strong>Hoc</strong></span> <span class='ocrx_word' id='word_1_13' title='bbox 2084 369 2218 425; x_wconf 90' lang='lat' dir='ltr'><strong>licet</strong></span> <span class='ocrx_word' id='word_1_14' title='bbox 2250 373 2384 426; x_wconf 83' lang='lat' dir='ltr'><strong>ante</strong></span> <span class='ocrx_word' id='word_1_15' title='bbox 2415 368 2898 431; x_wconf 82' lang='lat' dir='ltr'><strong>resurrectionem</strong></span> <span class='ocrx_word' id='word_1_16' title='bbox 2943 368 3273 425; x_wconf 85' lang='lat' dir='ltr'><strong>immortale</strong></span> <span class='ocrx_word' id='word_1_17' title='bbox 3302 373 3494 428; x_wconf 86' lang='lat' dir='ltr'><strong>tamen</strong></span> <span class='ocrx_word' id='word_1_18' title='bbox 3524 377 3583 430; x_wconf 88' lang='lat' dir='ltr'><strong>et</strong></span> 
     </span>
    </p>
   </div>
   <div class='ocr_carea' id='block_1_5' title="bbox 161 456 1826 532">
    <p class='ocr_par' dir='ltr' id='par_1_5' title="bbox 161 456 1826 532">
     <span class='ocr_line' id='line_1_5' title="bbox 161 456 1826 532; baseline 0 -19"><span class='ocrx_word' id='word_1_19' title='bbox 161 458 226 513; x_wconf 88' lang='lat' dir='ltr'><strong>in</strong></span> <span class='ocrx_word' id='word_1_20' title='bbox 252 459 469 530; x_wconf 85' lang='lat' dir='ltr'><strong>quibus</strong></span> <span class='ocrx_word' id='word_1_21' title='bbox 491 459 566 514; x_wconf 91' lang='lat' dir='ltr'><strong>de</strong></span> <span class='ocrx_word' id='word_1_22' title='bbox 589 459 852 516; x_wconf 87' lang='lat' dir='ltr'><strong>humana</strong></span> <span class='ocrx_word' id='word_1_23' title='bbox 872 458 1059 532; x_wconf 80' lang='lat' dir='ltr'><strong>gloria</strong></span> <span class='ocrx_word' id='word_1_24' title='bbox 1076 456 1221 515; x_wconf 83' lang='lat' dir='ltr'>nihil</span> <span class='ocrx_word' id='word_1_25' title='bbox 1241 457 1543 516; x_wconf 90' lang='lat' dir='ltr'><strong>inventum</strong></span> <span class='ocrx_word' id='word_1_26' title='bbox 1564 463 1652 516; x_wconf 89' lang='lat' dir='ltr'><strong>est</strong></span> <span class='ocrx_word' id='word_1_27' title='bbox 1674 458 1826 513; x_wconf 89' lang='lat' dir='ltr'><strong>unde</strong></span> 
     </span>
    </p>
   </div>
   <div class='ocr_carea' id='block_1_6' title="bbox 164 546 728 620">
    <p class='ocr_par' dir='ltr' id='par_1_6' title="bbox 164 546 728 620">
     <span class='ocr_line' id='line_1_6' title="bbox 164 546 728 620; baseline -0.004 -16"><span class='ocrx_word' id='word_1_28' title='bbox 164 546 308 620; x_wconf 84' lang='lat' dir='ltr'>eligi</span> <span class='ocrx_word' id='word_1_29' title='bbox 341 553 728 603; x_wconf 84' lang='lat' dir='ltr'><strong>mererentur.</strong></span> 
     </span>
    </p>
   </div>
   <div class='ocr_carea' id='block_1_7' title="bbox 788 634 1225 691">
    <p class='ocr_par' dir='ltr' id='par_1_7' title="bbox 788 634 1225 691">
     <span class='ocr_line' id='line_1_7' title="bbox 788 634 1225 691; baseline 0.005 -2"><span class='ocrx_word' id='word_1_30' title='bbox 788 634 1019 690; x_wconf 79' lang='lat' dir='ltr'><strong>CAPUT</strong></span> <span class='ocrx_word' id='word_1_31' title='bbox 1057 634 1225 691; x_wconf 80' lang='lat' dir='ltr'><strong>XVII.</strong></span> 
     </span>
    </p>
   </div>
   <div class='ocr_carea' id='block_1_8' title="bbox 237 723 1827 796">
    <p class='ocr_par' dir='ltr' id='par_1_8' title="bbox 237 723 1827 796">
     <span class='ocr_line' id='line_1_8' title="bbox 237 723 1827 796; baseline -0.001 -16"><span class='ocrx_word' id='word_1_32' title='bbox 237 723 589 780; x_wconf 69' lang='lat' dir='ltr'><strong>Assumitur</strong></span> <span class='ocrx_word' id='word_1_33' title='bbox 631 728 907 796; x_wconf 80' lang='lat' dir='ltr'><strong>praeterea</strong></span> <span class='ocrx_word' id='word_1_34' title='bbox 963 724 1162 779; x_wconf 86' lang='lat' dir='ltr'>Simon</span> <span class='ocrx_word' id='word_1_35' title='bbox 1216 725 1484 796; x_wconf 88' lang='lat' dir='ltr'><strong>Barjona,</strong></span> <span class='ocrx_word' id='word_1_36' title='bbox 1535 725 1827 782; x_wconf 84' lang='lat' dir='ltr'><strong>mansueti</strong></span> 
     </span>
    </p>
   </div>
   <div class='ocr_carea' id='block_1_9' title="bbox 167 812 1831 888">
    <p class='ocr_par' dir='ltr' id='par_1_9' title="bbox 167 812 1831 888">
     <span class='ocr_line' id='line_1_9' title="bbox 167 812 1831 888; baseline 0.001 -19"><span class='ocrx_word' id='word_1_37' title='bbox 167 818 495 869; x_wconf 82' lang='lat' dir='ltr'><strong>conventus</strong></span> <span class='ocrx_word' id='word_1_38' title='bbox 517 812 926 885; x_wconf 86' lang='lat' dir='ltr'><strong>magister,qui</strong></span> <span class='ocrx_word' id='word_1_39' title='bbox 952 813 1328 885; x_wconf 85' lang='lat' dir='ltr'><strong>praerogativa</strong></span> <span class='ocrx_word' id='word_1_40' title='bbox 1349 813 1742 888; x_wconf 84' lang='lat' dir='ltr'><strong>simplicitatis</strong></span> <span class='ocrx_word' id='word_1_41' title='bbox 1773 818 1831 870; x_wconf 89' lang='lat' dir='ltr'><strong>et</strong></span> 
     </span>
    </p>
   </div>
   <div class='ocr_carea' id='block_1_10' title="bbox 167 900 1830 984">
    <p class='ocr_par' dir='ltr' id='par_1_10' title="bbox 167 900 1830 984">
     <span class='ocr_line' id='line_1_10' title="bbox 167 900 1830 984; baseline 0.001 -26"><span class='ocrx_word' id='word_1_42' title='bbox 167 901 391 958; x_wconf 83' lang='lat' dir='ltr'><strong>amoris</strong></span> <span class='ocrx_word' id='word_1_43' title='bbox 423 903 483 956; x_wconf 92' lang='lat' dir='ltr'><strong>in</strong></span> <span class='ocrx_word' id='word_1_44' title='bbox 518 901 820 959; x_wconf 82' lang='lat' dir='ltr'><strong>Christum</strong></span> <span class='ocrx_word' id='word_1_45' title='bbox 852 900 908 956; x_wconf 91' lang='lat' dir='ltr'><strong>in</strong></span> <span class='ocrx_word' id='word_1_46' title='bbox 941 901 1254 957; x_wconf 86' lang='lat' dir='ltr'><strong>sublimem</strong></span> <span class='ocrx_word' id='word_1_47' title='bbox 1287 901 1447 959; x_wconf 84' lang='lat' dir='ltr'>illam</span> <span class='ocrx_word' id='word_1_48' title='bbox 1477 903 1830 984; x_wconf 88' lang='lat' dir='ltr'><strong>speculatio-</strong></span> 
     </span>
    </p>
   </div>
   <div class='ocr_carea' id='block_1_11' title="bbox 165 992 1828 1064">
    <p class='ocr_par' dir='ltr' id='par_1_11' title="bbox 165 992 1828 1064">
     <span class='ocr_line' id='line_1_11' title="bbox 165 992 1828 1064; baseline 0.001 -17"><span class='ocrx_word' id='word_1_49' title='bbox 165 1009 305 1047; x_wconf 89' lang='lat' dir='ltr'><strong>nem</strong></span> <span class='ocrx_word' id='word_1_50' title='bbox 330 997 594 1057; x_wconf 90' lang='lat' dir='ltr'><strong>erectus,</strong></span> <span class='ocrx_word' id='word_1_51' title='bbox 625 1008 742 1046; x_wconf 90' lang='lat' dir='ltr'><strong>non</strong></span> <span class='ocrx_word' id='word_1_52' title='bbox 773 1007 946 1047; x_wconf 87' lang='lat' dir='ltr'><strong>carne</strong></span> <span class='ocrx_word' id='word_1_53' title='bbox 972 995 1026 1046; x_wconf 89' lang='lat' dir='ltr'><strong>et</strong></span> <span class='ocrx_word' id='word_1_54' title='bbox 1057 992 1362 1064; x_wconf 86' lang='lat' dir='ltr'><strong>sanguine,</strong></span> <span class='ocrx_word' id='word_1_55' title='bbox 1396 993 1496 1048; x_wconf 89' lang='lat' dir='ltr'><strong>sed</strong></span> <span class='ocrx_word' id='word_1_56' title='bbox 1541 993 1709 1048; x_wconf 88' lang='lat' dir='ltr'><strong>Patre</strong></span> <span class='ocrx_word' id='word_1_57' title='bbox 1739 992 1828 1050; x_wconf 89' lang='lat' dir='ltr'><strong>lu-</strong></span> 
     </span>
    </p>
   </div>
   <div class='ocr_carea' id='block_1_12' title="bbox 167 1079 1830 1153">
    <p class='ocr_par' dir='ltr' id='par_1_12' title="bbox 167 1079 1830 1153">
     <span class='ocr_line' id='line_1_12' title="bbox 167 1079 1830 1153; baseline 0.001 -16"><span class='ocrx_word' id='word_1_58' title='bbox 167 1083 401 1137; x_wconf 87' lang='lat' dir='ltr'><strong>minum</strong></span> <span class='ocrx_word' id='word_1_59' title='bbox 429 1079 748 1149; x_wconf 87' lang='lat' dir='ltr'><strong>revelante,</strong></span> <span class='ocrx_word' id='word_1_60' title='bbox 773 1097 979 1153; x_wconf 90' lang='lat' dir='ltr'><strong>puram</strong></span> <span class='ocrx_word' id='word_1_61' title='bbox 1004 1081 1072 1135; x_wconf 91' lang='lat' dir='ltr'><strong>de</strong></span> <span class='ocrx_word' id='word_1_62' title='bbox 1089 1079 1382 1137; x_wconf 88' lang='lat' dir='ltr'><strong>Salvatore</strong></span> <span class='ocrx_word' id='word_1_63' title='bbox 1406 1081 1830 1138; x_wconf 80' lang='lat' dir='ltr'><strong>confessionem</strong></span> 
     </span>
    </p>
   </div>
   <div class='ocr_carea' id='block_1_13' title="bbox 174 1168 1836 1242">
    <p class='ocr_par' dir='ltr' id='par_1_13' title="bbox 174 1168 1836 1242">
     <span class='ocr_line' id='line_1_13' title="bbox 174 1168 1836 1242; baseline 0.001 -15"><span class='ocrx_word' id='word_1_64' title='bbox 174 1178 232 1227; x_wconf 87' lang='lat' dir='ltr'><strong>et</strong></span> <span class='ocrx_word' id='word_1_65' title='bbox 267 1169 569 1225; x_wconf 74' lang='lat' dir='ltr'><strong>universis</strong></span> <span class='ocrx_word' id='word_1_66' title='bbox 602 1168 874 1226; x_wconf 91' lang='lat' dir='ltr'><strong>ﬁdelibus</strong></span> <span class='ocrx_word' id='word_1_67' title='bbox 902 1169 1234 1234; x_wconf 88' lang='lat' dir='ltr'><strong>tenendam,</strong></span> <span class='ocrx_word' id='word_1_68' title='bbox 1255 1169 1492 1242; x_wconf 83' lang='lat' dir='ltr'>collegis</span> <span class='ocrx_word' id='word_1_69' title='bbox 1521 1170 1836 1229; x_wconf 80' lang='lat' dir='ltr'><strong>haesitanti-</strong></span> 
     </span>
    </p>
   </div>
   <div class='ocr_carea' id='block_1_14' title="bbox 167 1257 1834 1334">
    <p class='ocr_par' dir='ltr' id='par_1_14' title="bbox 167 1257 1834 1334">
     <span class='ocr_line' id='line_1_14' title="bbox 167 1257 1834 1334; baseline 0 -19"><span class='ocrx_word' id='word_1_70' title='bbox 167 1262 304 1322; x_wconf 90' lang='lat' dir='ltr'><strong>bus,</strong></span> <span class='ocrx_word' id='word_1_71' title='bbox 329 1258 554 1314; x_wconf 83' lang='lat' dir='ltr'><strong>festina</strong></span> <span class='ocrx_word' id='word_1_72' title='bbox 573 1257 950 1332; x_wconf 87' lang='lat' dir='ltr'><strong>responsione</strong></span> <span class='ocrx_word' id='word_1_73' title='bbox 973 1257 1334 1334; x_wconf 88' lang='lat' dir='ltr'>deprompsit</span> <span class='ocrx_word' id='word_1_74' title='bbox 1357 1275 1371 1315; x_wconf 88' lang='lat'><strong>:</strong></span> <span class='ocrx_word' id='word_1_75' title='bbox 1400 1261 1473 1316; x_wconf 84' lang='lat' dir='ltr'><strong>Tu</strong></span> <span class='ocrx_word' id='word_1_76' title='bbox 1501 1277 1557 1315; x_wconf 81' lang='lat' dir='ltr'><strong>es</strong></span> <span class='ocrx_word' id='word_1_77' title='bbox 1587 1260 1834 1316; x_wconf 66' lang='lat' dir='ltr'><strong>Christus</strong></span> 
     </span>
    </p>
   </div>
   <div class='ocr_carea' id='block_1_15' title="bbox 168 1347 1833 1418">
    <p class='ocr_par' dir='ltr' id='par_1_15' title="bbox 168 1347 1833 1418">
     <span class='ocr_line' id='line_1_15' title="bbox 168 1347 1833 1418; baseline 0 -14"><span class='ocrx_word' id='word_1_78' title='bbox 168 1352 354 1412; x_wconf 76' lang='lat' dir='ltr'><strong>Filia:</strong></span> <span class='ocrx_word' id='word_1_79' title='bbox 384 1350 498 1404; x_wconf 82' lang='lat' dir='ltr'><strong>Dei</strong></span> <span class='ocrx_word' id='word_1_80' title='bbox 524 1349 658 1415; x_wconf 84' lang='lat' dir='ltr'><strong>vivi,</strong></span> <span class='ocrx_word' id='word_1_81' title='bbox 690 1349 790 1418; x_wconf 85' lang='lat' dir='ltr'><strong>qui</strong></span> <span class='ocrx_word' id='word_1_82' title='bbox 818 1349 877 1404; x_wconf 84' lang='lat' dir='ltr'><strong>in</strong></span> <span class='ocrx_word' id='word_1_83' title='bbox 927 1347 1072 1402; x_wconf 85' lang='lat' dir='ltr'><strong>hunc</strong></span> <span class='ocrx_word' id='word_1_84' title='bbox 1127 1347 1394 1404; x_wconf 80' lang='lat' dir='ltr'><strong>mundum</strong></span> <span class='ocrx_word' id='word_1_85' title='bbox 1447 1351 1664 1405; x_wconf 72' lang='lat' dir='ltr'><strong>venisti.</strong></span> <span class='ocrx_word' id='word_1_86' title='bbox 1699 1349 1833 1404; x_wconf 91' lang='lat' dir='ltr'><strong>Pro-</strong></span> 
     </span>
    </p>
   </div>
   <div class='ocr_carea' id='block_1_16' title="bbox 172 1435 1834 1510">
    <p class='ocr_par' dir='ltr' id='par_1_16' title="bbox 172 1435 1834 1510">
     <span class='ocr_line' id='line_1_16' title="bbox 172 1435 1834 1510; baseline 0 -18"><span class='ocrx_word' id='word_1_87' title='bbox 172 1447 374 1510; x_wconf 85' lang='lat' dir='ltr'><strong>pterea</strong></span> <span class='ocrx_word' id='word_1_88' title='bbox 423 1443 549 1492; x_wconf 81' lang='lat' dir='ltr'>tam</span> <span class='ocrx_word' id='word_1_89' title='bbox 604 1435 958 1508; x_wconf 88' lang='lat' dir='ltr'><strong>perspicacis</strong></span> <span class='ocrx_word' id='word_1_90' title='bbox 1005 1435 1138 1491; x_wconf 90' lang='lat' dir='ltr'><strong>ﬁdei</strong></span> <span class='ocrx_word' id='word_1_91' title='bbox 1177 1435 1444 1492; x_wconf 90' lang='lat' dir='ltr'>soliditas</span> <span class='ocrx_word' id='word_1_92' title='bbox 1475 1438 1547 1494; x_wconf 92' lang='lat' dir='ltr'><strong>ab</strong></span> <span class='ocrx_word' id='word_1_93' title='bbox 1578 1437 1704 1510; x_wconf 88' lang='lat' dir='ltr'>ipso</span> <span class='ocrx_word' id='word_1_94' title='bbox 1732 1437 1834 1494; x_wconf 90' lang='lat' dir='ltr'><strong>Dei</strong></span> 
     </span>
    </p>
   </div>
   <div class='ocr_carea' id='block_1_17' title="bbox 175 1523 1834 1600">
    <p class='ocr_par' dir='ltr' id='par_1_17' title="bbox 175 1523 1834 1600">
     <span class='ocr_line' id='line_1_17' title="bbox 175 1523 1834 1600; baseline 0.001 -17"><span class='ocrx_word' id='word_1_95' title='bbox 175 1528 318 1584; x_wconf 77' lang='lat' dir='ltr'><strong>l-‘ilio</strong></span> <span class='ocrx_word' id='word_1_96' title='bbox 353 1526 814 1582; x_wconf 84' lang='lat' dir='ltr'><strong>fundamentum</strong></span> <span class='ocrx_word' id='word_1_97' title='bbox 847 1523 1112 1580; x_wconf 80' lang='lat' dir='ltr'><strong>Ecclesiae</strong></span> <span class='ocrx_word' id='word_1_98' title='bbox 1155 1524 1307 1582; x_wconf 85' lang='lat' dir='ltr'><strong>facta</strong></span> <span class='ocrx_word' id='word_1_99' title='bbox 1337 1531 1444 1592; x_wconf 91' lang='lat' dir='ltr'><strong>est,</strong></span> <span class='ocrx_word' id='word_1_100' title='bbox 1474 1544 1650 1600; x_wconf 88' lang='lat' dir='ltr'><strong>super</strong></span> <span class='ocrx_word' id='word_1_101' title='bbox 1679 1527 1834 1598; x_wconf 90' lang='lat' dir='ltr'><strong>quod</strong></span> 
     </span>
    </p>
   </div>
   <div class='ocr_carea' id='block_1_18' title="bbox 174 1613 1835 1687">
    <p class='ocr_par' dir='ltr' id='par_1_18' title="bbox 174 1613 1835 1687">
     <span class='ocr_line' id='line_1_18' title="bbox 174 1613 1835 1687; baseline 0.001 -15"><span class='ocrx_word' id='word_1_102' title='bbox 174 1618 356 1672; x_wconf 80' lang='lat' dir='ltr'><strong>totius</strong></span> <span class='ocrx_word' id='word_1_103' title='bbox 387 1613 625 1671; x_wconf 77' lang='lat' dir='ltr'><strong>aediﬁcii</strong></span> <span class='ocrx_word' id='word_1_104' title='bbox 656 1618 952 1668; x_wconf 84' lang='lat' dir='ltr'><strong>structura</strong></span> <span class='ocrx_word' id='word_1_105' title='bbox 982 1618 1381 1685; x_wconf 89' lang='lat' dir='ltr'><strong>consurgeret,</strong></span> <span class='ocrx_word' id='word_1_106' title='bbox 1399 1619 1456 1670; x_wconf 92' lang='lat' dir='ltr'><strong>et</strong></span> <span class='ocrx_word' id='word_1_107' title='bbox 1477 1614 1599 1687; x_wconf 88' lang='lat' dir='ltr'><strong>ipse</strong></span> <span class='ocrx_word' id='word_1_108' title='bbox 1632 1616 1835 1674; x_wconf 85' lang='lat' dir='ltr'><strong>Petrus</strong></span> 
     </span>
    </p>
   </div>
   <div class='ocr_carea' id='block_1_19' title="bbox 175 1702 1832 1776">
    <p class='ocr_par' dir='ltr' id='par_1_19' title="bbox 175 1702 1832 1776">
     <span class='ocr_line' id='line_1_19' title="bbox 175 1702 1832 1776; baseline -0.002 -14"><span class='ocrx_word' id='word_1_109' title='bbox 175 1707 372 1762; x_wconf 80' lang='lat' dir='ltr'><strong>divino</strong></span> <span class='ocrx_word' id='word_1_110' title='bbox 406 1704 747 1760; x_wconf 90' lang='lat' dir='ltr'><strong>testimonio</strong></span> <span class='ocrx_word' id='word_1_111' title='bbox 777 1703 985 1758; x_wconf 87' lang='lat' dir='ltr'><strong>beatus</strong></span> <span class='ocrx_word' id='word_1_112' title='bbox 1016 1703 1176 1773; x_wconf 83' lang='lat' dir='ltr'><strong>regni</strong></span> <span class='ocrx_word' id='word_1_113' title='bbox 1211 1702 1486 1760; x_wconf 72' lang='lat' dir='ltr'><strong>caelorum</strong></span> <span class='ocrx_word' id='word_1_114' title='bbox 1517 1703 1832 1776; x_wconf 76' lang='lat' dir='ltr'><strong>clavigera-</strong></span> 
     </span>
    </p>
   </div>
   <div class='ocr_carea' id='block_1_20' title="bbox 173 1769 1914 1864">
    <p class='ocr_par' dir='ltr' id='par_1_20' title="bbox 173 1769 1914 1864">
     <span class='ocr_line' id='line_1_20' title="bbox 173 1769 1914 1864; baseline -0.003 -12"><span class='ocrx_word' id='word_1_115' title='bbox 173 1801 300 1852; x_wconf 86' lang='lat' dir='ltr'><strong>tum</strong></span> <span class='ocrx_word' id='word_1_116' title='bbox 335 1794 624 1864; x_wconf 87' lang='lat' dir='ltr'><strong>suscepit,</strong></span> <span class='ocrx_word' id='word_1_117' title='bbox 659 1795 821 1848; x_wconf 87' lang='lat' dir='ltr'><strong>tanta</strong></span> <span class='ocrx_word' id='word_1_118' title='bbox 853 1769 1212 1863; x_wconf 78' lang='lat' dir='ltr'><strong>plenitudine</strong></span> <span class='ocrx_word' id='word_1_119' title='bbox 1239 1793 1563 1863; x_wconf 88' lang='lat' dir='ltr'>potestatis,</span> <span class='ocrx_word' id='word_1_120' title='bbox 1591 1769 1836 1863; x_wconf 56' lang='lat' dir='ltr'><strong>utvquod</strong></span> <span class='ocrx_word' id='word_1_121' title='bbox 1869 1769 1914 1833; x_wconf 77' lang='grc' dir='ltr'>Β</span> 
     </span>
    </p>
   </div>
   <div class='ocr_carea' id='block_1_21' title="bbox 173 1880 1836 1956">
    <p class='ocr_par' dir='ltr' id='par_1_21' title="bbox 173 1880 1836 1956">
     <span class='ocr_line' id='line_1_21' title="bbox 173 1880 1836 1956; baseline -0.002 -18"><span class='ocrx_word' id='word_1_122' title='bbox 173 1883 468 1956; x_wconf 79' lang='lat' dir='ltr'><strong>ligaverit,</strong></span> <span class='ocrx_word' id='word_1_123' title='bbox 502 1881 774 1953; x_wconf 85' lang='lat' dir='ltr'><strong>ligatum,</strong></span> <span class='ocrx_word' id='word_1_124' title='bbox 808 1887 863 1936; x_wconf 89' lang='lat' dir='ltr'><strong>et</strong></span> <span class='ocrx_word' id='word_1_125' title='bbox 896 1881 1047 1953; x_wconf 88' lang='lat' dir='ltr'><strong>quod</strong></span> <span class='ocrx_word' id='word_1_126' title='bbox 1090 1880 1343 1947; x_wconf 84' lang='lat' dir='ltr'><strong>solverit,</strong></span> <span class='ocrx_word' id='word_1_127' title='bbox 1379 1880 1637 1937; x_wconf 88' lang='lat' dir='ltr'><strong>solutum</strong></span> <span class='ocrx_word' id='word_1_128' title='bbox 1670 1881 1744 1936; x_wconf 89' lang='lat' dir='ltr'>sit</span> <span class='ocrx_word' id='word_1_129' title='bbox 1778 1881 1836 1936; x_wconf 90' lang='lat' dir='ltr'><strong>in</strong></span> 
     </span>
    </p>
   </div>
   <div class='ocr_carea' id='block_1_22' title="bbox 173 1969 1836 2044">
    <p class='ocr_par' dir='ltr' id='par_1_22' title="bbox 173 1969 1836 2044">
     <span class='ocr_line' id='line_1_22' title="bbox 173 1969 1836 2044; baseline -0.001 -16"><span class='ocrx_word' id='word_1_130' title='bbox 173 1974 337 2028; x_wconf 77' lang='lat' dir='ltr'><strong>costis</strong></span> <span class='ocrx_word' id='word_1_131' title='bbox 367 1971 591 2044; x_wconf 88' lang='lat' dir='ltr'><strong>pariter</strong></span> <span class='ocrx_word' id='word_1_132' title='bbox 610 1977 667 2026; x_wconf 92' lang='lat' dir='ltr'><strong>et</strong></span> <span class='ocrx_word' id='word_1_133' title='bbox 691 1970 750 2024; x_wconf 94' lang='lat' dir='ltr'><strong>in</strong></span> <span class='ocrx_word' id='word_1_134' title='bbox 773 1969 962 2025; x_wconf 90' lang='lat' dir='ltr'><strong>terris.</strong></span> <span class='ocrx_word' id='word_1_135' title='bbox 989 1969 1233 2024; x_wconf 84' lang='lat' dir='ltr'><strong>Proinde</strong></span> <span class='ocrx_word' id='word_1_136' title='bbox 1259 1969 1398 2042; x_wconf 86' lang='lat' dir='ltr'><strong>quia</strong></span> <span class='ocrx_word' id='word_1_137' title='bbox 1429 1969 1836 2026; x_wconf 88' lang='lat' dir='ltr'><strong>revelationem</strong></span> 
     </span>
    </p>
   </div>
   <div class='ocr_carea' id='block_1_23' title="bbox 174 2057 1837 2130">
    <p class='ocr_par' dir='ltr' id='par_1_23' title="bbox 174 2057 1837 2130">
     <span class='ocr_line' id='line_1_23' title="bbox 174 2057 1837 2130; baseline -0.001 -15"><span class='ocrx_word' id='word_1_138' title='bbox 174 2060 339 2115; x_wconf 80' lang='lat' dir='ltr'>illam</span> <span class='ocrx_word' id='word_1_139' title='bbox 378 2060 438 2113; x_wconf 88' lang='lat' dir='ltr'><strong>in</strong></span> <span class='ocrx_word' id='word_1_140' title='bbox 475 2058 642 2114; x_wconf 89' lang='lat' dir='ltr'><strong>Petro</strong></span> <span class='ocrx_word' id='word_1_141' title='bbox 692 2061 862 2113; x_wconf 87' lang='lat' dir='ltr'><strong>Pater</strong></span> <span class='ocrx_word' id='word_1_142' title='bbox 908 2057 1060 2117; x_wconf 89' lang='lat' dir='ltr'><strong>Deus</strong></span> <span class='ocrx_word' id='word_1_143' title='bbox 1108 2074 1211 2130; x_wconf 89' lang='lat' dir='ltr'><strong>per</strong></span> <span class='ocrx_word' id='word_1_144' title='bbox 1253 2057 1536 2130; x_wconf 85' lang='lat' dir='ltr'><strong>Spiritum</strong></span> <span class='ocrx_word' id='word_1_145' title='bbox 1569 2064 1837 2115; x_wconf 88' lang='lat' dir='ltr'><strong>sanctum</strong></span> 
     </span>
    </p>
   </div>
   <div class='ocr_carea' id='block_1_24' title="bbox 177 2144 1841 2222">
    <p class='ocr_par' dir='ltr' id='par_1_24' title="bbox 177 2144 1841 2222">
     <span class='ocr_line' id='line_1_24' title="bbox 177 2144 1841 2222; baseline -0.001 -18"><span class='ocrx_word' id='word_1_146' title='bbox 177 2150 338 2216; x_wconf 85' lang='lat' dir='ltr'><strong>fecit,</strong></span> <span class='ocrx_word' id='word_1_147' title='bbox 371 2147 462 2203; x_wconf 84' lang='lat' dir='ltr'><strong>vis</strong></span> <span class='ocrx_word' id='word_1_148' title='bbox 505 2146 836 2212; x_wconf 83' lang='lat' dir='ltr'>solutionis,</span> <span class='ocrx_word' id='word_1_149' title='bbox 869 2150 926 2201; x_wconf 86' lang='lat' dir='ltr'><strong>et</strong></span> <span class='ocrx_word' id='word_1_150' title='bbox 985 2144 1190 2202; x_wconf 88' lang='lat' dir='ltr'><strong>collata</strong></span> <span class='ocrx_word' id='word_1_151' title='bbox 1248 2151 1529 2220; x_wconf 84' lang='lat' dir='ltr'><strong>potestas,</strong></span> <span class='ocrx_word' id='word_1_152' title='bbox 1590 2165 1714 2222; x_wconf 67' lang='lat' dir='ltr'><strong>quae</strong></span> <span class='ocrx_word' id='word_1_153' title='bbox 1772 2167 1841 2204; x_wconf 83' lang='lat' dir='ltr'><strong>ex</strong></span> 
     </span>
    </p>
   </div>
   <div class='ocr_carea' id='block_1_25' title="bbox 177 2233 1838 2301">
    <p class='ocr_par' dir='ltr' id='par_1_25' title="bbox 177 2233 1838 2301">
     <span class='ocr_line' id='line_1_25' title="bbox 177 2233 1838 2301; baseline -0.001 -7"><span class='ocrx_word' id='word_1_154' title='bbox 177 2239 392 2294; x_wconf 86' lang='lat' dir='ltr'><strong>merito</strong></span> <span class='ocrx_word' id='word_1_155' title='bbox 427 2235 817 2292; x_wconf 82' lang='lat' dir='ltr'><strong>confessionis</strong></span> <span class='ocrx_word' id='word_1_156' title='bbox 865 2233 1182 2301; x_wconf 86' lang='lat' dir='ltr'><strong>descendit,</strong></span> <span class='ocrx_word' id='word_1_157' title='bbox 1214 2237 1537 2292; x_wconf 87' lang='lat' dir='ltr'><strong>secundum</strong></span> <span class='ocrx_word' id='word_1_158' title='bbox 1598 2237 1838 2292; x_wconf 89' lang='lat' dir='ltr'><strong>interio-</strong></span> 
     </span>
    </p>
   </div>
   <div class='ocr_carea' id='block_1_26' title="bbox 178 2325 1838 2398">
    <p class='ocr_par' dir='ltr' id='par_1_26' title="bbox 178 2325 1838 2398">
     <span class='ocr_line' id='line_1_26' title="bbox 178 2325 1838 2398; baseline -0.001 -14"><span class='ocrx_word' id='word_1_159' title='bbox 178 2347 303 2384; x_wconf 87' lang='lat' dir='ltr'><strong>rem</strong></span> <span class='ocrx_word' id='word_1_160' title='bbox 359 2327 621 2382; x_wconf 77' lang='lat' dir='ltr'><strong>maxime</strong></span> <span class='ocrx_word' id='word_1_161' title='bbox 676 2325 1057 2398; x_wconf 78' lang='lat' dir='ltr'><strong>expendenda</strong></span> <span class='ocrx_word' id='word_1_162' title='bbox 1094 2331 1200 2392; x_wconf 87' lang='lat' dir='ltr'><strong>est,</strong></span> <span class='ocrx_word' id='word_1_163' title='bbox 1237 2342 1412 2396; x_wconf 86' lang='lat' dir='ltr'><strong>quam</strong></span> <span class='ocrx_word' id='word_1_164' title='bbox 1447 2325 1691 2397; x_wconf 86' lang='lat' dir='ltr'><strong>experiri</strong></span> <span class='ocrx_word' id='word_1_165' title='bbox 1724 2344 1838 2382; x_wconf 90' lang='lat' dir='ltr'><strong>non</strong></span> 
     </span>
    </p>
   </div>
   <div class='ocr_carea' id='block_1_27' title="bbox 177 2413 1838 2491">
    <p class='ocr_par' dir='ltr' id='par_1_27' title="bbox 177 2413 1838 2491">
     <span class='ocr_line' id='line_1_27' title="bbox 177 2413 1838 2491; baseline -0.002 -17"><span class='ocrx_word' id='word_1_166' title='bbox 177 2423 374 2491; x_wconf 86' lang='lat' dir='ltr'><strong>potest</strong></span> <span class='ocrx_word' id='word_1_167' title='bbox 407 2415 525 2472; x_wconf 87' lang='lat' dir='ltr'><strong>nisi</strong></span> <span class='ocrx_word' id='word_1_168' title='bbox 559 2415 658 2486; x_wconf 89' lang='lat' dir='ltr'><strong>qui</strong></span> <span class='ocrx_word' id='word_1_169' title='bbox 689 2413 824 2470; x_wconf 91' lang='lat' dir='ltr'><strong>ﬁdei</strong></span> <span class='ocrx_word' id='word_1_170' title='bbox 856 2413 1089 2470; x_wconf 88' lang='lat' dir='ltr'><strong>oculum</strong></span> <span class='ocrx_word' id='word_1_171' title='bbox 1147 2414 1466 2477; x_wconf 85' lang='lat' dir='ltr'><strong>adhibebit,</strong></span> <span class='ocrx_word' id='word_1_172' title='bbox 1501 2433 1838 2488; x_wconf 88' lang='lat' dir='ltr'><strong>quanquam</strong></span> 
     </span>
    </p>
   </div>
   <div class='ocr_carea' id='block_1_28' title="bbox 176 2503 1839 2580">
    <p class='ocr_par' dir='ltr' id='par_1_28' title="bbox 176 2503 1839 2580">
     <span class='ocr_line' id='line_1_28' title="bbox 176 2503 1839 2580; baseline -0.002 -19"><span class='ocrx_word' id='word_1_173' title='bbox 176 2506 489 2580; x_wconf 84' lang='lat' dir='ltr'><strong>ligationis</strong></span> <span class='ocrx_word' id='word_1_174' title='bbox 548 2522 719 2576; x_wconf 76' lang='lat' dir='ltr'><strong>poma</strong></span> <span class='ocrx_word' id='word_1_175' title='bbox 776 2504 1070 2559; x_wconf 89' lang='lat' dir='ltr'><strong>interdum</strong></span> <span class='ocrx_word' id='word_1_176' title='bbox 1098 2503 1155 2558; x_wconf 91' lang='lat' dir='ltr'><strong>in</strong></span> <span class='ocrx_word' id='word_1_177' title='bbox 1187 2504 1567 2575; x_wconf 89' lang='lat' dir='ltr'><strong>quibusdam,</strong></span> <span class='ocrx_word' id='word_1_178' title='bbox 1600 2504 1752 2561; x_wconf 88' lang='lat' dir='ltr'><strong>sicut</strong></span> <span class='ocrx_word' id='word_1_179' title='bbox 1780 2504 1839 2559; x_wconf 91' lang='lat' dir='ltr'><strong>in</strong></span> 
     </span>
    </p>
   </div>
   <div class='ocr_carea' id='block_1_29' title="bbox 177 2591 1841 2664">
    <p class='ocr_par' dir='ltr' id='par_1_29' title="bbox 177 2591 1841 2664">
     <span class='ocr_line' id='line_1_29' title="bbox 177 2591 1841 2664; baseline -0.002 -12"><span class='ocrx_word' id='word_1_180' title='bbox 177 2595 405 2652; x_wconf 80' lang='lat' dir='ltr'><strong>Anania</strong></span> <span class='ocrx_word' id='word_1_181' title='bbox 435 2601 497 2649; x_wconf 89' lang='lat' dir='ltr'><strong>et</strong></span> <span class='ocrx_word' id='word_1_182' title='bbox 526 2593 796 2664; x_wconf 87' lang='lat' dir='ltr'><strong>Saphira,</strong></span> <span class='ocrx_word' id='word_1_183' title='bbox 832 2609 1015 2664; x_wconf 84' lang='lat' dir='ltr'><strong>usque</strong></span> <span class='ocrx_word' id='word_1_184' title='bbox 1074 2593 1143 2646; x_wconf 90' lang='lat' dir='ltr'><strong>ad</strong></span> <span class='ocrx_word' id='word_1_185' title='bbox 1199 2591 1556 2663; x_wconf 87' lang='lat' dir='ltr'><strong>corporalem</strong></span> <span class='ocrx_word' id='word_1_186' title='bbox 1609 2610 1841 2664; x_wconf 87' lang='lat' dir='ltr'><strong>quoque</strong></span> 
     </span>
    </p>
   </div>
   <div class='ocr_carea' id='block_1_30' title="bbox 180 2681 1841 2754">
    <p class='ocr_par' dir='ltr' id='par_1_30' title="bbox 180 2681 1841 2754">
     <span class='ocr_line' id='line_1_30' title="bbox 180 2681 1841 2754; baseline -0.001 -14"><span class='ocrx_word' id='word_1_187' title='bbox 180 2683 633 2740; x_wconf 81' lang='lat' dir='ltr'><strong>damnationem</strong></span> <span class='ocrx_word' id='word_1_188' title='bbox 666 2682 1018 2754; x_wconf 88' lang='lat' dir='ltr'><strong>proruperit.</strong></span> <span class='ocrx_word' id='word_1_189' title='bbox 1042 2681 1318 2746; x_wconf 86' lang='lat' dir='ltr'><strong>Quocirca</strong></span> <span class='ocrx_word' id='word_1_190' title='bbox 1338 2681 1385 2735; x_wconf 90' lang='lat' dir='ltr'><strong>si</strong></span> <span class='ocrx_word' id='word_1_191' title='bbox 1420 2682 1639 2740; x_wconf 86' lang='lat' dir='ltr'><strong>mundo</strong></span> <span class='ocrx_word' id='word_1_192' title='bbox 1672 2683 1841 2738; x_wconf 87' lang='lat' dir='ltr'><strong>corde</strong></span> 
     </span>
    </p>
   </div>
   <div class='ocr_carea' id='block_1_31' title="bbox 179 2770 1838 2842">
    <p class='ocr_par' dir='ltr' id='par_1_31' title="bbox 179 2770 1838 2842">
     <span class='ocr_line' id='line_1_31' title="bbox 179 2770 1838 2842; baseline -0.002 -14"><span class='ocrx_word' id='word_1_193' title='bbox 179 2774 398 2842; x_wconf 81' lang='lat' dir='ltr'><strong>credis,</strong></span> <span class='ocrx_word' id='word_1_194' title='bbox 431 2770 794 2838; x_wconf 84' lang='lat' dir='ltr'><strong>absolveris;</strong></span> <span class='ocrx_word' id='word_1_195' title='bbox 831 2770 877 2824; x_wconf 90' lang='lat' dir='ltr'>si</span> <span class='ocrx_word' id='word_1_196' title='bbox 911 2786 1042 2824; x_wconf 87' lang='lat' dir='ltr'><strong>vero</strong></span> <span class='ocrx_word' id='word_1_197' title='bbox 1075 2786 1172 2824; x_wconf 91' lang='lat' dir='ltr'><strong>ore</strong></span> <span class='ocrx_word' id='word_1_198' title='bbox 1203 2770 1518 2838; x_wconf 87' lang='lat' dir='ltr'><strong>conﬁteris,</strong></span> <span class='ocrx_word' id='word_1_199' title='bbox 1554 2770 1796 2826; x_wconf 85' lang='lat' dir='ltr'><strong>salvaris</strong></span> <span class='ocrx_word' id='word_1_200' title='bbox 1824 2787 1838 2824; x_wconf 87' lang='lat'><strong>:</strong></span> 
     </span>
    </p>
   </div>
   <div class='ocr_carea' id='block_1_32' title="bbox 178 2858 1840 2934">
    <p class='ocr_par' dir='ltr' id='par_1_32' title="bbox 178 2858 1840 2934">
     <span class='ocr_line' id='line_1_32' title="bbox 178 2858 1840 2934; baseline -0.001 -17"><span class='ocrx_word' id='word_1_201' title='bbox 178 2863 316 2934; x_wconf 84' lang='lat' dir='ltr'><strong>quia</strong></span> <span class='ocrx_word' id='word_1_202' title='bbox 345 2861 531 2916; x_wconf 89' lang='lat' dir='ltr'><strong>corde</strong></span> <span class='ocrx_word' id='word_1_203' title='bbox 564 2859 824 2914; x_wconf 87' lang='lat' dir='ltr'><strong>creditur</strong></span> <span class='ocrx_word' id='word_1_204' title='bbox 853 2859 924 2912; x_wconf 90' lang='lat' dir='ltr'><strong>ad</strong></span> <span class='ocrx_word' id='word_1_205' title='bbox 947 2858 1269 2930; x_wconf 84' lang='lat' dir='ltr'><strong>justitiam,</strong></span> <span class='ocrx_word' id='word_1_206' title='bbox 1303 2875 1400 2914; x_wconf 90' lang='lat' dir='ltr'><strong>ore</strong></span> <span class='ocrx_word' id='word_1_207' title='bbox 1451 2859 1516 2912; x_wconf 90' lang='lat' dir='ltr'><strong>ﬁt</strong></span> <span class='ocrx_word' id='word_1_208' title='bbox 1555 2859 1840 2916; x_wconf 90' lang='lat' dir='ltr'><strong>confessio</strong></span> 
     </span>
    </p>
   </div>
   <div class='ocr_carea' id='block_1_33' title="bbox 179 2947 1844 3018">
    <p class='ocr_par' dir='ltr' id='par_1_33' title="bbox 179 2947 1844 3018">
     <span class='ocr_line' id='line_1_33' title="bbox 179 2947 1844 3018; baseline -0.003 -11"><span class='ocrx_word' id='word_1_209' title='bbox 179 2953 248 3007; x_wconf 84' lang='lat' dir='ltr'><strong>ad</strong></span> <span class='ocrx_word' id='word_1_210' title='bbox 270 2950 623 3016; x_wconf 81' lang='lat' dir='ltr'><strong>salutem,et</strong></span> <span class='ocrx_word' id='word_1_211' title='bbox 644 2948 752 3002; x_wconf 91' lang='lat' dir='ltr'><strong>hoc</strong></span> <span class='ocrx_word' id='word_1_212' title='bbox 777 2947 948 3002; x_wconf 90' lang='lat' dir='ltr'>modo</span> <span class='ocrx_word' id='word_1_213' title='bbox 971 2947 1292 3004; x_wconf 81' lang='lat' dir='ltr'><strong>aediﬁcatus</strong></span> <span class='ocrx_word' id='word_1_214' title='bbox 1305 2964 1482 3018; x_wconf 89' lang='lat' dir='ltr'><strong>super</strong></span> <span class='ocrx_word' id='word_1_215' title='bbox 1502 2948 1844 3006; x_wconf 88' lang='lat' dir='ltr'><strong>fundamen-</strong></span> 
     </span>
    </p>
   </div>
   <div class='ocr_carea' id='block_1_34' title="bbox 181 3034 1842 3113">
    <p class='ocr_par' dir='ltr' id='par_1_34' title="bbox 181 3034 1842 3113">
     <span class='ocr_line' id='line_1_34' title="bbox 181 3034 1842 3113; baseline -0.001 -18"><span class='ocrx_word' id='word_1_216' title='bbox 181 3048 303 3096; x_wconf 88' lang='lat' dir='ltr'><strong>tum</strong></span> <span class='ocrx_word' id='word_1_217' title='bbox 319 3038 665 3113; x_wconf 74' lang='lat' dir='ltr'><strong>apostolicae</strong></span> <span class='ocrx_word' id='word_1_218' title='bbox 687 3034 1070 3092; x_wconf 79' lang='lat' dir='ltr'><strong>confessionis</strong></span> <span class='ocrx_word' id='word_1_219' title='bbox 1091 3036 1458 3108; x_wconf 83' lang='lat' dir='ltr'><strong>justiﬁcaris,</strong></span> <span class='ocrx_word' id='word_1_220' title='bbox 1478 3037 1842 3110; x_wconf 86' lang='lat' dir='ltr'><strong>etjustitlca-</strong></span> 
     </span>
    </p>
   </div>
   <div class='ocr_carea' id='block_1_35' title="bbox 1940 457 3580 532">
    <p class='ocr_par' dir='ltr' id='par_1_35' title="bbox 1940 457 3580 532">
     <span class='ocr_line' id='line_1_35' title="bbox 1940 457 3580 532; baseline 0.003 -21"><span class='ocrx_word' id='word_1_221' title='bbox 1940 458 2397 530; x_wconf 89' lang='lat' dir='ltr'><strong>incorruptibile,</strong></span> <span class='ocrx_word' id='word_1_222' title='bbox 2431 458 2693 532; x_wconf 87' lang='lat' dir='ltr'><strong>potentia</strong></span> <span class='ocrx_word' id='word_1_223' title='bbox 2741 457 2937 513; x_wconf 88' lang='lat' dir='ltr'><strong>divina</strong></span> <span class='ocrx_word' id='word_1_224' title='bbox 2985 458 3321 532; x_wconf 82' lang='lat' dir='ltr'><strong>porrigitur,</strong></span> <span class='ocrx_word' id='word_1_225' title='bbox 3354 465 3415 515; x_wconf 89' lang='lat' dir='ltr'><strong>ut</strong></span> <span class='ocrx_word' id='word_1_226' title='bbox 3447 478 3580 516; x_wconf 90' lang='lat' dir='ltr'><strong>cum</strong></span> 
     </span>
    </p>
   </div>
   <div class='ocr_carea' id='block_1_36' title="bbox 1938 546 3578 619">
    <p class='ocr_par' dir='ltr' id='par_1_36' title="bbox 1938 546 3578 619">
     <span class='ocr_line' id='line_1_36' title="bbox 1938 546 3578 619; baseline 0 -16"><span class='ocrx_word' id='word_1_227' title='bbox 1938 547 2108 604; x_wconf 89' lang='lat' dir='ltr'><strong>audis</strong></span> <span class='ocrx_word' id='word_1_228' title='bbox 2140 547 2452 604; x_wconf 91' lang='lat' dir='ltr'><strong>Dominum</strong></span> <span class='ocrx_word' id='word_1_229' title='bbox 2487 548 2558 602; x_wconf 89' lang='lat' dir='ltr'><strong>ad</strong></span> <span class='ocrx_word' id='word_1_230' title='bbox 2589 546 2763 602; x_wconf 80' lang='lat' dir='ltr'><strong>cmlos</strong></span> <span class='ocrx_word' id='word_1_231' title='bbox 2794 546 3169 619; x_wconf 83' lang='lat' dir='ltr'><strong>corporaliter</strong></span> <span class='ocrx_word' id='word_1_232' title='bbox 3227 549 3578 615; x_wconf 81' lang='lat' dir='ltr'><strong>ascendisse,</strong></span> 
     </span>
    </p>
   </div>
   <div class='ocr_carea' id='block_1_37' title="bbox 1939 635 3585 704">
    <p class='ocr_par' dir='ltr' id='par_1_37' title="bbox 1939 635 3585 704">
     <span class='ocr_line' id='line_1_37' title="bbox 1939 635 3585 704; baseline 0.002 -15"><span class='ocrx_word' id='word_1_233' title='bbox 1939 652 2053 691; x_wconf 89' lang='lat' dir='ltr'><strong>non</strong></span> <span class='ocrx_word' id='word_1_234' title='bbox 2074 637 2200 691; x_wconf 87' lang='lat' dir='ltr'><strong>ideo</strong></span> <span class='ocrx_word' id='word_1_235' title='bbox 2218 637 2470 692; x_wconf 87' lang='lat' dir='ltr'><strong>aestimes</strong></span> <span class='ocrx_word' id='word_1_236' title='bbox 2501 635 2700 691; x_wconf 89' lang='lat' dir='ltr'><strong>ﬁdeles</strong></span> <span class='ocrx_word' id='word_1_237' title='bbox 2733 652 2870 690; x_wconf 90' lang='lat' dir='ltr'><strong>suos</strong></span> <span class='ocrx_word' id='word_1_238' title='bbox 2897 639 3058 690; x_wconf 89' lang='lat' dir='ltr'><strong>tanto</strong></span> <span class='ocrx_word' id='word_1_239' title='bbox 3087 653 3328 691; x_wconf 90' lang='lat' dir='ltr'><strong>munere</strong></span> <span class='ocrx_word' id='word_1_240' title='bbox 3359 637 3585 704; x_wconf 73' lang='lat' dir='ltr'><strong>defrau-</strong></span> 
     </span>
    </p>
   </div>
   <div class='ocr_carea' id='block_1_38' title="bbox 1940 723 3583 791">
    <p class='ocr_par' dir='ltr' id='par_1_38' title="bbox 1940 723 3583 791">
     <span class='ocr_line' id='line_1_38' title="bbox 1940 723 3583 791; baseline 0.004 -13"><span class='ocrx_word' id='word_1_241' title='bbox 1940 725 2104 791; x_wconf 86' lang='lat' dir='ltr'><strong>dari;</strong></span> <span class='ocrx_word' id='word_1_242' title='bbox 2139 726 2239 780; x_wconf 88' lang='lat' dir='ltr'><strong>sed</strong></span> <span class='ocrx_word' id='word_1_243' title='bbox 2269 724 2403 779; x_wconf 89' lang='lat' dir='ltr'><strong>licet</strong></span> <span class='ocrx_word' id='word_1_244' title='bbox 2450 723 2904 780; x_wconf 87' lang='lat' dir='ltr'><strong>irrevocabiliter</strong></span> <span class='ocrx_word' id='word_1_245' title='bbox 2953 725 3152 779; x_wconf 84' lang='lat' dir='ltr'><strong>sedeat</strong></span> <span class='ocrx_word' id='word_1_246' title='bbox 3185 725 3256 780; x_wconf 88' lang='lat' dir='ltr'><strong>ad</strong></span> <span class='ocrx_word' id='word_1_247' title='bbox 3291 725 3583 786; x_wconf 83' lang='lat' dir='ltr'><strong>dexteram</strong></span> 
     </span>
    </p>
   </div>
   <div class='ocr_carea' id='block_1_39' title="bbox 1939 812 3585 884">
    <p class='ocr_par' dir='ltr' id='par_1_39' title="bbox 1939 812 3585 884">
     <span class='ocr_line' id='line_1_39' title="bbox 1939 812 3585 884; baseline 0.003 -15"><span class='ocrx_word' id='word_1_248' title='bbox 1939 814 2362 882; x_wconf 85' lang='lat' dir='ltr'><strong>Patris,eadem</strong></span> <span class='ocrx_word' id='word_1_249' title='bbox 2385 818 2578 868; x_wconf 91' lang='lat' dir='ltr'><strong>tamen</strong></span> <span class='ocrx_word' id='word_1_250' title='bbox 2613 813 2870 884; x_wconf 89' lang='lat' dir='ltr'><strong>potentia</strong></span> <span class='ocrx_word' id='word_1_251' title='bbox 2903 812 3044 868; x_wconf 90' lang='lat' dir='ltr'><strong>illud</strong></span> <span class='ocrx_word' id='word_1_252' title='bbox 3076 814 3228 870; x_wconf 88' lang='lat' dir='ltr'><strong>idem</strong></span> <span class='ocrx_word' id='word_1_253' title='bbox 3262 813 3585 874; x_wconf 87' lang='lat' dir='ltr'><strong>etiamnum</strong></span> 
     </span>
    </p>
   </div>
   <div class='ocr_carea' id='block_1_40' title="bbox 1940 901 3586 976">
    <p class='ocr_par' dir='ltr' id='par_1_40' title="bbox 1940 901 3586 976">
     <span class='ocr_line' id='line_1_40' title="bbox 1940 901 3586 976; baseline -0.001 -17"><span class='ocrx_word' id='word_1_254' title='bbox 1940 902 2151 974; x_wconf 86' lang='lat' dir='ltr'><strong>accipit</strong></span> <span class='ocrx_word' id='word_1_255' title='bbox 2183 902 2238 958; x_wconf 91' lang='lat' dir='ltr'><strong>in</strong></span> <span class='ocrx_word' id='word_1_256' title='bbox 2273 901 2441 958; x_wconf 88' lang='lat' dir='ltr'><strong>altari</strong></span> <span class='ocrx_word' id='word_1_257' title='bbox 2473 901 2662 958; x_wconf 88' lang='lat' dir='ltr'><strong>ﬁdelis</strong></span> <span class='ocrx_word' id='word_1_258' title='bbox 2692 903 2845 974; x_wconf 89' lang='lat' dir='ltr'><strong>quod</strong></span> <span class='ocrx_word' id='word_1_259' title='bbox 2881 907 3020 957; x_wconf 90' lang='lat' dir='ltr'><strong>tunc</strong></span> <span class='ocrx_word' id='word_1_260' title='bbox 3073 902 3232 957; x_wconf 88' lang='lat' dir='ltr'><strong>dedit</strong></span> <span class='ocrx_word' id='word_1_261' title='bbox 3282 903 3586 976; x_wconf 89' lang='lat' dir='ltr'><strong>discipulis</strong></span> 
     </span>
    </p>
   </div>
   <div class='ocr_carea' id='block_1_41' title="bbox 1941 991 3586 1065">
    <p class='ocr_par' dir='ltr' id='par_1_41' title="bbox 1941 991 3586 1065">
     <span class='ocr_line' id='line_1_41' title="bbox 1941 991 3586 1065; baseline 0.002 -18"><span class='ocrx_word' id='word_1_262' title='bbox 1941 1008 2074 1048; x_wconf 90' lang='lat' dir='ltr'><strong>cum</strong></span> <span class='ocrx_word' id='word_1_263' title='bbox 2100 991 2288 1046; x_wconf 89' lang='lat' dir='ltr'><strong>adhuc</strong></span> <span class='ocrx_word' id='word_1_264' title='bbox 2314 991 2462 1046; x_wconf 88' lang='lat' dir='ltr'><strong>inter</strong></span> <span class='ocrx_word' id='word_1_265' title='bbox 2482 1008 2578 1047; x_wconf 90' lang='lat' dir='ltr'><strong>eos</strong></span> <span class='ocrx_word' id='word_1_266' title='bbox 2601 996 2906 1065; x_wconf 89' lang='lat' dir='ltr'><strong>appareret</strong></span> <span class='ocrx_word' id='word_1_267' title='bbox 2930 991 3213 1047; x_wconf 87' lang='lat' dir='ltr'><strong>mortalis.</strong></span> <span class='ocrx_word' id='word_1_268' title='bbox 3241 991 3400 1047; x_wconf 89' lang='lat' dir='ltr'><strong>Sicut</strong></span> <span class='ocrx_word' id='word_1_269' title='bbox 3430 993 3586 1050; x_wconf 89' lang='lat' dir='ltr'><strong>enim</strong></span> 
     </span>
    </p>
   </div>
   <div class='ocr_carea' id='block_1_42' title="bbox 1941 1080 3588 1153">
    <p class='ocr_par' dir='ltr' id='par_1_42' title="bbox 1941 1080 3588 1153">
     <span class='ocr_line' id='line_1_42' title="bbox 1941 1080 3588 1153; baseline 0.001 -17"><span class='ocrx_word' id='word_1_270' title='bbox 1941 1080 1997 1136; x_wconf 89' lang='lat' dir='ltr'><strong>in</strong></span> <span class='ocrx_word' id='word_1_271' title='bbox 2025 1080 2318 1152; x_wconf 89' lang='lat' dir='ltr'><strong>baptismo</strong></span> <span class='ocrx_word' id='word_1_272' title='bbox 2351 1080 2576 1136; x_wconf 87' lang='lat' dir='ltr'><strong>Christo</strong></span> <span class='ocrx_word' id='word_1_273' title='bbox 2609 1080 2986 1153; x_wconf 88' lang='lat' dir='ltr'><strong>consepeliris</strong></span> <span class='ocrx_word' id='word_1_274' title='bbox 3008 1080 3067 1136; x_wconf 90' lang='lat' dir='ltr'>in</span> <span class='ocrx_word' id='word_1_275' title='bbox 3099 1085 3368 1150; x_wconf 90' lang='lat' dir='ltr'><strong>mortem,</strong></span> <span class='ocrx_word' id='word_1_276' title='bbox 3401 1085 3458 1136; x_wconf 89' lang='lat' dir='ltr'><strong>et</strong></span> <span class='ocrx_word' id='word_1_277' title='bbox 3487 1083 3588 1138; x_wconf 87' lang='lat' dir='ltr'><strong>ba-</strong></span> 
     </span>
    </p>
   </div>
   <div class='ocr_carea' id='block_1_43' title="bbox 1942 1169 3591 1242">
    <p class='ocr_par' dir='ltr' id='par_1_43' title="bbox 1942 1169 3591 1242">
     <span class='ocr_line' id='line_1_43' title="bbox 1942 1169 3591 1242; baseline 0.002 -18"><span class='ocrx_word' id='word_1_278' title='bbox 1942 1169 2216 1242; x_wconf 86' lang='lat' dir='ltr'><strong>ptizantis</strong></span> <span class='ocrx_word' id='word_1_279' title='bbox 2238 1175 2741 1241; x_wconf 88' lang='lat' dir='ltr'><strong>manustanquam</strong></span> <span class='ocrx_word' id='word_1_280' title='bbox 2757 1170 3023 1241; x_wconf 88' lang='lat' dir='ltr'><strong>quaedam</strong></span> <span class='ocrx_word' id='word_1_281' title='bbox 3040 1170 3432 1226; x_wconf 88' lang='lat' dir='ltr'><strong>instrumenta</strong></span> <span class='ocrx_word' id='word_1_282' title='bbox 3443 1176 3591 1227; x_wconf 79' lang='lat' dir='ltr'><strong>exte-</strong></span> 
     </span>
    </p>
   </div>
   <div class='ocr_carea' id='block_1_44' title="bbox 1943 1258 3586 1330">
    <p class='ocr_par' dir='ltr' id='par_1_44' title="bbox 1943 1258 3586 1330">
     <span class='ocr_line' id='line_1_44' title="bbox 1943 1258 3586 1330; baseline 0.001 -17"><span class='ocrx_word' id='word_1_283' title='bbox 1943 1259 2066 1314; x_wconf 88' lang='lat' dir='ltr'><strong>rius</strong></span> <span class='ocrx_word' id='word_1_284' title='bbox 2098 1258 2699 1326; x_wconf 89' lang='lat' dir='ltr'><strong>ministrant,medius</strong></span> <span class='ocrx_word' id='word_1_285' title='bbox 2731 1263 2925 1313; x_wconf 88' lang='lat' dir='ltr'><strong>autem</strong></span> <span class='ocrx_word' id='word_1_286' title='bbox 2957 1260 3177 1328; x_wconf 89' lang='lat' dir='ltr'><strong>stat,de</strong></span> <span class='ocrx_word' id='word_1_287' title='bbox 3209 1276 3324 1330; x_wconf 92' lang='lat' dir='ltr'><strong>quo</strong></span> <span class='ocrx_word' id='word_1_288' title='bbox 3354 1259 3586 1315; x_wconf 90' lang='lat' dir='ltr'><strong>dicitur:</strong></span> 
     </span>
    </p>
   </div>
   <div class='ocr_carea' id='block_1_45' title="bbox 1941 1348 3590 1420">
    <p class='ocr_par' dir='ltr' id='par_1_45' title="bbox 1941 1348 3590 1420">
     <span class='ocr_line' id='line_1_45' title="bbox 1941 1348 3590 1420; baseline 0 -15"><span class='ocrx_word' id='word_1_289' title='bbox 1941 1351 2041 1405; x_wconf 81' lang='lat' dir='ltr'><strong>Hic</strong></span> <span class='ocrx_word' id='word_1_290' title='bbox 2070 1357 2148 1405; x_wconf 77' lang='lat' dir='ltr'><strong>est</strong></span> <span class='ocrx_word' id='word_1_291' title='bbox 2187 1349 2283 1420; x_wconf 87' lang='lat' dir='ltr'><strong>qui</strong></span> <span class='ocrx_word' id='word_1_292' title='bbox 2328 1348 2589 1418; x_wconf 66' lang='lat' dir='ltr'><strong>baptizat,</strong></span> <span class='ocrx_word' id='word_1_293' title='bbox 2625 1365 2797 1420; x_wconf 88' lang='lat' dir='ltr'><strong>quem</strong></span> <span class='ocrx_word' id='word_1_294' title='bbox 2857 1348 3046 1404; x_wconf 88' lang='lat' dir='ltr'><strong>ﬁdelis</strong></span> <span class='ocrx_word' id='word_1_295' title='bbox 3103 1348 3276 1418; x_wconf 80' lang='lat' dir='ltr'><strong>videt,</strong></span> <span class='ocrx_word' id='word_1_296' title='bbox 3337 1348 3590 1405; x_wconf 89' lang='lat' dir='ltr'><strong>inﬁdelis</strong></span> 
     </span>
    </p>
   </div>
   <div class='ocr_carea' id='block_1_46' title="bbox 1944 1437 3593 1511">
    <p class='ocr_par' dir='ltr' id='par_1_46' title="bbox 1944 1437 3593 1511">
     <span class='ocr_line' id='line_1_46' title="bbox 1944 1437 3593 1511; baseline 0.002 -19"><span class='ocrx_word' id='word_1_297' title='bbox 1944 1437 2307 1511; x_wconf 89' lang='lat' dir='ltr'><strong>ignorat,qui</strong></span> <span class='ocrx_word' id='word_1_298' title='bbox 2340 1437 2608 1492; x_wconf 73' lang='lat' dir='ltr'><strong>effectum</strong></span> <span class='ocrx_word' id='word_1_299' title='bbox 2635 1441 2909 1508; x_wconf 88' lang='lat' dir='ltr'><strong>operatur</strong></span> <span class='ocrx_word' id='word_1_300' title='bbox 2938 1437 3276 1506; x_wconf 88' lang='lat' dir='ltr'><strong>salutis;sic</strong></span> <span class='ocrx_word' id='word_1_301' title='bbox 3297 1437 3355 1493; x_wconf 90' lang='lat' dir='ltr'><strong>in</strong></span> <span class='ocrx_word' id='word_1_302' title='bbox 3388 1455 3593 1495; x_wconf 89' lang='lat' dir='ltr'><strong>mensa</strong></span> 
     </span>
    </p>
   </div>
   <div class='ocr_carea' id='block_1_47' title="bbox 1945 1525 3592 1599">
    <p class='ocr_par' dir='ltr' id='par_1_47' title="bbox 1945 1525 3592 1599">
     <span class='ocr_line' id='line_1_47' title="bbox 1945 1525 3592 1599; baseline 0.001 -19"><span class='ocrx_word' id='word_1_303' title='bbox 1945 1525 2158 1581; x_wconf 89' lang='lat' dir='ltr'>Christi</span> <span class='ocrx_word' id='word_1_304' title='bbox 2211 1526 2475 1596; x_wconf 89' lang='lat' dir='ltr'><strong>ejusdem</strong></span> <span class='ocrx_word' id='word_1_305' title='bbox 2526 1542 2639 1580; x_wconf 90' lang='lat' dir='ltr'><strong>non</strong></span> <span class='ocrx_word' id='word_1_306' title='bbox 2699 1526 3024 1598; x_wconf 88' lang='lat' dir='ltr'><strong>ﬁgurativo,</strong></span> <span class='ocrx_word' id='word_1_307' title='bbox 3060 1527 3160 1582; x_wconf 91' lang='lat' dir='ltr'><strong>scd</strong></span> <span class='ocrx_word' id='word_1_308' title='bbox 3191 1543 3321 1582; x_wconf 90' lang='lat' dir='ltr'><strong>vero</strong></span> <span class='ocrx_word' id='word_1_309' title='bbox 3354 1543 3592 1599; x_wconf 89' lang='lat' dir='ltr'><strong>corpore</strong></span> 
     </span>
    </p>
   </div>
   <div class='ocr_carea' id='block_1_48' title="bbox 1947 1614 3592 1688">
    <p class='ocr_par' dir='ltr' id='par_1_48' title="bbox 1947 1614 3592 1688">
     <span class='ocr_line' id='line_1_48' title="bbox 1947 1614 3592 1688; baseline 0.001 -18"><span class='ocrx_word' id='word_1_310' title='bbox 1947 1614 2223 1672; x_wconf 87' lang='lat' dir='ltr'><strong>reﬁceris.</strong></span> <span class='ocrx_word' id='word_1_311' title='bbox 2259 1619 2543 1686; x_wconf 87' lang='lat' dir='ltr'><strong>quantum</strong></span> <span class='ocrx_word' id='word_1_312' title='bbox 2581 1615 2692 1670; x_wconf 88' lang='lat' dir='ltr'><strong>ﬁde</strong></span> <span class='ocrx_word' id='word_1_313' title='bbox 2738 1614 2896 1686; x_wconf 90' lang='lat' dir='ltr'><strong>capis</strong></span> <span class='ocrx_word' id='word_1_314' title='bbox 2946 1615 3270 1682; x_wconf 88' lang='lat' dir='ltr'><strong>visibiliter,</strong></span> <span class='ocrx_word' id='word_1_315' title='bbox 3306 1620 3592 1688; x_wconf 86' lang='lat' dir='ltr'><strong>quantum</strong></span> 
     </span>
    </p>
   </div>
   <div class='ocr_carea' id='block_1_49' title="bbox 1948 1701 3592 1776">
    <p class='ocr_par' dir='ltr' id='par_1_49' title="bbox 1948 1701 3592 1776">
     <span class='ocr_line' id='line_1_49' title="bbox 1948 1701 3592 1776; baseline 0.002 -18"><span class='ocrx_word' id='word_1_316' title='bbox 1948 1703 2114 1758; x_wconf 89' lang='lat' dir='ltr'><strong>adest</strong></span> <span class='ocrx_word' id='word_1_317' title='bbox 2146 1701 2240 1757; x_wconf 90' lang='lat' dir='ltr'><strong>ille</strong></span> <span class='ocrx_word' id='word_1_318' title='bbox 2271 1702 2582 1759; x_wconf 86' lang='lat' dir='ltr'><strong>invisibilis</strong></span> <span class='ocrx_word' id='word_1_319' title='bbox 2640 1704 2912 1759; x_wconf 87' lang='lat' dir='ltr'><strong>sacerdos</strong></span> <span class='ocrx_word' id='word_1_320' title='bbox 2968 1704 3276 1776; x_wconf 78' lang='lat' dir='ltr'><strong>propositae</strong></span> <span class='ocrx_word' id='word_1_321' title='bbox 3318 1710 3592 1762; x_wconf 66' lang='lat' dir='ltr'><strong>creatura)</strong></span> 
     </span>
    </p>
   </div>
   <div class='ocr_carea' id='block_1_50' title="bbox 1947 1794 3596 1864">
    <p class='ocr_par' dir='ltr' id='par_1_50' title="bbox 1947 1794 3596 1864">
     <span class='ocr_line' id='line_1_50' title="bbox 1947 1794 3596 1864; baseline 0.003 -19"><span class='ocrx_word' id='word_1_322' title='bbox 1947 1795 2220 1858; x_wconf 89' lang='lat' dir='ltr'><strong>mutator,</strong></span> <span class='ocrx_word' id='word_1_323' title='bbox 2239 1797 2410 1863; x_wconf 89' lang='lat' dir='ltr'><strong>atque</strong></span> <span class='ocrx_word' id='word_1_324' title='bbox 2436 1797 2774 1864; x_wconf 91' lang='lat' dir='ltr'><strong>assumptor</strong></span> <span class='ocrx_word' id='word_1_325' title='bbox 2795 1797 2958 1848; x_wconf 89' lang='lat' dir='ltr'><strong>tanta</strong></span> <span class='ocrx_word' id='word_1_326' title='bbox 2980 1794 3237 1848; x_wconf 88' lang='lat' dir='ltr'><strong>efﬁcacia</strong></span> <span class='ocrx_word' id='word_1_327' title='bbox 3267 1794 3596 1849; x_wconf 88' lang='lat' dir='ltr'><strong>sanctiﬁca-</strong></span> 
     </span>
    </p>
   </div>
   <div class='ocr_carea' id='block_1_51' title="bbox 1947 1880 3596 1955">
    <p class='ocr_par' dir='ltr' id='par_1_51' title="bbox 1947 1880 3596 1955">
     <span class='ocr_line' id='line_1_51' title="bbox 1947 1880 3596 1955; baseline 0.002 -20"><span class='ocrx_word' id='word_1_328' title='bbox 1947 1880 2145 1947; x_wconf 88' lang='lat' dir='ltr'><strong>tionis,</strong></span> <span class='ocrx_word' id='word_1_329' title='bbox 2181 1884 2246 1936; x_wconf 89' lang='lat' dir='ltr'><strong>ut</strong></span> <span class='ocrx_word' id='word_1_330' title='bbox 2303 1881 2600 1936; x_wconf 86' lang='lat' dir='ltr'><strong>sacerdote</strong></span> <span class='ocrx_word' id='word_1_331' title='bbox 2659 1882 2832 1936; x_wconf 89' lang='lat' dir='ltr'><strong>verba</strong></span> <span class='ocrx_word' id='word_1_332' title='bbox 2883 1881 3135 1952; x_wconf 87' lang='lat' dir='ltr'><strong>Domini,</strong></span> <span class='ocrx_word' id='word_1_333' title='bbox 3168 1901 3295 1955; x_wconf 82' lang='lat' dir='ltr'><strong>quae</strong></span> <span class='ocrx_word' id='word_1_334' title='bbox 3351 1883 3482 1938; x_wconf 88' lang='lat' dir='ltr'><strong>viva</strong></span> <span class='ocrx_word' id='word_1_335' title='bbox 3539 1887 3596 1939; x_wconf 89' lang='lat' dir='ltr'><strong>et</strong></span> 
     </span>
    </p>
   </div>
   <div class='ocr_carea' id='block_1_52' title="bbox 1947 1969 3595 2042">
    <p class='ocr_par' dir='ltr' id='par_1_52' title="bbox 1947 1969 3595 2042">
     <span class='ocr_line' id='line_1_52' title="bbox 1947 1969 3595 2042; baseline 0.002 -17"><span class='ocrx_word' id='word_1_336' title='bbox 1947 1969 2402 2025; x_wconf 87' lang='lat' dir='ltr'><strong>sanctiﬁcatoria</strong></span> <span class='ocrx_word' id='word_1_337' title='bbox 2433 1974 2592 2039; x_wconf 90' lang='lat' dir='ltr'><strong>sunt,</strong></span> <span class='ocrx_word' id='word_1_338' title='bbox 2621 1970 2962 2042; x_wconf 86' lang='lat' dir='ltr'><strong>proferente,</strong></span> <span class='ocrx_word' id='word_1_339' title='bbox 2987 1972 3406 2026; x_wconf 86' lang='lat' dir='ltr'><strong>attendendum</strong></span> <span class='ocrx_word' id='word_1_340' title='bbox 3431 1976 3487 2027; x_wconf 90' lang='lat' dir='ltr'><strong>et</strong></span> <span class='ocrx_word' id='word_1_341' title='bbox 3503 1990 3595 2028; x_wconf 91' lang='lat' dir='ltr'><strong>su-</strong></span> 
     </span>
    </p>
   </div>
   <div class='ocr_carea' id='block_1_53' title="bbox 1949 2057 3596 2132">
    <p class='ocr_par' dir='ltr' id='par_1_53' title="bbox 1949 2057 3596 2132">
     <span class='ocr_line' id='line_1_53' title="bbox 1949 2057 3596 2132; baseline 0.002 -18"><span class='ocrx_word' id='word_1_342' title='bbox 1949 2059 2226 2114; x_wconf 89' lang='lat' dir='ltr'><strong>mendum</strong></span> <span class='ocrx_word' id='word_1_343' title='bbox 2261 2057 2355 2124; x_wconf 90' lang='lat' dir='ltr'><strong>sit,</strong></span> <span class='ocrx_word' id='word_1_344' title='bbox 2389 2062 2536 2114; x_wconf 88' lang='lat' dir='ltr'><strong>teste</strong></span> <span class='ocrx_word' id='word_1_345' title='bbox 2570 2059 2630 2114; x_wconf 92' lang='lat' dir='ltr'><strong>B.</strong></span> <span class='ocrx_word' id='word_1_346' title='bbox 2664 2059 2991 2128; x_wconf 81' lang='lat' dir='ltr'><strong>Ambrosio,</strong></span> <span class='ocrx_word' id='word_1_347' title='bbox 3027 2077 3141 2115; x_wconf 91' lang='lat' dir='ltr'><strong>non</strong></span> <span class='ocrx_word' id='word_1_348' title='bbox 3197 2061 3351 2132; x_wconf 92' lang='lat' dir='ltr'><strong>quod</strong></span> <span class='ocrx_word' id='word_1_349' title='bbox 3385 2065 3596 2118; x_wconf 90' lang='lat' dir='ltr'><strong>natura</strong></span> 
     </span>
    </p>
   </div>
   <div class='ocr_carea' id='block_1_54' title="bbox 1948 2146 3287 2219">
    <p class='ocr_par' dir='ltr' id='par_1_54' title="bbox 1948 2146 3287 2219">
     <span class='ocr_line' id='line_1_54' title="bbox 1948 2146 3287 2219; baseline 0.003 -18"><span class='ocrx_word' id='word_1_350' title='bbox 1948 2146 2234 2214; x_wconf 87' lang='lat' dir='ltr'><strong>formavit,</strong></span> <span class='ocrx_word' id='word_1_351' title='bbox 2271 2147 2370 2202; x_wconf 82' lang='lat' dir='ltr'><strong>sed</strong></span> <span class='ocrx_word' id='word_1_352' title='bbox 2405 2147 2556 2219; x_wconf 88' lang='lat' dir='ltr'><strong>quod</strong></span> <span class='ocrx_word' id='word_1_353' title='bbox 2591 2147 2914 2204; x_wconf 86' lang='lat' dir='ltr'><strong>benedictio</strong></span> <span class='ocrx_word' id='word_1_354' title='bbox 2946 2149 3287 2208; x_wconf 89' lang='lat' dir='ltr'><strong>conseravit.</strong></span> 
     </span>
    </p>
   </div>
   <div class='ocr_carea' id='block_1_55' title="bbox 2563 2236 2972 2293">
    <p class='ocr_par' dir='ltr' id='par_1_55' title="bbox 2563 2236 2972 2293">
     <span class='ocr_line' id='line_1_55' title="bbox 2563 2236 2972 2293; baseline 0.005 -2"><span class='ocrx_word' id='word_1_355' title='bbox 2563 2236 2794 2292; x_wconf 84' lang='lat' dir='ltr'><strong>CAPUT</strong></span> <span class='ocrx_word' id='word_1_356' title='bbox 2832 2237 2972 2293; x_wconf 83' lang='lat' dir='ltr'><strong>XIX.</strong></span> 
     </span>
    </p>
   </div>
   <div class='ocr_carea' id='block_1_56' title="bbox 2021 2326 3593 2398">
    <p class='ocr_par' dir='ltr' id='par_1_56' title="bbox 2021 2326 3593 2398">
     <span class='ocr_line' id='line_1_56' title="bbox 2021 2326 3593 2398; baseline 0.006 -19"><span class='ocrx_word' id='word_1_357' title='bbox 2021 2327 2143 2392; x_wconf 85' lang='lat' dir='ltr'><strong>Quo</strong></span> <span class='ocrx_word' id='word_1_358' title='bbox 2167 2330 2530 2380; x_wconf 90' lang='lat' dir='ltr'><strong>sacramento</strong></span> <span class='ocrx_word' id='word_1_359' title='bbox 2551 2343 2685 2380; x_wconf 92' lang='lat' dir='ltr'><strong>cum</strong></span> <span class='ocrx_word' id='word_1_360' title='bbox 2708 2326 3012 2398; x_wconf 88' lang='lat' dir='ltr'><strong>discipulis</strong></span> <span class='ocrx_word' id='word_1_361' title='bbox 3034 2328 3318 2388; x_wconf 83' lang='lat' dir='ltr'><strong>celebrato</strong></span> <span class='ocrx_word' id='word_1_362' title='bbox 3341 2335 3398 2386; x_wconf 91' lang='lat' dir='ltr'><strong>et</strong></span> <span class='ocrx_word' id='word_1_363' title='bbox 3428 2329 3593 2390; x_wconf 86' lang='lat' dir='ltr'><strong>insti-</strong></span> 
     </span>
    </p>
   </div>
   <div class='ocr_carea' id='block_1_57' title="bbox 1949 2415 3594 2488">
    <p class='ocr_par' dir='ltr' id='par_1_57' title="bbox 1949 2415 3594 2488">
     <span class='ocr_line' id='line_1_57' title="bbox 1949 2415 3594 2488; baseline 0.004 -19"><span class='ocrx_word' id='word_1_364' title='bbox 1949 2419 2096 2480; x_wconf 91' lang='lat' dir='ltr'><strong>tuto,</strong></span> <span class='ocrx_word' id='word_1_365' title='bbox 2132 2420 2264 2486; x_wconf 90' lang='lat' dir='ltr'><strong>post</strong></span> <span class='ocrx_word' id='word_1_366' title='bbox 2294 2432 2622 2470; x_wconf 88' lang='lat' dir='ltr'><strong>sermonem</strong></span> <span class='ocrx_word' id='word_1_367' title='bbox 2656 2415 2932 2488; x_wconf 79' lang='lat' dir='ltr'><strong>mysteria</strong></span> <span class='ocrx_word' id='word_1_368' title='bbox 2982 2416 3282 2474; x_wconf 88' lang='lat' dir='ltr'><strong>charitatis</strong></span> <span class='ocrx_word' id='word_1_369' title='bbox 3312 2422 3369 2474; x_wconf 89' lang='lat' dir='ltr'><strong>et</strong></span> <span class='ocrx_word' id='word_1_370' title='bbox 3398 2419 3594 2476; x_wconf 89' lang='lat' dir='ltr'><strong>unita-</strong></span> 
     </span>
    </p>
   </div>
   <div class='ocr_carea' id='block_1_58' title="bbox 1949 2503 3594 2575">
    <p class='ocr_par' dir='ltr' id='par_1_58' title="bbox 1949 2503 3594 2575">
     <span class='ocr_line' id='line_1_58' title="bbox 1949 2503 3594 2575; baseline 0.003 -16"><span class='ocrx_word' id='word_1_371' title='bbox 1949 2505 2025 2559; x_wconf 90' lang='lat' dir='ltr'><strong>tis</strong></span> <span class='ocrx_word' id='word_1_372' title='bbox 2057 2503 2264 2575; x_wconf 87' lang='lat' dir='ltr'><strong>capitis</strong></span> <span class='ocrx_word' id='word_1_373' title='bbox 2291 2509 2346 2558; x_wconf 87' lang='lat' dir='ltr'><strong>et</strong></span> <span class='ocrx_word' id='word_1_374' title='bbox 2377 2504 2636 2575; x_wconf 88' lang='lat' dir='ltr'><strong>corporis</strong></span> <span class='ocrx_word' id='word_1_375' title='bbox 2667 2503 3058 2569; x_wconf 72' lang='lat' dir='ltr'><strong>inaestimabili</strong></span> <span class='ocrx_word' id='word_1_376' title='bbox 3109 2505 3414 2563; x_wconf 84' lang='lat' dir='ltr'><strong>dulcedine</strong></span> <span class='ocrx_word' id='word_1_377' title='bbox 3458 2525 3594 2564; x_wconf 89' lang='lat' dir='ltr'><strong>con-</strong></span> 
     </span>
    </p>
   </div>
   <div class='ocr_carea' id='block_1_59' title="bbox 1949 2592 3595 2667">
    <p class='ocr_par' dir='ltr' id='par_1_59' title="bbox 1949 2592 3595 2667">
     <span class='ocr_line' id='line_1_59' title="bbox 1949 2592 3595 2667; baseline 0.002 -19"><span class='ocrx_word' id='word_1_378' title='bbox 1949 2594 2253 2659; x_wconf 88' lang='lat' dir='ltr'><strong>tinentem,</strong></span> <span class='ocrx_word' id='word_1_379' title='bbox 2288 2592 2441 2647; x_wconf 88' lang='lat' dir='ltr'><strong>sicut</strong></span> <span class='ocrx_word' id='word_1_380' title='bbox 2500 2593 2558 2648; x_wconf 91' lang='lat' dir='ltr'><strong>S.</strong></span> <span class='ocrx_word' id='word_1_381' title='bbox 2614 2592 2856 2648; x_wconf 87' lang='lat' dir='ltr'><strong>Joannis</strong></span> <span class='ocrx_word' id='word_1_382' title='bbox 2915 2594 3278 2667; x_wconf 71' lang='lat' dir='ltr'><strong>evangelista:</strong></span> <span class='ocrx_word' id='word_1_383' title='bbox 3339 2597 3595 2653; x_wconf 87' lang='lat' dir='ltr'><strong>narratio</strong></span> 
     </span>
    </p>
   </div>
   <div class='ocr_carea' id='block_1_60' title="bbox 1953 2681 3596 2758">
    <p class='ocr_par' dir='ltr' id='par_1_60' title="bbox 1953 2681 3596 2758">
     <span class='ocr_line' id='line_1_60' title="bbox 1953 2681 3596 2758; baseline 0.002 -22"><span class='ocrx_word' id='word_1_384' title='bbox 1953 2681 2188 2748; x_wconf 86' lang='lat' dir='ltr'><strong>indicat,</strong></span> <span class='ocrx_word' id='word_1_385' title='bbox 2215 2681 2410 2736; x_wconf 80' lang='lat' dir='ltr'><strong>volens</strong></span> <span class='ocrx_word' id='word_1_386' title='bbox 2437 2682 2518 2736; x_wconf 91' lang='lat' dir='ltr'><strong>uti</strong></span> <span class='ocrx_word' id='word_1_387' title='bbox 2542 2687 2821 2755; x_wconf 86' lang='lat' dir='ltr'><strong>potestate</strong></span> <span class='ocrx_word' id='word_1_388' title='bbox 2843 2700 2957 2754; x_wconf 87' lang='lat' dir='ltr'><strong>qua</strong></span> <span class='ocrx_word' id='word_1_389' title='bbox 2981 2689 3316 2758; x_wconf 85' lang='lat' dir='ltr'><strong>susceperat</strong></span> <span class='ocrx_word' id='word_1_390' title='bbox 3337 2686 3596 2741; x_wconf 90' lang='lat' dir='ltr'><strong>animam</strong></span> 
     </span>
    </p>
   </div>
   <div class='ocr_carea' id='block_1_61' title="bbox 1952 2770 3599 2843">
    <p class='ocr_par' dir='ltr' id='par_1_61' title="bbox 1952 2770 3599 2843">
     <span class='ocr_line' id='line_1_61' title="bbox 1952 2770 3599 2843; baseline 0.002 -17"><span class='ocrx_word' id='word_1_391' title='bbox 1952 2772 2023 2826; x_wconf 90' lang='lat' dir='ltr'><strong>ad</strong></span> <span class='ocrx_word' id='word_1_392' title='bbox 2046 2770 2453 2842; x_wconf 89' lang='lat' dir='ltr'><strong>deponendum</strong></span> <span class='ocrx_word' id='word_1_393' title='bbox 2479 2787 2630 2835; x_wconf 90' lang='lat' dir='ltr'><strong>eam,</strong></span> <span class='ocrx_word' id='word_1_394' title='bbox 2647 2776 2708 2825; x_wconf 92' lang='lat' dir='ltr'><strong>ut</strong></span> <span class='ocrx_word' id='word_1_395' title='bbox 2729 2772 2992 2830; x_wconf 86' lang='lat' dir='ltr'><strong>eamdem</strong></span> <span class='ocrx_word' id='word_1_396' title='bbox 3010 2774 3599 2843; x_wconf 85' lang='lat' dir='ltr'><strong>resumeret,inﬁrma</strong></span> 
     </span>
    </p>
   </div>
   <div class='ocr_carea' id='block_1_62' title="bbox 1951 2859 3594 2936">
    <p class='ocr_par' dir='ltr' id='par_1_62' title="bbox 1951 2859 3594 2936">
     <span class='ocr_line' id='line_1_62' title="bbox 1951 2859 3594 2936; baseline 0.003 -23"><span class='ocrx_word' id='word_1_397' title='bbox 1951 2859 2188 2931; x_wconf 86' lang='lat' dir='ltr'><strong>quidem</strong></span> <span class='ocrx_word' id='word_1_398' title='bbox 2230 2875 2422 2925; x_wconf 89' lang='lat' dir='ltr'><strong>carne,</strong></span> <span class='ocrx_word' id='word_1_399' title='bbox 2457 2859 2556 2912; x_wconf 87' lang='lat' dir='ltr'><strong>sed</strong></span> <span class='ocrx_word' id='word_1_400' title='bbox 2613 2866 2882 2933; x_wconf 89' lang='lat' dir='ltr'><strong>prompto</strong></span> <span class='ocrx_word' id='word_1_401' title='bbox 2941 2860 3152 2934; x_wconf 90' lang='lat' dir='ltr'><strong>spiritu</strong></span> <span class='ocrx_word' id='word_1_402' title='bbox 3209 2863 3494 2936; x_wconf 90' lang='lat' dir='ltr'><strong>processit</strong></span> <span class='ocrx_word' id='word_1_403' title='bbox 3523 2862 3594 2928; x_wconf 88' lang='lat' dir='ltr'><strong>ad</strong></span> 
     </span>
    </p>
   </div>
   <div class='ocr_carea' id='block_1_63' title="bbox 1951 2947 3600 3020">
    <p class='ocr_par' dir='ltr' id='par_1_63' title="bbox 1951 2947 3600 3020">
     <span class='ocr_line' id='line_1_63' title="bbox 1951 2947 3600 3020; baseline 0.002 -17"><span class='ocrx_word' id='word_1_404' title='bbox 1951 2965 2205 3014; x_wconf 86' lang='lat' dir='ltr'><strong>crucem,</strong></span> <span class='ocrx_word' id='word_1_405' title='bbox 2242 2952 2306 3002; x_wconf 91' lang='lat' dir='ltr'><strong>ut</strong></span> <span class='ocrx_word' id='word_1_406' title='bbox 2337 2949 2466 3003; x_wconf 86' lang='lat' dir='ltr'><strong>fuso</strong></span> <span class='ocrx_word' id='word_1_407' title='bbox 2498 2947 2782 3020; x_wconf 87' lang='lat' dir='ltr'><strong>sanguine</strong></span> <span class='ocrx_word' id='word_1_408' title='bbox 2815 2951 3106 3006; x_wconf 86' lang='lat' dir='ltr'><strong>testatoris</strong></span> <span class='ocrx_word' id='word_1_409' title='bbox 3154 2952 3391 3007; x_wconf 90' lang='lat' dir='ltr'><strong>ﬁrmum</strong></span> <span class='ocrx_word' id='word_1_410' title='bbox 3436 2952 3600 3007; x_wconf 86' lang='lat' dir='ltr'><strong>ﬁeret</strong></span> 
     </span>
    </p>
   </div>
   <div class='ocr_carea' id='block_1_64' title="bbox 1952 3037 3598 3112">
    <p class='ocr_par' dir='ltr' id='par_1_64' title="bbox 1952 3037 3598 3112">
     <span class='ocr_line' id='line_1_64' title="bbox 1952 3037 3598 3112; baseline 0.001 -19"><span class='ocrx_word' id='word_1_411' title='bbox 1952 3042 2391 3093; x_wconf 81' lang='lat' dir='ltr'><strong>testamentum.</strong></span> <span class='ocrx_word' id='word_1_412' title='bbox 2425 3037 2505 3092; x_wconf 90' lang='lat' dir='ltr'><strong>De</strong></span> <span class='ocrx_word' id='word_1_413' title='bbox 2536 3037 2705 3106; x_wconf 90' lang='lat' dir='ltr'><strong>cujus</strong></span> <span class='ocrx_word' id='word_1_414' title='bbox 2757 3038 3062 3110; x_wconf 79' lang='lat' dir='ltr'><strong>sanguinis</strong></span> <span class='ocrx_word' id='word_1_415' title='bbox 3119 3039 3420 3107; x_wconf 83' lang='lat' dir='ltr'><strong>effusione,</strong></span> <span class='ocrx_word' id='word_1_416' title='bbox 3456 3039 3598 3112; x_wconf 86' lang='lat' dir='ltr'><strong>quid</strong></span> 
     </span>
    </p>
   </div>
   <div class='ocr_carea' id='block_1_65' title="bbox 179 3125 3599 3202">
    <p class='ocr_par' dir='ltr' id='par_1_65' title="bbox 179 3125 3599 3202">
     <span class='ocr_line' id='line_1_65' title="bbox 179 3125 3599 3202; baseline 0 -18"><span class='ocrx_word' id='word_1_417' title='bbox 179 3137 275 3186; x_wconf 90' lang='lat' dir='ltr'><strong>tus</strong></span> <span class='ocrx_word' id='word_1_418' title='bbox 304 3148 374 3184; x_wconf 79' lang='lat' dir='ltr'><strong>ex</strong></span> <span class='ocrx_word' id='word_1_419' title='bbox 406 3129 527 3184; x_wconf 85' lang='lat' dir='ltr'><strong>fide</strong></span> <span class='ocrx_word' id='word_1_420' title='bbox 555 3126 722 3182; x_wconf 89' lang='lat' dir='ltr'><strong>vivis.</strong></span> <span class='ocrx_word' id='word_1_421' title='bbox 751 3126 940 3195; x_wconf 83' lang='lat' dir='ltr'><strong>Hujus</strong></span> <span class='ocrx_word' id='word_1_422' title='bbox 994 3127 1246 3197; x_wconf 88' lang='lat' dir='ltr'><strong>profecto</strong></span> <span class='ocrx_word' id='word_1_423' title='bbox 1288 3126 1672 3196; x_wconf 81' lang='lat' dir='ltr'><strong>justiﬁcantis</strong></span> <span class='ocrx_word' id='word_1_424' title='bbox 1704 3126 1837 3181; x_wconf 88' lang='lat' dir='ltr'><strong>ﬁdei</strong></span> <span class='ocrx_word' id='word_1_425' title='bbox 1872 3139 1913 3202; x_wconf 72' lang='grc' dir='ltr'><strong>ρ</strong></span> <span class='ocrx_word' id='word_1_426' title='bbox 1953 3125 2160 3181; x_wconf 90' lang='lat' dir='ltr'><strong>salutis</strong></span> <span class='ocrx_word' id='word_1_427' title='bbox 2183 3125 2713 3196; x_wconf 88' lang='lat' dir='ltr'><strong>contineat,quidve</strong></span> <span class='ocrx_word' id='word_1_428' title='bbox 2731 3127 2802 3179; x_wconf 93' lang='lat' dir='ltr'><strong>ab</strong></span> <span class='ocrx_word' id='word_1_429' title='bbox 2825 3125 2916 3180; x_wconf 91' lang='lat' dir='ltr'><strong>his</strong></span> <span class='ocrx_word' id='word_1_430' title='bbox 2940 3144 3188 3198; x_wconf 87' lang='lat' dir='ltr'><strong>quorum</strong></span> <span class='ocrx_word' id='word_1_431' title='bbox 3213 3127 3599 3200; x_wconf 87' lang='lat' dir='ltr'><strong>redemptioni</strong></span> 
     </span>
    </p>
   </div>
   <div class='ocr_carea' id='block_1_66' title="bbox 182 3213 1839 3292">
    <p class='ocr_par' dir='ltr' id='par_1_66' title="bbox 182 3213 1839 3292">
     <span class='ocr_line' id='line_1_66' title="bbox 182 3213 1839 3292; baseline -0.002 -17"><span class='ocrx_word' id='word_1_432' title='bbox 182 3219 436 3292; x_wconf 74' lang='lat' dir='ltr'><strong>praevius</strong></span> <span class='ocrx_word' id='word_1_433' title='bbox 470 3221 562 3272; x_wconf 90' lang='lat' dir='ltr'><strong>est</strong></span> <span class='ocrx_word' id='word_1_434' title='bbox 617 3213 1017 3288; x_wconf 89' lang='lat' dir='ltr'><strong>apostolorum</strong></span> <span class='ocrx_word' id='word_1_435' title='bbox 1071 3214 1362 3286; x_wconf 89' lang='lat' dir='ltr'><strong>princeps,</strong></span> <span class='ocrx_word' id='word_1_436' title='bbox 1397 3214 1488 3270; x_wconf 88' lang='lat' dir='ltr'><strong>cui</strong></span> <span class='ocrx_word' id='word_1_437' title='bbox 1519 3215 1839 3286; x_wconf 88' lang='lat' dir='ltr'><strong>primatum</strong></span> 
     </span>
    </p>
   </div>
   <div class='ocr_carea' id='block_1_67' title="bbox 184 3301 1842 3375">
    <p class='ocr_par' dir='ltr' id='par_1_67' title="bbox 184 3301 1842 3375">
     <span class='ocr_line' id='line_1_67' title="bbox 184 3301 1842 3375; baseline -0.003 -12"><span class='ocrx_word' id='word_1_438' title='bbox 184 3308 309 3363; x_wconf 70' lang='grc' dir='ltr'><strong>εωιὶ</strong></span> <span class='ocrx_word' id='word_1_439' title='bbox 331 3312 389 3364; x_wconf 86' lang='lat' dir='ltr'><strong>et</strong></span> <span class='ocrx_word' id='word_1_440' title='bbox 411 3312 584 3367; x_wconf 79' lang='lat' dir='ltr'><strong>terrae</strong></span> <span class='ocrx_word' id='word_1_441' title='bbox 607 3303 758 3359; x_wconf 88' lang='lat' dir='ltr'><strong>inter</strong></span> <span class='ocrx_word' id='word_1_442' title='bbox 787 3301 1069 3358; x_wconf 88' lang='lat' dir='ltr'><strong>coelectos</strong></span> <span class='ocrx_word' id='word_1_443' title='bbox 1099 3301 1230 3357; x_wconf 88' lang='lat' dir='ltr'><strong>ﬁdei</strong></span> <span class='ocrx_word' id='word_1_444' title='bbox 1264 3301 1432 3375; x_wconf 89' lang='lat' dir='ltr'><strong>copia</strong></span> <span class='ocrx_word' id='word_1_445' title='bbox 1461 3301 1842 3369; x_wconf 89' lang='lat' dir='ltr'><strong>contulit,bac</strong></span> 
     </span>
    </p>
   </div>
   <div class='ocr_carea' id='block_1_68' title="bbox 183 3389 1844 3466">
    <p class='ocr_par' dir='ltr' id='par_1_68' title="bbox 183 3389 1844 3466">
     <span class='ocr_line' id='line_1_68' title="bbox 183 3389 1844 3466; baseline -0.002 -14"><span class='ocrx_word' id='word_1_446' title='bbox 183 3395 532 3452; x_wconf 75' lang='lat' dir='ltr'><strong>excellentia</strong></span> <span class='ocrx_word' id='word_1_447' title='bbox 577 3391 908 3466; x_wconf 87' lang='lat' dir='ltr'><strong>dignitatis,</strong></span> <span class='ocrx_word' id='word_1_448' title='bbox 945 3395 1008 3447; x_wconf 91' lang='lat' dir='ltr'><strong>ut</strong></span> <span class='ocrx_word' id='word_1_449' title='bbox 1036 3389 1284 3463; x_wconf 87' lang='lat' dir='ltr'><strong>gratiam</strong></span> <span class='ocrx_word' id='word_1_450' title='bbox 1319 3390 1549 3446; x_wconf 89' lang='lat' dir='ltr'><strong>Domini</strong></span> <span class='ocrx_word' id='word_1_451' title='bbox 1581 3391 1844 3450; x_wconf 80' lang='lat' dir='ltr'><strong>obtinere</strong></span> 
     </span>
    </p>
   </div>
   <div class='ocr_carea' id='block_1_69' title="bbox 184 3479 1843 3555">
    <p class='ocr_par' dir='ltr' id='par_1_69' title="bbox 184 3479 1843 3555">
     <span class='ocr_line' id='line_1_69' title="bbox 184 3479 1843 3555; baseline -0.004 -15"><span class='ocrx_word' id='word_1_452' title='bbox 184 3486 426 3540; x_wconf 87' lang='lat' dir='ltr'><strong>omnino</strong></span> <span class='ocrx_word' id='word_1_453' title='bbox 461 3483 745 3555; x_wconf 89' lang='lat' dir='ltr'><strong>indignus</strong></span> <span class='ocrx_word' id='word_1_454' title='bbox 778 3483 875 3547; x_wconf 88' lang='lat' dir='ltr'><strong>sit,</strong></span> <span class='ocrx_word' id='word_1_455' title='bbox 908 3479 1008 3553; x_wconf 91' lang='lat' dir='ltr'><strong>qui</strong></span> <span class='ocrx_word' id='word_1_456' title='bbox 1040 3479 1307 3554; x_wconf 80' lang='lat' dir='ltr'><strong>clavigeri</strong></span> <span class='ocrx_word' id='word_1_457' title='bbox 1342 3479 1520 3551; x_wconf 83' lang='lat' dir='ltr'><strong>hujus</strong></span> <span class='ocrx_word' id='word_1_458' title='bbox 1569 3479 1843 3536; x_wconf 89' lang='lat' dir='ltr'><strong>obedien-</strong></span> 
     </span>
    </p>
   </div>
   <div class='ocr_carea' id='block_1_70' title="bbox 185 3568 1842 3642">
    <p class='ocr_par' dir='ltr' id='par_1_70' title="bbox 185 3568 1842 3642">
     <span class='ocr_line' id='line_1_70' title="bbox 185 3568 1842 3642; baseline -0.004 -14"><span class='ocrx_word' id='word_1_459' title='bbox 185 3576 328 3629; x_wconf 87' lang='lat' dir='ltr'><strong>tiam</strong></span> <span class='ocrx_word' id='word_1_460' title='bbox 355 3591 476 3628; x_wconf 89' lang='lat' dir='ltr'><strong>non</strong></span> <span class='ocrx_word' id='word_1_461' title='bbox 509 3571 786 3635; x_wconf 89' lang='lat' dir='ltr'><strong>custodit,</strong></span> <span class='ocrx_word' id='word_1_462' title='bbox 820 3587 925 3625; x_wconf 88' lang='lat' dir='ltr'><strong>nec</strong></span> <span class='ocrx_word' id='word_1_463' title='bbox 954 3586 1197 3642; x_wconf 87' lang='lat' dir='ltr'><strong>regnum</strong></span> <span class='ocrx_word' id='word_1_464' title='bbox 1228 3568 1325 3624; x_wconf 90' lang='lat' dir='ltr'><strong>Dei</strong></span> <span class='ocrx_word' id='word_1_465' title='bbox 1360 3569 1576 3625; x_wconf 89' lang='lat' dir='ltr'><strong>intrare</strong></span> <span class='ocrx_word' id='word_1_466' title='bbox 1606 3569 1842 3641; x_wconf 90' lang='lat' dir='ltr'><strong>permit-</strong></span> 
     </span>
    </p>
   </div>
   <div class='ocr_carea' id='block_1_71' title="bbox 183 3657 1844 3732">
    <p class='ocr_par' dir='ltr' id='par_1_71' title="bbox 183 3657 1844 3732">
     <span class='ocr_line' id='line_1_71' title="bbox 183 3657 1844 3732; baseline -0.003 -14"><span class='ocrx_word' id='word_1_467' title='bbox 183 3662 464 3729; x_wconf 87' lang='lat' dir='ltr'><strong>titur,cui</strong></span> <span class='ocrx_word' id='word_1_468' title='bbox 502 3677 617 3716; x_wconf 90' lang='lat' dir='ltr'><strong>non</strong></span> <span class='ocrx_word' id='word_1_469' title='bbox 651 3664 887 3732; x_wconf 79' lang='lat' dir='ltr'><strong>praestat</strong></span> <span class='ocrx_word' id='word_1_470' title='bbox 916 3659 1223 3714; x_wconf 85' lang='lat' dir='ltr'><strong>introitum</strong></span> <span class='ocrx_word' id='word_1_471' title='bbox 1257 3657 1435 3714; x_wconf 85' lang='lat' dir='ltr'><strong>clavis</strong></span> <span class='ocrx_word' id='word_1_472' title='bbox 1470 3658 1650 3727; x_wconf 88' lang='lat' dir='ltr'><strong>Petri;</strong></span> <span class='ocrx_word' id='word_1_473' title='bbox 1675 3659 1844 3730; x_wconf 89' lang='lat' dir='ltr'><strong>cujus</strong></span> 
     </span>
    </p>
   </div>
   <div class='ocr_carea' id='block_1_72' title="bbox 182 3746 1845 3823">
    <p class='ocr_par' dir='ltr' id='par_1_72' title="bbox 182 3746 1845 3823">
     <span class='ocr_line' id='line_1_72' title="bbox 182 3746 1845 3823; baseline -0.004 -16"><span class='ocrx_word' id='word_1_474' title='bbox 182 3753 345 3808; x_wconf 85' lang='lat' dir='ltr'><strong>enim</strong></span> <span class='ocrx_word' id='word_1_475' title='bbox 377 3755 690 3823; x_wconf 86' lang='lat' dir='ltr'><strong>peccatum</strong></span> <span class='ocrx_word' id='word_1_476' title='bbox 725 3749 954 3817; x_wconf 87' lang='lat' dir='ltr'><strong>retinet,</strong></span> <span class='ocrx_word' id='word_1_477' title='bbox 990 3753 1279 3804; x_wconf 90' lang='lat' dir='ltr'><strong>retentum</strong></span> <span class='ocrx_word' id='word_1_478' title='bbox 1329 3751 1436 3814; x_wconf 85' lang='lat' dir='ltr'><strong>est,</strong></span> <span class='ocrx_word' id='word_1_479' title='bbox 1471 3752 1527 3803; x_wconf 92' lang='lat' dir='ltr'><strong>et</strong></span> <span class='ocrx_word' id='word_1_480' title='bbox 1557 3749 1726 3818; x_wconf 89' lang='lat' dir='ltr'><strong>cujus</strong></span> <span class='ocrx_word' id='word_1_481' title='bbox 1758 3746 1845 3802; x_wconf 91' lang='lat' dir='ltr'><strong>di-</strong></span> 
     </span>
    </p>
   </div>
   <div class='ocr_carea' id='block_1_73' title="bbox 180 3835 1845 3916">
    <p class='ocr_par' dir='ltr' id='par_1_73' title="bbox 180 3835 1845 3916">
     <span class='ocr_line' id='line_1_73' title="bbox 180 3835 1845 3916; baseline -0.003 -19"><span class='ocrx_word' id='word_1_482' title='bbox 180 3840 385 3907; x_wconf 83' lang='lat' dir='ltr'><strong>mittit,</strong></span> <span class='ocrx_word' id='word_1_483' title='bbox 413 3839 759 3896; x_wconf 89' lang='lat' dir='ltr'><strong>dimissum.</strong></span> <span class='ocrx_word' id='word_1_484' title='bbox 779 3839 892 3893; x_wconf 81' lang='lat' dir='ltr'><strong>[loc</strong></span> <span class='ocrx_word' id='word_1_485' title='bbox 922 3837 1152 3893; x_wconf 76' lang='lat' dir='ltr'><strong>cmleste</strong></span> <span class='ocrx_word' id='word_1_486' title='bbox 1186 3853 1427 3902; x_wconf 90' lang='lat' dir='ltr'><strong>munus,</strong></span> <span class='ocrx_word' id='word_1_487' title='bbox 1445 3840 1500 3891; x_wconf 89' lang='lat' dir='ltr'><strong>et</strong></span> <span class='ocrx_word' id='word_1_488' title='bbox 1524 3835 1845 3916; x_wconf 80' lang='lat' dir='ltr'><strong>spiritualis</strong></span> 
     </span>
    </p>
   </div>
   <div class='ocr_carea' id='block_1_74' title="bbox 182 3923 1846 4003">
    <p class='ocr_par' dir='ltr' id='par_1_74' title="bbox 182 3923 1846 4003">
     <span class='ocr_line' id='line_1_74' title="bbox 182 3923 1846 4003; baseline -0.004 -19"><span class='ocrx_word' id='word_1_489' title='bbox 182 3929 476 4003; x_wconf 83' lang='lat' dir='ltr'><strong>potentia,</strong></span> <span class='ocrx_word' id='word_1_490' title='bbox 509 3925 779 4000; x_wconf 86' lang='lat' dir='ltr'><strong>quamvis</strong></span> <span class='ocrx_word' id='word_1_491' title='bbox 838 3925 1118 3997; x_wconf 86' lang='lat' dir='ltr'><strong>largiente</strong></span> <span class='ocrx_word' id='word_1_492' title='bbox 1179 3924 1560 3996; x_wconf 81' lang='lat' dir='ltr'><strong>Redemptore</strong></span> <span class='ocrx_word' id='word_1_493' title='bbox 1613 3923 1846 3979; x_wconf 88' lang='lat' dir='ltr'><strong>cunctis</strong></span> 
     </span>
    </p>
   </div>
   <div class='ocr_carea' id='block_1_75' title="bbox 181 4011 1848 4087">
    <p class='ocr_par' dir='ltr' id='par_1_75' title="bbox 181 4011 1848 4087">
     <span class='ocr_line' id='line_1_75' title="bbox 181 4011 1848 4087; baseline -0.001 -15"><span class='ocrx_word' id='word_1_494' title='bbox 181 4015 472 4087; x_wconf 76' lang='lat' dir='ltr'><strong>apostolis</strong></span> <span class='ocrx_word' id='word_1_495' title='bbox 507 4015 644 4070; x_wconf 85' lang='lat' dir='ltr'><strong>data</strong></span> <span class='ocrx_word' id='word_1_496' title='bbox 674 4014 769 4080; x_wconf 89' lang='lat' dir='ltr'><strong>sit,</strong></span> <span class='ocrx_word' id='word_1_497' title='bbox 805 4011 1116 4085; x_wconf 86' lang='lat' dir='ltr'><strong>specialius</strong></span> <span class='ocrx_word' id='word_1_498' title='bbox 1148 4017 1344 4068; x_wconf 89' lang='lat' dir='ltr'><strong>tamen</strong></span> <span class='ocrx_word' id='word_1_499' title='bbox 1373 4011 1433 4066; x_wconf 91' lang='lat' dir='ltr'><strong>in</strong></span> <span class='ocrx_word' id='word_1_500' title='bbox 1464 4011 1562 4068; x_wconf 93' lang='lat' dir='ltr'><strong>illo</strong></span> <span class='ocrx_word' id='word_1_501' title='bbox 1593 4013 1848 4070; x_wconf 84' lang='lat' dir='ltr'><strong>eminere</strong></span> 
     </span>
    </p>
   </div>
   <div class='ocr_carea' id='block_1_76' title="bbox 182 4101 1851 4176">
    <p class='ocr_par' dir='ltr' id='par_1_76' title="bbox 182 4101 1851 4176">
     <span class='ocr_line' id='line_1_76' title="bbox 182 4101 1851 4176; baseline -0.001 -18"><span class='ocrx_word' id='word_1_502' title='bbox 182 4107 441 4173; x_wconf 76' lang='lat' dir='ltr'><strong>videtur,</strong></span> <span class='ocrx_word' id='word_1_503' title='bbox 467 4103 570 4176; x_wconf 82' lang='lat' dir='ltr'><strong>qui</strong></span> <span class='ocrx_word' id='word_1_504' title='bbox 601 4108 660 4158; x_wconf 90' lang='lat' dir='ltr'><strong>ct</strong></span> <span class='ocrx_word' id='word_1_505' title='bbox 686 4103 756 4158; x_wconf 87' lang='lat' dir='ltr'><strong>de</strong></span> <span class='ocrx_word' id='word_1_506' title='bbox 779 4119 974 4157; x_wconf 85' lang='lat' dir='ltr'><strong>amore</strong></span> <span class='ocrx_word' id='word_1_507' title='bbox 993 4118 1067 4156; x_wconf 89' lang='lat' dir='ltr'><strong>an</strong></span> <span class='ocrx_word' id='word_1_508' title='bbox 1089 4101 1222 4173; x_wconf 85' lang='lat' dir='ltr'><strong>plus</strong></span> <span class='ocrx_word' id='word_1_509' title='bbox 1246 4101 1377 4158; x_wconf 90' lang='lat' dir='ltr'><strong>aliis</strong></span> <span class='ocrx_word' id='word_1_510' title='bbox 1395 4101 1702 4174; x_wconf 86' lang='lat' dir='ltr'><strong>discipulis</strong></span> <span class='ocrx_word' id='word_1_511' title='bbox 1725 4101 1851 4157; x_wconf 89' lang='lat' dir='ltr'><strong>dili-</strong></span> 
     </span>
    </p>
   </div>
   <div class='ocr_carea' id='block_1_77' title="bbox 189 4189 1850 4268">
    <p class='ocr_par' dir='ltr' id='par_1_77' title="bbox 189 4189 1850 4268">
     <span class='ocr_line' id='line_1_77' title="bbox 189 4189 1850 4268; baseline -0.002 -18"><span class='ocrx_word' id='word_1_512' title='bbox 189 4192 608 4268; x_wconf 79' lang='lat' dir='ltr'><strong>geret.saepius</strong></span> <span class='ocrx_word' id='word_1_513' title='bbox 639 4195 1020 4264; x_wconf 78' lang='lat' dir='ltr'><strong>praetentatus</strong></span> <span class='ocrx_word' id='word_1_514' title='bbox 1045 4196 1154 4258; x_wconf 90' lang='lat' dir='ltr'><strong>est,</strong></span> <span class='ocrx_word' id='word_1_515' title='bbox 1178 4196 1234 4246; x_wconf 92' lang='lat' dir='ltr'><strong>et</strong></span> <span class='ocrx_word' id='word_1_516' title='bbox 1255 4189 1606 4262; x_wconf 89' lang='lat' dir='ltr'><strong>peculiarius</strong></span> <span class='ocrx_word' id='word_1_517' title='bbox 1639 4191 1709 4248; x_wconf 87' lang='lat' dir='ltr'><strong>de</strong></span> <span class='ocrx_word' id='word_1_518' title='bbox 1739 4190 1850 4247; x_wconf 85' lang='lat' dir='ltr'><strong>sol-</strong></span> 
     </span>
    </p>
   </div>
   <div class='ocr_carea' id='block_1_78' title="bbox 189 4279 1579 4354">
    <p class='ocr_par' dir='ltr' id='par_1_78' title="bbox 189 4279 1579 4354">
     <span class='ocr_line' id='line_1_78' title="bbox 189 4279 1579 4354; baseline -0.004 -15"><span class='ocrx_word' id='word_1_519' title='bbox 189 4282 503 4340; x_wconf 88' lang='lat' dir='ltr'><strong>licitudine</strong></span> <span class='ocrx_word' id='word_1_520' title='bbox 535 4279 732 4338; x_wconf 80' lang='lat' dir='ltr'><strong>ovium</strong></span> <span class='ocrx_word' id='word_1_521' title='bbox 765 4280 1191 4354; x_wconf 85' lang='lat' dir='ltr'><strong>pascendarum</strong></span> <span class='ocrx_word' id='word_1_522' title='bbox 1223 4279 1579 4335; x_wconf 88' lang='lat' dir='ltr'><strong>admonitus.</strong></span> 
     </span>
    </p>
   </div>
   <div class='ocr_carea' id='block_1_79' title="bbox 799 4368 1260 4426">
    <p class='ocr_par' dir='ltr' id='par_1_79' title="bbox 799 4368 1260 4426">
     <span class='ocr_line' id='line_1_79' title="bbox 799 4368 1260 4426; baseline -0.009 -1"><span class='ocrx_word' id='word_1_523' title='bbox 799 4368 1028 4426; x_wconf 85' lang='lat' dir='ltr'><strong>CAPUT</strong></span> <span class='ocrx_word' id='word_1_524' title='bbox 1067 4368 1260 4424; x_wconf 84' lang='lat' dir='ltr'><strong>XVIII.</strong></span> 
     </span>
    </p>
   </div>
   <div class='ocr_carea' id='block_1_80' title="bbox 265 4457 1848 4531">
    <p class='ocr_par' dir='ltr' id='par_1_80' title="bbox 265 4457 1848 4531">
     <span class='ocr_line' id='line_1_80' title="bbox 265 4457 1848 4531; baseline -0.003 -12"><span class='ocrx_word' id='word_1_525' title='bbox 265 4462 480 4520; x_wconf 81' lang='lat' dir='ltr'><strong>Electis</strong></span> <span class='ocrx_word' id='word_1_526' title='bbox 504 4463 703 4516; x_wconf 87' lang='lat' dir='ltr'><strong>autem</strong></span> <span class='ocrx_word' id='word_1_527' title='bbox 736 4457 1064 4530; x_wconf 88' lang='lat' dir='ltr'><strong>discipulis,</strong></span> <span class='ocrx_word' id='word_1_528' title='bbox 1095 4462 1152 4512; x_wconf 92' lang='lat' dir='ltr'><strong>et</strong></span> <span class='ocrx_word' id='word_1_529' title='bbox 1183 4457 1242 4512; x_wconf 89' lang='lat' dir='ltr'><strong>in</strong></span> <span class='ocrx_word' id='word_1_530' title='bbox 1278 4473 1521 4531; x_wconf 90' lang='lat' dir='ltr'><strong>regnum</strong></span> <span class='ocrx_word' id='word_1_531' title='bbox 1547 4457 1682 4514; x_wconf 89' lang='lat' dir='ltr'><strong>ﬁliis</strong></span> <span class='ocrx_word' id='word_1_532' title='bbox 1713 4459 1848 4515; x_wconf 87' lang='lat' dir='ltr'><strong>ado-</strong></span> 
     </span>
    </p>
   </div>
   <div class='ocr_carea' id='block_1_81' title="bbox 195 4545 1849 4625">
    <p class='ocr_par' dir='ltr' id='par_1_81' title="bbox 195 4545 1849 4625">
     <span class='ocr_line' id='line_1_81' title="bbox 195 4545 1849 4625; baseline -0.003 -19"><span class='ocrx_word' id='word_1_533' title='bbox 195 4554 390 4625; x_wconf 84' lang='lat' dir='ltr'><strong>ptatis,</strong></span> <span class='ocrx_word' id='word_1_534' title='bbox 421 4547 850 4609; x_wconf 88' lang='lat' dir='ltr'><strong>miraculorum</strong></span> <span class='ocrx_word' id='word_1_535' title='bbox 881 4563 1111 4619; x_wconf 87' lang='lat' dir='ltr'><strong>quoque</strong></span> <span class='ocrx_word' id='word_1_536' title='bbox 1151 4545 1357 4618; x_wconf 88' lang='lat' dir='ltr'><strong>signis,</strong></span> <span class='ocrx_word' id='word_1_537' title='bbox 1391 4564 1517 4618; x_wconf 77' lang='lat' dir='ltr'><strong>quae</strong></span> <span class='ocrx_word' id='word_1_538' title='bbox 1547 4564 1849 4619; x_wconf 91' lang='lat' dir='ltr'><strong>nunquam</strong></span> 
     </span>
    </p>
   </div>
   <div class='ocr_carea' id='block_1_82' title="bbox 194 4634 1848 4714">
    <p class='ocr_par' dir='ltr' id='par_1_82' title="bbox 194 4634 1848 4714">
     <span class='ocr_line' id='line_1_82' title="bbox 194 4634 1848 4714; baseline -0.003 -19"><span class='ocrx_word' id='word_1_539' title='bbox 194 4646 387 4714; x_wconf 84' lang='lat' dir='ltr'><strong>posset</strong></span> <span class='ocrx_word' id='word_1_540' title='bbox 419 4641 614 4696; x_wconf 88' lang='lat' dir='ltr'><strong>facere</strong></span> <span class='ocrx_word' id='word_1_541' title='bbox 663 4641 896 4694; x_wconf 88' lang='lat' dir='ltr'><strong>tantum</strong></span> <span class='ocrx_word' id='word_1_542' title='bbox 950 4634 1144 4702; x_wconf 89' lang='lat' dir='ltr'>homo,</span> <span class='ocrx_word' id='word_1_543' title='bbox 1180 4639 1236 4690; x_wconf 90' lang='lat' dir='ltr'><strong>et</strong></span> <span class='ocrx_word' id='word_1_544' title='bbox 1284 4651 1410 4706; x_wconf 82' lang='lat' dir='ltr'><strong>quae</strong></span> <span class='ocrx_word' id='word_1_545' title='bbox 1470 4635 1848 4706; x_wconf 90' lang='lat' dir='ltr'><strong>operatricem</strong></span> 
     </span>
    </p>
   </div>
   <div class='ocr_carea' id='block_1_83' title="bbox 195 4723 1852 4796">
    <p class='ocr_par' dir='ltr' id='par_1_83' title="bbox 195 4723 1852 4796">
     <span class='ocr_line' id='line_1_83' title="bbox 195 4723 1852 4796; baseline -0.003 -11"><span class='ocrx_word' id='word_1_546' title='bbox 195 4730 574 4785; x_wconf 81' lang='lat' dir='ltr'><strong>Divinitatem</strong></span> <span class='ocrx_word' id='word_1_547' title='bbox 605 4727 797 4783; x_wconf 88' lang='lat' dir='ltr'><strong>inesse</strong></span> <span class='ocrx_word' id='word_1_548' title='bbox 823 4723 1200 4796; x_wconf 85' lang='lat' dir='ltr'><strong>corporaliter</strong></span> <span class='ocrx_word' id='word_1_549' title='bbox 1221 4723 1365 4778; x_wconf 88' lang='lat' dir='ltr'><strong>Filio</strong></span> <span class='ocrx_word' id='word_1_550' title='bbox 1385 4723 1642 4780; x_wconf 89' lang='lat' dir='ltr'>hominis</span> <span class='ocrx_word' id='word_1_551' title='bbox 1676 4724 1852 4780; x_wconf 87' lang='lat' dir='ltr'><strong>indis-</strong></span> 
     </span>
    </p>
   </div>
   <div class='ocr_carea' id='block_1_84' title="bbox 193 4811 1848 4886">
    <p class='ocr_par' dir='ltr' id='par_1_84' title="bbox 193 4811 1848 4886">
     <span class='ocr_line' id='line_1_84' title="bbox 193 4811 1848 4886; baseline -0.004 -12"><span class='ocrx_word' id='word_1_552' title='bbox 193 4817 520 4874; x_wconf 86' lang='lat' dir='ltr'><strong>simulabili</strong></span> <span class='ocrx_word' id='word_1_553' title='bbox 553 4815 794 4871; x_wconf 89' lang='lat' dir='ltr'><strong>veritate</strong></span> <span class='ocrx_word' id='word_1_554' title='bbox 817 4817 1148 4886; x_wconf 86' lang='lat' dir='ltr'><strong>arguerent,</strong></span> <span class='ocrx_word' id='word_1_555' title='bbox 1165 4811 1532 4868; x_wconf 89' lang='lat' dir='ltr'><strong>abundanter</strong></span> <span class='ocrx_word' id='word_1_556' title='bbox 1556 4812 1848 4880; x_wconf 85' lang='lat' dir='ltr'><strong>exhibitis,</strong></span> 
     </span>
    </p>
   </div>
   <div class='ocr_carea' id='block_1_85' title="bbox 194 4901 1853 4973">
    <p class='ocr_par' dir='ltr' id='par_1_85' title="bbox 194 4901 1853 4973">
     <span class='ocr_line' id='line_1_85' title="bbox 194 4901 1853 4973; baseline -0.005 -9"><span class='ocrx_word' id='word_1_557' title='bbox 194 4925 323 4964; x_wconf 90' lang='lat' dir='ltr'><strong>cum</strong></span> <span class='ocrx_word' id='word_1_558' title='bbox 376 4909 632 4962; x_wconf 86' lang='lat' dir='ltr'><strong>instaret</strong></span> <span class='ocrx_word' id='word_1_559' title='bbox 679 4903 822 4958; x_wconf 90' lang='lat' dir='ltr'><strong>hora</strong></span> <span class='ocrx_word' id='word_1_560' title='bbox 855 4902 911 4956; x_wconf 82' lang='lat' dir='ltr'><strong>in</strong></span> <span class='ocrx_word' id='word_1_561' title='bbox 945 4917 1061 4973; x_wconf 89' lang='lat' dir='ltr'><strong>qua</strong></span> <span class='ocrx_word' id='word_1_562' title='bbox 1085 4918 1154 4957; x_wconf 86' lang='lat' dir='ltr'><strong>ex</strong></span> <span class='ocrx_word' id='word_1_563' title='bbox 1185 4901 1294 4957; x_wconf 88' lang='lat' dir='ltr'><strong>hoc</strong></span> <span class='ocrx_word' id='word_1_564' title='bbox 1323 4903 1543 4958; x_wconf 91' lang='lat' dir='ltr'><strong>mundo</strong></span> <span class='ocrx_word' id='word_1_565' title='bbox 1577 4902 1853 4957; x_wconf 84' lang='lat' dir='ltr'><strong>transiret</strong></span> 
     </span>
    </p>
   </div>
   <div class='ocr_carea' id='block_1_86' title="bbox 194 4989 1850 5064">
    <p class='ocr_par' dir='ltr' id='par_1_86' title="bbox 194 4989 1850 5064">
     <span class='ocr_line' id='line_1_86' title="bbox 194 4989 1850 5064; baseline -0.005 -11"><span class='ocrx_word' id='word_1_566' title='bbox 194 4999 259 5052; x_wconf 81' lang='lat' dir='ltr'><strong>ad</strong></span> <span class='ocrx_word' id='word_1_567' title='bbox 294 4997 555 5060; x_wconf 84' lang='lat' dir='ltr'><strong>Patrem,</strong></span> <span class='ocrx_word' id='word_1_568' title='bbox 590 4997 874 5064; x_wconf 74' lang='lat' dir='ltr'><strong>susceptae</strong></span> <span class='ocrx_word' id='word_1_569' title='bbox 917 4989 1269 5052; x_wconf 79' lang='lat' dir='ltr'><strong>humilitatis</strong></span> <span class='ocrx_word' id='word_1_570' title='bbox 1299 4996 1357 5046; x_wconf 91' lang='lat' dir='ltr'><strong>et</strong></span> <span class='ocrx_word' id='word_1_571' title='bbox 1387 4991 1687 5046; x_wconf 86' lang='lat' dir='ltr'><strong>charitatis</strong></span> <span class='ocrx_word' id='word_1_572' title='bbox 1720 5007 1850 5062; x_wconf 83' lang='lat' dir='ltr'><strong>pro-</strong></span> 
     </span>
    </p>
   </div>
   <div class='ocr_carea' id='block_1_87' title="bbox 196 5079 1850 5158">
    <p class='ocr_par' dir='ltr' id='par_1_87' title="bbox 196 5079 1850 5158">
     <span class='ocr_line' id='line_1_87' title="bbox 196 5079 1850 5158; baseline -0.004 -18"><span class='ocrx_word' id='word_1_573' title='bbox 196 5086 452 5158; x_wconf 80' lang='lat' dir='ltr'><strong>positum</strong></span> <span class='ocrx_word' id='word_1_574' title='bbox 480 5100 740 5152; x_wconf 78' lang='lat' dir='ltr'><strong>servans,</strong></span> <span class='ocrx_word' id='word_1_575' title='bbox 769 5086 831 5136; x_wconf 92' lang='lat' dir='ltr'><strong>ut</strong></span> <span class='ocrx_word' id='word_1_576' title='bbox 861 5080 1259 5137; x_wconf 81' lang='lat' dir='ltr'><strong>cohaeredibus</strong></span> <span class='ocrx_word' id='word_1_577' title='bbox 1292 5079 1414 5134; x_wconf 90' lang='lat' dir='ltr'><strong>suis</strong></span> <span class='ocrx_word' id='word_1_578' title='bbox 1440 5083 1661 5134; x_wconf 83' lang='lat' dir='ltr'><strong>certam</strong></span> <span class='ocrx_word' id='word_1_579' title='bbox 1687 5096 1850 5150; x_wconf 89' lang='lat' dir='ltr'><strong>spem</strong></span> 
     </span>
    </p>
   </div>
   <div class='ocr_carea' id='block_1_88' title="bbox 193 5167 1852 5243">
    <p class='ocr_par' dir='ltr' id='par_1_88' title="bbox 193 5167 1852 5243">
     <span class='ocr_line' id='line_1_88' title="bbox 193 5167 1852 5243; baseline -0.003 -14"><span class='ocrx_word' id='word_1_580' title='bbox 193 5172 554 5232; x_wconf 64' lang='lat' dir='ltr'><strong>hereditatis</strong></span> <span class='ocrx_word' id='word_1_581' title='bbox 597 5171 968 5243; x_wconf 85' lang='lat' dir='ltr'><strong>relinqueret,</strong></span> <span class='ocrx_word' id='word_1_582' title='bbox 1004 5184 1215 5226; x_wconf 91' lang='lat' dir='ltr'><strong>novum</strong></span> <span class='ocrx_word' id='word_1_583' title='bbox 1249 5167 1307 5222; x_wconf 92' lang='lat' dir='ltr'><strong>in</strong></span> <span class='ocrx_word' id='word_1_584' title='bbox 1340 5185 1401 5223; x_wconf 89' lang='lat' dir='ltr'><strong>se</strong></span> <span class='ocrx_word' id='word_1_585' title='bbox 1431 5167 1557 5239; x_wconf 90' lang='lat' dir='ltr'><strong>ipso</strong></span> <span class='ocrx_word' id='word_1_586' title='bbox 1590 5167 1852 5224; x_wconf 91' lang='lat' dir='ltr'><strong>condidit</strong></span> 
     </span>
    </p>
   </div>
   <div class='ocr_carea' id='block_1_89' title="bbox 193 5255 1849 5330">
    <p class='ocr_par' dir='ltr' id='par_1_89' title="bbox 193 5255 1849 5330">
     <span class='ocr_line' id='line_1_89' title="bbox 193 5255 1849 5330; baseline -0.005 -10"><span class='ocrx_word' id='word_1_587' title='bbox 193 5264 668 5327; x_wconf 82' lang='lat' dir='ltr'><strong>Testamentum,</strong></span> <span class='ocrx_word' id='word_1_588' title='bbox 703 5259 1028 5316; x_wconf 85' lang='lat' dir='ltr'><strong>secundum</strong></span> <span class='ocrx_word' id='word_1_589' title='bbox 1063 5255 1217 5330; x_wconf 85' lang='lat' dir='ltr'><strong>quod</strong></span> <span class='ocrx_word' id='word_1_590' title='bbox 1246 5259 1414 5311; x_wconf 90' lang='lat' dir='ltr'><strong>vetus</strong></span> <span class='ocrx_word' id='word_1_591' title='bbox 1446 5256 1620 5312; x_wconf 90' lang='lat' dir='ltr'>homo</span> <span class='ocrx_word' id='word_1_592' title='bbox 1655 5256 1711 5311; x_wconf 91' lang='lat' dir='ltr'><strong>in</strong></span> <span class='ocrx_word' id='word_1_593' title='bbox 1746 5274 1849 5312; x_wconf 89' lang='lat' dir='ltr'><strong>no-</strong></span> 
     </span>
    </p>
   </div>
   <div class='ocr_carea' id='block_1_90' title="bbox 193 5343 1850 5418">
    <p class='ocr_par' dir='ltr' id='par_1_90' title="bbox 193 5343 1850 5418">
     <span class='ocr_line' id='line_1_90' title="bbox 193 5343 1850 5418; baseline -0.004 -11"><span class='ocrx_word' id='word_1_594' title='bbox 193 5368 320 5408; x_wconf 85' lang='lat' dir='ltr'><strong>vam</strong></span> <span class='ocrx_word' id='word_1_595' title='bbox 353 5355 689 5409; x_wconf 82' lang='lat' dir='ltr'><strong>creaturam</strong></span> <span class='ocrx_word' id='word_1_596' title='bbox 720 5345 1143 5405; x_wconf 80' lang='lat' dir='ltr'><strong>convertendus</strong></span> <span class='ocrx_word' id='word_1_597' title='bbox 1200 5343 1533 5400; x_wconf 89' lang='lat' dir='ltr'><strong>ablueretur</strong></span> <span class='ocrx_word' id='word_1_598' title='bbox 1561 5363 1664 5418; x_wconf 90' lang='lat' dir='ltr'><strong>per</strong></span> <span class='ocrx_word' id='word_1_599' title='bbox 1692 5344 1850 5401; x_wconf 88' lang='lat' dir='ltr'><strong>lava-</strong></span> 
     </span>
    </p>
   </div>
   <div class='ocr_carea' id='block_1_91' title="bbox 192 5432 1849 5513">
    <p class='ocr_par' dir='ltr' id='par_1_91' title="bbox 192 5432 1849 5513">
     <span class='ocr_line' id='line_1_91' title="bbox 192 5432 1849 5513; baseline -0.003 -18"><span class='ocrx_word' id='word_1_600' title='bbox 192 5457 351 5498; x_wconf 89' lang='lat' dir='ltr'><strong>crum</strong></span> <span class='ocrx_word' id='word_1_601' title='bbox 385 5435 873 5513; x_wconf 85' lang='lat' dir='ltr'><strong>regenerationis,</strong></span> <span class='ocrx_word' id='word_1_602' title='bbox 905 5433 1282 5508; x_wconf 90' lang='lat' dir='ltr'><strong>postmodum</strong></span> <span class='ocrx_word' id='word_1_603' title='bbox 1341 5433 1412 5489; x_wconf 91' lang='lat' dir='ltr'><strong>de</strong></span> <span class='ocrx_word' id='word_1_604' title='bbox 1460 5432 1676 5490; x_wconf 86' lang='lat' dir='ltr'><strong>Christi</strong></span> <span class='ocrx_word' id='word_1_605' title='bbox 1723 5451 1849 5490; x_wconf 90' lang='lat' dir='ltr'><strong>cor-</strong></span> 
     </span>
    </p>
   </div>
   <div class='ocr_carea' id='block_1_92' title="bbox 194 5521 1845 5605">
    <p class='ocr_par' dir='ltr' id='par_1_92' title="bbox 194 5521 1845 5605">
     <span class='ocr_line' id='line_1_92' title="bbox 194 5521 1845 5605; baseline -0.004 -16"><span class='ocrx_word' id='word_1_606' title='bbox 194 5547 325 5605; x_wconf 82' lang='lat' dir='ltr'><strong>pore</strong></span> <span class='ocrx_word' id='word_1_607' title='bbox 353 5531 722 5596; x_wconf 76' lang='lat' dir='ltr'><strong>reﬁceretur,</strong></span> <span class='ocrx_word' id='word_1_608' title='bbox 754 5524 913 5603; x_wconf 87' lang='lat' dir='ltr'><strong>quod</strong></span> <span class='ocrx_word' id='word_1_609' title='bbox 938 5523 1016 5582; x_wconf 86' lang='lat' dir='ltr'><strong>de</strong></span> <span class='ocrx_word' id='word_1_610' title='bbox 1045 5521 1282 5599; x_wconf 80' lang='lat' dir='ltr'><strong>Virgine</strong></span> <span class='ocrx_word' id='word_1_611' title='bbox 1339 5527 1644 5600; x_wconf 80' lang='lat' dir='ltr'><strong>sumptum</strong></span> <span class='ocrx_word' id='word_1_612' title='bbox 1701 5528 1845 5586; x_wconf 86' lang='lat' dir='ltr'><strong>erat.</strong></span> 
     </span>
    </p>
   </div>
   <div class='ocr_carea' id='block_1_93' title="bbox 1953 3213 3597 3288">
    <p class='ocr_par' dir='ltr' id='par_1_93' title="bbox 1953 3213 3597 3288">
     <span class='ocr_line' id='line_1_93' title="bbox 1953 3213 3597 3288; baseline 0 -16"><span class='ocrx_word' id='word_1_613' title='bbox 1953 3218 2121 3272; x_wconf 89' lang='lat' dir='ltr'><strong>fusus</strong></span> <span class='ocrx_word' id='word_1_614' title='bbox 2149 3220 2255 3282; x_wconf 90' lang='lat' dir='ltr'><strong>est,</strong></span> <span class='ocrx_word' id='word_1_615' title='bbox 2293 3219 2607 3283; x_wconf 87' lang='lat' dir='ltr'><strong>mereatur,</strong></span> <span class='ocrx_word' id='word_1_616' title='bbox 2641 3213 2748 3270; x_wconf 90' lang='lat' dir='ltr'><strong>hoc</strong></span> <span class='ocrx_word' id='word_1_617' title='bbox 2799 3214 3164 3271; x_wconf 89' lang='lat' dir='ltr'><strong>sentiendum</strong></span> <span class='ocrx_word' id='word_1_618' title='bbox 3217 3221 3304 3272; x_wconf 89' lang='lat' dir='ltr'><strong>est</strong></span> <span class='ocrx_word' id='word_1_619' title='bbox 3338 3217 3490 3288; x_wconf 89' lang='lat' dir='ltr'><strong>quod</strong></span> <span class='ocrx_word' id='word_1_620' title='bbox 3525 3217 3597 3273; x_wconf 88' lang='lat' dir='ltr'><strong>ad</strong></span> 
     </span>
    </p>
   </div>
   <div class='ocr_carea' id='block_1_94' title="bbox 1953 3301 3599 3376">
    <p class='ocr_par' dir='ltr' id='par_1_94' title="bbox 1953 3301 3599 3376">
     <span class='ocr_line' id='line_1_94' title="bbox 1953 3301 3599 3376; baseline 0.001 -18"><span class='ocrx_word' id='word_1_621' title='bbox 1953 3303 2394 3359; x_wconf 89' lang='lat' dir='ltr'><strong>retribuendum</strong></span> <span class='ocrx_word' id='word_1_622' title='bbox 2427 3301 2618 3358; x_wconf 90' lang='lat' dir='ltr'><strong>omnis</strong></span> <span class='ocrx_word' id='word_1_623' title='bbox 2668 3302 3059 3358; x_wconf 88' lang='lat' dir='ltr'><strong>humanarum</strong></span> <span class='ocrx_word' id='word_1_624' title='bbox 3092 3304 3242 3359; x_wconf 89' lang='lat' dir='ltr'><strong>actio</strong></span> <span class='ocrx_word' id='word_1_625' title='bbox 3277 3305 3599 3376; x_wconf 86' lang='lat' dir='ltr'><strong>gratiarum</strong></span> 
     </span>
    </p>
   </div>
   <div class='ocr_carea' id='block_1_95' title="bbox 1953 3392 3597 3466">
    <p class='ocr_par' dir='ltr' id='par_1_95' title="bbox 1953 3392 3597 3466">
     <span class='ocr_line' id='line_1_95' title="bbox 1953 3392 3597 3466; baseline 0 -18"><span class='ocrx_word' id='word_1_626' title='bbox 1953 3392 2190 3448; x_wconf 89' lang='lat' dir='ltr'><strong>inferior</strong></span> <span class='ocrx_word' id='word_1_627' title='bbox 2219 3392 2316 3449; x_wconf 91' lang='lat' dir='ltr'><strong>sit.</strong></span> <span class='ocrx_word' id='word_1_628' title='bbox 2351 3393 2451 3448; x_wconf 88' lang='lat' dir='ltr'><strong>Est</strong></span> <span class='ocrx_word' id='word_1_629' title='bbox 2480 3397 2675 3447; x_wconf 88' lang='lat' dir='ltr'><strong>tamen</strong></span> <span class='ocrx_word' id='word_1_630' title='bbox 2707 3392 2804 3465; x_wconf 91' lang='lat' dir='ltr'><strong>pia</strong></span> <span class='ocrx_word' id='word_1_631' title='bbox 2833 3393 3206 3464; x_wconf 67' lang='lat' dir='ltr'><strong>praesumptio</strong></span> <span class='ocrx_word' id='word_1_632' title='bbox 3258 3393 3597 3466; x_wconf 85' lang='lat' dir='ltr'><strong>Christiani,</strong></span> 
     </span>
    </p>
   </div>
   <div class='ocr_carea' id='block_1_96' title="bbox 1955 3480 3601 3554">
    <p class='ocr_par' dir='ltr' id='par_1_96' title="bbox 1955 3480 3601 3554">
     <span class='ocr_line' id='line_1_96' title="bbox 1955 3480 3601 3554; baseline 0.001 -18"><span class='ocrx_word' id='word_1_633' title='bbox 1955 3486 2020 3536; x_wconf 92' lang='lat' dir='ltr'><strong>ut</strong></span> <span class='ocrx_word' id='word_1_634' title='bbox 2043 3480 2275 3537; x_wconf 87' lang='lat' dir='ltr'><strong>vitalem</strong></span> <span class='ocrx_word' id='word_1_635' title='bbox 2308 3486 2553 3536; x_wconf 89' lang='lat' dir='ltr'>mortem</span> <span class='ocrx_word' id='word_1_636' title='bbox 2583 3480 2830 3552; x_wconf 88' lang='lat' dir='ltr'><strong>pretium</strong></span> <span class='ocrx_word' id='word_1_637' title='bbox 2865 3481 3281 3554; x_wconf 88' lang='lat' dir='ltr'><strong>redemptionis</strong></span> <span class='ocrx_word' id='word_1_638' title='bbox 3312 3500 3431 3537; x_wconf 80' lang='lat' dir='ltr'><strong>suae</strong></span> <span class='ocrx_word' id='word_1_639' title='bbox 3464 3500 3601 3540; x_wconf 90' lang='lat' dir='ltr'><strong>con-</strong></span> 
     </span>
    </p>
   </div>
   <div class='ocr_carea' id='block_1_97' title="bbox 1953 3568 3602 3641">
    <p class='ocr_par' dir='ltr' id='par_1_97' title="bbox 1953 3568 3602 3641">
     <span class='ocr_line' id='line_1_97' title="bbox 1953 3568 3602 3641; baseline 0.001 -17"><span class='ocrx_word' id='word_1_640' title='bbox 1953 3570 2117 3625; x_wconf 91' lang='lat' dir='ltr'><strong>tinua</strong></span> <span class='ocrx_word' id='word_1_641' title='bbox 2139 3569 2421 3625; x_wconf 88' lang='lat' dir='ltr'><strong>memoria</strong></span> <span class='ocrx_word' id='word_1_642' title='bbox 2442 3568 2772 3634; x_wconf 89' lang='lat' dir='ltr'><strong>celebret,et</strong></span> <span class='ocrx_word' id='word_1_643' title='bbox 2793 3569 2950 3624; x_wconf 89' lang='lat' dir='ltr'><strong>intus</strong></span> <span class='ocrx_word' id='word_1_644' title='bbox 2975 3568 3337 3641; x_wconf 90' lang='lat' dir='ltr'><strong>applaudens</strong></span> <span class='ocrx_word' id='word_1_645' title='bbox 3360 3571 3602 3626; x_wconf 89' lang='lat' dir='ltr'><strong>Domino</strong></span> 
     </span>
    </p>
   </div>
   <div class='ocr_carea' id='block_1_98' title="bbox 1953 3656 3602 3716">
    <p class='ocr_par' dir='ltr' id='par_1_98' title="bbox 1953 3656 3602 3716">
     <span class='ocr_line' id='line_1_98' title="bbox 1953 3656 3602 3716; baseline -0.001 -1"><span class='ocrx_word' id='word_1_646' title='bbox 1953 3660 2069 3716; x_wconf 90' lang='lat' dir='ltr'><strong>Deo</strong></span> <span class='ocrx_word' id='word_1_647' title='bbox 2093 3676 2199 3714; x_wconf 83' lang='lat' dir='ltr'><strong>suo</strong></span> <span class='ocrx_word' id='word_1_648' title='bbox 2233 3663 2460 3713; x_wconf 89' lang='lat' dir='ltr'><strong>tantum</strong></span> <span class='ocrx_word' id='word_1_649' title='bbox 2494 3657 2838 3712; x_wconf 90' lang='lat' dir='ltr'><strong>beneﬁcium</strong></span> <span class='ocrx_word' id='word_1_650' title='bbox 2873 3656 3223 3714; x_wconf 90' lang='lat' dir='ltr'><strong>inconcussa</strong></span> <span class='ocrx_word' id='word_1_651' title='bbox 3255 3659 3386 3714; x_wconf 89' lang='lat' dir='ltr'><strong>ﬁdei</strong></span> <span class='ocrx_word' id='word_1_652' title='bbox 3419 3657 3602 3714; x_wconf 88' lang='lat' dir='ltr'><strong>ﬁrmi-</strong></span> 
     </span>
    </p>
   </div>
   <div class='ocr_carea' id='block_1_99' title="bbox 1955 3744 3602 3820">
    <p class='ocr_par' dir='ltr' id='par_1_99' title="bbox 1955 3744 3602 3820">
     <span class='ocr_line' id='line_1_99' title="bbox 1955 3744 3602 3820; baseline -0.001 -16"><span class='ocrx_word' id='word_1_653' title='bbox 1955 3752 2074 3804; x_wconf 88' lang='lat' dir='ltr'><strong>tate</strong></span> <span class='ocrx_word' id='word_1_654' title='bbox 2105 3745 2512 3820; x_wconf 90' lang='lat' dir='ltr'><strong>amplectatur,</strong></span> <span class='ocrx_word' id='word_1_655' title='bbox 2546 3744 2806 3801; x_wconf 91' lang='lat' dir='ltr'><strong>recolens</strong></span> <span class='ocrx_word' id='word_1_656' title='bbox 2836 3763 2938 3816; x_wconf 91' lang='lat' dir='ltr'><strong>pro</strong></span> <span class='ocrx_word' id='word_1_657' title='bbox 2970 3763 3032 3801; x_wconf 90' lang='lat' dir='ltr'><strong>se</strong></span> <span class='ocrx_word' id='word_1_658' title='bbox 3064 3746 3244 3802; x_wconf 89' lang='lat' dir='ltr'><strong>fuisse</strong></span> <span class='ocrx_word' id='word_1_659' title='bbox 3304 3752 3602 3804; x_wconf 90' lang='lat' dir='ltr'><strong>mortuum</strong></span> 
     </span>
    </p>
   </div>
   <div class='ocr_carea' id='block_1_100' title="bbox 1955 3833 3606 3910">
    <p class='ocr_par' dir='ltr' id='par_1_100' title="bbox 1955 3833 3606 3910">
     <span class='ocr_line' id='line_1_100' title="bbox 1955 3833 3606 3910; baseline -0.001 -17"><span class='ocrx_word' id='word_1_660' title='bbox 1955 3854 2130 3910; x_wconf 90' lang='lat' dir='ltr'><strong>quem</strong></span> <span class='ocrx_word' id='word_1_661' title='bbox 2163 3835 2484 3892; x_wconf 82' lang='lat' dir='ltr'><strong>surrexisse</strong></span> <span class='ocrx_word' id='word_1_662' title='bbox 2513 3851 2580 3890; x_wconf 84' lang='lat' dir='ltr'><strong>ex</strong></span> <span class='ocrx_word' id='word_1_663' title='bbox 2612 3834 2821 3889; x_wconf 90' lang='lat' dir='ltr'><strong>virtute</strong></span> <span class='ocrx_word' id='word_1_664' title='bbox 2853 3833 2952 3889; x_wconf 91' lang='lat' dir='ltr'><strong>Dei</strong></span> <span class='ocrx_word' id='word_1_665' title='bbox 2983 3839 3039 3890; x_wconf 91' lang='lat' dir='ltr'><strong>et</strong></span> <span class='ocrx_word' id='word_1_666' title='bbox 3070 3835 3127 3889; x_wconf 91' lang='lat' dir='ltr'><strong>in</strong></span> <span class='ocrx_word' id='word_1_667' title='bbox 3154 3835 3340 3892; x_wconf 91' lang='lat' dir='ltr'><strong>Patris</strong></span> <span class='ocrx_word' id='word_1_668' title='bbox 3370 3837 3606 3892; x_wconf 82' lang='lat' dir='ltr'><strong>dextera</strong></span> 
     </span>
    </p>
   </div>
   <div class='ocr_carea' id='block_1_101' title="bbox 1955 3923 3607 3982">
    <p class='ocr_par' dir='ltr' id='par_1_101' title="bbox 1955 3923 3607 3982">
     <span class='ocr_line' id='line_1_101' title="bbox 1955 3923 3607 3982; baseline 0 -2"><span class='ocrx_word' id='word_1_669' title='bbox 1955 3925 2365 3981; x_wconf 86' lang='lat' dir='ltr'><strong>consedentem</strong></span> <span class='ocrx_word' id='word_1_670' title='bbox 2397 3923 2589 3978; x_wconf 91' lang='lat' dir='ltr'><strong>omnis</strong></span> <span class='ocrx_word' id='word_1_671' title='bbox 2619 3928 2886 3980; x_wconf 87' lang='lat' dir='ltr'><strong>creatura</strong></span> <span class='ocrx_word' id='word_1_672' title='bbox 2917 3923 3217 3980; x_wconf 87' lang='lat' dir='ltr'><strong>rationalis</strong></span> <span class='ocrx_word' id='word_1_673' title='bbox 3244 3926 3464 3981; x_wconf 90' lang='lat' dir='ltr'><strong>adorat.</strong></span> <span class='ocrx_word' id='word_1_674' title='bbox 3499 3926 3607 3982; x_wconf 86' lang='lat' dir='ltr'><strong>Hu-</strong></span> 
     </span>
    </p>
   </div>
   <div class='ocr_carea' id='block_1_102' title="bbox 1956 4012 3607 4088">
    <p class='ocr_par' dir='ltr' id='par_1_102' title="bbox 1956 4012 3607 4088">
     <span class='ocr_line' id='line_1_102' title="bbox 1956 4012 3607 4088; baseline 0.001 -18"><span class='ocrx_word' id='word_1_675' title='bbox 1956 4015 2213 4070; x_wconf 89' lang='lat' dir='ltr'><strong>milietur</strong></span> <span class='ocrx_word' id='word_1_676' title='bbox 2241 4018 2377 4069; x_wconf 86' lang='lat' dir='ltr'><strong>ante</strong></span> <span class='ocrx_word' id='word_1_677' title='bbox 2409 4031 2639 4068; x_wconf 89' lang='lat' dir='ltr'><strong>crucem</strong></span> <span class='ocrx_word' id='word_1_678' title='bbox 2675 4012 2904 4068; x_wconf 89' lang='lat' dir='ltr'><strong>Domini</strong></span> <span class='ocrx_word' id='word_1_679' title='bbox 2938 4013 3050 4084; x_wconf 90' lang='lat' dir='ltr'><strong>sui,</strong></span> <span class='ocrx_word' id='word_1_680' title='bbox 3072 4016 3368 4088; x_wconf 89' lang='lat' dir='ltr'><strong>conﬁgens</strong></span> <span class='ocrx_word' id='word_1_681' title='bbox 3397 4015 3607 4073; x_wconf 87' lang='lat' dir='ltr'><strong>timore</strong></span> 
     </span>
    </p>
   </div>
   <div class='ocr_carea' id='block_1_103' title="bbox 1957 4102 3605 4171">
    <p class='ocr_par' dir='ltr' id='par_1_103' title="bbox 1957 4102 3605 4171">
     <span class='ocr_line' id='line_1_103' title="bbox 1957 4102 3605 4171; baseline 0 -11"><span class='ocrx_word' id='word_1_682' title='bbox 1957 4103 2116 4160; x_wconf 86' lang='lat' dir='ltr'><strong>illius</strong></span> <span class='ocrx_word' id='word_1_683' title='bbox 2149 4120 2352 4159; x_wconf 88' lang='lat' dir='ltr'><strong>carnes</strong></span> <span class='ocrx_word' id='word_1_684' title='bbox 2383 4102 2849 4171; x_wconf 81' lang='lat' dir='ltr'><strong>suas,etsiforte</strong></span> <span class='ocrx_word' id='word_1_685' title='bbox 2882 4103 3257 4159; x_wconf 91' lang='lat' dir='ltr'><strong>multitudine</strong></span> <span class='ocrx_word' id='word_1_686' title='bbox 3290 4104 3605 4160; x_wconf 89' lang='lat' dir='ltr'><strong>criminum</strong></span> 
     </span>
    </p>
   </div>
   <div class='ocr_carea' id='block_1_104' title="bbox 1957 4190 3607 4268">
    <p class='ocr_par' dir='ltr' id='par_1_104' title="bbox 1957 4190 3607 4268">
     <span class='ocr_line' id='line_1_104' title="bbox 1957 4190 3607 4268; baseline 0 -20"><span class='ocrx_word' id='word_1_687' title='bbox 1957 4197 2248 4268; x_wconf 88' lang='lat' dir='ltr'><strong>gravatur,</strong></span> <span class='ocrx_word' id='word_1_688' title='bbox 2283 4190 2369 4246; x_wconf 90' lang='lat' dir='ltr'><strong>vel</strong></span> <span class='ocrx_word' id='word_1_689' title='bbox 2401 4191 2675 4264; x_wconf 87' lang='lat' dir='ltr'><strong>angustia</strong></span> <span class='ocrx_word' id='word_1_690' title='bbox 2725 4191 3005 4264; x_wconf 90' lang='lat' dir='ltr'><strong>temporis</strong></span> <span class='ocrx_word' id='word_1_691' title='bbox 3035 4192 3106 4246; x_wconf 91' lang='lat' dir='ltr'><strong>ad</strong></span> <span class='ocrx_word' id='word_1_692' title='bbox 3137 4193 3487 4264; x_wconf 89' lang='lat' dir='ltr'><strong>pendentem</strong></span> <span class='ocrx_word' id='word_1_693' title='bbox 3519 4192 3607 4248; x_wconf 88' lang='lat' dir='ltr'><strong>la-</strong></span> 
     </span>
    </p>
   </div>
   <div class='ocr_carea' id='block_1_105' title="bbox 1956 4279 3611 4354">
    <p class='ocr_par' dir='ltr' id='par_1_105' title="bbox 1956 4279 3611 4354">
     <span class='ocr_line' id='line_1_105' title="bbox 1956 4279 3611 4354; baseline 0 -16"><span class='ocrx_word' id='word_1_694' title='bbox 1956 4287 2182 4338; x_wconf 90' lang='lat' dir='ltr'><strong>tronem</strong></span> <span class='ocrx_word' id='word_1_695' title='bbox 2214 4279 2395 4337; x_wconf 89' lang='lat' dir='ltr'><strong>elevet</strong></span> <span class='ocrx_word' id='word_1_696' title='bbox 2425 4280 2645 4337; x_wconf 89' lang='lat' dir='ltr'><strong>oculos.</strong></span> <span class='ocrx_word' id='word_1_697' title='bbox 2674 4280 2926 4354; x_wconf 87' lang='lat' dir='ltr'><strong>Sanguis</strong></span> <span class='ocrx_word' id='word_1_698' title='bbox 2957 4279 3114 4336; x_wconf 91' lang='lat' dir='ltr'><strong>enim</strong></span> <span class='ocrx_word' id='word_1_699' title='bbox 3145 4279 3243 4338; x_wconf 89' lang='lat' dir='ltr'><strong>ille</strong></span> <span class='ocrx_word' id='word_1_700' title='bbox 3272 4297 3504 4354; x_wconf 84' lang='lat' dir='ltr'><strong>semper</strong></span> <span class='ocrx_word' id='word_1_701' title='bbox 3530 4280 3611 4338; x_wconf 82' lang='lat' dir='ltr'><strong>la-</strong></span> 
     </span>
    </p>
   </div>
   <div class='ocr_carea' id='block_1_106' title="bbox 1956 4367 3607 4442">
    <p class='ocr_par' dir='ltr' id='par_1_106' title="bbox 1956 4367 3607 4442">
     <span class='ocr_line' id='line_1_106' title="bbox 1956 4367 3607 4442; baseline -0.002 -16"><span class='ocrx_word' id='word_1_702' title='bbox 1956 4375 2054 4426; x_wconf 89' lang='lat' dir='ltr'><strong>vat</strong></span> <span class='ocrx_word' id='word_1_703' title='bbox 2084 4387 2191 4426; x_wconf 91' lang='lat' dir='ltr'><strong>nos</strong></span> <span class='ocrx_word' id='word_1_704' title='bbox 2222 4388 2255 4425; x_wconf 90' lang='lat' dir='ltr'><strong>a</strong></span> <span class='ocrx_word' id='word_1_705' title='bbox 2284 4369 2538 4442; x_wconf 90' lang='lat' dir='ltr'><strong>peccatis</strong></span> <span class='ocrx_word' id='word_1_706' title='bbox 2570 4368 2808 4436; x_wconf 90' lang='lat' dir='ltr'><strong>nostris,</strong></span> <span class='ocrx_word' id='word_1_707' title='bbox 2841 4367 2941 4442; x_wconf 88' lang='lat' dir='ltr'><strong>qui</strong></span> <span class='ocrx_word' id='word_1_708' title='bbox 2973 4387 3078 4424; x_wconf 89' lang='lat' dir='ltr'><strong>nec</strong></span> <span class='ocrx_word' id='word_1_709' title='bbox 3112 4369 3171 4424; x_wconf 89' lang='lat' dir='ltr'><strong>in</strong></span> <span class='ocrx_word' id='word_1_710' title='bbox 3203 4370 3503 4424; x_wconf 88' lang='lat' dir='ltr'><strong>fundendo</strong></span> <span class='ocrx_word' id='word_1_711' title='bbox 3533 4369 3607 4427; x_wconf 90' lang='lat' dir='ltr'><strong>ab</strong></span> 
     </span>
    </p>
   </div>
   <div class='ocr_carea' id='block_1_107' title="bbox 1958 4456 3608 4531">
    <p class='ocr_par' dir='ltr' id='par_1_107' title="bbox 1958 4456 3608 4531">
     <span class='ocr_line' id='line_1_107' title="bbox 1958 4456 3608 4531; baseline -0.001 -17"><span class='ocrx_word' id='word_1_712' title='bbox 1958 4460 2164 4514; x_wconf 70' lang='lat' dir='ltr'><strong>effectu</strong></span> <span class='ocrx_word' id='word_1_713' title='bbox 2195 4458 2402 4514; x_wconf 89' lang='lat' dir='ltr'><strong>salutis</strong></span> <span class='ocrx_word' id='word_1_714' title='bbox 2429 4457 2671 4526; x_wconf 90' lang='lat' dir='ltr'><strong>vacavit,</strong></span> <span class='ocrx_word' id='word_1_715' title='bbox 2701 4458 2842 4512; x_wconf 91' lang='lat' dir='ltr'><strong>dum</strong></span> <span class='ocrx_word' id='word_1_716' title='bbox 2893 4458 3002 4513; x_wconf 91' lang='lat' dir='ltr'><strong>sub</strong></span> <span class='ocrx_word' id='word_1_717' title='bbox 3052 4457 3182 4531; x_wconf 90' lang='lat' dir='ltr'><strong>ipsa</strong></span> <span class='ocrx_word' id='word_1_718' title='bbox 3213 4456 3608 4513; x_wconf 88' lang='lat' dir='ltr'><strong>damnationis</strong></span> 
     </span>
    </p>
   </div>
   <div class='ocr_carea' id='block_1_108' title="bbox 1959 4545 3607 4624">
    <p class='ocr_par' dir='ltr' id='par_1_108' title="bbox 1959 4545 3607 4624">
     <span class='ocr_line' id='line_1_108' title="bbox 1959 4545 3607 4624; baseline 0 -22"><span class='ocrx_word' id='word_1_719' title='bbox 1959 4565 2130 4620; x_wconf 80' lang='lat' dir='ltr'><strong>poena</strong></span> <span class='ocrx_word' id='word_1_720' title='bbox 2159 4551 2216 4602; x_wconf 90' lang='lat' dir='ltr'><strong>et</strong></span> <span class='ocrx_word' id='word_1_721' title='bbox 2247 4546 2453 4602; x_wconf 90' lang='lat' dir='ltr'>mortis</span> <span class='ocrx_word' id='word_1_722' title='bbox 2484 4545 2726 4602; x_wconf 89' lang='lat' dir='ltr'><strong>articulo</strong></span> <span class='ocrx_word' id='word_1_723' title='bbox 2758 4546 3099 4624; x_wconf 89' lang='lat' dir='ltr'><strong>iniquitates</strong></span> <span class='ocrx_word' id='word_1_724' title='bbox 3141 4546 3316 4618; x_wconf 84' lang='lat' dir='ltr'><strong>longo</strong></span> <span class='ocrx_word' id='word_1_725' title='bbox 3348 4552 3607 4618; x_wconf 90' lang='lat' dir='ltr'><strong>tempore</strong></span> 
     </span>
    </p>
   </div>
   <div class='ocr_carea' id='block_1_109' title="bbox 1959 4634 3608 4707">
    <p class='ocr_par' dir='ltr' id='par_1_109' title="bbox 1959 4634 3608 4707">
     <span class='ocr_line' id='line_1_109' title="bbox 1959 4634 3608 4707; baseline -0.001 -16"><span class='ocrx_word' id='word_1_726' title='bbox 1959 4640 2284 4691; x_wconf 88' lang='lat' dir='ltr'><strong>contractas</strong></span> <span class='ocrx_word' id='word_1_727' title='bbox 2315 4634 2582 4704; x_wconf 89' lang='lat' dir='ltr'><strong>absolvit,</strong></span> <span class='ocrx_word' id='word_1_728' title='bbox 2605 4640 2662 4690; x_wconf 92' lang='lat' dir='ltr'><strong>et</strong></span> <span class='ocrx_word' id='word_1_729' title='bbox 2683 4636 2774 4690; x_wconf 89' lang='lat' dir='ltr'><strong>cui</strong></span> <span class='ocrx_word' id='word_1_730' title='bbox 2800 4653 3054 4707; x_wconf 85' lang='lat' dir='ltr'><strong>praesens</strong></span> <span class='ocrx_word' id='word_1_731' title='bbox 3077 4637 3192 4691; x_wconf 90' lang='lat' dir='ltr'><strong>vita</strong></span> <span class='ocrx_word' id='word_1_732' title='bbox 3227 4634 3608 4690; x_wconf 74' lang='lat' dir='ltr'><strong>claudebatur</strong></span> 
     </span>
    </p>
   </div>
   <div class='ocr_carea' id='block_1_110' title="bbox 1959 4723 3602 4796">
    <p class='ocr_par' dir='ltr' id='par_1_110' title="bbox 1959 4723 3602 4796">
     <span class='ocr_line' id='line_1_110' title="bbox 1959 4723 3602 4796; baseline 0.001 -16"><span class='ocrx_word' id='word_1_733' title='bbox 1959 4742 2026 4780; x_wconf 84' lang='lat' dir='ltr'><strong>ex</strong></span> <span class='ocrx_word' id='word_1_734' title='bbox 2056 4723 2290 4792; x_wconf 90' lang='lat' dir='ltr'><strong>scelere,</strong></span> <span class='ocrx_word' id='word_1_735' title='bbox 2327 4728 2526 4796; x_wconf 88' lang='lat' dir='ltr'><strong>aperta</strong></span> <span class='ocrx_word' id='word_1_736' title='bbox 2583 4729 2672 4778; x_wconf 89' lang='lat' dir='ltr'><strong>est</strong></span> <span class='ocrx_word' id='word_1_737' title='bbox 2731 4742 2833 4796; x_wconf 90' lang='lat' dir='ltr'><strong>per</strong></span> <span class='ocrx_word' id='word_1_738' title='bbox 2889 4724 3272 4780; x_wconf 89' lang='lat' dir='ltr'><strong>confessionis</strong></span> <span class='ocrx_word' id='word_1_739' title='bbox 3332 4723 3602 4781; x_wconf 88' lang='lat' dir='ltr'><strong>meritum</strong></span> 
     </span>
    </p>
   </div>
   <div class='ocr_carea' id='block_1_111' title="bbox 1962 4811 3608 4885">
    <p class='ocr_par' dir='ltr' id='par_1_111' title="bbox 1962 4811 3608 4885">
     <span class='ocr_line' id='line_1_111' title="bbox 1962 4811 3608 4885; baseline -0.001 -17"><span class='ocrx_word' id='word_1_740' title='bbox 1962 4813 2190 4885; x_wconf 84' lang='lat' dir='ltr'><strong>requies</strong></span> <span class='ocrx_word' id='word_1_741' title='bbox 2218 4812 2560 4868; x_wconf 84' lang='lat' dir='ltr'><strong>aeternitatis</strong></span> <span class='ocrx_word' id='word_1_742' title='bbox 2591 4829 2659 4866; x_wconf 79' lang='lat' dir='ltr'><strong>ex</strong></span> <span class='ocrx_word' id='word_1_743' title='bbox 2691 4813 2823 4868; x_wconf 90' lang='lat' dir='ltr'><strong>ﬁde.</strong></span> <span class='ocrx_word' id='word_1_744' title='bbox 2860 4813 3254 4869; x_wconf 89' lang='lat' dir='ltr'><strong>Sanctiﬁcavit</strong></span> <span class='ocrx_word' id='word_1_745' title='bbox 3285 4811 3459 4868; x_wconf 90' lang='lat' dir='ltr'><strong>etiam</strong></span> <span class='ocrx_word' id='word_1_746' title='bbox 3493 4817 3608 4867; x_wconf 82' lang='lat' dir='ltr'><strong>tor-</strong></span> 
     </span>
    </p>
   </div>
   <div class='ocr_carea' id='block_1_112' title="bbox 1961 4900 3610 4974">
    <p class='ocr_par' dir='ltr' id='par_1_112' title="bbox 1961 4900 3610 4974">
     <span class='ocr_line' id='line_1_112' title="bbox 1961 4900 3610 4974; baseline -0.001 -17"><span class='ocrx_word' id='word_1_747' title='bbox 1961 4907 2226 4957; x_wconf 89' lang='lat' dir='ltr'><strong>mentum</strong></span> <span class='ocrx_word' id='word_1_748' title='bbox 2281 4918 2455 4956; x_wconf 91' lang='lat' dir='ltr'><strong>suum</strong></span> <span class='ocrx_word' id='word_1_749' title='bbox 2508 4900 2792 4967; x_wconf 88' lang='lat' dir='ltr'><strong>Christus,</strong></span> <span class='ocrx_word' id='word_1_750' title='bbox 2818 4907 2875 4956; x_wconf 90' lang='lat' dir='ltr'><strong>et</strong></span> <span class='ocrx_word' id='word_1_751' title='bbox 2905 4919 3064 4968; x_wconf 84' lang='lat' dir='ltr'><strong>crux,</strong></span> <span class='ocrx_word' id='word_1_752' title='bbox 3099 4920 3226 4974; x_wconf 77' lang='lat' dir='ltr'><strong>quae</strong></span> <span class='ocrx_word' id='word_1_753' title='bbox 3259 4907 3392 4957; x_wconf 89' lang='lat' dir='ltr'><strong>ante</strong></span> <span class='ocrx_word' id='word_1_754' title='bbox 3424 4902 3610 4956; x_wconf 88' lang='lat' dir='ltr'><strong>fuerat</strong></span> 
     </span>
    </p>
   </div>
   <div class='ocr_carea' id='block_1_113' title="bbox 1962 4991 3608 5065">
    <p class='ocr_par' dir='ltr' id='par_1_113' title="bbox 1962 4991 3608 5065">
     <span class='ocr_line' id='line_1_113' title="bbox 1962 4991 3608 5065; baseline 0 -20"><span class='ocrx_word' id='word_1_755' title='bbox 1962 4991 2284 5063; x_wconf 89' lang='lat' dir='ltr'><strong>ignominia</strong></span> <span class='ocrx_word' id='word_1_756' title='bbox 2342 4992 2775 5059; x_wconf 89' lang='lat' dir='ltr'><strong>damnatorum,</strong></span> <span class='ocrx_word' id='word_1_757' title='bbox 2808 5007 2874 5046; x_wconf 91' lang='lat' dir='ltr'><strong>eo</strong></span> <span class='ocrx_word' id='word_1_758' title='bbox 2926 4991 3191 5058; x_wconf 88' lang='lat' dir='ltr'><strong>faciente,</strong></span> <span class='ocrx_word' id='word_1_759' title='bbox 3226 4991 3380 5065; x_wconf 88' lang='lat' dir='ltr'><strong>apud</strong></span> <span class='ocrx_word' id='word_1_760' title='bbox 3433 5005 3608 5064; x_wconf 88' lang='lat' dir='ltr'><strong>quem</strong></span> 
     </span>
    </p>
   </div>
   <div class='ocr_carea' id='block_1_114' title="bbox 1960 5077 3608 5150">
    <p class='ocr_par' dir='ltr' id='par_1_114' title="bbox 1960 5077 3608 5150">
     <span class='ocr_line' id='line_1_114' title="bbox 1960 5077 3608 5150; baseline -0.001 -17"><span class='ocrx_word' id='word_1_761' title='bbox 1960 5079 2424 5150; x_wconf 87' lang='lat' dir='ltr'><strong>blasphemantis</strong></span> <span class='ocrx_word' id='word_1_762' title='bbox 2455 5078 2821 5133; x_wconf 72' lang='lat' dir='ltr'><strong>conscientiae</strong></span> <span class='ocrx_word' id='word_1_763' title='bbox 2870 5079 3173 5138; x_wconf 85' lang='lat' dir='ltr'><strong>horrendae</strong></span> <span class='ocrx_word' id='word_1_764' title='bbox 3224 5077 3608 5140; x_wconf 86' lang='lat' dir='ltr'><strong>immunditiae</strong></span> 
     </span>
    </p>
   </div>
   <div class='ocr_carea' id='block_1_115' title="bbox 1959 5167 3608 5241">
    <p class='ocr_par' dir='ltr' id='par_1_115' title="bbox 1959 5167 3608 5241">
     <span class='ocr_line' id='line_1_115' title="bbox 1959 5167 3608 5241; baseline -0.001 -19"><span class='ocrx_word' id='word_1_765' title='bbox 1959 5167 2501 5231; x_wconf 81' lang='lat' dir='ltr'><strong>aestimantur,facta</strong></span> <span class='ocrx_word' id='word_1_766' title='bbox 2520 5171 2608 5222; x_wconf 90' lang='lat' dir='ltr'><strong>est</strong></span> <span class='ocrx_word' id='word_1_767' title='bbox 2631 5172 2813 5223; x_wconf 89' lang='lat' dir='ltr'><strong>terror</strong></span> <span class='ocrx_word' id='word_1_768' title='bbox 2833 5169 3276 5225; x_wconf 91' lang='lat' dir='ltr'><strong>immundorum</strong></span> <span class='ocrx_word' id='word_1_769' title='bbox 3293 5168 3608 5241; x_wconf 89' lang='lat' dir='ltr'><strong>spirituum</strong></span> 
     </span>
    </p>
   </div>
   <div class='ocr_carea' id='block_1_116' title="bbox 1960 5253 3612 5330">
    <p class='ocr_par' dir='ltr' id='par_1_116' title="bbox 1960 5253 3612 5330">
     <span class='ocr_line' id='line_1_116' title="bbox 1960 5253 3612 5330; baseline 0.001 -18"><span class='ocrx_word' id='word_1_770' title='bbox 1960 5262 2017 5312; x_wconf 91' lang='lat' dir='ltr'><strong>et</strong></span> <span class='ocrx_word' id='word_1_771' title='bbox 2046 5255 2232 5330; x_wconf 86' lang='lat' dir='ltr'><strong>gloria</strong></span> <span class='ocrx_word' id='word_1_772' title='bbox 2263 5254 2596 5312; x_wconf 89' lang='lat' dir='ltr'><strong>Salvatoris.</strong></span> <span class='ocrx_word' id='word_1_773' title='bbox 2631 5256 2792 5316; x_wconf 88' lang='lat' dir='ltr'><strong>Hanc</strong></span> <span class='ocrx_word' id='word_1_774' title='bbox 2821 5257 3158 5329; x_wconf 90' lang='lat' dir='ltr'><strong>quicunque</strong></span> <span class='ocrx_word' id='word_1_775' title='bbox 3189 5258 3391 5314; x_wconf 90' lang='lat' dir='ltr'><strong>Jesum</strong></span> <span class='ocrx_word' id='word_1_776' title='bbox 3443 5253 3612 5327; x_wconf 81' lang='lat' dir='ltr'><strong>sequi</strong></span> 
     </span>
    </p>
   </div>
   <div class='ocr_carea' id='block_1_117' title="bbox 1960 5344 3614 5418">
    <p class='ocr_par' dir='ltr' id='par_1_117' title="bbox 1960 5344 3614 5418">
     <span class='ocr_line' id='line_1_117' title="bbox 1960 5344 3614 5418; baseline -0.001 -17"><span class='ocrx_word' id='word_1_777' title='bbox 1960 5345 2269 5414; x_wconf 77' lang='lat' dir='ltr'><strong>desiderat,</strong></span> <span class='ocrx_word' id='word_1_778' title='bbox 2285 5363 2348 5400; x_wconf 90' lang='lat' dir='ltr'><strong>se</strong></span> <span class='ocrx_word' id='word_1_779' title='bbox 2375 5345 2504 5418; x_wconf 82' lang='lat' dir='ltr'><strong>ipso</strong></span> <span class='ocrx_word' id='word_1_780' title='bbox 2537 5345 2842 5417; x_wconf 89' lang='lat' dir='ltr'><strong>abnegato,</strong></span> <span class='ocrx_word' id='word_1_781' title='bbox 2868 5346 3142 5418; x_wconf 89' lang='lat' dir='ltr'><strong>portabit,</strong></span> <span class='ocrx_word' id='word_1_782' title='bbox 3163 5363 3279 5418; x_wconf 89' lang='lat' dir='ltr'><strong>qua</strong></span> <span class='ocrx_word' id='word_1_783' title='bbox 3308 5344 3614 5410; x_wconf 84' lang='lat' dir='ltr'><strong>initiamur</strong></span> 
     </span>
    </p>
   </div>
   <div class='ocr_carea' id='block_1_118' title="bbox 1957 5433 3611 5508">
    <p class='ocr_par' dir='ltr' id='par_1_118' title="bbox 1957 5433 3611 5508">
     <span class='ocr_line' id='line_1_118' title="bbox 1957 5433 3611 5508; baseline 0 -18"><span class='ocrx_word' id='word_1_784' title='bbox 1957 5435 2029 5490; x_wconf 92' lang='lat' dir='ltr'><strong>ad</strong></span> <span class='ocrx_word' id='word_1_785' title='bbox 2061 5433 2260 5502; x_wconf 90' lang='lat' dir='ltr'><strong>vitam,</strong></span> <span class='ocrx_word' id='word_1_786' title='bbox 2291 5435 2638 5490; x_wconf 88' lang='lat' dir='ltr'><strong>roboramur</strong></span> <span class='ocrx_word' id='word_1_787' title='bbox 2663 5433 2738 5490; x_wconf 90' lang='lat' dir='ltr'><strong>ad</strong></span> <span class='ocrx_word' id='word_1_788' title='bbox 2773 5451 3053 5508; x_wconf 88' lang='lat' dir='ltr'><strong>pugnam,</strong></span> <span class='ocrx_word' id='word_1_789' title='bbox 3083 5438 3141 5491; x_wconf 90' lang='lat' dir='ltr'><strong>et</strong></span> <span class='ocrx_word' id='word_1_790' title='bbox 3169 5439 3371 5492; x_wconf 87' lang='lat' dir='ltr'><strong>contra</strong></span> <span class='ocrx_word' id='word_1_791' title='bbox 3406 5433 3611 5490; x_wconf 89' lang='lat' dir='ltr'><strong>mundi</strong></span> 
     </span>
    </p>
   </div>
   <div class='ocr_carea' id='block_1_119' title="bbox 1957 5522 3612 5602">
    <p class='ocr_par' dir='ltr' id='par_1_119' title="bbox 1957 5522 3612 5602">
     <span class='ocr_line' id='line_1_119' title="bbox 1957 5522 3612 5602; baseline 0.003 -22"><span class='ocrx_word' id='word_1_792' title='bbox 1957 5522 2217 5601; x_wconf 89' lang='lat' dir='ltr'><strong>pericula</strong></span> <span class='ocrx_word' id='word_1_793' title='bbox 2245 5522 2583 5600; x_wconf 84' lang='lat' dir='ltr'><strong>superbiam</strong></span> <span class='ocrx_word' id='word_1_794' title='bbox 2614 5522 2890 5583; x_wconf 86' lang='lat' dir='ltr'><strong>calcaturi</strong></span> <span class='ocrx_word' id='word_1_795' title='bbox 2918 5523 3303 5602; x_wconf 63' lang='lat' dir='ltr'><strong>praferimus,</strong></span> <span class='ocrx_word' id='word_1_796' title='bbox 3328 5527 3393 5583; x_wconf 88' lang='lat' dir='ltr'><strong>ut</strong></span> <span class='ocrx_word' id='word_1_797' title='bbox 3413 5523 3474 5582; x_wconf 93' lang='lat' dir='ltr'><strong>in</strong></span> <span class='ocrx_word' id='word_1_798' title='bbox 3495 5538 3612 5600; x_wconf 86' lang='lat' dir='ltr'><strong>quo</strong></span> 
     </span>
    </p>
   </div>
  </div>
