3988 6072
420 210 537 271 167

1884 202 2362 264 MAN’EGALDI.

3708 210 3826 271 168

418 344 700 415 magister
723 340 957 398 oblatus
984 344 1096 411 est,
1126 337 1451 411 discipulus
1490 337 1810 394 muniatur.
1844 336 1962 391 Hoc
1990 334 2058 389 li-
2090 335 2145 401 Α
2176 335 2526 402 fruerentur,
2547 336 2701 407 quod
2725 335 2821 392 hic
2840 336 3136 393 interdum
3155 336 3827 397 immortalitatebeatiﬁ-

417 430 668 488 bationis
698 448 816 487 sua:
841 428 1075 503 signum
1108 445 1239 484 cum
1266 427 1551 484 Dominus
1571 426 1643 483 ad
1670 426 1898 481 inferna
1925 440 2064 480 suos

415 521 771 578 liberaturus
800 518 1198 588 descenderet,
1234 515 1488 573 effractis
1534 515 1717 588 portis
1747 512 1972 579 mortis,
2007 516 2064 568 et

413 610 787 666 tenebrarum
821 607 1084 680 principe
1140 605 1449 669 debellato,
1482 606 1879 675 cognoverunt
1922 618 2064 658 vasa

416 698 572 766 ﬁdei,
615 695 841 769 antiqui
873 695 1094 752 scilicet
1124 694 1331 759 sancti,
1367 693 1465 765 qui
1497 692 1777 748 sedebant
1809 691 1869 746 in
1900 696 2059 747 tene-

414 787 536 844 bris
561 791 619 843 ct
648 787 856 842 umbra
885 784 1113 851 mortis,
1147 785 1548 855 exspectantes
1594 786 1660 835 ut
1694 779 1848 836 viam
1900 780 2061 853 pacis

410 874 788 932 interclusam
821 874 933 930 sibi
966 890 1068 945 per
1096 871 1543 927 mortiﬁcantem
1569 869 1778 934 Adam,
1801 886 1905 941 per
1925 869 2060 925 vivi-

411 966 682 1022 ficantem
713 963 1063 1036 reciperent;
1087 959 1301 1033 quibus
1322 958 1525 1031 utique
1554 958 1623 1013 ad
1657 957 2055 1015 haereditatem

411 1053 843 1129 percipiendam
902 1055 1194 1123 quantum
1250 1048 1321 1103 ad
1373 1047 1548 1103 ﬁdem
1593 1045 1739 1101 nihil
1769 1046 2052 1112 defuerat,

410 1159 586 1216 quam
616 1142 772 1215 quod
803 1139 974 1195 nobis
995 1139 1065 1194 de
1086 1135 1378 1210 praeterito
1408 1142 1633 1191 certum
1665 1140 1773 1202 est,
1798 1134 1907 1191 hoc
1936 1136 2054 1194 illis

407 1249 510 1305 spe
538 1236 696 1288 certa
726 1230 797 1286 de
827 1230 1021 1285 futuro
1052 1227 1378 1284 constabat.
1411 1226 1522 1282 Sed
1573 1242 1720 1299 quos
1748 1224 1911 1298 prius
1941 1227 2051 1283 sub

406 1322 721 1394 paedagogo
753 1317 975 1392 positos
1001 1316 1207 1373 servile
1227 1315 1441 1388 jugum
1500 1312 1645 1387 legis
1693 1320 2049 1386 gravaverat,

406 1408 667 1466 conclusi
697 1409 807 1464 sub
840 1410 1074 1480 peccato
1129 1403 1547 1459 differebantur
1571 1419 1606 1458 a
1636 1418 1834 1475 regno,
1866 1403 2051 1459 donec

402 1501 604 1573 Agnus
633 1496 731 1553 ille
756 1512 929 1551 verus
960 1495 1247 1549 levaretur
1275 1491 1335 1547 in
1366 1491 1740 1562 cruce,cujus
1764 1490 2049 1564 sanguine

402 1590 671 1663 signatus
722 1582 1077 1641 lsraeliticus
1107 1579 1360 1655 populus
1390 1579 1757 1646 liberaretur,
1789 1581 1899 1636 sub
1930 1597 2048 1653 quo

403 1676 546 1734 F'ilio
566 1680 848 1747 tanquam
872 1670 1089 1744 potenti
1099 1669 1280 1726 animo
1296 1673 1639 1725 cunctorum
1664 1684 1816 1741 rege,
1832 1668 2042 1724 seniori
2056 1703 2098 1768 Β

399 1770 457 1822 et
475 1762 699 1837 juniori
730 1760 944 1836 populo
974 1758 1178 1816 eadem
1200 1757 1541 1830 resurgendi
1572 1756 1818 1813 facultas
1839 1761 1896 1813 et
1916 1775 2046 1831 gra-

399 1854 483 1910 tia
514 1855 908 1927 prastaretur.
942 1848 1103 1916 Quod
1151 1846 1211 1902 in
1263 1845 1618 1919 quibusdam
1650 1845 1720 1900 de
1748 1846 2042 1918 prioribus

392 1944 515 2017 jam
549 1939 885 2014 contigisse,
919 1935 1211 2009 Evangelii
1242 1935 1578 1992 testimonio
1608 1935 2039 2007 comprobatur,

396 2031 631 2105 quando
652 2026 934 2085 creaturis
956 2026 1229 2081 virtutem
1251 2023 2041 2080 morientisSalvatorisindi-

395 2120 690 2190 cantibus,
721 2119 802 2174 sol
832 2118 1151 2173 obscuratus
1174 2121 1270 2181 est,
1301 2120 1355 2169 et
1378 2120 1551 2185 petrae
1599 2114 1785 2169 scissae
1811 2120 1955 2180 sunt,
1988 2121 2043 2170 et

392 2212 597 2284 apertis
651 2206 1002 2263 monimentis
1050 2203 1225 2259 multa
1279 2217 1506 2273 corpora
1560 2208 1891 2268 sanctorum,
1943 2202 2042 2274 qui

389 2300 746 2363 dormierunt,
775 2299 1153 2360 surrexerunt,
1180 2299 1233 2347 et
1259 2298 1521 2347 venerunt
1549 2291 1605 2344 in
1633 2296 1881 2346 sanctam
1909 2291 2040 2346 civi-

390 2397 557 2446 tatem
586 2385 948 2454 Hierusalem,
977 2390 1030 2439 et
1055 2386 1431 2454 apparuerunt
1456 2379 1671 2435 multis.

1020 2468 1250 2527 CAPUT
1288 2468 1400 2525 XX.

459 2563 792 2624 Glorificata
818 2561 1015 2634 itaque
1037 2557 1250 2615 mortui
1274 2556 1629 2613 contumelia
1659 2573 1761 2629 per
1789 2555 2033 2629 gloriam

385 2653 766 2730 resurgentis,
799 2655 942 2708 tunc
973 2650 1209 2706 demum
1241 2644 1520 2718 compleri
1552 2646 1725 2718 coepit
1753 2645 1907 2718 quod
1940 2645 2036 2700 ad-

384 2745 503 2802 huc
531 2741 828 2819 passibilis
858 2740 1083 2796 dixerat
1112 2754 1126 2792 :
1160 2736 1297 2793 Cum
1324 2736 1597 2792 exaltatus
1636 2737 1814 2807 fuero,
1847 2737 2033 2791 omnia

383 2834 601 2893 traham
628 2832 698 2888 ad
724 2848 812 2887 me
841 2828 1119 2903 quoniam
1171 2843 1287 2882 non
1335 2824 1525 2881 solum
1558 2823 1779 2896 priores
1811 2823 2030 2895 Patres,

385 2928 451 2980 ut
481 2921 757 2988 diximus,
779 2918 881 2993 qui
909 2918 1222 2974 adventum
1248 2912 1502 2988 primum
1536 2913 2027 2981 desideraverant,

383 3013 455 3070 de
482 3009 740 3068 tenebris
767 3007 986 3066 evocati
1017 3008 1177 3072 sunt,
1209 3020 1410 3060 verum
1434 3002 1610 3058 etiam
1640 3006 1865 3075 gentes,
1897 3018 2025 3074 quae

2173 429 2369 479 catum
2399 423 2746 481 mortalibus
2776 425 2961 481 oculis
2989 425 3182 482 videre
3213 442 3326 482 non
3348 433 3683 501 possent.ln
3705 446 3825 503 qua

2172 513 2263 568 sui
2296 513 2631 570 ostensione
2661 531 2765 570 nec
2798 518 3137 570 sanctarum
3194 515 3544 572 feminarum
3595 522 3821 576 tactum

2171 602 2511 674 refugit,sed
2534 602 2652 659 sive
2673 602 3193 676 contingendo,seu
3215 606 3633 675 convescendo,
3658 623 3821 665 more

2170 706 2277 747 suo
2306 691 2659 747 humilitatis
2676 690 2959 748 Dominus
2986 709 3172 765 usque
3191 693 3251 748 in
3274 693 3427 749 diem
3459 711 3575 767 qua
3594 712 3823 753 assum-

2168 784 2307 851 ptus
2331 786 2438 847 est,
2481 780 2860 836 familiarium
2895 798 3135 837 suorum
3169 781 3398 838 animos
3424 782 3712 856 loquendo
3746 786 3819 843 de

2167 885 2344 941 regno
2377 869 2477 925 Dei
2501 869 2573 925 ad
2603 868 3014 943 inquirendam
3045 869 3207 926 illam
3239 871 3487 944 patriam
3511 870 3813 943 incitabat,

2166 958 2223 1013 in
2275 975 2393 1031 qua
2450 958 2531 1013 illi
2593 958 2894 1015 masculus
2942 963 2999 1015 et
3045 959 3282 1029 femina,
3317 964 3541 1017 mutato
3573 961 3813 1034 quidem

2163 1048 2322 1114 vitio,
2352 1046 2452 1103 scd
2486 1052 2708 1103 naturai
2738 1049 2980 1104 veritate
3011 1053 3258 1116 servata,
3291 1050 3589 1105 occursuri
3647 1058 3816 1108 erant

2162 1134 2222 1190 in
2255 1152 2594 1192 mensuram
2623 1136 2812 1192 aetatis
2843 1136 3225 1209 plenitudinis
3254 1154 3389 1193 suae.
3426 1137 3609 1210 Cujus
3645 1140 3811 1214 regni

2161 1222 2257 1280 hic
2286 1223 2573 1281 habemus
2604 1224 2839 1280 initium
2871 1242 2975 1298 per
3002 1225 3220 1299 ipsum,
3247 1225 3306 1281 in
3332 1242 3447 1299 quo
3478 1226 3640 1283 factm
3672 1234 3813 1286 sunt

2158 1312 2429 1385 primitia
2461 1314 2917 1387 resurgentium,
2942 1318 2999 1369 et
3013 1318 3154 1370 tunc
3177 1315 3513 1387 perﬁcietur
3531 1315 3589 1371 in
3615 1317 3806 1388 nobis,

2159 1418 2293 1457 cum
2342 1402 2580 1476 omperit
2631 1420 2760 1459 esse
2816 1419 3029 1458 corona
3087 1408 3446 1460 sanctorum.
3480 1403 3642 1461 Unde
3670 1421 3806 1463 cum

2158 1491 2334 1547 rudes
2364 1492 2556 1548 adhuc
2608 1491 2879 1564 discipuli
2913 1492 2985 1548 ab
3015 1492 3218 1548 eodem
3256 1492 3327 1549 de
3357 1492 3648 1567 baptismo
3682 1494 3810 1567 Spi-

2157 1580 2307 1636 ritus
2338 1581 2702 1649 audirent,et
2723 1580 2783 1636 in
2796 1581 3011 1637 virtute
3030 1580 3190 1637 illius
3210 1581 3531 1656 temporale
3556 1599 3805 1656 regnum

2154 1669 2334 1725 Israel
2376 1671 2828 1726 restaurandum
2885 1674 3178 1743 putarent,
3212 1675 3270 1728 et
3298 1676 3623 1744 quaererent
3654 1688 3669 1730 :
3699 1674 3804 1731 Da-

2156 1760 2325 1824 mine,
2347 1761 2397 1814 si
2425 1760 2485 1815 in
2515 1767 2749 1831 tempore
2775 1761 2874 1816 hoc
2894 1761 3143 1816 restitues
3169 1777 3400 1832 regnum
3426 1761 3642 1818 Israel?
3681 1766 3804 1820 Non

2149 1855 2229 1903 est
2255 1856 2512 1915 vestrum,
2546 1848 2758 1921 inquit,
2791 1864 2949 1905 nosse
2976 1857 3236 1921 tempora,
3268 1850 3352 1905 vel
3379 1857 3805 1924 momentaque

2150 1940 2316 1992 Pater
2342 1940 2525 2009 posuit
2553 1939 2613 1993 in
2642 1955 2742 1993 sua
2771 1945 3044 2009 potestate,
3074 1937 3167 1994 sed
3213 1940 3495 2011 accipietis
3538 1941 3801 1996 virtutem

2147 2028 2579 2098 supervenientis
2628 2029 2873 2099 Spiritus
2929 2029 3112 2083 sanc'i
3144 2028 3206 2083 in
3234 2043 3345 2095 vos,
3391 2036 3444 2084 et
3470 2030 3628 2085 eritis
3655 2030 3803 2086 mihi

2148 2116 2391 2171 testes-in
2421 2116 2780 2181 Hierusalem,
2813 2124 2867 2172 et
2919 2117 2981 2171 in
3037 2117 3191 2172 omni
3244 2116 3458 2183 Julian,
3498 2125 3551 2173 et
3600 2117 3798 2173 Sama-

2146 2205 2255 2271 ria,
2287 2212 2339 2260 et
2362 2221 2533 2277 usque
2560 2205 2630 2260 ad
2661 2206 2920 2261 ultimum
2958 2212 3143 2263 terrae.
3172 2205 3298 2261 Non
3357 2205 3513 2262 enim
3569 2211 3798 2264 creator

2145 2294 2425 2366 temporis
2441 2295 2513 2350 ad
2533 2293 2923 2350 dimetiendas
2943 2293 3145 2367 plagas
3176 2293 3302 2351 caeli
3337 2299 3395 2351 et
3424 2294 3792 2367 planetarum

2146 2397 2467 2439 concursus
2489 2382 2609 2439 sive
2631 2388 2828 2439 motus
2858 2383 3113 2439 siderum
3142 2382 3577 2451 discernendos,
3592 2401 3693 2441 seu
3716 2385 3791 2442 ad

2145 2471 2455 2528 mundanae
2468 2471 2846 2544 philosophiae
2860 2472 3304 2545 studium,quod
3320 2475 3442 2528 totu
3453 2489 3508 2528 m
3523 2489 3667 2545 pene
3679 2473 3791 2529 cir-

2143 2576 2211 2614 ca
2232 2559 2487 2632 peritura
2507 2561 3167 2633 expenditur,amatores
3190 2560 3461 2634 perennis
3481 2561 3607 2616 vitae
3626 2578 3794 2618 voca-

2141 2648 2264 2715 bat,
2288 2649 2389 2705 sed
2428 2652 2740 2722 .Jccipietis,
2768 2650 2980 2722 inquit,
3009 2651 3474 2723 supervenientem
3514 2652 3791 2724 Spiritum

2139 2736 2211 2793 ad
2239 2739 2640 2810 testiﬁcandum
2682 2755 2877 2796 nomen
2921 2756 3123 2795 meum.
3157 2740 3462 2812 Tanquam
3514 2740 3788 2813 pauperi-

2142 2827 2252 2883 bus
2273 2827 2482 2900 spiritu
2506 2832 2563 2883 et
2584 2828 2785 2884 mundi
2809 2832 3034 2884 contem
3046 2827 3308 2900 ptoribus
3329 2828 3575 2884 diceret:
3595 2828 3787 2886 Nolite

2138 2915 2433 2989 inquirere
2464 2915 2604 2973 solis
2634 2917 2951 2985 anfractus,
3003 2916 3094 2972 vel
3150 2915 3546 2991 evagationem
3604 2915 3781 2986 lunas,

2138 3005 2354 3077 quibus
2385 3005 2562 3062 nimis
2610 3006 2815 3061 mundi
2864 3004 3196 3079 philosophi
3254 3006 3644 3073 studuerunt;
3676 3007 3782 3064 sed

380 3101 439 3158 in
462 3100 591 3157 lacu
617 3097 863 3156 miseriae
887 3101 944 3152 et
963 3093 1250 3169 profundo
1279 3092 1550 3148 vitiorum
1573 3091 1871 3162 jacebant,
1891 3108 2025 3147 mox
2055 3075 2099 3143 Ο
2135 3075 2325 3168 ignari
2353 3095 2547 3150 adhuc
2578 3093 2720 3166 quid
2747 3075 2911 3151 vobis
2941 3075 3286 3168 quaerere,et
3314 3112 3512 3151 amare
3540 3094 3785 3152 utilissi-

379 3196 513 3265 post
540 3191 854 3247 adventum
881 3184 1132 3258 Spiritus
1158 3182 1355 3237 lumen
1385 3180 1519 3236 ﬁdei
1547 3184 2027 3251 susceperunt,ut

378 3278 658 3354 apostolis
705 3273 1114 3333 nuntiantibus
1156 3271 1403 3326 virtutes
1451 3270 1579 3341 ejus
1609 3268 1706 3341 qui
1740 3268 1800 3323 in
1831 3268 2024 3324 susci-

375 3373 498 3424 tato
529 3382 767 3440 corpore
796 3380 903 3420 suo
951 3359 1385 3418 evidentissime
1440 3356 1830 3440 declaraverat
1878 3357 2021 3430 quid

377 3458 577 3513 futura
595 3438 792 3512 essent
815 3450 1077 3507 ﬁdelium
1101 3464 1360 3521 corpora,
1376 3438 1621 3502 ﬁrmiter
1641 3448 2022 3519 sperarentde

375 3563 438 3603 se
467 3545 634 3620 ipsis,
658 3541 813 3616 quod
845 3541 902 3596 in
935 3540 1135 3596 eadem
1160 3542 1372 3593 natura
1400 3537 1766 3607 praecessisse
1796 3542 2020 3592 consta-

374 3636 492 3692 bat.
518 3634 714 3707 Neque
743 3631 899 3687 enim
923 3629 996 3685 ob
1027 3626 1182 3684 aliud
1215 3626 1369 3682 Deus
1398 3625 1651 3680 Verbum
1683 3630 2021 3696 susceperat

373 3741 585 3797 corpus
607 3727 664 3779 et
679 3720 934 3777 animam
960 3722 1241 3783 nostram,
1259 3714 1367 3771 nisi
1393 3719 1457 3770 ut
1474 3718 1790 3786 utrumque
1813 3731 2021 3771 unum-

372 3812 649 3887 quodque
676 3810 737 3866 in
776 3825 882 3865 suo
912 3813 1173 3879 tempore
1212 3804 1542 3860 suscitaret.
1576 3803 1855 3869 Quocirca
1885 3803 2020 3860 licet

371 3902 563 3958 adhuc
584 3897 816 3955 mortali
839 3895 1061 3953 homini
1086 3894 1421 3950 dominetur
1441 3893 1641 3964 primae
1664 3892 2018 3949 maledictio-

370 3990 463 4047 nis
495 3987 805 4055 sententia,
838 4003 956 4060 qua
1012 3983 1216 4040 mortis
1274 3981 1540 4037 debitum
1591 3979 1780 4050 solvit,
1817 3986 2013 4039 tamen

370 4079 578 4136 animae
606 4078 878 4134 humana:
908 4072 1411 4137 resurrectionem,
1434 4070 1526 4126 cui
1560 4075 1794 4143 propter
1823 4070 2013 4145 digni-

366 4172 546 4225 tatem
567 4166 658 4223 sui
678 4164 933 4222 velocius
958 4164 1144 4219 fuerat
1173 4160 1658 4224 succurrendum,
1683 4159 1845 4215 nulla
1876 4178 2015 4218 cun-

366 4257 618 4314 ctatione
639 4254 868 4312 distulit
886 4250 1286 4309 misericordia
1306 4249 1534 4319 Dei,sed
1557 4249 2012 4311 clementissime

364 4348 422 4405 et
451 4350 585 4403 ante
614 4344 823 4419 legem,
856 4348 913 4400 et
940 4342 1050 4399 sub
1078 4341 1205 4415 lege
1238 4357 1340 4414 per
1368 4339 1538 4395 ﬁdem
1598 4339 1738 4395 Jesu
1769 4340 2005 4412 Christi,

2134 3200 2297 3239 mum
2325 3184 2421 3250 sit,
2450 3191 2749 3256 exspectate
2792 3184 3204 3257 promissionem
3257 3185 3458 3249 Patris,
3485 3200 3649 3257 quam
3671 3201 3781 3240 au-

2132 3271 2289 3328 distis
2312 3290 2416 3345 per
2442 3289 2500 3330 os
2526 3289 2727 3338 meum,
2757 3280 2808 3330 et
2832 3272 3002 3329 sedete
3036 3272 3204 3329 donec
3234 3273 3552 3330 induamini
3578 3275 3780 3331 virtute

2129 3378 2200 3417 ea:
2226 3362 2354 3419 alto.
2390 3362 2524 3418 Cum
2552 3363 2702 3418 enim
2730 3364 2939 3418 venerit
2988 3361 3229 3435 Spiritus
3275 3364 3540 3428 veritatis,
3570 3362 3780 3420 docebit

2129 3466 2217 3506 vos
2249 3466 2461 3508 omnem
2489 3453 2787 3519 veritatem,
2821 3459 2873 3508 et
2903 3465 3028 3524 quae
3056 3459 3280 3508 ventura
3306 3460 3436 3509 sunt
3472 3454 3778 3509 annuntia-

2131 3540 2209 3595 bit
2239 3541 2408 3597 vobis.

2747 3629 2978 3687 CAPUT
3016 3630 3155 3687 XXI.

2200 3720 2357 3775 lianc
2387 3719 2835 3793 promissionem
2868 3718 3097 3776 Christo
3128 3719 3196 3775 ad
3231 3717 3406 3776 ccelos
3437 3718 3553 3775 illis
3580 3718 3777 3776 viden-

2125 3809 2284 3865 tibus
2312 3808 2552 3873 elevato,
2585 3813 2642 3865 et
2670 3809 2741 3865 ad
2774 3808 2962 3865 Patris
2991 3809 3282 3865 dexteram
3336 3808 3489 3864 ultra
3535 3825 3772 3866 omnem

2125 3897 2547 3954 sublimitatem
2579 3897 2879 3963 collocato,
2911 3901 3044 3971 post
3073 3896 3518 3970 completionem
3542 3897 3771 3954 dierum

2124 3987 2494 4043 Pentecostes
2541 4003 2832 4059 accepere,
2861 3987 3010 4043 facto
3067 3991 3304 4061 repente
3333 3987 3405 4042 de
3435 3986 3576 4043 coelo
3625 4002 3770 4043 sono

2121 4080 2401 4148 tanquam
2421 4076 2664 4149 spiritus
2679 4074 3404 4149 vehementis,apparentis
3424 4075 3543 4132 illis
3560 4074 3620 4130 in
3644 4092 3772 4149 spe-

2121 4167 2207 4224 cie
2238 4166 2573 4239 linguarum
2605 4170 2662 4220 et
2687 4164 2862 4238 ignis.
2896 4164 2959 4220 In
3017 4164 3234 4237 quibus
3290 4164 3432 4237 quid
3492 4163 3765 4231 effecerit,

2119 4273 2237 4313 non
2269 4259 2360 4312 est
2388 4252 2888 4327 pusillanimitatis
2909 4256 3117 4311 nostrae
3148 4253 3455 4322 disserere,
3478 4254 3580 4311 sed
3611 4252 3770 4310 adsit

2118 4346 2243 4419 ipse
2272 4349 2330 4401 et
2359 4342 2550 4409 nobis,
2582 4347 2639 4399 et
2669 4343 2873 4399 doceat
2925 4341 3235 4398 infantiam
3290 4346 3573 4413 nostram,
3605 4345 3672 4398 ut
3701 4358 3767 4400 se

363 4454 492 4510 qua;
520 4433 639 4491 vita
688 4438 797 4501 est,
828 4429 1145 4489 electorum
1175 4429 1404 4486 animas
1435 4428 1757 4495 suscitavit,
1790 4430 2007 4504 quibus
2036 4443 2084 4507 Ι)
2117 4434 2293 4508 digna
2324 4432 2540 4489 sentire
2571 4435 2628 4487 et
2656 4430 2851 4504 eloqui
2895 4430 3216 4487 valeamus.
3250 4431 3392 4498 Quis
3434 4431 3614 4499 enim,
3646 4429 3763 4487 nisi

358 4524 664 4581 viviﬁcatis
718 4521 866 4577 nihil
906 4519 1104 4576 damni
1164 4522 1480 4591 pateretur,
1513 4516 1624 4573 etsi
1683 4516 2005 4576 solveretur
2114 4522 2361 4579 flumina
2390 4521 2461 4577 de
2486 4526 2685 4577 ventre
2706 4521 2834 4592 ejus
2858 4520 3046 4576 ﬂuant
3084 4537 3247 4594 aqua:
3275 4519 3435 4588 vivae,
3458 4519 3763 4593 concipere

361 4631 493 4672 caro
514 4610 897 4680 credentium,
931 4626 1063 4666 cum
1098 4607 1252 4680 apud
1286 4605 1850 4679 praedestinationem
1875 4608 2003 4680 ejus

358 4701 420 4758 in
443 4702 557 4758 fine
578 4700 924 4758 saeculorum
958 4696 1159 4773 procul
1191 4695 1368 4751 dubio
1399 4695 1596 4750 futura
1622 4699 1776 4751 esset
1806 4713 2000 4775 resurg

358 4791 537 4849 rectio
568 4795 957 4848 mortuorum.
991 4788 1168 4857 Cujus
1224 4783 1668 4840 resurrectionis
1696 4784 1999 4843 veritatem

355 4898 543 4954 usque
575 4880 718 4936 adeo
750 4879 919 4936 nobis
948 4879 1166 4932 certam
1196 4872 1297 4929 Dei
1333 4872 1506 4928 Filius
1537 4875 1899 4945 praeparavit,
1933 4880 2000 4933 ut

355 4986 567 5044 corpus
595 4964 1036 5040 incorruptibile
1065 4962 1369 5036 discipulis
1400 4966 1604 5019 contra
1624 4967 1893 5019 naturam
1917 4965 2000 5020 in-

353 5054 817 5133 corruptibilium
852 5052 1140 5128 palpabile
1161 5051 1475 5119 exhiberet,
1499 5056 1555 5109 et
1574 5051 1807 5126 gemino
1827 5052 2001 5110 docu-

351 5152 551 5205 mento
581 5144 993 5203 dubitantibus
1040 5158 1165 5198 sese
1213 5140 1529 5197 videndum
1561 5146 1619 5197 et
1649 5158 1765 5197 non
1795 5141 1996 5198 viden-

352 5237 493 5294 dum
526 5234 857 5310 praestabat,
900 5234 966 5288 ut
994 5248 1062 5288 ex
1091 5231 1270 5287 altero
1301 5229 1465 5287 dubii
1522 5230 1893 5286 munirentur
1921 5233 1995 5288 ad

348 5326 550 5392 ﬁdem,
583 5341 651 5380 ex
681 5321 862 5378 altero
893 5319 1248 5379 desiderium
1281 5318 1593 5375 festinandi
1626 5320 1697 5376 ad
1730 5319 1891 5376 illam
1920 5318 1998 5376 vi-

346 5419 469 5473 tam
500 5410 889 5486 conciperent,
924 5410 983 5467 in
1015 5427 1130 5485 qua
1154 5406 1340 5465 oculis
1396 5408 1638 5465 mutatis
1669 5408 1726 5464 in
1760 5408 1990 5480 melius,

336 5498 776 5589 jucundissima
825 5499 1049 5566 visione
1107 5497 1391 5561 Dominici
1446 5498 1705 5577 corporis
1763 5514 1999 5581 semper

2113 4612 2368 4670 sufﬁciat
2395 4609 2649 4683 qualiter
2701 4607 3014 4665 adveniens
3071 4608 3324 4682 Spiritus
3380 4613 3620 4666 sanctus
3662 4625 3764 4667 eos

2111 4698 2506 4773 baptizaverit,
2538 4704 2596 4755 et
2625 4702 2871 4772 purgata
2894 4698 3075 4754 totius
3102 4697 3434 4772 iniquitatis
3465 4696 3761 4771 rubigine,

2110 4788 2413 4863 repleverit
2434 4787 2698 4844 omnium
2720 4787 3003 4843 virtutum
3037 4803 3298 4855 munere,
3322 4791 3388 4844 ut
3407 4790 3644 4860 repente
3662 4788 3762 4844 fie-

2109 4883 2239 4936 rent
2267 4879 2443 4933 fortes
2465 4893 2534 4933 ex
2553 4876 2798 4946 timidis,
2822 4893 2892 4933 ex
2912 4875 3088 4932 fatuis
3114 4877 3451 4950 prudentes,
3470 4877 3758 4933 ferventes

2108 4986 2177 5026 ex
2203 4966 2438 5041 tepidis,
2471 4982 2540 5022 ea
2568 4965 2933 5022 abundantia
2961 4965 3215 5039 pietatis,
3233 4969 3299 5022 ut
3328 4969 3484 5022 esset
3509 4964 3626 5022 illis
3657 4982 3759 5022 cor

2107 5073 2314 5125 unum,
2347 5060 2405 5112 et
2434 5055 2633 5112 anima
2661 5071 2798 5122 una,
2823 5053 3106 5111 charitate
3125 5054 3224 5111 Dei
3248 5054 3463 5112 diffusa
3490 5053 3550 5110 in
3573 5053 3758 5112 cordi-

2106 5146 2217 5202 bus
2269 5161 2471 5201 eorum
2523 5161 2628 5217 per
2653 5143 3017 5200 divinitatem
3048 5143 3311 5216 ejusdem
3343 5143 3618 5217 Spiritus,
3651 5142 3754 5216 qui

2105 5233 2336 5308 copiose
2356 5235 2530 5290 datus
2552 5237 2641 5290 est
2659 5232 2744 5290 eis
2768 5232 2797 5289 7
2817 5234 2983 5289 Tunc
3004 5233 3163 5290 enim
3186 5233 3426 5289 demum
3457 5248 3629 5305 opere
3648 5231 3753 5288 Dei

2106 5325 2447 5380 conﬁrmato
2477 5323 2536 5378 in
2568 5321 2854 5391 illis,vera
2871 5321 3138 5379 libertate
3168 5322 3390 5391 donati,
3420 5319 3755 5379 voluntaria

2104 5430 2350 5471 munera
2382 5410 2639 5469 ﬁdelium
2667 5410 2931 5467 cordium
2964 5410 3192 5468 Christo
3223 5411 3471 5469 Domino
3520 5409 3754 5468 obtule-

2103 5507 2262 5576 runt,
2294 5506 2351 5562 et
2379 5501 2478 5579 qui
2512 5499 2676 5578 prius
2704 5498 2859 5561 sicut
2882 5500 3030 5561 servi
3059 5500 3402 5573 timuerant,
3421 5499 3753 5565 viviﬁcante

3950 0 3958 373 ι

3955 367 3957 523 τ
