3988 6072
193 205 312 264 169

1300 203 1572 268 OPUSC.
1621 203 1928 284 CONTRA
1975 205 2506 265 WOLFELMUM.

3485 205 3598 264 l70

195 353 293 392 eos
326 336 574 409 Spiritu,
608 335 980 409 magnalibus
1038 336 1138 392 Dei
1195 337 1383 393 edocti
1436 337 1496 392 in
1529 340 1843 409 conspectu
1876 340 1928 406 Α
1957 353 2249 391 numerum
2278 335 2493 391 dierum
2517 351 2782 402 meorum,
2815 338 2913 406 qui
2939 343 3032 400 est,
3065 343 3123 391 ut
3148 337 3319 392 sciam
3349 338 3480 408 quid
3510 337 3600 393 ad-

196 425 581 499 malignantis
604 425 833 481 concilii
864 425 1198 499 injunctum
1222 425 1666 482 resurrectionis
1693 426 1852 482 testi-

197 515 465 570 monium
495 514 709 570 virtute
740 514 1062 571 invincibili
1097 515 1496 571 reddiderunt.
1522 517 1687 572 Tunc
1718 531 1849 570 vere

194 603 320 659 caeli
345 608 769 660 enarraverunt
799 603 1045 676 gloriam
1079 604 1204 672 Dei,
1227 609 1283 660 et
1313 605 1686 660 ﬁrmamento
1720 599 1851 676 apo-

195 693 404 749 stolico
435 710 584 765 opus
614 693 870 765 Spiritus
901 694 1227 760 nuntiante,
1251 711 1359 748 vox
1395 693 1718 765 majestatis
1746 694 1850 748 de-

193 786 422 838 sertum
454 781 846 837 concutientis
878 782 1134 838 intonuit
1162 782 1220 837 in
1251 782 1464 838 virtute
1497 787 1554 837 et
1585 781 1843 853 magnifi-

191 871 408 926 centia.
442 871 558 927 Nec
609 871 768 926 fuere
818 871 1182 927 diversitates
1221 871 1482 946 gentium
1518 872 1670 943 apud
1704 887 1850 942 quas

189 976 360 1015 voces
395 975 600 1016 eorum
632 977 746 1016 non
780 959 1261 1033 intclligerentur,
1289 960 1368 1015 ita
1391 965 1456 1016 ut
1487 960 1664 1015 divini
1697 958 1852 1033 ignis

187 1048 468 1104 incendio
497 1047 854 1104 scintillante
873 1049 929 1103 in
949 1066 1183 1105 omnem
1205 1053 1422 1104 terram
1445 1066 1626 1105 sonus
1646 1064 1850 1104 eorum

188 1139 392 1204 exiret,
426 1143 484 1193 et
517 1137 737 1210 Spiritu
769 1137 966 1193 omnia
1012 1138 1364 1206 continente,
1399 1155 1465 1194 ac
1492 1137 1619 1193 ideo
1651 1137 1852 1192 orbem

189 1225 457 1298 replente
488 1231 801 1294 terrarum,
835 1225 1039 1283 multis
1099 1227 1276 1283 etiam
1329 1226 1665 1283 nationibus
1693 1225 1852 1282 vocis

189 1315 444 1371 scientia
491 1315 841 1372 traderetur.
877 1314 980 1372 Hic
1036 1315 1181 1371 dona
1233 1332 1336 1371 sua
1388 1315 1660 1382 dividens,
1692 1321 1857 1386 prout

186 1405 384 1470 coluit,
419 1404 551 1460 aliis
577 1421 777 1476 genera
826 1405 1145 1476 linguarum
1170 1405 1420 1472 contulit,
1454 1405 1584 1460 aliis
1612 1405 1855 1474 gratiam

183 1495 512 1559 sanitatum,
546 1493 874 1566 quibusdam
909 1493 1288 1550 discretionem
1314 1495 1632 1565 spirituum,
1665 1492 1852 1548 omni-

185 1583 296 1638 bus
325 1581 390 1637 in
428 1581 792 1638 Salvatorem
839 1582 1212 1638 credentibus
1245 1587 1612 1653 peccatorum
1649 1581 1852 1636 remis-

187 1672 441 1742 sionem,
476 1675 535 1726 et
565 1671 721 1743 quod
753 1670 848 1726 his
873 1669 1248 1727 excellentius
1280 1675 1388 1737 est,
1421 1669 1849 1726 indeﬁcientem

184 1760 286 1816 Dei
307 1766 370 1816 et
391 1759 645 1832 proximi
667 1757 1058 1815 dilectionem.
1082 1759 1473 1814 Inﬂammavit
1491 1757 1726 1832 linguas
1745 1759 1850 1814 do-

185 1849 450 1905 centium
473 1851 534 1904 ct
553 1848 892 1904 auditorum
915 1847 1187 1903 duritiem
1210 1846 1508 1903 emollivit.
1533 1846 1852 1920 Complevit

185 1937 564 2012 loquentium
587 1940 772 2004 ora,et
793 1937 863 1991 ad
889 1935 1240 2009 capiendum
1262 1936 1505 1992 verbum
1526 1935 1653 1991 vitae
1675 1936 1852 1992 corda

183 2026 470 2100 praevenit
487 2025 870 2093 discentium,
895 2029 960 2081 ut
981 2029 1137 2081 esset
1157 2023 1563 2098 magisterium
1586 2024 1712 2080 sine
1731 2040 1851 2081 mo-

185 2132 266 2183 ra,
303 2113 630 2187 disciplina
679 2113 806 2170 sine
853 2113 1218 2182 difﬁcultate,
1252 2113 1528 2169 doctrina:
1576 2112 1849 2170 salutaris

184 2220 358 2260 verax
391 2208 452 2258 et
472 2203 745 2274 jucunda
775 2201 1088 2276 perceptio.
1117 2203 1283 2258 Tunc
1341 2201 1620 2275 compleri
1675 2201 1850 2274 coepit

184 2292 281 2349 illa
312 2292 532 2348 effusio
563 2309 740 2366 quam
775 2308 878 2365 per
901 2291 1025 2348 Joel
1056 2291 1342 2348 Dominus
1372 2291 1527 2348 Deus
1549 2295 1680 2348 ante
1711 2291 1868 2365 pra:

181 2381 412 2438 dixerat
442 2382 649 2438 dicens
681 2398 696 2437 :
729 2380 1022 2453 Effundam
1047 2381 1113 2437 de
1139 2380 1356 2453 Spiritu
1382 2398 1501 2438 meo
1542 2398 1704 2454 super
1732 2398 1846 2437 om-

181 2488 305 2526 nem
347 2487 601 2536 carnem,
634 2475 689 2527 et
720 2470 858 2526 ﬁliis
905 2470 1266 2540 Judaaorum,
1301 2469 1523 2526 sanctis
1581 2469 1848 2526 videlicet

180 2559 494 2632 apostolis,
515 2558 699 2616 vitam
723 2559 978 2616 futuram
1003 2559 1510 2632 prophetantibus.
1539 2559 1684 2614 Hinc
1707 2559 1848 2631 Syn-

179 2663 370 2721 agoga
393 2648 656 2722 perdidit
684 2665 948 2704 cruorem
982 2648 1350 2716 animalium,
1372 2647 1531 2702 illinc
1552 2646 1846 2719 gentilitas

178 2735 486 2792 culturam
520 2735 1131 2808 idolorum,quoniam
1154 2737 1431 2812 Spiritus,
1456 2736 1555 2808 qui
1589 2753 1691 2810 per
1720 2735 1845 2792 lati-

179 2825 320 2882 bula
339 2824 768 2898 prophetarum
783 2825 1114 2898 signaverat
1135 2827 1450 2882 adventum
1473 2825 1847 2894 suum,emis—

179 2932 282 2971 sus
305 2932 342 2970 a
365 2914 540 2969 Patre
569 2918 628 2970 et
658 2914 825 2984 Filio,
860 2913 1129 2971 discusso
1160 2914 1308 2988 legis
1335 2914 1681 2982 velamento,
1715 2931 1845 2988 pro-

180 3003 367 3059 cessit
400 3003 460 3057 in
495 3003 821 3075 publicum,
855 3007 922 3058 ut
951 3020 1100 3059 nova
1147 3003 1437 3060 creatione
1478 3003 1634 3059 facta
1684 3008 1844 3060 terra:

1883 1714 1933 1779 B

1959 427 2064 481 huc
2093 425 2236 481 citra
2269 426 2474 481 mortis
2495 425 2757 480 debitum
2790 425 3174 480 commoranti
3199 425 3598 482 dcsitnu‘hi.Ad

1959 515 2114 570 hunc
2136 514 2498 570 manentium
2513 514 2740 568 dierum
2760 530 3069 569 numerum
3097 513 3390 568 infinitum
3422 520 3604 570 trans-

1958 601 2087 658 ilire
2119 604 2469 675 quandoque
2501 619 2605 657 nos
2639 601 2775 657 facit
2827 602 3067 674 spiritus
3121 602 3371 673 pietatis,
3407 609 3463 657 et
3493 620 3600 658 un-

1961 691 2150 747 ctione
2199 709 2324 759 sua,
2379 709 2494 764 qua
2553 693 2721 746 docet
2769 692 2839 745 de
2887 691 3184 758 omnibus,
3218 692 3496 763 suggerit,
3531 709 3602 746 ne

1957 784 2146 836 totum
2174 799 2278 836 nos
2302 780 2812 852 comprehendisse
2843 781 3214 844 arbitremns,
3241 781 3340 835 sed
3361 799 3604 852 praesen-

1960 871 2118 925 tibus
2151 871 2533 926 sacramentis
2565 869 2796 936 initiati,
2831 887 2964 924 cum
2999 869 3258 941 apostolo
3290 869 3346 923 in
3381 887 3447 924 ea
3479 888 3604 941 quas

1957 964 2204 1014 ventura
2225 959 2758 1014 suntextendamur
2777 959 2848 1013 ad
2872 959 3136 1012 bravium
3161 975 3425 1030 superum
3449 975 3607 1014 voca-

1958 1047 2138 1102 tionis
2170 1047 2290 1115 Dei,
2326 1063 2612 1102 memores
2670 1045 2827 1101 illius
2881 1046 3235 1102 hmreditatis
3290 1047 3345 1102 in
3391 1065 3506 1120 qua
3535 1048 3606 1103 de

1962 1153 2139 1191 manu
2174 1136 2438 1191 omnium
2473 1135 2846 1190 inimicorum
2878 1135 3260 1190 invisibilium
3289 1154 3390 1192 seu
3414 1136 3607 1192 visibi-

1961 1224 2108 1280 lium
2140 1223 2388 1292 liberati,
2422 1224 2481 1278 in
2511 1223 2816 1281 sanctitate
2849 1228 2904 1279 et
2942 1224 3177 1295 justitia
3235 1241 3429 1280 coram
3479 1226 3606 1298 ipso

1963 1313 2337 1385 corporaliter
2357 1313 2708 1384 praesentati,
2727 1312 2884 1367 omni
2910 1317 3165 1385 tempore
3192 1314 3510 1369 serviemus
3532 1314 3604 1370 ei.

1963 1402 2127 1458 Sicut
2147 1402 2302 1458 enim
2327 1401 2520 1474 priora
2541 1402 2928 1474 significativa
2951 1406 3089 1456 sunt
3109 1403 3508 1475 prmscntium,
3530 1404 3608 1459 ita

1963 1491 2076 1546 ista
2107 1492 2364 1547 etfectiva
2395 1491 2632 1563 quidem
2683 1491 2891 1548 salutis
2922 1495 3078 1558 sunt,
3108 1493 3208 1546 sed
3239 1492 3606 1564 praesentatio

1964 1580 2294 1636 futurorum
2323 1599 2335 1649 ;
2361 1598 2461 1652 spe
2485 1581 2638 1635 enim
2665 1580 2805 1634 salvi
2831 1581 2964 1634 facti
3006 1598 3232 1646 sumus,
3258 1586 3314 1636 et
3340 1582 3608 1637 videmus

1963 1685 2119 1724 nunc
2143 1686 2245 1742 per
2266 1669 2592 1742 speculum,
2618 1675 2758 1724 tunc
2788 1675 2982 1725 autem
3016 1670 3159 1725 tacie
3182 1670 3252 1724 ad
3287 1669 3491 1725 faciem
3524 1670 3609 1726 vi-

1962 1758 2083 1814 suri
2116 1775 2346 1825 sumus,
2371 1775 2505 1814 cum
2539 1758 2871 1831 apparuerit
2901 1758 3168 1814 Christus
3191 1759 3308 1814 vita
3329 1763 3610 1827 nostra,et

1960 1847 2198 1919 coeperit
2229 1864 2508 1920 apparere
2539 1848 2679 1920 quid
2713 1847 2954 1904 erimus.

2560 1998 2793 2055 CAPUT
2831 1999 3000 2054 XXII.

2028 2112 2284 2169 Breviter
2305 2111 2539 2186 longam
2572 2113 2780 2169 seriem
2813 2131 3054 2186 operum
3089 2113 3189 2170 Dei
3221 2114 3609 2188 attigimus,et

1956 2202 2066 2258 sub
2065 2202 2317 2274 jecimus
2338 2203 2672 2275 conspectui
2695 2207 2794 2258 tuo
2807 2201 3074 2259 Ecclesia:
3097 2207 3379 2276 status,ut
3399 2205 3606 2261 exinde

1949 2291 2249 2362 judicares
2281 2309 2458 2364 quam
2487 2291 2958 2348 inconvenientcs
2990 2293 3048 2347 in
3081 2293 3375 2366 plerisque
3407 2300 3464 2350 et
3492 2295 3605 2351 dis-

1956 2397 2109 2438 sonae
2133 2381 2252 2436 sint
2273 2380 2523 2437 cmlestis
2544 2381 2838 2436 institutio
2851 2387 2908 2436 et
2930 2381 3322 2438 humanorum
3335 2385 3599 2441 versutia:

1955 2469 2388 2542 ﬁgmentorum.
2423 2470 2696 2536 Quamvis
2728 2470 2882 2525 enim
2916 2470 2974 2526 in
3007 2471 3212 2526 morali
3249 2472 3598 2530 discretione

1953 2562 2160 2630 praeter
2179 2576 2246 2614 ea
2267 2577 2395 2632 quae
2416 2559 2488 2618 ad
2511 2559 2682 2614 fidem
2709 2559 3170 2616 sanctiﬁcantem
3193 2566 3402 2618 cuncta
3421 2564 3598 2635 perti-

1952 2648 2185 2714 nent,in
2219 2647 2485 2720 pluribus
2518 2647 2930 2720 philosophicas
2963 2649 3220 2705 rationes
3251 2667 3284 2706 a
3314 2651 3598 2708 catholico

1951 2751 2127 2794 sensu
2152 2753 2264 2792 non
2288 2736 2869 2808 discrepent,sicutin
2889 2737 3275 2810 descriptione
3296 2739 3598 2810 virtutum,

1953 2842 2102 2897 quas
2125 2825 2410 2898 politicas,
2435 2826 2804 2898 purgatorias
2827 2830 2883 2882 et
2913 2831 3190 2899 purgatas
3220 2827 3602 2901 appellant,et

1955 2914 2086 2970 aliis
2120 2914 2342 2982 multis,
2377 2931 2444 2970 ex
2475 2914 2692 2987 quibus
2723 2914 3098 2972 ecclesiastici
3130 2923 3379 2973 rectores
3408 2923 3464 2973 et
3493 2936 3599 2992 gu-

1954 3004 2292 3060 bernatores
2324 3002 2527 3058 divinas
2557 3004 2887 3076 reipublicae
2948 3005 3216 3076 quaedam
3275 3023 3598 3079 sumpsere,

179 3092 402 3148 faciem
439 3097 764 3159 renovaret,
779 3097 835 3148 et
853 3091 1093 3148 remotis
1114 3091 1552 3149 idololatrarum
1575 3094 1848 3150 sordibus
1877 3082 1920 3148 C
1961 3095 2155 3148 tamen
2185 3109 2320 3147 cum
2350 3093 2422 3150 ad
2453 3108 2760 3162 corporum
2787 3097 3120 3148 nostrorum
3145 3094 3600 3167 disputationem

177 3182 524 3253 disparatus
555 3181 808 3254 parietes
837 3180 896 3236 in
927 3198 1107 3237 unam
1140 3183 1380 3238 domum
1411 3181 1642 3238 Domini
1673 3184 1844 3238 coad-

175 3273 412 3335 unaret,
432 3273 493 3324 et
511 3269 672 3324 fieret
685 3285 815 3338 gens
834 3271 1281 3342 sancta,populus
1308 3272 1847 3343 acquisitionis,etec-

176 3366 289 3414 tum
309 3375 512 3428 genus,
531 3357 718 3430 regale
736 3357 1123 3426 sacerdotium,
1139 3358 1416 3414 omnibus
1437 3359 1656 3415 vocatis
1670 3359 1726 3414 in
1751 3360 1846 3416 ad-

175 3446 453 3503 mirabile
475 3445 674 3502 lumen
696 3445 929 3502 Domini
948 3447 1001 3503 J.
1019 3445 1206 3502 C.Hoc
1227 3447 1512 3503 Paraclito
1533 3464 1846 3521 suggeren-

175 3535 472 3600 teomuia,
489 3539 547 3590 et
566 3535 854 3592 efficiente
879 3551 984 3608 per
1014 3535 1399 3608 apostolicam
1431 3553 1717 3592 manuum
1740 3536 1844 3591 im-

174 3625 869 3696 positionem,sacrorum
891 3624 1163 3680 ordinum
1188 3625 1524 3680 institutum
1547 3629 1635 3682 est
1656 3643 1845 3682 sacra-

174 3717 538 3781 mentum,et
558 3712 871 3769 venerandi
893 3713 1121 3769 concilii
1146 3713 1243 3785 pia
1272 3713 1717 3780 collatio.Quam
1737 3717 1844 3772 for-

175 3819 339 3858 mam
361 3806 683 3873 sequentes
705 3801 902 3858 Patres
925 3802 1620 3874 imitarentur,quatenus
1641 3805 1843 3860 eodem

174 3891 406 3964 Spiritu
427 3889 710 3945 illustrati
741 3891 1123 3964 subrepentes
1144 3890 1395 3946 haereses
1420 3891 1763 3958 devitarent,
1791 3898 1847 3949 et

173 3984 637 4054 protemporum
655 3984 828 4051 atque
846 3978 1108 4035 locorum
1131 3979 1355 4035 ratione
1377 3980 1846 4054 sancirentregu-

176 4069 264 4123 las
287 4067 700 4123 moderamine
722 4068 1172 4124 mansuetojioc
1187 4067 1314 4140 ipso
1327 4067 1568 4124 animati
1581 4074 1698 4125 tam
1713 4088 1846 4142 apo-

177 4156 314 4212 stoli
337 4173 526 4229 quam
548 4156 852 4228 apostolici
875 4157 982 4212 viri
1007 4160 1342 4213 constanter
1371 4158 1722 4214 caducorum
1753 4177 1845 4216 re-

177 4261 323 4318 gum
359 4249 790 4316 superaverunt
809 4249 1123 4314 tormenta,
1147 4249 1204 4301 et
1224 4246 1846 4318 ﬁde,verbis,moribus

177 4334 372 4390 Deum
395 4333 458 4388 in
481 4349 545 4390 se
565 4333 960 4406 glorificantes
992 4335 1306 4390 robustiori
1339 4335 1557 4392 amoris
1586 4342 1730 4392 aestu
1753 4355 1842 4394 ex-

1952 3186 2191 3237 ventum
2237 3185 2344 3248 est,
2379 3180 2794 3238 miserabiliter
2841 3181 3241 3254 desipuerunt,
3276 3188 3599 3241 statuentes

1953 3270 2064 3327 sibi
2097 3268 2453 3342 perniciosas
2502 3269 2824 3325 sententias
2853 3287 2980 3342 quae
3010 3271 3252 3327 veniunt
3281 3278 3482 3328 contra
3511 3290 3600 3330 re-

1953 3357 2332 3415 surrectionis
2365 3359 2731 3431 mysterium,
2755 3359 2908 3414 circa
2929 3361 3083 3432 quod
3108 3361 3359 3418 maxime
3388 3362 3598 3418 divitiae

1953 3447 2231 3504 bonitatis
2250 3451 2306 3502 et
2326 3446 2756 3505 humiliationis
2778 3448 2877 3504 Dei
2909 3453 3232 3517 versantur,
3257 3451 3410 3522 quod
3433 3451 3602 3506 nimi-

1953 3553 2084 3592 rum
2110 3553 2214 3591 nec
2237 3540 2449 3594 natura
2470 3536 2615 3592 duce
2635 3537 3146 3609 comprehendere,
3162 3540 3601 3612 necinspirante

1953 3625 2068 3681 Deo
2099 3641 2446 3698 cognoscere
2479 3630 2835 3683 meruerunt.
2860 3627 3082 3700 Corpus
3104 3645 3357 3700 namque
3389 3647 3456 3685 ex
3486 3629 3598 3686 ele-

1953 3714 2167 3770 mentis
2197 3719 2562 3786 compactum
2589 3715 2954 3781 arbitrantes,
2984 3719 3135 3788 quod
3162 3717 3348 3790 ipsius
3382 3720 3599 3790 ponde-

1952 3820 2152 3858 rosum
2184 3808 2306 3858 erat
2327 3802 2718 3874 opinabantur
2742 3804 2797 3857 in
2821 3809 3031 3860 terram
3056 3805 3375 3861 inevitabili
3410 3825 3602 3864 ncces-

1953 3892 2124 3948 sitate
2183 3892 2390 3958 redire,
2449 3897 2514 3947 ut
2571 3891 2778 3964 spiritu
2838 3895 2907 3948 ad
2968 3893 3196 3949 stellam
3267 3914 3599 3967 comparem

1956 3981 2254 4046 redeunte,
2289 3980 2521 4053 singula
2538 3997 2604 4035 ex
2627 3982 2841 4052 quibus
2864 3989 3197 4038 concretum
3221 4002 3431 4056 corpus
3464 4003 3599 4040 con-

1952 4068 2198 4135 stiterat,
2245 4069 2302 4123 iu
2354 4070 2626 4124 matrices
2669 4072 2954 4126 essentias
2981 4079 3409 4143 retexerentur;
3448 4076 3600 4130 unde

1954 4157 2099 4212 nihil
2123 4157 2278 4212 aliud
2303 4175 2516 4230 corpus
2537 4176 2713 4230 quam
2739 4177 3028 4216 carcerem
3053 4166 3110 4216 et
3131 4163 3464 4234 sepulcrum
3491 4182 3602 4236 pm-

1953 4246 2193 4302 nitentis
2215 4246 2421 4302 animae
2449 4248 2836 4304 aestimabant.
2867 4250 3106 4306 Proinde
3127 4252 3460 4324 quicunque
3481 4253 3604 4308 illa-

1953 4351 2084 4390 rum
2115 4335 2538 4407 scripturarum
2562 4338 2852 4406 sensibus,
2877 4338 3030 4394 sicut
3047 4339 3598 4413 veris,acquieverit,

177 4421 456 4478 ustiones
487 4438 797 4495 corporum
828 4423 1390 4495 contempserunt,in
1415 4425 1695 4496 patientia
1717 4444 1846 4484 san-
1877 4451 1922 4516 D
1954 4441 2080 4496 qua
2104 4424 2526 4496 reparationem
2557 4442 2865 4498 corporum
2890 4427 2948 4481 in
2971 4433 3186 4483 aeterna
3232 4429 3350 4484 vita
3380 4429 3599 4501 impos-

177 4517 306 4566 ctas
341 4510 583 4566 animas
611 4510 996 4583 possidentes,
1024 4514 1082 4566 et
1104 4527 1290 4583 usque
1312 4512 1384 4566 ad
1408 4509 1588 4584 hujus
1607 4513 1736 4569 vita:
1758 4531 1846 4570 ex-

175 4598 333 4653 itum
369 4603 429 4654 et
459 4614 736 4654 coronam
770 4597 1034 4672 martyrii
1063 4598 1407 4654 thesaurum
1440 4601 1574 4656 ﬁdei
1605 4601 1663 4656 in
1694 4604 1849 4661 vasis

177 4685 478 4742 ﬁctilibus
532 4691 962 4742 conservantes.
997 4687 1186 4757 Hujus
1217 4687 1522 4760 inspiratio
1553 4694 1660 4758 est,
1695 4693 1849 4764 quod

176 4775 414 4847 ubique
444 4775 626 4830 sentit
671 4774 960 4831 catholica
1016 4777 1306 4832 confessio
1365 4778 1760 4848 sacerdotum,
1794 4787 1852 4838 et

177 4864 532 4936 quicunque
563 4865 636 4919 de
667 4864 970 4920 incarnato
989 4863 1196 4930 Verbo,
1222 4865 1340 4921 sive
1363 4866 1433 4920 ad
1454 4865 1700 4922 aliorum
1726 4888 1850 4926 eru-

177 4951 501 5017 ditionem,
524 4968 627 5007 seu
659 4953 731 5007 ad
761 4952 854 5008 sui
885 4952 1342 5008 consolationem
1377 4971 1518 5010 sano
1550 4956 1847 5015 intellectu

175 5038 370 5096 locuti
404 5045 568 5107 sunt,
603 5058 718 5096 non
749 5040 990 5097 aliunde
1043 5059 1220 5114 quam
1255 5045 1324 5097 ab
1351 5042 1450 5098 illo
1485 5043 1848 5118 hauserunt;

179 5145 367 5186 nemo
396 5129 558 5185 enim
589 5133 748 5185 amat
776 5129 1091 5187 Dominum
1115 5131 1318 5187 Jesum
1336 5131 1629 5189 Christum
1656 5134 1766 5191 nisi
1792 5136 1850 5191 in

181 5217 418 5289 Spiritu
443 5222 669 5284 sancto,
693 5217 792 5290 qui
816 5218 1130 5276 adveniens
1151 5219 1468 5276 electorum
1501 5224 1774 5280 cordibus
1793 5226 1851 5282 in

182 5319 456 5361 amorem
489 5306 758 5362 ooaaterni
793 5305 906 5361 sibi
937 5306 1111 5364 Verbi
1153 5308 1436 5377 accendit,
1470 5313 1528 5364 et
1559 5313 1853 5382 postulare

182 5407 286 5452 eos
299 5393 449 5450 facit
463 5393 784 5466 gemitibus
797 5393 1376 5465 ineuarrabilibus,et
1397 5412 1530 5453 cum
1550 5399 1854 5459 Psalmista

183 5496 428 5559 genere
461 5482 708 5541 :Notum
757 5485 854 5556 [ac
901 5486 1065 5552 mihi,
1097 5485 1346 5553 Domine,
1379 5486 1544 5557 ﬁnem
1570 5506 1772 5558 meum,
1803 5501 1854 5549 et

521 5610 785 5676 Parant.
829 5610 1003 5681 CLV.

1957 4513 2186 4569 sibilem
2219 4531 2346 4569 esse
2377 4516 2761 4582 contendunt,
2784 4520 3066 4588 tanquam
3098 4519 3290 4573 verius
3323 4523 3600 4590 reputans

1958 4603 2111 4674 quod
2136 4603 2207 4658 ab
2239 4602 2488 4658 ethnicis
2519 4604 2811 4660 sancitum
2846 4605 2943 4676 sit,
2977 4606 3173 4661 omnia
3205 4606 3426 4662 scilicet
3457 4625 3598 4679 pon-

1957 4691 2095 4747 dera
2126 4709 2232 4747 suo
2264 4697 2408 4747 nutu
2459 4693 2516 4747 in
2569 4696 2783 4749 terram
2844 4695 3001 4760 ferri,
3034 4695 3142 4750 iste
3172 4696 3394 4768 absque
3424 4695 3601 4751 dubio

1958 4781 2143 4836 hostis
2174 4787 2264 4836 est
2294 4781 2384 4836 sui
2417 4781 2624 4854 ipsius,
2658 4787 2713 4838 et
2741 4783 3007 4856 ingratus
3038 4784 3459 4841 elementorum
3488 4788 3602 4840 Au-

1958 4870 2122 4937 ctori,
2157 4870 2255 4942 qui
2287 4872 2484 4926 omnia
2542 4889 2905 4944 quacunque
2965 4874 3147 4929 voluit
3193 4876 3347 4941 fecit,
3376 4876 3468 4930 cui
3501 4891 3603 4947 pro

1958 4963 2113 5014 certo
2137 4964 2254 5013 tam
2283 4960 2450 5014 facile
2471 4966 2559 5014 est
2578 4979 2759 5015 unum
2788 4962 2844 5016 in
2877 4981 3152 5034 supremo
3183 4963 3394 5030 locare,
3428 4981 3606 5037 quam

1961 5047 2128 5103 facile
2143 5047 2318 5102 fuitin
2343 5048 2532 5120 prima
2549 5049 2837 5106 creatione
2869 5069 3272 5125 compugnans
3296 5054 3472 5108 chaos
3497 5053 3608 5108 ele-

1963 5134 2251 5191 mentaria
2271 5137 2644 5194 distinctione
2663 5140 2942 5198 stabilire.
2969 5143 3037 5198 Et
3059 5142 3115 5196 in
3140 5143 3268 5210 hoc,
3294 5148 3358 5197 ut
3382 5143 3608 5214 opinor,

1962 5241 2192 5281 mecum
2216 5225 2512 5292 convenis,
2538 5228 2693 5299 quod
2717 5230 2915 5284 omnia
2936 5248 3063 5302 qua:
3087 5231 3210 5285 vult
3231 5231 3416 5302 possit
3438 5232 3610 5287 Deus.

1963 5316 2073 5371 Sed
2106 5314 2371 5370 fortassis
2397 5314 2667 5385 inquies:
2704 5317 2860 5374 Licet
2899 5325 3110 5375 cuncta
3140 5320 3314 5374 iaciat
3345 5337 3620 5390 qumcun-

1962 5420 2076 5476 que
2097 5403 2252 5472 velit,
2278 5423 2382 5462 nec
2405 5402 2565 5459 aliud
2589 5405 2784 5472 faciat,
2808 5411 2865 5462 et
2886 5407 3039 5463 aliud
3066 5408 3328 5477 velit,sed
3351 5424 3420 5462 ea
3442 5409 3618 5464 etiam

1962 5492 2099 5550 velit
2120 5509 2246 5565 quis
2268 5495 2430 5562 facit,
2453 5495 2595 5565 quia
2613 5494 2975 5553 voluntatem
3005 5499 3134 5570 ejus
3165 5512 3334 5554 nemo
3369 5496 3623 5569 compel-

3262 5621 3302 5680 6
