3988 6072
409 219 518 278 171

1867 219 2347 280 MANEGALDI.

3687 222 3807 284 1⁸72

401 347 489 419 lit,
514 348 950 422 philosophanti
981 353 1174 406 tamen
1198 350 1256 406 in
1274 350 1452 408 dubio
1477 353 1676 406 manet
1703 352 1899 406 utrum
1923 349 2047 422 ipse
2075 352 2128 418 Α
2159 353 2390 423 petatur
2419 349 2704 423 quidquid
2735 350 3112 408 inhonestum
3131 354 3188 408 et
3207 355 3375 425 turpe
3400 353 3807 428 est,quidquid

397 438 646 495 voluerit
667 439 820 511 quod
851 453 985 494 eum
1015 437 1267 496 voluisse
1289 443 1344 494 et
1375 439 1580 496 fecisse
1611 439 1780 494 beata
1809 438 2043 512 simpli-

398 527 543 584 citas
563 527 826 584 ﬁdelium
849 527 1160 583 credit.Hic
1187 527 1525 600 quaestionis
1548 528 1736 583 nodus
1759 527 1909 583 sicut
1929 545 2045 584 non

398 616 656 672 credenti
706 615 986 682 difﬁcilis,
1019 616 1103 672 ita
1135 616 1320 672 facilis
1351 621 1440 674 est
1469 616 1744 684 credenti,
1774 621 1831 672 et
1860 634 2046 689 quan-

397 710 524 760 tum
555 705 614 760 in
671 705 909 761 homine
966 709 1078 772 est,
1109 709 1174 760 ut
1219 705 1508 772 existimo,
1542 705 1898 774 insolubilis,
1933 703 2049 761 nisi

399 793 555 850 adsit
584 793 760 850 clavis
793 793 993 862 David,
1019 811 1147 866 quae
1169 793 1390 850 claudit
1411 799 1466 850 et
1489 810 1660 849 nemo
1680 794 1885 866 aperit,
1918 811 2048 867 ape-

402 881 478 938 rit
497 886 553 938 et
573 899 742 938 nemo
765 881 1004 938 claudit.
1029 882 1208 940 Nobis
1229 886 1425 938 autem
1448 883 1555 938 hoc
1586 882 1845 939 solutum
1871 887 1958 938 est
1986 883 2045 938 in

403 970 561 1027 ﬁdeli
581 971 897 1039 Abraham,
923 971 981 1026 in
1004 973 1174 1044 cujus
1197 972 1418 1027 semine
1447 971 1625 1028 etiam
1653 973 1896 1028 credens
1919 971 2047 1045 phi-

401 1058 685 1132 losophus
706 1060 1153 1130 benedieitur,in
1176 1059 1448 1116 columna
1470 1061 1644 1117 nubis
1665 1066 1721 1117 et
1741 1061 2050 1134 ignistem-

401 1166 540 1222 pore
571 1148 774 1221 Moysi,
805 1149 862 1203 in
917 1148 1198 1204 divisione
1229 1148 1408 1204 maris
1440 1149 1643 1218 Rubri,
1677 1154 1734 1206 et
1763 1149 1986 1205 caeteris
2015 1166 2050 1205 a

402 1237 571 1294 nobis
597 1237 868 1310 superius
888 1237 1347 1311 comprehensis,
1365 1238 1425 1293 in
1448 1239 1666 1310 quibus
1687 1239 2048 1295 consuetudo

401 1331 620 1382 natura:
669 1327 840 1382 toties
888 1326 1040 1382 victa
1088 1330 1195 1395 est,
1231 1331 1299 1386 ut
1321 1328 1448 1398 jam
1487 1327 1617 1400 ipsa
1646 1328 1716 1384 de
1749 1344 1810 1384 se
1840 1331 2052 1384 natura

397 1431 606 1488 parum
631 1415 922 1472 conﬁdere
946 1415 1239 1488 possit.Ad
1267 1415 1542 1472 ultimum
1569 1421 1744 1473 natus
1765 1421 1853 1472 est
1875 1416 2048 1473 homo

397 1504 551 1560 Deus
583 1505 654 1560 de
681 1507 964 1576 perpetua
992 1503 1250 1577 Virgine,
1280 1504 1556 1578 idemque
1578 1505 1752 1561 homo
1786 1505 2051 1578 sepultus

397 1591 781 1649 resuscitatus
803 1596 891 1648 est
913 1593 972 1647 in
995 1597 1278 1648 aeternum
1320 1610 1456 1649 cum
1486 1611 1619 1650 vero
1651 1611 1911 1667 corpore,
1943 1600 2054 1666 qui

399 1681 645 1755 priusin
667 1685 1079 1754 argumentum
1110 1681 1344 1738 virtutis
1376 1699 1494 1738 suae
1529 1683 1772 1738 fetidum
1809 1684 2055 1738 cadaver

403 1771 602 1827 Lazari
631 1771 911 1825 veraciter
940 1769 1274 1826 restituerat
1304 1770 1531 1834 mortali
1592 1772 1740 1828 vita.
1776 1772 2054 1828 Mentitur

402 1877 538 1932 ergo
569 1859 956 1932 philosophus
984 1860 1300 1917 enuntians
1329 1877 1561 1917 omnem
1594 1860 1892 1917 hominem
1923 1878 2052 1918 esse

403 1947 620 2005 animal
643 1947 926 2006 rationale
949 1949 1359 2021 mortale,quia
1371 1949 1639 2006 Christus
1661 1967 1972 2022 resurgens
1984 1967 2053 2006 ex

403 2037 651 2093 mortuis
682 2039 809 2109 jam
833 2055 950 2094 non
973 2038 1242 2106 moritur,
1267 2055 1425 2093 mors
1450 2037 1532 2092 illi
1557 2038 1710 2094 ultra
1733 2056 1848 2094 non
1871 2039 2054 2096 domi-

403 2127 658 2182 nabitur.
681 2127 758 2182 Ac
781 2143 882 2198 pro
904 2125 1013 2182 hoc
1035 2126 1274 2198 quidam
1306 2127 1481 2184 homo
1508 2127 1696 2183 factus
1723 2131 1810 2182 est
1832 2127 2050 2186 animal

398 2213 749 2281 immortale,
783 2214 882 2286 qui
915 2214 1170 2271 salutare
1218 2216 1432 2288 dogma
1480 2215 1876 2272 imitatoribus
1927 2217 2052 2272 suis

397 2304 639 2370 confert,
662 2307 718 2359 et
740 2304 797 2358 in
830 2303 1184 2376 disputando
1206 2305 1462 2376 adjuvat,
1484 2310 1772 2376 quatenus
1797 2305 2048 2372 diabolo,

399 2392 498 2465 qui
520 2392 837 2448 exstinctor
867 2392 998 2448 fidei
1031 2397 1139 2459 est,
1164 2398 1220 2448 et
1240 2393 1519 2449 membris
1551 2395 1678 2466 ejus
1709 2393 1952 2450 viriliter
1969 2411 2050 2450 re-

295 2473 300 2477 ’
399 2482 692 2550 sistentes,
713 2482 951 2537 credant
975 2486 1033 2536 et
1053 2480 1308 2537 clament
1327 2481 1598 2538 velociter
1628 2483 1890 2538 futurum
1924 2499 2052 2539 esse

405 2575 469 2625 ut
497 2569 706 2626 collata
735 2569 958 2625 homini
992 2570 1388 2638 immortalite,
1439 2587 1556 2642 qua
1613 2571 1768 2627 Deus
1825 2571 2051 2628 diﬂ‘ere-

404 2659 505 2714 bat
535 2659 606 2714 ab
639 2674 726 2727 eo,
752 2662 1042 2714 removeat
1075 2658 1508 2727 mortalitatem,
1533 2677 1650 2732 qua
1670 2659 1843 2716 homo
1877 2661 2055 2718 miser

406 2747 716 2803 recedebat
745 2764 779 2802 a
807 2752 937 2812 Deo,
971 2751 1028 2802 et
1057 2747 1140 2803 sic
1196 2765 1300 2819 per
1352 2747 1562 2804 Christi
1621 2749 1967 2822 sapientiam
1997 2754 2054 2805 et

409 2835 657 2909 gratiam
684 2836 792 2891 sub
826 2853 944 2890 una
965 2835 1302 2891 deﬁnitione
1329 2837 1692 2902 conveniant,
1718 2854 1866 2909 quos
1897 2854 2052 2893 mor-

408 2924 541 2980 talis
565 2923 949 2997 philosophus
973 2941 1075 2996 per
1095 2924 1444 2980 infatuatam
1476 2925 1844 2998 prudentiam
1868 2931 2055 2983 trans-

404 3012 576 3069 itoria
605 3013 886 3086 qualitate
913 3013 1227 3070 dividebat.
1261 3013 1376 3070 Hoc
1409 3031 1524 3069 non
1556 3014 1875 3086 percipitur
1903 3019 2056 3087 post-

404 3119 582 3175 quam
615 3101 859 3174 spiritus
917 3103 1218 3172 subjectus
1267 3106 1354 3158 est
1383 3103 1567 3169 carni,
1601 3104 1877 3175 quoniam
1911 3121 2046 3160 cum
2077 3089 2120 3155 C

403 3208 535 3246 caro
549 3192 826 3246 adversus
839 3190 1115 3262 spiritum
1129 3191 1522 3263 concupiscat,
1533 3192 1580 3246 si
1605 3191 1845 3265 spiritus
1875 3194 2050 3249 abne-

401 3279 553 3352 gatis
583 3280 870 3336 fructibus
901 3279 1159 3352 suis,qui
1185 3285 1323 3336 sunt
1351 3281 1674 3336 secundum
1705 3281 2047 3354 Apostolum

401 3367 635 3426 Galatas
666 3368 1381 3435 cohortantem,charitas,
1414 3371 1719 3441 gaudium,
1741 3370 2044 3442 pax,ﬁdes,

399 3457 778 3524 continentia,
812 3455 1074 3522 castitas,
1106 3460 1163 3512 et
1191 3455 1307 3511 alia
1335 3456 1493 3521 talia,
1520 3474 1647 3529 quas
1679 3459 1905 3531 cogenti
1931 3457 2044 3532 legi

398 3563 514 3601 non
537 3545 864 3616 subjacent,
881 3544 991 3600 sub
1011 3543 1272 3600 dominio
1296 3546 1490 3602 carnis
1511 3546 1828 3615 transierit,
1843 3551 1901 3602 et
1920 3551 2044 3603 tur-

398 3633 680 3706 pissimus
709 3650 912 3689 servus
941 3631 1296 3689 lascivientis
1327 3635 1576 3690 dominis
1606 3652 1845 3706 pressus
1866 3635 1942 3690 im
1954 3653 2046 3708 pe-

397 3722 505 3793 rio,
529 3721 1156 3796 sensualitatisjugum
1187 3727 1418 3794 portare
1451 3725 2041 3791 consueverit,statim

396 3810 862 3884 longanimitate,
890 3826 1007 3884 qua
1038 3827 1320 3866 mansura
1349 3812 1501 3868 bona
1527 3813 1912 3881 sustinentur,
1946 3814 2043 3870 ab-

387 3901 565 3972 jecta,
600 3899 938 3972 implicatur
967 3903 1027 3956 et
1056 3900 1438 3956 confunditur
1493 3901 1766 3973 operibus
1823 3903 2036 3971 carnis,

395 4005 521 4060 quae
554 3992 693 4044 sunt
721 3987 1044 4055 fornicatio,
1078 3988 1474 4061 immunditia,
1499 3989 1759 4060 avaritia,
1793 4007 1920 4063 qua:
1951 3996 2040 4049 est

393 4077 682 4133 idolorum
715 4077 983 4146 servitus,
1017 4077 1127 4133 sub
1161 4095 1278 4150 qua
1307 4077 1636 4134 idololatria
1665 4080 2041 4152 comprehen-

391 4167 570 4232 ditur,
595 4166 997 4222 inobedientiae
1021 4166 1640 4234 scelus,contentiones
1660 4168 1834 4224 etiam
1857 4169 2038 4226 etdis-

391 4255 712 4323 sensiones,
746 4255 963 4327 quibus
993 4273 1096 4311 vos
1121 4255 1368 4328 operarii
1399 4257 1592 4312 carnis
1619 4257 1870 4314 maxime
1898 4258 2036 4316 totis

387 4345 482 4400 his
503 4343 864 4416 temporibus
895 4344 1227 4412 studuistis,
1245 4345 1441 4417 qualia
1461 4345 1558 4417 qui
1579 4350 2034 4419 agunt,rcgnum

2155 439 2505 496 damnosum
2539 443 2854 508 ametur,et
2884 440 3059 496 homo
3091 441 3150 496 in
3180 441 3458 498 honorem
3489 442 3590 500 Dei
3613 443 3812 500 condi-

2154 527 2546 600 tusjumentis
2577 527 2990 600 insipientibus
3012 528 3225 586 similis
3257 530 3541 603 redigitur
3560 531 3618 588 in
3641 533 3811 589 dede-

2157 633 2262 673 cus
2291 617 2552 673 bestiale.
2577 617 2712 673 Sine
2732 617 3057 676 differentia
3087 635 3343 691 namque
3363 620 3435 675 de
3454 620 3591 676 vitio
3613 621 3734 677 itur
3747 621 3808 678 in

2155 705 2382 775 vitium,
2409 706 2508 762 ubi
2549 705 2724 762 etiam
2756 705 2978 779 peccati
3007 723 3186 764 causa
3214 709 3279 762 ﬁt
3307 710 3641 781 praecedens
3668 727 3801 784 pec-

2157 799 2439 861 catum,et
2459 794 2698 851 assidua
2719 796 2993 868 peccandi
3018 795 3325 852 delectatio
3347 799 3660 870 reprobum
3682 815 3811 856 sen-

2158 899 2290 939 sum
2322 883 2382 938 in
2415 885 2772 956 profundum
2829 884 3114 957 pertrahit
3169 889 3560 957 peccatorum,
3591 892 3658 944 ut
3682 889 3809 961 jam

2158 971 2323 1028 nulla
2345 972 2609 1028 videatur
2638 973 2750 1028 sibi
2782 989 2954 1046 posse
2984 974 3106 1030 ﬁeri
3139 974 3407 1032 remissio
3438 976 3806 1036 delictorum.

2159 1062 2323 1118 Tunc
2345 1061 2499 1134 quod
2521 1061 2681 1118 omni
2712 1061 2952 1118 victima
2977 1063 3174 1136 potius
3201 1069 3310 1134 est,
3340 1065 3681 1122 obedientim
3711 1067 3810 1124 bo-

2158 1166 2298 1205 num
2319 1150 2840 1218 contemnitur,ubi
2863 1150 3142 1208 nimirum
3164 1153 3437 1210 defuncto
3451 1155 3658 1210 timore
3680 1155 3804 1224 Dei,

2160 1238 2269 1295 soli
2299 1239 2625 1296 dominanti
2654 1239 2882 1296 libidini
2915 1241 3208 1299 obeditur.

2754 1328 2986 1386 CAPUT
3023 1329 3214 1386 XXIII.

2232 1416 2604 1474 Confusionis
2632 1420 2806 1473 tantae
2837 1418 3495 1492 baratrum,nisimajor
3512 1421 3614 1478 Dei
3636 1422 3811 1482 mise-

2161 1505 2412 1562 ricordia
2441 1506 2749 1578 perditioni
2780 1511 2980 1563 vestra
3011 1508 3316 1565 subvenire
3345 1509 3811 1582 dignabitur,vo-

2163 1594 2256 1650 bis
2285 1599 2340 1651 et
2371 1595 2483 1651 sibi
2516 1613 2873 1668 praeparasse
2898 1596 3188 1666 videntur,
3222 1615 3338 1654 non
3370 1598 3812 1674 qualescunque

2166 1700 2445 1755 personae,
2479 1684 2578 1739 sed
2610 1701 2757 1756 quos
2787 1685 3253 1758 archiepiscopos
3282 1691 3340 1742 et
3367 1688 3671 1761 episcopos
3701 1705 3814 1763 ap-

2161 1771 2668 1844 pellatis,quorum
2686 1773 2845 1828 furor
2858 1773 2917 1828 in
2930 1778 3157 1830 tantum
3173 1775 3812 1850 abundanteiniquita-

2160 1865 2216 1916 te
2238 1861 2513 1932 desipuit,
2541 1865 2605 1917 ut
2636 1878 2749 1917 non
2781 1862 3118 1919 dubitarent
3147 1869 3516 1922 contemnere
3545 1865 3814 1924 salubres

2161 1949 2230 2005 ad
2242 1949 2590 2006 monitiones
2602 1955 2659 2006 et
2671 1951 2952 2008 canonica
2963 1952 3194 2009 decreta
3205 1953 3390 2009 sancti
3403 1953 3531 2027 viri,
3544 1955 3817 2012 videlicet

2161 2037 2835 2110 GregoriiVlI,Romana:
2849 2041 3006 2096 sedis
3019 2041 3272 2114 episcopi
3285 2046 3360 2109 ,et
3373 2042 3724 2116 abrumpere
3747 2061 3813 2101 se

2160 2127 2533 2183 avisceribus
2565 2128 2895 2200 apostolicae
2925 2129 3216 2198 Ecclesiae,
3247 2131 3651 2188 universorum
3684 2150 3811 2189 ma-

2163 2215 2432 2272 tris.Cum
2447 2218 2602 2274 enim
2617 2219 2687 2273 ab
2701 2219 2904 2274 eodem
2920 2218 3194 2291 Gregorio
3207 2237 3310 2292 pro
3323 2219 3448 2276 suis
3461 2220 3811 2278 criminibus

2115 2323 2132 2336 ·
2161 2305 2458 2362 canonicis
2489 2306 2814 2362 rationibus
2845 2312 3212 2380 urgerentur,
3227 2312 3282 2364 et
3313 2308 3397 2364 vel
3430 2310 3692 2366 damnati
3719 2309 3813 2368 vel

2161 2398 2486 2450 metuentes
2507 2395 2774 2450 damnari
2799 2395 3028 2452 nullum
3041 2397 3151 2452 sub
3165 2398 3440 2470 prudenti
3456 2398 3816 2457 etinstanter

2161 2483 2356 2556 agenti
2375 2483 2427 2538 vi
2437 2484 2793 2556 roimpietati
2819 2502 2936 2540 suae
2957 2486 3237 2541 evadendi
3261 2486 3484 2542 aditum
3507 2493 3815 2546 cernerent

2161 2571 2506 2645 derelinqui,
2541 2573 2906 2629 involverunt
2953 2575 3156 2630 eadem
3205 2575 3585 2633 damnatione
3615 2594 3814 2652 regem

2161 2678 2335 2716 suum
2369 2661 2706 2728 Henricum,
2739 2679 2913 2734 quem
2945 2663 3099 2720 sicut
3128 2667 3382 2720 actorem
3422 2664 3659 2722 haeresis
3689 2683 3813 2724 sua

2161 2749 2510 2819 habuerant,
2534 2750 2614 2805 ita
2637 2756 2693 2806 et
2713 2752 3081 2808 defensorem
3105 2751 3404 2809 haberent.
3415 2753 3602 2810 Crevit
3622 2755 3818 2812 rabies

2160 2839 2322 2911 regni
2356 2839 2654 2895 Teutonici
2678 2840 2734 2894 in
2765 2839 3218 2909 immensum,et
3238 2840 3391 2898 ultra
3414 2844 3654 2899 modum
3682 2861 3816 2916 pec-

2161 2932 2380 2992 cantes,
2413 2927 2738 2984 imitatores
2769 2929 3024 2984 Judaicaa
3046 2931 3301 3002 perﬁdiae
3325 2930 3458 2988 facti
3481 2931 3641 3000 estis,
3667 2933 3814 2990 dum

2161 3015 2571 3088 objicientibus
2617 3017 2782 3073 vobis
2815 3017 2906 3073 his
2938 3018 3038 3090 qui
3072 3019 3142 3074 de
3173 3025 3339 3092 parte
3387 3019 3811 3078 catholicorum

2159 3105 2416 3172 stabant,
2450 3123 2564 3161 non
2598 3105 2682 3161 sic
2713 3106 3004 3179 agendum
3035 3124 3164 3162 esse
3212 3113 3414 3164 contra
3455 3109 3809 3182 magistrum

2155 3193 2338 3250 totius
2368 3195 2655 3260 Ecclesia,
2689 3211 2934 3250 summae
2985 3196 3143 3252 sedis
3173 3196 3534 3269 episcopum,
3566 3199 3810 3271 postha-

2157 3282 2278 3338 bita
2306 3283 2488 3339 totius
2517 3283 2698 3338 divini
2747 3283 2941 3340 cultus
2999 3285 3340 3350 reverentia,
3373 3303 3524 3358 saepe
3552 3287 3809 3345 clamare

2156 3387 2271 3426 non
2289 3371 2608 3428 erubuistis
2633 3389 2646 3426 :
2671 3372 2795 3428 Non
2818 3372 3105 3428 habemus
3125 3373 3458 3445 pontiﬁcem
3481 3375 3595 3432 nisi
3625 3380 3809 3433 Caesa-

2155 3477 2296 3515 rem.
2334 3461 2407 3516 Ut
2436 3466 2630 3516 tamen
2663 3477 2876 3533 corpus
2908 3462 3134 3518 Satanas
3187 3479 3357 3518 suam
3406 3464 3804 3537 integritatem

2153 3548 2462 3616 obtineret,
2494 3548 2742 3622 petiistis
2770 3550 2962 3606 virum
2992 3549 3347 3607 homicidam
3378 3553 3581 3608 donari
3612 3553 3802 3626 vobis,

2154 3637 2480 3710 Wipertum
2512 3638 3349 3713 seilicet,exarchiepiscopum
3383 3641 3803 3711 Ravennatem,

2151 3743 2326 3799 quem
2357 3744 2462 3799 pro
2493 3727 2666 3783 certis
2695 3732 2752 3784 et
2783 3727 3096 3800 publicatis
3154 3728 3472 3787 sceleribus
3526 3730 3690 3803 prius
3739 3733 3803 3790 in

2149 3815 2414 3888 plenaria
2442 3816 2683 3889 synodo,
2715 3817 2918 3873 eodem
2968 3817 3243 3891 Gregorio
3292 3819 3566 3891 pontiﬁce
3596 3820 3804 3892 praesi-

2149 3905 2612 3971 dente,Romana
2634 3905 2891 3962 Ecclesia
2911 3907 3415 3963 condemnaverat.
3431 3907 3802 3981 Discipulum

2146 4009 2280 4050 vero
2303 3993 2464 4061 Jesu,
2488 3993 2590 4066 qui
2621 3994 2682 4050 in
2711 3993 2821 4051 hoc
2849 4011 2912 4052 se
2941 3999 3132 4052 totum
3165 3996 3541 4068 impendebat
3562 4001 3626 4052 ut
3653 4014 3802 4054 san-

2147 4087 2240 4138 cta
2268 4081 2526 4138 Ecclesia
2555 4083 2627 4138 ad
2659 4083 2923 4140 debitum
2953 4083 3232 4141 honorem
3265 4089 3324 4141 et
3353 4084 3690 4142 necessaria
3719 4084 3800 4144 li-

2145 4170 2389 4227 bertatis
2411 4175 2631 4228 statum
2665 4177 3052 4246 repararetur,
3075 4178 3363 4246 quantum
3385 4174 3444 4229 in
3467 4175 3631 4230 vobis
3662 4174 3796 4248 fuit,

2144 4258 2551 4332 expellendum
2583 4264 2640 4317 et
2668 4261 3128 4334 cruciﬁgendum
3175 4262 3324 4318 votis
3357 4276 3415 4318 et
3461 4262 3796 4322 actionibus

2144 4348 2380 4404 nefariis
2410 4349 2776 4421 postulastis.
2798 4350 3014 4406 Verum
3036 4351 3176 4422 quia
3196 4351 3355 4408 novit
3383 4351 3670 4409 Dominus
3687 4353 3794 4424 qui

387 4433 485 4490 Dei
521 4451 634 4490 non
667 4438 1149 4524 consequuntur,
1164 4433 1368 4524 eicque
1400 4433 1660 4524 privatus
1689 4436 1876 4507 gratia
1910 4436 2031 4505 Dei,
2063 4459 2110 4524 D
2147 4442 2287 4492 sunt
2312 4439 2532 4508 ejus,et
2554 4438 2611 4496 in
2635 4439 2793 4493 omni
2816 4443 2986 4512 gente
3015 4439 3189 4513 elegit
3216 4440 3370 4496 viros
3399 4441 3794 4513 acceptabiles

386 4539 514 4595 quae
545 4527 632 4578 est
657 4522 772 4578 vita
803 4522 1265 4589 aaterna,militat
1295 4523 1602 4594 stipendiis
1633 4528 2026 4596 peccatorum,

385 4628 512 4684 quae
545 4615 684 4666 sunt
712 4611 918 4667 mortis
951 4616 1239 4684 perpetuae
1273 4611 1667 4667 indeﬁcientia
1719 4616 2028 4669 tormenta.

385 4700 544 4756 Sicut
576 4699 732 4756 enim
763 4717 998 4755 carnem
1021 4699 1264 4770 spiritus
1296 4697 1632 4771 magisterio
1663 4700 1946 4756 virtutum
1973 4707 2032 4758 et

385 4792 716 4844 sanctorum
735 4789 1004 4844 exercitio
1023 4804 1248 4842 morum
1268 4787 1336 4840 ad
1354 4788 1770 4857 capessendam
1797 4789 2032 4845 immor-

383 4877 627 4934 talitatis
660 4877 871 4934 stolam
902 4875 1134 4931 erudire
1171 4879 1228 4930 et
1257 4892 1593 4947 promovere
1649 4873 1916 4945 debebat,
1948 4878 2030 4935 ita

380 4983 512 5022 caro
544 4968 814 5022 eumdem
848 4967 1196 5020 excaecatum
1229 4968 1285 5019 et
1315 4964 1691 5036 praefocatum
1745 4965 2030 5040 demergit

377 5071 577 5110 secum
601 5056 672 5110 ad
705 5053 1036 5125 recipienda
1069 5052 1305 5124 praemia
1334 5052 1674 5108 inferorum.
1694 5052 1834 5109 Hinc
1865 5055 2022 5112 deni-

378 5160 490 5216 que
509 5143 658 5216 perit
677 5143 840 5208 ﬁdes,
866 5158 993 5212 quae
1011 5158 1112 5212 per
1129 5141 1496 5197 dilectionem
1519 5143 2019 5214 operatur,fortis-

374 5231 594 5286 simum
626 5235 1038 5302 argumentum
1072 5230 1400 5284 futurorum
1434 5231 1806 5297 bonorum,et
1825 5249 2020 5290 succe-

371 5319 458 5373 dit
479 5317 1170 5390 perﬁdia,desperationis
1183 5318 1873 5392 creatrix,exstinctisque
1888 5338 2020 5377 oeu-

367 5405 441 5462 lis
460 5405 724 5472 rationis,
750 5405 964 5477 quibus
991 5422 1188 5462 verum
1218 5405 1530 5461 honestum
1561 5411 1618 5462 et
1639 5425 1851 5480 purum
1876 5409 2018 5467 utile

367 5492 618 5551 discerni
650 5491 814 5558 solet,
847 5494 1060 5552 vivitur
1090 5493 1148 5549 in
1179 5495 1457 5552 servitute
1487 5512 1792 5566 sensuum,
1827 5501 1891 5554 ut
1921 5515 2018 5572 ap-

2140 4525 2250 4581 sibi
2272 4526 2371 4598 qui
2394 4542 2526 4581 eum
2551 4527 2796 4584 timeant
2815 4532 2874 4582 et
2893 4533 3207 4600 operentur
3217 4529 3535 4600 justitiam,
3555 4546 3673 4585 non
3695 4531 3796 4586 de-

2142 4615 2378 4670 fuerunt
2407 4631 2472 4670 eo
2505 4619 2764 4687 tempore
2792 4616 2901 4671 viri
2944 4617 3140 4689 magni
3173 4622 3230 4673 et
3259 4617 3535 4690 religiosi,
3567 4616 3792 4689 quibus

2140 4703 2420 4775 iniquitas
2452 4707 2615 4758 tanta
2645 4721 2759 4758 non
2794 4704 3033 4776 placuit,
3058 4706 3347 4777 hodieque
3377 4701 3696 4777 supersunt
3725 4707 3790 4763 in

2139 4792 2340 4846 eodem
2375 4808 2552 4864 regno
2581 4792 3004 4864 quamplurimi
3035 4793 3136 4866 qui
3168 4793 3486 4850 miserante
3507 4794 3622 4850 Deo
3646 4811 3793 4852 non-

2138 4880 2279 4936 dum
2310 4879 2444 4936 Baal
2477 4897 2670 4953 genua
2701 4887 3104 4949 curvaverunt,
3131 4882 3231 4955 qui
3261 4882 3568 4956 praeclaras
3598 4882 3792 4956 digni-

2135 4973 2286 5024 tates
2315 4968 2686 5041 pretiosiores
2743 4987 2921 5043 quam
2968 4970 3217 5028 salutem
3264 4988 3434 5028 suam
3465 4972 3652 5028 facere
3679 4989 3788 5029 ne-

2133 5055 2455 5130 glexerunt,
2489 5057 2591 5113 sed
2622 5063 2832 5115 cuncta
2862 5059 3030 5134 quasi
3055 5063 3312 5116 stercora
3340 5063 3788 5132 reputantes.ut

2131 5144 2427 5200 Christum
2459 5145 2887 5216 lucrifacerent,
2921 5149 2992 5204 ad
3023 5147 3422 5221 apostolorum
3453 5147 3783 5220 principem

2127 5237 2184 5289 et
2212 5250 2612 5290 successorem
2657 5236 2786 5306 ejus
2841 5236 3186 5310 Gregorium
3217 5254 3280 5294 se
3310 5253 3413 5311 pro
3439 5237 3782 5296 defensione

2126 5323 2257 5378 ﬁdei
2289 5322 2680 5379 contulerunt.
2715 5325 2928 5382 Contra
2956 5343 3130 5398 quem
3162 5343 3342 5398 quam
3387 5325 3566 5398 impie
3595 5325 3781 5384 etiam

2125 5411 2449 5468 secundum
2480 5410 2640 5484 leges
2669 5411 2866 5470 seaculi
2915 5421 3113 5472 actum
3163 5415 3242 5472 sit
3271 5417 3294 5439 ¹¹
3325 5414 3509 5470 totius
3540 5430 3780 5488 quoque

2125 5499 2448 5571 gestionem
2480 5501 2717 5574 negotii,
2752 5502 2814 5559 in
2844 5519 2960 5576 quo
3008 5503 3290 5562 decennio
3315 5507 3374 5562 et
3401 5519 3468 5561 eo
3494 5502 3686 5577 magis
3713 5503 3779 5563 in
