  <div class='ocr_page' id='page_1' title='image "/cluster/home/n/w/nwhite01/storage/ocr_20150623/155/hvd.32044054760137/090.png"; bbox 0 0 3988 6072; ppageno 0'>
   <div class='ocr_carea' id='block_1_1' title="bbox 117 144 3534 209">
    <p class='ocr_par' dir='ltr' id='par_1_1' title="bbox 117 144 3534 209">
     <span class='ocr_line' id='line_1_1' title="bbox 117 144 3534 209; baseline 0 -3"><span class='ocrx_word' id='word_1_1' title='bbox 117 147 241 207; x_wconf 75' lang='lat'>{73</span> <span class='ocrx_word' id='word_1_2' title='bbox 1227 147 1500 209; x_wconf 90' lang='lat' dir='ltr'>OPUSC.</span> <span class='ocrx_word' id='word_1_3' title='bbox 1549 144 1861 207; x_wconf 81' lang='lat' dir='ltr'>CONTRA</span> <span class='ocrx_word' id='word_1_4' title='bbox 1903 145 2438 209; x_wconf 81' lang='lat' dir='ltr'>WOLFELMUM.</span> <span class='ocrx_word' id='word_1_5' title='bbox 3418 151 3534 208; x_wconf 78' lang='grc'>174</span> 
     </span>
    </p>
   </div>
   <div class='ocr_carea' id='block_1_2' title="bbox 107 277 3532 352">
    <p class='ocr_par' dir='ltr' id='par_1_2' title="bbox 107 277 3532 352">
     <span class='ocr_line' id='line_1_2' title="bbox 107 277 3532 352; baseline 0.001 -20"><span class='ocrx_word' id='word_1_6' title='bbox 107 279 253 334; x_wconf 81' lang='lat' dir='ltr'>Vita</span> <span class='ocrx_word' id='word_1_7' title='bbox 286 277 482 335; x_wconf 78' lang='lat' dir='ltr'><strong>sancti</strong></span> <span class='ocrx_word' id='word_1_8' title='bbox 511 293 674 352; x_wconf 66' lang='lat' dir='ltr'>papa</span> <span class='ocrx_word' id='word_1_9' title='bbox 704 294 821 334; x_wconf 92' lang='lat' dir='ltr'>non</span> <span class='ocrx_word' id='word_1_10' title='bbox 853 277 978 334; x_wconf 85' lang='lat' dir='ltr'>sine</span> <span class='ocrx_word' id='word_1_11' title='bbox 993 277 1153 352; x_wconf 89' lang='lat' dir='ltr'>gravi</span> <span class='ocrx_word' id='word_1_12' title='bbox 1169 278 1545 351; x_wconf 89' lang='lat' dir='ltr'>quassatione</span> <span class='ocrx_word' id='word_1_13' title='bbox 1561 281 1776 334; x_wconf 63' lang='lat' dir='ltr'>sanctas</span> <span class='ocrx_word' id='word_1_14' title='bbox 1805 277 1860 346; x_wconf 84' lang='grc' dir='ltr'><strong>Α</strong></span> <span class='ocrx_word' id='word_1_15' title='bbox 1887 277 2248 335; x_wconf 81' lang='lat' dir='ltr'>validissime</span> <span class='ocrx_word' id='word_1_16' title='bbox 2279 279 2558 336; x_wconf 88' lang='lat' dir='ltr'>coarctari</span> <span class='ocrx_word' id='word_1_17' title='bbox 2590 280 2854 349; x_wconf 85' lang='lat' dir='ltr'>scutatis,</span> <span class='ocrx_word' id='word_1_18' title='bbox 2888 279 3188 336; x_wconf 89' lang='lat' dir='ltr'>insumitis</span> <span class='ocrx_word' id='word_1_19' title='bbox 3219 279 3373 336; x_wconf 81' lang='lat' dir='ltr'>aliud</span> <span class='ocrx_word' id='word_1_20' title='bbox 3404 282 3532 337; x_wconf 83' lang='lat' dir='ltr'>suf-</span> 
     </span>
    </p>
   </div>
   <div class='ocr_carea' id='block_1_3' title="bbox 113 366 3534 442">
    <p class='ocr_par' dir='ltr' id='par_1_3' title="bbox 113 366 3534 442">
     <span class='ocr_line' id='line_1_3' title="bbox 113 366 3534 442; baseline 0.001 -20"><span class='ocrx_word' id='word_1_21' title='bbox 113 367 398 424; x_wconf 74' lang='lat' dir='ltr'>Ecclesiae</span> <span class='ocrx_word' id='word_1_22' title='bbox 430 367 760 424; x_wconf 89' lang='lat' dir='ltr'>laboratum</span> <span class='ocrx_word' id='word_1_23' title='bbox 793 371 900 434; x_wconf 91' lang='lat' dir='ltr'>est,</span> <span class='ocrx_word' id='word_1_24' title='bbox 936 383 1003 423; x_wconf 81' lang='lat' dir='ltr'>ex</span> <span class='ocrx_word' id='word_1_25' title='bbox 1021 367 1284 436; x_wconf 89' lang='lat' dir='ltr'>historia,</span> <span class='ocrx_word' id='word_1_26' title='bbox 1306 384 1433 440; x_wconf 62' lang='lat' dir='ltr'>qua</span> <span class='ocrx_word' id='word_1_27' title='bbox 1450 367 1554 422; x_wconf 91' lang='lat' dir='ltr'>viri</span> <span class='ocrx_word' id='word_1_28' title='bbox 1573 367 1630 422; x_wconf 91' lang='lat' dir='ltr'>in</span> <span class='ocrx_word' id='word_1_29' title='bbox 1650 366 1781 422; x_wconf 91' lang='lat' dir='ltr'>illas</span> <span class='ocrx_word' id='word_1_30' title='bbox 1889 366 2143 439; x_wconf 83' lang='lat' dir='ltr'>fragium</span> <span class='ocrx_word' id='word_1_31' title='bbox 2175 368 2476 439; x_wconf 82' lang='lat' dir='ltr'>evadendi,</span> <span class='ocrx_word' id='word_1_32' title='bbox 2510 369 2664 425; x_wconf 94' lang='lat' dir='ltr'>sicut</span> <span class='ocrx_word' id='word_1_33' title='bbox 2691 369 2846 425; x_wconf 83' lang='lat' dir='ltr'>fures</span> <span class='ocrx_word' id='word_1_34' title='bbox 2877 369 3244 442; x_wconf 85' lang='lat' dir='ltr'>deprehensi,</span> <span class='ocrx_word' id='word_1_35' title='bbox 3278 368 3378 440; x_wconf 89' lang='lat' dir='ltr'>qui</span> <span class='ocrx_word' id='word_1_36' title='bbox 3409 386 3534 440; x_wconf 89' lang='lat' dir='ltr'>per-</span> 
     </span>
    </p>
   </div>
   <div class='ocr_carea' id='block_1_4' title="bbox 111 455 3532 530">
    <p class='ocr_par' dir='ltr' id='par_1_4' title="bbox 111 455 3532 530">
     <span class='ocr_line' id='line_1_4' title="bbox 111 455 3532 530; baseline 0 -18"><span class='ocrx_word' id='word_1_37' title='bbox 111 461 323 529; x_wconf 86' lang='lat' dir='ltr'>partes</span> <span class='ocrx_word' id='word_1_38' title='bbox 353 455 604 511; x_wconf 82' lang='lat' dir='ltr'>illustris</span> <span class='ocrx_word' id='word_1_39' title='bbox 637 461 691 512; x_wconf 88' lang='lat' dir='ltr'>et</span> <span class='ocrx_word' id='word_1_40' title='bbox 724 455 987 529; x_wconf 90' lang='lat' dir='ltr'>apprime</span> <span class='ocrx_word' id='word_1_41' title='bbox 1017 456 1076 511; x_wconf 90' lang='lat' dir='ltr'>in</span> <span class='ocrx_word' id='word_1_42' title='bbox 1108 457 1310 513; x_wconf 87' lang='lat' dir='ltr'>eadem</span> <span class='ocrx_word' id='word_1_43' title='bbox 1343 473 1403 512; x_wconf 89' lang='lat' dir='ltr'>re</span> <span class='ocrx_word' id='word_1_44' title='bbox 1427 455 1782 528; x_wconf 87' lang='lat' dir='ltr'>projustitia</span> <span class='ocrx_word' id='word_1_45' title='bbox 1889 459 2105 528; x_wconf 84' lang='lat' dir='ltr'>negant</span> <span class='ocrx_word' id='word_1_46' title='bbox 2137 455 2424 528; x_wconf 86' lang='lat' dir='ltr'>quidquid</span> <span class='ocrx_word' id='word_1_47' title='bbox 2458 456 2569 512; x_wconf 88' lang='lat' dir='ltr'>sibi</span> <span class='ocrx_word' id='word_1_48' title='bbox 2600 457 2931 513; x_wconf 88' lang='lat' dir='ltr'>nociturum</span> <span class='ocrx_word' id='word_1_49' title='bbox 2958 457 3290 530; x_wconf 81' lang='lat' dir='ltr'>praevident,</span> <span class='ocrx_word' id='word_1_50' title='bbox 3317 458 3532 512; x_wconf 79' lang='lat' dir='ltr'>contin-</span> 
     </span>
    </p>
   </div>
   <div class='ocr_carea' id='block_1_5' title="bbox 111 543 1777 618">
    <p class='ocr_par' dir='ltr' id='par_1_5' title="bbox 111 543 1777 618">
     <span class='ocr_line' id='line_1_5' title="bbox 111 543 1777 618; baseline -0.001 -18"><span class='ocrx_word' id='word_1_51' title='bbox 111 545 376 618; x_wconf 85' lang='lat' dir='ltr'>fatigati,</span> <span class='ocrx_word' id='word_1_52' title='bbox 410 543 892 618; x_wconf 89' lang='lat' dir='ltr'>Salseburgensis</span> <span class='ocrx_word' id='word_1_53' title='bbox 923 545 1344 618; x_wconf 86' lang='lat' dir='ltr'>archiepiscopi</span> <span class='ocrx_word' id='word_1_54' title='bbox 1371 561 1498 601; x_wconf 90' lang='lat' dir='ltr'>esse</span> <span class='ocrx_word' id='word_1_55' title='bbox 1543 544 1777 612; x_wconf 89' lang='lat' dir='ltr'>dicitur,</span> 
     </span>
    </p>
   </div>
   <div class='ocr_carea' id='block_1_6' title="bbox 111 633 1777 708">
    <p class='ocr_par' dir='ltr' id='par_1_6' title="bbox 111 633 1777 708">
     <span class='ocr_line' id='line_1_6' title="bbox 111 633 1777 708; baseline -0.001 -17"><span class='ocrx_word' id='word_1_56' title='bbox 111 633 504 690; x_wconf 79' lang='lat' dir='ltr'>manifestius</span> <span class='ocrx_word' id='word_1_57' title='bbox 536 637 939 706; x_wconf 85' lang='lat' dir='ltr'>cognoscetur.</span> <span class='ocrx_word' id='word_1_58' title='bbox 971 634 1054 689; x_wconf 85' lang='lat' dir='ltr'><strong>Ex</strong></span> <span class='ocrx_word' id='word_1_59' title='bbox 1083 650 1197 706; x_wconf 91' lang='lat' dir='ltr'>quo</span> <span class='ocrx_word' id='word_1_60' title='bbox 1229 633 1419 708; x_wconf 90' lang='lat' dir='ltr'>magis</span> <span class='ocrx_word' id='word_1_61' title='bbox 1441 633 1777 689; x_wconf 90' lang='lat' dir='ltr'>mirandum</span> 
     </span>
    </p>
   </div>
   <div class='ocr_carea' id='block_1_7' title="bbox 111 721 1780 795">
    <p class='ocr_par' dir='ltr' id='par_1_7' title="bbox 111 721 1780 795">
     <span class='ocr_line' id='line_1_7' title="bbox 111 721 1780 795; baseline -0.001 -15"><span class='ocrx_word' id='word_1_62' title='bbox 111 729 204 780; x_wconf 88' lang='lat' dir='ltr'>est</span> <span class='ocrx_word' id='word_1_63' title='bbox 233 739 427 795; x_wconf 82' lang='lat' dir='ltr'>super</span> <span class='ocrx_word' id='word_1_64' title='bbox 455 721 852 795; x_wconf 80' lang='lat' dir='ltr'>imprudentia</span> <span class='ocrx_word' id='word_1_65' title='bbox 881 729 980 779; x_wconf 90' lang='lat' dir='ltr'>tua</span> <span class='ocrx_word' id='word_1_66' title='bbox 1012 727 1069 779; x_wconf 91' lang='lat' dir='ltr'>et</span> <span class='ocrx_word' id='word_1_67' title='bbox 1097 723 1367 790; x_wconf 90' lang='lat' dir='ltr'>aliorum,</span> <span class='ocrx_word' id='word_1_68' title='bbox 1396 721 1497 794; x_wconf 87' lang='lat' dir='ltr'>qui</span> <span class='ocrx_word' id='word_1_69' title='bbox 1520 723 1580 778; x_wconf 91' lang='lat' dir='ltr'>in</span> <span class='ocrx_word' id='word_1_70' title='bbox 1601 740 1780 779; x_wconf 90' lang='lat' dir='ltr'>causa</span> 
     </span>
    </p>
   </div>
   <div class='ocr_carea' id='block_1_8' title="bbox 109 811 1780 885">
    <p class='ocr_par' dir='ltr' id='par_1_8' title="bbox 109 811 1780 885">
     <span class='ocr_line' id='line_1_8' title="bbox 109 811 1780 885; baseline -0.001 -16"><span class='ocrx_word' id='word_1_71' title='bbox 109 812 395 869; x_wconf 72' lang='lat' dir='ltr'>Ecclesiae</span> <span class='ocrx_word' id='word_1_72' title='bbox 427 815 631 867; x_wconf 87' lang='lat' dir='ltr'>contra</span> <span class='ocrx_word' id='word_1_73' title='bbox 650 811 906 868; x_wconf 82' lang='lat' dir='ltr'>rationes</span> <span class='ocrx_word' id='word_1_74' title='bbox 927 812 1061 868; x_wconf 85' lang='lat' dir='ltr'>ﬁdei</span> <span class='ocrx_word' id='word_1_75' title='bbox 1085 815 1204 867; x_wconf 85' lang='lat' dir='ltr'>tam</span> <span class='ocrx_word' id='word_1_76' title='bbox 1229 812 1562 885; x_wconf 82' lang='lat' dir='ltr'>frequentes</span> <span class='ocrx_word' id='word_1_77' title='bbox 1584 817 1639 867; x_wconf 90' lang='lat' dir='ltr'>et</span> <span class='ocrx_word' id='word_1_78' title='bbox 1659 811 1780 867; x_wconf 89' lang='lat' dir='ltr'>ina-</span> 
     </span>
    </p>
   </div>
   <div class='ocr_carea' id='block_1_9' title="bbox 111 900 1776 973">
    <p class='ocr_par' dir='ltr' id='par_1_9' title="bbox 111 900 1776 973">
     <span class='ocr_line' id='line_1_9' title="bbox 111 900 1776 973; baseline -0.002 -15"><span class='ocrx_word' id='word_1_79' title='bbox 111 920 217 959; x_wconf 87' lang='lat' dir='ltr'>nes</span> <span class='ocrx_word' id='word_1_80' title='bbox 235 902 566 957; x_wconf 84' lang='lat' dir='ltr'>verborum</span> <span class='ocrx_word' id='word_1_81' title='bbox 583 917 811 973; x_wconf 90' lang='lat' dir='ltr'>pugnas</span> <span class='ocrx_word' id='word_1_82' title='bbox 827 900 1035 965; x_wconf 73' lang='lat' dir='ltr'>facitis.</span> <span class='ocrx_word' id='word_1_83' title='bbox 1053 901 1377 958; x_wconf 88' lang='lat' dir='ltr'>nescientes</span> <span class='ocrx_word' id='word_1_84' title='bbox 1391 900 1623 973; x_wconf 85' lang='lat' dir='ltr'>penitus</span> <span class='ocrx_word' id='word_1_85' title='bbox 1635 901 1776 973; x_wconf 90' lang='lat' dir='ltr'>quid</span> 
     </span>
    </p>
   </div>
   <div class='ocr_carea' id='block_1_10' title="bbox 107 988 1775 1065">
    <p class='ocr_par' dir='ltr' id='par_1_10' title="bbox 107 988 1775 1065">
     <span class='ocr_line' id='line_1_10' title="bbox 107 988 1775 1065; baseline -0.004 -16"><span class='ocrx_word' id='word_1_86' title='bbox 107 989 451 1065; x_wconf 84' lang='lat' dir='ltr'>loquamini</span> <span class='ocrx_word' id='word_1_87' title='bbox 481 988 572 1045; x_wconf 89' lang='lat' dir='ltr'>vel</span> <span class='ocrx_word' id='word_1_88' title='bbox 603 989 672 1044; x_wconf 92' lang='lat' dir='ltr'>de</span> <span class='ocrx_word' id='word_1_89' title='bbox 705 989 922 1062; x_wconf 88' lang='lat' dir='ltr'>quibus</span> <span class='ocrx_word' id='word_1_90' title='bbox 951 989 1276 1046; x_wconf 83' lang='lat' dir='ltr'>afﬁrmetis.</span> <span class='ocrx_word' id='word_1_91' title='bbox 1312 990 1371 1045; x_wconf 90' lang='lat' dir='ltr'>Si</span> <span class='ocrx_word' id='word_1_92' title='bbox 1404 990 1560 1046; x_wconf 91' lang='lat' dir='ltr'>enim</span> <span class='ocrx_word' id='word_1_93' title='bbox 1617 989 1775 1046; x_wconf 89' lang='lat' dir='ltr'>Scri-</span> 
     </span>
    </p>
   </div>
   <div class='ocr_carea' id='block_1_11' title="bbox 109 1077 1780 1156">
    <p class='ocr_par' dir='ltr' id='par_1_11' title="bbox 109 1077 1780 1156">
     <span class='ocr_line' id='line_1_11' title="bbox 109 1077 1780 1156; baseline -0.001 -19"><span class='ocrx_word' id='word_1_94' title='bbox 109 1085 300 1156; x_wconf 74' lang='lat' dir='ltr'>ptnrze</span> <span class='ocrx_word' id='word_1_95' title='bbox 324 1095 534 1147; x_wconf 63' lang='lat' dir='ltr'>sacrae,</span> <span class='ocrx_word' id='word_1_96' title='bbox 559 1093 706 1150; x_wconf 89' lang='lat' dir='ltr'>quas</span> <span class='ocrx_word' id='word_1_97' title='bbox 728 1077 946 1134; x_wconf 83' lang='lat' dir='ltr'>duritia</span> <span class='ocrx_word' id='word_1_98' title='bbox 963 1082 1156 1134; x_wconf 90' lang='lat' dir='ltr'>vestra</span> <span class='ocrx_word' id='word_1_99' title='bbox 1177 1077 1502 1152; x_wconf 84' lang='lat' dir='ltr'>intelligere</span> <span class='ocrx_word' id='word_1_100' title='bbox 1525 1095 1638 1134; x_wconf 92' lang='lat' dir='ltr'>non</span> <span class='ocrx_word' id='word_1_101' title='bbox 1663 1096 1780 1135; x_wconf 90' lang='lat' dir='ltr'>me-</span> 
     </span>
    </p>
   </div>
   <div class='ocr_carea' id='block_1_12' title="bbox 109 1165 1778 1236">
    <p class='ocr_par' dir='ltr' id='par_1_12' title="bbox 109 1165 1778 1236">
     <span class='ocr_line' id='line_1_12' title="bbox 109 1165 1778 1236; baseline -0.002 -10"><span class='ocrx_word' id='word_1_102' title='bbox 109 1176 296 1236; x_wconf 88' lang='lat' dir='ltr'>retur,</span> <span class='ocrx_word' id='word_1_103' title='bbox 333 1167 545 1224; x_wconf 87' lang='lat' dir='ltr'>minus</span> <span class='ocrx_word' id='word_1_104' title='bbox 575 1165 947 1223; x_wconf 89' lang='lat' dir='ltr'>satisfaciunt</span> <span class='ocrx_word' id='word_1_105' title='bbox 971 1167 1157 1235; x_wconf 85' lang='lat' dir='ltr'>vobis,</span> <span class='ocrx_word' id='word_1_106' title='bbox 1186 1172 1244 1224; x_wconf 89' lang='lat' dir='ltr'>et</span> <span class='ocrx_word' id='word_1_107' title='bbox 1265 1166 1581 1224; x_wconf 89' lang='lat' dir='ltr'>Salvatoris</span> <span class='ocrx_word' id='word_1_108' title='bbox 1602 1167 1778 1224; x_wconf 90' lang='lat' dir='ltr'>verba</span> 
     </span>
    </p>
   </div>
   <div class='ocr_carea' id='block_1_13' title="bbox 107 1246 1772 1330">
    <p class='ocr_par' dir='ltr' id='par_1_13' title="bbox 107 1246 1772 1330">
     <span class='ocr_line' id='line_1_13' title="bbox 107 1246 1772 1330; baseline -0.002 -14"><span class='ocrx_word' id='word_1_109' title='bbox 107 1257 399 1316; x_wconf 83' lang='lat' dir='ltr'>testantia</span> <span class='ocrx_word' id='word_1_110' title='bbox 447 1273 567 1312; x_wconf 91' lang='lat' dir='ltr'>non</span> <span class='ocrx_word' id='word_1_111' title='bbox 617 1272 747 1312; x_wconf 90' lang='lat' dir='ltr'>esse</span> <span class='ocrx_word' id='word_1_112' title='bbox 779 1255 1133 1328; x_wconf 88' lang='lat' dir='ltr'>discipulum</span> <span class='ocrx_word' id='word_1_113' title='bbox 1169 1246 1350 1329; x_wconf 88' lang='lat' dir='ltr'>supra</span> <span class='ocrx_word' id='word_1_114' title='bbox 1375 1256 1723 1330; x_wconf 89' lang='lat' dir='ltr'>magistrum</span> <span class='ocrx_word' id='word_1_115' title='bbox 1758 1271 1772 1312; x_wconf 90' lang='lat'>:</span> 
     </span>
    </p>
   </div>
   <div class='ocr_carea' id='block_1_14' title="bbox 110 1344 1778 1422">
    <p class='ocr_par' dir='ltr' id='par_1_14' title="bbox 110 1344 1778 1422">
     <span class='ocr_line' id='line_1_14' title="bbox 110 1344 1778 1422; baseline -0.002 -18"><span class='ocrx_word' id='word_1_116' title='bbox 110 1347 376 1422; x_wconf 84' lang='lat' dir='ltr'>Spiritus</span> <span class='ocrx_word' id='word_1_117' title='bbox 409 1344 600 1401; x_wconf 88' lang='lat' dir='ltr'>sancti</span> <span class='ocrx_word' id='word_1_118' title='bbox 625 1360 860 1417; x_wconf 89' lang='lat' dir='ltr'>quoque</span> <span class='ocrx_word' id='word_1_119' title='bbox 879 1344 1215 1412; x_wconf 85' lang='lat' dir='ltr'>auctoritas,</span> <span class='ocrx_word' id='word_1_120' title='bbox 1240 1361 1360 1416; x_wconf 88' lang='lat' dir='ltr'>qua</span> <span class='ocrx_word' id='word_1_121' title='bbox 1380 1348 1666 1401; x_wconf 90' lang='lat' dir='ltr'>statutum</span> <span class='ocrx_word' id='word_1_122' title='bbox 1689 1348 1778 1401; x_wconf 88' lang='lat' dir='ltr'>est</span> 
     </span>
    </p>
   </div>
   <div class='ocr_carea' id='block_1_15' title="bbox 111 1432 1779 1506">
    <p class='ocr_par' dir='ltr' id='par_1_15' title="bbox 111 1432 1779 1506">
     <span class='ocr_line' id='line_1_15' title="bbox 111 1432 1779 1506; baseline -0.004 -11"><span class='ocrx_word' id='word_1_123' title='bbox 111 1451 429 1496; x_wconf 86' lang='lat' dir='ltr'>summum</span> <span class='ocrx_word' id='word_1_124' title='bbox 462 1433 797 1506; x_wconf 82' lang='lat' dir='ltr'>pontiﬁcem</span> <span class='ocrx_word' id='word_1_125' title='bbox 825 1449 859 1489; x_wconf 90' lang='lat' dir='ltr'>a</span> <span class='ocrx_word' id='word_1_126' title='bbox 879 1432 1111 1489; x_wconf 91' lang='lat' dir='ltr'>nemine</span> <span class='ocrx_word' id='word_1_127' title='bbox 1131 1433 1539 1504; x_wconf 78' lang='lat' dir='ltr'>iudicandum,</span> <span class='ocrx_word' id='word_1_128' title='bbox 1563 1437 1619 1489; x_wconf 91' lang='lat' dir='ltr'>et</span> <span class='ocrx_word' id='word_1_129' title='bbox 1638 1450 1779 1506; x_wconf 75' lang='lat' dir='ltr'>prse-</span> 
     </span>
    </p>
   </div>
   <div class='ocr_carea' id='block_1_16' title="bbox 111 1521 1776 1595">
    <p class='ocr_par' dir='ltr' id='par_1_16' title="bbox 111 1521 1776 1595">
     <span class='ocr_line' id='line_1_16' title="bbox 111 1521 1776 1595; baseline -0.002 -13"><span class='ocrx_word' id='word_1_130' title='bbox 111 1531 269 1582; x_wconf 87' lang='lat' dir='ltr'>terea</span> <span class='ocrx_word' id='word_1_131' title='bbox 297 1522 625 1580; x_wconf 87' lang='lat' dir='ltr'>concordia</span> <span class='ocrx_word' id='word_1_132' title='bbox 653 1522 1039 1590; x_wconf 88' lang='lat' dir='ltr'>decretorum,</span> <span class='ocrx_word' id='word_1_133' title='bbox 1074 1539 1203 1594; x_wconf 74' lang='lat' dir='ltr'>quae</span> <span class='ocrx_word' id='word_1_134' title='bbox 1226 1539 1340 1578; x_wconf 90' lang='lat' dir='ltr'>non</span> <span class='ocrx_word' id='word_1_135' title='bbox 1364 1521 1554 1578; x_wconf 91' lang='lat' dir='ltr'>solum</span> <span class='ocrx_word' id='word_1_136' title='bbox 1577 1521 1776 1595; x_wconf 89' lang='lat' dir='ltr'>impiis</span> 
     </span>
    </p>
   </div>
   <div class='ocr_carea' id='block_1_17' title="bbox 115 1609 1850 1712">
    <p class='ocr_par' dir='ltr' id='par_1_17' title="bbox 115 1609 1850 1712">
     <span class='ocr_line' id='line_1_17' title="bbox 115 1609 1850 1712; baseline -0.003 -41"><span class='ocrx_word' id='word_1_137' title='bbox 115 1615 400 1672; x_wconf 86' lang='lat' dir='ltr'>manibus</span> <span class='ocrx_word' id='word_1_138' title='bbox 433 1610 613 1668; x_wconf 87' lang='lat' dir='ltr'>vestri</span> <span class='ocrx_word' id='word_1_139' title='bbox 636 1609 848 1684; x_wconf 89' lang='lat' dir='ltr'>judicii</span> <span class='ocrx_word' id='word_1_140' title='bbox 881 1609 1167 1684; x_wconf 86' lang='lat' dir='ltr'>gladium,</span> <span class='ocrx_word' id='word_1_141' title='bbox 1219 1627 1334 1684; x_wconf 91' lang='lat' dir='ltr'>quo</span> <span class='ocrx_word' id='word_1_142' title='bbox 1381 1610 1773 1712; x_wconf 76' lang='lat' dir='ltr'>patriarcham</span> <span class='ocrx_word' id='word_1_143' title='bbox 1805 1647 1850 1712; x_wconf 79' lang='grc' dir='ltr'><strong>Β</strong></span> 
     </span>
    </p>
   </div>
   <div class='ocr_carea' id='block_1_18' title="bbox 113 1699 1774 1774">
    <p class='ocr_par' dir='ltr' id='par_1_18' title="bbox 113 1699 1774 1774">
     <span class='ocr_line' id='line_1_18' title="bbox 113 1699 1774 1774; baseline -0.003 -14"><span class='ocrx_word' id='word_1_144' title='bbox 113 1700 590 1761; x_wconf 85' lang='lat' dir='ltr'>Christianitatis</span> <span class='ocrx_word' id='word_1_145' title='bbox 621 1699 890 1774; x_wconf 85' lang='lat' dir='ltr'>jugulare</span> <span class='ocrx_word' id='word_1_146' title='bbox 911 1699 1236 1766; x_wconf 84' lang='lat' dir='ltr'>intenditis,</span> <span class='ocrx_word' id='word_1_147' title='bbox 1262 1703 1646 1767; x_wconf 90' lang='lat' dir='ltr'>extorserunt,</span> <span class='ocrx_word' id='word_1_148' title='bbox 1673 1699 1774 1756; x_wconf 90' lang='lat' dir='ltr'>sed</span> 
     </span>
    </p>
   </div>
   <div class='ocr_carea' id='block_1_19' title="bbox 114 1788 1773 1861">
    <p class='ocr_par' dir='ltr' id='par_1_19' title="bbox 114 1788 1773 1861">
     <span class='ocr_line' id='line_1_19' title="bbox 114 1788 1773 1861; baseline -0.004 -11"><span class='ocrx_word' id='word_1_149' title='bbox 114 1791 590 1850; x_wconf 86' lang='lat' dir='ltr'>cervicositatem</span> <span class='ocrx_word' id='word_1_150' title='bbox 613 1793 868 1844; x_wconf 85' lang='lat' dir='ltr'>vestram</span> <span class='ocrx_word' id='word_1_151' title='bbox 893 1789 1039 1860; x_wconf 88' lang='lat' dir='ltr'>jugo</span> <span class='ocrx_word' id='word_1_152' title='bbox 1071 1788 1412 1844; x_wconf 70' lang='lat' dir='ltr'>obedientiae</span> <span class='ocrx_word' id='word_1_153' title='bbox 1445 1788 1632 1861; x_wconf 89' lang='lat' dir='ltr'>ipsius</span> <span class='ocrx_word' id='word_1_154' title='bbox 1650 1805 1773 1844; x_wconf 92' lang='lat' dir='ltr'>mo-</span> 
     </span>
    </p>
   </div>
   <div class='ocr_carea' id='block_1_20' title="bbox 114 1876 1777 1949">
    <p class='ocr_par' dir='ltr' id='par_1_20' title="bbox 114 1876 1777 1949">
     <span class='ocr_line' id='line_1_20' title="bbox 114 1876 1777 1949; baseline -0.004 -11"><span class='ocrx_word' id='word_1_155' title='bbox 114 1883 198 1939; x_wconf 88' lang='lat' dir='ltr'>dis</span> <span class='ocrx_word' id='word_1_156' title='bbox 219 1879 521 1938; x_wconf 68' lang='lat' dir='ltr'>omnibus</span> <span class='ocrx_word' id='word_1_157' title='bbox 545 1877 966 1934; x_wconf 89' lang='lat' dir='ltr'>subdiderunt:</span> <span class='ocrx_word' id='word_1_158' title='bbox 995 1877 1199 1949; x_wconf 90' lang='lat' dir='ltr'>pudori</span> <span class='ocrx_word' id='word_1_159' title='bbox 1227 1876 1433 1932; x_wconf 88' lang='lat' dir='ltr'>saltem</span> <span class='ocrx_word' id='word_1_160' title='bbox 1456 1882 1647 1933; x_wconf 90' lang='lat' dir='ltr'>vestro</span> <span class='ocrx_word' id='word_1_161' title='bbox 1661 1877 1777 1932; x_wconf 84' lang='lat' dir='ltr'>suf-</span> 
     </span>
    </p>
   </div>
   <div class='ocr_carea' id='block_1_21' title="bbox 113 1963 1772 2042">
    <p class='ocr_par' dir='ltr' id='par_1_21' title="bbox 113 1963 1772 2042">
     <span class='ocr_line' id='line_1_21' title="bbox 113 1963 1772 2042; baseline -0.004 -15"><span class='ocrx_word' id='word_1_162' title='bbox 113 1972 283 2027; x_wconf 85' lang='lat' dir='ltr'>ﬁcere</span> <span class='ocrx_word' id='word_1_163' title='bbox 319 1971 602 2042; x_wconf 88' lang='lat' dir='ltr'>poterant</span> <span class='ocrx_word' id='word_1_164' title='bbox 631 1965 865 2021; x_wconf 89' lang='lat' dir='ltr'>discreti</span> <span class='ocrx_word' id='word_1_165' title='bbox 897 1965 1002 2020; x_wconf 90' lang='lat' dir='ltr'>viri</span> <span class='ocrx_word' id='word_1_166' title='bbox 1035 1965 1095 2019; x_wconf 91' lang='lat' dir='ltr'>in</span> <span class='ocrx_word' id='word_1_167' title='bbox 1128 1963 1377 2020; x_wconf 88' lang='lat' dir='ltr'>circuitu</span> <span class='ocrx_word' id='word_1_168' title='bbox 1405 1970 1596 2022; x_wconf 89' lang='lat' dir='ltr'>vestro</span> <span class='ocrx_word' id='word_1_169' title='bbox 1637 1983 1772 2022; x_wconf 90' lang='lat' dir='ltr'>con-</span> 
     </span>
    </p>
   </div>
   <div class='ocr_carea' id='block_1_22' title="bbox 111 2052 1776 2128">
    <p class='ocr_par' dir='ltr' id='par_1_22' title="bbox 111 2052 1776 2128">
     <span class='ocr_line' id='line_1_22' title="bbox 111 2052 1776 2128; baseline -0.003 -13"><span class='ocrx_word' id='word_1_170' title='bbox 111 2059 331 2125; x_wconf 85' lang='lat' dir='ltr'>stituti,</span> <span class='ocrx_word' id='word_1_171' title='bbox 368 2054 588 2114; x_wconf 88' lang='lat' dir='ltr'>eruditi</span> <span class='ocrx_word' id='word_1_172' title='bbox 623 2054 682 2110; x_wconf 91' lang='lat' dir='ltr'>in</span> <span class='ocrx_word' id='word_1_173' title='bbox 704 2054 828 2127; x_wconf 86' lang='lat' dir='ltr'>lege</span> <span class='ocrx_word' id='word_1_174' title='bbox 851 2053 1106 2120; x_wconf 89' lang='lat' dir='ltr'>Domini,</span> <span class='ocrx_word' id='word_1_175' title='bbox 1129 2052 1346 2126; x_wconf 80' lang='lat' dir='ltr'>legales</span> <span class='ocrx_word' id='word_1_176' title='bbox 1367 2071 1599 2127; x_wconf 89' lang='lat' dir='ltr'>quoque</span> <span class='ocrx_word' id='word_1_177' title='bbox 1620 2053 1776 2128; x_wconf 88' lang='lat' dir='ltr'>prin-</span> 
     </span>
    </p>
   </div>
   <div class='ocr_carea' id='block_1_23' title="bbox 109 2143 1774 2222">
    <p class='ocr_par' dir='ltr' id='par_1_23' title="bbox 109 2143 1774 2222">
     <span class='ocr_line' id='line_1_23' title="bbox 109 2143 1774 2222; baseline -0.004 -16"><span class='ocrx_word' id='word_1_178' title='bbox 109 2149 269 2222; x_wconf 88' lang='lat' dir='ltr'>cipes</span> <span class='ocrx_word' id='word_1_179' title='bbox 323 2146 521 2202; x_wconf 90' lang='lat' dir='ltr'>Deum</span> <span class='ocrx_word' id='word_1_180' title='bbox 572 2143 947 2209; x_wconf 84' lang='lat' dir='ltr'>honorantes,</span> <span class='ocrx_word' id='word_1_181' title='bbox 998 2145 1293 2214; x_wconf 89' lang='lat' dir='ltr'>postremo</span> <span class='ocrx_word' id='word_1_182' title='bbox 1325 2143 1620 2210; x_wconf 88' lang='lat' dir='ltr'>monachi,</span> <span class='ocrx_word' id='word_1_183' title='bbox 1652 2160 1774 2200; x_wconf 91' lang='lat' dir='ltr'>ere-</span> 
     </span>
    </p>
   </div>
   <div class='ocr_carea' id='block_1_24' title="bbox 113 2229 1776 2305">
    <p class='ocr_par' dir='ltr' id='par_1_24' title="bbox 113 2229 1776 2305">
     <span class='ocr_line' id='line_1_24' title="bbox 113 2229 1776 2305; baseline -0.004 -11"><span class='ocrx_word' id='word_1_184' title='bbox 113 2238 291 2304; x_wconf 69' lang='lat' dir='ltr'>mites,</span> <span class='ocrx_word' id='word_1_185' title='bbox 360 2232 633 2292; x_wconf 88' lang='lat' dir='ltr'>omnium</span> <span class='ocrx_word' id='word_1_186' title='bbox 689 2229 1121 2304; x_wconf 88' lang='lat' dir='ltr'>propositorum</span> <span class='ocrx_word' id='word_1_187' title='bbox 1181 2230 1461 2305; x_wconf 83' lang='lat' dir='ltr'>religiosi,</span> <span class='ocrx_word' id='word_1_188' title='bbox 1516 2232 1776 2288; x_wconf 90' lang='lat' dir='ltr'>schisma</span> 
     </span>
    </p>
   </div>
   <div class='ocr_carea' id='block_1_25' title="bbox 111 2319 1792 2394">
    <p class='ocr_par' dir='ltr' id='par_1_25' title="bbox 111 2319 1792 2394">
     <span class='ocr_line' id='line_1_25' title="bbox 111 2319 1792 2394; baseline -0.002 -13"><span class='ocrx_word' id='word_1_189' title='bbox 111 2330 380 2384; x_wconf 85' lang='lat' dir='ltr'>vestrum</span> <span class='ocrx_word' id='word_1_190' title='bbox 397 2323 588 2379; x_wconf 87' lang='lat' dir='ltr'>libera</span> <span class='ocrx_word' id='word_1_191' title='bbox 598 2320 976 2376; x_wconf 87' lang='lat' dir='ltr'>detestatione</span> <span class='ocrx_word' id='word_1_192' title='bbox 988 2319 1427 2394; x_wconf 85' lang='lat' dir='ltr'>impugnantes.</span> <span class='ocrx_word' id='word_1_193' title='bbox 1442 2323 1522 2388; x_wconf 90' lang='lat' dir='ltr'>Qu</span> <span class='ocrx_word' id='word_1_194' title='bbox 1532 2321 1603 2379; x_wconf 92' lang='lat' dir='ltr'>od</span> <span class='ocrx_word' id='word_1_195' title='bbox 1619 2321 1792 2378; x_wconf 45' lang='lat' dir='ltr'>enim.</span> 
     </span>
    </p>
   </div>
   <div class='ocr_carea' id='block_1_26' title="bbox 113 2408 1774 2483">
    <p class='ocr_par' dir='ltr' id='par_1_26' title="bbox 113 2408 1774 2483">
     <span class='ocr_line' id='line_1_26' title="bbox 113 2408 1774 2483; baseline -0.004 -12"><span class='ocrx_word' id='word_1_196' title='bbox 113 2430 376 2471; x_wconf 88' lang='lat' dir='ltr'>canones</span> <span class='ocrx_word' id='word_1_197' title='bbox 407 2409 739 2468; x_wconf 88' lang='lat' dir='ltr'>canonibus</span> <span class='ocrx_word' id='word_1_198' title='bbox 771 2408 1044 2480; x_wconf 88' lang='lat' dir='ltr'>objicitis,</span> <span class='ocrx_word' id='word_1_199' title='bbox 1068 2409 1651 2483; x_wconf 76' lang='lat' dir='ltr'>vecordisimperitiae</span> <span class='ocrx_word' id='word_1_200' title='bbox 1665 2413 1774 2478; x_wconf 91' lang='lat' dir='ltr'>est,</span> 
     </span>
    </p>
   </div>
   <div class='ocr_carea' id='block_1_27' title="bbox 113 2496 1779 2576">
    <p class='ocr_par' dir='ltr' id='par_1_27' title="bbox 113 2496 1779 2576">
     <span class='ocr_line' id='line_1_27' title="bbox 113 2496 1779 2576; baseline -0.004 -16"><span class='ocrx_word' id='word_1_201' title='bbox 113 2502 453 2576; x_wconf 71' lang='lat' dir='ltr'>praesertim</span> <span class='ocrx_word' id='word_1_202' title='bbox 488 2497 589 2555; x_wconf 89' lang='lat' dir='ltr'>ubi</span> <span class='ocrx_word' id='word_1_203' title='bbox 619 2515 711 2556; x_wconf 89' lang='lat' dir='ltr'>res</span> <span class='ocrx_word' id='word_1_204' title='bbox 741 2496 903 2554; x_wconf 91' lang='lat' dir='ltr'>nulla</span> <span class='ocrx_word' id='word_1_205' title='bbox 931 2497 1314 2571; x_wconf 87' lang='lat' dir='ltr'>ambiguitate</span> <span class='ocrx_word' id='word_1_206' title='bbox 1343 2498 1628 2572; x_wconf 88' lang='lat' dir='ltr'>implicita</span> <span class='ocrx_word' id='word_1_207' title='bbox 1665 2503 1779 2566; x_wconf 82' lang='lat' dir='ltr'>est,</span> 
     </span>
    </p>
   </div>
   <div class='ocr_carea' id='block_1_28' title="bbox 113 2585 1778 2665">
    <p class='ocr_par' dir='ltr' id='par_1_28' title="bbox 113 2585 1778 2665">
     <span class='ocr_line' id='line_1_28' title="bbox 113 2585 1778 2665; baseline -0.003 -17"><span class='ocrx_word' id='word_1_208' title='bbox 113 2609 226 2665; x_wconf 88' lang='lat' dir='ltr'>quo</span> <span class='ocrx_word' id='word_1_209' title='bbox 259 2592 500 2656; x_wconf 87' lang='lat' dir='ltr'>minus,</span> <span class='ocrx_word' id='word_1_210' title='bbox 531 2587 632 2643; x_wconf 92' lang='lat' dir='ltr'>ubi</span> <span class='ocrx_word' id='word_1_211' title='bbox 656 2585 977 2652; x_wconf 86' lang='lat' dir='ltr'>volueritis,</span> <span class='ocrx_word' id='word_1_212' title='bbox 1009 2604 1143 2643; x_wconf 88' lang='lat' dir='ltr'>vero</span> <span class='ocrx_word' id='word_1_213' title='bbox 1165 2587 1390 2658; x_wconf 90' lang='lat' dir='ltr'>judicio</span> <span class='ocrx_word' id='word_1_214' title='bbox 1422 2588 1778 2644; x_wconf 89' lang='lat' dir='ltr'>demonstre-</span> 
     </span>
    </p>
   </div>
   <div class='ocr_carea' id='block_1_29' title="bbox 111 2675 1778 2750">
    <p class='ocr_par' dir='ltr' id='par_1_29' title="bbox 111 2675 1778 2750">
     <span class='ocr_line' id='line_1_29' title="bbox 111 2675 1778 2750; baseline -0.004 -11"><span class='ocrx_word' id='word_1_215' title='bbox 111 2688 241 2750; x_wconf 84' lang='lat' dir='ltr'>tur;</span> <span class='ocrx_word' id='word_1_216' title='bbox 275 2679 389 2737; x_wconf 89' lang='lat' dir='ltr'>ubi</span> <span class='ocrx_word' id='word_1_217' title='bbox 423 2681 622 2734; x_wconf 87' lang='lat' dir='ltr'>autem</span> <span class='ocrx_word' id='word_1_218' title='bbox 653 2675 796 2732; x_wconf 86' lang='lat' dir='ltr'>velle</span> <span class='ocrx_word' id='word_1_219' title='bbox 822 2676 1069 2743; x_wconf 89' lang='lat' dir='ltr'>viribus,</span> <span class='ocrx_word' id='word_1_220' title='bbox 1104 2676 1201 2731; x_wconf 91' lang='lat' dir='ltr'>ubi</span> <span class='ocrx_word' id='word_1_221' title='bbox 1227 2675 1451 2748; x_wconf 90' lang='lat' dir='ltr'>judicia</span> <span class='ocrx_word' id='word_1_222' title='bbox 1469 2676 1778 2732; x_wconf 77' lang='lat' dir='ltr'>manifesta</span> 
     </span>
    </p>
   </div>
   <div class='ocr_carea' id='block_1_30' title="bbox 113 2764 1772 2836">
    <p class='ocr_par' dir='ltr' id='par_1_30' title="bbox 113 2764 1772 2836">
     <span class='ocr_line' id='line_1_30' title="bbox 113 2764 1772 2836; baseline -0.004 -9"><span class='ocrx_word' id='word_1_223' title='bbox 113 2775 270 2836; x_wconf 90' lang='lat' dir='ltr'>sunt,</span> <span class='ocrx_word' id='word_1_224' title='bbox 304 2767 710 2825; x_wconf 87' lang='lat' dir='ltr'>violentorum</span> <span class='ocrx_word' id='word_1_225' title='bbox 745 2769 836 2821; x_wconf 91' lang='lat' dir='ltr'>est</span> <span class='ocrx_word' id='word_1_226' title='bbox 863 2769 918 2821; x_wconf 91' lang='lat' dir='ltr'>et</span> <span class='ocrx_word' id='word_1_227' title='bbox 947 2765 1020 2820; x_wconf 91' lang='lat' dir='ltr'>de</span> <span class='ocrx_word' id='word_1_228' title='bbox 1043 2764 1280 2836; x_wconf 81' lang='lat' dir='ltr'>justiti&#39;a</span> <span class='ocrx_word' id='word_1_229' title='bbox 1311 2765 1772 2836; x_wconf 90' lang='lat' dir='ltr'>desperantium.</span> 
     </span>
    </p>
   </div>
   <div class='ocr_carea' id='block_1_31' title="bbox 113 2853 1773 2930">
    <p class='ocr_par' dir='ltr' id='par_1_31' title="bbox 113 2853 1773 2930">
     <span class='ocr_line' id='line_1_31' title="bbox 113 2853 1773 2930; baseline -0.004 -14"><span class='ocrx_word' id='word_1_230' title='bbox 113 2861 195 2916; x_wconf 83' lang='lat' dir='ltr'>lta</span> <span class='ocrx_word' id='word_1_231' title='bbox 211 2873 491 2930; x_wconf 86' lang='lat' dir='ltr'>namque</span> <span class='ocrx_word' id='word_1_232' title='bbox 513 2871 699 2927; x_wconf 86' lang='lat' dir='ltr'>usque</span> <span class='ocrx_word' id='word_1_233' title='bbox 719 2855 778 2909; x_wconf 91' lang='lat' dir='ltr'>in</span> <span class='ocrx_word' id='word_1_234' title='bbox 802 2853 1152 2910; x_wconf 88' lang='lat' dir='ltr'>hodiernum</span> <span class='ocrx_word' id='word_1_235' title='bbox 1175 2853 1328 2910; x_wconf 88' lang='lat' dir='ltr'>diem</span> <span class='ocrx_word' id='word_1_236' title='bbox 1350 2855 1476 2910; x_wconf 64' lang='lat' dir='ltr'>dua:</span> <span class='ocrx_word' id='word_1_237' title='bbox 1493 2854 1773 2922; x_wconf 88' lang='lat' dir='ltr'>civitates,</span> 
     </span>
    </p>
   </div>
   <div class='ocr_carea' id='block_1_32' title="bbox 114 2941 1775 3023">
    <p class='ocr_par' dir='ltr' id='par_1_32' title="bbox 114 2941 1775 3023">
     <span class='ocr_line' id='line_1_32' title="bbox 114 2941 1775 3023; baseline -0.004 -17"><span class='ocrx_word' id='word_1_238' title='bbox 114 2964 371 3023; x_wconf 86' lang='lat' dir='ltr'>quarum</span> <span class='ocrx_word' id='word_1_239' title='bbox 407 2962 531 3001; x_wconf 88' lang='lat' dir='ltr'>una</span> <span class='ocrx_word' id='word_1_240' title='bbox 560 2949 653 3000; x_wconf 89' lang='lat' dir='ltr'>est</span> <span class='ocrx_word' id='word_1_241' title='bbox 682 2942 916 3008; x_wconf 88' lang='lat' dir='ltr'>Christi,</span> <span class='ocrx_word' id='word_1_242' title='bbox 949 2942 1133 2999; x_wconf 89' lang='lat' dir='ltr'>altera</span> <span class='ocrx_word' id='word_1_243' title='bbox 1163 2941 1402 3010; x_wconf 88' lang='lat' dir='ltr'>diaboli,</span> <span class='ocrx_word' id='word_1_244' title='bbox 1434 2961 1467 2999; x_wconf 90' lang='lat' dir='ltr'>a</span> <span class='ocrx_word' id='word_1_245' title='bbox 1491 2943 1775 3016; x_wconf 89' lang='lat' dir='ltr'>principio</span> 
     </span>
    </p>
   </div>
   <div class='ocr_carea' id='block_1_33' title="bbox 1887 545 3532 619">
    <p class='ocr_par' dir='ltr' id='par_1_33' title="bbox 1887 545 3532 619">
     <span class='ocr_line' id='line_1_33' title="bbox 1887 545 3532 619; baseline 0.002 -21"><span class='ocrx_word' id='word_1_246' title='bbox 1887 549 2034 616; x_wconf 88' lang='lat' dir='ltr'>gunt</span> <span class='ocrx_word' id='word_1_247' title='bbox 2064 549 2258 600; x_wconf 86' lang='lat' dir='ltr'>autem</span> <span class='ocrx_word' id='word_1_248' title='bbox 2293 545 2576 617; x_wconf 84' lang='lat' dir='ltr'>quidquid</span> <span class='ocrx_word' id='word_1_249' title='bbox 2603 546 2932 618; x_wconf 82' lang='lat' dir='ltr'>putaverint</span> <span class='ocrx_word' id='word_1_250' title='bbox 2956 547 3348 619; x_wconf 83' lang='lat' dir='ltr'>profuturum,</span> <span class='ocrx_word' id='word_1_251' title='bbox 3373 563 3532 601; x_wconf 87' lang='lat' dir='ltr'>mon-</span> 
     </span>
    </p>
   </div>
   <div class='ocr_carea' id='block_1_34' title="bbox 1884 632 3531 707">
    <p class='ocr_par' dir='ltr' id='par_1_34' title="bbox 1884 632 3531 707">
     <span class='ocr_line' id='line_1_34' title="bbox 1884 632 3531 707; baseline 0.001 -19"><span class='ocrx_word' id='word_1_252' title='bbox 1884 632 2094 689; x_wconf 89' lang='lat' dir='ltr'>tientes</span> <span class='ocrx_word' id='word_1_253' title='bbox 2127 633 2294 688; x_wconf 87' lang='lat' dir='ltr'>illum</span> <span class='ocrx_word' id='word_1_254' title='bbox 2329 651 2632 706; x_wconf 89' lang='lat' dir='ltr'>nunquam</span> <span class='ocrx_word' id='word_1_255' title='bbox 2667 635 2846 690; x_wconf 84' lang='lat' dir='ltr'>fuisse</span> <span class='ocrx_word' id='word_1_256' title='bbox 2873 651 3106 706; x_wconf 81' lang='lat' dir='ltr'>papam,</span> <span class='ocrx_word' id='word_1_257' title='bbox 3135 651 3307 707; x_wconf 90' lang='lat' dir='ltr'>quem</span> <span class='ocrx_word' id='word_1_258' title='bbox 3332 638 3531 690; x_wconf 86' lang='lat' dir='ltr'>sancte</span> 
     </span>
    </p>
   </div>
   <div class='ocr_carea' id='block_1_35' title="bbox 1886 721 3530 796">
    <p class='ocr_par' dir='ltr' id='par_1_35' title="bbox 1886 721 3530 796">
     <span class='ocr_line' id='line_1_35' title="bbox 1886 721 3530 796; baseline 0.001 -19"><span class='ocrx_word' id='word_1_259' title='bbox 1886 726 1942 777; x_wconf 89' lang='lat' dir='ltr'>et</span> <span class='ocrx_word' id='word_1_260' title='bbox 1989 721 2258 796; x_wconf 88' lang='lat' dir='ltr'>religiose</span> <span class='ocrx_word' id='word_1_261' title='bbox 2304 721 2363 777; x_wconf 91' lang='lat' dir='ltr'>in</span> <span class='ocrx_word' id='word_1_262' title='bbox 2415 723 2635 796; x_wconf 86' lang='lat' dir='ltr'>gremio</span> <span class='ocrx_word' id='word_1_263' title='bbox 2686 725 2948 795; x_wconf 87' lang='lat' dir='ltr'>ejusdem</span> <span class='ocrx_word' id='word_1_264' title='bbox 2988 723 3254 778; x_wconf 73' lang='lat' dir='ltr'>Ecclesim</span> <span class='ocrx_word' id='word_1_265' title='bbox 3287 741 3319 779; x_wconf 89' lang='lat' dir='ltr'>a</span> <span class='ocrx_word' id='word_1_266' title='bbox 3349 740 3530 796; x_wconf 79' lang='lat' dir='ltr'>puero</span> 
     </span>
    </p>
   </div>
   <div class='ocr_carea' id='block_1_36' title="bbox 1886 811 3532 885">
    <p class='ocr_par' dir='ltr' id='par_1_36' title="bbox 1886 811 3532 885">
     <span class='ocr_line' id='line_1_36' title="bbox 1886 811 3532 885; baseline 0.001 -19"><span class='ocrx_word' id='word_1_267' title='bbox 1886 811 2220 878; x_wconf 89' lang='lat' dir='ltr'>educatum,</span> <span class='ocrx_word' id='word_1_268' title='bbox 2257 811 2316 866; x_wconf 91' lang='lat' dir='ltr'>in</span> <span class='ocrx_word' id='word_1_269' title='bbox 2348 815 2608 883; x_wconf 90' lang='lat' dir='ltr'>tempore</span> <span class='ocrx_word' id='word_1_270' title='bbox 2627 811 2990 868; x_wconf 85' lang='lat' dir='ltr'>necessitatis</span> <span class='ocrx_word' id='word_1_271' title='bbox 3009 813 3242 884; x_wconf 89' lang='lat' dir='ltr'>quando</span> <span class='ocrx_word' id='word_1_272' title='bbox 3260 812 3532 885; x_wconf 86' lang='lat' dir='ltr'>ingruen-</span> 
     </span>
    </p>
   </div>
   <div class='ocr_carea' id='block_1_37' title="bbox 1885 899 3528 973">
    <p class='ocr_par' dir='ltr' id='par_1_37' title="bbox 1885 899 3528 973">
     <span class='ocr_line' id='line_1_37' title="bbox 1885 899 3528 973; baseline 0.002 -19"><span class='ocrx_word' id='word_1_273' title='bbox 1885 899 2047 954; x_wconf 85' lang='lat' dir='ltr'>tibus</span> <span class='ocrx_word' id='word_1_274' title='bbox 2073 899 2229 955; x_wconf 87' lang='lat' dir='ltr'>vitiis</span> <span class='ocrx_word' id='word_1_275' title='bbox 2259 900 2448 954; x_wconf 90' lang='lat' dir='ltr'>virum</span> <span class='ocrx_word' id='word_1_276' title='bbox 2481 899 2718 972; x_wconf 91' lang='lat' dir='ltr'>plenum</span> <span class='ocrx_word' id='word_1_277' title='bbox 2751 902 2863 957; x_wconf 82' lang='lat' dir='ltr'>ﬁde</span> <span class='ocrx_word' id='word_1_278' title='bbox 2895 905 2951 956; x_wconf 88' lang='lat' dir='ltr'>et</span> <span class='ocrx_word' id='word_1_279' title='bbox 2981 901 3197 973; x_wconf 89' lang='lat' dir='ltr'>Spiritu</span> <span class='ocrx_word' id='word_1_280' title='bbox 3233 907 3434 958; x_wconf 89' lang='lat' dir='ltr'>sancto</span> <span class='ocrx_word' id='word_1_281' title='bbox 3456 903 3528 958; x_wconf 90' lang='lat' dir='ltr'>ad</span> 
     </span>
    </p>
   </div>
   <div class='ocr_carea' id='block_1_38' title="bbox 1887 987 3530 1061">
    <p class='ocr_par' dir='ltr' id='par_1_38' title="bbox 1887 987 3530 1061">
     <span class='ocr_line' id='line_1_38' title="bbox 1887 987 3530 1061; baseline 0.001 -17"><span class='ocrx_word' id='word_1_282' title='bbox 1887 987 2259 1044; x_wconf 80' lang='lat' dir='ltr'>suscitandas</span> <span class='ocrx_word' id='word_1_283' title='bbox 2290 1005 2542 1045; x_wconf 88' lang='lat' dir='ltr'>canones</span> <span class='ocrx_word' id='word_1_284' title='bbox 2575 991 2876 1061; x_wconf 88' lang='lat' dir='ltr'>oportebat</span> <span class='ocrx_word' id='word_1_285' title='bbox 2904 990 3149 1056; x_wconf 86' lang='lat' dir='ltr'>assumi,</span> <span class='ocrx_word' id='word_1_286' title='bbox 3183 990 3386 1046; x_wconf 88' lang='lat' dir='ltr'>eadem</span> <span class='ocrx_word' id='word_1_287' title='bbox 3432 1007 3530 1046; x_wconf 91' lang='lat' dir='ltr'>ca-</span> 
     </span>
    </p>
   </div>
   <div class='ocr_carea' id='block_1_39' title="bbox 1886 1076 3526 1150">
    <p class='ocr_par' dir='ltr' id='par_1_39' title="bbox 1886 1076 3526 1150">
     <span class='ocr_line' id='line_1_39' title="bbox 1886 1076 3526 1150; baseline 0.002 -19"><span class='ocrx_word' id='word_1_288' title='bbox 1886 1076 2103 1132; x_wconf 88' lang='lat' dir='ltr'>tholica</span> <span class='ocrx_word' id='word_1_289' title='bbox 2134 1081 2320 1132; x_wconf 89' lang='lat' dir='ltr'>mater</span> <span class='ocrx_word' id='word_1_290' title='bbox 2349 1094 2454 1150; x_wconf 92' lang='lat' dir='ltr'>per</span> <span class='ocrx_word' id='word_1_291' title='bbox 2483 1077 2770 1134; x_wconf 89' lang='lat' dir='ltr'>celebrem</span> <span class='ocrx_word' id='word_1_292' title='bbox 2801 1077 3142 1134; x_wconf 88' lang='lat' dir='ltr'>electionem</span> <span class='ocrx_word' id='word_1_293' title='bbox 3169 1097 3370 1134; x_wconf 90' lang='lat' dir='ltr'>eorum</span> <span class='ocrx_word' id='word_1_294' title='bbox 3403 1097 3526 1135; x_wconf 90' lang='lat' dir='ltr'>om-</span> 
     </span>
    </p>
   </div>
   <div class='ocr_carea' id='block_1_40' title="bbox 1885 1164 3528 1240">
    <p class='ocr_par' dir='ltr' id='par_1_40' title="bbox 1885 1164 3528 1240">
     <span class='ocr_line' id='line_1_40' title="bbox 1885 1164 3528 1240; baseline 0.002 -20"><span class='ocrx_word' id='word_1_295' title='bbox 1885 1164 2048 1220; x_wconf 90' lang='lat' dir='ltr'>nium</span> <span class='ocrx_word' id='word_1_296' title='bbox 2080 1164 2180 1237; x_wconf 92' lang='lat' dir='ltr'>qui</span> <span class='ocrx_word' id='word_1_297' title='bbox 2211 1183 2314 1238; x_wconf 93' lang='lat' dir='ltr'>pro</span> <span class='ocrx_word' id='word_1_298' title='bbox 2346 1166 2627 1223; x_wconf 88' lang='lat' dir='ltr'>instantia</span> <span class='ocrx_word' id='word_1_299' title='bbox 2656 1167 2936 1240; x_wconf 83' lang='lat' dir='ltr'>temporis</span> <span class='ocrx_word' id='word_1_300' title='bbox 2983 1167 3264 1224; x_wconf 88' lang='lat' dir='ltr'>interesse</span> <span class='ocrx_word' id='word_1_301' title='bbox 3313 1169 3528 1224; x_wconf 89' lang='lat' dir='ltr'>debue-</span> 
     </span>
    </p>
   </div>
   <div class='ocr_carea' id='block_1_41' title="bbox 1884 1256 3530 1330">
    <p class='ocr_par' dir='ltr' id='par_1_41' title="bbox 1884 1256 3530 1330">
     <span class='ocr_line' id='line_1_41' title="bbox 1884 1256 3530 1330; baseline 0.002 -20"><span class='ocrx_word' id='word_1_302' title='bbox 1884 1258 2024 1310; x_wconf 88' lang='lat' dir='ltr'>runt</span> <span class='ocrx_word' id='word_1_303' title='bbox 2051 1257 2107 1310; x_wconf 89' lang='lat' dir='ltr'>et</span> <span class='ocrx_word' id='word_1_304' title='bbox 2139 1259 2472 1327; x_wconf 89' lang='lat' dir='ltr'>potuerunt,</span> <span class='ocrx_word' id='word_1_305' title='bbox 2507 1256 2762 1326; x_wconf 70' lang='lat' dir='ltr'>praefecit</span> <span class='ocrx_word' id='word_1_306' title='bbox 2792 1256 2903 1311; x_wconf 90' lang='lat' dir='ltr'>sibi</span> <span class='ocrx_word' id='word_1_307' title='bbox 2936 1261 3217 1313; x_wconf 90' lang='lat' dir='ltr'>rectorem</span> <span class='ocrx_word' id='word_1_308' title='bbox 3249 1261 3304 1312; x_wconf 92' lang='lat' dir='ltr'>et</span> <span class='ocrx_word' id='word_1_309' title='bbox 3323 1258 3530 1330; x_wconf 89' lang='lat' dir='ltr'>guber-</span> 
     </span>
    </p>
   </div>
   <div class='ocr_carea' id='block_1_42' title="bbox 1884 1343 3527 1419">
    <p class='ocr_par' dir='ltr' id='par_1_42' title="bbox 1884 1343 3527 1419">
     <span class='ocr_line' id='line_1_42' title="bbox 1884 1343 3527 1419; baseline 0.003 -20"><span class='ocrx_word' id='word_1_310' title='bbox 1884 1348 2145 1400; x_wconf 89' lang='lat' dir='ltr'>natorem</span> <span class='ocrx_word' id='word_1_311' title='bbox 2165 1343 2426 1400; x_wconf 91' lang='lat' dir='ltr'>omnium</span> <span class='ocrx_word' id='word_1_312' title='bbox 2443 1343 2502 1399; x_wconf 92' lang='lat' dir='ltr'>in</span> <span class='ocrx_word' id='word_1_313' title='bbox 2516 1343 2746 1401; x_wconf 88' lang='lat' dir='ltr'>Christo</span> <span class='ocrx_word' id='word_1_314' title='bbox 2769 1350 3196 1419; x_wconf 88' lang='lat' dir='ltr'>regenatorum.</span> <span class='ocrx_word' id='word_1_315' title='bbox 3223 1346 3388 1402; x_wconf 89' lang='lat' dir='ltr'>Hunc</span> <span class='ocrx_word' id='word_1_316' title='bbox 3409 1363 3527 1404; x_wconf 87' lang='lat' dir='ltr'>non</span> 
     </span>
    </p>
   </div>
   <div class='ocr_carea' id='block_1_43' title="bbox 1884 1430 3530 1500">
    <p class='ocr_par' dir='ltr' id='par_1_43' title="bbox 1884 1430 3530 1500">
     <span class='ocr_line' id='line_1_43' title="bbox 1884 1430 3530 1500; baseline 0.001 -15"><span class='ocrx_word' id='word_1_317' title='bbox 1884 1430 2076 1486; x_wconf 89' lang='lat' dir='ltr'>solum</span> <span class='ocrx_word' id='word_1_318' title='bbox 2127 1431 2436 1487; x_wconf 67' lang='lat' dir='ltr'>Gallicanae</span> <span class='ocrx_word' id='word_1_319' title='bbox 2485 1431 2774 1500; x_wconf 70' lang='lat' dir='ltr'>Ecclesiae,</span> <span class='ocrx_word' id='word_1_320' title='bbox 2831 1435 2932 1490; x_wconf 90' lang='lat' dir='ltr'>sed</span> <span class='ocrx_word' id='word_1_321' title='bbox 2982 1435 3310 1490; x_wconf 73' lang='lat' dir='ltr'>Teutonicas</span> <span class='ocrx_word' id='word_1_322' title='bbox 3342 1438 3398 1490; x_wconf 89' lang='lat' dir='ltr'>et</span> <span class='ocrx_word' id='word_1_323' title='bbox 3428 1433 3530 1490; x_wconf 89' lang='lat' dir='ltr'>Hi-</span> 
     </span>
    </p>
   </div>
   <div class='ocr_carea' id='block_1_44' title="bbox 1885 1521 3528 1592">
    <p class='ocr_par' dir='ltr' id='par_1_44' title="bbox 1885 1521 3528 1592">
     <span class='ocr_line' id='line_1_44' title="bbox 1885 1521 3528 1592; baseline 0.002 -18"><span class='ocrx_word' id='word_1_324' title='bbox 1885 1536 2100 1592; x_wconf 69' lang='lat' dir='ltr'>spanae,</span> <span class='ocrx_word' id='word_1_325' title='bbox 2151 1525 2445 1592; x_wconf 89' lang='lat' dir='ltr'>postremo</span> <span class='ocrx_word' id='word_1_326' title='bbox 2491 1521 2698 1577; x_wconf 61' lang='lat' dir='ltr'>ercaa</span> <span class='ocrx_word' id='word_1_327' title='bbox 2744 1526 2801 1578; x_wconf 90' lang='lat' dir='ltr'>et</span> <span class='ocrx_word' id='word_1_328' title='bbox 2832 1522 3049 1578; x_wconf 70' lang='lat' dir='ltr'>Latinae</span> <span class='ocrx_word' id='word_1_329' title='bbox 3082 1523 3208 1579; x_wconf 90' lang='lat' dir='ltr'>sine</span> <span class='ocrx_word' id='word_1_330' title='bbox 3237 1523 3528 1578; x_wconf 77' lang='lat' dir='ltr'>contradi-</span> 
     </span>
    </p>
   </div>
   <div class='ocr_carea' id='block_1_45' title="bbox 1885 1607 3530 1684">
    <p class='ocr_par' dir='ltr' id='par_1_45' title="bbox 1885 1607 3530 1684">
     <span class='ocr_line' id='line_1_45' title="bbox 1885 1607 3530 1684; baseline 0.002 -20"><span class='ocrx_word' id='word_1_331' title='bbox 1885 1609 2074 1664; x_wconf 90' lang='lat' dir='ltr'>ctione</span> <span class='ocrx_word' id='word_1_332' title='bbox 2089 1625 2223 1664; x_wconf 91' lang='lat' dir='ltr'>cum</span> <span class='ocrx_word' id='word_1_333' title='bbox 2243 1607 2440 1664; x_wconf 88' lang='lat' dir='ltr'>debita</span> <span class='ocrx_word' id='word_1_334' title='bbox 2455 1609 2824 1666; x_wconf 87' lang='lat' dir='ltr'>veneratione</span> <span class='ocrx_word' id='word_1_335' title='bbox 2845 1615 3248 1683; x_wconf 88' lang='lat' dir='ltr'>susceperunt,</span> <span class='ocrx_word' id='word_1_336' title='bbox 3268 1615 3326 1666; x_wconf 91' lang='lat' dir='ltr'>et</span> <span class='ocrx_word' id='word_1_337' title='bbox 3341 1628 3530 1684; x_wconf 89' lang='lat' dir='ltr'>usque</span> 
     </span>
    </p>
   </div>
   <div class='ocr_carea' id='block_1_46' title="bbox 1883 1696 3530 1772">
    <p class='ocr_par' dir='ltr' id='par_1_46' title="bbox 1883 1696 3530 1772">
     <span class='ocr_line' id='line_1_46' title="bbox 1883 1696 3530 1772; baseline 0.002 -20"><span class='ocrx_word' id='word_1_338' title='bbox 1883 1696 1944 1752; x_wconf 91' lang='lat' dir='ltr'>in</span> <span class='ocrx_word' id='word_1_339' title='bbox 1977 1701 2321 1769; x_wconf 62' lang='lat' dir='ltr'>presentem</span> <span class='ocrx_word' id='word_1_340' title='bbox 2354 1697 2508 1753; x_wconf 91' lang='lat' dir='ltr'>diem</span> <span class='ocrx_word' id='word_1_341' title='bbox 2541 1715 2602 1754; x_wconf 89' lang='lat' dir='ltr'>se</span> <span class='ocrx_word' id='word_1_342' title='bbox 2634 1702 2863 1754; x_wconf 86' lang='lat' dir='ltr'>tantum</span> <span class='ocrx_word' id='word_1_343' title='bbox 2895 1699 3230 1772; x_wconf 83' lang='lat' dir='ltr'>pontiﬁcem</span> <span class='ocrx_word' id='word_1_344' title='bbox 3249 1699 3530 1756; x_wconf 88' lang='lat' dir='ltr'>habuisse</span> 
     </span>
    </p>
   </div>
   <div class='ocr_carea' id='block_1_47' title="bbox 1885 1785 3532 1858">
    <p class='ocr_par' dir='ltr' id='par_1_47' title="bbox 1885 1785 3532 1858">
     <span class='ocr_line' id='line_1_47' title="bbox 1885 1785 3532 1858; baseline 0.003 -18"><span class='ocrx_word' id='word_1_345' title='bbox 1885 1803 2001 1842; x_wconf 91' lang='lat' dir='ltr'>non</span> <span class='ocrx_word' id='word_1_346' title='bbox 2051 1785 2177 1842; x_wconf 90' lang='lat' dir='ltr'>sine</span> <span class='ocrx_word' id='word_1_347' title='bbox 2229 1785 2551 1858; x_wconf 88' lang='lat' dir='ltr'>gratiarum</span> <span class='ocrx_word' id='word_1_348' title='bbox 2601 1787 2825 1844; x_wconf 89' lang='lat' dir='ltr'>actione</span> <span class='ocrx_word' id='word_1_349' title='bbox 2854 1788 3332 1846; x_wconf 89' lang='lat' dir='ltr'>reminiscuntur.</span> <span class='ocrx_word' id='word_1_350' title='bbox 3366 1788 3532 1845; x_wconf 88' lang='lat' dir='ltr'>Talia</span> 
     </span>
    </p>
   </div>
   <div class='ocr_carea' id='block_1_48' title="bbox 1885 1875 3531 1950">
    <p class='ocr_par' dir='ltr' id='par_1_48' title="bbox 1885 1875 3531 1950">
     <span class='ocr_line' id='line_1_48' title="bbox 1885 1875 3531 1950; baseline 0.003 -21"><span class='ocrx_word' id='word_1_351' title='bbox 1885 1891 1982 1930; x_wconf 90' lang='lat' dir='ltr'>eos</span> <span class='ocrx_word' id='word_1_352' title='bbox 2013 1890 2265 1930; x_wconf 89' lang='lat' dir='ltr'>canones</span> <span class='ocrx_word' id='word_1_353' title='bbox 2296 1875 2633 1930; x_wconf 90' lang='lat' dir='ltr'>docuerant.</span> <span class='ocrx_word' id='word_1_354' title='bbox 2671 1875 2788 1932; x_wconf 91' lang='lat' dir='ltr'>Hoc</span> <span class='ocrx_word' id='word_1_355' title='bbox 2819 1875 3094 1948; x_wconf 88' lang='lat' dir='ltr'>Spiritus,</span> <span class='ocrx_word' id='word_1_356' title='bbox 3129 1877 3230 1950; x_wconf 86' lang='lat' dir='ltr'>qui</span> <span class='ocrx_word' id='word_1_357' title='bbox 3279 1893 3312 1932; x_wconf 93' lang='lat' dir='ltr'>a</span> <span class='ocrx_word' id='word_1_358' title='bbox 3362 1877 3531 1934; x_wconf 87' lang='lat' dir='ltr'>Patre</span> 
     </span>
    </p>
   </div>
   <div class='ocr_carea' id='block_1_49' title="bbox 1884 1962 3532 2038">
    <p class='ocr_par' dir='ltr' id='par_1_49' title="bbox 1884 1962 3532 2038">
     <span class='ocr_line' id='line_1_49' title="bbox 1884 1962 3532 2038; baseline 0.002 -20"><span class='ocrx_word' id='word_1_359' title='bbox 1884 1963 2167 2035; x_wconf 89' lang='lat' dir='ltr'>procedit,</span> <span class='ocrx_word' id='word_1_360' title='bbox 2203 1962 2485 2018; x_wconf 68' lang='lat' dir='ltr'>columba:</span> <span class='ocrx_word' id='word_1_361' title='bbox 2516 1980 2656 2033; x_wconf 84' lang='lat' dir='ltr'>suae,</span> <span class='ocrx_word' id='word_1_362' title='bbox 2690 1981 2818 2037; x_wconf 69' lang='lat' dir='ltr'>quae</span> <span class='ocrx_word' id='word_1_363' title='bbox 2850 1964 2976 2020; x_wconf 91' lang='lat' dir='ltr'>sine</span> <span class='ocrx_word' id='word_1_364' title='bbox 3005 1981 3152 2038; x_wconf 90' lang='lat' dir='ltr'>ruga</span> <span class='ocrx_word' id='word_1_365' title='bbox 3194 1969 3252 2021; x_wconf 90' lang='lat' dir='ltr'>et</span> <span class='ocrx_word' id='word_1_366' title='bbox 3301 1965 3532 2022; x_wconf 88' lang='lat' dir='ltr'>macula</span> 
     </span>
    </p>
   </div>
   <div class='ocr_carea' id='block_1_50' title="bbox 1883 2050 3532 2124">
    <p class='ocr_par' dir='ltr' id='par_1_50' title="bbox 1883 2050 3532 2124">
     <span class='ocr_line' id='line_1_50' title="bbox 1883 2050 3532 2124; baseline 0.001 -16"><span class='ocrx_word' id='word_1_367' title='bbox 1883 2068 2011 2124; x_wconf 86' lang='lat' dir='ltr'>esse</span> <span class='ocrx_word' id='word_1_368' title='bbox 2042 2050 2224 2123; x_wconf 90' lang='lat' dir='ltr'>cupit,</span> <span class='ocrx_word' id='word_1_369' title='bbox 2256 2050 2669 2107; x_wconf 88' lang='lat' dir='ltr'>inviolabiliter</span> <span class='ocrx_word' id='word_1_370' title='bbox 2699 2054 3049 2108; x_wconf 87' lang='lat' dir='ltr'>servandum</span> <span class='ocrx_word' id='word_1_371' title='bbox 3095 2053 3411 2122; x_wconf 89' lang='lat' dir='ltr'>mandavit,</span> <span class='ocrx_word' id='word_1_372' title='bbox 3466 2057 3532 2109; x_wconf 90' lang='lat' dir='ltr'>ut</span> 
     </span>
    </p>
   </div>
   <div class='ocr_carea' id='block_1_51' title="bbox 1885 2139 3526 2214">
    <p class='ocr_par' dir='ltr' id='par_1_51' title="bbox 1885 2139 3526 2214">
     <span class='ocr_line' id='line_1_51' title="bbox 1885 2139 3526 2214; baseline 0.002 -17"><span class='ocrx_word' id='word_1_373' title='bbox 1885 2157 2252 2198; x_wconf 89' lang='lat' dir='ltr'>successores</span> <span class='ocrx_word' id='word_1_374' title='bbox 2271 2139 2450 2206; x_wconf 90' lang='lat' dir='ltr'>illius,</span> <span class='ocrx_word' id='word_1_375' title='bbox 2471 2140 2572 2213; x_wconf 92' lang='lat' dir='ltr'>qui</span> <span class='ocrx_word' id='word_1_376' title='bbox 2592 2142 2859 2213; x_wconf 87' lang='lat' dir='ltr'>Barjona,</span> <span class='ocrx_word' id='word_1_377' title='bbox 2879 2141 2936 2197; x_wconf 91' lang='lat' dir='ltr'>id</span> <span class='ocrx_word' id='word_1_378' title='bbox 2959 2146 3048 2198; x_wconf 87' lang='lat' dir='ltr'>est</span> <span class='ocrx_word' id='word_1_379' title='bbox 3071 2143 3222 2214; x_wconf 74' lang='lat' dir='ltr'>ﬁlius</span> <span class='ocrx_word' id='word_1_380' title='bbox 3241 2142 3526 2213; x_wconf 66' lang='lat' dir='ltr'>columbae,</span> 
     </span>
    </p>
   </div>
   <div class='ocr_carea' id='block_1_52' title="bbox 1885 2229 3528 2303">
    <p class='ocr_par' dir='ltr' id='par_1_52' title="bbox 1885 2229 3528 2303">
     <span class='ocr_line' id='line_1_52' title="bbox 1885 2229 3528 2303; baseline 0 -17"><span class='ocrx_word' id='word_1_381' title='bbox 1885 2248 1920 2286; x_wconf 91' lang='lat' dir='ltr'>a</span> <span class='ocrx_word' id='word_1_382' title='bbox 1948 2229 2195 2286; x_wconf 90' lang='lat' dir='ltr'>Domino</span> <span class='ocrx_word' id='word_1_383' title='bbox 2225 2229 2420 2286; x_wconf 90' lang='lat' dir='ltr'>dictus</span> <span class='ocrx_word' id='word_1_384' title='bbox 2450 2234 2560 2297; x_wconf 88' lang='lat' dir='ltr'>est,</span> <span class='ocrx_word' id='word_1_385' title='bbox 2594 2229 2811 2286; x_wconf 90' lang='lat' dir='ltr'>summi</span> <span class='ocrx_word' id='word_1_386' title='bbox 2831 2231 3528 2303; x_wconf 79' lang='lat' dir='ltr'>pontiﬁceshabercutur,</span> 
     </span>
    </p>
   </div>
   <div class='ocr_carea' id='block_1_53' title="bbox 1884 2318 3530 2392">
    <p class='ocr_par' dir='ltr' id='par_1_53' title="bbox 1884 2318 3530 2392">
     <span class='ocr_line' id='line_1_53' title="bbox 1884 2318 3530 2392; baseline 0.001 -18"><span class='ocrx_word' id='word_1_387' title='bbox 1884 2318 1942 2374; x_wconf 90' lang='lat' dir='ltr'>in</span> <span class='ocrx_word' id='word_1_388' title='bbox 1979 2335 2127 2391; x_wconf 92' lang='lat' dir='ltr'>quos</span> <span class='ocrx_word' id='word_1_389' title='bbox 2160 2318 2312 2374; x_wconf 84' lang='lat' dir='ltr'>sicut</span> <span class='ocrx_word' id='word_1_390' title='bbox 2343 2319 2723 2374; x_wconf 87' lang='lat' dir='ltr'>succedenter</span> <span class='ocrx_word' id='word_1_391' title='bbox 2751 2319 3015 2390; x_wconf 86' lang='lat' dir='ltr'>ejusdem</span> <span class='ocrx_word' id='word_1_392' title='bbox 3049 2319 3296 2392; x_wconf 63' lang='lat' dir='ltr'>apostoli</span> <span class='ocrx_word' id='word_1_393' title='bbox 3347 2319 3530 2376; x_wconf 91' lang='lat' dir='ltr'>semel</span> 
     </span>
    </p>
   </div>
   <div class='ocr_carea' id='block_1_54' title="bbox 1885 2407 3536 2480">
    <p class='ocr_par' dir='ltr' id='par_1_54' title="bbox 1885 2407 3536 2480">
     <span class='ocr_line' id='line_1_54' title="bbox 1885 2407 3536 2480; baseline 0.001 -16"><span class='ocrx_word' id='word_1_394' title='bbox 1885 2411 2160 2480; x_wconf 88' lang='lat' dir='ltr'>suscepta</span> <span class='ocrx_word' id='word_1_395' title='bbox 2192 2412 2451 2480; x_wconf 90' lang='lat' dir='ltr'>potestas</span> <span class='ocrx_word' id='word_1_396' title='bbox 2483 2408 3024 2475; x_wconf 83' lang='lat' dir='ltr'>transfundebatur,</span> <span class='ocrx_word' id='word_1_397' title='bbox 3049 2408 3132 2464; x_wconf 87' lang='lat' dir='ltr'>ita</span> <span class='ocrx_word' id='word_1_398' title='bbox 3153 2408 3338 2464; x_wconf 88' lang='lat' dir='ltr'>honor</span> <span class='ocrx_word' id='word_1_399' title='bbox 3357 2407 3536 2465; x_wconf 90' lang='lat' dir='ltr'>eccle-</span> 
     </span>
    </p>
   </div>
   <div class='ocr_carea' id='block_1_55' title="bbox 1887 2495 3534 2570">
    <p class='ocr_par' dir='ltr' id='par_1_55' title="bbox 1887 2495 3534 2570">
     <span class='ocr_line' id='line_1_55' title="bbox 1887 2495 3534 2570; baseline 0.001 -18"><span class='ocrx_word' id='word_1_400' title='bbox 1887 2496 2072 2553; x_wconf 89' lang='lat' dir='ltr'>sistici</span> <span class='ocrx_word' id='word_1_401' title='bbox 2103 2495 2380 2552; x_wconf 87' lang='lat' dir='ltr'>culminis</span> <span class='ocrx_word' id='word_1_402' title='bbox 2411 2501 2466 2552; x_wconf 90' lang='lat' dir='ltr'>et</span> <span class='ocrx_word' id='word_1_403' title='bbox 2491 2496 2738 2552; x_wconf 91' lang='lat' dir='ltr'>aliorum</span> <span class='ocrx_word' id='word_1_404' title='bbox 2772 2496 3136 2570; x_wconf 88' lang='lat' dir='ltr'>negotiorum</span> <span class='ocrx_word' id='word_1_405' title='bbox 3166 2499 3424 2568; x_wconf 88' lang='lat' dir='ltr'>pondera</span> <span class='ocrx_word' id='word_1_406' title='bbox 3449 2515 3534 2554; x_wconf 90' lang='lat' dir='ltr'>re-</span> 
     </span>
    </p>
   </div>
   <div class='ocr_carea' id='block_1_56' title="bbox 1885 2584 3533 2659">
    <p class='ocr_par' dir='ltr' id='par_1_56' title="bbox 1885 2584 3533 2659">
     <span class='ocr_line' id='line_1_56' title="bbox 1885 2584 3533 2659; baseline -0.001 -18"><span class='ocrx_word' id='word_1_407' title='bbox 1885 2586 2194 2651; x_wconf 85' lang='lat' dir='ltr'>ferrentur,</span> <span class='ocrx_word' id='word_1_408' title='bbox 2229 2601 2334 2640; x_wconf 89' lang='lat' dir='ltr'>nec</span> <span class='ocrx_word' id='word_1_409' title='bbox 2354 2584 2411 2638; x_wconf 89' lang='lat' dir='ltr'>in</span> <span class='ocrx_word' id='word_1_410' title='bbox 2431 2585 2759 2656; x_wconf 88' lang='lat' dir='ltr'>dandisjud</span> <span class='ocrx_word' id='word_1_411' title='bbox 2773 2585 2899 2640; x_wconf 87' lang='lat' dir='ltr'>iciis</span> <span class='ocrx_word' id='word_1_412' title='bbox 2917 2585 2988 2641; x_wconf 91' lang='lat' dir='ltr'>de</span> <span class='ocrx_word' id='word_1_413' title='bbox 3006 2584 3324 2657; x_wconf 88' lang='lat' dir='ltr'>apostolica</span> <span class='ocrx_word' id='word_1_414' title='bbox 3341 2585 3533 2659; x_wconf 89' lang='lat' dir='ltr'>digni-</span> 
     </span>
    </p>
   </div>
   <div class='ocr_carea' id='block_1_57' title="bbox 1885 2673 3528 2746">
    <p class='ocr_par' dir='ltr' id='par_1_57' title="bbox 1885 2673 3528 2746">
     <span class='ocr_line' id='line_1_57' title="bbox 1885 2673 3528 2746; baseline 0.001 -17"><span class='ocrx_word' id='word_1_415' title='bbox 1885 2679 2002 2729; x_wconf 90' lang='lat' dir='ltr'>tate</span> <span class='ocrx_word' id='word_1_416' title='bbox 2035 2674 2358 2746; x_wconf 87' lang='lat' dir='ltr'>quidquam</span> <span class='ocrx_word' id='word_1_417' title='bbox 2393 2673 2675 2729; x_wconf 88' lang='lat' dir='ltr'>adimeret</span> <span class='ocrx_word' id='word_1_418' title='bbox 2702 2673 2820 2728; x_wconf 88' lang='lat' dir='ltr'>vita</span> <span class='ocrx_word' id='word_1_419' title='bbox 2851 2673 3091 2729; x_wconf 85' lang='lat' dir='ltr'>inferior</span> <span class='ocrx_word' id='word_1_420' title='bbox 3141 2675 3528 2744; x_wconf 90' lang='lat' dir='ltr'>succedentis,</span> 
     </span>
    </p>
   </div>
   <div class='ocr_carea' id='block_1_58' title="bbox 1885 2761 3534 2836">
    <p class='ocr_par' dir='ltr' id='par_1_58' title="bbox 1885 2761 3534 2836">
     <span class='ocr_line' id='line_1_58' title="bbox 1885 2761 3534 2836; baseline 0.001 -17"><span class='ocrx_word' id='word_1_421' title='bbox 1885 2763 1986 2819; x_wconf 90' lang='lat' dir='ltr'>ubi</span> <span class='ocrx_word' id='word_1_422' title='bbox 2019 2779 2121 2834; x_wconf 88' lang='lat' dir='ltr'>per</span> <span class='ocrx_word' id='word_1_423' title='bbox 2151 2761 2496 2818; x_wconf 90' lang='lat' dir='ltr'>catholicam</span> <span class='ocrx_word' id='word_1_424' title='bbox 2529 2761 2953 2818; x_wconf 89' lang='lat' dir='ltr'>ordinationem</span> <span class='ocrx_word' id='word_1_425' title='bbox 2984 2763 3256 2820; x_wconf 88' lang='lat' dir='ltr'>adessent</span> <span class='ocrx_word' id='word_1_426' title='bbox 3283 2772 3336 2819; x_wconf 86' lang='lat' dir='ltr'>et</span> <span class='ocrx_word' id='word_1_427' title='bbox 3358 2763 3534 2836; x_wconf 89' lang='lat' dir='ltr'>Spiri-</span> 
     </span>
    </p>
   </div>
   <div class='ocr_carea' id='block_1_59' title="bbox 1885 2850 3529 2922">
    <p class='ocr_par' dir='ltr' id='par_1_59' title="bbox 1885 2850 3529 2922">
     <span class='ocr_line' id='line_1_59' title="bbox 1885 2850 3529 2922; baseline 0.001 -16"><span class='ocrx_word' id='word_1_428' title='bbox 1885 2855 1982 2907; x_wconf 88' lang='lat' dir='ltr'>tus</span> <span class='ocrx_word' id='word_1_429' title='bbox 2013 2851 2198 2907; x_wconf 88' lang='lat' dir='ltr'>sancti</span> <span class='ocrx_word' id='word_1_430' title='bbox 2225 2851 2413 2922; x_wconf 88' lang='lat' dir='ltr'>gratia</span> <span class='ocrx_word' id='word_1_431' title='bbox 2442 2853 2500 2906; x_wconf 88' lang='lat' dir='ltr'>et</span> <span class='ocrx_word' id='word_1_432' title='bbox 2522 2850 2672 2906; x_wconf 90' lang='lat' dir='ltr'>Petri</span> <span class='ocrx_word' id='word_1_433' title='bbox 2693 2850 2899 2906; x_wconf 87' lang='lat' dir='ltr'>merita</span> <span class='ocrx_word' id='word_1_434' title='bbox 2917 2851 3301 2922; x_wconf 66' lang='lat' dir='ltr'>praesidentis.</span> <span class='ocrx_word' id='word_1_435' title='bbox 3323 2852 3529 2908; x_wconf 88' lang='lat' dir='ltr'>Utrum</span> 
     </span>
    </p>
   </div>
   <div class='ocr_carea' id='block_1_60' title="bbox 1885 2939 3598 3012">
    <p class='ocr_par' dir='ltr' id='par_1_60' title="bbox 1885 2939 3598 3012">
     <span class='ocr_line' id='line_1_60' title="bbox 1885 2939 3598 3012; baseline 0.001 -16"><span class='ocrx_word' id='word_1_436' title='bbox 1885 2945 2082 2996; x_wconf 87' lang='lat' dir='ltr'>autem</span> <span class='ocrx_word' id='word_1_437' title='bbox 2115 2955 2214 2994; x_wconf 90' lang='lat' dir='ltr'>vos</span> <span class='ocrx_word' id='word_1_438' title='bbox 2246 2940 2516 2995; x_wconf 90' lang='lat' dir='ltr'>eumdem</span> <span class='ocrx_word' id='word_1_439' title='bbox 2551 2940 2882 3012; x_wconf 90' lang='lat' dir='ltr'>receperitis</span> <span class='ocrx_word' id='word_1_440' title='bbox 2900 2939 3530 3012; x_wconf 89' lang='lat' dir='ltr'>aliquandosummum</span> <span class='ocrx_word' id='word_1_441' title='bbox 3595 2977 3598 2980; x_wconf 63' lang='grc' dir='ltr'><strong>ο</strong></span> 
     </span>
    </p>
   </div>
   <div class='ocr_carea' id='block_1_61' title="bbox 115 3012 3531 3112">
    <p class='ocr_par' dir='ltr' id='par_1_61' title="bbox 115 3012 3531 3112">
     <span class='ocr_line' id='line_1_61' title="bbox 115 3012 3531 3112; baseline -0.002 -18"><span class='ocrx_word' id='word_1_442' title='bbox 115 3012 336 3112; x_wconf 73' lang='lat' dir='ltr'>negotii</span> <span class='ocrx_word' id='word_1_443' title='bbox 368 3035 560 3106; x_wconf 89' lang='lat' dir='ltr'>hujus</span> <span class='ocrx_word' id='word_1_444' title='bbox 587 3033 645 3087; x_wconf 92' lang='lat' dir='ltr'>in</span> <span class='ocrx_word' id='word_1_445' title='bbox 659 3030 1316 3087; x_wconf 66' lang='lat' dir='ltr'>suiscivibusdistinctee</span> <span class='ocrx_word' id='word_1_446' title='bbox 1331 3035 1775 3098; x_wconf 87' lang='lat' dir='ltr'>mauserunt,ut</span> <span class='ocrx_word' id='word_1_447' title='bbox 1807 3012 1848 3080; x_wconf 82' lang='lat' dir='ltr'><strong>C</strong></span> <span class='ocrx_word' id='word_1_448' title='bbox 1887 3027 2588 3101; x_wconf 70' lang='lat' dir='ltr'>pontificem,al&#39;gl1itp08t</span> <span class='ocrx_word' id='word_1_449' title='bbox 2602 3028 2853 3099; x_wconf 75' lang='lat' dir='ltr'>primam</span> <span class='ocrx_word' id='word_1_450' title='bbox 2869 3029 3531 3086; x_wconf 76' lang='lat' dir='ltr'>excommunicationem</span> 
     </span>
    </p>
   </div>
   <div class='ocr_carea' id='block_1_62' title="bbox 115 3119 1776 3193">
    <p class='ocr_par' dir='ltr' id='par_1_62' title="bbox 115 3119 1776 3193">
     <span class='ocr_line' id='line_1_62' title="bbox 115 3119 1776 3193; baseline -0.004 -10"><span class='ocrx_word' id='word_1_451' title='bbox 115 3127 275 3183; x_wconf 89' lang='lat' dir='ltr'>nulla</span> <span class='ocrx_word' id='word_1_452' title='bbox 304 3126 436 3180; x_wconf 79' lang='lat' dir='ltr'>fere</span> <span class='ocrx_word' id='word_1_453' title='bbox 467 3121 672 3178; x_wconf 86' lang='lat' dir='ltr'>civitas</span> <span class='ocrx_word' id='word_1_454' title='bbox 699 3120 759 3182; x_wconf 87' lang='lat' dir='ltr'>in</span> <span class='ocrx_word' id='word_1_455' title='bbox 789 3124 910 3176; x_wconf 86' lang='lat' dir='ltr'>tota</span> <span class='ocrx_word' id='word_1_456' title='bbox 940 3120 1251 3176; x_wconf 87' lang='lat' dir='ltr'>Latinitate</span> <span class='ocrx_word' id='word_1_457' title='bbox 1284 3119 1360 3176; x_wconf 90' lang='lat' dir='ltr'>sit</span> <span class='ocrx_word' id='word_1_458' title='bbox 1387 3138 1513 3193; x_wconf 74' lang='lat' dir='ltr'>quae</span> <span class='ocrx_word' id='word_1_459' title='bbox 1537 3138 1652 3177; x_wconf 90' lang='lat' dir='ltr'>non</span> <span class='ocrx_word' id='word_1_460' title='bbox 1677 3121 1776 3176; x_wconf 89' lang='lat' dir='ltr'>ba-</span> 
     </span>
    </p>
   </div>
   <div class='ocr_carea' id='block_1_63' title="bbox 116 3209 1770 3286">
    <p class='ocr_par' dir='ltr' id='par_1_63' title="bbox 116 3209 1770 3286">
     <span class='ocr_line' id='line_1_63' title="bbox 116 3209 1770 3286; baseline -0.005 -13"><span class='ocrx_word' id='word_1_461' title='bbox 116 3218 244 3272; x_wconf 88' lang='lat' dir='ltr'>beat</span> <span class='ocrx_word' id='word_1_462' title='bbox 270 3215 466 3286; x_wconf 89' lang='lat' dir='ltr'>hujus</span> <span class='ocrx_word' id='word_1_463' title='bbox 499 3227 688 3267; x_wconf 70' lang='lat' dir='ltr'>causa:</span> <span class='ocrx_word' id='word_1_464' title='bbox 721 3209 1022 3282; x_wconf 89' lang='lat' dir='ltr'>oppositos</span> <span class='ocrx_word' id='word_1_465' title='bbox 1037 3209 1392 3278; x_wconf 85' lang='lat' dir='ltr'>defensores,</span> <span class='ocrx_word' id='word_1_466' title='bbox 1411 3227 1659 3282; x_wconf 90' lang='lat' dir='ltr'>quorum</span> <span class='ocrx_word' id='word_1_467' title='bbox 1674 3209 1770 3266; x_wconf 90' lang='lat' dir='ltr'>alii</span> 
     </span>
    </p>
   </div>
   <div class='ocr_carea' id='block_1_64' title="bbox 117 3297 1774 3376">
    <p class='ocr_par' dir='ltr' id='par_1_64' title="bbox 117 3297 1774 3376">
     <span class='ocr_line' id='line_1_64' title="bbox 117 3297 1774 3376; baseline -0.005 -14"><span class='ocrx_word' id='word_1_468' title='bbox 117 3324 246 3362; x_wconf 90' lang='lat' dir='ltr'>cum</span> <span class='ocrx_word' id='word_1_469' title='bbox 279 3298 674 3376; x_wconf 88' lang='lat' dir='ltr'>sanguinario</span> <span class='ocrx_word' id='word_1_470' title='bbox 700 3297 841 3354; x_wconf 88' lang='lat' dir='ltr'>Cain</span> <span class='ocrx_word' id='word_1_471' title='bbox 869 3298 927 3353; x_wconf 92' lang='lat' dir='ltr'>in</span> <span class='ocrx_word' id='word_1_472' title='bbox 956 3297 1134 3370; x_wconf 87' lang='lat' dir='ltr'>spicis</span> <span class='ocrx_word' id='word_1_473' title='bbox 1161 3315 1353 3354; x_wconf 89' lang='lat' dir='ltr'>coram</span> <span class='ocrx_word' id='word_1_474' title='bbox 1382 3298 1497 3354; x_wconf 91' lang='lat' dir='ltr'>Deo</span> <span class='ocrx_word' id='word_1_475' title='bbox 1523 3300 1774 3354; x_wconf 76' lang='lat' dir='ltr'>offerunt</span> 
     </span>
    </p>
   </div>
   <div class='ocr_carea' id='block_1_65' title="bbox 115 3385 1775 3458">
    <p class='ocr_par' dir='ltr' id='par_1_65' title="bbox 115 3385 1775 3458">
     <span class='ocr_line' id='line_1_65' title="bbox 115 3385 1775 3458; baseline -0.005 -7"><span class='ocrx_word' id='word_1_476' title='bbox 115 3396 328 3450; x_wconf 79' lang='lat' dir='ltr'>aristas</span> <span class='ocrx_word' id='word_1_477' title='bbox 349 3386 843 3452; x_wconf 80' lang='lat' dir='ltr'>exacerbationis,</span> <span class='ocrx_word' id='word_1_478' title='bbox 866 3385 1033 3442; x_wconf 89' lang='lat' dir='ltr'>alteri</span> <span class='ocrx_word' id='word_1_479' title='bbox 1059 3403 1192 3442; x_wconf 91' lang='lat' dir='ltr'>cum</span> <span class='ocrx_word' id='word_1_480' title='bbox 1214 3385 1352 3442; x_wconf 87' lang='lat' dir='ltr'>Abel</span> <span class='ocrx_word' id='word_1_481' title='bbox 1369 3388 1535 3458; x_wconf 89' lang='lat' dir='ltr'>justo</span> <span class='ocrx_word' id='word_1_482' title='bbox 1555 3387 1613 3442; x_wconf 91' lang='lat' dir='ltr'>in</span> <span class='ocrx_word' id='word_1_483' title='bbox 1639 3385 1775 3443; x_wconf 90' lang='lat' dir='ltr'>sim-</span> 
     </span>
    </p>
   </div>
   <div class='ocr_carea' id='block_1_66' title="bbox 115 3473 1772 3556">
    <p class='ocr_par' dir='ltr' id='par_1_66' title="bbox 115 3473 1772 3556">
     <span class='ocr_line' id='line_1_66' title="bbox 115 3473 1772 3556; baseline -0.004 -17"><span class='ocrx_word' id='word_1_484' title='bbox 115 3484 244 3556; x_wconf 88' lang='lat' dir='ltr'>plici</span> <span class='ocrx_word' id='word_1_485' title='bbox 295 3495 463 3554; x_wconf 86' lang='lat' dir='ltr'>agno</span> <span class='ocrx_word' id='word_1_486' title='bbox 516 3474 910 3532; x_wconf 89' lang='lat' dir='ltr'>innocentiam</span> <span class='ocrx_word' id='word_1_487' title='bbox 958 3473 1239 3531; x_wconf 89' lang='lat' dir='ltr'>veritatis.</span> <span class='ocrx_word' id='word_1_488' title='bbox 1289 3473 1451 3531; x_wconf 89' lang='lat' dir='ltr'>Unde</span> <span class='ocrx_word' id='word_1_489' title='bbox 1479 3478 1568 3531; x_wconf 89' lang='lat' dir='ltr'>est</span> <span class='ocrx_word' id='word_1_490' title='bbox 1595 3475 1772 3532; x_wconf 90' lang='lat' dir='ltr'>etiam</span> 
     </span>
    </p>
   </div>
   <div class='ocr_carea' id='block_1_67' title="bbox 115 3562 1774 3646">
    <p class='ocr_par' dir='ltr' id='par_1_67' title="bbox 115 3562 1774 3646">
     <span class='ocr_line' id='line_1_67' title="bbox 115 3562 1774 3646; baseline -0.005 -18"><span class='ocrx_word' id='word_1_491' title='bbox 115 3573 262 3646; x_wconf 85' lang='lat' dir='ltr'>quod</span> <span class='ocrx_word' id='word_1_492' title='bbox 288 3586 401 3626; x_wconf 88' lang='lat' dir='ltr'>vos</span> <span class='ocrx_word' id='word_1_493' title='bbox 423 3567 500 3623; x_wconf 88' lang='lat' dir='ltr'>ad</span> <span class='ocrx_word' id='word_1_494' title='bbox 525 3563 875 3620; x_wconf 88' lang='lat' dir='ltr'>irritandum</span> <span class='ocrx_word' id='word_1_495' title='bbox 896 3562 1286 3630; x_wconf 86' lang='lat' dir='ltr'>Altissimum,</span> <span class='ocrx_word' id='word_1_496' title='bbox 1311 3567 1370 3618; x_wconf 91' lang='lat' dir='ltr'>et</span> <span class='ocrx_word' id='word_1_497' title='bbox 1391 3569 1774 3636; x_wconf 86' lang='lat' dir='ltr'>augmentum</span> 
     </span>
    </p>
   </div>
   <div class='ocr_carea' id='block_1_68' title="bbox 114 3651 1773 3733">
    <p class='ocr_par' dir='ltr' id='par_1_68' title="bbox 114 3651 1773 3733">
     <span class='ocr_line' id='line_1_68' title="bbox 114 3651 1773 3733; baseline -0.007 -15"><span class='ocrx_word' id='word_1_498' title='bbox 114 3655 553 3733; x_wconf 84' lang='lat' dir='ltr'>profanationis</span> <span class='ocrx_word' id='word_1_499' title='bbox 582 3653 644 3709; x_wconf 90' lang='lat' dir='ltr'>in</span> <span class='ocrx_word' id='word_1_500' title='bbox 674 3651 978 3709; x_wconf 88' lang='lat' dir='ltr'>sacrificiis</span> <span class='ocrx_word' id='word_1_501' title='bbox 1006 3651 1216 3709; x_wconf 85' lang='lat' dir='ltr'>vestris</span> <span class='ocrx_word' id='word_1_502' title='bbox 1243 3669 1347 3725; x_wconf 92' lang='lat' dir='ltr'>pro</span> <span class='ocrx_word' id='word_1_503' title='bbox 1367 3653 1624 3724; x_wconf 88' lang='lat' dir='ltr'>Wiperto</span> <span class='ocrx_word' id='word_1_504' title='bbox 1644 3657 1773 3708; x_wconf 90' lang='lat' dir='ltr'>tan-</span> 
     </span>
    </p>
   </div>
   <div class='ocr_carea' id='block_1_69' title="bbox 114 3740 1777 3822">
    <p class='ocr_par' dir='ltr' id='par_1_69' title="bbox 114 3740 1777 3822">
     <span class='ocr_line' id='line_1_69' title="bbox 114 3740 1777 3822; baseline -0.006 -16"><span class='ocrx_word' id='word_1_505' title='bbox 114 3766 292 3822; x_wconf 85' lang='lat' dir='ltr'>quam</span> <span class='ocrx_word' id='word_1_506' title='bbox 323 3751 509 3802; x_wconf 87' lang='lat' dir='ltr'>Patre</span> <span class='ocrx_word' id='word_1_507' title='bbox 539 3746 598 3799; x_wconf 89' lang='lat' dir='ltr'>et</span> <span class='ocrx_word' id='word_1_508' title='bbox 625 3740 898 3814; x_wconf 84' lang='lat' dir='ltr'>pontifice</span> <span class='ocrx_word' id='word_1_509' title='bbox 927 3740 1258 3796; x_wconf 89' lang='lat' dir='ltr'>animarum</span> <span class='ocrx_word' id='word_1_510' title='bbox 1287 3752 1611 3796; x_wconf 81' lang='lat' dir='ltr'>vestrarum</span> <span class='ocrx_word' id='word_1_511' title='bbox 1638 3741 1777 3796; x_wconf 88' lang='lat' dir='ltr'>divi-</span> 
     </span>
    </p>
   </div>
   <div class='ocr_carea' id='block_1_70' title="bbox 116 3828 1774 3901">
    <p class='ocr_par' dir='ltr' id='par_1_70' title="bbox 116 3828 1774 3901">
     <span class='ocr_line' id='line_1_70' title="bbox 116 3828 1774 3901; baseline -0.005 -7"><span class='ocrx_word' id='word_1_512' title='bbox 116 3854 247 3893; x_wconf 89' lang='lat' dir='ltr'>nam</span> <span class='ocrx_word' id='word_1_513' title='bbox 271 3831 659 3892; x_wconf 87' lang='lat' dir='ltr'>clementiam</span> <span class='ocrx_word' id='word_1_514' title='bbox 685 3828 1030 3901; x_wconf 90' lang='lat' dir='ltr'>imploratis.</span> <span class='ocrx_word' id='word_1_515' title='bbox 1054 3829 1170 3884; x_wconf 91' lang='lat' dir='ltr'>Nos</span> <span class='ocrx_word' id='word_1_516' title='bbox 1187 3829 1458 3886; x_wconf 89' lang='lat' dir='ltr'>eumdem</span> <span class='ocrx_word' id='word_1_517' title='bbox 1477 3829 1774 3886; x_wconf 90' lang='lat' dir='ltr'>hominem</span> 
     </span>
    </p>
   </div>
   <div class='ocr_carea' id='block_1_71' title="bbox 115 3917 1779 3992">
    <p class='ocr_par' dir='ltr' id='par_1_71' title="bbox 115 3917 1779 3992">
     <span class='ocr_line' id='line_1_71' title="bbox 115 3917 1779 3992; baseline -0.005 -9"><span class='ocrx_word' id='word_1_518' title='bbox 115 3924 492 3988; x_wconf 70' lang='lat' dir='ltr'>hareticum,</span> <span class='ocrx_word' id='word_1_519' title='bbox 518 3919 621 3992; x_wconf 90' lang='lat' dir='ltr'>qui</span> <span class='ocrx_word' id='word_1_520' title='bbox 651 3917 875 3974; x_wconf 90' lang='lat' dir='ltr'>vivente</span> <span class='ocrx_word' id='word_1_521' title='bbox 905 3924 1067 3990; x_wconf 90' lang='lat' dir='ltr'>patre</span> <span class='ocrx_word' id='word_1_522' title='bbox 1098 3922 1154 3972; x_wconf 88' lang='lat' dir='ltr'>et</span> <span class='ocrx_word' id='word_1_523' title='bbox 1183 3917 1420 3974; x_wconf 91' lang='lat' dir='ltr'>domino</span> <span class='ocrx_word' id='word_1_524' title='bbox 1452 3923 1650 3974; x_wconf 90' lang='lat' dir='ltr'>nostro</span> <span class='ocrx_word' id='word_1_525' title='bbox 1678 3934 1779 3990; x_wconf 89' lang='lat' dir='ltr'>per</span> 
     </span>
    </p>
   </div>
   <div class='ocr_carea' id='block_1_72' title="bbox 118 4005 1776 4080">
    <p class='ocr_par' dir='ltr' id='par_1_72' title="bbox 118 4005 1776 4080">
     <span class='ocr_line' id='line_1_72' title="bbox 118 4005 1776 4080; baseline -0.005 -9"><span class='ocrx_word' id='word_1_526' title='bbox 118 4019 429 4071; x_wconf 89' lang='lat' dir='ltr'>cruentam</span> <span class='ocrx_word' id='word_1_527' title='bbox 450 4024 697 4065; x_wconf 88' lang='lat' dir='ltr'>manum</span> <span class='ocrx_word' id='word_1_528' title='bbox 715 4005 1024 4062; x_wconf 86' lang='lat' dir='ltr'>facinerosi</span> <span class='ocrx_word' id='word_1_529' title='bbox 1041 4010 1100 4062; x_wconf 92' lang='lat' dir='ltr'>et</span> <span class='ocrx_word' id='word_1_530' title='bbox 1117 4006 1604 4062; x_wconf 86' lang='lat' dir='ltr'>excommunicati</span> <span class='ocrx_word' id='word_1_531' title='bbox 1623 4006 1776 4080; x_wconf 91' lang='lat' dir='ltr'>regis</span> 
     </span>
    </p>
   </div>
   <div class='ocr_carea' id='block_1_73' title="bbox 117 4094 1776 4175">
    <p class='ocr_par' dir='ltr' id='par_1_73' title="bbox 117 4094 1776 4175">
     <span class='ocr_line' id='line_1_73' title="bbox 117 4094 1776 4175; baseline -0.007 -15"><span class='ocrx_word' id='word_1_532' title='bbox 117 4105 186 4160; x_wconf 87' lang='lat' dir='ltr'>ad</span> <span class='ocrx_word' id='word_1_533' title='bbox 199 4098 565 4175; x_wconf 77' lang='lat' dir='ltr'>obligandae</span> <span class='ocrx_word' id='word_1_534' title='bbox 577 4094 960 4168; x_wconf 88' lang='lat' dir='ltr'>obligationes</span> <span class='ocrx_word' id='word_1_535' title='bbox 975 4094 1032 4149; x_wconf 91' lang='lat' dir='ltr'>in</span> <span class='ocrx_word' id='word_1_536' title='bbox 1049 4094 1302 4167; x_wconf 88' lang='lat' dir='ltr'>peccatis</span> <span class='ocrx_word' id='word_1_537' title='bbox 1315 4095 1776 4151; x_wconf 90' lang='lat' dir='ltr'>sacratissimam</span> 
     </span>
    </p>
   </div>
   <div class='ocr_carea' id='block_1_74' title="bbox 119 4181 1775 4262">
    <p class='ocr_par' dir='ltr' id='par_1_74' title="bbox 119 4181 1775 4262">
     <span class='ocr_line' id='line_1_74' title="bbox 119 4181 1775 4262; baseline -0.006 -14"><span class='ocrx_word' id='word_1_538' title='bbox 119 4193 322 4248; x_wconf 86' lang='lat' dir='ltr'>sedem</span> <span class='ocrx_word' id='word_1_539' title='bbox 341 4185 747 4262; x_wconf 89' lang='lat' dir='ltr'>apostolorum</span> <span class='ocrx_word' id='word_1_540' title='bbox 767 4199 1052 4256; x_wconf 88' lang='lat' dir='ltr'>usurpare</span> <span class='ocrx_word' id='word_1_541' title='bbox 1069 4187 1126 4239; x_wconf 88' lang='lat' dir='ltr'>et</span> <span class='ocrx_word' id='word_1_542' title='bbox 1144 4181 1401 4255; x_wconf 91' lang='lat' dir='ltr'>polluere</span> <span class='ocrx_word' id='word_1_543' title='bbox 1417 4187 1662 4239; x_wconf 89' lang='lat' dir='ltr'>conatus</span> <span class='ocrx_word' id='word_1_544' title='bbox 1679 4183 1775 4255; x_wconf 89' lang='lat' dir='ltr'>sit,</span> 
     </span>
    </p>
   </div>
   <div class='ocr_carea' id='block_1_75' title="bbox 121 4271 1777 4344">
    <p class='ocr_par' dir='ltr' id='par_1_75' title="bbox 121 4271 1777 4344">
     <span class='ocr_line' id='line_1_75' title="bbox 121 4271 1777 4344; baseline -0.006 -6"><span class='ocrx_word' id='word_1_545' title='bbox 121 4275 651 4338; x_wconf 85' lang='lat' dir='ltr'>damnatissimum</span> <span class='ocrx_word' id='word_1_546' title='bbox 681 4288 1072 4329; x_wconf 80' lang='lat' dir='ltr'>exsecramur.</span> <span class='ocrx_word' id='word_1_547' title='bbox 1106 4271 1170 4328; x_wconf 90' lang='lat' dir='ltr'>In</span> <span class='ocrx_word' id='word_1_548' title='bbox 1201 4289 1316 4344; x_wconf 91' lang='lat' dir='ltr'>quo</span> <span class='ocrx_word' id='word_1_549' title='bbox 1343 4271 1490 4328; x_wconf 89' lang='lat' dir='ltr'>nihil</span> <span class='ocrx_word' id='word_1_550' title='bbox 1519 4272 1777 4328; x_wconf 91' lang='lat' dir='ltr'>medium</span> 
     </span>
    </p>
   </div>
   <div class='ocr_carea' id='block_1_76' title="bbox 1883 3115 3530 3188">
    <p class='ocr_par' dir='ltr' id='par_1_76' title="bbox 1883 3115 3530 3188">
     <span class='ocr_line' id='line_1_76' title="bbox 1883 3115 3530 3188; baseline -0.001 -14"><span class='ocrx_word' id='word_1_551' title='bbox 1883 3117 2207 3174; x_wconf 83' lang='lat' dir='ltr'>satisfactio</span> <span class='ocrx_word' id='word_1_552' title='bbox 2239 3115 2390 3188; x_wconf 80' lang='lat' dir='ltr'>regis</span> <span class='ocrx_word' id='word_1_553' title='bbox 2414 3117 2588 3170; x_wconf 90' lang='lat' dir='ltr'>vestri</span> <span class='ocrx_word' id='word_1_554' title='bbox 2613 3117 2764 3171; x_wconf 80' lang='lat' dir='ltr'>facta</span> <span class='ocrx_word' id='word_1_555' title='bbox 2785 3116 2843 3171; x_wconf 91' lang='lat' dir='ltr'>in</span> <span class='ocrx_word' id='word_1_556' title='bbox 2869 3116 3054 3182; x_wconf 89' lang='lat' dir='ltr'>Italia,</span> <span class='ocrx_word' id='word_1_557' title='bbox 3077 3119 3312 3188; x_wconf 89' lang='lat' dir='ltr'>quando</span> <span class='ocrx_word' id='word_1_558' title='bbox 3335 3135 3530 3174; x_wconf 90' lang='lat' dir='ltr'>rerum</span> 
     </span>
    </p>
   </div>
   <div class='ocr_carea' id='block_1_77' title="bbox 1883 3203 3532 3278">
    <p class='ocr_par' dir='ltr' id='par_1_77' title="bbox 1883 3203 3532 3278">
     <span class='ocr_line' id='line_1_77' title="bbox 1883 3203 3532 3278; baseline 0 -14"><span class='ocrx_word' id='word_1_559' title='bbox 1883 3205 2287 3278; x_wconf 89' lang='lat' dir='ltr'>desperatione</span> <span class='ocrx_word' id='word_1_560' title='bbox 2309 3204 2649 3276; x_wconf 90' lang='lat' dir='ltr'>compulsus</span> <span class='ocrx_word' id='word_1_561' title='bbox 2670 3203 2868 3260; x_wconf 91' lang='lat' dir='ltr'>nullus</span> <span class='ocrx_word' id='word_1_562' title='bbox 2890 3205 3054 3261; x_wconf 88' lang='lat' dir='ltr'>vobis</span> <span class='ocrx_word' id='word_1_563' title='bbox 3075 3205 3324 3262; x_wconf 77' lang='lat' dir='ltr'>miseriae</span> <span class='ocrx_word' id='word_1_564' title='bbox 3342 3207 3532 3264; x_wconf 81' lang='lat' dir='ltr'>exitus</span> 
     </span>
    </p>
   </div>
   <div class='ocr_carea' id='block_1_78' title="bbox 1883 3294 3531 3368">
    <p class='ocr_par' dir='ltr' id='par_1_78' title="bbox 1883 3294 3531 3368">
     <span class='ocr_line' id='line_1_78' title="bbox 1883 3294 3531 3368; baseline 0.001 -16"><span class='ocrx_word' id='word_1_565' title='bbox 1883 3294 2224 3352; x_wconf 88' lang='lat' dir='ltr'>occurrebat</span> <span class='ocrx_word' id='word_1_566' title='bbox 2254 3298 2460 3366; x_wconf 64' lang='lat' dir='ltr'>praeter</span> <span class='ocrx_word' id='word_1_567' title='bbox 2489 3294 2915 3350; x_wconf 90' lang='lat' dir='ltr'>absolutionem</span> <span class='ocrx_word' id='word_1_568' title='bbox 2941 3294 3148 3367; x_wconf 89' lang='lat' dir='ltr'>ipsius,</span> <span class='ocrx_word' id='word_1_569' title='bbox 3173 3313 3369 3368; x_wconf 89' lang='lat' dir='ltr'>quem,</span> <span class='ocrx_word' id='word_1_570' title='bbox 3397 3295 3531 3353; x_wconf 90' lang='lat' dir='ltr'>licet</span> 
     </span>
    </p>
   </div>
   <div class='ocr_carea' id='block_1_79' title="bbox 1883 3383 3531 3458">
    <p class='ocr_par' dir='ltr' id='par_1_79' title="bbox 1883 3383 3531 3458">
     <span class='ocr_line' id='line_1_79' title="bbox 1883 3383 3531 3458; baseline 0.003 -21"><span class='ocrx_word' id='word_1_571' title='bbox 1883 3384 2124 3458; x_wconf 82' lang='lat' dir='ltr'>perfidis</span> <span class='ocrx_word' id='word_1_572' title='bbox 2157 3383 2453 3439; x_wconf 90' lang='lat' dir='ltr'>mentibus</span> <span class='ocrx_word' id='word_1_573' title='bbox 2485 3384 2782 3439; x_wconf 90' lang='lat' dir='ltr'>Pastorem</span> <span class='ocrx_word' id='word_1_574' title='bbox 2806 3387 3002 3440; x_wconf 87' lang='lat' dir='ltr'>tamen</span> <span class='ocrx_word' id='word_1_575' title='bbox 3027 3388 3083 3440; x_wconf 91' lang='lat' dir='ltr'>et</span> <span class='ocrx_word' id='word_1_576' title='bbox 3103 3384 3418 3441; x_wconf 88' lang='lat' dir='ltr'>Dominum</span> <span class='ocrx_word' id='word_1_577' title='bbox 3440 3403 3531 3442; x_wconf 84' lang='lat' dir='ltr'>co-</span> 
     </span>
    </p>
   </div>
   <div class='ocr_carea' id='block_1_80' title="bbox 1883 3471 3532 3545">
    <p class='ocr_par' dir='ltr' id='par_1_80' title="bbox 1883 3471 3532 3545">
     <span class='ocr_line' id='line_1_80' title="bbox 1883 3471 3532 3545; baseline 0.002 -18"><span class='ocrx_word' id='word_1_578' title='bbox 1883 3471 2188 3545; x_wconf 90' lang='lat' dir='ltr'>gnovistis.</span> <span class='ocrx_word' id='word_1_579' title='bbox 2223 3471 2302 3526; x_wconf 94' lang='lat' dir='ltr'>De</span> <span class='ocrx_word' id='word_1_580' title='bbox 2334 3471 2551 3544; x_wconf 89' lang='lat' dir='ltr'>quibus</span> <span class='ocrx_word' id='word_1_581' title='bbox 2585 3471 2755 3544; x_wconf 87' lang='lat' dir='ltr'>plura</span> <span class='ocrx_word' id='word_1_582' title='bbox 2785 3472 3006 3529; x_wconf 89' lang='lat' dir='ltr'>scibere</span> <span class='ocrx_word' id='word_1_583' title='bbox 3028 3473 3371 3545; x_wconf 87' lang='lat' dir='ltr'>omittimus,</span> <span class='ocrx_word' id='word_1_584' title='bbox 3397 3491 3532 3532; x_wconf 90' lang='lat' dir='ltr'>cum</span> 
     </span>
    </p>
   </div>
   <div class='ocr_carea' id='block_1_81' title="bbox 1881 3560 3534 3636">
    <p class='ocr_par' dir='ltr' id='par_1_81' title="bbox 1881 3560 3534 3636">
     <span class='ocr_line' id='line_1_81' title="bbox 1881 3560 3534 3636; baseline 0.002 -20"><span class='ocrx_word' id='word_1_585' title='bbox 1881 3560 1944 3616; x_wconf 90' lang='lat' dir='ltr'>in</span> <span class='ocrx_word' id='word_1_586' title='bbox 1979 3560 2200 3633; x_wconf 66' lang='lat' dir='ltr'>praefati</span> <span class='ocrx_word' id='word_1_587' title='bbox 2227 3560 2332 3616; x_wconf 91' lang='lat' dir='ltr'>viri</span> <span class='ocrx_word' id='word_1_588' title='bbox 2367 3560 2616 3618; x_wconf 88' lang='lat' dir='ltr'>historia</span> <span class='ocrx_word' id='word_1_589' title='bbox 2647 3562 2718 3617; x_wconf 90' lang='lat' dir='ltr'>de</span> <span class='ocrx_word' id='word_1_590' title='bbox 2748 3561 2840 3616; x_wconf 89' lang='lat' dir='ltr'>his</span> <span class='ocrx_word' id='word_1_591' title='bbox 2873 3562 3152 3619; x_wconf 90' lang='lat' dir='ltr'>omnibus</span> <span class='ocrx_word' id='word_1_592' title='bbox 3181 3563 3347 3636; x_wconf 83' lang='lat' dir='ltr'>plene</span> <span class='ocrx_word' id='word_1_593' title='bbox 3388 3563 3534 3620; x_wconf 88' lang='lat' dir='ltr'>luci-</span> 
     </span>
    </p>
   </div>
   <div class='ocr_carea' id='block_1_82' title="bbox 1883 3649 2524 3723">
    <p class='ocr_par' dir='ltr' id='par_1_82' title="bbox 1883 3649 2524 3723">
     <span class='ocr_line' id='line_1_82' title="bbox 1883 3649 2524 3723; baseline -0.005 -16"><span class='ocrx_word' id='word_1_594' title='bbox 1883 3650 2070 3722; x_wconf 88' lang='lat' dir='ltr'>deque</span> <span class='ocrx_word' id='word_1_595' title='bbox 2100 3649 2393 3723; x_wconf 88' lang='lat' dir='ltr'>digestum</span> <span class='ocrx_word' id='word_1_596' title='bbox 2426 3649 2524 3706; x_wconf 88' lang='lat' dir='ltr'>sit.</span> 
     </span>
    </p>
   </div>
   <div class='ocr_carea' id='block_1_83' title="bbox 2479 3738 2935 3795">
    <p class='ocr_par' dir='ltr' id='par_1_83' title="bbox 2479 3738 2935 3795">
     <span class='ocr_line' id='line_1_83' title="bbox 2479 3738 2935 3795; baseline 0 -1"><span class='ocrx_word' id='word_1_597' title='bbox 2479 3738 2710 3794; x_wconf 86' lang='lat' dir='ltr'>CAPUT</span> <span class='ocrx_word' id='word_1_598' title='bbox 2749 3739 2935 3795; x_wconf 85' lang='lat' dir='ltr'><strong>XXIV.</strong></span> 
     </span>
    </p>
   </div>
   <div class='ocr_carea' id='block_1_84' title="bbox 1955 3827 3530 3900">
    <p class='ocr_par' dir='ltr' id='par_1_84' title="bbox 1955 3827 3530 3900">
     <span class='ocr_line' id='line_1_84' title="bbox 1955 3827 3530 3900; baseline 0.004 -18"><span class='ocrx_word' id='word_1_599' title='bbox 1955 3827 2106 3883; x_wconf 93' lang='lat' dir='ltr'>Illud</span> <span class='ocrx_word' id='word_1_600' title='bbox 2138 3843 2272 3883; x_wconf 91' lang='lat' dir='ltr'>vero</span> <span class='ocrx_word' id='word_1_601' title='bbox 2304 3827 2869 3900; x_wconf 79' lang='lat' dir='ltr'>praetermittendum</span> <span class='ocrx_word' id='word_1_602' title='bbox 2901 3829 3070 3886; x_wconf 89' lang='lat' dir='ltr'>nobis</span> <span class='ocrx_word' id='word_1_603' title='bbox 3103 3829 3266 3886; x_wconf 92' lang='lat' dir='ltr'>nulla</span> <span class='ocrx_word' id='word_1_604' title='bbox 3309 3831 3530 3888; x_wconf 89' lang='lat' dir='ltr'>ratione</span> 
     </span>
    </p>
   </div>
   <div class='ocr_carea' id='block_1_85' title="bbox 1881 3915 3532 3992">
    <p class='ocr_par' dir='ltr' id='par_1_85' title="bbox 1881 3915 3532 3992">
     <span class='ocr_line' id='line_1_85' title="bbox 1881 3915 3532 3992; baseline 0.001 -19"><span class='ocrx_word' id='word_1_605' title='bbox 1881 3915 2074 3973; x_wconf 90' lang='lat' dir='ltr'>visum</span> <span class='ocrx_word' id='word_1_606' title='bbox 2107 3919 2196 3972; x_wconf 89' lang='lat' dir='ltr'>est</span> <span class='ocrx_word' id='word_1_607' title='bbox 2227 3916 2382 3988; x_wconf 93' lang='lat' dir='ltr'>quod</span> <span class='ocrx_word' id='word_1_608' title='bbox 2416 3915 2753 3989; x_wconf 88' lang='lat' dir='ltr'>malignitas</span> <span class='ocrx_word' id='word_1_609' title='bbox 2783 3921 2974 3974; x_wconf 87' lang='lat' dir='ltr'>vestra</span> <span class='ocrx_word' id='word_1_610' title='bbox 3006 3918 3283 3974; x_wconf 82' lang='lat' dir='ltr'>conﬁnxit</span> <span class='ocrx_word' id='word_1_611' title='bbox 3316 3919 3386 3974; x_wconf 92' lang='lat' dir='ltr'>de</span> <span class='ocrx_word' id='word_1_612' title='bbox 3415 3920 3532 3992; x_wconf 92' lang='lat' dir='ltr'>epi-</span> 
     </span>
    </p>
   </div>
   <div class='ocr_carea' id='block_1_86' title="bbox 1887 4005 3530 4080">
    <p class='ocr_par' dir='ltr' id='par_1_86' title="bbox 1887 4005 3530 4080">
     <span class='ocr_line' id='line_1_86' title="bbox 1887 4005 3530 4080; baseline 0.001 -18"><span class='ocrx_word' id='word_1_613' title='bbox 1887 4005 2038 4062; x_wconf 88' lang='lat' dir='ltr'>stola</span> <span class='ocrx_word' id='word_1_614' title='bbox 2059 4005 2311 4077; x_wconf 89' lang='lat' dir='ltr'>quadam</span> <span class='ocrx_word' id='word_1_615' title='bbox 2341 4005 2412 4061; x_wconf 91' lang='lat' dir='ltr'>ad</span> <span class='ocrx_word' id='word_1_616' title='bbox 2438 4005 2895 4076; x_wconf 88' lang='lat' dir='ltr'>corrumpendos</span> <span class='ocrx_word' id='word_1_617' title='bbox 2919 4005 3115 4062; x_wconf 91' lang='lat' dir='ltr'>minus</span> <span class='ocrx_word' id='word_1_618' title='bbox 3137 4005 3530 4080; x_wconf 89' lang='lat' dir='ltr'>intelligentes</span> 
     </span>
    </p>
   </div>
   <div class='ocr_carea' id='block_1_87' title="bbox 1886 4093 3532 4167">
    <p class='ocr_par' dir='ltr' id='par_1_87' title="bbox 1886 4093 3532 4167">
     <span class='ocr_line' id='line_1_87' title="bbox 1886 4093 3532 4167; baseline 0.001 -17"><span class='ocrx_word' id='word_1_619' title='bbox 1886 4095 1947 4150; x_wconf 91' lang='lat' dir='ltr'>in</span> <span class='ocrx_word' id='word_1_620' title='bbox 1996 4094 2268 4150; x_wconf 90' lang='lat' dir='ltr'>eumdem</span> <span class='ocrx_word' id='word_1_621' title='bbox 2319 4098 2589 4149; x_wconf 88' lang='lat' dir='ltr'>sanctum</span> <span class='ocrx_word' id='word_1_622' title='bbox 2622 4093 2964 4166; x_wconf 87' lang='lat' dir='ltr'>Gregorium</span> <span class='ocrx_word' id='word_1_623' title='bbox 2996 4096 3340 4167; x_wconf 90' lang='lat' dir='ltr'>composita,</span> <span class='ocrx_word' id='word_1_624' title='bbox 3371 4101 3428 4152; x_wconf 90' lang='lat' dir='ltr'>et</span> <span class='ocrx_word' id='word_1_625' title='bbox 3457 4096 3532 4152; x_wconf 87' lang='lat' dir='ltr'>ad</span> 
     </span>
    </p>
   </div>
   <div class='ocr_carea' id='block_1_88' title="bbox 1887 4181 3537 4257">
    <p class='ocr_par' dir='ltr' id='par_1_88' title="bbox 1887 4181 3537 4257">
     <span class='ocr_line' id='line_1_88' title="bbox 1887 4181 3537 4257; baseline 0.001 -18"><span class='ocrx_word' id='word_1_626' title='bbox 1887 4183 2383 4257; x_wconf 90' lang='lat' dir='ltr'>persuadendum,</span> <span class='ocrx_word' id='word_1_627' title='bbox 2405 4187 2460 4238; x_wconf 90' lang='lat' dir='ltr'>et</span> <span class='ocrx_word' id='word_1_628' title='bbox 2476 4181 2859 4256; x_wconf 85' lang='lat' dir='ltr'>ingerendum</span> <span class='ocrx_word' id='word_1_629' title='bbox 2884 4183 3076 4240; x_wconf 90' lang='lat' dir='ltr'>scelus</span> <span class='ocrx_word' id='word_1_630' title='bbox 3096 4188 3354 4241; x_wconf 89' lang='lat' dir='ltr'>vestrum</span> <span class='ocrx_word' id='word_1_631' title='bbox 3378 4202 3537 4241; x_wconf 91' lang='lat' dir='ltr'>men-</span> 
     </span>
    </p>
   </div>
   <div class='ocr_carea' id='block_1_89' title="bbox 1887 4271 3534 4345">
    <p class='ocr_par' dir='ltr' id='par_1_89' title="bbox 1887 4271 3534 4345">
     <span class='ocr_line' id='line_1_89' title="bbox 1887 4271 3534 4345; baseline 0.001 -17"><span class='ocrx_word' id='word_1_632' title='bbox 1887 4273 2048 4329; x_wconf 85' lang='lat' dir='ltr'>tibus</span> <span class='ocrx_word' id='word_1_633' title='bbox 2079 4271 2463 4344; x_wconf 80' lang='lat' dir='ltr'>simplicium,</span> <span class='ocrx_word' id='word_1_634' title='bbox 2499 4271 2666 4343; x_wconf 90' lang='lat' dir='ltr'>quasi</span> <span class='ocrx_word' id='word_1_635' title='bbox 2697 4273 2852 4344; x_wconf 91' lang='lat' dir='ltr'>quod</span> <span class='ocrx_word' id='word_1_636' title='bbox 2884 4272 3080 4345; x_wconf 87' lang='lat' dir='ltr'>agitis,</span> <span class='ocrx_word' id='word_1_637' title='bbox 3113 4289 3183 4328; x_wconf 83' lang='lat' dir='ltr'>ex</span> <span class='ocrx_word' id='word_1_638' title='bbox 3238 4273 3534 4345; x_wconf 70' lang='lat' dir='ltr'>aequitatis</span> 
     </span>
    </p>
   </div>
   <div class='ocr_carea' id='block_1_90' title="bbox 120 4358 3533 4448">
    <p class='ocr_par' dir='ltr' id='par_1_90' title="bbox 120 4358 3533 4448">
     <span class='ocr_line' id='line_1_90' title="bbox 120 4358 3533 4448; baseline -0.002 -22"><span class='ocrx_word' id='word_1_639' title='bbox 120 4377 244 4426; x_wconf 84' lang='lat' dir='ltr'>est:</span> <span class='ocrx_word' id='word_1_640' title='bbox 281 4371 393 4424; x_wconf 87' lang='lat' dir='ltr'>aut</span> <span class='ocrx_word' id='word_1_641' title='bbox 422 4381 550 4430; x_wconf 90' lang='lat' dir='ltr'>vos,</span> <span class='ocrx_word' id='word_1_642' title='bbox 585 4361 636 4418; x_wconf 89' lang='lat' dir='ltr'>si</span> <span class='ocrx_word' id='word_1_643' title='bbox 664 4377 866 4418; x_wconf 90' lang='lat' dir='ltr'>verum</span> <span class='ocrx_word' id='word_1_644' title='bbox 900 4360 1176 4421; x_wconf 89' lang='lat' dir='ltr'>dicimus.</span> <span class='ocrx_word' id='word_1_645' title='bbox 1209 4365 1492 4433; x_wconf 88' lang='lat' dir='ltr'>tanquam</span> <span class='ocrx_word' id='word_1_646' title='bbox 1525 4360 1627 4433; x_wconf 91' lang='lat' dir='ltr'>qui</span> <span class='ocrx_word' id='word_1_647' title='bbox 1658 4379 1780 4434; x_wconf 89' lang='lat' dir='ltr'>per-</span> <span class='ocrx_word' id='word_1_648' title='bbox 1811 4385 1855 4448; x_wconf 68' lang='grc' dir='ltr'>Ι)</span> <span class='ocrx_word' id='word_1_649' title='bbox 1886 4359 2008 4417; x_wconf 93' lang='lat' dir='ltr'>zelo</span> <span class='ocrx_word' id='word_1_650' title='bbox 2057 4377 2173 4416; x_wconf 91' lang='lat' dir='ltr'>non</span> <span class='ocrx_word' id='word_1_651' title='bbox 2222 4369 2290 4416; x_wconf 73' lang='lat' dir='ltr'>ex</span> <span class='ocrx_word' id='word_1_652' title='bbox 2338 4360 2455 4415; x_wconf 89' lang='lat' dir='ltr'>odii</span> <span class='ocrx_word' id='word_1_653' title='bbox 2509 4358 2762 4416; x_wconf 88' lang='lat' dir='ltr'>falsitate</span> <span class='ocrx_word' id='word_1_654' title='bbox 2815 4362 3110 4432; x_wconf 88' lang='lat' dir='ltr'>procedat,</span> <span class='ocrx_word' id='word_1_655' title='bbox 3141 4377 3244 4432; x_wconf 92' lang='lat' dir='ltr'>per</span> <span class='ocrx_word' id='word_1_656' title='bbox 3274 4361 3533 4418; x_wconf 91' lang='lat' dir='ltr'>diversas</span> 
     </span>
    </p>
   </div>
   <div class='ocr_carea' id='block_1_91' title="bbox 121 4448 1780 4521">
    <p class='ocr_par' dir='ltr' id='par_1_91' title="bbox 121 4448 1780 4521">
     <span class='ocr_line' id='line_1_91' title="bbox 121 4448 1780 4521; baseline -0.007 -6"><span class='ocrx_word' id='word_1_657' title='bbox 121 4455 529 4515; x_wconf 88' lang='lat' dir='ltr'>niciosissime</span> <span class='ocrx_word' id='word_1_658' title='bbox 558 4448 860 4507; x_wconf 89' lang='lat' dir='ltr'>diabolum</span> <span class='ocrx_word' id='word_1_659' title='bbox 893 4465 998 4521; x_wconf 89' lang='lat' dir='ltr'>pro</span> <span class='ocrx_word' id='word_1_660' title='bbox 1027 4449 1254 4504; x_wconf 88' lang='lat' dir='ltr'>Christo</span> <span class='ocrx_word' id='word_1_661' title='bbox 1285 4448 1504 4517; x_wconf 89' lang='lat' dir='ltr'>colunt,</span> <span class='ocrx_word' id='word_1_662' title='bbox 1537 4449 1780 4504; x_wconf 89' lang='lat' dir='ltr'>indissi-</span> 
     </span>
    </p>
   </div>
   <div class='ocr_carea' id='block_1_92' title="bbox 122 4537 1784 4606">
    <p class='ocr_par' dir='ltr' id='par_1_92' title="bbox 122 4537 1784 4606">
     <span class='ocr_line' id='line_1_92' title="bbox 122 4537 1784 4606; baseline -0.007 -1"><span class='ocrx_word' id='word_1_663' title='bbox 122 4543 397 4604; x_wconf 87' lang='lat' dir='ltr'>mulabili</span> <span class='ocrx_word' id='word_1_664' title='bbox 431 4538 919 4599; x_wconf 87' lang='lat' dir='ltr'>condemnatione</span> <span class='ocrx_word' id='word_1_665' title='bbox 949 4537 1130 4593; x_wconf 88' lang='lat' dir='ltr'>teneri</span> <span class='ocrx_word' id='word_1_666' title='bbox 1157 4555 1171 4606; x_wconf 89' lang='lat'><strong>;</strong></span> <span class='ocrx_word' id='word_1_667' title='bbox 1205 4541 1305 4594; x_wconf 91' lang='lat' dir='ltr'>aut</span> <span class='ocrx_word' id='word_1_668' title='bbox 1336 4555 1463 4606; x_wconf 91' lang='lat' dir='ltr'>nos,</span> <span class='ocrx_word' id='word_1_669' title='bbox 1497 4537 1545 4594; x_wconf 89' lang='lat' dir='ltr'>si</span> <span class='ocrx_word' id='word_1_670' title='bbox 1578 4538 1784 4594; x_wconf 85' lang='lat' dir='ltr'>menti-</span> 
     </span>
    </p>
   </div>
   <div class='ocr_carea' id='block_1_93' title="bbox 123 4624 1783 4702">
    <p class='ocr_par' dir='ltr' id='par_1_93' title="bbox 123 4624 1783 4702">
     <span class='ocr_line' id='line_1_93' title="bbox 123 4624 1783 4702; baseline -0.007 -9"><span class='ocrx_word' id='word_1_671' title='bbox 123 4655 280 4702; x_wconf 89' lang='lat' dir='ltr'>mur,</span> <span class='ocrx_word' id='word_1_672' title='bbox 315 4626 678 4689; x_wconf 88' lang='lat' dir='ltr'>intolerabili</span> <span class='ocrx_word' id='word_1_673' title='bbox 707 4630 766 4682; x_wconf 88' lang='lat' dir='ltr'>et</span> <span class='ocrx_word' id='word_1_674' title='bbox 793 4624 972 4682; x_wconf 89' lang='lat' dir='ltr'>nimis</span> <span class='ocrx_word' id='word_1_675' title='bbox 1001 4625 1204 4682; x_wconf 89' lang='lat' dir='ltr'>odiosa</span> <span class='ocrx_word' id='word_1_676' title='bbox 1233 4643 1412 4699; x_wconf 90' lang='lat' dir='ltr'>super</span> <span class='ocrx_word' id='word_1_677' title='bbox 1455 4626 1783 4682; x_wconf 87' lang='lat' dir='ltr'>innocentis</span> 
     </span>
    </p>
   </div>
   <div class='ocr_carea' id='block_1_94' title="bbox 123 4715 1780 4800">
    <p class='ocr_par' dir='ltr' id='par_1_94' title="bbox 123 4715 1780 4800">
     <span class='ocr_line' id='line_1_94' title="bbox 123 4715 1780 4800; baseline -0.007 -18"><span class='ocrx_word' id='word_1_678' title='bbox 123 4719 476 4800; x_wconf 60' lang='lat' dir='ltr'>prejudicio</span> <span class='ocrx_word' id='word_1_679' title='bbox 505 4716 962 4791; x_wconf 68' lang='lat' dir='ltr'>praesumptione</span> <span class='ocrx_word' id='word_1_680' title='bbox 991 4715 1211 4772; x_wconf 91' lang='lat' dir='ltr'>seduci.</span> <span class='ocrx_word' id='word_1_681' title='bbox 1244 4715 1447 4771; x_wconf 84' lang='lat' dir='ltr'>Restat</span> <span class='ocrx_word' id='word_1_682' title='bbox 1471 4715 1668 4787; x_wconf 87' lang='lat' dir='ltr'>itaque</span> <span class='ocrx_word' id='word_1_683' title='bbox 1697 4720 1780 4785; x_wconf 91' lang='lat' dir='ltr'>ut,</span> 
     </span>
    </p>
   </div>
   <div class='ocr_carea' id='block_1_95' title="bbox 124 4803 1784 4887">
    <p class='ocr_par' dir='ltr' id='par_1_95' title="bbox 124 4803 1784 4887">
     <span class='ocr_line' id='line_1_95' title="bbox 124 4803 1784 4887; baseline -0.007 -15"><span class='ocrx_word' id='word_1_684' title='bbox 124 4833 192 4872; x_wconf 89' lang='lat' dir='ltr'>eo</span> <span class='ocrx_word' id='word_1_685' title='bbox 223 4812 482 4887; x_wconf 85' lang='lat' dir='ltr'>probato</span> <span class='ocrx_word' id='word_1_686' title='bbox 508 4806 662 4880; x_wconf 88' lang='lat' dir='ltr'>quod</span> <span class='ocrx_word' id='word_1_687' title='bbox 694 4803 1028 4876; x_wconf 88' lang='lat' dir='ltr'>objicimus,</span> <span class='ocrx_word' id='word_1_688' title='bbox 1061 4808 1164 4860; x_wconf 90' lang='lat' dir='ltr'>aut</span> <span class='ocrx_word' id='word_1_689' title='bbox 1194 4805 1355 4860; x_wconf 80' lang='lat' dir='ltr'>furor</span> <span class='ocrx_word' id='word_1_690' title='bbox 1382 4808 1438 4860; x_wconf 90' lang='lat' dir='ltr'>et</span> <span class='ocrx_word' id='word_1_691' title='bbox 1456 4803 1784 4877; x_wconf 89' lang='lat' dir='ltr'>indignatio</span> 
     </span>
    </p>
   </div>
   <div class='ocr_carea' id='block_1_96' title="bbox 125 4891 1787 4970">
    <p class='ocr_par' dir='ltr' id='par_1_96' title="bbox 125 4891 1787 4970">
     <span class='ocr_line' id='line_1_96' title="bbox 125 4891 1787 4970; baseline -0.005 -11"><span class='ocrx_word' id='word_1_692' title='bbox 125 4903 230 4960; x_wconf 88' lang='lat' dir='ltr'>Dei</span> <span class='ocrx_word' id='word_1_693' title='bbox 281 4916 391 4956; x_wconf 86' lang='lat' dir='ltr'>vos</span> <span class='ocrx_word' id='word_1_694' title='bbox 439 4897 878 4970; x_wconf 87' lang='lat' dir='ltr'>perseverantes</span> <span class='ocrx_word' id='word_1_695' title='bbox 928 4891 1222 4964; x_wconf 88' lang='lat' dir='ltr'>corripiat.</span> <span class='ocrx_word' id='word_1_696' title='bbox 1256 4896 1356 4948; x_wconf 91' lang='lat' dir='ltr'>aut</span> <span class='ocrx_word' id='word_1_697' title='bbox 1386 4891 1787 4950; x_wconf 89' lang='lat' dir='ltr'>misericordia</span> 
     </span>
    </p>
   </div>
   <div class='ocr_carea' id='block_1_97' title="bbox 128 4981 1786 5064">
    <p class='ocr_par' dir='ltr' id='par_1_97' title="bbox 128 4981 1786 5064">
     <span class='ocr_line' id='line_1_97' title="bbox 128 4981 1786 5064; baseline -0.006 -15"><span class='ocrx_word' id='word_1_698' title='bbox 128 4988 414 5064; x_wconf 83' lang='lat' dir='ltr'>respiciat</span> <span class='ocrx_word' id='word_1_699' title='bbox 447 4983 817 5059; x_wconf 68' lang='lat' dir='ltr'>paenitentes.</span> <span class='ocrx_word' id='word_1_700' title='bbox 851 4981 984 5048; x_wconf 91' lang='lat' dir='ltr'>Sed,</span> <span class='ocrx_word' id='word_1_701' title='bbox 1017 4986 1084 5037; x_wconf 92' lang='lat' dir='ltr'>ut</span> <span class='ocrx_word' id='word_1_702' title='bbox 1104 4982 1448 5049; x_wconf 88' lang='lat' dir='ltr'>existamus,</span> <span class='ocrx_word' id='word_1_703' title='bbox 1473 4981 1670 5038; x_wconf 90' lang='lat' dir='ltr'>nullus</span> <span class='ocrx_word' id='word_1_704' title='bbox 1690 5000 1786 5040; x_wconf 89' lang='lat' dir='ltr'>ve-</span> 
     </span>
    </p>
   </div>
   <div class='ocr_carea' id='block_1_98' title="bbox 129 5070 1787 5150">
    <p class='ocr_par' dir='ltr' id='par_1_98' title="bbox 129 5070 1787 5150">
     <span class='ocr_line' id='line_1_98' title="bbox 129 5070 1787 5150; baseline -0.005 -13"><span class='ocrx_word' id='word_1_705' title='bbox 129 5087 326 5138; x_wconf 85' lang='lat' dir='ltr'>strum</span> <span class='ocrx_word' id='word_1_706' title='bbox 360 5075 462 5150; x_wconf 80' lang='lat' dir='ltr'>qui</span> <span class='ocrx_word' id='word_1_707' title='bbox 493 5073 682 5148; x_wconf 88' lang='lat' dir='ltr'>ipsius</span> <span class='ocrx_word' id='word_1_708' title='bbox 711 5070 1103 5145; x_wconf 88' lang='lat' dir='ltr'>patrocinium</span> <span class='ocrx_word' id='word_1_709' title='bbox 1135 5070 1498 5142; x_wconf 89' lang='lat' dir='ltr'>suscepistis,</span> <span class='ocrx_word' id='word_1_710' title='bbox 1532 5071 1674 5128; x_wconf 92' lang='lat' dir='ltr'>adeo</span> <span class='ocrx_word' id='word_1_711' title='bbox 1705 5076 1787 5129; x_wconf 87' lang='lat' dir='ltr'>at-</span> 
     </span>
    </p>
   </div>
   <div class='ocr_carea' id='block_1_99' title="bbox 131 5157 1786 5233">
    <p class='ocr_par' dir='ltr' id='par_1_99' title="bbox 131 5157 1786 5233">
     <span class='ocr_line' id='line_1_99' title="bbox 131 5157 1786 5233; baseline -0.006 -7"><span class='ocrx_word' id='word_1_712' title='bbox 131 5168 284 5226; x_wconf 70' lang='lat' dir='ltr'>trita:</span> <span class='ocrx_word' id='word_1_713' title='bbox 316 5163 530 5221; x_wconf 80' lang='lat' dir='ltr'>frontis</span> <span class='ocrx_word' id='word_1_714' title='bbox 559 5161 672 5218; x_wconf 87' lang='lat' dir='ltr'>erit</span> <span class='ocrx_word' id='word_1_715' title='bbox 699 5163 767 5217; x_wconf 87' lang='lat' dir='ltr'>ut</span> <span class='ocrx_word' id='word_1_716' title='bbox 794 5159 948 5233; x_wconf 90' lang='lat' dir='ltr'>quod</span> <span class='ocrx_word' id='word_1_717' title='bbox 979 5159 1051 5215; x_wconf 90' lang='lat' dir='ltr'>de</span> <span class='ocrx_word' id='word_1_718' title='bbox 1081 5158 1380 5215; x_wconf 89' lang='lat' dir='ltr'>invasione</span> <span class='ocrx_word' id='word_1_719' title='bbox 1411 5157 1643 5228; x_wconf 89' lang='lat' dir='ltr'>dicitur,</span> <span class='ocrx_word' id='word_1_720' title='bbox 1677 5177 1786 5216; x_wconf 90' lang='lat' dir='ltr'>au-</span> 
     </span>
    </p>
   </div>
   <div class='ocr_carea' id='block_1_100' title="bbox 133 5246 1786 5320">
    <p class='ocr_par' dir='ltr' id='par_1_100' title="bbox 133 5246 1786 5320">
     <span class='ocr_line' id='line_1_100' title="bbox 133 5246 1786 5320; baseline -0.004 -6"><span class='ocrx_word' id='word_1_721' title='bbox 133 5259 270 5314; x_wconf 79' lang='lat' dir='ltr'>deat</span> <span class='ocrx_word' id='word_1_722' title='bbox 298 5251 561 5320; x_wconf 81' lang='lat' dir='ltr'>diffiteri,</span> <span class='ocrx_word' id='word_1_723' title='bbox 595 5266 731 5308; x_wconf 89' lang='lat' dir='ltr'>cum</span> <span class='ocrx_word' id='word_1_724' title='bbox 760 5248 1068 5305; x_wconf 89' lang='lat' dir='ltr'>universus</span> <span class='ocrx_word' id='word_1_725' title='bbox 1098 5263 1246 5320; x_wconf 91' lang='lat' dir='ltr'>pene</span> <span class='ocrx_word' id='word_1_726' title='bbox 1274 5246 1575 5304; x_wconf 83' lang='lat' dir='ltr'>Romanus</span> <span class='ocrx_word' id='word_1_727' title='bbox 1628 5249 1786 5308; x_wconf 91' lang='lat' dir='ltr'>orbis</span> 
     </span>
    </p>
   </div>
   <div class='ocr_carea' id='block_1_101' title="bbox 133 5332 1786 5410">
    <p class='ocr_par' dir='ltr' id='par_1_101' title="bbox 133 5332 1786 5410">
     <span class='ocr_line' id='line_1_101' title="bbox 133 5332 1786 5410; baseline -0.005 -8"><span class='ocrx_word' id='word_1_728' title='bbox 133 5345 228 5402; x_wconf 82' lang='lat' dir='ltr'>his</span> <span class='ocrx_word' id='word_1_729' title='bbox 253 5341 438 5401; x_wconf 76' lang='lat' dir='ltr'>veluti</span> <span class='ocrx_word' id='word_1_730' title='bbox 471 5337 793 5397; x_wconf 78' lang='lat' dir='ltr'>diﬁ&#39;amatis</span> <span class='ocrx_word' id='word_1_731' title='bbox 817 5341 875 5394; x_wconf 90' lang='lat' dir='ltr'>et</span> <span class='ocrx_word' id='word_1_732' title='bbox 900 5335 1138 5410; x_wconf 88' lang='lat' dir='ltr'>publica</span> <span class='ocrx_word' id='word_1_733' title='bbox 1167 5332 1377 5391; x_wconf 88' lang='lat' dir='ltr'>notitia</span> <span class='ocrx_word' id='word_1_734' title='bbox 1399 5335 1679 5394; x_wconf 88' lang='lat' dir='ltr'>convictis</span> <span class='ocrx_word' id='word_1_735' title='bbox 1701 5341 1786 5393; x_wconf 90' lang='lat' dir='ltr'>at-</span> 
     </span>
    </p>
   </div>
   <div class='ocr_carea' id='block_1_102' title="bbox 138 5423 1786 5504">
    <p class='ocr_par' dir='ltr' id='par_1_102' title="bbox 138 5423 1786 5504">
     <span class='ocr_line' id='line_1_102' title="bbox 138 5423 1786 5504; baseline -0.005 -13"><span class='ocrx_word' id='word_1_736' title='bbox 138 5438 403 5494; x_wconf 66' lang='lat' dir='ltr'>testatur.</span> <span class='ocrx_word' id='word_1_737' title='bbox 437 5430 587 5490; x_wconf 84' lang='lat' dir='ltr'>Cum</span> <span class='ocrx_word' id='word_1_738' title='bbox 618 5426 804 5504; x_wconf 86' lang='lat' dir='ltr'>igitur</span> <span class='ocrx_word' id='word_1_739' title='bbox 827 5424 1264 5502; x_wconf 86' lang='lat' dir='ltr'>protervitatem</span> <span class='ocrx_word' id='word_1_740' title='bbox 1292 5425 1542 5480; x_wconf 88' lang='lat' dir='ltr'>vestram</span> <span class='ocrx_word' id='word_1_741' title='bbox 1572 5423 1632 5481; x_wconf 93' lang='lat' dir='ltr'>in</span> <span class='ocrx_word' id='word_1_742' title='bbox 1675 5425 1786 5483; x_wconf 89' lang='lat' dir='ltr'>hoc</span> 
     </span>
    </p>
   </div>
   <div class='ocr_carea' id='block_1_103' title="bbox 1889 4448 3531 4522">
    <p class='ocr_par' dir='ltr' id='par_1_103' title="bbox 1889 4448 3531 4522">
     <span class='ocr_line' id='line_1_103' title="bbox 1889 4448 3531 4522; baseline 0.001 -17"><span class='ocrx_word' id='word_1_743' title='bbox 1889 4454 2084 4522; x_wconf 88' lang='lat' dir='ltr'>partes</span> <span class='ocrx_word' id='word_1_744' title='bbox 2114 4449 2276 4521; x_wconf 90' lang='lat' dir='ltr'>regni</span> <span class='ocrx_word' id='word_1_745' title='bbox 2309 4448 2548 4516; x_wconf 90' lang='lat' dir='ltr'>directa,</span> <span class='ocrx_word' id='word_1_746' title='bbox 2583 4453 2649 4503; x_wconf 91' lang='lat' dir='ltr'>ut</span> <span class='ocrx_word' id='word_1_747' title='bbox 2678 4449 2977 4504; x_wconf 89' lang='lat' dir='ltr'>indiscreti</span> <span class='ocrx_word' id='word_1_748' title='bbox 3003 4449 3270 4506; x_wconf 91' lang='lat' dir='ltr'>homines</span> <span class='ocrx_word' id='word_1_749' title='bbox 3291 4449 3390 4521; x_wconf 91' lang='lat' dir='ltr'>qui</span> <span class='ocrx_word' id='word_1_750' title='bbox 3414 4467 3531 4506; x_wconf 91' lang='lat' dir='ltr'>non</span> 
     </span>
    </p>
   </div>
   <div class='ocr_carea' id='block_1_104' title="bbox 1890 4536 3538 4610">
    <p class='ocr_par' dir='ltr' id='par_1_104' title="bbox 1890 4536 3538 4610">
     <span class='ocr_line' id='line_1_104' title="bbox 1890 4536 3538 4610; baseline 0 -16"><span class='ocrx_word' id='word_1_751' title='bbox 1890 4538 2212 4610; x_wconf 88' lang='lat' dir='ltr'>recogitant</span> <span class='ocrx_word' id='word_1_752' title='bbox 2241 4541 2439 4592; x_wconf 90' lang='lat' dir='ltr'>utrum</span> <span class='ocrx_word' id='word_1_753' title='bbox 2471 4537 2548 4592; x_wconf 88' lang='lat' dir='ltr'>sit</span> <span class='ocrx_word' id='word_1_754' title='bbox 2577 4536 2730 4592; x_wconf 90' lang='lat' dir='ltr'>sicut</span> <span class='ocrx_word' id='word_1_755' title='bbox 2759 4537 2991 4606; x_wconf 88' lang='lat' dir='ltr'>dicitur,</span> <span class='ocrx_word' id='word_1_756' title='bbox 3025 4538 3127 4593; x_wconf 91' lang='lat' dir='ltr'>sed</span> <span class='ocrx_word' id='word_1_757' title='bbox 3159 4538 3406 4594; x_wconf 91' lang='lat' dir='ltr'>credunt</span> <span class='ocrx_word' id='word_1_758' title='bbox 3455 4538 3538 4594; x_wconf 90' lang='lat' dir='ltr'>ita</span> 
     </span>
    </p>
   </div>
   <div class='ocr_carea' id='block_1_105' title="bbox 1891 4624 3540 4698">
    <p class='ocr_par' dir='ltr' id='par_1_105' title="bbox 1891 4624 3540 4698">
     <span class='ocr_line' id='line_1_105' title="bbox 1891 4624 3540 4698; baseline 0 -16"><span class='ocrx_word' id='word_1_759' title='bbox 1891 4642 2020 4682; x_wconf 90' lang='lat' dir='ltr'>esse</span> <span class='ocrx_word' id='word_1_760' title='bbox 2051 4626 2200 4698; x_wconf 92' lang='lat' dir='ltr'>quod</span> <span class='ocrx_word' id='word_1_761' title='bbox 2236 4624 2318 4681; x_wconf 91' lang='lat' dir='ltr'>sic</span> <span class='ocrx_word' id='word_1_762' title='bbox 2349 4625 2646 4693; x_wconf 90' lang='lat' dir='ltr'>scribitur,</span> <span class='ocrx_word' id='word_1_763' title='bbox 2681 4627 2954 4696; x_wconf 89' lang='lat' dir='ltr'>adjuvent</span> <span class='ocrx_word' id='word_1_764' title='bbox 2983 4630 3178 4698; x_wconf 91' lang='lat' dir='ltr'>partes</span> <span class='ocrx_word' id='word_1_765' title='bbox 3205 4629 3446 4694; x_wconf 89' lang='lat' dir='ltr'>vestras,</span> <span class='ocrx_word' id='word_1_766' title='bbox 3481 4631 3540 4682; x_wconf 91' lang='lat' dir='ltr'>et</span> 
     </span>
    </p>
   </div>
   <div class='ocr_carea' id='block_1_106' title="bbox 1893 4713 3537 4787">
    <p class='ocr_par' dir='ltr' id='par_1_106' title="bbox 1893 4713 3537 4787">
     <span class='ocr_line' id='line_1_106' title="bbox 1893 4713 3537 4787; baseline 0.001 -17"><span class='ocrx_word' id='word_1_767' title='bbox 1893 4713 2332 4770; x_wconf 90' lang='lat' dir='ltr'>mendaciorum</span> <span class='ocrx_word' id='word_1_768' title='bbox 2365 4731 2491 4786; x_wconf 70' lang='lat' dir='ltr'>quae</span> <span class='ocrx_word' id='word_1_769' title='bbox 2523 4713 2826 4770; x_wconf 87' lang='lat' dir='ltr'>intenditis</span> <span class='ocrx_word' id='word_1_770' title='bbox 2856 4714 3094 4772; x_wconf 90' lang='lat' dir='ltr'>horrore</span> <span class='ocrx_word' id='word_1_771' title='bbox 3111 4715 3537 4787; x_wconf 84' lang='lat' dir='ltr'>permotiinau-</span> 
     </span>
    </p>
   </div>
   <div class='ocr_carea' id='block_1_107' title="bbox 1893 4803 3536 4879">
    <p class='ocr_par' dir='ltr' id='par_1_107' title="bbox 1893 4803 3536 4879">
     <span class='ocr_line' id='line_1_107' title="bbox 1893 4803 3536 4879; baseline 0.001 -20"><span class='ocrx_word' id='word_1_772' title='bbox 1893 4803 2073 4859; x_wconf 89' lang='lat' dir='ltr'>ditam</span> <span class='ocrx_word' id='word_1_773' title='bbox 2093 4803 2762 4879; x_wconf 23' lang='lat' dir='ltr'>crudelitatem&#39;vestram</span> <span class='ocrx_word' id='word_1_774' title='bbox 2789 4804 3179 4860; x_wconf 88' lang='lat' dir='ltr'>excusabilem</span> <span class='ocrx_word' id='word_1_775' title='bbox 3201 4804 3536 4878; x_wconf 89' lang='lat' dir='ltr'>opinentur.</span> 
     </span>
    </p>
   </div>
   <div class='ocr_carea' id='block_1_108' title="bbox 1894 4891 3541 4966">
    <p class='ocr_par' dir='ltr' id='par_1_108' title="bbox 1894 4891 3541 4966">
     <span class='ocr_line' id='line_1_108' title="bbox 1894 4891 3541 4966; baseline 0.002 -18"><span class='ocrx_word' id='word_1_776' title='bbox 1894 4895 1959 4948; x_wconf 90' lang='lat' dir='ltr'>In</span> <span class='ocrx_word' id='word_1_777' title='bbox 2010 4910 2126 4964; x_wconf 90' lang='lat' dir='ltr'>qua</span> <span class='ocrx_word' id='word_1_778' title='bbox 2175 4891 2464 4964; x_wconf 90' lang='lat' dir='ltr'>liquidum</span> <span class='ocrx_word' id='word_1_779' title='bbox 2512 4897 2602 4948; x_wconf 91' lang='lat' dir='ltr'>est</span> <span class='ocrx_word' id='word_1_780' title='bbox 2631 4897 2785 4948; x_wconf 92' lang='lat' dir='ltr'>recte</span> <span class='ocrx_word' id='word_1_781' title='bbox 2817 4894 3086 4966; x_wconf 86' lang='lat' dir='ltr'>sapienti,</span> <span class='ocrx_word' id='word_1_782' title='bbox 3118 4895 3271 4966; x_wconf 91' lang='lat' dir='ltr'>quod</span> <span class='ocrx_word' id='word_1_783' title='bbox 3306 4912 3406 4951; x_wconf 89' lang='lat' dir='ltr'>vos</span> <span class='ocrx_word' id='word_1_784' title='bbox 3437 4911 3541 4966; x_wconf 89' lang='lat' dir='ltr'>per</span> 
     </span>
    </p>
   </div>
   <div class='ocr_carea' id='block_1_109' title="bbox 1897 4981 3541 5056">
    <p class='ocr_par' dir='ltr' id='par_1_109' title="bbox 1897 4981 3541 5056">
     <span class='ocr_line' id='line_1_109' title="bbox 1897 4981 3541 5056; baseline 0.002 -20"><span class='ocrx_word' id='word_1_785' title='bbox 1897 4997 2147 5054; x_wconf 89' lang='lat' dir='ltr'>quorum</span> <span class='ocrx_word' id='word_1_786' title='bbox 2197 4997 2298 5036; x_wconf 88' lang='lat' dir='ltr'>ora</span> <span class='ocrx_word' id='word_1_787' title='bbox 2345 4984 2508 5053; x_wconf 89' lang='lat' dir='ltr'>pater</span> <span class='ocrx_word' id='word_1_788' title='bbox 2555 4981 2843 5038; x_wconf 90' lang='lat' dir='ltr'>mendacii</span> <span class='ocrx_word' id='word_1_789' title='bbox 2893 4999 2961 5038; x_wconf 87' lang='lat' dir='ltr'>ex</span> <span class='ocrx_word' id='word_1_790' title='bbox 3009 4983 3261 5056; x_wconf 89' lang='lat' dir='ltr'>propriis</span> <span class='ocrx_word' id='word_1_791' title='bbox 3308 4983 3541 5040; x_wconf 90' lang='lat' dir='ltr'>locutus</span> 
     </span>
    </p>
   </div>
   <div class='ocr_carea' id='block_1_110' title="bbox 1895 5067 3541 5143">
    <p class='ocr_par' dir='ltr' id='par_1_110' title="bbox 1895 5067 3541 5143">
     <span class='ocr_line' id='line_1_110' title="bbox 1895 5067 3541 5143; baseline 0.001 -17"><span class='ocrx_word' id='word_1_792' title='bbox 1895 5073 2004 5142; x_wconf 91' lang='lat' dir='ltr'>est,</span> <span class='ocrx_word' id='word_1_793' title='bbox 2054 5086 2123 5126; x_wconf 87' lang='lat' dir='ltr'>ex</span> <span class='ocrx_word' id='word_1_794' title='bbox 2171 5073 2335 5141; x_wconf 89' lang='lat' dir='ltr'>patre</span> <span class='ocrx_word' id='word_1_795' title='bbox 2385 5067 2612 5124; x_wconf 89' lang='lat' dir='ltr'>diabolo</span> <span class='ocrx_word' id='word_1_796' title='bbox 2664 5070 2825 5138; x_wconf 89' lang='lat' dir='ltr'>estis,</span> <span class='ocrx_word' id='word_1_797' title='bbox 2880 5071 2979 5143; x_wconf 91' lang='lat' dir='ltr'>qui</span> <span class='ocrx_word' id='word_1_798' title='bbox 3031 5072 3089 5126; x_wconf 89' lang='lat' dir='ltr'>in</span> <span class='ocrx_word' id='word_1_799' title='bbox 3137 5071 3380 5127; x_wconf 89' lang='lat' dir='ltr'>veritate</span> <span class='ocrx_word' id='word_1_800' title='bbox 3423 5089 3541 5127; x_wconf 92' lang='lat' dir='ltr'>non</span> 
     </span>
    </p>
   </div>
   <div class='ocr_carea' id='block_1_111' title="bbox 1896 5157 3544 5232">
    <p class='ocr_par' dir='ltr' id='par_1_111' title="bbox 1896 5157 3544 5232">
     <span class='ocr_line' id='line_1_111' title="bbox 1896 5157 3544 5232; baseline 0 -16"><span class='ocrx_word' id='word_1_801' title='bbox 1896 5160 2078 5226; x_wconf 88' lang='lat' dir='ltr'>stetit,</span> <span class='ocrx_word' id='word_1_802' title='bbox 2110 5157 2210 5214; x_wconf 84' lang='lat' dir='ltr'>sed</span> <span class='ocrx_word' id='word_1_803' title='bbox 2239 5157 2381 5214; x_wconf 88' lang='lat' dir='ltr'>talia</span> <span class='ocrx_word' id='word_1_804' title='bbox 2401 5157 2473 5212; x_wconf 90' lang='lat' dir='ltr'>de</span> <span class='ocrx_word' id='word_1_805' title='bbox 2496 5157 2725 5215; x_wconf 90' lang='lat' dir='ltr'>Christo</span> <span class='ocrx_word' id='word_1_806' title='bbox 2749 5158 2978 5216; x_wconf 90' lang='lat' dir='ltr'>Domini</span> <span class='ocrx_word' id='word_1_807' title='bbox 3003 5164 3058 5216; x_wconf 89' lang='lat' dir='ltr'>et</span> <span class='ocrx_word' id='word_1_808' title='bbox 3078 5160 3384 5215; x_wconf 90' lang='lat' dir='ltr'>beatorum</span> <span class='ocrx_word' id='word_1_809' title='bbox 3406 5177 3544 5232; x_wconf 90' lang='lat' dir='ltr'>apo-</span> 
     </span>
    </p>
   </div>
   <div class='ocr_carea' id='block_1_112' title="bbox 1895 5247 3548 5316">
    <p class='ocr_par' dir='ltr' id='par_1_112' title="bbox 1895 5247 3548 5316">
     <span class='ocr_line' id='line_1_112' title="bbox 1895 5247 3548 5316; baseline -0.001 -11"><span class='ocrx_word' id='word_1_810' title='bbox 1895 5247 2182 5305; x_wconf 90' lang='lat' dir='ltr'>stolorum</span> <span class='ocrx_word' id='word_1_811' title='bbox 2231 5261 2591 5316; x_wconf 89' lang='lat' dir='ltr'>successore,</span> <span class='ocrx_word' id='word_1_812' title='bbox 2641 5263 2744 5304; x_wconf 90' lang='lat' dir='ltr'>vos</span> <span class='ocrx_word' id='word_1_813' title='bbox 2789 5247 2979 5306; x_wconf 90' lang='lat' dir='ltr'>dicere</span> <span class='ocrx_word' id='word_1_814' title='bbox 3010 5253 3068 5304; x_wconf 92' lang='lat' dir='ltr'>et</span> <span class='ocrx_word' id='word_1_815' title='bbox 3097 5247 3350 5304; x_wconf 90' lang='lat' dir='ltr'>scribere</span> <span class='ocrx_word' id='word_1_816' title='bbox 3381 5263 3548 5304; x_wconf 88' lang='lat' dir='ltr'>com-</span> 
     </span>
    </p>
   </div>
   <div class='ocr_carea' id='block_1_113' title="bbox 1897 5335 3546 5412">
    <p class='ocr_par' dir='ltr' id='par_1_113' title="bbox 1897 5335 3546 5412">
     <span class='ocr_line' id='line_1_113' title="bbox 1897 5335 3546 5412; baseline -0.001 -17"><span class='ocrx_word' id='word_1_817' title='bbox 1897 5339 2070 5412; x_wconf 90' lang='lat' dir='ltr'>pulit,</span> <span class='ocrx_word' id='word_1_818' title='bbox 2118 5353 2246 5404; x_wconf 74' lang='lat' dir='ltr'>quae</span> <span class='ocrx_word' id='word_1_819' title='bbox 2295 5353 2403 5393; x_wconf 90' lang='lat' dir='ltr'>nec</span> <span class='ocrx_word' id='word_1_820' title='bbox 2452 5335 2770 5394; x_wconf 89' lang='lat' dir='ltr'>verisimile</span> <span class='ocrx_word' id='word_1_821' title='bbox 2817 5341 2906 5393; x_wconf 90' lang='lat' dir='ltr'>est</span> <span class='ocrx_word' id='word_1_822' title='bbox 2951 5337 3013 5393; x_wconf 92' lang='lat' dir='ltr'>in</span> <span class='ocrx_word' id='word_1_823' title='bbox 3065 5336 3385 5409; x_wconf 89' lang='lat' dir='ltr'>quemlibet</span> <span class='ocrx_word' id='word_1_824' title='bbox 3423 5337 3546 5409; x_wconf 89' lang='lat' dir='ltr'>ple-</span> 
     </span>
    </p>
   </div>
   <div class='ocr_carea' id='block_1_114' title="bbox 1897 5424 3551 5500">
    <p class='ocr_par' dir='ltr' id='par_1_114' title="bbox 1897 5424 3551 5500">
     <span class='ocr_line' id='line_1_114' title="bbox 1897 5424 3551 5500; baseline -0.001 -16"><span class='ocrx_word' id='word_1_825' title='bbox 1897 5428 2097 5486; x_wconf 87' lang='lat' dir='ltr'>beium</span> <span class='ocrx_word' id='word_1_826' title='bbox 2127 5424 2431 5484; x_wconf 88' lang='lat' dir='ltr'>hominem</span> <span class='ocrx_word' id='word_1_827' title='bbox 2463 5426 2670 5483; x_wconf 89' lang='lat' dir='ltr'>cadere</span> <span class='ocrx_word' id='word_1_828' title='bbox 2702 5427 2987 5500; x_wconf 88' lang='lat' dir='ltr'>potuisse.</span> <span class='ocrx_word' id='word_1_829' title='bbox 3019 5427 3130 5484; x_wconf 89' lang='lat' dir='ltr'>Sed</span> <span class='ocrx_word' id='word_1_830' title='bbox 3159 5424 3298 5498; x_wconf 90' lang='lat' dir='ltr'>quia</span> <span class='ocrx_word' id='word_1_831' title='bbox 3327 5425 3386 5480; x_wconf 91' lang='lat' dir='ltr'>in</span> <span class='ocrx_word' id='word_1_832' title='bbox 3427 5429 3551 5483; x_wconf 90' lang='lat' dir='ltr'>toto</span> 
     </span>
    </p>
   </div>
  </div>
