3988 6072
418 297 536 358 175

421 517 696 584 divimus,
732 517 1040 574 consilium
1073 517 1436 591 Opprimendi
1478 515 1626 589 justi
1655 516 1922 570 habitum
1955 516 2064 580 est,

419 623 592 663 nemo
641 606 874 663 illorum
925 607 1024 679 qui
1075 607 1134 662 in
1186 606 1478 662 cathedris
1524 603 1863 677 pestilentize
1903 602 2064 657 sede-

419 699 557 751 runt
586 695 832 753 idoneus
862 695 1134 752 inventus
1165 699 1252 751 est
1299 694 1400 767 qui
1443 695 1616 749 sciret
1661 693 1731 747 ad
1770 693 2070 762 increpan-

417 786 558 840 dum
590 785 958 840 innocentem
990 789 1047 840 et
1078 784 1525 840 subvertendam
1549 781 1846 852 justitiam
1895 780 2070 834 verba

417 889 784 946 componere,
817 878 874 930 et
907 878 1106 930 ornate
1139 872 1441 929 detrahere
1472 869 1840 926 sermonibus
1870 867 2070 923 verita-

415 961 513 1030 tis,
550 963 816 1031 iniuncta
847 963 1030 1021 fertur
1057 979 1184 1018 esse
1214 961 1392 1032 hujus
1425 959 1638 1033 negotii
1670 976 1812 1014 cura
1835 957 2068 1012 cuidam

418 1050 640 1107 homini
673 1053 1055 1122 grammatico
1084 1050 1352 1116 Wirrico,
1386 1048 1723 1105 Treverensi
1765 1046 2065 1119 magistro,

420 1139 520 1212 qui
573 1127 689 1196 sub
739 1157 986 1212 persona
1027 1139 1259 1212 Eliphat
1305 1137 1646 1208 Temenitis,
1681 1134 2068 1191 Virdunensis

418 1228 641 1286 scilicet
671 1228 949 1302 episcopi,
982 1227 1370 1285 fraudulentis
1398 1227 1589 1283 verbis
1619 1229 1676 1281 et
1706 1225 1905 1282 dolosa
1935 1240 2068 1296 per-

422 1317 789 1374 cunctatione
815 1321 1052 1389 augeret
1081 1316 1339 1372 dolorem
1373 1315 1556 1371 sancti
1587 1315 1696 1370 Job
1726 1313 1786 1369 in
1817 1311 2070 1384 sterqui-

421 1404 562 1460 linio
580 1405 888 1460 mundanae
913 1404 1305 1460 tribulationis
1327 1403 1666 1471 sedentis,et
1686 1399 2071 1458 scaturientes

419 1494 694 1550 vitiorum
722 1511 948 1551 vermes
971 1495 1040 1549 de
1073 1510 1310 1565 corpore
1341 1492 1609 1548 Ecclesiae
1640 1490 1899 1547 radentis
1921 1506 2073 1544 com-

422 1581 714 1655 passionis
746 1599 924 1638 manu
957 1587 1014 1636 et
1046 1587 1194 1636 testa
1215 1581 1496 1636 veritatis.
1515 1580 1611 1637 Ille
1631 1597 1762 1634 vero
1785 1594 2074 1652 gramma-

421 1671 574 1726 ticus
599 1671 670 1726 ad
694 1671 1162 1744 exprobrandum
1183 1671 1298 1726 Deo
1317 1668 1527 1725 viventi
1551 1671 1620 1724 de
1645 1668 2070 1724 Philistaeorum

423 1764 572 1815 ccntu
607 1759 846 1825 electus,
866 1760 1131 1832 gaudens
1158 1759 1415 1830 suscepit
1444 1761 1893 1830 operam,atque
1913 1771 2073 1811 more
2103 1794 2149 1858 B

425 1847 782 1904 scholarium
816 1847 1251 1920 rhetorum,qui
1281 1847 1339 1900 in
1373 1850 1643 1918 suscepto
1677 1845 1932 1900 themate
1957 1861 2071 1898 non

423 1937 734 1991 attendunt
763 1937 902 2009 quid
935 1941 1164 2008 gestum
1193 1935 1280 1992 vel
1318 1952 1432 1990 non
1463 1941 1694 2007 gestum
1727 1935 1822 2001 sit,
1863 1933 1964 1988 sed
2015 1931 2073 1986 in

425 2025 578 2081 ﬁctis
609 2024 802 2080 causis
835 2028 1230 2098 praeacuentes
1259 2025 1512 2098 linguas,
1537 2027 1766 2078 tantum
1798 2021 2077 2093 eloquun-

424 2118 522 2168 tur
553 2118 839 2185 quantum
873 2113 1119 2186 quilibet
1145 2112 1234 2169 vel
1269 2113 1482 2168 inferre
1515 2111 1812 2183 injuriam,
1835 2110 1922 2167 vel
1953 2111 2078 2182 ipse

411 2194 718 2258 eustinere
748 2203 1024 2275 potuerit,
1051 2202 1186 2258 fecit
1214 2203 1525 2274 epistolam
1551 2200 1924 2256 contumeliis
1947 2217 2080 2255 san-

435 2294 538 2346 ctae
571 2289 838 2348 Ecclesiae
861 2291 1302 2357 redundantem,
1324 2289 1415 2345 cui
1444 2289 1700 2346 velocius
1731 2289 2080 2362 respondere

441 2379 853 2446 deliberamus,
905 2379 1265 2450 adjutorium
1314 2379 1484 2434 nobis
1545 2382 1855 2450 praestante
1895 2377 2081 2449 ipsius

440 2466 644 2540 gratia,
662 2469 832 2539 cujus
856 2469 1008 2524 dono
1039 2467 1258 2524 scimus
1279 2467 1604 2522 discernere
1625 2467 1767 2537 quid
1789 2466 1865 2521 sit
1887 2483 2085 2538 super-

439 2555 538 2612 bia
566 2560 622 2612 et
651 2556 998 2625 obedientia,
1033 2557 1171 2630 quid
1202 2557 1504 2629 turpitudo
1552 2561 1610 2612 et
1647 2556 1909 2622 castitas,
1942 2555 2083 2627 quid

441 2645 615 2702 distet
646 2663 679 2700 a
714 2645 966 2702 falsitate
1011 2647 1244 2711 veritas,
1277 2651 1335 2701 et
1383 2645 1627 2718 angelus
1675 2646 1921 2712 Satanae,
1951 2661 2086 2699 cum

439 2733 819 2790 transformat
849 2751 912 2789 se
945 2733 1001 2787 in
1034 2733 1310 2806 angelum
1359 2733 1527 2789 lucis.
1582 2733 1666 2790 Ita
1712 2733 1868 2788 enim
1904 2733 2088 2787 intro-

441 2823 652 2880 ductus
681 2822 989 2894 episcopus
1021 2822 1079 2876 in
1114 2823 1304 2877 verbis
1336 2821 1494 2878 illius
1526 2820 1783 2893 epistolae
1831 2820 2086 2876 amicum

441 2927 502 2966 se
534 2911 792 2978 simulat,
827 2916 892 2966 ut
923 2915 1118 2966 tamen
1151 2912 1260 2965 sub
1295 2910 1497 2966 habitu
1531 2909 1880 2982 inquirentis
1902 2913 2088 2964 totum

438 2997 814 3055 inimicorum
841 2999 1000 3054 virus
1030 3001 1309 3055 ell'undat.
1335 2999 1439 3065 Qui
1475 2998 1521 3054 si
1545 3016 1714 3054 verus
1745 2998 1971 3053 amicus
2003 2998 2092 3053 fo-

1231 296 1536 358 PAULUS
1583 295 1648 356 S.
1693 292 1926 354 PETRI
1971 285 2512 353 CAR'NOTENSIS
2558 285 2987 349 MONACHUS

297 487 318 499 ,
418 427 870 502 malignantium
925 433 1231 496 conventu,
1268 428 1326 484 in
1377 445 1492 500 quo
1538 425 1817 494 Treveris,
1850 427 1916 480 ut
1959 440 2058 479 au-
2089 423 2141 490 Α
2174 424 2281 488 ret,
2312 419 2570 476 refellere
2615 418 2941 476 calumnias
2983 417 3365 490 objectorum.
3399 417 3509 474 Sed
3558 417 3820 491 optimus

3701 287 3818 346 176

2174 510 2399 566 amicus
2431 509 2640 566 maluit
2670 507 2890 565 domini
2920 513 2978 564 et
3006 507 3270 580 magistri
3285 504 3384 563 sui
3409 508 3545 564 ﬁcta
3559 506 3823 564 convicia

2175 599 2502 666 decantare,
2535 615 2710 671 quam
2743 597 3031 654 offendere
3079 595 3392 669 impiorum
3434 613 3820 666 concessum;

2176 705 2324 760 quae,
2354 687 2400 742 si
2454 688 2548 760 pie
2599 691 2846 759 saperet,
2892 686 3261 742 combureret
3306 687 3518 742 debitis
3568 687 3825 743 ﬂammis

2177 775 2393 844 potius,
2427 793 2604 848 quam
2639 775 2960 847 susciperet
3008 775 3349 848 deleganda.
3383 777 3454 831 Et
3505 776 3825 848 praedictus

2176 865 2413 937 quidem
2467 865 2698 920 Domini
2749 881 2954 921 servus
2998 863 3311 936 Gregorius
3341 865 3722 922 absconditus
3763 865 3823 922 in

2176 953 2516 1009 abscondito
2571 953 2736 1009 faciei
2786 953 2887 1008 Dei
2939 971 2974 1008 a
3021 953 3462 1009 conturbatione
3511 961 3724 1023 vestra,
3770 961 3829 1012 et

2176 1047 2473 1114 protectus
2503 1041 2562 1097 in
2592 1040 2968 1098 tabernaculo
2997 1042 3126 1113 ejus
3154 1059 3186 1096 ει
3218 1043 3673 1100 contradictione
3713 1043 3826 1100 lin-

2177 1147 2426 1204 guarum
2455 1135 2803 1198 vestrarum,
2837 1129 3154 1202 perfruitur
3197 1131 3403 1188 decore
3445 1133 3657 1188 domus
3701 1132 3826 1201 Dei,

2177 1220 2346 1292 cujus
2372 1219 2652 1276 honorem
2681 1223 2738 1278 et
2765 1219 3095 1276 libertatem
3125 1221 3366 1286 amavit,
3396 1221 3734 1294 praedicavit
3770 1225 3831 1280 et

2178 1309 2377 1364 docuit
2405 1309 2463 1364 in
2505 1309 2678 1366 verbo
2727 1309 2988 1365 veritatis
3034 1313 3092 1364 et
3119 1307 3329 1366 virtute
3357 1310 3479 1378 Dei,
3513 1327 3646 1367 cum
3680 1328 3828 1384 pras-

2179 1398 2482 1454 decessore
2513 1415 2618 1454 suo
2651 1399 2712 1453 B.
2747 1397 2924 1454 Paulo
2956 1397 3016 1454 in
3049 1404 3367 1470 conspectu
3397 1399 3706 1456 hominum
3736 1401 3827 1458 in-

2181 1487 2391 1542 cedens
2421 1491 2684 1542 armatus
2723 1486 2959 1558 justitia
3004 1503 3105 1558 per
3151 1486 3456 1543 infamiam
3504 1493 3562 1544 et
3609 1490 3828 1548 bonam

2181 1575 2420 1640 famam,
2441 1580 2506 1630 ut
2535 1577 2807 1631 seductor
2835 1581 2891 1631 et
2919 1593 3106 1643 verax,
3123 1576 3290 1649 quasi
3323 1577 3671 1647 moriens,et
3694 1597 3828 1636 ecce

2179 1664 2336 1731 vivit,
2371 1665 2441 1720 ad
2474 1665 2679 1720 horam
2714 1665 3116 1732 contristatus,
3136 1682 3368 1738 semper
3397 1672 3594 1722 autem
3615 1668 3826 1725 amodo

2181 1754 2532 1826 gaudens,et
2562 1752 2754 1810 locum
2788 1753 3168 1810 habitationis
3197 1754 3392 1828 gloriae
3425 1756 3524 1810 Dei
3557 1757 3824 1830 adeptus,

2183 1842 2506 1898 inebriatus
2536 1843 2797 1898 ubertate
2839 1843 3040 1914 gratias
3087 1844 3238 1914 ejus,
3267 1849 3325 1900 et
3369 1848 3623 1900 torrente
3668 1845 3831 1902 volu-

2184 1931 2363 2003 ptatis
2393 1935 2618 1987 aeternas
2649 1935 2904 2003 potatur,
2939 1931 3241 2002 experiens
3291 1949 3425 1988 cum
3457 1933 3613 1988 fideli
3652 1933 3834 1990 David

2185 2037 2363 2091 quam
2405 2037 2617 2092 magna
2663 2019 2980 2076 multitudo
3027 2019 3353 2076 dulcedinis
3403 2027 3537 2090 tuae,
3569 2022 3838 2091 Domine,

2186 2125 2363 2180 quam
2396 2108 2756 2164 abscondisti
2801 2109 3148 2166 timentibus
3204 2114 3280 2165 te.
3317 2110 3566 2184 Ideoque
3623 2111 3842 2183 linguis

2187 2198 2396 2253 vestris
2449 2197 2640 2254 adhuc
2698 2215 2802 2270 per
2855 2202 3071 2253 terram
3121 2199 3514 2272 serpentibus,
3552 2199 3848 2256 benedicit

2189 2286 2528 2354 Dominum,
2553 2287 2650 2358 qui
2686 2287 3014 2343 mirificavit
3045 2287 3510 2344 misericordiam
3541 2306 3708 2346 suam
3732 2289 3846 2345 sibi

2191 2375 2250 2430 in
2285 2375 2512 2431 civitate
2545 2377 2772 2432 munita
2802 2393 3058 2448 superna
3087 2375 3308 2432 scilicet
3357 2377 3740 2446 Hierusalem,
3774 2378 3848 2434 ad

2193 2481 2372 2536 quam
2425 2464 2684 2520 stultitiae
2733 2469 2789 2520 et
2835 2463 3146 2520 maledicta
3189 2470 3382 2522 vestra
3429 2467 3690 2540 aspirare
3729 2483 3848 2522 non

2195 2559 2460 2626 possunt,
2490 2553 2629 2625 quia
2660 2553 2738 2610 ibi
2769 2554 3042 2626 praesidet
3089 2555 3307 2611 veritas
3363 2555 3568 2627 Patris,
3601 2573 3728 2628 qua:
3778 2555 3853 2611 de

2194 2643 2320 2698 loco
2348 2648 2548 2700 sancto
2575 2661 2682 2699 suo
2715 2643 2908 2716 prodit
2938 2661 3142 2700 omnes
3187 2643 3287 2716 qui
3334 2643 3658 2720 loquuntur
3687 2661 3852 2701 men-

2197 2732 2462 2800 dacium;
2496 2736 2961 2804 propugnatores
2993 2749 3125 2788 vero
3157 2732 3450 2804 aequitatis
3481 2737 3539 2790 et
3590 2733 3856 2789 defenso-

2199 2838 2290 2875 res
2323 2819 2752 2876 Ghristianismi
2784 2820 2874 2876 sui
2907 2820 3310 2877 indubitanter
3337 2823 3583 2888 animat,
3607 2826 3673 2877 ut
3711 2839 3852 2878 con-

2200 2909 2405 2978 ﬁdant,
2433 2909 2571 2981 quia
2597 2909 2721 2980 ipse
2751 2909 2889 2966 vicit
2918 2910 3227 2966 mundum.
3262 2911 3547 2978 Quoniam
3580 2915 3637 2966 et
3667 2910 3712 2966 si
3745 2911 3856 2966 dif-

2198 2998 2329 3063 fert,
2353 3015 2466 3053 non
2501 2998 2714 3066 deficit,
2750 2999 2849 3054 sed
2885 3015 3138 3070 przesens
3164 2999 3445 3054 auxilium
3483 3000 3856 3072 omnipoten-

441 3092 549 3152 ret,
583 3106 696 3145 non
733 3091 1029 3161 pateretur
1076 3090 1184 3144 sub
1230 3105 1334 3144 suo
1385 3088 1620 3144 nomine
1671 3087 2090 3160 sacrilegorum
2137 3161 2161 3162 ﬂ
2198 3086 2290 3141 tite
2317 3104 2434 3142 suae
2466 3104 2698 3159 semper
2729 3086 2845 3143 illis
2875 3088 3291 3156 communicat,
3325 3089 3540 3162 quibus
3588 3087 3806 3143 dicitur
3837 3105 3852 3143 :

441 3175 839 3254 blasphemias
869 3177 1330 3252 publicari,cum
1364 3177 1529 3233 facile
1551 3176 1634 3231 illi
1657 3181 1830 3245 esset,
1852 3176 1899 3232 si
1919 3193 2087 3232 cura-
2121 3161 2164 3228 (ἶ
2200 3177 2330 3232 Ecce
2359 3191 2454 3246 ego
2485 3175 2756 3232 vobiscum
2791 3192 2914 3232 sum
2962 3177 3023 3232 in
3070 3179 3594 3234 consummationem
3637 3177 3854 3233 saeculi.

441 3349 3848 3379 Ἣ

1865 3513 2024 3562 ANNO
2069 3513 2284 3561 DOHIN’
2332 3514 2436 3561 MC.

1699 3608 2621 3808 PAULUS

1055 3921 1151 4038 S.
1233 3919 1577 4034 PE’l‘ltl
1665 3916 2489 4034 CARNOTENSIS
2563 3916 3236 4032 MONACHUS

1591 4243 2060 4332 NOTITIA
2116 4243 2720 4332 HISTORICA

1394 4414 1648 4488 (Histoire
1681 4369 1946 4471 litterairc
1973 4411 2038 4470 de
2068 4412 2124 4470 la
2150 4417 2381 4483 France,
2414 4416 2456 4470 t.
2489 4409 2641 4481 VIII,
2676 4429 2733 4485 p.
2767 4411 2919 4483 254.)

517 4730 659 4786 Paul
690 4729 830 4786 etait
858 4729 1052 4784 moine
1083 4727 1154 4783 de
1186 4725 1520 4783 Saint-Pere
1551 4742 1623 4781 en
1653 4725 1847 4782 Vallée
1871 4729 1905 4782 ὲ
1925 4725 2096 4782 Char-
2127 4713 2170 4777 D
2208 4726 2346 4782 1029
2390 4723 2573 4794 (ibid.,
2603 4723 2643 4780 l.
2680 4741 2789 4793 va,
2840 4739 2898 4779 n.
2949 4724 3060 4796 56).
3117 4718 3253 4779 Paul
3303 4722 3404 4795 qui
3450 4737 3507 4796 γέ
3533 4720 3684 4796 était
3724 4721 3864 4796 oga

445 4805 567 4859 tres
614 4808 670 4857 et
719 4800 1010 4874 témoigne
1056 4817 1092 4874 δ’
1142 4798 1481 4874 avoir_vé_cu
1532 4799 2094 4874 avec_Ardfaste,ou

446 4874 725 4935 Aret‘aste,
754 4868 1026 4944 seigrfeur
1057 4868 1635 4944 normand,_h.ox_nme
1656 4869 1733 4944 de
1758 4869 2010 4944 probité,
2026 4871 2096 4926 de

451 4947 562 5000 1)οη
598 4944 812 4997 cmiseil
838 4939 894 4996 et
925 4943 1219 5012 eloquent,
1235 4957 1348 5012 que
1380 4939 1627 4995 Richard
1656 4939 1852 5006 Il,duc
1873 4941 1942 4996 de
1961 4942 2098 4996 Nor-

451 5014 858 5074 mandimavait
883 5011 1122 5067 souvent
1135 5011 1397 5084 employé
1411 5012 1556 5067 dans
1579 5012 1660 5066 les
1677 5013 2092 5084 négociations,

451 5090 662 5156 aupres
681 5089 755 5138 du
783 5086 861 5156 rei
887 5086 959 5138 de
985 5086 1199 5156 France
1221 5084 1544 5156 etd‘autres
1567 5083 1921 5138 souvcrains.
1938 5085 2096 5156 Nous

451 5154 630 5212 avons
654 5173 764 5226 par
795 5155 851 5209 Ia
881 5157 950 5209 de
982 5155 1116 5225 quoi
1151 5157 1288 5207 lixel‘
1317 5154 1398 5208 les
1447 5160 1976 5226 commencements
2027 5155 2097 5209 de

449 5225 729 5282 l’histoire
761 5227 832 5280 de
866 5232 1027 5280 notre
1057 5231 1282 5279 anteur.
1316 5226 1388 5296 tle
1424 5227 1506 5279 l'ut
1556 5244 1622 5279 en
1682 5228 1816 5280 1022
1863 5225 2095 5296 qu’Are-

449 5299 595 5356 faste
623 5297 916 5355 découvrit
945 5301 1092 5351 cette
1122 5299 1323 5368 espét-e
1355 5295 1819 5368 demaniehéens
1841 5295 1939 5368 qui
1965 5301 2099 5351 sont

449 5371 705 5426 devenus
753 5372 982 5424 l‘ameux
1027 5367 1506 5422 dalis'lliistuii-e
1547 5368 1722 5435 (Mne.
1771 5369 1849 5422 An
1925 5367 1963 5420 l.
2007 5384 2094 5434 LV,

450 5459 510 5497 n.
542 5441 630 5510 2);
663 5445 720 5496 et
749 5444 918 5512 apres
949 5439 1250 5512 le_concile
1283 5438 1754 5512 (liOrleans,_tenl1
1787 5443 1820 5494 ὰ
1850 5439 1976 5512 111111·
2007 5455 2100 5493 su-

452 5513 548 5584 iet,
577 5509 621 5566 il
653 5529 716 5584 se
739 5509 914 5568 retire
943 5516 978 5568 ὲ
998 5510 1267 5584 _l‘abbaye
1308 5511 1379 5584 de
1405 5509 1764 5584 Saint-Pere,
1798 5509 1916 5565 ouil
1974 5526 2096 5565 em-

489 5578 652 5641 rassa
679 5582 738 5639 la
766 5581 1090 5656 profession
1123 5578 1583 5652 monastique,et
1613 5579 1780 5636 vivait
1801 5597 2010 5637 encore
2025 5597 2097 5637 en

2206 4792 2418 4870 moine',
2453 4797 2690 4870 pouvait
2717 4792 2826 4870 par
2869 4792 3234 4870 consequent
3271 4792 3392 4852 ét‘re
3441 4792 3516 4850 ne
3561 4795 3734 4870 apros
3777 4792 3863 4852 les

2206 4865 2520 4942 premieres
2549 4865 2765 4923 années
2795 4867 2867 4922 de
2896 4884 2960 4922 ce
2990 4865 3080 4922 x15
3102 4865 3366 4942 s‘iecle,et
3388 4881 3458 4921 ne
3483 4868 3720 4920 mourut
3743 4880 3862 4942 que

2206 4935 2318 5012 l‘ort
2346 4940 2678 5012 longtemps
2729 4941 2917 5010 apres,
2952 4955 3178 4994 comme
3223 4955 3296 4993 on
3345 4935 3398 4992 le
3443 4951 3610 4992 verra
3655 4935 3864 5007 parile

2206 5011 2377 5067 suite.

2277 5080 2478 5137 C’etait
2507 5098 2586 5136 un
2618 5081 2854 5136 homme
2900 5079 3158 5152 d’esprit,
3193 5080 3262 5135 de
3312 5077 3536 5152 merits,
3570 5076 3684 5152 fort
3729 5080 3862 5134 stu-

2207 5153 2511 5223 dieux,qui
2530 5167 2609 5228 _se
2632 5153 2696 5206 fit
2725 5169 2843 5228 une
2864 5148 3208 5228 occupation
3237 5149 3609 5228 particulie're
3633 5148 3704 5228 de
3723 5163 3865 5204 con-

2207 5241 2399 5279 server
2432 5221 2482 5278 'a
2529 5224 2585 5280 la
2631 5223 2908 5294 postérité
2955 5221 3038 5279 les
3089 5221 3468 5282 monuments
3498 5221 3866 5294 historiques

2207 5294 2344 5366 qu’il
2391 5299 2497 5366 put
2543 5290 2864 5366 découvrir,
2895 5311 3029 5350 avec
3079 5295 3162 5351 les
3211 5295 3582 5366 événements
3630 5290 3701 5345 de
3757 5307 3866 5346 son

2207 5364 3074 5449 siec‘le,’principaol‘ementnceua
3094 5366 3192 5438 qui
3216 5364 3583 5449 regardajent
3606 5375 3716 5449 son
3733 5376 3868 5449 mq-

2207 5431 2436 5514 nastere
2465 5441 2522 5491 et
2553 5431 2771 5514 la'ville
2803 5437 2874 5492 de
2905 5431 3312 5514 ghartr'esqui
3333 5435 3474 5514 était
3505 5435 3793 5514 petit-etne
3814 5431 3869 5488 lc

2207 5509 2321 5564 lieu
2355 5508 2426 5564 de
2456 5525 2522 5568 sa
2553 5507 2878 5568 naissance.
2904 5509 2980 5567 Sa
3008 5505 3289 5575 candent,
3319 5525 3386 5564 sa
3415 5505 3688 5566 sinceri“
3715 5509 3782 5562 et
3801 5519 3869 5566 sa.

2208 5581 2398 5635 bonne
2429 5579 2505 5636 foi
2536 5577 2618 5636 lui
2650 5579 2988 5637 meriterent
3014 5581 3070 5636 la
3095 5580 3395 5636 confiance
3424 5577 3494 5634 de
3525 5591 3619 5634 ses
3650 5575 3864 5633 abbés.
