3988 6072
202 340 327 401 189

1627 341 1882 402 VETUS
1929 340 2218 402 AGANO.

3503 342 3622 402 190

200 475 534 547 pendentes
563 476 636 532 ad
683 476 883 546 ubera,
916 476 1116 550 iniquo
1158 495 1436 535 mucrone
1479 479 1858 552 perimerunt.
1891 473 1947 540 Α
1977 478 2180 546 facere,
2209 477 2331 548 jam
2366 495 2458 534 me
2498 479 2830 533 convertam
2873 475 3130 549 primum
3162 475 3272 533 iter
3323 494 3618 552 peragere,

203 562 402 619 Simili
437 564 611 620 modo
649 567 980 638 vagabundi
1018 584 1122 639 per
1165 574 1420 625 rostrum
1444 571 1575 642 (18),
1603 576 1864 626 ementes

203 652 434 725 pariter
475 658 536 710 et
571 656 909 722 vendentes,
932 663 1134 714 euntes
1173 663 1232 714 et
1288 660 1617 726 redeuntes,
1643 660 1863 715 crudeli

200 759 344 798 ense
379 744 744 814 perfundunt
781 746 1086 816 sanguine,
1118 747 1340 803 venalii
1386 766 1617 820 quoque
1649 767 1775 821 quae
1805 750 1863 804 in

201 836 399 886 rostro
436 838 819 904 reppererunt
841 835 910 890 ad
934 841 1087 892 rates
1117 841 1490 909 exportaveru
1501 843 1581 893 nt.
1602 838 1707 904 Qui
1732 857 1864 895 vero

199 919 506 976 civitatem
558 927 953 993 pervaserant,
981 941 1188 981 aurum
1221 931 1280 981 et
1309 932 1615 999 argentum
1647 928 1864 984 varias-

198 1025 317 1080 que
347 1025 499 1081 opes
527 1009 588 1065 in
621 1026 688 1065 ea
725 1011 992 1067 inventas
1029 1013 1394 1086 diripientes,
1430 1033 1679 1090 eamque
1727 1034 1864 1074 con-

198 1101 564 1165 cremantes,
597 1099 800 1154 itidem
835 1100 1058 1156 ratibus
1089 1105 1569 1160 commendantes
1605 1105 1865 1161 abstule-

198 1191 361 1254 runt,
397 1187 695 1259 citiusque
743 1193 1095 1246 revertentes
1127 1192 1199 1246 ad
1231 1192 1454 1259 urbem,
1489 1210 1690 1250 muros
1737 1197 1865 1266 ejus

197 1279 536 1332 evel-tentes
553 1275 1217 1342 funditus,mortuorum
1240 1283 1538 1346 cadavera,
1561 1283 1618 1338 in
1642 1283 1866 1341 cineres

196 1364 466 1431 redacta,
503 1363 659 1420 inter
705 1365 920 1421 rudera
970 1367 1333 1441 reliquerunt
1388 1372 1554 1442 quasi
1615 1373 1862 1445 sepulta.

196 1451 453 1519 Deinde,
493 1452 704 1526 positis
743 1453 803 1509 in
844 1454 1132 1512 malorum
1165 1459 1502 1516 summitate
1550 1462 1866 1534 suparibus

196 1542 334 1612 (19),
361 1558 548 1614 prora
568 1543 805 1599 navium
825 1559 1031 1600 versus
1052 1547 1434 1616 occidentem,
1461 1549 1638 1607 flante
1665 1552 1864 1621 africo,

195 1634 464 1697 vertunt,
488 1635 667 1704 atque
695 1649 858 1690 more
889 1633 1210 1706 piratarum
1259 1637 1440 1694 maris
1490 1641 1732 1698 semitas
1761 1659 1866 1715 pe-

197 1719 639 1788 rambulantes,
661 1720 888 1778 insulas
909 1722 1151 1796 locaque
1178 1726 1474 1784 maritima
1495 1729 1866 1802 populantes,

197 1809 506 1864 inventam
541 1814 773 1882 gentem
807 1811 955 1868 ferro
983 1814 1357 1871 trucidabant
1387 1820 1520 1887 (20).

263 1897 365 1954 Vl.
403 1898 928 1957 Verumenimvero
974 1903 1241 1959 conditor
1284 1922 1500 1974 rerum,
1533 1907 1630 1980 qui
1663 1910 1861 1967 verbe-

197 1989 386 2043 rando
421 1989 554 2043 suis
587 1989 860 2046 ﬁdelibus
915 1991 1174 2047 misereri
1208 1991 1372 2064 solet,
1399 2001 1575 2069 atque
1631 1997 1865 2072 iniquos

195 2076 514 2132 tolerando
547 2077 618 2132 ad
652 2076 860 2134 inferni
905 2079 1163 2137 claustra
1213 2089 1459 2150 exercet,
1495 2086 1673 2156 hujus
1721 2089 1864 2160 pha-

199 2166 391 2238 langae
425 2165 670 2221 sceleris
699 2168 1103 2225 enormitatem
1137 2171 1235 2226 diu
1269 2190 1509 2244 regnare
1541 2175 1754 2244 noluit;
1781 2183 1868 2233 set

198 2271 302 2327 pro
335 2255 604 2327 peccatis
642 2257 804 2326 justo
834 2258 1068 2314 verbere
1112 2267 1443 2333 correptum
1476 2263 1865 2322 christianum

199 2343 496 2417 p0pulum
532 2343 831 2416 paulisper
851 2347 1135 2418 respirare
1163 2349 1343 2406 voluit
1363 2357 1420 2407 et
1443 2353 1652 2426 iniquae
1676 2356 1865 2428 gentis

200 2432 380 2488 malis
434 2432 718 2503 operibus
749 2432 1045 2506 imponere
1092 2437 1268 2493 ﬁnem
1317 2441 1590 2507 decrevit,
1625 2460 1864 2500 suorum

201 2521 476 2577 ﬁdelium
513 2521 858 2593 sanguinem
887 2523 1286 2582 vindicaturus
1316 2527 1374 2582 in
1400 2532 1695 2602 perpetuis
1724 2533 1869 2603 Hed-

201 2628 285 2666 na:
308 2612 432 2680 (2|)
453 2609 867 2668 ﬂammivomis
889 2610 1148 2684 ignibus.
1175 2615 1374 2688 Itaque
1396 2634 1529 2674 cum
1560 2619 1619 2674 in
1649 2621 1867 2678 ﬁnibus

201 2698 724 2754 Armoricanorum
756 2700 1002 2772 remigio
1043 2704 1418 2774 pervenisset,
1445 2711 1589 2780 aput
1628 2715 1864 2781 pontem

201 2787 356 2843 Dive
415 2787 686 2843 ﬂuminis
743 2787 1024 2860 aplicans,
1059 2791 1190 2848 laxa
1244 2811 1488 2867 corpora
1543 2815 1802 2855 recreare
1833 2817 1867 2856 a

201 2880 369 2932 tanto
400 2875 606 2932 labore
656 2876 783 2932 sine
830 2877 948 2934 ullo
997 2897 1206 2952 pavore
1237 2884 1431 2956 coepit.
1457 2886 1620 2941 Tunc
1651 2903 1684 2942 a
1727 2888 1862 2956 Deo,

202 2983 384 3038 quem
419 2964 596 3020 multi
630 2967 800 3022 mode
823 2966 994 3024 malis
1013 2971 1454 3028 exacerbaverat
1474 2976 1868 3047 Operibus,de-

203 3054 431 3122 relicta,
464 3059 635 3110 terrae
665 3054 928 3128 marique
966 3058 1285 3115 admodum
1317 3078 1541 3134 perosa,
1566 3081 1600 3120 a
1631 3065 1866 3122 Francis

203 3143 350 3200 inibi
385 3143 652 3216 undique
680 3144 1041 3214 circundata,
1065 3151 1141 3215 et,
1167 3147 1321 3204 sicut
1364 3167 1544 3223 supra
1586 3153 1860 3222 diximus,

1895 1844 1943 1908 B

1973 573 2030 624 et
2050 586 2174 640 quae
2209 567 2397 640 prima
2418 567 2676 622 invenire
2708 571 2906 638 potero
2929 567 3064 622 data
3083 565 3170 622 vel
3205 584 3476 638 possessa
3505 567 3624 625 sive

1975 675 2008 712 a
2038 657 2262 714 clericis
2293 658 2470 730 hujus
2503 674 2681 728 supra
2711 657 2938 728 scriptae
2971 656 3261 726 aecclesiae,
3289 645 3626 715 sive‘mona-

1975 747 2123 812 chis,
2141 748 2416 803 moderno
2440 751 2696 818 tempore
2719 763 2752 800 a
2771 746 3083 802 venerabili
3103 747 3466 818 Ragenfredo
3487 765 3625 820 prae-

1975 837 2101 892 sule
2123 837 2316 891 divino
2340 841 2484 890 nutu
2509 835 2865 901 constitutis,
2885 839 3023 890 sunt
3039 835 3375 904 reddita,vel
3397 838 3468 892 ab
3493 837 3624 893 aliis

1975 925 2263 998 religiosis
2281 925 2420 980 viris
2442 941 2545 996 pro
2564 941 2804 979 suarum
2826 924 3013 980 salute
3036 925 3368 980 animarum
3390 926 3622 999 largita,

1976 1017 2128 1072 sicut
2157 1015 2216 1070 in
2250 1014 2431 1070 nostri
2463 1014 2788 1070 archisterii
2828 1014 3062 1086 scriptis
3104 1014 3378 1088 repperiri
3411 1021 3619 1088 potest,

1973 1106 2091 1162 veri
2125 1104 2332 1160 calami
2366 1103 2554 1160 ofﬁcio
2585 1103 2973 1159 transcribere
3004 1103 3240 1160 curabo.

2045 1195 2167 1250 VII.
2199 1193 2366 1250 Prius
2394 1193 2502 1264 (2-3)
2539 1196 2733 1247 tamen
2793 1193 2947 1264 quod
3007 1193 3328 1248 assertione
3370 1193 3626 1252 veridica

1976 1288 2309 1340 nostrorum
2341 1281 2519 1336 didici
2551 1279 2847 1336 seniorum
2868 1281 3213 1336 summatim
3237 1281 3625 1356 perstringere

1975 1371 2166 1440 libuit,
2193 1371 2444 1444 qualiter
2484 1387 2517 1423 a
2546 1370 2800 1441 quodam
2837 1369 2961 1424 Elia
3000 1370 3271 1443 episcopo
3301 1372 3412 1444 (24)
3444 1389 3477 1426 a
3508 1371 3624 1444 pri-

1975 1480 2077 1519 sea
2105 1459 2406 1518 nobilitate
2429 1459 2548 1517 sive
2571 1457 2826 1516 maximo
2850 1458 3069 1516 honore
3091 1459 3389 1528 deciderit,
3405 1461 3504 1531 qui
3529 1478 3627 1517 au-

1976 1549 2241 1608 ctoritate
2271 1549 2645 1622 regia,quam
2678 1548 2823 1604 forte
2853 1553 3073 1604 emerat
3103 1548 3388 1621 pecuniis,
3415 1566 3626 1621 super-

1977 1641 2433 1711 eam,potcstate
2477 1637 2734 1708 indepta,
2760 1654 3044 1709 usurpare
3075 1654 3209 1693 cum
3267 1637 3450 1695 armis
3507 1656 3623 1695 non

1975 1729 2197 1797 timuit,
2231 1727 2290 1782 in
2321 1725 2508 1798 ipsius
2539 1725 2810 1782 aecclesiae
2853 1725 3161 1782 liminibus
3198 1727 3382 1784 multo
3421 1745 3625 1785 cruore

1977 1819 2160 1873 effuso
2183 1815 2292 1887 (25)
2329 1816 2468 1870 dum
2504 1814 2773 1870 monachi
2815 1814 3068 1886 priorem
3109 1819 3328 1872 statum
3368 1815 3628 1873 colerent

1975 1911 2150 1978 atque
2180 1903 2519 1976 episcopum
2563 1902 2962 1958 abhorrerent.
2981 1903 3144 1958 Unde
3175 1904 3393 1960 factum
3433 1909 3522 1961 est
3558 1909 3626 1962 ut

1975 1993 2395 2050 monachorum
2423 1990 2660 2063 plurimi
2683 1991 2874 2046 locum
2901 1990 2991 2046 eui
3016 2009 3076 2046 se
3095 1991 3439 2048 devoverant
3469 1993 3628 2049 dese-

1975 2086 2260 2148 rerent,et
2290 2081 2348 2136 in
2381 2078 2728 2151 Burgundiae
2758 2079 3024 2150 partibus
3055 2085 3197 2152 aput
3226 2081 3459 2136 beatum
3493 2082 3627 2138 Ger-

1976 2189 2218 2228 manum
2245 2169 2805 2225 Autissioderensem
2840 2174 3290 2238 eommorantes,
3323 2170 3625 2242 praesentis

1973 2261 2102 2316 vita!
2123 2276 2360 2315 cursum
2393 2257 2607 2312 ibidem
2642 2256 2938 2311 ﬁnierunt.
2965 2257 3278 2313 Praedictus
3311 2275 3446 2331 ergo
3478 2254 3620 2332 prae-

1977 2350 2088 2416 sul,
2116 2353 2285 2404 nacta
2313 2345 2617 2402 occasione
2650 2346 2947 2417 praaciosa,
2971 2362 3099 2416 qua;
3131 2346 3210 2400 ibi
3251 2348 3504 2420 repperit
3520 2363 3626 2404 nr-

1975 2441 2254 2493 namenta
2282 2451 2535 2506 vasaque
2568 2433 2794 2489 diversa
2835 2451 3011 2488 aurea
3045 2435 3134 2490 vel
3173 2441 3468 2508 argentea,
3498 2454 3624 2509 quae

1975 2525 2327 2597 concupivit,
2357 2522 2716 2594 absportavit
2738 2527 2912 2592 atque
2951 2522 3242 2590 distraxit,
3266 2529 3450 2580 terras
3482 2541 3624 2597 quo-

1975 2632 2088 2688 que
2117 2613 2436 2670 sanctuarii
2471 2628 2616 2683 quas
2662 2610 3068 2683 religiosorum
3098 2610 3353 2668 virorum
3385 2614 3623 2669 muniﬁ-

1975 2703 2166 2759 centia
2199 2702 2456 2766 dederat,
2479 2699 2538 2754 in
2562 2697 2776 2771 quibus
2800 2699 3109 2755 extendere
3139 2717 3381 2756 manum
3415 2702 3622 2774 potuit,

1976 2790 2226 2864 propriis
2253 2789 2461 2845 usibus
2483 2787 2883 2860 stipendiariis
2905 2788 3240 2860 mancipare
3266 2807 3377 2845 non
3401 2790 3624 2863 timuit,

1976 2881 2218 2952 suisque
2247 2877 2604 2943 domesticis,
2629 2894 2777 2932 ausu
2799 2877 3128 2943 temerario,
3152 2878 3211 2933 in
3234 2879 3514 2937 beneﬁcio
3546 2880 3628 2936 di-

1972 2969 2168 3024 videre
2198 2967 2593 3040 prmsumpsit.
2626 2965 2939 3020 Imbecillis
2979 2970 3175 3022 autem
3207 2968 3380 3023 turba
3417 2985 3625 3025 mona-

1977 3058 2241 3123 chorum-5
2266 3073 2393 3128 quae
2421 3055 2499 3110 ibi
2525 3059 2907 3121 remanserat,
2931 3055 3128 3111 nescio
3151 3072 3264 3128 quo
3286 3063 3569 3130 pergeret,
3593 3077 3627 3115 a

1982 3146 2227 3220 praesule
2257 3162 2429 3218 parce
2459 3161 2526 3199 ac
2557 3143 2938 3199 inclementer
2965 3144 3249 3200 alebatur.
3270 3147 3508 3204 Interim
3540 3147 3624 3205 lo-

204 3198 410 3288 vest
438 3198 657 3304 gladiis
679 3198 1319 3306 acanthini;
1897 3198 1941 3266 α
1979 3198 2082 3292 cus
2111 3198 2526 3291 olimreelebris
2555 3237 2730 3303 atque
2751 3231 3504 3305 OpinatiSSimus'paulatim
3533 3237 3628 3294 de.

205 3319 422 3393 legisse
451 3338 550 3378 me
581 3322 824 3378 memini
865 3325 1202 3396 quempiam
1241 3328 1515 3395 evasisse,
1541 3347 1728 3403 neque
1761 3331 1867 3388 ali-

210 3425 412 3482 quem,
438 3413 652 3482 prazter
669 3427 876 3479 unum,
901 3411 960 3467 in
991 3414 1325 3484 captivitate
1357 3417 1597 3474 ductum
1621 3420 1752 3492 (22).
1787 3421 1868 3478 De

207 3515 466 3571 quorum
500 3498 785 3572 sanguine
816 3499 1062 3556 madidae
1092 3501 1303 3558 bibula
1325 3521 1512 3560 arenae
1545 3525 1648 3579 per
1677 3510 1869 3566 undas

205 3587 298 3645 sui
330 3587 624 3656 ﬂuminis,
648 3588 818 3660 quasi
847 3593 1142 3662 pertesum
1173 3591 1476 3661 habentes,
1508 3597 1699 3668 ipsum
1732 3617 1868 3655 san-

203 3677 452 3750 guinem
494 3681 846 3746 evomentes,
881 3678 1054 3752 longo
1084 3681 1287 3738 ordine
1325 3698 1486 3740 mare
1525 3687 1866 3759 contiguum

203 3765 505 3821 inmundo
536 3781 742 3822 cruore
771 3765 1062 3824 inﬁciunt.

276 3855 383 3911 Set
401 3853 551 3926 quia
570 3853 728 3910 calor
757 3855 988 3912 dicendi
1021 3873 1114 3913 me
1142 3859 1426 3930 compulit
1444 3861 1865 3935 digressionem

274 3977 392 4056 (18)
425 3975 556 4043 Hie,
586 3984 824 4056 rostrum
869 3979 1121 4056 profero
1151 3979 1383 4035 videtur
1423 3985 1717 4056 usurpari,
1752 3986 1867 4042 nisi

203 4047 292 4104 sit
311 4047 524 4121 aliqua
549 4047 708 4105 vocis
739 4047 1052 4121 corruptio.

299 4119 398 4195 l9)
418 4119 524 4195 ]ta
549 4121 686 4195 cod.
703 4137 807 4195 pro
837 4119 1114 4195 supparis,
1147 4137 1359 4195 nempe
1388 4123 1530 4180 velis
1562 4127 1820 4182 navium.

297 4191 396 4272 20)
419 4191 634 4272 Delum
665 4191 1260 4272 Astingi’Lunamque
1274 4191 1500 4272 i1rb_em_
1520 4196 1602 4252 ita
1631 4199 1869 4272 subrep-

206 4265 329 4336 tam
362 4262 563 4336 fusius
594 4267 793 4336 narrat
822 4262 952 4336 prae,
968 4262 1244 4336 omnibus
1273 4265 1437 4322 Dudo
1467 4268 1664 4324 Sancti
1687 4262 1866 4336 Quin-

205 4333 336 4399 tini,
360 4333 557 4405 primo
587 4333 778 4405 operis
807 4333 899 4390 sui
923 4335 993 4390 de
1015 4335 1277 4392 moribus
1297 4341 1354 4392 et
1382 4339 1526 4394 actis
1544 4333 1865 4398 Normano-

203 4421 340 4485 rum
365 4405 799 4485 capitulo(His_t.
823 4405 1121 4485 ﬁformann.
1137 4410 1324 4485 script.
1338 4412 1515 4485 antiq.
1543 4428 1598 4483 p.
1619 4413 1690 4466 63
1710 4418 1866 4485 sqq.)

202 4477 393 4554 gnem
441 4476 712 4554 sequitur
741 4476 1090 4554 Guillelmus
1129 4476 1629 4554 Gemeticus,cap.
1663 4501 1719 4537 1x
1747 4476 1866 4539 ét'x

1977 3341 2266 3389 crescens,
2290 3321 2541 3395 pristina
2562 3321 2801 3393 quidem
2823 3321 3105 3392 dignitate
3127 3321 3434 3396 ofﬁcioque
3455 3325 3624 3384 solito

1973 3413 2270 3479 viduatus,
2297 3429 2330 3466 a
2359 3409 2574 3484 populo
2606 3407 2770 3465 nulla
2797 3410 3164 3466 veneratione
3195 3410 3410 3484 dignus
3446 3413 3622 3471 habe-

1977 3503 2170 3558 batur.

2049 3591 2186 3646 Post
2206 3606 2320 3644 non
2344 3587 2597 3642 multum
2617 3603 2748 3642 vero
2770 3585 3071 3659 temporis,
3097 3592 3328 3645 mortuo
3351 3589 3622 3664 episcopo

1976 3678 2120 3748 Elia,
2147 3677 2246 3750 qui
2275 3676 2432 3732 hunc
2461 3675 2656 3732 locum
2695 3675 2989 3748 regalibus
3027 3675 3216 3733 titulis
3246 3677 3618 3750 insignitum,
3720 3672 3722 3675 ’

1977 3765 2242 3823 demonis
2283 3766 2406 3820 face
2454 3779 2793 3828 succensus,
2819 3763 2890 3818 ad
2952 3763 3200 3820 nihilum
3229 3767 3414 3834 duxit,
3447 3773 3620 3841 atque

1977 3856 2226 3913 alterum
2257 3851 2798 3910 sanctimonialium
2822 3853 3154 3909 ccenobium
3190 3854 3250 3909 in
3278 3861 3476 3912 monte
3500 3857 3618 3914 Leu

1975 3976 2343 4036 Normanniae
2361 3975 2614 4042 antiquae
2637 3974 2922 4031 recentior
2935 3974 3619 4042 bistorieus,Theodoriis

1977 4041 2239 4123 Licquet,
2262 4048 2349 4123 vir
2369 4048 2468 4120 qui
2501 4041 2807 4123 Rotomagi
2827 4047 2886 4102 in
2915 4047 3104 4119 patria
3133 4066 3240 4123 sua
3261 4041 3532 4108 eruditus
3561 4059 3620 4110 et

1975 4119 2403 4196 sagaxmerjta
2447 4135 2586 4196 sane
2623 4119 2987 4196 habebatur,
3015 4121 3213 4176 omnia
3241 4138 3369 4192 quae
3428 4127 3620 4196 vetera

1973 4189 2248 4250 chronica
2280 4191 2350 4246 de
2379 4190 2570 4264 prisco
2620 4189 2719 4244 illo
2765 4190 3151 4264 barbarorum
3190 4189 3617 4264 septentriona-

1973 4265 2119 4320 lium
2143 4265 2289 4318 duce
2308 4260 2692 4328 tradiderunt,
2720 4276 2912 4318 meras
2934 4262 3160 4318 fabulas
3181 4260 3475 4320 declarare
3503 4283 3617 4322 non

1972 4335 2192 4392 timuit.
2218 4334 2379 4389 Conf.
2405 4333 2512 4387 Th.
2540 4326 2800 4404 LieqUet,
2829 4335 3060 4389 Histoire
3085 4335 3151 4390 de
3179 4335 3508 4392 Normandie
3535 4339 3620 4392 de-
3709 4326 3718 4332 ’

1968 4409 2098 4480 puis
2128 4408 2202 4462 tes
2231 4414 2397 4476 temps
2428 4405 2507 4480 les
2529 4404 2664 4480 plus
2695 4405 2916 4480 recuies
2934 4405 3160 4480 jusqu’a
3189 4407 3243 4460 ia
3271 4411 3525 4478 conquéte
3552 4407 3618 4465 de

1973 4475 2421 4549 i'Angleterre’en
2455 4477 2608 4546 1065,
2642 4479 2685 4530 t.
2721 4475 2763 4542 Ι,
2797 4493 2854 4547 p.
2886 4475 2976 4543 58,
3009 4475 3141 4532 note
3169 4481 3223 4532 2.

201 4545 373 4633 (ibid.
424 4545 561 4620 pag.
777 4565 830 4616 c,
864 4549 940 4633 ο),
975 4551 1196 4633 addens
1253 4545 1592 4633 barbarum-
1629 4555 1859 4633 ducem,
1893 4569 1939 4633 D
2191 4549 2324 4633 Eeg.
2356 4548 2533 4633 βίω».

205 4618 387 4697 guns:
419 4618 553 4697 esse
584 4619 853 4690 potitum,
878 4618 1020 4697 dum
1066 4622 1309 4697 Romam
1345 4624 1569 4697 cepisse
1590 4618 1860 4697 putaret;

204 4688 470 4763 Primam
506 4688 681 4763 Lunae
711 4692 1158 4763 expugnationis
1198 4688 1552 4749 mentio—nem
1588 4688 1645 4750 in
1676 4702 1864 4752 vetere

201 4760 493 4836 chronico
524 4761 727 4836 incerti
772 4760 1052 4836 auctoris,
1075 4765 1179 4836 sed
1213 4765 1327 4836 qui
1379 4767 1704 4822 monachus
1737 4767 1861 4823 Flo-

201 4831 496 4908 riaeensis
527 4832 710 4908 fuisse
733 4835 1148 4908 videtur,_edito
1172 4831 1491 4892 ab'Andrea
1517 4838 1860 4908 Duchesnio,

202 4902 565 4975 invenimus.
600 4905 773 4960 Tacet
801 4907 873 4961 de
903 4906 1034 4960 dolo
1073 4906 1412 4975 Normanni,
1449 4924 1553 4963 nec
1583 4909 1739 4965 aliud
1776 4902 1862 4964 re;

201 4972 316 5027 fert
346 4974 420 5028 de
453 4974 599 5049 urbe
627 4976 882 5032 Lunensi
912 4993 1090 5049 quam
1131 4994 1314 5048 pauca
1343 4972 1465 5034 haec
1497 4981 1669 5035 verba
1693 4999 1740 5035 :«
1769 4981 1862 5036 Al-

202 5049 461 5124 stagnus
482 5062 526 5124 _a
559 5046 1110 5124 Francorum—terra
1131 5046 1249 5120 per
1278 5049 1570 5124 oceanum
1623 5051 1863 5124 pelagus

205 5113 442 5194 italiam
475 5117 742 5194 tendens,
770 5119 946 5194 Lunai
967 5113 1210 5194 portum
1243 5121 1434 5192 attigit
1459 5127 1517 5176 et
1543 5113 1734 5194 ipsam
1753 5113 1860 5179 ’ἶπ-

201 5185 358 5267 ὺεξε
376 5189 667 5267 continuo
687 5191 882 5267 ccepjt.
905 5214 934 5240 ››
957 5185 1113 5262 (Hist.
1139 5185 1442 5246 Normann.
1469 5185 1653 5267 script.
1686 5197 1859 5267 antiq.

202 5273 264 5337 ρ.
285 5258 384 5322 32,
397 5263 492 5337 ρ.)
520 5259 603 5315 Ibi
635 5261 753 5316 dux
778 5258 1424 5337 Normannusvocatur
1449 5258 1864 5337 Alstagnusfa

203 5329 508 5408 gemetieo
566 5337 761 5408 autem
813 5335 1114 5408 Astingus.
1146 5335 1219 5408 At
1272 5333 1329 5388 in
1365 5329 1862 5408 DudoueVSanlti

204 5399 497 5476 Qpiptini,
523 5403 745 5474 majore
773 5399 1070 5472 varietate,
1101 5405 1313 5476 legitur
1341 5410 1398 5460 et
1425 5406 1770 5474 Anstinnus,
1805 5411 1863 5464 et

201 5469 532 5552 nistignus,
567 5469 693 5530 tum
740 5469 1083 5552 Adstignus‘,
1117 5469 1434 5552 Astelmus,
1469 5482 1594 5552 tum
1649 5469 1863 5552 saepius

203 5545 558 5621 Anstignvs,
589 5551 658 5621 ut
699 5545 1112 5621 nomenwducis
1157 5547 1331 5621 istius
1360 5548 1610 5616 barbari,
1645 5551 1714 5605 de
1731 5545 1861 5621 'quo

207 5612 438 5703 nullum
467 5617 798 5703 reperimus
842 5620 1156 5703 vestigium
1179 5618 1248 5703 ‘i‘n
1281 5633 1474 5703 rerum
1507 5612 1861 5703 ‘Italicarum

207 5684 602 5757 scriptoribus
650 5706 683 5745 a
734 5684 1047 5750 Muratorib
1110 5686 1388 5746 collectis.
1423 5689 1562 5749 Inde
1618 5693 1863 5750 fortasse

2045 4615 2158 4689 (22)
2191 4615 2323 4686 Quae
2355 4618 2446 4674 bic
2478 4621 2675 4690 narrat
2711 4615 2928 4690 Paulus
2972 4617 3042 4690 de
3078 4617 3354 4690 gHastingi
3389 4619 3448 4673 in
3480 4617 3616 4674 Car-

1973 4687 2274 4748 notensem
2310 4705 2525 4762 pagum
2556 4687 2865 4762 invasione
2883 4692 2940 4742 et
2976 4688 3046 4762 de
3077 4687 3617 4762 Northrnannorum

1973 4765 2043 4818 ad
2079 4763 2216 4818 Divo
2241 4758 2634 4832 ﬂu'vii'ostium
2658 4758 2822 4832 clade
2852 4759 3250 4832 interfabulas
3268 4761 3614 4832 ableganda.

2041 4835 2155 4902 (23)
2186 4833 2289 4888 Hic
2319 4829 2723 4903 paragrapbus
2766 4831 2840 4903 in_
2864 4831 2968 4903 cod
2992 4831 3064 4903 AB.
3099 4847 3233 4903 cum
3267 4829 3490 4888 levib'us
3520 4851 3615 4888 va-

1973 4901 2281 4961 rietatibus
2316 4901 2532 4974 legitur
2578 4901 2778 4972 sicque
2826 4901 3066 4973 incipit:
3093 4902 3339 4969 Qualiter
3379 4912 3557 4960 autem
3585 4923 3616 4961 ιι

1965 4979 2154 5049 prima
2181 4973 2463 5049 nobilitate
2481 4980 2652 5049 atque
2676 4975 2927 5049 maxime
2974 4973 3488 5049 hvonorehprwfatus
3535 4977 3618 5030 ιο-

1969 4994 2154 5049 pruna
2181 4989 2463 5030 noouuaw
2491 4989 2650 5097 otiae
2685 4989 2927 5028 maximo
2974 4989 3175 5028 nouare
3220 4989 3488 5047 prae/atus
3535 4989 3618 5030 ιο-

1969 5065 2063 5104 cus
2091 5047 2284 5102 Sancti
2339 5046 2490 5099 Petri
2569 5043 2811 5108 eciderit,
2844 5045 2986 5099 sicut
3031 5045 3272 5101 veridica
3327 5049 3619 5102 assertione

1969 5120 2246 5175 seniorum
2273 5115 2453 5172 dedici
2496 5117 2811 5169 summatim
2835 5117 3201 5187 perstringere
3248 5120 3455 5172 curavi.
3489 5120 3616 5173 Fer-

1971 5200 2062 5247 tur
2090 5205 2212 5260 ergo
2243 5205 2277 5242 a
2308 5187 2559 5260 quodam,
2584 5187 2740 5260 Helia
2779 5189 3021 5251 nomine,
3049 5189 3147 5259 qui
3175 5188 3620 5258 quadragesimus

1969 5257 2234 5319 secundus
2263 5257 2484 5314 antistes
2521 5257 2681 5330 hujus
2726 5260 2880 5314 urbis
2933 5257 3137 5329 extitit,
3169 5257 3488 5316 auctoritate
3532 5276 3619 5316 re-

2010 5336 2083 5389 ia.
2125 5338 2232 5387 etc.

1970 5353 2277 5473 mihi?!)
2307 5416 2459 5456 anno
2490 5401 2597 5474 840
2626 5400 2696 5455 ad
2729 5416 2948 5474 annum
2980 5402 3104 5456 846.
3127 5400 3195 5474 D_.
3226 5399 3440 5474 Muley.

2044 5471 2153 5546 (25)
2183 5474 2318 5529 Cod.
2347 5474 2410 5541 Β,
2438 5487 2536 5546 pro
2566 5472 2695 5526 dum
2725 5473 2998 5546 monachi,
3031 5477 3139 5527 etc.
3164 5471 3341 5546 habet
3373 5471 3622 5528 {Introi-

1973 5542 2085 5603 tum
2108 5542 2270 5601 suum
2301 5542 2585 5614 lugubrem
2605 5551 2762 5614 atque
2790 5544 3062 5598 initialem
3090 5542 3361 5614 exhibuit,
3393 5553 3445 5599 et
3475 5547 3628 5600 inex-

1973 5619 2248 5674 tricabiles
2279 5613 2528 5671 diuiduas
2560 5612 2960 5670 habitatoribus
3003 5613 3210 5684 injecit.
3245 5612 3390 5671 Unde
3418 5616 3630 5684 factum

1973 5695 2071 5759 est,
2105 5694 2213 5746 etc.
