3988 6072
369 309 480 370 ιθι

1251 307 1487 368 PAULI
1532 305 1595 367 S.
1629 306 1864 366 PETRI
1909 302 2447 368 CARNOTENSIS
2492 307 2872 371 MONACHI.

3649 317 3766 376 {92

367 461 574 521 garum
597 463 710 502 non
731 443 903 517 longe
925 442 996 498 ab
1019 441 1161 498 urbe
1178 441 1494 496 Carnotum
1515 438 1809 512 eleganter
1830 436 2008 492 situm
2037 436 2092 503 Α
2123 457 2335 509 magno
2365 442 2579 515 gaudio
2609 445 2877 512 recedtis,
2902 449 3078 518 atque
3123 447 3422 506 adnitente
3459 451 3642 508 totius
3674 469 3774 525 po-

368 536 491 594 solo
521 541 693 592 tenus
723 533 1028 596 destruxit,
1053 532 1282 587 hostilis
1314 547 1524 586 manus
1547 528 1836 584 civitatem
1860 525 2012 582 obsi-

369 625 539 682 dione
557 625 803 696 cepitet,
819 623 971 679 sicut
989 621 1401 694 praemisimus,
1417 619 1550 690 igne
1566 617 1862 672 succendit
1878 619 2011 684 (26).

370 716 534 771 Tunc
565 712 834 785 equidem
868 729 1018 782 sa=qe
1051 711 1244 765 dictus
1283 708 1446 764 locus
1477 709 1548 763 ab
1580 707 1846 762 hostibus
1879 723 2014 779 pro-

371 805 687 878 phanatus,
713 801 948 873 ignibus
981 801 1150 855 etiam
1185 802 1607 854 concrematur.

439 893 590 948 VIII.
625 892 768 947 Pace
815 907 968 950 vero,
993 889 1189 946 divina
1237 885 1669 958 propiciatione,
1700 884 1948 948 reddita,
1983 902 2017 939 a

370 983 623 1056 quodam
655 980 926 1052 episcopo
970 980 1080 1044 (27)
1115 977 1308 1031 divino
1349 975 1649 1042 instinctu,
1675 991 1849 1044 parvo
1882 972 2018 1028 licet

371 1076 625 1127 scemate
683 1070 1016 1126 rediﬁcatus
1057 1069 1166 1137 (2R)
1216 1065 1556 1120 clericorum
1615 1062 1823 1118 ofﬁciis
1879 1079 2013 1116 cum

370 1161 598 1218 modico
631 1176 806 1214 sensu
837 1157 1087 1213 traditus
1118 1172 1244 1210 esse
1277 1153 1632 1226 perhibetur.

441 1250 528 1306 IX.
560 1249 1000 1313 Verumtamen,
1050 1245 1264 1302 civium
1315 1242 1506 1314 culpis
1561 1240 1948 1312 exigentibus,
1981 1257 2016 1296 a

369 1338 614 1412 paganis
644 1335 1058 1393 transmarinis
1080 1335 1221 1390 urbs
1243 1350 1476 1388 rursum
1499 1335 1780 1396 vastatur,
1805 1334 1862 1384 et
1892 1330 2017 1401 ipse

367 1430 532 1486 locus
561 1427 827 1484 funditus
858 1425 1198 1487 destruitur,
1232 1427 1288 1478 et
1317 1437 1504 1494 usque
1535 1421 1604 1476 ad
1638 1425 1872 1491 tempus
1904 1418 2018 1473 Ha-

367 1519 636 1592 ganonis,
660 1515 896 1589 gloriosi
947 1511 1235 1586 praesulis,
1264 1511 1346 1566 ita
1395 1509 1735 1583 permansit.
1763 1506 1868 1573 Qui
1899 1505 2016 1605 cla-

368 1628 470 1667 rus
499 1606 729 1680 generis
760 1604 1062 1661 nobilitate
1085 1619 1148 1658 ac
1182 1601 1576 1656 humanarum
1609 1613 1803 1652 rerum
1834 1601 2017 1667 copiis

366 1699 740 1763 habundans,
764 1694 1052 1766 bonisque
1070 1689 1388 1746 virtutibus
1414 1687 1694 1750 emicans,
1719 1682 2019 1740 condoluit

2126 529 2248 602 puli
2281 547 2589 598 consensu,
2625 550 2805 606 supra
2851 541 3170 592 memorato
3203 538 3374 595 Alveo
3422 541 3631 598 abbate
3678 559 3773 597 sa-

2125 623 2304 686 crato,
2328 621 2544 677 victum
2586 627 2644 678 et
2681 626 2878 680 omnia
2917 629 3246 683 necessaria
3283 628 3522 701 largiter
3559 632 3644 688 eis
3674 649 3772 689 ac-

2125 711 2830 778 commodavit,a3cclesias
2857 714 3029 770 etiam
3063 722 3238 789 atque
3251 717 3417 775 villas
3438 737 3584 792 quas
3605 727 3775 778 ante-

2125 813 2384 854 cessores
2415 801 2504 854 sui
2546 818 2721 872 prava
2772 809 3196 874 usurpaverant
3243 807 3580 875 ambitione,
3613 811 3774 866 omni

2123 885 2356 942 excluso
2388 889 2702 945 dubietatis
2742 891 3076 964 bithalapso
3097 895 3226 966 (31),
3253 897 3606 954 subtrahens
3639 900 3772 969 sibi,

2125 974 2520 1046 stipendiariis
2553 979 2758 1034 usibus
2781 983 3150 1054 jamjamque
3183 985 3415 1040 redivivi
3439 988 3629 1044 ordini
3662 989 3778 1046 ala-

2124 1063 2297 1118 criter
2323 1066 2592 1123 reddidit.
2619 1069 2996 1126 Viridiarium
3021 1089 3251 1145 quoque
3271 1077 3424 1146 quod
3450 1076 3628 1133 situm
3649 1083 3778 1136 erat

2115 1154 2286 1224 juxta
2316 1155 2641 1212 coenobium
2667 1163 2996 1234 terramque
3017 1163 3378 1234 contiguam,
3402 1167 3611 1237 priscis
3631 1173 3777 1224 tem-

2124 1243 2385 1315 poribus,
2419 1245 2490 1300 ad
2540 1246 2828 1320 episcopis
2887 1249 3037 1306 male
3068 1256 3374 1318 retentam,
3407 1272 3510 1327 per
3563 1255 3774 1327 ingens

2125 1333 2418 1403 quoddam
2453 1335 2776 1392 turibulum
2810 1344 3150 1411 argenteum
3182 1341 3370 1400 libens
3395 1346 3771 1403 contradidit.

2125 1419 2270 1486 Quia
2303 1439 2430 1478 vero
2461 1427 2579 1480 tam
2639 1425 2712 1480 ab
2761 1427 2886 1484 Elia
2917 1445 3094 1500 quam
3128 1431 3200 1486 ab
3258 1431 3390 1490 aliis
3448 1439 3580 1506 post.
3634 1452 3771 1492 eum

2124 1509 2599 1582 episcopantibus
2631 1515 2870 1572 reddere
2912 1522 3100 1576 terras
3139 1520 3402 1591 nequivit
3431 1522 3556 1579 sine
3583 1524 3775 1596 quoli-

2125 1597 2222 1653 bet
2253 1601 2708 1672 rccuperationis
2732 1611 3020 1677 respectu,
3047 1607 3333 1666 militibus
3356 1610 3414 1666 in
3437 1617 3775 1669 casamento

2127 1685 2314 1755 datas,
2340 1707 2417 1746 xu
2448 1692 2774 1763 prebendas
2824 1695 2884 1750 in
2925 1697 3134 1768 majori
3163 1698 3426 1756 aacclesia
3471 1701 3776 1760 monachis

364 1789 560 1845 locum
579 1785 718 1843 olim
734 1783 970 1856 quidem
989 1782 1060 1837 ab
1078 1775 2017 1842 hominihusvenerandum,nunc
2045 1791 2094 1858 B
2127 1776 2410 1833 adtribuit
2449 1781 2580 1851 jure
2613 1787 2890 1856 perpetuo
2939 1785 3346 1857 possidendas,
3381 1790 3775 1848 anathematis

367 1883 562 1934 autem
595 1874 911 1932 admodum
942 1869 1271 1944 neglectum
1311 1873 1367 1924 et
1404 1867 1460 1922 in
1505 1863 1818 1922 solitudine
1847 1863 2012 1917 reda-

368 1971 550 2023 ctum.
573 1963 789 2020 Divinze
811 1960 1043 2016 virtutis
1065 1958 1186 2014 zelo
1207 1973 1546 2020 succensus,
1572 1953 1836 2010 accersiit
1865 1949 2012 2023 lapi~

369 2056 508 2112 dum
541 2069 768 2110 cesores
799 2055 974 2122 atque
1005 2047 1414 2108 cementarios.
1437 2045 1735 2117 impensas
1782 2043 2010 2107 tribuit,

368 2159 720 2217 magnopere
751 2140 943 2196 locum
967 2139 1165 2211 ipsum
1190 2141 1514 2192 restaurare
1539 2134 1903 2204 (29)jubens,
1933 2149 2016 2188 re-

368 2237 815 2302 stauratumque
827 2225 1146 2302 pontiﬁcali
1166 2223 1565 2281 benedictione
1583 2239 1812 2278 sacrare
1824 2223 2016 2278 decre-

366 2322 470 2378 vit.
487 2319 850 2376 Clerinomiaa
875 2333 1106 2388 quoque
1138 2314 1348 2370 seriem
1381 2312 1860 2384 instituens,quae
1891 2328 2014 2384 per.

369 2410 468 2466 dia
497 2424 826 2482 pernoxque
856 2405 1059 2461 laudes
1103 2404 1218 2459 Deo
1250 2403 1478 2459 debitas
1520 2401 1664 2456 inibi
1715 2401 2011 2467 redderet;

367 2503 426 2558 et
455 2497 514 2554 in
545 2515 691 2553 usus
721 2495 1081 2552 necessarios
1137 2493 1403 2548 tribuens
1433 2491 1484 2548 ei
1514 2491 1691 2546 vineze
1747 2490 2014 2546 clausum

368 2593 702 2660 terramque
730 2585 1087 2658 contiguam,
1113 2600 1289 2655 quam
1321 2586 1720 2637 antecessores
1749 2581 1896 2651 ejus,
1928 2597 2016 2636 sa-

370 2677 582 2750 crilego
612 2680 763 2738 voto,
797 2673 908 2730 sibi
969 2672 1404 2744 subripuerant,
1434 2688 1571 2726 rura
1600 2687 1832 2742 quoque
1886 2687 2013 2740 qua:

369 2765 616 2824 credidit
644 2765 906 2820 sufﬁcere
945 2761 1288 2818 clericorum
1328 2778 1572 2817 numero
1603 2765 1881 2833 perpetua
1907 2759 2017 2814 lar-

369 2854 586 2929 gitione
633 2853 998 2909 condonavit.
1023 2851 1440 2922 Qui,quandiu
1489 2849 1648 2912 vixit,
1673 2849 1866 2904 cordis
1923 2848 2012 2904 in-

367 2943 522 3002 tuitu
554 2942 743 3015 sagire
771 2939 972 3006 voluit,
1000 2939 1262 2994 intentus
1293 2938 1647 2994 utilitatibus
1671 2942 1846 3010 atque
1878 2954 2013 3008 pro-

365 3033 630 3089 voctibus
686 3030 818 3087 loci.
853 3032 974 3096 Quo
1026 3028 1174 3084 felici
1211 3027 1372 3084 obitu
1404 3027 1512 3100 (30)
1546 3027 1618 3082 ad
1676 3031 2012 3098 sanctorum

367 3121 661 3182 consortia
678 3120 747 3176 de
773 3119 977 3176 mundi
1001 3118 1182 3188 hujus
1205 3117 1407 3190 pelago
1428 3117 1499 3172 ab
1523 3117 1747 3190 angelis
1770 3116 2014 3174 transla-

365 3216 445 3280 to,
469 3211 528 3266 in
560 3210 896 3284 episcOpatu
919 3213 977 3264 et
997 3207 1344 3264 venerabilis
1368 3207 1769 3279 Ragenfredus
1789 3223 2016 3262 succes-

366 3301 466 3370 sit,
482 3299 580 3372 qui
602 3303 822 3372 quanto
845 3314 1041 3353 amore
1061 3296 1254 3352 locum
1273 3295 1537 3351 dilexerit
1560 3295 1723 3350 facile
1745 3294 2014 3366 sequenti

367 3405 540 3460 Opere
571 3391 760 3459 potest
789 3385 1046 3458 agnosci.
1071 3385 1219 3440 Nam
1251 3385 1379 3451 ejus
1419 3384 1612 3456 sagaci
1660 3383 1894 3456 ingenio
1927 3387 2013 3438 at-

366 3494 480 3550 que
529 3475 770 3531 instanti
815 3474 1201 3546 sucgestione.
1226 3473 1419 3527 clarus
1466 3489 1674 3542 genere
1730 3476 1786 3527 et
1842 3489 2014 3544 opere

363 3565 604 3630 Alveus;
632 3563 896 3634 ejusdem
937 3561 1047 3617 loci
1080 3562 1282 3626 abbas,
1307 3577 1440 3615 cum
1474 3559 1770 3616 canonicis
1800 3561 2015 3632 quibus

368 3670 612 3727 praeesse
641 3652 948 3706 videbatur
972 3654 1159 3706 artam
1187 3649 1339 3704 viam
1372 3649 1596 3722 ingredi
1631 3649 1872 3722 cupiens
1899 3667 2016 3721 qua

364 3741 624 3800 tenditur
654 3741 724 3796 ad
757 3745 959 3806 Deum,
988 3738 1047 3794 in
1101 3737 1448 3794 Floriacensi
1479 3738 1740 3793 cmnobio
1772 3737 2015 3794 clerino~

367 3831 496 3887 mia:
519 3830 726 3886 seriem
749 3827 1049 3900 religionis
1073 3827 1276 3883 habitu
1295 3843 1601 3893 exornans,
1618 3845 1720 3900 per
1739 3827 2016 3882 trienium

365 3936 632 3976 normam
665 3917 816 3974 beati
852 3915 1138 3972 Benedicti
1172 3914 1378 3970 sedula
1407 3915 1728 3972 intentione
1761 3933 1862 3988 per
1891 3918 2022 3972 obe'

365 4007 594 4064 dientiae
616 4007 836 4063 bonum
864 4004 1086 4070 didicit,
1111 4005 1380 4076 indeque,
1406 4008 1709 4061 revocante
1735 4022 1871 4078 sepe
1903 4023 2024 4061 me-

366 4094 648 4152 morando
677 4093 948 4167 episcopo
981 4091 1363 4167 Ragenfredo,
1392 4109 1524 4148 cum
1549 4093 1674 4148 suis
1695 4093 2020 4152 instructus

367 4183 734 4257 regularibus
768 4182 1117 4254 disciplinis,
1153 4182 1223 4238 ad
1266 4180 1459 4236 locum
1503 4182 1804 4253 proprium
1848 4184 2020 4239 rediit

366 4271 653 4336 Carnotis,
688 4287 887 4328 secum
921 4285 1165 4326 sumens
1200 4273 1258 4324 et
1299 4267 1442 4324 alios
1475 4269 1782 4325 duodecim
1815 4289 2018 4327 mona-

367 4361 529 4426 chos,
564 4376 711 4433 quos
751 4375 819 4415 ex
879 4357 1326 4431 congregatione
1385 4360 1872 4429 supramemorati
1905 4376 2017 4416 coe-

368 4448 524 4505 nobii
584 4447 794 4504 maluit
850 4446 1080 4519 eligere,
1111 4449 1176 4500 ut
1205 4450 1408 4500 contra
1439 4444 1665 4501 hostem
1707 4447 2014 4520 antiquum

2113 1865 2324 1936 jugulo
2357 1868 2568 1927 feriens
2621 1871 2816 1944 aliqua
2848 1874 3155 1934 dolositate
3209 1877 3390 1949 hujus
3446 1877 3776 1950 largitionis

2123 1951 2342 2010 donum
2372 1957 2672 2016 adnullare
2700 1961 2960 2020 volentes
2984 1965 3072 2021 vel
3102 1965 3301 2038 aliqua
3357 1968 3777 2025 exorbitatione

2123 2045 2388 2103 minuere
2415 2050 2840 2108 machinantes.
2867 2053 3068 2126 Itaque
3097 2056 3415 2113 monachos
3446 2057 3507 2113 in
3539 2074 3776 2115 summa

2122 2152 2263 2208 pace
2315 2138 2592 2210 degentes
2641 2143 3338 2216 agmentando,quandiu
3369 2145 3530 2213 vixit,
3583 2148 3774 2205 fovere

2123 2243 2236 2282 non
2255 2227 2500 2294 destitit,
2517 2231 2934 2288 ammonitione
2957 2238 3197 2304 paterna
3219 2253 3459 2309 persepe
3475 2243 3770 2306 exortans,

2124 2315 2291 2372 ﬁrmo
2322 2334 2527 2388 gressu
2561 2318 2620 2373 in
2651 2325 2854 2376 sancta
2902 2322 3180 2394 religione
3223 2326 3552 2395 persistere,
3581 2344 3772 2384 corre-

2123 2405 2334 2461 ctionis
2363 2407 2592 2464 sarculo
2623 2408 2893 2465 desidum
2925 2411 3074 2467 vicia
3107 2411 3370 2479 evellere,
3401 2415 3586 2471 bonos
3616 2415 3771 2472 utin

2124 2493 2336 2550 melius
2369 2497 2713 2568 proﬁcerent
2735 2499 2864 2570 jugi
2895 2499 3210 2557 informare
3229 2502 3494 2576 eulogiis,
3519 2506 3692 2561 rudes
3714 2510 3775 2563 et

2123 2583 2342 2639 inscios
2373 2589 2709 2642 sanctarum
2735 2587 3170 2660 Scripturarum
3202 2593 3454 2648 oraculis
3485 2594 3771 2662 imbuere,

2124 2673 2194 2728 ad
2226 2673 2442 2745 gaudia
2463 2674 2713 2731 uranicaa
2735 2677 2934 2748 patriae
2957 2679 3094 2734 totis
3121 2682 3374 2750 priscord
3384 2682 3455 2737 iis
3473 2683 3776 2744 annelal‘e.

2123 2763 2245 2828 Quo
2278 2762 2428 2818 felici
2453 2764 2613 2819 obitu
2647 2765 2718 2820 ab
2747 2765 2928 2836 hujus
2947 2769 3149 2824 mundi
3176 2769 3515 2827 ﬂuctuantis
3544 2773 3778 2828 naufra-

2122 2851 2216 2924 gio
2245 2851 2317 2906 ad
2351 2851 2642 2908 cmlestem
2695 2855 2948 2926 patriam
2999 2858 3456 2931 transmigrante
3477 2862 3608 2927 (32),
3643 2863 3777 2930 ejus

2122 2938 2294 3012 gleba
2322 2942 2580 3013 corporis
2609 2941 2667 2998 in
2704 2944 2966 3000 coenobio
2988 2963 3169 3018 supra
3189 2953 3512 3004 memorato
3543 2955 3675 3006 ante
3696 2950 3779 3007 al-

2120 3033 2242 3086 tare
2275 3029 2424 3084 beati
2459 3031 2603 3086 Petri
2637 3031 3038 3103 apostolicum
3070 3035 3266 3092 choris
3287 3035 3667 3108 psallentium
3700 3039 3780 3094 si-

2125 3115 2246 3172 mul
2279 3121 2335 3172 et
2365 3117 2631 3172 ﬂentium
2655 3118 2870 3175 honore
2891 3121 3088 3176 debito
3107 3127 3199 3178 est
3225 3122 3474 3195 sepulta,
3503 3125 3574 3180 ad
3595 3127 3774 3196 cujus

2124 3204 2309 3262 levam
2341 3206 2401 3262 in
2434 3223 2671 3278 corpore
2699 3207 2948 3278 quiescit
2977 3209 3386 3279 Guantelmus,
3404 3215 3776 3270 venerandus

2123 3293 2387 3361 antistes,
2412 3299 2513 3366 qui
2569 3296 2802 3368 proprio
2841 3297 3190 3366 interventu,
3215 3304 3390 3372 atque
3437 3300 3776 3358 ostensione

2122 3381 2414 3438 interioris
2445 3383 2653 3438 tunicze
2701 3400 2932 3456 semper
2961 3385 3218 3458 Virginis
3259 3387 3473 3453 Mariae,
3497 3389 3570 3444 ab
3605 3389 3775 3446 obsi-

2124 3471 2295 3527 dione
2326 3471 2490 3527 urbis
2517 3472 2752 3528 odiosas
2789 3473 3258 3530 Normannorum
3310 3476 3505 3550 abegit
3533 3477 3779 3548 phalan-

2123 3575 2246 3632 ges.
2300 3559 2518 3616 Deinde
2577 3560 2884 3617 Fulbertus
2943 3563 3154 3634 praesul
3186 3565 3300 3635 (33)
3331 3567 3776 3635 memorandus,

2125 3646 2226 3718 qui
2259 3651 2489 3718 quantae
2523 3649 2698 3704 fuerit
2726 3649 3024 3722 sapientiae
3049 3652 3193 3723 .ejus
3239 3651 3596 3725 agiographa
3625 3654 3783 3712 mira

2126 3734 2434 3791 dulcedine
2469 3736 2778 3809 ﬂagrantia
2809 3736 3137 3810 legentibus
3166 3739 3489 3804 insinuant.
3519 3743 3604 3798 Ad
3637 3744 3782 3800 dex-

2124 3828 2310 3880 teram
2337 3842 2486 3896 vero,
2510 3825 2902 3890 Theodericus
2924 3811 3440 3901 episc0pus,cujus
3463 3831 3782 3888 Ambrosim

2127 3929 2267 3984 opes
2291 3911 2446 3968 velut
2471 3918 2699 3968 torrens
2725 3915 3050 3983 afﬂuentes,
3076 3916 3419 3988 praeclarum
3441 3935 3590 3991 opus
3611 3919 3782 3976 almae

2129 3999 2334 4056 matris
2351 4000 2578 4056 Domini
2609 4000 2751 4056 aulae
2773 4002 3152 4074 complentes,
3173 4005 3418 4077 perediae
3443 4024 3676 4081 quoque
3699 4014 3786 4064 at-

2128 4105 2242 4161 que
2268 4088 2504 4146 bibesiae
2528 4090 2640 4162 (34)
2663 4090 2906 4163 inopum
2921 4093 3145 4166 jugiter
3168 4093 3432 4152 oviantes
3456 4097 3591 4168 (35),
3610 4114 3780 4154 sacro

2127 4176 2372 4249 dignum
2407 4178 2694 4250 praeconio
2722 4179 3005 4234 efﬁciunt.

2197 4264 2261 4320 X.
2292 4267 2421 4321 Post
2439 4266 2662 4322 obitum
2684 4267 2937 4338 denique
2957 4283 3093 4340 sepe
3115 4271 3477 4326 memorandi
3502 4271 3778 4344 praesulis

2128 4354 2496 4427 Ragentredi,
2523 4354 2878 4427 episcopavit
2898 4357 3008 4424 (36)
3038 4357 3213 4414 frater
3265 4360 3394 4432 ejus
3455 4359 3775 4430 Arduinus,

2126 4442 2320 4499 locum
2353 4444 2482 4514 ejus
2502 4443 2792 4510 obtinens,
2813 4462 2928 4501 non
2956 4444 3324 4520 religionem;
3349 4447 3446 4520 qui
3480 4448 3634 4505 fastu
3666 4467 3778 4507 su-

365 4538 525 4594 velut
553 4535 996 4592 robustissimos
1027 4538 1258 4607 tyrones
1296 4533 1354 4588 in
1389 4550 1532 4589 novo
1561 4535 1878 4591 certamine
1908 4537 2012 4592 ha-
2042 4523 2090 4588 Ι)
2121 4531 2330 4604 perbis:
2349 4531 2612 4588 tumidus
2629 4531 2763 4604 plus
2778 4550 2926 4605 equo
2945 4534 3264 4591 secularem
3284 4538 3639 4609 sequebatur
3653 4556 3779 4594 am-

368 4627 530 4682 beret
559 4626 879 4698 adjutores.
903 4621 1224 4696 Episcopus
1245 4639 1402 4694 ergo,
1427 4639 1530 4693 per
1557 4623 1737 4678 totius
1768 4623 2020 4680 intersti-

369 4714 525 4771 cium
558 4713 792 4770 triennii
815 4729 930 4785 quo
962 4729 1022 4767 se
1043 4712 1101 4766 in
1135 4714 1338 4766 sancta
1365 4709 1641 4782 religione
1673 4711 2025 4776 informaveq

369 4809 528 4870 runt,
553 4805 691 4860 edes
721 4803 792 4858 ad
836 4800 1217 4870 manendum,
1243 4798 1686 4872 claustrumque
1715 4803 2019 4860 monachis

370 4910 696 4966 congruum
741 4889 985 4946 instanti
1034 4889 1358 4943 construxit
1387 4904 1578 4961 opere.
1614 4890 1836 4955 Quibus
1884 4910 2019 4950 cum

440 5051 553 5120 (26)
586 5049 725 5104 Bod.
759 5048 802 5102 B
839 5045 1148 5120 subjungit
1180 5047 1395 5120 :iAtque
1441 5049 1744 5106 chrisciani
1790 5051 2020 5110 diversis

368 5117 637 5180 menibus
665 5120 812 5174 velut
837 5117 1394 5189 ρεαιάεείαηίαηιὶιν,

443 5196 556 5261 (27)
588 5193 630 5247 Β
665 5207 678 5245 :
712 5192 751 5245 Α
798 5204 1101 5246 successore
1148 5190 1320 5257 Helia,
1357 5207 1460 5263 pro
1519 5209 1553 5246 a
1609 5193 1842 5265 quodam
1897 5198 2018 5268 epi-

371 5281 548 5322 80000.

589 5334 673 5408 B_;
712 5331 1069 5401 Reediﬁcatur
1095 5331 1337 5408 ecclesia,
1363 5333 1790 5408 clericorumque
1815 5337 2020 5408 ofﬁciis

371 5423 497 5464 cum
524 5403 733 5461 modico
788 5418 954 5458 censu
1006 5403 1326 5476 perhibetur
1381 5419 1491 5476 esse
1545 5403 1780 5476 tradita;
1811 5403 2019 5466 deinde

369 5477 653 5535 meliorato
684 5483 934 5546 tempore,
959 5474 1286 5546 monachilis
1302 5474 1442 5546 ordo
1464 5477 1732 5534 adibetur.

440 5548 556 5621 (29)
585 5549 750 5602 Anno
781 5545 1010 5621 circiter
1034 5545 1162 5621 93οε
1196 5546 1260 5601 D.
1296 5545 1505 5620 Muley.

441 5615 558 5695 (30)
587 5621 753 5676 Anno
783 5617 912 5674 950.
943 5619 1012 5676 D.
1046 5615 1257 5691 Muley.
1455 5615 1472 5620 ⁷
1507 5649 1510 5652 ~

2127 4621 2606 4676 bitionem.Unde
2637 4620 2854 4676 factum
2887 4628 2977 4677 est
3009 4629 3074 4678 ut
3105 4624 3422 4681 monachos
3451 4642 3656 4683 exesos
3677 4627 3782 4684 ha-

2129 4708 2306 4775 beret,
2322 4725 2388 4762 ac
2405 4721 2606 4764 eorum
2631 4710 3006 4765 commodum
3029 4727 3202 4766 suum
3227 4711 3345 4768 fore
3368 4727 3647 4787 magnum
3673 4731 3783 4787 pu-

2127 4799 2278 4852 taret
2293 4796 3021 4870 detrimentum.0uicquid
3042 4802 3198 4856 enim
3217 4801 3639 4858 monachorum
3661 4804 3782 4860 usi-

2128 4885 2238 4942 bus
2270 4885 2520 4941 eximius
2547 4884 2756 4958 praesul
2789 4893 3154 4944 conccsserat
3187 4889 3572 4948 oblucuvians
3601 4891 3781 4963 quasi

2199 5047 2312 5120 (31)
2344 5047 2480 5120 Leg.
2515 5047 2828 5120 bithalasso.

2197 5117 2310 5188 (32)
2341 5117 2505 5173 Anno
2533 5117 2660 5174 960.

2197 5190 2310 5257 (33)
2341 5191 2508 5244 Anno
2540 5190 2698 5244 1007.

2199 5261 2309 5333 (34)
2343 5260 2595 5316 Perediat
2613 5261 2818 5333 edendi
2841 5261 3141 5328 aviditias;
3176 5264 3381 5318 bibesia
3402 5262 3637 5320 bibendi
3663 5264 3782 5320 avi-

2128 5332 2301 5407 ditas,
2325 5349 2394 5407 ex
2423 5332 2900 5407 interpretatione
2931 5333 3140 5388 Domni
3182 5333 3392 5407 Muley.

2200 5405 2312 5475 (35)
2346 5405 2428 5458 Ita
2458 5404 2655 5478 codex,
2689 5405 2938 5460 fortasse
2967 5421 3070 5478 pro
3100 5404 3400 5474 obviantés,
3433 5406 3588 5478 quod
3620 5413 3784 5464 esset

2127 5475 2283 5530 idem
2315 5491 2380 5529 ac
2406 5475 2763 5546 providentes.

2200 5547 2313 5616 (36)
2342 5548 2506 5602 Anno
2541 5546 2667 5601 960.
