3974 6076
188 362 216 420 1
227 361 340 419 997

839 358 1193 420 HOMILUE
1234 359 1313 419 IN
1357 357 1609 419 EPIST.
1656 357 1753 418 ET
1797 356 2086 418 EVANG.
2135 357 2482 420 DOMlNlC.
2517 390 2587 403 -ν-
2622 359 2821 418 PARS
2864 360 2940 419 ll.

3428 358 3584 421 1998

187 491 384 546 barum
411 497 463 546 et
489 489 920 557 Pharisaeorum,
955 494 1064 545 etc.
1100 490 1272 546 Porro
1316 488 1530 545 Scribze
1578 492 1636 544 et
1678 488 1828 543 Pha-
1857 488 1911 554 Α
1940 487 2326 543 homicidium
2358 489 2683 560 operis,sed
2711 488 2886 544 etiam
2915 487 3293 544 homicidium
3323 488 3587 547 volunta-

182 579 333 635 riszci
364 583 503 635 tunc
527 579 814 652 putabant
830 596 893 634 se
915 595 1042 633 esse
1050 579 1267 650 justos,
1287 579 1521 650 quando
1543 581 1831 649 praecepta

180 667 326 741 legis
358 667 480 724 solo
510 685 680 740 opere
711 667 1135 740 adimplebant,
1154 671 1430 739 putantes
1453 667 1523 721 de
1546 666 1684 721 solis
1702 683 1832 737 ope-

179 757 363 825 ribus,
417 774 533 813 non
582 756 651 812 de
700 756 1151 829 cogitationibus
1223 773 1351 811 esse
1419 755 1824 827 iudicandum.

181 846 798 918 [Estimabantquippc
821 846 1223 911 homicidium,
1240 844 1618 912 adulterium,
1637 848 1693 898 et
1709 844 1765 898 fu
1776 861 1831 898 r-

180 939 308 989 tum
335 935 527 1006 operis
560 939 789 989 tantum
822 934 880 989 in
912 934 1037 1007 lege
1059 952 1186 989 esse
1217 934 1598 1006 prohibitum.
1632 933 1830 987 Homi-

194 1023 413 1078 cidium
442 1039 599 1089 vero,
633 1022 989 1079 adulterium
1020 1028 1076 1079 et
1107 1023 1327 1078 furtum
1376 1022 1712 1089 voluntatis,
1744 1020 1831 1076 vel

190 1112 442 1179 nullum,
473 1111 561 1166 vel
589 1110 812 1167 veniale
844 1127 971 1167 esse
1001 1116 1325 1183 peccatum.
1359 1113 1469 1166 Sed
1518 1110 1637 1165 haec
1686 1109 1833 1165 falsa

184 1202 423 1272 justitia
451 1201 524 1256 ad
557 1200 806 1257 salutem
838 1218 955 1256 non
976 1201 1321 1257 sufficiebat.
1340 1201 1499 1256 Sicut
1529 1200 1685 1255 enim
1708 1199 1832 1255 sola

186 1291 338 1345 bona
363 1288 633 1345 voluntas
660 1289 710 1345 ei
745 1289 846 1362 qui
878 1289 1009 1362 plus
1041 1307 1156 1345 non
1186 1293 1378 1361 potest
1406 1290 1625 1345 sufficit
1648 1289 1720 1344 ad
1743 1306 1832 1344 sa-

183 1378 389 1445 lutem,
416 1379 588 1449 juxta
616 1377 782 1447 illud,
817 1386 868 1435 et
898 1381 959 1434 in
989 1386 1135 1435 terra
1162 1395 1278 1451 pax
1319 1380 1632 1434 hominibus
1681 1378 1831 1434 bona:

178 1468 480 1524 voluntatis
532 1467 681 1537 (Luc.
715 1467 797 1538 ιι),
830 1466 911 1522 ita
960 1467 1084 1522 sola
1133 1466 1287 1523 mala
1332 1466 1602 1523 voluntas
1647 1467 1697 1522 ei
1730 1467 1830 1539 qui

182 1554 319 1627 plus
351 1572 467 1610 non
499 1558 692 1627 potest
721 1555 939 1610 sufﬁclt
970 1556 1041 1610 ad
1074 1555 1533 1611 damnationem.
1568 1557 1665 1610 Est
1693 1572 1829 1627 ergo

181 1642 308 1700 sola
340 1642 495 1699 mala
524 1642 950 1711 voluntas,tam
983 1646 1136 1716 apud
1164 1644 1431 1700 homines
1463 1662 1639 1716 quam
1674 1644 1828 1715 apud

180 1733 388 1803 Deum,
423 1732 799 1788 damnabilis.
837 1734 931 1789 Est
980 1734 1136 1789 enim
1171 1734 1325 1807 apud
1374 1733 1643 1789 homines
1695 1749 1829 1789 reus

182 1821 391 1877 mortis
438 1822 537 1922 qui
579 1838 772 1895 regem
837 1822 1079 1894 prodere
1138 1822 1340 1889 voluit,
1392 1823 1499 1878 etsi
1550 1821 1828 1893 proditio-
1861 1858 1908 1922 Β

182 1927 319 1967 nem
353 1909 598 1983 implere
630 1927 746 1967 non
778 1911 986 1984 potuit.
1007 1912 1173 1984 Apud
1197 1912 1379 1969 Deum
1412 1928 1642 1985 quoque
1673 1910 1833 1966 adul-

183 2005 271 2055 ter
298 1998 387 2054 vel
418 1999 717 2056 homicida
746 2000 1014 2068 habetur,
1051 2001 1151 2073 qui
1192 2018 1260 2057 ea
1306 2002 1554 2057 crimina
1593 2001 1832 2072 implere

180 2087 386 2157 voluit,
421 2087 646 2145 etiamsi
682 2106 797 2145 non
829 2089 1035 2161 potuit.
1075 2089 1234 2145 Unde
1256 2090 1379 2162 ipse
1405 2090 1688 2145 Dominus
1710 2089 1829 2146 ait:

184 2178 292 2245 Qui
334 2178 534 2233 viderit
576 2178 869 2233 mulierem
913 2177 985 2233 ad
1030 2179 1518 2250 concupiscendam
1544 2195 1684 2246 eam,
1710 2178 1834 2249 jam

180 2266 486 2323 moechatus
513 2275 593 2323 est
620 2269 679 2322 in
707 2267 866 2323 corde
893 2284 992 2324 suo
1022 2267 1227 2337 (Matth.
1259 2271 1335 2337 v).
1369 2268 1439 2323 Et
1470 2272 1641 2340 poeta
1672 2283 1685 2320 :

183 2366 251 2421 Et
285 2366 338 2420 si
363 2372 607 2421 servetur
636 2366 751 2437 (58)
783 2366 914 2421 bene
953 2381 1166 2437 corpus,
1200 2365 1453 2437 adultera
1481 2381 1633 2420 mens
1661 2372 1758 2420 est.

685 2436 898 2509 (Ovm.,
932 2435 1120 2492 Amor.
1154 2436 1256 2492 lib.
1288 2454 1376 2504 III,
1407 2435 1551 2508 eleg.
1586 2437 1639 2505 4,
1670 2454 1726 2490 v.
1752 2435 1832 2507 5.)

186 2533 453 2607 Requirit
483 2549 619 2607 ergo
650 2533 935 2590 Dominus
965 2551 999 2590 a
1028 2534 1152 2590 suis
1184 2551 1298 2590 non
1333 2533 1526 2590 solum
1554 2534 1834 2589 iuuoccn-

182 2624 328 2679 tiam
360 2623 637 2696 corporis,
669 2624 770 2679 sed
801 2623 977 2680 etiam
1008 2623 1244 2679 mentis.
1274 2623 1436 2679 Unde
1468 2622 1622 2678 idem
1651 2621 1836 2678 Filius

188 2713 291 2770 Dei
323 2715 380 2769 et
406 2711 666 2769 hominis
707 2712 965 2768 ostendit
992 2729 1053 2768 se
1084 2711 1142 2767 in
1176 2710 1517 2785 Apocalypsi
1564 2711 1831 2777 Joannis,

190 2802 569 2877 praecinctum
600 2803 670 2857 ad
706 2800 999 2857 mamillae
1020 2800 1527 2872 zonaaurea(Apoc
1540 2802 1837 2870 I).Quare?

190 2892 339 2956 Quia
367 2890 654 2946 Dominus
685 2890 745 2945 in
776 2889 1086 2963 Evangelio
1120 2907 1234 2946 non
1267 2889 1461 2945 solum
1502 2905 1698 2962 opera.
1733 2889 1835 2943 sed

191 2977 366 3035 etiam
414 2978 603 3034 ﬂuxas
644 2978 1047 3050 cogitationes,
1080 2996 1207 3051 qua:
1237 2996 1272 3034 a
1302 2983 1533 3050 pectore
1564 2980 1833 3049 surgunt,

191 3067 463 3140 restringi
488 3067 678 3139 jubet.
705 3067 926 3139 Itaque,
944 3067 1154 3123 fratres
1184 3068 1447 3134 mei,non
1476 3066 1668 3123 solum
1682 3064 1839 3121 mala

192 3172 388 3229 opera,
421 3157 521 3212 sed
554 3156 733 3212 etiam
766 3155 954 3213 malas
982 3156 1311 3212 voluntates
1341 3156 1567 3223 evitata,
1601 3172 1699 3210 eas
1738 3154 1835 3210 de-

192 3225 413 3311 flete,et
440 3245 499 3299 in
522 3245 749 3316 judicio
770 3247 1138 3301 sacerdotum
1154 3262 1254 3318 per
1265 3244 1685 3300 confessionem
1701 3259 1835 3314 sup-
1863 3225 1906 3290 C

192 3334 408 3406 ponite.
428 3333 695 3390 Judicate
725 3338 1175 3407 eas,antequam
1200 3334 1500 3405 judicetur
1518 3332 1592 3389 ab
1622 3330 1720 3387 illo
1733 3331 1834 3403 qui

189 3426 487 3480 scrutatur
516 3439 684 3479 renes
713 3426 771 3479 et
798 3423 994 3489 corda,
1027 3422 1085 3478 id
1112 3427 1200 3479 est
1225 3421 1483 3479 occultas
1511 3420 1835 3492 voluptates

187 3516 246 3569 et
265 3512 646 3586 cogitationes
671 3512 854 3585 (Apoc.
871 3514 956 3583 ιι),
973 3513 1071 3585 qui
1087 3512 1325 3568 veniens
1338 3509 1695 3565 illuminabit
1707 3510 1836 3564 abs-

188 3600 422 3657 condita
433 3599 1835 3667 tenebrarum,etmanifestahitconsiliacordium

192 3691 240 3762 (Ι
272 3690 407 3748 Cor;
427 3691 523 3762 Iv).
553 3690 945 3756 Nam,fratres
978 3688 1112 3757 mei,
1132 3689 1367 3761 quando
1399 3688 1611 3745 melius
1640 3687 1837 3745 esthic

193 3779 265 3837 ad
311 3779 518 3835 horam
570 3779 909 3834 erubescere
933 3794 1127 3834 coram
1159 3778 1473 3846 sacerdote,
1496 3793 1674 3849 quam
1704 3792 1837 3831 eru-

194 3868 428 3924 bescere
457 3866 517 3922 in
545 3866 856 3923 universali
878 3867 1102 3939 judicio
1132 3884 1327 3923 coram
1346 3868 1455 3922 Deo
1480 3865 1841 3939 etangeliset

196 3957 417 4014 sanctis
446 3956 496 4028 ej
508 3973 576 4012 us
591 3955 619 4012 ?
633 3957 819 4024 Quam
834 3956 1044 4013 melius
1067 3960 1156 4013 est
1186 3956 1281 4011 hic
1309 3956 1381 4011 ad
1415 3955 1618 4011 horam
1632 3954 1768 4010 ﬂere
1786 3958 1842 4010 et

196 4045 440 4112 tristari,
474 4063 654 4119 quam
682 4045 742 4101 in
773 4050 1054 4102 aeternum
1086 4044 1311 4117 plorare
1339 4049 1394 4099 et
1421 4043 1697 4099 cruciari!

272 4135 553 4206 Sequitur
581 4151 717 4207 pars
757 4135 1033 4202 secunda,
1068 4134 1125 4188 in
1159 4149 1275 4205 qua
1305 4132 1591 4188 Dominus
1611 4130 1846 4203 supplet

202 4223 359 4295 quod
387 4221 481 4278 lex
510 4222 709 4278 minus
729 4222 1026 4278 continere
1044 4222 1370 4287 videbatur,
1385 4237 1519 4275 cum
1550 4220 1840 4276 subditur:

200 4311 452 4369 Audistis
482 4311 609 4382 qaia
653 4311 863 4367 dictum
885 4318 965 4367 est
1009 4312 1257 4383 antiquis
1290 4327 1303 4366 :
1336 4311 1451 4365 Non
1482 4309 1704 4364 occides.
1736 4310 1845 4379 Ego

201 4408 384 4458 autem
410 4399 536 4456 dieo
564 4399 713 4456 vobis
743 4401 875 4471 quia
902 4403 1082 4457 omnis
1112 4401 1208 4473 qui
1228 4400 1489 4455 irascitur
1514 4400 1685 4470 fratri
1724 4414 1843 4465 suo,

201 4506 328 4546 reus
372 4491 480 4546 erit
504 4488 740 4561 judicio.
769 4489 915 4545 Cum
962 4488 1157 4545 littera
1196 4488 1342 4561 legis
1374 4487 1563 4543 solum
1597 4486 1844 4543 homici-

1939 575 2034 643 tis,
2069 581 2127 631 et
2156 584 2362 632 cretera
2391 594 2606 649 genera
2635 576 2954 633 homicidii.
2979 578 3129 633 Sunt
3157 577 3313 633 euim
3345 594 3445 634 sex
3482 594 3587 651 ge-

1941 682 2081 719 nera
2131 666 2453 722 homicidii.
2490 666 2750 723 Primum
2798 672 2888 723 est
2938 666 3325 724 homicidium
3370 668 3585 741 operis,

1941 754 2096 826 quod
2128 755 2185 809 in
2217 754 2342 827 lege
2371 760 2566 828 aperte
2596 755 2956 828 prohibetur.
2982 757 3319 813 Secundum
3362 761 3452 813 est
3487 773 3588 814 vo-

1938 842 2204 899 luntatis.
2258 843 2422 899 Unde
2460 845 2761 901 Joannes:
2808 845 3016 911 Omnis,
3061 845 3272 918 inquit,
3307 846 3403 918 qui
3452 844 3584 911 odit,

1940 934 2169 1002 fratrem
2215 950 2397 998 suum,
2427 934 2700 989 homicida
2745 942 2822 989 est
2876 935 2921 1005 (1
2948 938 3111 990 Joan.
3139 938 3245 1004 III).
3299 934 3583 1004 Tertium,

1940 1021 2080 1076 mali
2120 1021 2389 1094 exempli.
2439 1022 2603 1078 Unde
2638 1023 2922 1079 Dominus
2956 1041 2969 1078 :
3018 1026 3132 1093 Qui
3170 1023 3586 1093 scandalizarit,

1938 1108 2147 1181 inquit,
2184 1127 2357 1165 unum
2384 1110 2448 1165 dc
2474 1112 2699 1183 pusillis
2724 1113 2843 1167 istis
2873 1114 2970 1184 qui
3000 1114 3059 1167 in
3087 1128 3173 1168 me
3199 1112 3454 1179 credunt,
3487 1128 3585 1168 ex-

1935 1199 2085 1270 pedit
2112 1202 2168 1254 ei
2198 1207 2258 1255 ut
2286 1200 2652 1271 suspendatur
2678 1202 2823 1257 mola
2853 1203 3108 1258 asinaria
3154 1204 3215 1257 in
3261 1200 3404 1258 collo
3444 1201 3583 1273 ejus,

1908 1296 1989 1343 σει
2039 1288 2387 1357 demergatur
2431 1305 2491 1344 in
2532 1289 2873 1361 profundum
2932 1292 3106 1346 maris
3153 1289 3358 1362 (Matth.
3406 1306 3585 1358 xvm;

1938 1376 2101 1432 Marc.
2136 1381 2236 1445 Ix).
2273 1376 2579 1444 Quartum,
2614 1395 2801 1450 prava:
2851 1378 3149 1435 doctrinae.
3182 1378 3347 1435 Unde
3385 1377 3586 1434 Domi-

1939 1482 2053 1521 nus
2104 1482 2115 1521 :
2165 1467 2227 1521 Si
2272 1483 2443 1521 caecus
2514 1482 2718 1521 arcum
2783 1466 3023 1534 duxerit,
3075 1483 3257 1523 nonne
3319 1466 3478 1524 ambo
3523 1468 3587 1523 in

1937 1556 2151 1625 foveam
2177 1554 2413 1610 cadunt?
2446 1554 2625 1625 (Matt.
2658 1572 2759 1622 xv;
2796 1558 2923 1610 Luc.
2957 1554 3057 1627 v1.)
3109 1554 3409 1623 Quintum,
3444 1555 3584 1611 sub-

1938 1643 2240 1699 tractionis
2289 1641 2552 1698 alimenti
2600 1644 2882 1716 corporis.
2916 1643 3079 1700 Unde
3122 1643 3407 1716 scriptum
3446 1646 3583 1701 est:

1940 1754 1967 1782 ‹‹
2001 1730 2107 1798 Qui
2138 1732 2401 1804 pereunti
2433 1748 2773 1789 succurrere
2802 1736 3012 1805 potest,
3040 1736 3098 1788 et
3126 1749 3240 1789 non
3271 1732 3583 1802 succurrit,

1940 1821 2168 1876 occidit.
2218 1843 2248 1871 »
2293 1821 2532 1877 Sextum
2584 1820 3001 1877 subtractionis
3048 1821 3207 1877 verbi
3249 1821 3373 1878 Dei.
3423 1819 3588 1878 Unde

1942 1910 2225 1966 Dominus
2257 1928 2359 1984 per
2378 1911 2743 1984 prophetam:
2759 1912 2822 1967 Si
2848 1927 2959 1967 non
2978 1911 3396 1968 annuntiaveris
3418 1911 3587 1983 impio

1940 2008 2000 2055 ut
2030 2008 2426 2056 convertatura
2459 2003 2551 2056 via
2596 2017 2695 2055 sua
2735 2001 2907 2068 mala,
2943 2001 3059 2072 ipse
3108 2000 3327 2073 quidem
3371 2001 3432 2056 in
3473 2000 3587 2056 ini-

1940 2090 2147 2160 quitate
2173 2106 2275 2144 sua
2304 2091 2589 2157 morietur,
2605 2092 2931 2161 sanguinem
2959 2097 3144 2145 autem
3171 2088 3291 2161 ejus
3320 2088 3386 2146 de
3412 2104 3586 2145 manu

1942 2188 2039 2233 tua
2082 2181 2362 2249 requiram
2391 2178 2605 2246 (Ex-ccli.
2650 2177 2753 2250 III).
2788 2178 3054 2234 Ostendit
3106 2177 3287 2252 igitur
3331 2177 3426 2234 hic
3474 2177 3586 2235 Do-

1942 2267 2141 2321 minus
2173 2284 2290 2321 non
2323 2265 2514 2321 solum
2546 2265 2927 2322 homicidium
2947 2267 3274 2339 operis,sed
3296 2266 3472 2323 etiam
3488 2265 3587 2322 ho-

1942 2355 2247 2411 micidium
2278 2353 2597 2410 voluntatis
2629 2371 2793 2410 reum
2826 2371 2954 2411 esse
2984 2355 3230 2426 judicio,
3261 2371 3397 2412 cum
3457 2354 3540 2412 ait
3567 2371 3584 2412 :

1939 2447 2048 2517 Ego
2074 2451 2255 2501 autem
2283 2444 2403 2500 dico
2431 2446 2600 2512 vobis,
2634 2445 2763 2516 quia
2794 2446 2971 2500 omnis
3000 2445 3100 2516 qui
3139 2445 3398 2501 irascitur
3422 2444 3591 2516 fratri

1940 2550 2057 2599 suo,
2092 2549 2217 2589 reus
2246 2535 2353 2588 erit
2369 2532 2605 2605 judicio.
2640 2532 2955 2589 Sciendum
3006 2536 3098 2589 est
3113 2536 3346 2601 tamen,
3380 2532 3589 2590 fratres

1942 2606 2277 2693 mei,.quod
2329 2637 2446 2676 non
2485 2618 2680 2678 omnis
2728 2620 3038 2695 culpabilis
3084 2625 3193 2691 est,
3243 2638 3350 2678 nec
3396 2620 3589 2679 omnis

1943 2710 2030 2766 ira
2060 2709 2390 2781 culpabilis.
2426 2709 2778 2766 damnabilis
2817 2715 2925 2766 est.
2959 2710 3066 2777 Qui
3115 2710 3272 2766 enim
3319 2710 3592 2767 irascitur

1943 2817 2060 2856 non
2092 2800 2372 2854 adversus
2403 2799 2810 2867 naturam,sed
2842 2803 3046 2855 contra
3071 2798 3281 2857 vitium,
3311 2798 3590 2855 fratrisut

1942 2889 2107 2944 illum
2139 2886 2411 2960 corrigat.
2444 2885 2545 2942 illa
2568 2888 2655 2943 ira
2697 2886 3008 2943 laudabilis
3047 2890 3155 2957 est,
3186 2886 3303 2944 nisi
3346 2887 3590 2945 modum

1944 2979 2200 3036 excedat.
2234 2981 2353 3032 Hac
2382 2976 2468 3032 ira
2496 2980 2697 3033 motus
2725 2981 2816 3034 est
2844 2976 3587 3050 Moyses.Phinces,Josue,

1946 3068 2172 3135 Petrus,
2205 3066 2512 3138 cazteriqne
2557 3065 2744 3122 sancti
2794 3070 2996 3123 contra
3042 3069 3392 3140 peccatores.
3426 3064 3590 3122 Unde

1945 3156 2229 3213 Dominus
2261 3155 2404 3211 istos
2436 3154 2843 3227 praedicatores
2865 3155 3099 3228 quinon
3128 3156 3466 3212 irascuntur
3483 3169 3590 3212 nec

1945 3247 2258 3319 objurgant
2282 3243 2422 3299 vitia
2451 3243 2839 3315 peccantium,
2875 3261 3050 3301 canes
3079 3248 3276 3302 mutos
3303 3250 3467 3300 vocat
3484 3259 3589 3317 per

1945 3335 2288 3408 prOphetam
2323 3350 2337 3388 :
2372 3336 2543 3391 Canes
2573 3332 2948 3405 inquit.muti
2974 3350 3084 3390 non
3110 3335 3352 3391 valentes
3382 3333 3590 3391 latrare

1944 3427 2071 3498 (Isa.
2099 3427 2226 3492 LVI).
2264 3423 2506 3489 Quando
2533 3438 2667 3478 vero
2697 3422 2973 3479 irascitur
3009 3423 3222 3497 aliquis
3270 3441 3387 3480 non
3436 3423 3588 3480 bono

1943 3513 2065 3569 zelo
2096 3515 2298 3568 contra
2329 3513 2588 3581 fratrem,
2614 3511 2663 3566 si
2695 3512 2922 3583 primus
2952 3517 3146 3570 motus
3176 3529 3311 3570 mox
3340 3512 3588 3569 refrene-

1948 3607 2064 3669 tur,
2092 3601 2181 3656 ira
2211 3600 2447 3673 quidem
2480 3599 2790 3673 culpabilis
2820 3606 2929 3669 est,
2963 3602 3064 3658 sed
3093 3601 3337 3659 venialis
3367 3604 3426 3658 et
3452 3616 3586 3673 pro-

1946 3691 2143 3765 passio
2172 3694 2429 3746 vocatur.
2465 3689 2545 3745 De
2574 3689 2684 3745 hac
2712 3689 2926 3745 dicitur
2959 3707 2972 3745 :
3003 3692 3319 3747 Irascimini
3339 3698 3391 3747 et
3417 3689 3590 3746 nolite

1945 3796 2170 3853 peccare
2200 3778 2371 3850 (Psal.
2408 3776 2503 3848 ιν).
2538 3777 2609 3833 Et
2642 3794 2655 3833 :
2679 3777 2771 3834 Sol
2798 3794 2909 3835 non
2937 3778 3143 3836 occidat
3172 3795 3338 3852 super
3364 3780 3591 3855 iracun—

1947 3870 2101 3924 diam
2130 3876 2368 3923 vestram
2398 3867 2614 3939 (Ephes.
2648 3871 2744 3937 ιν).
2773 3869 2958 3937 Tunc,
2991 3868 3200 3925 fratres
3245 3866 3381 3937 mei,
3415 3883 3594 3940 super

1949 3956 2315 4013 iracundiam
2347 3961 2609 4012 nostram
2639 3955 2725 4012 sol
2746 3957 2975 4024 occidit,
3008 3973 3143 4013 cum
3186 3959 3422 4030 propter
3463 3970 3593 4011 eam

1952 4046 2037 4103 sol
2068 4045 2372 4101 charitatis
2402 4043 2463 4099 in
2498 4046 2667 4101 nobis
2697 4044 3012 4101 occumbit.
3048 4046 3290 4112 Quando
3310 4060 3443 4101 vero
3471 4042 3595 4116 pri-

1952 4151 2088 4191 mus
2120 4133 2285 4189 malae
2309 4133 2408 4188 ira:
2438 4137 2635 4190 motus
2665 4150 2781 4189 non
2813 4134 3159 4201 refrenatur,
3175 4133 3277 4190 sed
3306 4147 3496 4205 usque
3520 4131 3595 4188 ad

1953 4239 2307 4280 consensum
2338 4221 2584 4278 nocendi
2615 4222 2964 4291 extenditur,
2999 4223 3087 4278 ira
3115 4219 3469 4279 damnabilis
3507 4223 3599 4278 est

1956 4318 2013 4368 et
2041 4311 2221 4385 digna
2241 4311 2484 4383 judicio,
2519 4311 2577 4366 id
2608 4315 2697 4367 est
2726 4312 3115 4369 accusatione.
3148 4311 3210 4369 Si
3226 4327 3362 4369 vero
3391 4310 3479 4368 ira
3503 4310 3595 4366 in-

1954 4402 2132 4458 terior
2151 4401 2424 4457 efferatur
2452 4400 2511 4455 in
2542 4400 2780 4456 fratrem
2810 4418 2914 4473 per
2943 4399 3202 4474 aliquam
3242 4399 3595 4475 indignatio-

1955 4492 2049 4546 nis
2076 4489 2490 4563 vocem,digna
2520 4489 2629 4545 erit
2659 4489 2993 4559 consilio,id
3021 4493 3111 4547 est
3130 4490 3420 4547 sententia
3439 4490 3597 4545 dam-

202 4578 368 4635 dium
409 4576 602 4649 operis
648 4577 916 4634 videatur
944 4577 1272 4650 prohibere,
1301 4576 1584 4633 Dominus
1615 4575 1848 4649 supplet
1878 4591 1922 4655 D
1954 4578 2228 4636 nationis.
2262 4578 2362 4633 Est
2404 4582 2601 4634 autem
2652 4596 2783 4635 raca
2829 4579 3154 4650 interjectio
3206 4577 3594 4652 indignantis,

202 4667 379 4725 etiam
410 4665 795 4723 homicidium
825 4666 1144 4722 voluntatis
1172 4664 1505 4721 damnabile
1536 4682 1683 4721 esse.
1717 4665 1846 4721 Haec

203 4761 423 4822 tamen,
457 4755 665 4812 fratres
696 4754 1048 4824 charissimi,
1084 4760 1141 4812 et
1161 4759 1376 4811 caeterzc
1429 4752 1782 4826 adjectiones
1814 4770 1848 4809 a

204 4844 452 4901 Domino
483 4848 623 4900 sunt
650 4844 710 4898 in
740 4844 884 4917 lege.
919 4850 1203 4917 quantum
1246 4845 1317 4900 ad
1368 4843 1642 4907 litteram,
1674 4846 1731 4897 et
1774 4842 1847 4898 ad

206 4950 491 5006 sequaces
538 4932 741 4989 litterae
792 4932 1121 4990 additiones
1168 4933 1255 4988 vel
1290 4931 1688 5004 suppletioues
1736 4930 1851 4986 dici

204 5027 474 5095 possunt.
491 5026 785 5090 Quantum
816 5040 949 5079 vero
971 5024 1044 5079 ad
1069 5022 1433 5094 spiritualem
1456 5038 1696 5077 sensum
1710 5020 1849 5076 etad

205 5111 588 5184 spiritualiter
614 5112 1028 5186 intelligentes,
1047 5129 1161 5167 non
1195 5115 1331 5167 sunt
1360 5111 1427 5166 ad
1430 5109 1733 5181 jectiones.
1750 5109 1851 5165 sed

206 5200 403 5273 potius
435 5201 842 5273 expositiones.
874 5200 1250 5273 Evangelium
1301 5200 1456 5255 enim
1502 5198 1650 5253 nihil
1692 5197 1852 5253 aliud

208 5293 317 5358 est,
342 5306 522 5362 quam
550 5288 644 5345 lex
675 5289 1056 5362 spiritualiter
1083 5288 1393 5344 intellecta.
1422 5287 1623 5359 Itaque
1654 5287 1703 5342 si
1735 5287 1853 5358 spi-

209 5376 500 5433 ritualiter
528 5376 808 5450 intelligis
829 5379 939 5435 hoc
970 5378 1347 5435 mandatum:
1382 5380 1499 5435 Non
1532 5374 1856 5441 occides,in-

212 5463 427 5539 telligis
456 5465 515 5522 in
546 5465 657 5522 hoc
678 5467 952 5524 mandato
973 5466 1335 5541 prohibitum
1358 5482 1486 5522 esse
1518 5481 1631 5520 non
1664 5462 1854 5521 solum

284 5645 399 5724 (58)
429 5645 592 5703 Ovid.
626 5647 691 5706 Ut
707 5646 830 5722 jam
849 5649 1105 5707 servaris.

1955 4667 2109 4741 apud
2142 4666 2600 4734 Hebraeos,sicut
2630 4668 2784 4740 apud
2814 4667 3050 4724 Latinos
3065 4668 3190 4737 heu,
3206 4666 3397 4724 solum
3410 4665 3598 4739 signi-

1955 4759 2138 4813 ﬁcans
2166 4755 2824 4829 indignationem.Quod
2857 4758 2906 4813 si
2936 4756 3097 4813 illius
3129 4757 3227 4812 iraa
3248 4756 3438 4812 fervor
3464 4771 3598 4828 pro-

1958 4846 2106 4901 ferat
2136 4846 2195 4900 in
2227 4846 2461 4901 fratrem
2487 4862 2706 4914 vocem,
2740 4851 2965 4902 certum
2997 4845 3323 4903 convicium
3371 4843 3601 4918 signiﬁ-

1959 4938 2281 5000 cantem,ut
2311 4934 2360 4989 si
2391 4938 2552 4990 vocet
2584 4952 2717 4991 eum
2750 4935 3092 5004 iatuum,vel
3121 4934 3603 5008 insanum,digna

1961 5024 2071 5079 erit
2090 5024 2364 5095 gehennae
2387 5024 2558 5096 ignis.
2579 5025 2751 5081 Porro
2772 5025 2992 5097 gradus
3025 5027 3397 5097 peccatorum
3428 5023 3605 5097 exigit

1961 5113 2207 5185 gradum
2242 5130 2567 5185 poenarum.
2600 5114 2761 5168 Sicut
2789 5114 2944 5169 enim
2977 5114 3064 5169 ira
3092 5114 3151 5169 in
3183 5117 3378 5171 mente
3405 5113 3605 5171 minns

1963 5199 2315 5255 damnabilis
2346 5204 2639 5272 est,quam
2669 5200 2853 5256 excita
2883 5218 2986 5275 per
3012 5218 3213 5258 vocem
3243 5202 3605 5276 indignatio-

1965 5288 2078 5353 nis,
2102 5292 2158 5343 et
2184 5288 2368 5343 excita
2416 5305 2518 5360 per
2561 5306 2757 5344 vocem
2805 5289 3230 5364 indignationis
3279 5292 3479 5348 minus
3517 5294 3610 5349 est

1964 5376 2318 5433 damnabilis
2349 5394 2527 5449 quam
2558 5394 2661 5449 per
2686 5395 2886 5436 vocem
2903 5379 3263 5449 convicii,ita
3277 5379 3608 5453 oportethio

1966 5466 2254 5523 minorem
2301 5483 2532 5541 poenam
2580 5470 2638 5523 et
2674 5468 2968 5540 judicium
2998 5469 3247 5544 intelligi
3292 5484 3472 5543 quam
3504 5482 3609 5544 per
