3974 6076
447 322 604 384 1999

1445 317 1837 382 ΑΒΠΕΝΒΑ.
1870 353 1947 363 -
1993 316 2387 380 RADULPHI
2427 316 2840 380 ARDENTIS.

3698 314 3839 377 2000

447 454 855 523 consilium,et
875 453 1163 510 minorem
1194 470 1297 527 per
1324 452 1851 525 consilium,quam
1883 468 2085 526 perge-
2115 453 2171 520 Α
2199 452 2381 507 tando
2413 450 2778 508 Dominicam
2809 449 3146 507 Orationem
3174 448 3429 506 venisset
3459 449 3533 505 ad
3564 448 3731 505 illam
3748 467 3839 527 pe-

446 546 721 613 bennam,
757 543 911 599 sicut
936 543 1133 598 minus
1164 543 1405 598 timetur
1431 541 1724 597 accusatio
1749 559 1925 614 quam
1958 559 2090 597 sen-

458 633 659 702 tentia,
692 637 749 689 et
776 633 975 689 minus
1006 632 1295 687 sententia
1322 648 1499 703 quam
1532 649 1711 704 pmea.
1741 631 1927 703 Igitur
1962 647 2088 699 nos,

455 722 665 777 fratres
687 722 1078 791 mei,omnino
1105 720 1387 777 evitemus
1413 721 1671 775 convicia
1687 720 1964 775 fratribus
1989 737 2090 775 no-

461 811 599 867 stris
629 811 865 883 inferre,
898 816 957 867 et
986 811 1159 867 etiam
1189 809 1503 882 indignari,
1534 809 1621 866 vel
1671 809 1843 865 irasci
1891 814 2094 866 contra

459 899 612 970 illos,
647 904 703 957 et
733 901 1035 957 discamus
1084 900 1409 957 discernere
1455 904 1725 956 naturam
1748 916 1782 954 a
1810 899 1970 964 vitio,
2002 899 2089 953 di-

447 1005 683 1047 scamus
714 989 954 1063 diligere
984 989 1043 1044 in
1082 1006 1315 1045 omnem
1354 989 1650 1044 hominem
1684 991 1955 1044 naturam
1986 1005 2093 1043 no-

453 1083 637 1136 stram
666 1082 726 1135 et
753 1078 966 1134 vitium
988 1079 1118 1135 odio
1148 1078 1392 1147 habere;
1418 1078 1715 1135 discamus
1738 1094 1969 1149 semper
1989 1093 2090 1149 pa-

450 1171 590 1225 catas
636 1184 763 1224 esse
813 1171 1035 1223 naturas
1082 1172 1139 1224 et
1184 1171 1388 1223 contra
1431 1167 1637 1222 vitium
1678 1166 2091 1235 irasci,tamen

449 1274 583 1314 cum
631 1257 804 1313 modo
852 1261 911 1313 et
953 1257 1423 1324 mansuetudine,
1459 1257 1737 1328 quoniam
1786 1258 2095 1311 mansueta

450 1347 730 1404 correctio
780 1351 1112 1419 peccatores
1170 1345 1460 1411 emendat,
1510 1346 1907 1417 intemperans
1959 1361 2092 1401 vero

449 1436 627 1493 etiam
659 1436 1056 1492 emendandos
1086 1435 1409 1508 perturbat.
1435 1434 1545 1490 Sed
1576 1433 1806 1489 etiamsi
1836 1433 2092 1505 quando,

450 1526 662 1582 fratres
714 1524 851 1592 mei,
883 1525 1191 1598 contigerit
1239 1541 1344 1580 nos
1395 1523 1520 1580 sine
1550 1524 1774 1579 ratione
1804 1523 1976 1579 irasci
2005 1522 2094 1579 vel

449 1613 764 1687 indignari,
794 1613 883 1670 vel
914 1613 1093 1670 etiam
1124 1611 1544 1670 contumeliam
1574 1611 1663 1667 vel
1701 1611 1977 1683 injuriam
2010 1612 2094 1667 fa-

461 1719 593 1759 cera
622 1706 827 1759 contra
856 1702 1065 1758 fratres
1094 1705 1347 1770 nostros,
1382 1719 1496 1758 non
1528 1701 1756 1757 occidat
1786 1700 1872 1757 sol
1920 1718 2098 1770 super

454 1790 822 1848 iracundiam
836 1796 1095 1847 nostram
1107 1833 1120 1859 ,
1140 1791 1240 1846 sed
1257 1808 1432 1862 quam
1447 1790 1559 1847 cito
1583 1791 1862 1846 fratribus
1883 1789 2096 1846 nostris

450 1896 559 1937 nos
570 1880 971 1947 humiliemus,
984 1880 1212 1936 veniam
1225 1884 1281 1936 et
1295 1897 1495 1952 pacem
1513 1878 1739 1953 postule
1754 1896 1907 1949 mus;
1923 1879 2087 1948 alias,

449 1970 802 2042 quotidiana:
854 1968 1168 2037 orationes,
1219 1969 1578 2037 oblationes;
1611 1974 1669 2025 et
1716 1967 2095 2041 eleemosynaa

451 2062 664 2115 nostra:
698 2063 810 2115 Deo
840 2058 1222 2131 acceptabiles
1256 2076 1369 2114 non
1402 2061 1652 2131 possunt
1678 2074 1824 2114 esse.

518 2148 682 2205 Unde
711 2152 770 2205 et
801 2148 1078 2204 subditur
1113 2165 1124 2204 :
1149 2148 1213 2205 Si
1239 2164 1367 2218 ergo
1398 2149 1558 2221 offers
1586 2164 1786 2203 munus
1833 2155 1989 2203 tuum
2026 2147 2096 2203 ad

448 2238 647 2305 altare,
678 2245 732 2294 ‘et
757 2238 837 2293 ibi
866 2236 1177 2293 recordatus
1205 2238 1381 2311 fueris
1406 2239 1537 2309 quia
1563 2239 1740 2309 frater
1767 2245 1893 2292 tuus
1939 2236 2098 2293 habet

447 2325 661 2398 aliquid
692 2325 980 2380 adversum
1008 2332 1076 2391 te,
1108 2326 1358 2397 relinque
1386 2327 1469 2381 ibi
1494 2342 1697 2381 manus
1729 2334 1885 2381 tuum
1909 2324 1985 2380 ad
2011 2324 2093 2380 al-

447 2421 581 2483 tare,
616 2422 666 2470 et
685 2414 817 2469 vade
841 2416 1001 2486 prius
1023 2415 1385 2470 reconciliari
1409 2416 1581 2487 fratri
1609 2422 1718 2482 tuo,
1751 2421 1801 2471 et
1833 2421 1962 2470 tunc
2007 2430 2093 2471 ve-

444 2504 603 2559 niens
632 2504 819 2576 offeres
846 2520 1048 2559 munus
1080 2504 1376 2559 tuum.‘Est
1399 2508 1597 2559 autem
1620 2503 1741 2559 haec
1755 2520 1889 2575 pars
1902 2502 2091 2571 tertia,

446 2591 506 2647 in
559 2610 676 2664 qua
724 2592 1054 2649 ostenditur
1091 2593 1385 2665 quomodo
1442 2593 1650 2648 debeat
1688 2592 1812 2648 ﬁeri
1854 2591 2090 2659 oblatio,

447 2681 608 2738 Hanc
637 2682 793 2738 enim
824 2682 1002 2738 debes
1032 2682 1218 2738 facere
1240 2683 1311 2738 de
1342 2687 1461 2749 tuo,
1496 2699 1611 2739 non
1643 2683 1714 2738 de
1744 2681 1961 2751 alieno;
1997 2685 2096 2755 qui

445 2772 596 2827 enim
638 2772 795 2843 oﬁert
834 2773 1174 2842 sacriﬁcium
1209 2772 1273 2827 de
1318 2774 1521 2843 rapina
1554 2788 1880 2843 pauperum,
1933 2773 2094 2843 quasi

445 2861 544 2932 qui
570 2861 819 2916 victimat
847 2860 1030 2931 ﬁlium
1061 2869 1186 2916 ante
1213 2868 1551 2933 conspectum
1578 2862 1754 2933 patris
1782 2862 1873 2916 sui
1902 2860 2089 2932 (Eccli.

442 2952 659 3019 XXXIV).
691 2949 853 3005 Unde
885 2952 942 3005 et
970 2949 1067 3005 hic
1098 2949 1313 3005 dicitur
1339 2967 1541 3006 manus
1581 2958 1755 3018 tuum,
1790 2966 1906 3005 non
1951 2949 2088 3006 alie-

442 3037 811 3106 num,Debes
840 3038 1018 3094 etiam
1051 3055 1181 3094 eam
1214 3038 1419 3095 oﬂerre
1450 3039 1522 3094 ad
1554 3038 1753 3105 altare,
1782 3042 1845 3093 ut
1868 3037 2091 3094 scilicet

441 3129 626 3182 totam
658 3126 1040 3183 intentionem
1066 3127 1285 3199 dirigas
1300 3127 1371 3183 ad
1394 3126 1597 3193 altare,
1612 3126 1671 3182 id
1693 3130 1782 3182 est
1793 3127 1864 3182 ad
1884 3133 2083 3182 Deum.

2148 528 2155 535 ’
2201 540 2469 597 titionem
2494 540 2553 596 iu
2575 558 2691 613 qua
2702 557 2981 614 rogamus
2997 539 3213 595 dimitti
3230 539 3400 596 nobis
3419 539 3607 596 debila
3635 548 3839 611 nostra,

2198 633 2343 687 sicut
2389 640 2441 686 ct
2492 649 2587 687 nos
2627 631 2958 686 dimittimus
3003 629 3336 685 debitoribus
3383 632 3593 685 nostris
3628 632 3839 699 (Matth.

2200 722 2302 789 v1),
2336 719 2607 775 meminit
2636 736 2772 776 eum
2806 719 2876 775 de
2906 718 3147 791 querela
3173 719 3590 791 quadam,qua:
3623 724 3751 775 erat
3772 719 3844 775 in.

2198 812 2288 864 ter
2316 825 2452 865 eum
2483 814 2539 865 et
2566 810 2882 881 quemdam
2911 809 3212 865 clericum.
3246 809 3473 865 Taceas
3498 808 3840 881 igiturman—

2200 896 2357 952 davit
2387 896 2662 954 clericum
2695 897 2885 967 illum,
2914 899 3182 971 factaque
3228 914 3363 954 cum
3415 914 3483 953 eo
3516 896 3842 954 reconcilia-

2201 984 2380 1056 tione,
2402 985 2632 1043 rediens
2653 987 2723 1041 ad
2751 986 3075 1059 proprium,
3108 986 3365 1042 cantavit
3382 985 3589 1043 dicens
3606 1004 3620 1041 :
3636 987 3842 1043 Dimitte

2198 1077 2356 1130 nobis
2381 1076 2563 1131 debita
2589 1078 2951 1144 nostra,sieut
2967 1084 3019 1132 et
3036 1092 3133 1132 nos
3155 1075 3487 1132 dimittimus
3514 1075 3841 1132 debitoribus

2198 1166 2417 1220 nostris.
2453 1165 2677 1237 Itaque,
2712 1166 2919 1221 fratres
2951 1164 3091 1232 mei,
3121 1164 3171 1221 si
3202 1163 3477 1221 volumus
3530 1165 3837 1233 orationes,

2201 1252 2546 1321 oblationes,
2571 1260 2624 1310 et
2647 1253 3045 1326 eleemosynas
3068 1257 3301 1309 nostras
3331 1253 3447 1309 Deo
3470 1253 3841 1326 placere,illis

2202 1342 2417 1414 quibus
2448 1343 2731 1399 debemus
2758 1342 3285 1409 satisfaciamus,et
3303 1341 3421 1399 illis
3442 1342 3546 1415 qui
3580 1343 3843 1399 nobisde-

2201 1432 2342 1488 bent
2371 1431 2763 1501 dimittamus,
2780 1448 2880 1487 cor
2907 1435 3173 1488 nostrum
3196 1432 3268 1488 ab
3294 1431 3454 1487 omni
3477 1431 3643 1488 mala
3660 1432 3843 1488 volun-

2204 1525 2322 1578 tate
2354 1522 2734 1589 mundemus,
2757 1521 3108 1577 mundatum
3136 1520 3545 1589 humiliemus,
3579 1521 3842 1579 humilia-

2202 1613 2329 1665 tum
2351 1626 2484 1665 cum
2498 1609 2773 1683 lacrymis
2784 1610 3021 1683 superni
3035 1608 3374 1666 desideriiet
3386 1610 3601 1668 ardore
3612 1611 3695 1683 pii
3705 1628 3844 1669 amo-

2204 1699 2285 1755 ris
2314 1699 2430 1755 Deo
2461 1698 3097 1765 olferamus.Quoniam
3124 1699 3462 1769 sacriﬁcium
3480 1701 3843 1773 080,:qu

2205 1788 2620 1857 contribulatus,
2653 1804 2743 1844 cor
2762 1790 3059 1844 contritum
3087 1796 3138 1843 et
3165 1788 3547 1855 humiliatnm,
3566 1793 3842 1861 Douganii

2204 1877 2468 1950 despicies
2516 1876 2695 1945 (Psal.
2731 1876 2802 1950 ι).
2829 1877 2991 1943 Quod
3039 1876 3397 1932 sacrificium
3448 1878 3626 1934 nobis
3668 1880 3842 1936 facere

2204 1966 2447 2036 tribuat,
2481 1965 2583 2039 qui
2611 1970 2703 2023 est
2732 1966 3078 2023 benedictus
3107 1966 3168 2021 in
3200 1966 3431 2023 saecula.
3462 1968 3678 2025 Amen.

2771 2073 3071 2129 HOMILIA
3107 2072 3251 2130 XVI.

2453 2162 2731 2203 DOMINICA
2768 2161 3011 2202 SEPTIMA
3050 2161 3190 2201 POST
3222 2162 3594 2203 TRINITATEM.

2275 2237 2585 2291 Humanum
2613 2234 2753 2302 dico,
2782 2242 3007 2307 propter
3036 2236 3417 2306 infirmitatem
3448 2239 3642 2293 carnis
3669 2248 3845 2295 nam:

2205 2324 2381 2398 (Rom.
2412 2328 2512 2394 v1).
2546 2324 2609 2380 In
2643 2325 2752 2379 hac
2782 2323 3049 2391 lectione,
3082 2324 3290 2380 fratres
3322 2324 3686 2396 cbarissimi,
3710 2345 3843 2400 pra-

2203 2414 2346 2487 cipit
2380 2414 2550 2470 nobis
2577 2411 2892 2486 Apostolus
2939 2412 3271 2485 relinquere
3297 2420 3559 2485 peccata,
3594 2421 3653 2471 et
3690 2418 3843 2490 sequi

2194 2503 2517 2574 justitiam,
2539 2506 2597 2558 et
2626 2502 2735 2559 hoc
2774 2502 2948 2558 modo
2978 2519 2993 2558 :
3027 2502 3223 2559 Primo
3268 2503 3409 2559 dicit
3449 2521 3512 2560 se
3543 2507 3845 2580 precipere

2202 2592 2465 2649 humana
2485 2598 2541 2648 et
2565 2591 2740 2657 levia;
2776 2592 3033 2648 secundo
3066 2592 3329 2665 praecipit
3362 2594 3533 2651 nobis
3580 2594 3723 2650 vitia
3762 2613 3840 2652 re-

2199 2682 2484 2755 linquere,
2517 2686 2574 2737 et
2595 2682 2892 2753 justitiam
2926 2682 3151 2751 facere;
3185 2682 3353 2739 tertio
3402 2685 3668 2740 ostendit
3712 2686 3840 2758 quid

2200 2775 2481 2844 sequatur
2501 2775 2804 2844 peccatum
2831 2789 2844 2840 ;
2878 2775 3086 2843 quarto
3114 2772 3256 2843 quid
3289 2776 3575 2845 sequatur
3593 2775 3841 2845 justitia;

2200 2860 2403 2934 quinto
2434 2860 2691 2917 ostendit
2720 2863 2969 2916 mortem
2999 2864 3275 2916 aeternam
3308 2878 3413 2933 pro
3444 2867 3689 2934 peccato
3691 2864 3840 2935 juste

2198 2949 2615 3017 deberi,vitam
2664 2967 2798 3006 vero
2847 2954 3123 3005 aeternam
3172 2949 3355 3023 gratis
3403 2950 3555 3006 dari.
3588 2951 3686 3007 Ait
3712 2969 3840 3025 ergo

2197 3039 2386 3112 primo
2421 3056 2434 3095 :
2467 3041 2779 3095 Humanum
2809 3039 2949 3106 dico,
2976 3047 3195 3111 propter
3236 3041 3623 3111 inﬁmitatem
3664 3045 3839 3097 cmi:

2194 3137 2406 3185 vestrae.
2436 3131 2516 3184 Ac
2547 3128 2597 3185 si
2628 3133 2823 3200 aperte
2853 3128 3011 3183 dicat
3041 3145 3054 3184 :
3089 3128 3374 3194 Quoniam
3407 3129 3610 3185 adhuc
3630 3130 3839 3186 inﬁrmi

443 3214 562 3272 Hoc
591 3219 795 3272 contra
822 3215 955 3272 illos
977 3218 1067 3272 est
1097 3216 1403 3271 offerentes
1434 3215 1535 3287 qui
1569 3233 1683 3271 non
1713 3215 1976 3289 dirigunt
2002 3214 2089 3271 in-
2119 3205 2161 3271 C
2199 3221 2257 3274 et
2287 3222 2553 3275 caruates
2583 3217 2747 3286 estis,
2782 3235 2897 3273 non
2942 3215 3212 3273 exhortor
3248 3234 3350 3275 vos
3390 3218 3462 3274 ad
3494 3220 3770 3292 graviora
3792 3224 3841 3276 et

444 3304 773 3362 tentionem
805 3322 976 3361 suam
1009 3305 1080 3360 ad
1104 3304 1442 3372 Deum,imo
1455 3306 1525 3360 ad
1545 3303 2084 3361 ocirloshominum.

445 3392 632 3450 Debes
660 3394 837 3451 etiam
869 3411 998 3451 eam
1030 3393 1217 3450 facere
1248 3410 1381 3449 cum
1399 3395 1621 3450 munda
1636 3394 2091 3463 conscientia,ut

444 3482 668 3539 scilicet
697 3484 980 3539 mundam
1010 3486 1175 3538 tuam
1207 3482 1621 3539 conscientiam
1645 3484 1834 3555 primo
1862 3483 1979 3540 Deo
2008 3484 2090 3540 of-

446 3571 760 3628 feras.Non
787 3572 941 3628 enim
978 3572 1224 3627 offerens
1254 3577 1491 3644 propter
1510 3572 1723 3641 oblata,
1742 3573 1862 3628 imo
1894 3572 2089 3629 oblata

443 3664 682 3733 prepter
711 3661 1048 3716 offerentem
1078 3660 1213 3729 Deo,
1247 3657 1559 3733 placerent.
1592 3661 1756 3717 Unde
1788 3662 2087 3718 :Dominus

440 3751 687 3821 rrspexit
729 3749 798 3804 ad
846 3750 977 3805 Abel
1003 3754 1057 3806 et
1085 3749 1153 3805 ad
1198 3767 1430 3806 munera
1458 3750 1575 3822 ejus
1605 3750 1756 3819 (Gen.
1788 3750 1887 3816 Iv),
1916 3750 2085 3822 quasi

441 3839 635 3913 primo
667 3840 738 3895 ad
771 3842 1149 3912 eum,postea
1178 3840 1249 3896 ad
1283 3856 1529 3895 munera
1547 3841 1703 3911 ejus;
1727 3839 1796 3895 ad
1815 3842 2084 3897 Cainvero

439 3936 491 3984 et
518 3927 591 3983 ad
616 3944 846 3984 munera
878 3929 996 3999 ejus
1024 3944 1135 3984 non
1163 3931 1399 4000 respexit
1431 3928 1614 4001 (ibid)
1645 3928 1817 3994 Quasi
1850 3928 2083 3986 diceret:

439 4016 586 4084 Quia
616 4016 755 4072 Cain
787 4017 898 4072 Deo
931 4016 1298 4089 displicebat,
1331 4016 1460 4072 ideo
1491 4019 1547 4072 et
1585 4033 1832 4073 munera
1874 4018 2002 4089 ejus
2032 4017 2083 4074 ei

438 4104 885 4177 displicuerunt.
903 4104 961 4161 Si
996 4122 1133 4178 ergo
1165 4121 1300 4161 cum
1332 4104 1524 4173 offers,
1546 4106 1883 4162 recordatus
1904 4106 2085 4164 fueris

438 4193 595 4267 quod
626 4193 804 4248 frater
831 4197 969 4249 tuus
1000 4193 1175 4249 habet
1201 4191 1421 4264 aliquid
1453 4193 1787 4263 adversum,
1821 4197 1876 4250 te
1906 4193 1963 4249 id
1997 4200 2085 4252 est

438 4281 489 4339 si
521 4280 875 4339 conscientia
905 4284 1007 4337 tua
1033 4285 1090 4336 te
1120 4281 1466 4349 remordeat,
1501 4285 1557 4338 te
1605 4282 1843 4339 fratrem
1888 4283 1947 4339 in
1979 4282 2083 4340 ali-

438 4387 553 4444 quo
582 4370 821 4440 lzesisse,
854 4370 945 4426 vel
975 4370 1083 4442 ira,
1114 4369 1203 4426 vel
1232 4370 1650 4445 indignatione,
1669 4371 1753 4428 vel
1784 4376 2082 4429 contume-

434 4458 533 4527 lia,
564 4458 654 4516 vel
700 4460 939 4531 injuria,
970 4458 1057 4515 vel
1108 4459 1470 4530 hujusmodi,
1503 4464 1559 4516 et
1606 4460 1735 4516 ideo
1784 4460 1880 4517 ille
1910 4462 2087 4518 habet

443 4565 682 4606 causam
735 4546 980 4620 querelae
1029 4548 1337 4604 adversum
1386 4551 1462 4616 te,
1494 4550 1742 4621 relinque
1778 4551 1859 4606 ibi
1884 4568 2086 4608 manus
2112 4575 2159 4639 D

436 4645 591 4694 tuum
619 4646 746 4693 ante
769 4638 962 4703 altare,
982 4645 1033 4693 et
1050 4636 1186 4692 vade
1208 4639 1368 4709 prius
1397 4639 1748 4694 reconciliari
1773 4641 1947 4711 [ναιυί
1969 4648 2080 4697 tuo.

436 4727 599 4793 Quod
638 4726 687 4783 si
717 4726 864 4782 forte
894 4725 1171 4782 remotior
1219 4725 1395 4782 fuerit
1434 4744 1468 4782 a
1504 4730 1560 4783 te
1604 4728 1799 4795 frater,
1836 4730 2084 4802 relinque

439 4815 521 4872 ibi
535 4832 739 4872 manus
768 4815 1006 4884 tuum,id
1036 4819 1127 4872 est
1157 4815 1367 4871 seriem
1400 4816 1678 4871 efferendi
1712 4818 1878 4888 quasi
1900 4818 2078 4875 inter-

436 4909 744 4977 rumpe,et
778 4904 999 4977 sponde
1030 4908 1087 4959 te
1117 4903 1280 4960 fratri
1310 4904 1560 4971 invento,
1578 4922 1680 4975 per
1709 4907 2083 4965 omnirsatis-

434 4990 751 5058 facturum,
788 4996 843 5047 ct
872 4996 1011 5047 tunc
1038 4991 1334 5064 inceptum
1366 4994 2082 5066 proscqucns,o/feresmu-

432 5095 538 5133 nus
570 5088 742 5135 tuum.
777 5080 836 5136 Si
866 5098 997 5136 vero
1028 5082 1208 5137 frater
1243 5098 1357 5135 non
1407 5080 1583 5135 habet
1621 5080 1843 5154 aliquid
1874 5085 2080 5141 adver-

433 5183 568 5221 sum
600 5171 676 5236 te,
707 5169 809 5223 sed
842 5172 903 5223 tu
937 5170 1218 5225 adversus
1261 5185 1418 5235 eum,
1455 5185 1568 5223 non
1602 5169 1831 5239 juberis
1859 5190 2077 5231 munus

432 5257 601 5310 tuum
654 5256 1000 5329 relinquere,
1053 5263 1277 5313 etcum
1328 5256 1643 5329 postulare,
1697 5260 1798 5316 sed
1846 5265 2076 5319 tantum

431 5343 634 5400 odium
674 5349 731 5400 et
755 5362 1055 5402 rancorem
1088 5345 1268 5401 animi
1298 5346 1383 5401 tui
1414 5350 1617 5402 contra
1645 5365 1779 5404 eum
1810 5350 2076 5409 habitum

389 5432 738 5505 -deponere,
772 5438 830 5490 et
876 5435 960 5488 ita
1006 5450 1224 5490 munus
1273 5437 1496 5491 offerre.
1539 5436 1833 5510 Legimus,
1868 5441 2077 5498 fratres

430 5521 568 5588 mei,
622 5523 692 5577 de
741 5526 945 5577 sancto
989 5522 1214 5578 Joanne
1281 5523 1671 5582 Alexandrino
1722 5530 2073 5600 patriarcha,

431 5609 587 5682 quod
619 5624 755 5664 cum
787 5610 1043 5681 quadam
1075 5610 1169 5667 die
1198 5610 1444 5672 missam
1477 5613 1813 5688 celebraret,
1849 5623 1902 5676 et
1938 5637 2071 5678 can-

2198 3306 2577 3380 perfectiora:
2613 3307 2713 3362 sed
2748 3306 2943 3379 potius
2973 3307 3045 3362 ad
3075 3305 3291 3363 leviora
3315 3311 3368 3362 et
3398 3307 3693 3364 humana.
3727 3309 3838 3364 Non

2197 3396 2354 3451 enim
2384 3395 2655 3469 praecipio
2672 3394 2836 3452 vobis
2861 3394 3063 3451 omnia
3083 3394 3411 3469 relinquere
3434 3400 3680 3470 propter
3694 3395 3841 3454 Chri-

2197 3488 2376 3553 stum,
2392 3489 2449 3541 et
2479 3486 2616 3541 dare
2636 3485 3016 3558 pauperibus,
3031 3488 3089 3541 et
3111 3485 3302 3542 nudos
3325 3484 3494 3557 sequi
3521 3486 3837 3542 Christum.

2193 3573 2393 3647 Neque
2415 3573 2684 3648 praecipio
2706 3574 2891 3641 vobis,
2912 3579 2976 3629 ut
3004 3575 3327 3630 occurratis
3348 3576 3838 3647 persecutoribus,

2195 3665 2253 3719 et
2283 3664 2542 3719 fundatis
2572 3664 2922 3737 sanguinem
2956 3680 3060 3735 pro
3092 3662 3466 3730 Christo,aut
3495 3665 3659 3736 quod
3682 3664 3841 3721 relin-

2195 3752 2390 3825 quatis
2439 3752 2732 3826 conjugia,
2777 3756 2835 3808 et
2881 3753 3288 3809 castimoniam
3339 3753 3764 3825 proﬁteamini,
3792 3760 3841 3810 et

2194 3846 2400 3897 caetera
2428 3840 2794 3913 hujusmodi,
2826 3859 2952 3915 quae
2981 3842 3367 3915 perfectorum
3400 3848 3563 3899 sunt.
3588 3844 3703 3899 Sed
3726 3848 3839 3899 tan-

2194 3935 2321 3987 tum
2353 3930 2461 3985 hoc
2493 3946 2649 3986 nunc
2667 3930 2831 3986 vobls
2852 3930 3225 4004 principio,ut
3247 3930 3603 4004 relinquatis
3614 3938 3841 4006 peccata

2193 4024 2250 4076 et
2278 4019 2417 4075 vitia
2436 4023 2649 4088 vestra,
2665 4026 2723 4075 et
2741 4036 2914 4092 opera
2933 4019 3176 4092 justitiaa
3206 4020 3435 4077 faciatis
3459 4039 3474 4091 ;
3508 4039 3641 4094 que
3670 4021 3838 4078 etiam

2192 4108 2665 4181 imperfectorum
2696 4113 2854 4165 sunt.
2888 4108 3051 4165 Unde
3079 4113 3137 4164 et
3164 4108 3445 4165 subditur
3466 4128 3487 4164 :
3515 4109 3681 4166 Sicut
3700 4111 3842 4167 eauti-

2194 4197 2387 4253 buistis
2414 4199 2659 4254 membra
2688 4206 2865 4254 vestra
2905 4200 3111 4254 servire
3150 4198 3523 4254 immunditia:
3552 4208 3607 4255 et
3636 4202 3841 4272 iniqui-

2193 4288 2296 4341 tati
2344 4284 2413 4341 ad
2457 4286 2827 4356 iniquitatem,
2864 4287 2944 4341 ita
2982 4301 3133 4341 nunc
3176 4286 3487 4342 exhibeatis
3532 4301 3603 4341 ea
3640 4289 3843 4342 servin

2183 4375 2418 4448 justitiaz
2448 4375 2508 4430 in
2536 4376 3042 4445 sanctiﬁcationem.
3074 4375 3176 4430 Est
3206 4378 3403 4431 autem
3434 4372 3563 4429 haec
3592 4391 3739 4447 pars
3762 4391 3843 4431 se-

2193 4463 2484 4520 cunda.In
2515 4479 2632 4535 qua
2662 4463 2922 4536 praecipit
2945 4463 3114 4520 nobis
3144 4462 3477 4535 relinquere
3506 4468 3841 4535 peccatum,

2194 4555 2252 4608 et
2280 4551 2445 4624 sequi
2470 4551 2785 4622 justitiam.
2818 4557 2995 4608 Porro
3026 4551 3121 4608 hic
3158 4551 3425 4608 insinuat
3474 4551 3653 4608 nobis
3696 4558 3846 4626 Apo-

2193 4640 2379 4697 stolus
2408 4641 2661 4697 breviter
2690 4641 2979 4711 quomodo
3010 4645 3279 4714 peccator
3302 4639 3577 4713 proficiat
3596 4642 3675 4697 de
3697 4640 3849 4698 male

2190 4727 2251 4783 in
2283 4729 2472 4801 pejus,
2506 4732 2564 4784 et
2608 4729 2901 4801 quomodo
2950 4730 3139 4785 bonus
3185 4729 3455 4802 proﬁciat
3490 4729 3567 4785 de
3600 4730 3767 4787 bono
3796 4730 3848 4785 in

2190 4816 2421 4874 melius.
2448 4817 2638 4873 Primo
2663 4818 2818 4874 enim
2846 4819 3161 4875 assuefacit
3187 4835 3251 4874 se
3280 4821 3553 4891 peecator
3579 4817 3851 4876 immun-

2188 4905 2343 4961 ditiae
2377 4906 2591 4962 mentis
2620 4911 2679 4963 et
2707 4907 2985 4979 corporis,
3017 4912 3086 4964 ut
3115 4906 3413 4981 ingluviei,
3434 4905 3719 4978 luxuriae,
3754 4926 3853 4965 ce-

2188 4996 2447 5068 terisque
2476 4995 3187 5069 turpitudinibus.Deinde
3210 5001 3277 5054 ut
3293 4996 3509 5053 habeat
3542 4998 3713 5055 unde
3734 5016 3849 5055 sua

2184 5083 2575 5141 immunditiae
2594 5085 2928 5143 satisfacere
2946 5091 3140 5159 queat,
3154 5085 3468 5143 assuefacit
3480 5102 3545 5141 se
3562 5088 3849 5159 operibus

2186 5173 2653 5246 iniquitatis.Est
2684 5175 2839 5231 enim
2873 5174 3254 5232 immunditia
3282 5175 3345 5231 in
3366 5174 3778 5248 se,iniquitas
3796 5176 3847 5231 is

2185 5263 2631 5337 proximum.Ut
2662 5264 2840 5337 igitur
2868 5270 3042 5337 queat
3061 5264 3332 5320 sufﬁcere
3352 5263 3662 5337 ingluviei,
3682 5264 3847 5322 luxu-

2186 5352 2283 5408 riae
2315 5352 2656 5425 ceterisque
2687 5353 3174 5426 turpitudinibus,
3192 5352 3841 5427 invidet,concupiscit.

2186 5443 2437 5509 furatur,
2469 5442 2644 5515 rapit,
2678 5442 2846 5510 fallit,
2880 5442 3131 5515 acquirit
3158 5461 3263 5516 per
3289 5443 3379 5499 fas
3405 5446 3465 5498 et
3493 5459 3607 5515 per
3656 5445 3839 5501 nefas.

2184 5532 2254 5588 Et
2282 5548 2351 5587 ex
2381 5530 2472 5585 his
2504 5530 2735 5602 proficit
2765 5532 2839 5587 ad
2874 5530 3268 5605 iniquitatem,
3292 5532 3351 5587 id
3397 5536 3489 5587 est
3515 5531 3583 5587 in
3618 5533 3839 5590 malitia

2184 5622 2647 5678 consummatur.
2676 5620 3012 5679 Ecoutrario
3033 5636 3267 5696 quoque
3294 5620 3487 5678 bonus
3515 5621 3731 5695 primo
3758 5639 3835 5680 a2-

3934 258 3939 389 τ
