3974 6076
158 331 312 394 200!

811 329 1168 394 HOMILI/E
1206 331 1288 393 IN
1328 332 1578 395 EPIST.
1624 333 1725 393 ET
1769 329 2053 394 EVANG.
2100 330 2448 393 DOMINIC.
2480 363 2556 378 —
2587 331 2785 393 PARS
2827 330 2904 393 ῙῙ.

3392 333 3551 397 2002

157 465 403 526 suefacit
430 482 492 524 se
533 463 808 539 operibus
855 464 1122 538 justitia,
1142 464 1414 522 videlicet
1468 470 1536 522 ut
1593 466 1799 523 reddat
1826 466 1882 533 Α
1908 465 2011 521 Est
2036 463 2213 521 etiam
2244 469 2299 521 et
2324 465 2503 521 timor
2531 465 2631 538 qui
2663 481 2798 522 eum
2829 465 3000 539 punit
3027 467 3085 523 et
3110 469 3363 540 torquet.
3387 468 3553 527 Unde

160 557 478 629 unicuique
531 556 687 628 quod
728 572 904 611 suum
952 559 1060 621 est,
1093 554 1209 611 Deo
1266 554 1629 629 religionem,
1690 558 1801 613 sibi

159 647 533 713 munditiam,
561 644 902 718 parentibus
928 643 1230 710 honorem,
1254 645 1592 701 domesticis
1622 646 1806 719 provi-

158 735 441 800 dentiam,
465 733 789 805 majoribus
814 734 1227 800 obedientiam,
1251 734 1578 790 minoribus
1600 736 1802 809 guber-

156 822 813 897 nationem,aequalibus
833 822 1190 887 societatem,
1215 823 1386 879 bonis
1412 823 1799 893 dilectionem,

157 913 330 970 malis
366 911 807 979 correctionem,
831 911 1126 983 oppressis
1163 912 1645 981 misericordiam,
1679 930 1802 969 om-

157 1001 333 1058 nibus
354 1001 708 1074 aequitatem.
737 1001 817 1055 Ex
848 1016 1098 1072 quorum
1120 1001 1547 1057 assuefactione
1575 1002 1805 1073 proficit

157 1092 219 1148 in
250 1091 581 1159 sanitatem,
609 1090 667 1146 id
699 1093 789 1146 est
816 1090 876 1144 in
906 1090 1186 1146 bonitatis
1216 1091 1650 1162 perfectionem.
1686 1092 1801 1147 Ita-

158 1198 292 1254 que,
317 1181 526 1237 fratres
566 1179 702 1251 mei,
734 1180 905 1249 juxta
948 1180 1290 1235 mandatum
1343 1180 1618 1252 Apostoli,
1651 1179 1804 1236 sicut

156 1269 506 1327 exhibuistis
551 1270 815 1325 membra
854 1273 1051 1324 vestra
1087 1267 1300 1324 servire
1328 1267 1714 1325 immunditiae
1747 1273 1805 1326 et

155 1359 477 1432 iniquitati,
498 1358 581 1415 ita
609 1357 875 1415 exhibete
904 1374 973 1413 ea
1002 1357 1216 1413 servire
1237 1358 1482 1429 justitia:
1500 1362 1557 1414 et
1584 1360 1802 1415 sancti-

155 1449 282 1506 tati.
309 1450 435 1505 Non
492 1446 651 1504 enim
708 1446 867 1503 dedit
896 1451 1047 1502 Deus
1082 1446 1171 1502 vel
1203 1447 1451 1503 redemit
1506 1465 1717 1521 corpus
1746 1453 1803 1505 et

156 1538 424 1595 membra
453 1536 622 1593 nobis
652 1537 724 1592 ad
762 1535 1135 1613 serviendum
1174 1540 1427 1608 peccato,
1451 1538 1551 1593 sed
1584 1538 1657 1593 ad
1688 1555 1804 1594 ser-

150 1626 430 1684 viendum
454 1624 586 1682 sibi.
614 1624 777 1681 Unde
816 1624 1162 1696 Apostolus:
1188 1626 1410 1698 Corpus,
1451 1625 1663 1699 inquit,
1690 1645 1803 1685 non

151 1717 541 1790 fornicationi,
568 1714 659 1771 sed
694 1716 923 1771 Domino
955 1714 1000 1787 (Ι
1026 1717 1150 1772 Cor.
1180 1717 1283 1784 vi).
1316 1716 1386 1771 Et
1421 1715 1672 1772 iterum:
1697 1719 1801 1773 Ne-

1911 555 2193 627 scriptum
2218 558 2307 611 est
2329 571 2381 611 :«
2402 555 2582 611 Nemo
2604 572 2840 625 nocens,
2856 572 2918 612 se
2936 556 3134 628 judice
3160 557 3501 615 absolvitur.
3522 580 3552 610 »

1911 644 2014 701 Est
2058 648 2276 709 tamen,
2310 644 2540 713 fratres,
2567 646 2833 717 qumdam
2865 646 3047 701 animi
3097 646 3362 702 confusio
3392 647 3556 705 utilis

1911 738 2148 806 peccata
2168 750 2275 789 sua
2301 734 2688 805 respicientis,
2709 733 3070 805 respiciendo
3091 735 3404 803 horrentis,
3427 736 3559 792 hor-

1912 823 2091 878 rendo
2123 822 2537 889 erubescentis,
2570 824 2963 879 erubescendo
3014 825 3376 897 corrigentis.
3414 827 3479 881 Et
3507 826 3556 882 si

1912 911 2193 983 iniquitas
2225 912 2297 967 ab
2330 912 2458 984 ipso
2496 913 2671 967 etiam
2719 916 2944 985 agente,
2978 916 3035 969 et
3065 914 3241 969 etiam
3272 915 3332 969 in
3364 915 3558 971 fructu

1912 1017 2019 1057 suo
2046 1001 2127 1056 ita
2149 1001 2242 1056 hic
2266 1002 2596 1069 damnatur,
2613 1005 2900 1073 quantum
2928 1003 3165 1074 putatis,
3192 1003 3398 1060 fratres
3420 1004 3554 1073 mei,

1912 1106 2156 1163 passura
2174 1094 2263 1145 est
2278 1090 2336 1144 in
2355 1089 2548 1145 futuro
2570 1107 2605 1145 a
2627 1106 2858 1145 summo
2875 1090 3075 1161 judice
3092 1091 3559 1149 damnationem?

1910 1181 2050 1235 Nam
2091 1180 2219 1249 ﬁnis
2268 1180 2490 1234 illorum
2519 1194 2665 1234 mors
2702 1187 2796 1235 est.
2832 1179 2988 1235 Mors
3041 1180 3264 1236 scilicet
3319 1180 3553 1254 duplex.

1910 1269 2074 1324 Unde
2106 1268 2424 1340 propheta:
2459 1268 2682 1340 Duplici
2714 1270 3040 1325 contritione
3067 1278 3280 1326 contere
3306 1287 3394 1327 eos
3414 1275 3553 1340 (Jer.

1908 1358 2067 1429 xvn).
2100 1357 2297 1412 Prima
2325 1361 2415 1413 est
2442 1374 2602 1414 mors
2642 1357 2849 1413 anima:
2899 1359 2958 1413 in
3007 1359 3260 1431 peccatis
3291 1360 3553 1432 sepultae.

1911 1447 2180 1504 Secunda
2226 1450 2318 1502 est
2374 1462 2532 1502 mors
2562 1446 2769 1502 animae
2822 1448 3038 1520 pariter
3092 1452 3148 1504 et
3204 1450 3463 1522 corporis
3494 1449 3556 1505 in

1909 1536 2196 1609 gehenna,
2220 1538 2500 1608 perpetuo
2531 1536 2813 1592 cruciatu.
2848 1537 3008 1593 Finis
3040 1554 3196 1611 ergo,
3219 1538 3277 1594 id
3301 1543 3391 1595 est
3419 1556 3555 1595 con-

1910 1625 2228 1683 summatio
2257 1623 2493 1680 illorum
2537 1628 2911 1697 peccatorum
2960 1630 3050 1682 est
3105 1644 3263 1684 mors
3323 1629 3554 1696 animae,

1911 1715 2188 1787 quoniam
2219 1731 2322 1787 per
2349 1713 2452 1770 illa
2475 1731 2510 1769 a
2527 1731 2661 1770 vero
2694 1714 2866 1783 bono,
2892 1733 2925 1772 a
2946 1732 3078 1772 vera
3102 1715 3251 1785 luce,
3275 1721 3332 1773 et
3361 1735 3397 1773 a
3422 1735 3558 1774 vera

151 1807 329 1875 scitis,
362 1803 574 1877 inquit,
606 1806 742 1878 quia
793 1805 1038 1860 membra
1090 1811 1267 1860 vestra
1315 1805 1523 1862 Christi
1576 1814 1722 1875 sunt,
1751 1814 1804 1864 et
1836 1840 1882 1904 Β
1912 1804 2030 1859 vita
2088 1803 2368 1876 privatur,
2427 1803 2781 1871 brutiﬁcata,
2833 1810 3133 1875 excaecata,
3185 1806 3554 1874 mortiﬁcata,

151 1912 265 1953 non
294 1896 421 1951 estis
456 1893 666 1949 vestri?
701 1894 868 1964 empti
902 1895 1053 1949 enim
1080 1895 1208 1950 estis
1233 1896 1407 1967 pretio
1435 1912 1656 1965 magno,
1681 1897 1803 1967 glo-

151 1986 363 2058 riﬁcate
385 1991 436 2040 et
461 1989 673 2056 portate
690 1984 861 2038 Deum
888 1984 950 2038 in
976 1999 1196 2055 corpore
1214 1991 1386 2040 vestro
1416 1984 1621 2057 (Ibid.).
1644 1987 1796 2042 Heu!

152 2074 366 2130 fratres
406 2072 541 2140 mei,
567 2088 745 2144 quam
776 2088 948 2144 grave
976 2071 1378 2144 prmjudicium
1404 2072 1662 2129 Creatori
1706 2092 1806 2131 no-

154 2167 277 2221 stro
308 2161 826 2233 facimus,quando
863 2178 1102 2233 corpore
1144 2165 1203 2217 et
1251 2162 1532 2218 membris
1563 2164 1800 2229 nostris,

159 2270 289 2326 quae
310 2253 437 2326 ipse
465 2250 678 2308 creavit
698 2254 756 2307 et
784 2251 1030 2307 redemit
1059 2252 1131 2306 ad
1163 2252 1533 2308 serviendum
1574 2252 1708 2319 sibi,
1742 2254 1801 2308 in

154 2342 393 2402 servitio
422 2340 644 2414 peccati
675 2344 733 2396 et
760 2339 980 2396 diaboli
1010 2340 1328 2396 abutimur.
1358 2344 1585 2409 Totiens,
1612 2342 1805 2416 inquit

148 2430 484 2506 Apostolus,
518 2431 762 2485 membra
794 2429 1016 2498 Christi,
1046 2431 1254 2501 faciam
1279 2433 1524 2487 membra
1550 2434 1801 2488 meretri~

150 2524 276 2578 cis?
302 2520 487 2576 Absit!
517 2518 703 2589 (Ibid.)
740 2517 908 2576 Absit
963 2535 1100 2592 ergo
1157 2536 1192 2575 a
1250 2519 1440 2587 nobis,
1478 2521 1705 2587 fratres,
1736 2526 1804 2577 ut

152 2611 422 2667 membra
452 2611 651 2665 nostra
691 2613 805 2664 Deo
850 2608 1235 2675 sanctificata,
1270 2609 1340 2664 de
1371 2613 1575 2665 caetero
1606 2609 1666 2664 in
1700 2609 1804 2666 im-

153 2699 509 2756 munditiam
528 2697 741 2753 diaboli
759 2696 1253 2755 contaminemus!
1280 2698 1626 2755 Nullatenus
1642 2700 1801 2756 enim

152 2790 408 2863 possunt
437 2787 700 2842 membra
738 2789 938 2842 nostra
990 2786 1169 2842 simul
1221 2787 1437 2843 servire
1483 2787 1715 2843 diabolo
1747 2792 1806 2844 et

150 2879 293 2936 Deo.
319 2876 483 2933 Unde
512 2879 569 2931 et
610 2875 882 2931 subditur
906 2891 918 2930 :
943 2878 1080 2932 Cum
1108 2878 1259 2931 enim
1294 2878 1441 2932 servi
1470 2878 1653 2932 essetis
1679 2893 1802 2948 pec-

150 2969 282 3034 cati,
317 2967 492 3022 atieni
533 2966 700 3021 eratis
751 2981 786 3020 a
830 2965 1074 3037 justitia.
1106 2965 1176 3019 Et
1214 2981 1363 3037 quae,
1424 2964 1633 3020 fratres
1665 2965 1799 3033 mei,

154 3073 286 3129 quis
344 3053 593 3110 servitus
649 3053 919 3108 miserior
947 3056 1004 3108 et
1043 3052 1433 3109 miserabilior
1478 3058 1567 3109 est
1623 3069 1802 3126 quam

154 3144 371 3202 servire
422 3146 655 3215 peccato
686 3146 743 3198 et
779 3141 1009 3198 diabolo
1029 3141 1058 3196 ?
1088 3142 1158 3196 Et
1188 3158 1318 3212 quae
1347 3140 1585 3198 libertas
1641 3143 1805 3215 pejor

1911 1892 2157 1950 vinculis
2186 1897 2559 1966 peccatorum
2588 1892 2878 1963 obvoluta,
2902 1894 3096 1965 ligata,
3134 1895 3363 1952 tumulo
3390 1896 3558 1952 vitio-

1912 2000 2042 2038 rum
2067 1982 2313 2055 sepulta,
2339 1999 2593 2039 arenosa
2615 1982 3058 2040 consuetudinis
3086 1984 3321 2041 cumulo
3353 2003 3556 2058 super-

1913 2076 2243 2146 aggravata.
2281 2071 2437 2127 Finis
2470 2088 2700 2144 quoque
2745 2071 2980 2129 illorum
3025 2091 3183 2129 mors
3215 2074 3556 2147 gehennalis

1911 2166 2019 2229 est,
2044 2161 2321 2234 quoniam
2367 2178 2615 2233 quorum
2648 2162 2766 2217 vita
2803 2166 3035 2218 mortua
3062 2168 3118 2219 et
3148 2164 3312 2219 ﬁnita
3360 2168 3449 2220 est
3494 2164 3554 2220 in

1911 2251 2103 2324 culpa,
2122 2267 2323 2308 eorum
2355 2236 2519 2307 mors.
2534 2251 2685 2306 vivet
2714 2251 2772 2306 in
2802 2268 2989 2324 poena.
3014 2252 3181 2322 Nam,
3198 2253 3368 2324 juxta
3400 2252 3559 2309 Psal-

1912 2340 2169 2405 mistam,
2204 2356 2351 2396 mors
2380 2341 2623 2412 depascet
2668 2356 2754 2396 eos
2798 2342 2965 2411 (Psat.
2990 2344 3206 2410 XLVIII),
3260 2359 3376 2399 non
3424 2360 3557 2399 con-

1911 2434 2122 2488 sumet.
2144 2430 2291 2485 Nam
2340 2430 2493 2486 sicut
2523 2430 2628 2484 bos
2657 2446 2773 2485 non
2817 2430 3097 2486 radicitus
3145 2432 3395 2487 comedit
3424 2433 3555 2488 her-

1911 2520 2068 2587 bam,
2092 2520 2195 2575 sed
2237 2519 2317 2574 ita
2366 2536 2495 2574 eam
2527 2518 2798 2588 comedit,
2828 2523 2892 2574 ut
2920 2536 3048 2575 eam
3081 2521 3339 2593 quotidie
3369 2537 3560 2578 come-

1911 2609 2045 2665 dere
2078 2608 2280 2680 possit.
2310 2608 2390 2662 ita
2421 2608 2650 2680 reprobi
2680 2624 2713 2662 a
2742 2612 2926 2663 morte
2957 2625 3187 2681 semper
3217 2609 3561 2665 cruciabun-

1910 2700 2028 2763 tur,
2053 2714 2157 2753 nec
2205 2701 2401 2752 tamen
2435 2696 2938 2765 adnihilabuntur,
2968 2702 3034 2753 ut
3062 2715 3294 2771 semper
3339 2698 3459 2755 sint
3504 2701 3563 2754 et

1912 2802 2145 2858 semper
2174 2784 2518 2840 moriantur.
2555 2785 2717 2841 Unde
2754 2785 3009 2841 Joannes
3058 2786 3116 2841 in
3162 2786 3509 2861 Apocalypsi
3543 2803 3557 2843 :

1913 2874 2185 2947 Optabunt
2213 2875 2375 2941 mori,
2399 2873 2491 2929 sed
2518 2875 2663 2929 mori
2688 2877 2865 2947 fugiet
2892 2875 2961 2930 ab
2989 2877 3067 2931 eis
3091 2875 3267 2947 (Apoc.
3295 2875 3392 2948 Ix).
3419 2876 3562 2931 Cru-

1913 2964 2225 3019 ciabuntur
2245 2966 2441 3018 autem
2457 2967 2712 3035 quatuor
2728 2963 3039 3037 generibus
3062 2981 3387 3036 pcsnarum,
3400 2981 3558 3021 vere-

1913 3052 2145 3120 cundia,
2162 3052 2389 3119 timore,
2406 3052 2762 3123 paenitentia,
2776 3056 2833 3107 et
2852 3052 3068 3109 dolore.
3083 3053 3194 3109 Sed
3208 3053 3558 3110 verecundia

1913 3140 2014 3196 illa
2034 3140 2143 3196 erit
2163 3140 2288 3197 sine
2308 3141 2582 3213 tegmine,
2606 3141 2782 3197 timor
2800 3140 2896 3197 ille
2926 3141 3052 3197 sine
3073 3158 3195 3214 spe,
3220 3142 3561 3215 poenitentia

154 3249 338 3306 quam
369 3210 619 3288 liberum
667 3246 795 3286 esse
824 3247 859 3286 a
878 3230 1132 3302 justitia,
1165 3210 1292 3302 quae
1322 3234 1412 3286 est
1451 3210 1667 3302 jugum
1697 3210 1804 3286 Ibo—
1837 3210 1877 3276 C
1910 3228 2011 3285 illa
2041 3229 2168 3284 sine
2214 3210 2482 3297 utilitate,
2508 3229 2674 3285 dolor
2729 3228 2825 3285 ille
2856 3230 2982 3285 sine
3037 3210 3443 3303 compassione
3502 3236 3559 3289 et

154 3320 303 3378 mini
332 3336 528 3388 suave,
553 3323 611 3376 et
665 3337 816 3376 onus
862 3320 990 3391 ejus
1047 3319 1168 3375 leve
1197 3319 1404 3389 (Matth.
1438 3322 1539 3391 x1.)
1565 3320 1626 3375 In
1685 3338 1800 3393 quo

151 3409 334 3485 (unde
351 3408 666 3465 dolendum
683 3411 793 3477 est)
804 3408 943 3463 conf
941 3407 1247 3464 nudantur
1261 3408 1501 3481 quidam
1522 3408 1801 3464 habentes

1910 3319 2036 3374 sine
2068 3322 2273 3384 morte,
2300 3334 2458 3373 mors
2488 3318 2612 3374 sine
2644 3320 2778 3389 ﬁne,
2812 3319 2946 3375 finis
2975 3319 3101 3375 sine
3130 3320 3379 3375 defectu.

1982 3405 2260 3479 Sequitur
2290 3423 2424 3478 pars
2467 3411 2692 3479 quarta,
2716 3407 2775 3462 in
2808 3425 2924 3480 qua
2971 3408 3300 3464 ostenditur
3329 3425 3456 3480 quas
3487 3427 3557 3466 ex

151 3499 420 3556 velamen
449 3496 708 3562 malitiae,
750 3495 1095 3553 libertatem.
1121 3496 1251 3562 Qui,
1280 3497 1420 3569 quia
1450 3500 1589 3552 sunt
1634 3495 1802 3552 liberi
1902 3495 2136 3567 justitia
2180 3500 2520 3567 sequantur,
2553 3513 2685 3552 cum
2718 3497 2990 3554 subditur
3023 3514 3036 3551 :
3071 3502 3230 3554 Nunc
3270 3506 3454 3554 autem
3483 3500 3556 3554 ti-

152 3604 387 3663 genere,
404 3586 609 3642 volunt
629 3601 757 3641 esse
776 3585 943 3660 liberi
967 3603 1000 3641 a
1018 3587 1163 3659 jugo
1189 3585 1530 3641 obedientia:
1552 3590 1610 3642 et
1622 3586 1801 3658 justi-

153 3677 271 3745 tiaa,
297 3674 583 3730 malentes
614 3689 742 3729 esse
771 3673 993 3729 subditi
1024 3673 1375 3729 criminibus
1408 3691 1584 3747 quam
1616 3674 1803 3730 senio-

156 3765 342 3832 ribus,
383 3767 441 3820 et
469 3762 724 3818 dicentes
749 3778 762 3816 :
786 3764 1201 3834 Disrumpamus
1247 3763 1470 3819 vincula
1514 3779 1721 3831 eorum,
1752 3772 1804 3819 et

152 3854 516 3928 projiciamus
546 3869 581 3907 a
613 3852 773 3907 nobis
820 3851 1019 3922 jugum
1076 3853 1321 3923 ipsorum
1350 3852 1521 3925 (Psat.
1558 3855 1642 3921 11).
1693 3853 1805 3909 Sed

158 3942 300 4017 quid
328 3938 632 4014 sequitur?
662 3939 769 4009 Qui
803 3940 1017 3996 habitat
1044 3942 1104 3995 in
1132 3941 1302 4009 caelis,
1336 3941 1590 3997 irridebit
1618 3957 1725 4007 eos,
1757 3948 1807 3997 et

159 4030 823 4088 Dominussubsannabit
848 4045 935 4085 eos
959 4029 1166 4101 (Ibid.).

230 4118 509 4189 Sequitur
534 4134 672 4189 pars
701 4116 894 4182 tertia,
922 4115 983 4171 in
1014 4133 1130 4189 qua
1160 4116 1489 4172 ostenditur
1518 4134 1645 4188 quae
1676 4134 1810 4189 pec-

160 4209 357 4262 catum
383 4206 843 4276 subsequantur,
859 4222 995 4259 cum
1016 4204 1291 4261 subditur
1313 4221 1327 4259 :
1354 4206 1521 4273 Quem
1539 4221 1667 4274 ergo
1689 4208 1810 4277 fru-

159 4304 307 4352 ctum
336 4295 610 4349 habuistis
657 4301 805 4358 tunc,
838 4294 899 4347 in
930 4294 1126 4365 quibus
1156 4310 1305 4348 nunc
1351 4293 1711 4349 erubescitis?
1739 4294 1813 4349 Ac

161 4383 213 4441 si
262 4383 500 4449 diceret,
536 4380 789 4448 Malum;
842 4398 981 4437 nam
1030 4381 1164 4437 ﬁnis
1224 4381 1458 4437 illorum
1517 4399 1674 4438 mors
1703 4386 1809 4438 est.

162 4472 339 4528 Porro
371 4470 663 4526 immundi
715 4475 771 4525 et
808 4470 995 4543 iniqui
1036 4470 1309 4527 desiderii
1350 4471 1706 4543 adimpletio,
1730 4471 1811 4526 vi-

1913 3585 2085 3641 berati
2112 3601 2146 3639 a
2171 3592 2407 3654 peccato,
2435 3602 2536 3656 per
2559 3585 2921 3656 baptismum
2944 3585 3165 3642 scilicet
3193 3591 3249 3642 et
3279 3587 3559 3659 poeniten-

1912 3674 2076 3741 tiam,
2107 3674 2253 3729 servi
2287 3681 2469 3729 autem
2525 3676 2659 3745 [acti
2719 3678 2846 3741 Deo,
2880 3691 2985 3747 per
3029 3674 3349 3747 justitiam,
3381 3676 3439 3731 id
3471 3680 3561 3733 est

1912 3763 2101 3836 ipsius
2122 3762 2391 3835 justitize,
2416 3764 2621 3819 habetis
2660 3766 2902 3835 fructum
2950 3766 3012 3819 in
3056 3766 3561 3836 sanctiﬁcationem,

1913 3853 2079 3925 ﬁnem
2134 3868 2259 3907 vero
2318 3852 2545 3908 illorum
2600 3854 2771 3907 vitam
2822 3860 3104 3909 aeternam.
3148 3855 3229 3910 Ex
3285 3854 3560 3927 operibus

1916 3942 2131 4014 quippe
2162 3945 2217 3997 et
2248 3958 2359 3996 usu
2389 3940 2636 4012 justitiae
2668 3941 3005 4012 proficimus
3053 3943 3113 3997 in
3162 3943 3557 4000 fructificatio-

1916 4030 2230 4102 nem,quia
2260 4029 2406 4084 nihil
2439 4029 2671 4097 melius,
2695 4028 2839 4085 nihil
2870 4030 3194 4102 pulchrius,
3219 4031 3279 4086 in
3311 4030 3419 4087 hac
3445 4032 3568 4088 vita

1919 4122 2112 4190 potest
2142 4117 2531 4183 baberi.Quid
2565 4118 2742 4183 enim,
2767 4118 2975 4174 fratres
3006 4119 3141 4187 mei,
3166 4119 3305 4192 quid
3338 4119 3569 4192 melius,

1919 4206 2060 4277 quid
2092 4205 2418 4277 pulchrius,
2452 4222 2629 4278 quam
2678 4206 2837 4261 omni
2884 4206 3249 4279 turpitudine
3298 4209 3573 4281 omnique

1919 4294 2058 4350 vitio
2090 4311 2308 4363 carere,
2335 4296 2621 4350 mundum
2654 4299 2847 4350 mente
2872 4300 2928 4351 et
2947 4313 3187 4369 corpore
3208 4313 3354 4366 esse,
3378 4297 3576 4354 diabo-

1918 4382 2044 4438 lum
2070 4383 2181 4437 sub
2204 4382 2450 4455 pedibus
2474 4384 2709 4451 habere,
2725 4384 2923 4440 omnia
2944 4386 3243 4442 mundana
3263 4386 3577 4458 vilipende-

1922 4488 2004 4541 re,
2040 4471 2271 4528 modico
2303 4477 2645 4528 contentum
2680 4491 2828 4540 esse,
2862 4474 3260 4548 indigentibus
3306 4479 3471 4548 pium
3520 4479 3578 4531 et

162 4562 336 4618 detur
364 4558 768 4633 peccatoribus
799 4575 926 4617 esse
958 4559 1126 4632 quasi
1153 4560 1390 4632 quidam
1425 4560 1651 4615 fructus
1682 4578 1816 4615 sua-
1849 4568 1893 4631 1)
1926 4561 2203 4617 omnibus
2230 4560 2541 4617 amabilem
2576 4579 2725 4630 esse,
2749 4563 2821 4617 ad
2851 4562 3143 4619 caelestem
3175 4564 3425 4637 patriam
3456 4568 3575 4620 toto

159 4649 353 4717 vis,eo
375 4649 531 4722 quod
560 4647 619 4703 in
653 4649 781 4720 ejus
813 4666 923 4705 usu
952 4650 1025 4704 ad
1057 4649 1261 4705 horam
1288 4649 1670 4704 delectantur.
1703 4649 1814 4705 Sed

162 4740 317 4813 quod
342 4737 638 4812 pessimus
661 4739 738 4794 sit
762 4737 897 4793 talis
920 4738 1164 4806 fructus,
1190 4738 1399 4809 probat
1418 4736 1730 4809 Apostolus
1749 4755 1819 4793 ex

162 4826 682 4901 consequentibus,
711 4825 992 4899 quoniam
1041 4842 1111 4881 ex
1157 4825 1260 4882 tali
1311 4826 1503 4881 fructu
1553 4826 1821 4898 sequitur

164 4918 353 4991 pudor
381 4921 438 4973 et
468 4933 643 4973 mors.
681 4916 808 4972 Non
839 4915 997 4971 enim
1029 4932 1099 4971 ex
1145 4915 1298 4971 bono
1329 4920 1385 4971 et
1412 4915 1682 4986 honesto,
1717 4916 1819 4971 sed

163 5011 396 5062 tantum
423 5022 492 5061 ex
510 5004 668 5078 turpi
693 5009 752 5060 et
778 5003 1089 5060 inhonesto
1120 5021 1357 5061 necesse
1378 5004 1666 5061 habemus
1688 5022 1819 5061 eru-

164 5096 423 5152 bescere.
457 5095 574 5150 Iste
610 5110 747 5167 ergo
806 5093 996 5166 pudor
1053 5097 1388 5164 perpetrata:
1438 5093 1822 5165 turpitudinis

164 5184 335 5240 testis
370 5188 476 5240 est.
510 5184 666 5239 Adeo
707 5182 924 5256 quippe
974 5181 1330 5237 damnabilis
1362 5181 1742 5238 immunditia
1768 5188 1825 5239 et

165 5272 450 5345 iniquitas
479 5276 588 5338 est,
611 5272 765 5343 quod
797 5272 973 5327 etiam
1005 5271 1078 5327 ab
1123 5270 1251 5342 ipso
1282 5269 1589 5327 immundo
1620 5276 1678 5327 et
1706 5271 1824 5326 ini-

170 5377 286 5433 quo
318 5359 763 5416 condemnatur.
797 5359 861 5414 In
910 5360 1041 5433 ipsa
1083 5358 1239 5415 enim
1274 5364 1468 5415 mente
1502 5359 1689 5433 iniqui
1738 5364 1827 5417 est

169 5449 329 5505 mala
356 5447 717 5504 conscientia
744 5464 870 5519 quae
903 5466 1036 5504 eum
1067 5450 1322 5504 accusat.
1358 5448 1470 5503 Sed
1503 5449 1679 5505 etiam
1711 5467 1827 5506 me-

170 5538 357 5594 moria
376 5540 435 5594 et
464 5536 655 5611 pudor
684 5540 863 5593 testes
892 5537 994 5611 qui
1020 5541 1222 5593 contra
1245 5554 1378 5592 eum
1414 5538 1827 5610 testiﬁcantur,

172 5630 229 5687 et
255 5627 433 5684 etiam
482 5624 613 5699 ipsa
654 5624 822 5694 ratio,
844 5642 975 5698 quae
1021 5642 1158 5685 eum
1200 5626 1431 5698 judicut
1477 5631 1534 5683 ct
1566 5627 1824 5684 damnat.

1925 4650 2214 4707 desiderio
2237 4650 2527 4717 festinare,
2544 4667 2649 4706 nee
2669 4652 2845 4706 etiam
2868 4652 3055 4724 ipsam
3078 4658 3325 4709 mortem
3346 4653 3573 4723 timere,

1928 4739 2029 4796 sed
2061 4739 2255 4811 potius
2282 4756 2410 4795 eam
2438 4756 2638 4803 secure
2670 4745 3020 4812 exspectare,
3045 4745 3102 4796 et
3131 4742 3364 4814 quando
3385 4742 3576 4798 caeteri

1927 4828 2159 4896 timent,
2178 4828 2236 4882 in
2266 4828 2380 4883 Deo
2404 4844 2606 4884 secure
2632 4832 2689 4884 ct
2714 4828 2909 4883 laetum
2935 4830 3098 4886 esse?
3118 4835 3186 4886 Et
3214 4831 3261 4887 si
3292 4831 3581 4904 tantisper

1928 4916 2117 4972 dulcis
2138 4922 2226 4972 est
2250 4919 2472 4972 fructus
2491 4917 2736 4989 justitia:
2766 4918 2824 4972 in
2859 4917 2966 4974 hac
2986 4919 3123 4987 vita,
3148 4936 3325 4993 quam
3348 4918 3579 4977 dulcius

1930 5007 2168 5079 putatis,
2187 5006 2392 5061 fratres
2414 5006 2550 5072 mei,
2576 5006 2685 5062 erit
2705 5008 2833 5079 ejus
2865 5008 3170 5079 premium
3190 5009 3249 5063 in
3281 5008 3396 5065 alia
3423 5008 3582 5066 vita?

1931 5098 2119 5151 Finem
2148 5112 2289 5162 vero,
2316 5095 2528 5167 inquit,
2554 5097 2725 5151 vitam
2770 5104 3057 5153 .Tternam.
3082 5099 3150 5153 Et
3178 5114 3307 5154 vere
3340 5098 3440 5155 illa
3467 5097 3586 5156 vita

1931 5185 2041 5241 erit
2070 5183 2205 5249 vita,
2231 5184 2292 5238 in
2348 5200 2464 5255 qua
2504 5184 2649 5240 nihil
2684 5185 2947 5253 mortale,
2980 5186 3127 5242 nihil
3157 5186 3266 5243 erit
3297 5189 3588 5261 corrupti-

1932 5272 2065 5328 bile.
2090 5273 2214 5327 Non
2250 5277 2660 5345 corrumpetur
2684 5274 2939 5347 amplius
2958 5275 3156 5332 anima
3187 5277 3459 5350 peccatis,
3484 5278 3587 5334 sed

1933 5362 2128 5435 potius
2161 5362 2441 5417 omnibus
2488 5362 2804 5419 virtutibus
2852 5365 3200 5421 coruscabit.
3230 5365 3356 5421 Non
3402 5365 3589 5422 varia-

1934 5451 2095 5506 bitur
2124 5450 2607 5522 perturbationis,
2641 5453 2743 5507 sed
2775 5454 2968 5525 potius
2998 5471 3232 5527 semper
3258 5454 3407 5521 laeta,
3432 5471 3591 5511 sem-

1935 5557 2038 5612 per
2077 5556 2302 5608 secura,
2338 5556 2569 5611 semper
2616 5541 2875 5612 paciﬁca,
2911 5560 3142 5617 semper
3190 5558 3430 5601 concors
3461 5544 3592 5600 erit.

1939 5630 2063 5686 Non
2096 5628 2488 5684 minorabitur
2526 5630 2870 5701 defectibus,
2914 5633 3017 5689 sed
3066 5631 3225 5689 omni
3289 5632 3597 5707 sapientia,
