3974 6076
296 298 545 363 .2003

1397 300 1794 362 ADDENDA.
1828 333 1906 343 ——
1936 298 2327 361 BADULPHI
2371 297 2785 359 ARDENTIS.

3638 296 3803 359 2004

387 432 551 490 omni
577 429 788 508 gratia,
810 431 968 490 omni
997 433 1349 506 perfectione
1378 434 1720 490 abundabit.
1748 434 1874 489 Non
1908 450 2032 489 cor-
2063 435 2119 500 Α
2217 431 2490 503 Sequitur
2509 448 2643 504 pars
2664 432 2943 498 secunda,
2970 431 3030 488 in
3062 448 3181 505 qua
3207 430 3541 506 compassio
3561 432 3800 490 Domini

389 526 696 595 rumpatur
725 538 936 595 corpus
962 523 1139 593 vitiis,
1173 525 1273 580 sed
1305 523 1466 579 omni
1495 523 1844 595 integritate,
1872 521 2031 578 omni

388 611 841 684 pulchritudine,
857 612 1015 668 omni
1037 612 1339 668 honestate
1360 612 1745 668 decorabitur.
1766 613 1889 667 Non
1913 613 2034 667 afﬁ-

382 699 567 756 cietur
598 699 942 773 indigentia,
973 701 1074 757 sed
1105 702 1261 756 omni
1314 702 1617 757 saturitate
1648 707 1703 756 et
1731 701 2030 757 afﬂuentia

381 788 799 845 cumulabitur.
836 790 961 845 Non
993 790 1330 862 gravabitur
1359 791 1705 857 defectibus,
1740 791 1842 846 sed
1874 790 2029 845 saui-

379 880 519 946 tate,
534 878 865 950 juventute,
885 877 1108 934 viribus
1138 882 1195 935 et
1223 879 1480 951 agilitate
1512 879 1811 935 ditabitur.

453 966 731 1039 Sequitur
758 983 895 1039 pars
927 968 1151 1040 quinta,
1181 967 1243 1023 in
1275 985 1394 1040 qua
1422 967 1751 1024 ostenditur
1780 971 2029 1023 mortem

383 1058 660 1112 sternam
690 1072 796 1128 pro
832 1060 1066 1129 peccato
1096 1058 1256 1129 juste
1284 1057 1502 1124 deberi,
1535 1074 1669 1113 cum
1702 1057 1977 1113 subditur
2011 1073 2025 1112 :

383 1145 669 1217 Stipendia
694 1146 844 1201 enim
866 1147 1075 1218 peccati
1096 1163 1242 1203 mors
1270 1154 1363 1214 est,
1388 1147 1446 1202 id
1475 1150 1562 1202 est
1590 1146 1890 1202 diabolica
1913 1163 2032 1201 ma-

384 1231 522 1289 litias
560 1233 823 1290 debitum
852 1238 943 1291 est
978 1252 1158 1291 mors.
1183 1236 1328 1302 Quia
1359 1235 1513 1291 enim
1544 1240 1811 1307 peccator
1859 1252 1927 1291 ex
1969 1251 2031 1289 se

386 1321 577 1380 noluit
604 1322 916 1391 bonum,et
936 1324 1069 1380 fecit
1094 1330 1417 1396 peccatum,
1444 1342 1511 1380 ex
1533 1342 1593 1381 se
1624 1324 1839 1379 meruit
1871 1341 2030 1379 mor-

385 1415 528 1480 tem,
545 1412 698 1469 unde
720 1416 777 1468 et
797 1416 1273 1486 mors,tanquam
1298 1431 1520 1470 merces
1550 1415 1601 1470 ei
1620 1414 1880 1470 debetur.
1904 1414 2032 1468 Non

388 1517 526 1575 ergo
557 1501 733 1558 habet
761 1502 1075 1559 damnatus
1104 1504 1259 1572 unde
1290 1506 1618 1559 murmurat
1648 1508 1851 1559 contra
1872 1503 2034 1574 judi-

387 1591 651 1660 cem,sed
682 1590 878 1663 potius
898 1592 1053 1648 unde
1084 1591 1281 1648 saeviat
1310 1592 1370 1647 in
1400 1593 1798 1665 seipsum,qui
1828 1594 2034 1665 sponte

388 1679 648 1736 deseruit
675 1680 950 1748 vitam,et
978 1680 1154 1754 elegit
1183 1686 1455 1747 mortem,
1480 1682 1649 1753 juxta
1677 1681 1822 1736 illud
1847 1699 1860 1737 :
1894 1682 2035 1737 Deus

386 1785 498 1826 non
524 1770 655 1840 fecit
681 1776 909 1826 mortem
926 1770 1077 1842 (Sap.
1107 1770 1169 1843 ι),
1194 1770 1251 1825 id
1280 1773 1369 1826 est
1400 1787 1639 1826 causam
1671 1770 1898 1837 mortis,
1931 1770 2031 1825 sed

386 1857 659 1915 homines
687 1858 937 1931 pedibus
959 1863 1017 1915 et
1039 1858 1313 1915 manibus
1343 1860 1733 1915 accersierunt
1754 1859 1863 1915 sibi
1888 1876 2037 1914 mor-

388 1949 529 2004 tem.
545 1945 761 2004 Deinde
776 1948 1104 2004 ostenditur
1116 1948 1294 2004 vitam
1313 1951 1589 2005 aeternam
1608 1953 1833 2004 tantum
1851 1947 2036 2021 gratis

388 2035 535 2104 dari,
567 2052 703 2092 cum
734 2036 1011 2092 subditur
1041 2054 1055 2093 :
1090 2036 1277 2094 Gratia
1305 2045 1485 2094 autem
1521 2040 1623 2094 Dei
1662 2040 1775 2093 vita
1801 2046 2031 2094 aeterna.

388 2125 574 2182 Homo
601 2125 759 2181 enim
810 2143 915 2182 nec
946 2143 1015 2182 ex
1045 2144 1107 2182 se
1136 2127 1339 2193 voluit,
1371 2143 1477 2182 nec
1524 2127 1732 2200 potuit,
1767 2143 1873 2182 nec
1904 2124 2037 2181 fecit

388 2213 633 2282 bonum,
655 2213 757 2269 sed
789 2230 856 2269 ex
884 2213 1011 2269 sola
1036 2213 1137 2270 Dei
1165 2215 1372 2288 gratia,
1397 2231 1525 2286 qua:
1556 2214 1830 2287 praevenit
1854 2212 2037 2269 homi-

391 2319 526 2360 nem
557 2306 616 2358 et
644 2303 1046 2374 subsequitur,
1068 2304 1216 2360 dans
1252 2302 1397 2359 velle
1427 2308 1483 2359 et
1510 2305 1806 2376 perﬁcere.
1839 2303 2037 2359 Gratia

391 2407 529 2465 ergo
549 2391 651 2447 Dei
671 2395 829 2458 sunt,
844 2395 964 2446 tam
987 2394 1197 2447 nostra;
1211 2392 1454 2463 justitiae
1477 2409 1652 2465 quam
1678 2409 1918 2448 merces.
1935 2396 2032 2447 So-

391 2478 512 2538 lam
533 2480 691 2537 enim
713 2480 962 2553 gratiam
990 2496 1158 2535 suam
1181 2486 1419 2536 coronat
1436 2481 1495 2536 in
1521 2481 1690 2537 nobis
1711 2482 1885 2536 Deus.
1910 2482 2035 2536 Non

390 2568 611 2626 habent
639 2586 775 2643 ergo
799 2569 947 2642 justi
977 2569 1133 2625 unde
1171 2586 1297 2626 sese
1318 2570 1610 2641 jactitent,
1633 2571 1786 2626 unde
1813 2569 2036 2642 aliquid

390 2659 503 2717 sibi
532 2658 850 2730 ascribunt,
877 2659 979 2715 sed
1019 2657 1129 2714 soli
1159 2659 1357 2731 gratiae
1388 2660 1507 2726 Dei,
1543 2677 1669 2732 quae
1700 2676 1807 2716 nos
1854 2659 2037 2731 gratis

391 2747 842 2824 praedestinavit,
857 2748 1040 2821 gratis
1064 2747 1307 2813 vocavit,
1322 2749 1505 2821 gratis
1525 2749 1888 2821 justiﬁcavit,
1912 2766 2040 2821 gra-

389 2838 468 2895 tis
497 2836 675 2894 etiam
707 2836 1005 2907 coronabit
1025 2853 1129 2908 per
1151 2837 1356 2893 Jesum
1377 2838 1671 2894 Christum
1697 2839 2038 2910 Redempto-

390 2943 514 2984 rem
544 2930 833 2995 nostrum,
855 2926 955 2999 qui
986 2942 1120 2981 cum
1150 2944 1217 2982 eo
1248 2930 1304 2981 et
1332 2926 1555 2999 Spiritu
1587 2930 1787 2983 sancto
1820 2926 1954 2982 vivit
1983 2931 2039 2982 et

391 3020 596 3090 regnat
624 3031 728 3089 per
756 3015 956 3071 omnia
983 3015 1193 3071 saecula
1222 3014 1587 3072 saeculorum.
1610 3017 1814 3071 Amen.

951 3121 1276 3178 HOMILI/E
1311 3122 1479 3178 XVII.

656 3209 933 3251 DOMINICA
969 3210 1212 3249 SEPTIMA
1251 3210 1389 3249 POST
1424 3210 1789 3249 TRINITATEM.

470 3284 605 3340 Cum
633 3283 795 3340 turba
822 3284 999 3338 multa
1027 3290 1159 3338 esset
1186 3299 1312 3337 cum
1338 3284 1484 3349 Jesu,
1509 3300 1607 3338 nec
1625 3283 1885 3339 haberent
1903 3284 2043 3355 quod

396 3373 812 3441 manducarent,
844 3374 1145 3428 convocatis
1173 3371 1462 3443 discipulis
1491 3374 1608 3427 suis
1635 3374 1716 3427 ait
1744 3374 1899 3440 itlis;
1940 3372 2042 3428 Mi-

396 3480 579 3520 sereor
603 3478 769 3534 super
794 3462 1030 3524 turbam,
1053 3464 1162 3516 etc.
1186 3461 1409 3532 (Matth.
1442 3464 1590 3529 vm.)
1611 3462 2045 3533 Quadripartita

398 3557 490 3609 est
518 3551 689 3608 lectio
716 3549 851 3617 ista,
874 3549 1082 3604 fratres
1100 3548 1451 3605 charissimi.
1479 3550 1668 3606 Primo
1687 3552 2044 3606 demonstra-

397 3644 498 3697 tur
526 3638 723 3695 inedia
749 3654 952 3695 eorum
986 3637 1086 3709 qui
1117 3641 1282 3694 erant
1311 3656 1445 3694 cum
1476 3639 1637 3710 Jesu,
1662 3641 1916 3695 secundo
1938 3641 2046 3695 Do-

399 3727 546 3784 mini
589 3727 940 3800 compassio,
973 3726 1141 3783 tertio
1189 3727 1611 3800 discipulorum
1662 3728 2040 3799 imperfectio,

398 3819 607 3890 quarto
636 3819 887 3889 quatuor
914 3814 1166 3871 millium
1197 3815 1505 3871 hominum
1531 3818 1601 3872 de
1632 3821 1853 3889 septem
1885 3817 2046 3889 pani-

398 3905 510 3963 bus
530 3904 791 3979 repletio,
805 3908 863 3961 et
878 3905 1485 3977 superabundantium
1507 3905 1779 3961 sublatio.
1798 3906 2046 3962 Demon-

399 3998 620 4053 stratur
647 4010 784 4068 ergo
815 3994 1072 4067 primum
1114 3993 1308 4050 inedia
1352 4010 1553 4049 eorum
1587 3994 1687 4066 qui
1736 4011 1870 4050 cum
1902 3996 2044 4051 Jesu

398 4088 735 4151 erant,cum
758 4082 971 4139 dicitur
995 4099 1008 4138 :
1035 4084 1170 4139 Cum
1192 4084 1367 4139 multa
1396 4085 1561 4139 turba
1584 4092 1717 4140 esset
1743 4101 1869 4140 cum
1894 4087 2042 4142 Jesu.

399 4172 509 4228 Sed
542 4188 742 4245 quare,
777 4172 986 4227 fratres
1016 4172 1151 4243 mei,
1186 4171 1602 4243 Dominus,qui
1634 4173 1803 4244 panis
1831 4177 1917 4229 est
1947 4191 2045 4229 sa-

398 4260 679 4332 turitatis,
694 4278 836 4318 suos
855 4277 1137 4332 sequaces
1160 4259 1413 4316 inediam
1440 4261 1556 4333 pati
1579 4260 1797 4317 voluit?
1817 4262 2046 4335 Duplici

400 4350 472 4406 de
500 4366 698 4417 causa,
724 4354 790 4406 ut
818 4350 992 4405 ﬁdem
1015 4366 1185 4405 suam
1218 4349 1277 4404 in
1308 4350 1583 4405 cordibus
1611 4368 1853 4406 suorum
1886 4353 2048 4407 robo-

400 4439 727 4506 raret,dum
750 4436 973 4496 scilicet
990 4438 1316 4494 esurientes
1336 4439 1486 4494 miro
1511 4443 1568 4494 et
1588 4439 1850 4494 inaudito
1873 4440 2046 4496 modo

401 4527 659 4594 satiaret,
673 4531 730 4582 et
753 4530 820 4582 ut
845 4526 1196 4599 sequacibus
1226 4527 1353 4582 suis
1380 4526 1715 4598 exemplum
1747 4527 2047 4599 praeberet,
2081 4547 2123 4610 ι)

401 4620 471 4672 ut
500 4614 722 4672 scilicet
768 4615 816 4671 si
866 4616 1219 4688 quandoque
1251 4615 1505 4670 inediam
1539 4620 1898 4688 paterentur,
1932 4634 2047 4672 non

401 4705 797 4779 desperarent,
827 4705 929 4760 sed
962 4704 1403 4761 recordarentur
1432 4703 1607 4759 etiam
1638 4704 1788 4771 illos,
1823 4705 1921 4776 qui
1952 4706 2047 4760 Je-

399 4811 535 4851 sum
579 4792 879 4850 Christum
922 4792 1301 4865 corporaliter
1346 4793 1755 4864 sequebaniur,
1792 4793 2048 4849 inediam

401 4882 584 4939 fuisse
604 4886 895 4956 passos.et
910 4881 1105 4939 subito
1128 4880 1376 4954 gloriose
1400 4880 1727 4948 satiatos,et
1748 4886 2053 4953 sperarent

403 4987 466 5027 se
498 4988 732 5046 quoque
762 4972 835 5029 ab
854 4989 921 5029 eo
952 4975 1217 5045 potenter
1242 4970 1584 5027 visitandos.
1608 4971 1739 5042 Ipsa
1770 4970 2050 5025 nimirum

402 5059 597 5116 inedia
618 5061 950 5133 frequenter
972 5061 1192 5117 sanctis
1214 5059 1481 5132 perutilis
1502 5060 1756 5124 est,dum
1781 5059 1933 5131 cogit
1953 5075 2052 5116 eos
2080 5062 2091 5069 ’

404 5152 773 5205 contemnam
793 5148 1156 5221 temporalia,
1170 5152 1227 5204 et
1253 5149 1551 5221 suspirare
1572 5149 1642 5203 ad
1665 5149 2049 5215 mterna,dum

403 5235 666 5292 maculas
685 5252 887 5292 eorum
907 5240 1138 5311 purgat,
1153 5238 1293 5293 dum
1311 5237 1554 5293 virtutes
1575 5237 1925 5305 nutrit,dum
1952 5254 2050 5293 eos

405 5323 635 5381 modico
655 5328 957 5381 contentos
989 5326 1147 5381 facit.
1167 5325 1329 5381 Sicut
1357 5324 1679 5381 econtrario
1710 5324 2053 5397 quotidiana

407 5411 624 5470 multos
654 5413 977 5484 corrumpit
1014 5414 1393 5470 abundantia.
1428 5413 1589 5469 Unde
1636 5414 1919 5469 Dominus
1952 5430 2054 5486 per

406 5502 750 5575 prophetam
785 5518 798 5555 ε
832 5501 977 5568 Haec,
1006 5500 1220 5571 inquit,
1243 5505 1353 5572 fuit
1387 5504 1653 5573 iniquitas
1698 5504 1899 5557 sororis
1946 5511 2053 5557 tua:

404 5591 672 5653 Sodomae,
707 5589 970 5644 saturitas
1012 5590 1175 5659 panis
1202 5598 1253 5645 et
1293 5590 1635 5646 abundantia
1666 5592 1876 5661 (Ezech.
1910 5592 2048 5662 xvi).

2144 520 2600 587 demonstratur,
2624 537 2757 576 cum
2792 522 2915 593 ipse
2947 522 3092 577 dixit
3121 521 3424 595 discipulis
3449 522 3615 579 suis:
3640 521 3800 578 Hisc-

2142 627 2283 675 reor,
2316 610 2524 681 inquit,
2564 627 2729 682 super
2774 612 3010 678 turbam,
3035 613 3129 684 qui
3149 613 3272 683 jam
3313 612 3497 668 triduo
3524 614 3801 667 sustinent

2139 716 2245 765 me,
2268 716 2365 755 nec
2394 701 2590 754 habent
2621 700 2760 772 quod
2804 701 3150 757 manducent.
3172 703 3238 757 Et
3284 704 3337 757 si
3376 700 3641 757 dimisero
3674 702 3797 756 illo:

2130 788 2367 860 jejunos,
2389 789 2637 858 deﬁcient
2666 791 2729 865 in.
2756 791 2866 845 via.
2891 790 3125 858 Quidam
3163 791 3311 846 enim
3337 807 3408 846 ea:
3436 792 3516 846 eis
3546 789 3614 845 de
3643 790 3799 861 longe

2140 878 2573 933 venerunt.Cum
2596 878 3026 934 miserationem
3046 883 3102 934 ct
3117 896 3243 935 com
3253 879 3589 951 passionem
3607 879 3801 934 Domi-

2140 984 2254 1021 nus
2275 967 2532 1022 ostendit
2554 967 2611 1021 in
2634 984 2717 1036 se,
2738 967 2798 1021 in
2820 968 3050 1023 duobus
3083 985 3189 1024 nos
3212 969 3469 1036 instruit,
3489 969 3551 1023 in
3585 969 3704 1024 ﬁde
3726 969 3800 1023 vi-

2141 1055 2346 1111 delicet
2366 1060 2424 1111 et
2455 1055 2740 1112 moribus.
2763 1057 2825 1112 In
2853 1057 2966 1111 ﬁde
2986 1057 3223 1129 quidem
3247 1075 3354 1115 nos
3377 1058 3643 1125 instruit,
3659 1074 3797 1130 quo-

2140 1144 2300 1200 niam
2324 1161 2458 1200 cum
2486 1146 2741 1200 ostendit
2766 1161 2829 1201 se
2860 1145 3071 1201 habere
3091 1146 3413 1203 humanam
3431 1147 3795 1219 compassio-

2140 1251 2297 1301 nem,
2315 1234 2569 1289 ostendit
2585 1250 2647 1290 se
2665 1251 2795 1290 vere
2818 1235 3149 1307 suscepisse
3172 1240 3383 1292 nostras
3405 1236 3797 1292 humanitatis

2139 1321 2564 1378 inﬁrmitatem.
2590 1329 2651 1378 ln
2676 1324 2941 1380 moribus
2956 1341 3091 1380 vero
3115 1343 3222 1382 nos
3242 1324 3794 1398 instruit,quoniam

2142 1429 2270 1477 nos,
2290 1412 2549 1483 exemplo
2574 1412 2686 1479 sui,
2707 1429 2886 1484 super
2907 1414 3155 1470 afﬂictos
3176 1415 3388 1471 debere
3416 1432 3549 1471 esse
3580 1414 3713 1489 pios
3742 1420 3795 1471 et

2142 1500 2548 1557 misericordes
2577 1503 2850 1558 ostendit.
2868 1503 3030 1560 Unde
3049 1508 3106 1560 et
3126 1504 3278 1561 hanc
3299 1504 3797 1577 compassionem,

2143 1605 2259 1644 non
2291 1588 2535 1645 interius
2565 1588 2660 1645 hic
2698 1589 2925 1657 celavit,
2950 1593 3051 1649 sed
3098 1594 3314 1665 potius,
3346 1594 3685 1650 convocatis
3712 1594 3796 1648 di-

2143 1675 2386 1749 scipulis
2419 1678 2566 1746 suis,
2600 1695 2727 1734 eam
2761 1680 3037 1748 ostendit,
3062 1681 3301 1738 dicens:
3340 1685 3612 1739 Misereor
3637 1699 3797 1755 super

2143 1767 2376 1822 turbam.
2397 1767 2573 1833 Quasi
2597 1768 2852 1825 diceret:
2882 1769 3361 1840 Misericordiam,
3387 1789 3573 1844 quam
3604 1789 3701 1828 me
3724 1773 3797 1826 vi-

2145 1854 2294 1911 detis
2326 1872 2503 1927 super
2522 1857 2772 1913 afﬁictos
2802 1858 3034 1927 habere,
3052 1859 3269 1917 habere
3291 1865 3672 1918 mementote.
3696 1862 3797 1917 Su-

2145 1961 2248 2015 per
2267 1945 2484 2016 quibus
2504 1962 2636 2001 vero
2659 1946 2947 2019 praecipue
2968 1948 3231 2005 misereri
3252 1951 3597 2018 debeamus,
3611 1957 3799 2008 osten-

2145 2032 2231 2088 dit
2251 2049 2383 2088 cum
2402 2034 2630 2090 subdit:
2653 2038 2805 2108 Quia
2818 2037 2939 2108 jam
2957 2038 3140 2095 triduo
3158 2041 3431 2096 sustinent
3448 2057 3553 2096 me.
3569 2041 3645 2096 Et
3665 2058 3795 2097 cum

2145 2121 2440 2189 omnibus,
2466 2123 2675 2179 fratres
2706 2125 2842 2192 mei,
2863 2125 3126 2182 misereri
3166 2132 3224 2183 et
3260 2128 3575 2186 subvenire
3599 2131 3799 2186 debea-

2147 2228 2301 2281 mus,
2322 2215 2515 2267 tamen
2542 2213 2829 2284 praecipue
2851 2213 2934 2270 eis
2965 2216 3067 2287 qui
3099 2216 3409 2272 Dominum
3442 2226 3794 2292 sequuntur,

2146 2300 2247 2371 qui
2262 2300 2389 2370 ejus
2402 2301 2681 2356 mandata
2698 2302 2979 2372 portando
2994 2302 3447 2371 laborant,unde
3457 2307 3791 2380 Apostolus:

2146 2390 2432 2444 Faciamus
2450 2390 2549 2445 bon
2559 2407 2651 2445 um
2666 2391 2736 2445 ad
2751 2394 3391 2459 omnes,maximeautem
3405 2396 3799 2456 addomticos

2144 2477 2272 2548 ﬁdei
2289 2478 2540 2550 (Gat.1v).
2557 2479 2668 2534 Sed
2690 2483 2747 2534 et
2769 2479 2827 2535 in
2850 2480 2957 2536 hoc
2978 2482 3134 2552 quod
3158 2482 3445 2540 Dominus
3466 2503 3586 2541 non
3609 2488 3795 2543 dimit-

2145 2566 2585 2638 titeosjejunos
2608 2568 2663 2622 in
2691 2568 2932 2624 domum
2963 2587 3154 2639 suam,
3172 2588 3242 2627 ne
3266 2572 3585 2630 deﬁcerent
3606 2574 3667 2631 in
3688 2576 3789 2645 via,

2148 2655 2403 2711 ostendit
2431 2673 2492 2711 se
2515 2673 2643 2711 esse
2664 2657 2828 2729 pium
2856 2646 3169 2715 et'ﬁdelem
3192 2678 3371 2733 super
3398 2662 3607 2719 ﬁdeles
3636 2682 3790 2735 suos,

2138 2744 2311 2815 juxta
2326 2745 2477 2817 quod
2501 2746 2813 2818 Apostolus
2835 2746 2945 2803 ait:
2964 2747 3139 2819 ﬁdelis
3158 2751 3547 2823 Dominus,qui
3570 2770 3683 2808 non
3700 2772 3791 2826 pa-

2148 2835 2314 2889 tietur
2335 2851 2428 2889 cas
2450 2836 2652 2890 tentari
2671 2852 2841 2906 supra
2872 2836 2929 2891 id
2956 2837 3096 2909 quod
3120 2840 3465 2910 potestis,sed
3479 2842 3651 2911 faciet
3677 2860 3795 2898 cum

2147 2925 2441 2979 tentatione
2463 2932 2807 2995 proventum,
2836 2933 2896 2980 ut
2933 2927 3156 2997 possitis
3182 2931 3452 2985 sustinere
3479 2930 3531 2999 (Ι
3560 2932 3688 2987 Cor.
3719 2936 3795 3001 ι).

2148 3011 2265 3067 Nos
2293 3028 2449 3083 ergo,
2484 3012 2712 3083 fratres,
2743 3014 3006 3086 exemplo
3050 3015 3542 3083 Domini,viscera
3574 3021 3796 3076 miseri-

2149 3100 2355 3155 cordia:
2387 3117 2563 3172 super
2608 3102 2858 3157 afflictos
2908 3120 3140 3173 semper
3170 3104 3515 3174 habeamus,
3548 3110 3796 3166 scientes

2070 3177 2113 3243 C
2153 3189 2429 3261 quoniam
2450 3189 2609 3261 quali
2632 3207 2909 3247 mensura
2930 3193 3117 3248 mensi
3140 3194 3426 3251 fuerimus
3448 3195 3605 3267 aliis,
3627 3216 3800 3255 reme-

2150 3277 2327 3332 tietur
2344 3279 2529 3334 nobis.
2548 3278 2606 3335 Si
2625 3279 3030 3337 misericordes
3048 3282 3795 3351 fuerimus,miserieordem

2142 3366 2404 3437 judioem
2424 3368 2868 3425 inveniemus.Si
2894 3369 3387 3429 immisericordes
3404 3375 3631 3432 erimus
3649 3377 3793 3445 aliis,

2152 3460 2209 3511 et
2230 3457 2382 3512 Deus
2401 3457 2816 3513 immisericors
2833 3458 2939 3515 erit
2961 3459 3319 3517 uobis.Unde
3337 3463 3600 3522 Jacobus
3618 3483 3633 3520 :
3648 3468 3797 3523 ludi-

2150 3548 2298 3600 cium
2317 3548 2436 3601 sine
2454 3548 2833 3603 misericordia
2850 3550 2940 3619 ﬁet
2962 3551 3016 3604 ei
3032 3551 3130 3621 qui
3148 3567 3257 3605 non
3276 3554 3473 3623 fecerit
3490 3557 3794 3612 miseriter-

2151 3634 2299 3690 diam
2330 3636 2463 3707 (Jac.
2489 3640 2571 3703 η).
2602 3635 2782 3701 Unde,
2827 3638 3054 3706 fratres,
3081 3638 3293 3711 plango
3342 3644 3637 3713 quosdam
3676 3644 3794 3701 solo

2154 3722 2389 3777 nomine
2421 3722 2799 3791 Christianos,
2830 3723 2952 3796 qui,
2985 3725 3154 3796 quasi
3186 3726 3354 3782 ferrei
3386 3733 3491 3784 aut
3519 3731 3677 3785 saxei
3708 3748 3794 3787 es-

2153 3816 2301 3878 sent,
2330 3828 2506 3883 super
2534 3811 2782 3868 afllictos
2814 3811 2973 3867 nulla
3003 3818 3311 3870 moventur
3339 3816 3577 3888 pietate.
3602 3820 3713 3876 Sed
3744 3828 3795 3877 et

2153 3901 2201 3955 si
2234 3900 2467 3971 quando
2500 3900 2749 3957 transire
2778 3901 2862 3956 eis
2884 3900 2962 3956 sit
2982 3918 3217 3959 necesse
3237 3905 3412 3975 juxta
3436 3909 3795 3982 mendicum,

2144 3990 2315 4061 juxta
2344 3988 2662 4061 leprosum,
2689 3990 2860 4061 juxta
2890 3991 3114 4047 nudum
3154 3998 3210 4048 et
3253 3994 3560 4061 miserum,
3593 3998 3793 4054 faciem

2153 4081 2447 4147 avertunt;
2483 4086 2603 4134 eos‘
2620 4096 2725 4134 nec
2771 4080 3028 4152 aspicere
3060 4086 3302 4154 queunt,
3324 4085 3497 4155 quasi
3528 4086 3795 4142 humane

2153 4167 2488 4240 fragilitatis
2514 4168 2907 4223 conditionem
2930 4168 3092 4224 obliti
3114 4176 3270 4226 sunt.
3290 4173 3400 4238 Qui
3424 4178 3627 4230 tamen
3657 4176 3705 4231 si
3727 4177 3802 4230 vi-

2154 4256 2346 4313 derint
2391 4257 2624 4312 asinum
2652 4255 2739 4312 vel
2770 4274 3009 4329 porcum
3043 4276 3219 4315 suum
3251 4260 3802 4331 inﬁrmum,condo-

2156 4345 2293 4411 lent,
2337 4346 2621 4402 medelam
2668 4348 2969 4414 adhibent,
3012 4348 3302 4422 plangunt
3347 4358 3715 4419 pereuntem.
3740 4354 3806 4411 Ut

2156 4435 2295 4507 quid
2324 4434 2456 4501 hoc,
2488 4436 2714 4502 fratres,
2740 4436 2854 4491 nisi
2881 4436 3020 4508 quia
3037 4437 3320 4494 chariiate
3341 4439 3443 4495 Dei
3471 4446 3529 4497 et
3558 4443 3807 4514 proximi

2155 4528 2371 4589 carent,
2401 4524 2491 4578 cui
2528 4529 2871 4596 prazponunt
2900 4526 3133 4581 asinum
3162 4527 3251 4583 vel
3284 4545 3525 4601 porcum
3556 4534 3779 4587 suum?

2231 4612 2508 4683 Sequitur
2538 4630 2671 4685 pars
2716 4614 2906 4681 tertia,
2940 4614 2998 4668 in
3031 4631 3149 4686 qua
3175 4617 3509 4673 ostenditur
3538 4618 3809 4693 imperfe-

2158 4701 2239 4756 tio
2257 4701 2703 4772 discipulorum,
2719 4719 2854 4757 cum
2874 4702 3118 4760 Domino
3140 4706 3564 4777 respondentes
3584 4709 3807 4765 dicunt:

2162 4790 2307 4847 Unde
2335 4792 2458 4861 quis
2484 4793 2684 4861 poterit
2719 4790 2811 4846 hos
2838 4800 3088 4847 saturare
3112 4795 3353 4864 panibus
3384 4796 3443 4850 in
3471 4798 3815 4855 solitudine?

2159 4878 2660 4950 Imperfectionem
2713 4880 2869 4935 enim
2928 4898 3099 4937 suam
3137 4882 3409 4955 discipuli
3467 4888 3809 4951 ostendunt,

2158 4966 2300 5021 dum
2344 4967 2403 5021 in
2453 4968 2765 5039 praesentia
2795 4969 3024 5024 Domini
3084 4971 3318 5027 turbam
3380 4989 3531 5045 pane
3586 4976 3811 5043 satiari,

2157 5054 2245 5110 vel
2274 5055 2633 5128 impossibile
2657 5057 2743 5113 vel
2767 5057 3002 5114 difﬁcile
3022 5060 3244 5116 dicunt.
3270 5064 3606 5119 Humanam
3635 5066 3809 5120 etiam

2160 5142 2540 5200 tentationem
2582 5163 2645 5201 se
2692 5163 2897 5217 passos
2927 5148 3354 5216 demonstrant,
3389 5150 3532 5206 dum
3586 5159 3808 5225 septem

2160 5250 2339 5304 panes
2360 5234 2548 5289 turbis
2571 5236 2918 5291 suffecturos
2940 5235 2997 5291 in
3018 5236 3253 5292 Domini
3276 5240 3591 5311 praesentia
3613 5242 3811 5314 despe-

2160 5326 2309 5376 rant.
2336 5322 2493 5377 Hanc
2524 5324 2642 5379 imo
2689 5326 2992 5397 majorem,
3017 5326 3392 5399 pejoremque
3423 5331 3807 5387 tentationem

2161 5410 2493 5482 frequenter
2523 5412 2800 5484 patimur,
2837 5413 3050 5470 fratres
3081 5415 3214 5483 mei,
3239 5433 3373 5472 cum
3401 5416 3678 5475 famelico
3707 5420 3813 5476 cla.

2161 5505 2359 5555 mante
2380 5501 2451 5556 ad
2475 5503 2746 5573 januam,
2772 5519 3089 5559 causamur
3115 5522 3221 5561 nos
3242 5505 3541 5562 modicum
3569 5525 3809 5565 annona

2161 5588 2375 5645 habere
2406 5589 2465 5646 in
2497 5590 2724 5663 horreo,
2760 5593 3057 5649 modicum
3108 5596 3277 5667 panis
3326 5595 3387 5651 in
3436 5613 3599 5665 arca,
3632 5603 3693 5655 et
3720 5615 3811 5672 per
