3974 6076
232 273 390 338 2005

874 275 1228 337 HOMILLE
1269 275 1349 336 ΙΝ
1392 274 1642 336 EPIST.
1686 272 1789 334 ΕΤ
1829 269 2114 334 EVANG.
2159 270 2511 334 DOMINIC.
2545 305 2622 318 —-
2650 271 2849 335 PARS
2894 269 2971 336 II.

3475 268 3638 338 2006

234 406 538 465 avaritiam
568 406 803 476 mentis,
836 407 1007 464 bonis
1029 425 1064 464 a
1095 408 1210 465 Deo
1241 407 1410 463 nobis
1440 408 1577 463 data
1604 384 1880 462 diminui-
1907 405 1962 473 Α
1992 407 2106 471 tur,
2138 408 2195 460 et
2224 404 2376 461 inter
2403 422 2603 462 eorum
2635 404 3074 464 multitudinem
3092 408 3235 481 quot
3258 424 3439 481 panes
3458 407 3637 467 habe-

233 514 369 552 mus
400 497 485 553 vol
518 515 823 571 negamus,
848 514 981 554 cum
1004 515 1106 570 per
1125 497 1573 570 amplitudinem
1595 513 1663 551 ea
1688 493 1883 551 multi-

231 585 448 657 plicare
478 587 778 643 debemus.
826 587 1197 659 Deponamus
1236 584 1435 659 igitur,
1470 586 1698 651 fratres,
1731 584 1880 639 hanc

232 674 802 748 pusillanimitatem,
834 681 891 732 et
914 678 984 733 de
1008 676 1107 731 Dei
1126 674 1390 749 largitate
1411 692 1643 748 semper
1662 691 1880 746 praesu-

231 781 465 834 manus,
501 765 600 837 qui
627 782 759 821 cum
788 766 963 822 etiam
981 766 1348 831 abundanter
1370 763 1737 835 administrat
1758 780 1883 835 per-

229 853 367 909 ﬁdis
394 856 450 909 et
482 853 798 921 sceleratis,
833 858 1052 925 quanto
1084 853 1275 926 magis
1305 852 1430 908 suis
1464 852 1735 908 ﬁdelibus
1766 853 1882 907 dis-

230 943 527 1015 pensatori
537 943 666 1005 bus,
685 943 989 998 materiam
1013 944 1158 999 bene
1178 942 1387 1015 agendi
1405 960 1472 997 su
1480 941 1883 1012 perabundan-

227 1036 321 1088 ter
343 1032 413 1087 ad
424 1030 801 1088 ministrabit.
825 1032 907 1087 Ad
929 1032 1274 1088 memoriam
1292 1048 1630 1088 revocemus
1651 1035 1879 1087 sancto-

226 1137 362 1176 rum
386 1119 735 1193 largitatem,
759 1120 858 1193 qui
880 1137 1060 1193 super
1075 1120 1410 1177 facultatem
1428 1137 1595 1176 suam
1621 1119 1882 1193 indigen-

226 1208 389 1265 tibus
419 1210 758 1282 erogabant,
789 1214 848 1266 et
874 1213 1074 1265 tamen
1115 1211 1231 1265 Deo
1262 1210 1617 1281 providente,
1651 1226 1882 1281 semper

230 1298 633 1366 abundabant,
655 1299 737 1353 ita
765 1302 830 1353 ut
854 1300 1203 1355 contendere
1231 1298 1587 1368 viderentur,
1620 1298 1773 1354 Deus
1795 1298 1879 1354 eis

228 1387 641 1457 ministrando,
674 1391 731 1443 et
751 1386 835 1442 illi
857 1387 1280 1443 distribuendo.
1308 1387 1452 1442 Hinc
1475 1386 1750 1443 Salomon
1776 1387 1876 1450 ait,

227 1477 492 1548 Quidam
502 1477 875 1546 semperrapi
880 1483 998 1545 unt,
1017 1482 1075 1532 et
1084 1493 1304 1549 semper
1314 1477 1605 1549 indigent.
1621 1477 1879 1549 Quidam

225 1582 456 1635 semper
481 1566 770 1631 tribuunt,
805 1572 861 1621 et
888 1582 1114 1638 semper
1144 1567 1442 1622 abundant
1473 1566 1662 1638 (Prov.
1686 1569 1790 1633 x1.)
1810 1567 1880 1621 Et

230 1654 569 1711 Psalmista:
592 1656 887 1727 Dzspersit,
914 1656 1084 1712 dedit
1096 1656 1480 1728 pauperibus,
1486 1656 1519 1727 j
1524 1656 1733 1712 ustitia
1752 1658 1880 1728 ejus

226 1749 426 1800 manet
455 1746 521 1800 in
547 1743 831 1801 saeculum
857 1745 1059 1801 saeculi
1088 1744 1273 1817 (Psat.
1305 1744 1414 1817 III.)

300 1832 579 1906 Sequitur
607 1850 743 1905 pars
775 1837 1006 1906 quarta,
1041 1833 1101 1889 in
1132 1851 1250 1906 qua
1282 1834 1563 1890 Dominus
1594 1834 1781 1906 pascit
1810 1834 1881 1890 de

228 1926 453 1996 septem
483 1922 739 1995 panibus
762 1926 820 1978 et
848 1922 1050 1995 paucis
1089 1922 1387 1995 pisciculis
1416 1927 1670 1996 quatuor
1696 1923 1883 1980 millia

227 2010 560 2079 hominum,
575 2011 823 2068 sublatis
839 2012 1301 2085 fragmentorum
1318 2017 1539 2085 septem
1562 2012 1798 2085 sportis.
1817 2012 1880 2068 In

230 2117 346 2173 quo
377 2099 618 2156 instruit
648 2117 755 2157 nos
782 2100 1104 2173 tripliciter,
1138 2101 1197 2156 in
1230 2101 1365 2169 ﬁde,
1400 2100 1460 2155 in
1488 2101 1784 2174 mysterio,
1818 2102 1879 2157 in

228 2189 513 2245 moribus.
549 2190 613 2246 In
643 2190 780 2259 ﬁde,
813 2190 1092 2262 quoniam
1142 2191 1283 2246 dum
1315 2189 1662 2247 mirabiliter
1689 2191 1760 2247 de
1790 2207 1880 2248 se-

228 2283 389 2351 ptem
417 2278 668 2351 panibus
690 2282 776 2335 tot
801 2278 1068 2335 homines
1090 2278 1288 2349 satiat,
1322 2278 1540 2351 quibus
1562 2280 1610 2335 si
1633 2279 1884 2351 particu-

227 2366 430 2423 lariter
454 2384 634 2440 panes
665 2367 1081 2435 dividerentur,
1111 2369 1207 2424 vix
1236 2368 1646 2441 unusquisque
1668 2369 1882 2425 micam

229 2473 411 2512 unam
442 2460 913 2529 consequeretur,
946 2460 1003 2513 et
1023 2458 1163 2512 dum
1197 2457 1473 2530 reliquias
1495 2456 1579 2513 sic
1600 2456 1882 2529 multipli-

230 2550 345 2613 cat,
376 2549 442 2600 ut
471 2544 737 2618 septuplo
768 2544 902 2618 plus
949 2544 1125 2601 fuerit
1154 2545 1451 2601 sublatum
1485 2561 1663 2618 quam
1709 2545 1886 2601 fuerit

231 2633 587 2706 appositum,
636 2651 832 2690 veram
882 2651 944 2690 se
973 2635 1181 2707 probat
1227 2635 1442 2692 habere
1492 2635 1880 2701 divinitatem,

232 2722 385 2779 sicut
414 2739 516 2796 per
542 2723 865 2778 humanam
917 2723 1405 2795 compassionem,
1445 2741 1643 2780 veram
1685 2741 1749 2781 se
1779 2726 1883 2781 de~

230 2811 578 2868 monstravit
625 2811 839 2868 habere
868 2811 1316 2869 humanitatem.
1350 2814 1422 2869 Et
1450 2813 1534 2869 ita
1578 2813 1686 2869 hac
1717 2814 1776 2869 in
1808 2812 1882 2870 le-

231 2900 420 2957 ctione
446 2916 509 2955 se
536 2916 738 2956 verum
776 2902 955 2956 Deum
990 2904 1047 2956 et
1078 2918 1277 2957 verum
1316 2901 1614 2958 hominem
1643 2903 1880 2959 demon-

231 2994 397 3046 strat.
434 2989 497 3045 In
528 2990 805 3062 mysterio
837 3006 943 3046 nos
974 2990 1254 3060 instruit;
1311 2991 1591 3063 quoniam
1640 3008 1745 3064 per
1772 2991 1882 3048 hoc

232 3096 380 3152 opus
412 3079 483 3134 ad
516 3078 827 3151 mysticum
874 3096 1114 3135 sensum
1147 3096 1253 3135 nos
1284 3080 1484 3136 mittit.
1520 3084 1631 3136 Per
1657 3087 1880 3154 septem

1990 493 2092 549 bat
2113 494 2383 566 partitur,
2410 495 2670 569 exemplo
2703 496 2795 552 sui
2822 514 2929 553 nos
2961 502 3158 554 monet
3180 502 3245 553 ut
3271 498 3427 555 idem
3462 498 3637 556 facia-

1991 598 2145 639 mus.
2160 583 2424 657 Praacipit
2444 601 2579 657 ergo
2602 585 2885 641 Dominus
2902 587 3084 641 turbae
3108 587 3445 643 recumbere
3464 604 3642 660 super

1987 674 2225 740 terram,
2251 673 2404 729 sicut
2431 678 2488 730 et
2516 674 2642 747 ipse
2683 692 2833 748 sape
2862 692 2997 731 cum
3030 675 3337 749 discipulis
3371 676 3635 733 faciebat.

1989 760 2057 816 In
2088 777 2205 832 quo
2234 762 2477 818 damnat
2503 761 2737 819 illorum
2789 764 3274 836 superfluitatem,
3304 765 3406 837 qui
3433 765 3549 821 nisi
3577 765 3638 821 in

1988 849 2162 922 pictis
2184 850 2325 905 toris
2342 855 2397 907 et
2416 850 2727 909 elaboratis
2744 852 3086 909 mantilibus
3107 853 3377 909 nesciunt
3396 855 3643 910 mandu-

1989 955 2139 995 care.
2167 941 2354 1012 Super
2372 957 2553 1012 panes
2581 940 2797 1013 gratias
2821 943 2959 1014 agit,
2980 959 3087 998 nos
3117 942 3436 1013 instruens,
3464 947 3529 1000 ut
3548 946 3637 1001 vel

1988 1029 2421 1096 manducaturi,
2443 1029 2531 1085 vel
2552 1047 2746 1085 escam
2763 1030 2977 1099 daturi,
3003 1031 3220 1104 gratias
3232 1049 3477 1105 agamus
3498 1033 3636 1102 Deo,

1989 1116 2089 1189 qui
2121 1117 2290 1173 nobis
2318 1117 2407 1174 vel
2436 1118 2828 1187 refectionem,
2851 1119 2939 1177 vel
2980 1119 3357 1193 eleemosynaa
3389 1121 3639 1194 largitur

1989 1206 2314 1275 materiam,
2340 1207 2558 1279 pariter
2578 1211 2636 1263 et
2663 1207 3047 1278 voluntatem,
3073 1209 3245 1280 juxta
3273 1209 3332 1265 id
3355 1212 3511 1283 quod
3534 1213 3636 1269 Pe—

1988 1297 2116 1349 trus
2138 1294 2248 1350 ait:
2297 1295 2361 1351 Si
2398 1297 2519 1368 quis
2547 1299 2842 1364 ministrat,
2870 1306 3131 1370 tanquam
3158 1316 3229 1355 ea:
3254 1301 3454 1357 virtute
3471 1318 3638 1373 quam

1985 1382 2333 1441 administrat
2360 1386 2498 1442 Deus
2531 1387 2579 1457 (Ι
2604 1388 2753 1442 Petr.
2795 1389 2895 1456 Iv.)
2945 1387 3129 1444 Panes
3172 1389 3388 1463 frangit
3434 1390 3635 1447 Domi-

1988 1490 2122 1539 nus,
2145 1491 2252 1528 nos
2274 1475 2487 1530 docens
2506 1478 2571 1530 ut
2592 1475 2639 1532 si
2660 1475 2917 1550 integros
2936 1494 3117 1549 panes
3138 1478 3275 1533 dare
3296 1496 3411 1535 non
3432 1496 3638 1551 possu-

1986 1577 2140 1630 mus,
2162 1562 2522 1636 frangamus,
2544 1568 2602 1620 et
2622 1566 2835 1621 fractos
2857 1565 3303 1623 distribuamus.
3328 1567 3491 1625 Unde
3511 1569 3637 1641 ipse

1984 1666 2088 1723 per
2124 1652 2496 1724 prephetam:
2529 1658 2746 1726 Frange
2782 1657 3049 1711 esurienti
3080 1672 3273 1727 panem
3317 1665 3468 1714 tuum
3497 1659 3631 1731 (lsa.

1987 1740 2159 1813 Lvm).
2192 1740 2506 1814 Discipulis
2537 1742 2663 1799 suis
2685 1744 2788 1800 dat
2812 1761 2993 1816 panes
3024 1748 3089 1800 ut
3117 1745 3494 1815 distribuant,
3526 1765 3635 1805 nos

1989 1828 2289 1885 instruens
2317 1835 2382 1886 ut
2428 1831 2581 1889 ﬁlios
2608 1836 2666 1889 et
2712 1832 3027 1891 familiares
3059 1839 3291 1892 nostros
3318 1837 3635 1894 doceamus
3660 1836 3673 1843 “

1988 1916 2388 1992 eleemosynas
2408 1921 2614 1989 facere,
2639 1926 2696 1978 et
2718 1939 2822 1994 per
2841 1939 2941 1979 eas
2961 1923 3175 1994 dando,
3213 1926 3372 1997 ipsos
3394 1926 3467 1982 ad
3489 1927 3636 1982 dan-

1989 2007 2135 2063 dum
2165 2009 2647 2067 assuefaciamus.
2688 2012 2880 2068 Pascit
2907 2016 3104 2070 autem
3135 2015 3339 2070 turbas
3370 2015 3441 2071 de
3470 2015 3635 2088 pani-

1988 2094 2101 2151 bus
2123 2100 2179 2151 et
2198 2096 2518 2169 pisciculis,
2543 2116 2648 2156 nec
2671 2100 2890 2157 mentio
2917 2102 2983 2157 ﬁt
3004 2102 3125 2157 vini
3154 2101 3243 2158 vel
3272 2103 3636 2173 salsamenti,

1991 2188 2056 2239 ut
2084 2191 2347 2242 moneret
2374 2204 2481 2243 nos
2513 2188 2812 2261 simplices
2842 2189 3002 2246 cibos
3032 2195 3090 2247 et
3111 2191 3459 2264 simpliciter
3477 2210 3643 2265 para-

1989 2277 2082 2330 tos
2131 2291 2407 2347 quaerere,
2441 2280 2498 2333 et
2548 2279 2936 2350 praesentibus
2978 2285 3282 2336 contentos
3314 2297 3463 2338 esse.
3496 2283 3643 2340 Esu-

1992 2362 2206 2420 rientes
2239 2365 2547 2435 satiantur,
2584 2372 2641 2423 et
2669 2366 2803 2440 plus
2823 2372 2914 2423 est
2945 2368 3245 2425 sublatum
3271 2386 3446 2442 quam
3472 2371 3647 2428 fuerit

1991 2453 2351 2524 appositum,
2394 2459 2459 2510 ut
2489 2455 2832 2512 ostendatur
2859 2457 3109 2530 gratiam
3143 2457 3644 2532 eleemosynarum

1991 2557 2223 2613 semper
2270 2545 2768 2616 superabundare,
2802 2547 2945 2602 dum
2978 2550 3034 2602 et
3066 2546 3160 2602 hic
3190 2547 3476 2605 Dominus
3502 2549 3644 2606 viris

1990 2628 2467 2705 eleemosynariis
2499 2649 2734 2706 semper
2764 2635 3061 2691 ministrat
3091 2636 3322 2692 abunde
3351 2638 3508 2709 quod
3538 2638 3642 2694 tri-

1990 2718 2212 2789 buant;
2246 2725 2302 2776 et
2331 2720 2391 2775 in
2422 2721 2618 2777 futuro
2668 2722 2752 2778 eis
2781 2723 3085 2792 retribuet,
3117 2741 3222 2796 pro
3250 2725 3496 2783 terrenis
3527 2743 3641 2783 cce-

1992 2807 2184 2875 lestia,
2206 2813 2264 2864 et
2292 2826 2397 2881 pro
2428 2811 2851 2882 temporalibus
2874 2817 3107 2869 aeterna.
3142 2814 3303 2870 Unde
3332 2815 3636 2874 Salomon:

1990 2896 2308 2954 Fwneratur
2338 2900 2563 2956 Domino
2583 2902 2680 2972 qui
2696 2902 2985 2957 miseretur
2998 2905 3260 2974 pauperis
3292 2907 3474 2973 (Prov.
3497 2904 3637 2977 xxx.)

1991 2985 2203 3041 Beatus
2236 2987 2526 3055 Nicolaus,
2570 2989 2932 3062 compatiens
2976 2990 3131 3062 plebi
3163 2992 3318 3048 fame
3347 2994 3637 3064 pereunti,

1989 3089 2123 3129 cum
2155 3077 2390 3148 propria
2418 3077 2698 3144 dedisset,
2730 3082 2963 3134 mutuat
2989 3096 3023 3135 a
3042 3081 3239 3136 nautis
3263 3085 3501 3136 centum
3523 3098 3643 3139 mo-

232 3184 367 3241 ergo
399 3182 577 3239 panes
595 3170 935 3223 sanctarum
958 3166 1307 3223 universitas
1328 3168 1762 3240 Scripturarum
1782 3171 1879 3226 de-
1914 3154 1957 3221 C
1994 3162 2122 3218 dios
2171 3164 2467 3233 frumenti,
2501 3170 2559 3221 et
2605 3165 2892 3238 populum
2942 3173 3163 3224 recreat
3191 3168 3548 3239 famelicum,
3584 3173 3642 3226 et

232 3256 518 3329 signatur,
550 3255 610 3310 in
641 3256 857 3328 quibus
880 3256 1236 3328 septiformis
1266 3258 1466 3330 gratia:
1491 3258 1729 3315 satietas
1751 3275 1883 3314 con-

229 3345 466 3400 tinetur.
501 3344 607 3400 Per
636 3343 950 3416 pisciculos
979 3362 1113 3402 vero
1144 3362 1381 3419 paucos,
1414 3352 1751 3404 sanctorum
1784 3348 1884 3404 Pa-

230 3436 387 3488 trum
419 3432 522 3505 qui
570 3433 631 3487 in
664 3438 931 3506 respectu
981 3433 1269 3490 malorum
1322 3434 1493 3508 pauci
1522 3440 1580 3491 et
1626 3435 1880 3493 humiles

230 3526 386 3590 sunt,
418 3520 684 3594 exempla
704 3522 1133 3594 signiﬁcantur.
1168 3523 1331 3579 Sicut
1361 3525 1517 3580 enim
1550 3525 1740 3598 pisces
1772 3543 1878 3598 pa-

228 3627 365 3667 nem
395 3610 607 3666 melius
638 3612 979 3667 manducari
1007 3612 1249 3681 faciunt,
1283 3614 1367 3669 ita
1395 3618 1736 3670 sanctorum
1768 3615 1878 3671 Pa-

226 3701 386 3756 trum
404 3698 668 3771 exempla
687 3716 914 3756 sacram
934 3701 1298 3774 Scripturam
1321 3703 1535 3760 melius
1552 3703 1799 3777 intelligi
1823 3709 1881 3760 et

228 3788 392 3860 sequi
427 3786 667 3844 faciunt.
700 3788 885 3845 Panes
915 3805 1052 3862 ergo
1084 3794 1143 3846 et
1170 3791 1361 3863 pisces
1399 3793 1878 3849 recumbentibus

225 3893 403 3949 super
429 3879 646 3932 terram
671 3877 1129 3949 distribuuntur,
1153 3880 1433 3951 quoniam
1455 3882 1734 3955 mysteria
1750 3899 1881 3938 san-

222 3971 451 4020 ctarum
464 3965 696 4037 Scriptu
704 3983 921 4033 rarum,
943 3972 1001 4022 et
1011 3968 1278 4040 exempla
1289 3974 1623 4025 sanctorum
1638 3971 1876 4027 Patrum

225 4052 413 4109 asolis
424 4052 751 4109 humilibus
765 4052 1099 4126 capiuntur.
1116 4055 1278 4111 Unde
1291 4056 1604 4113 Dominus:
1630 4061 1877 4116 Gratias

223 4158 338 4213 ago
359 4142 492 4209 tibi,
507 4146 706 4209 Pater,
729 4143 873 4214 quia
884 4144 1249 4200 abscondisti
1257 4146 1374 4201 hac
1393 4147 1810 4218 asapientibus
1821 4153 1877 4203 et

214 4225 626 4304 prudentibus,
645 4235 698 4286 et
719 4230 997 4288 revelasti
1006 4248 1077 4289 ea
1098 4233 1372 4302 parvulis
1395 4235 1620 4305 (Matth.
1636 4253 1688 4291 XI
1706 4254 1720 4305 ;
1738 4241 1874 4293 Luc.

216 4324 299 4390 χ.)
331 4319 617 4375 Dominus
648 4335 827 4393 super
854 4337 1037 4393 panes
1076 4322 1296 4393 gratias
1346 4323 1534 4394 primo
1573 4325 1712 4397 agit,
1745 4331 1877 4397 post

218 4407 456 4481 frangit,
491 4412 623 4478 post
640 4409 821 4464 tradit
841 4408 1149 4482 discipulis
1168 4415 1233 4466 ut
1253 4417 1569 4484 apponant.
1594 4413 1876 4486 Spiritua-

1994 3257 2181 3307 nautae
2213 3254 2585 3311 remetientes
2607 3273 2722 3310 non
2754 3257 2952 3312 minus
2982 3256 3349 3314 invenerunt.
3375 3258 3478 3313 Vir
3501 3275 3643 3332 quo-

1991 3356 2106 3413 que
2152 3341 2667 3414 eleemosynarius,
2713 3346 2948 3402 nomine
2992 3345 3304 3403 Sanctolus
3333 3346 3641 3404 ecclesiam

1991 3428 2049 3484 S.
2085 3429 2383 3486 Laurentii
2441 3435 2801 3499 restaurans,
2862 3433 3188 3489 artiﬁcibus
3245 3435 3641 3507 quaerentibus

1990 3517 2209 3585 cibum,
2242 3535 2378 3575 cum
2410 3537 2509 3576 eos
2529 3521 2720 3578 verbis
2741 3521 3158 3592 consolaretur,
3183 3526 3238 3579 et
3259 3541 3375 3580 non
3401 3524 3643 3582 haberet

1990 3607 2133 3678 quid
2154 3608 2239 3664 eis
2260 3616 2595 3682 apponeret,
2618 3612 2835 3668 vadens
2857 3612 3065 3668 anxius
3087 3612 3204 3670 huc
3225 3621 3279 3669 et
3302 3612 3460 3683 illuc,
3484 3613 3642 3671 venit

1989 3695 2060 3750 ad
2108 3697 2350 3752 furnum
2399 3698 2459 3754 in
2510 3716 2625 3772 quo
2654 3699 2853 3756 vicinae
2905 3700 3181 3757 mulieres
3225 3701 3411 3774 pridie
3456 3719 3638 3774 panes

1988 3790 2286 3841 coxerant:
2340 3788 2639 3844 inventum
2692 3788 2772 3844 ibi
2830 3789 3152 3846 maximum
3186 3795 3245 3846 et
3289 3790 3637 3848 candidissi-

1988 3890 2150 3929 mum
2182 3892 2415 3947 panem,
2449 3876 2811 3934 circumtulit
2841 3879 2914 3934 ad
2934 3879 3155 3935 vicinas
3177 3878 3483 3949 mulieres;
3507 3898 3636 3953 quae

1986 3977 2120 4018 cum
2154 3981 2363 4035 panem
2395 3965 2564 4021 illum
2598 3983 2772 4022 suum
2803 3971 3102 4039 negarent,
3124 3984 3335 4040 panem
3366 3969 3640 4042 apposuit

1986 4053 2292 4122 operariis.
2327 4054 2552 4117 Quibus
2583 4054 2831 4122 satiatis,
2865 4055 2997 4127 plus
3028 4056 3100 4111 de
3130 4056 3475 4127 fragmentis
3504 4074 3635 4114 sus-

1984 4139 2120 4194 tulit
2149 4158 2325 4213 quam
2349 4147 2725 4215 apposuerat:
2761 4160 2887 4216 quae
2910 4143 3120 4200 iterum
3146 4145 3405 4201 secunda
3419 4145 3512 4203 die
3533 4163 3636 4220 ap-

1986 4228 2205 4301 posuit,
2238 4235 2295 4286 et
2325 4231 2717 4303 multiplicata
2745 4231 3005 4289 sustulit.
3039 4234 3108 4288 Et
3135 4233 3217 4289 ita
3247 4251 3349 4306 per
3376 4234 3502 4291 dies
3535 4235 3635 4292 de-

1987 4334 2110 4373 cem
2165 4318 2266 4375 illo
2314 4337 2465 4393 pane
2512 4321 2708 4376 satiati
2757 4327 2917 4389 sunt,
2951 4339 3016 4378 ac
3047 4324 3096 4378 si
3130 4323 3300 4396 panis
3352 4329 3639 4381 cresceret

1985 4409 2362 4464 comedenda.
2395 4410 2529 4479 (59).
2564 4410 2937 4482 Deponamus
2955 4429 3112 4484 ergo,
3137 4412 3344 4469 fratres
3367 4413 3501 4476 mei.
3535 4430 3640 4487 pu-

218 4496 291 4554 lis
312 4512 546 4570 quoque
568 4496 850 4570 magister
869 4497 1133 4569 exemplo
1156 4500 1386 4555 Domini
1413 4518 1590 4573 super
1604 4519 1877 4559 consecu-
1906 4524 1952 4588 D
1985 4495 2469 4588 sillanimitatem,
2519 4502 2575 4554 et
2605 4500 2675 4554 de
2707 4499 2903 4556 divina
2944 4500 3133 4556 securi
3166 4499 3455 4573 largitate,
3487 4501 3638 4558 elae-

215 4591 306 4643 tas
336 4590 677 4643 sanctarum
713 4585 1148 4658 Scripturarum
1180 4605 1344 4646 escas
1375 4590 1621 4647 Domino
1651 4593 1873 4665 gratias
1913 4585 1926 4588 ⁷
1984 4586 2525 4658 mesynznfacienda:
2544 4606 2650 4644 nos
2668 4589 3150 4647 assuefaciamus.
3173 4591 3242 4645 Et
3258 4590 3359 4661 qui
3382 4590 3637 4647 multum

216 4691 386 4749 agere
444 4674 638 4741 debet,
695 4679 899 4747 postea
956 4675 1243 4749 frangere,
1304 4679 1361 4733 id
1420 4684 1507 4735 est
1565 4697 1869 4752 exponere,

218 4764 429 4821 deinde
460 4763 722 4820 docendo
754 4780 853 4820 eas
883 4764 1194 4837 discipulis
1225 4767 1348 4823 suis
1380 4769 1627 4840 tradere,
1660 4773 1726 4824 ut
1773 4786 1871 4826 eas

219 4852 587 4910 auditoribus
633 4857 947 4927 exponant.
980 4855 1051 4911 Et
1089 4856 1381 4913 satiantur
1407 4874 1477 4913 ex
1507 4857 1593 4914 eis
1620 4862 1872 4930 quatuor

220 4942 407 4999 millia
427 4942 755 5011 hominum,
770 4943 828 4999 id
851 4948 939 5000 est
960 4949 1214 5017 quatuor
1233 4946 1486 5017 partium
1505 4946 1664 5003 orbis
1677 4947 1872 5003 multi-

218 5030 456 5088 tudines
486 5031 814 5088 hominum.
846 5034 917 5088 Et
936 5034 1008 5090 de
1032 5033 1276 5106 reliquis
1298 5039 1521 5108 septem
1545 5040 1755 5109 sportze
1777 5054 1871 5093 su-

219 5124 481 5194 persunt,
503 5120 642 5192 quia
657 5138 836 5194 super
851 5122 1227 5195 capacitaiem
1242 5123 1577 5180 auditorum
1600 5125 1871 5197 spiritua-

219 5198 304 5265 les
360 5207 691 5264 intellectus
740 5211 1063 5281 abundant,
1096 5215 1154 5267 et
1209 5211 1341 5284 plus
1390 5229 1457 5268 ex
1514 5213 1600 5270 eis
1639 5231 1870 5286 semper

218 5295 572 5368 relinquitur
617 5313 794 5369 quam
844 5300 1128 5372 capiatur.
1164 5301 1227 5357 1n
1283 5301 1546 5357 moribus
1602 5303 1774 5358 etiam
1806 5303 1866 5359 in

218 5384 327 5442 hoc
356 5384 485 5458 ipso
516 5401 624 5441 nos
654 5385 913 5458 instruit,
937 5389 1078 5462 quia
1097 5391 1239 5446 dum
1272 5389 1556 5446 famelicis
1586 5393 1865 5464 compati-

1980 4673 2182 4741 habet,
2232 4676 2487 4732 multum
2518 4677 2759 4750 tribuat,
2794 4678 2890 4751 qui
2924 4696 3056 4734 vero
3090 4678 3407 4745 modicum,
3458 4679 3636 4736 etiam

1980 4761 2121 4820 illud
2146 4764 2395 4821 libenter
2408 4766 2485 4821 im
2495 4767 2795 4840 pertiatur.
2812 4768 3117 4837 Quoniam,
3134 4772 3199 4824 ut
3211 4767 3291 4823 ait
3301 4766 3632 4824 Psalmista:

1976 4855 2274 4911 Iucundus
2288 4861 2456 4910 homo
2476 4858 2579 4928 qui
2590 4858 2907 4914 miseretur
2924 4863 2979 4913 et
3002 4857 3346 4926 commodat,
3370 4857 3636 4929 disponet

1975 4958 2408 4999 sermonessuos
2418 4945 2481 4999 in
2479 4947 2517 5017 j
2522 4944 2890 5018 udicio,quia
2902 4947 2966 5001 in
2978 4951 3251 5002 aeternum
3264 4963 3381 5005 non
3392 4962 3637 5003 commo-

1976 5032 2211 5088 vebitur
2225 5031 2528 5102 (Psat.1n.)
2544 5033 2610 5088 Et
2622 5032 2781 5089 alibi:
2812 5039 2961 5090 Tota
2974 5035 3398 5091 diemiseretur
3408 5040 3462 5091 et
3474 5051 3638 5091 com-

1976 5124 2455 5191 modat,etsemen
2466 5122 2628 5178 illius
2641 5124 2702 5177 in
2712 5122 3636 5202 benedictioneerit(Psal.xxxv1.)

1977 5212 2131 5268 Deus
2149 5216 2344 5268 autem
2368 5211 2903 5268 misericordiarum
2920 5213 3017 5268 det
3036 5213 3199 5271 vobis
3225 5213 3635 5272 misericordia

1977 5301 2252 5359 meritum
2274 5302 2492 5374 pariter
2511 5305 2570 5356 et
2590 5300 2916 5373 praemium.
2937 5301 3039 5357 Cui
3056 5302 3349 5360 esthonor
3377 5308 3434 5359 et
3453 5303 3640 5376 gloria

1975 5398 2032 5449 et
2062 5391 2408 5465 imperium:
2437 5407 2541 5462 per
2568 5390 2769 5446 omnia
2789 5390 3001 5448 saecula
3031 5391 3400 5448 saeculorum.
3435 5393 3637 5448 Amen.

288 5562 401 5637 (59)
436 5562 969 5639 S.Greg.,Diatog,
990 5567 1091 5626 lib.
1112 5586 1196 5640 ιιι,
1217 5585 1343 5642 cap.
1374 5570 1452 5623 ’17.
1478 5568 1870 5628 tom.LXXVII
1908 5570 2300 5646 Patrotogiaz.
