3974 6076
3920 186 3928 243 1

369 274 530 342 2007
1370 279 1768 340 ADDENDA.
1804 310 1880 323 --
1915 278 2029 339 ῐίΑ]

2152 278 2308 339 .PHI
2355 279 2775 343 ARDENTIS.
3636 277 3803 341 2008

929 406 1230 469 HOMILIA
1258 410 1454 467 XVIII.
2043 409 2101 477 Α
2127 408 2225 465 ille
2257 408 2379 483 qui,
2413 410 2632 467 amisso
2679 411 2919 481 honore,
2966 411 3027 468 in
3059 429 3175 486 quo
3205 411 3277 469 ad
3327 410 3671 486 imaginem
3702 412 3805 474 Lei

653 516 924 558 nouINICA
952 518 1164 558 OCTAVA
1200 518 1338 557 pos'r
1365 517 1729 556 TRINITATEM.
2126 504 2355 555 creatus
2386 500 2593 569 fuerat,
2618 500 2807 557 factus
2829 507 2919 558 est
2942 503 3150 558 brutus
3171 506 3229 558 et
3248 519 3486 569 curvus,
3518 517 3692 557 more
3715 518 3811 574 pe-

434 588 730 648 Debitores
753 606 951 647 sumus
987 607 1101 648 non
1130 591 1319 661 carni,
1350 600 1413 647 ut
1442 590 1754 647 secundum
1780 605 2018 647 carnem
2126 589 2314 654 cudis,
2350 606 2526 661 super
2550 594 2789 658 terram,
2823 596 2887 646 ut
2908 592 2978 648 de
2998 608 3066 648 eo
3087 592 3295 647 merito
3317 592 3586 647 dicatur:
3615 596 3809 648 Homo

360 679 623 737 vivamus
654 679 834 752 (Rom.
862 679 1007 752 VIII),
1041 683 1152 735 etc.
1204 679 1492 752 Bipartita
1531 683 1619 735 est
1672 678 1792 734 haec
1824 678 2015 746 lectio,
2127 696 2255 735 cum
2289 680 2350 734 in
2380 684 2594 735 honore
2624 687 2771 736 esset
2800 697 2914 737 non
2944 681 3258 753 intellexit,
3288 691 3691 751 comparatus
3722 691 3809 736 est

363 768 574 825 fratres
609 746 975 825 charissimi;
996 767 1193 825 Primo
1224 746 1381 825 enim
1413 786 1521 824 nos
1550 772 1746 824 monet
1774 770 2019 840 Aposto-
2116 768 2399 839 jumentis
2419 768 2920 839 insipientibus,et
2933 769 3151 826 similis
3167 746 3359 845 factus
3374 746 3461 826 est
3482 771 3613 826 illis
3632 772 3806 837 (Psat.
3922 746 3927 823 Ὗ

365 856 483 926 lus,
508 860 577 912 ut
607 872 722 913 non
750 857 1075 913 secundum
1097 874 1354 923 carnem,
1381 857 1482 914 sed
1505 858 1829 913 secundum
1853 857 2022 929 spiri-
2127 858 2343 929 XLVIII).
2375 857 2577 913 Nonne
2613 858 2790 913 etiam
2841 858 2935 914 hic
2984 858 3139 914 male
3171 859 3422 914 moritur
3450 859 3558 931 qui
3590 858 3725 914 vita
3752 864 3807 914 et

369 950 497 1003 tum
522 945 809 1004 vivamus.
844 946 1111 1003 Secundo
1134 946 1390 1003 ostendit
1418 947 1674 1002 viventes
1699 947 2020 1002 secundum
2128 963 2265 1002 vera
2295 945 2422 1001 luce
2473 950 2621 1019 (quae
2649 947 2805 1003 Deus
2836 948 2943 1019 est)
2987 946 3083 1002 hic
3130 946 3411 1019 privatur,
3443 953 3505 1003 et
3536 947 3807 1004 tenebris

374 1034 648 1109 spiritum
697 1052 824 1092 esse
853 1035 955 1091 Dei
1007 1035 1158 1092 ﬁlios
1184 1039 1241 1092 et
1285 1035 1564 1092 hmredes.
1599 1036 1842 1091 Monens
1886 1052 2020 1107 ergo
2130 1036 2505 1092 interioribus
2557 1036 2918 1092 involvitur?
2968 1038 3170 1093 Nonne
3213 1037 3274 1092 in
3305 1037 3506 1092 futuro
3540 1037 3805 1110 pessime

376 1138 486 1181 nos
515 1123 843 1197 Apostolus,
876 1127 942 1179 ut
987 1141 1101 1180 non
1134 1125 1460 1179 secundum
1509 1141 1763 1191 carnem,
1798 1125 1899 1179 sed
1934 1142 2024 1180 se-
2132 1125 2416 1181 morietur
2446 1125 2549 1198 qui
2579 1126 2851 1182 tenebras
2896 1125 3229 1193 exteriores,
3260 1125 3361 1181 ubi
3389 1125 3503 1181 erit
3536 1126 3727 1181 ﬂetus
3756 1132 3807 1180 ά

379 1214 637 1270 cundum
687 1212 961 1286 spiritum
1008 1213 1295 1285 vivamus,
1328 1214 1446 1270 ait:
1484 1215 1774 1271 Debitores
1804 1230 2022 1281 sumus,

379 1302 633 1360 subaudi
661 1301 918 1376 spiritui,
942 1320 1059 1359 non
1092 1301 1273 1358 carni.
1308 1302 1380 1359 Ut
1409 1302 1615 1371 nostis,
1652 1304 1857 1359 fratres
1888 1303 2025 1359 cha-

378 1390 625 1459 rissimi,
664 1394 807 1447 tunc
835 1389 1017 1464 patris
1049 1390 1302 1447 familias
1333 1392 1543 1448 domus
1574 1392 1720 1448 bene
1762 1393 2029 1448 ordinata

378 1483 488 1548 est,
510 1496 645 1536 cum
665 1479 753 1536 vir
779 1483 869 1537 est
887 1480 1190 1551 subjectus
1211 1483 1270 1535 et
1294 1480 1573 1536 obediens
1602 1480 1740 1552 Deo,
1765 1485 1822 1536 et
1842 1480 2028 1536 domi-

376 1572 556 1626 natur
573 1570 631 1625 et
649 1568 798 1643 regit
810 1571 993 1625 totam
1016 1568 1299 1624 familiam
1321 1572 1378 1624 et
1398 1585 1633 1624 uxorem
1651 1573 1708 1625 et
1729 1587 1875 1625 uxor
1894 1586 2029 1625 cum

377 1660 502 1716 tota
531 1657 757 1715 familia
784 1658 837 1714 ei
872 1657 1194 1713 famulatur
1230 1662 1287 1712 et
1317 1657 1532 1714 obedit.
1570 1658 1731 1714 Unde
1779 1659 2029 1731 Aposto-

376 1746 473 1804 lus
496 1763 511 1803 :
549 1747 672 1816 Vir,
694 1745 905 1820 inquit,
930 1755 1014 1803 est
1035 1756 1212 1817 caput
1228 1748 1525 1816 mulieris;
1548 1749 1814 1804 Christus
1835 1756 2029 1804 autem

376 1837 495 1894 viri
521 1837 746 1910 (Ephes.
769 1836 847 1909 v).
871 1839 1017 1892 Cum
1039 1853 1172 1892 vero
1197 1835 1411 1892 mulier
1431 1840 1487 1892 et
1509 1836 1729 1893 familia
1750 1854 1865 1893 non
1890 1842 2031 1893 sunt

380 1924 627 1982 subdita:
642 1924 785 1993 viro,
810 1924 909 1982 sed
924 1924 1118 1997 potius
1132 1923 1334 1993 vireis,
1358 1926 1569 1981 domus
1594 1925 1744 1982 male
1766 1926 2033 1983 ordinata

381 2018 489 2073 est.
540 2017 718 2072 Porro
765 2013 888 2070 haec
917 2013 1271 2070 inordinatio
1312 2014 1422 2070 fuit
1472 2015 1531 2070 in
1564 2015 1816 2087 hospitio
1856 2015 2029 2088 primi

383 2104 662 2179 parentis,
695 2103 797 2177 qui
838 2103 1251 2171 obedientiam,
1286 2120 1466 2175 quam
1515 2104 1763 2159 debebat
1812 2110 1945 2172 Deo,
1979 2104 2031 2160 ei

383 2206 500 2251 non
529 2192 804 2261 reddidit,
838 2193 939 2250 sed
967 2193 1164 2265 potius
1207 2192 1438 2249 mulieri
1486 2194 1737 2249 seductas
1771 2194 1885 2263 (cui
1916 2211 2033 2250 non

384 2282 796 2351 obedientiam,
825 2282 927 2339 sed
962 2282 1222 2355 regimen
1249 2287 1307 2338 et
1327 2282 1743 2338 correctionem
1765 2284 2034 2355 debebat)

383 2370 663 2429 obediens
692 2370 824 2437 fuit,
856 2374 1093 2443 propter
1122 2372 1277 2443 quod
1328 2371 1385 2425 in
1418 2370 1904 2428 inordinationem
1941 2372 2035 2428 sui

382 2459 574 2533 ipsius
605 2458 833 2528 cecidit,
866 2459 1007 2531 quia
1033 2458 1382 2516 sensualitas
1409 2460 1653 2533 propriae
1684 2461 1877 2516 carnis
1900 2478 2034 2517 cum

384 2547 657 2606 sensibus
686 2547 812 2605 suis
842 2565 948 2605 suo
979 2548 1174 2621 capiti,
1200 2549 1257 2605 id
1288 2552 1376 2605 est
1406 2548 1660 2622 spiritui,
1690 2550 2036 2624 plerumque

383 2652 502 2696 non
532 2636 750 2706 obedit,
781 2638 881 2694 sed
915 2638 1114 2710 potius
1144 2638 1506 2707 contradicit,
1539 2643 1595 2695 et
1624 2655 1758 2694 eum
1791 2640 1862 2695 ad
1894 2657 2033 2696 con-

385 2727 911 2795 sentiendum,non
935 2726 1229 2799 capitisue
1254 2727 1391 2793 Deo,
1417 2728 1518 2784 sed
1540 2727 1664 2784 suis
1687 2729 2036 2801 serpentinis

383 2813 863 2890 suggestionibus
877 2814 1078 2884 trahit,
1102 2819 1168 2871 ut
1179 2814 1379 2872 relicto
1397 2817 1533 2883 Deo,
1551 2820 1605 2871 et
1617 2816 1780 2882 ccelo,
1796 2818 1867 2873 ad
1882 2819 2035 2890 quod

384 2909 617 2962 creatus
648 2913 755 2974 est,
790 2903 916 2961 sola
944 2904 1239 2973 inferiora,
1286 2910 1518 2961 terrena
1548 2906 1771 2962 scilicet
1800 2907 2032 2980 cogitet,

384 2998 619 3069 appetat
641 2998 700 3051 et
720 2998 963 3067 quaerat,
988 2998 1045 3050 et
1068 2993 1150 3050 ita
1168 2994 1343 3064 vivat,
1366 3011 1483 3050 non
1506 2994 1907 3068 spiritualiter,
1934 2997 2033 3053 sed

384 3082 716 3140 carnaliter.
750 3085 893 3138 Cum
941 3082 1160 3155 itaque,
1196 3083 1405 3140 fratres
1435 3083 1571 3153 mei,
1616 3087 1782 3139 tanta
1813 3088 1870 3140 et
1899 3085 2034 3140 talis

2134 1213 2349 1271 stridor
2369 1215 2634 1270 dentium
2660 1231 2893 1288 semper
2909 1216 3195 1288 patietur:
3221 1231 3394 1288 quem
3416 1231 3667 1288 semper
3684 1231 3809 1269 cru-

2134 1300 2312 1358 ciabit
2342 1301 2494 1374 ignis
2525 1302 2626 1375 qui
2675 1319 2983 1375 nunquam
3014 1301 3430 1374 exstinguitur,
3476 1306 3539 1357 et
3585 1300 3805 1357 vermis

2136 1390 2236 1463 qui
2272 1407 2577 1464 nunquam
2626 1392 2918 1447 moritur?
2960 1392 3024 1450 Si
3064 1400 3263 1446 autem
3310 1390 3530 1463 inquit,
3583 1390 3807 1461 spiritu

2134 1481 2293 1552 facta
2321 1481 2514 1537 carnis
2540 1482 3057 1553 mortiﬁcaveritis,
3087 1482 3304 1538 vivetis.
3327 1481 3534 1537 Posset
3564 1481 3807 1554 quidem

2138 1569 2474 1641 Apostolus,
2498 1570 2651 1625 sicut
2676 1570 2928 1626 dixerat:
2951 1573 3022 1627 Si
3040 1572 3352 1627 secundum
3376 1586 3629 1627 carnem
3656 1570 3808 1625 vire-

2138 1659 2270 1715 ritis
2297 1659 2653 1731 moriemini,
2676 1659 2757 1715 ita
2785 1661 3110 1716 econtrario
3133 1660 3363 1716 dicere:
3397 1659 3454 1714 Si
3485 1663 3701 1715 autem
3733 1675 3811 1715 sc-

2061 1787 2109 1852 Β
2141 1749 2396 1803 cundum
2450 1747 2723 1820 spiritum
2768 1747 3046 1816 vixeritis,
3097 1748 3323 1804 vivetis.
3357 1748 3469 1804 Sed
3522 1748 3805 1820 quoniam

2140 1836 2382 1908 quidam
2426 1837 2553 1891 sine
2583 1837 2936 1892 abstinentia
2980 1840 3039 1894 et
3066 1836 3453 1893 maceratione
3484 1836 3715 1904 carnis,
3750 1854 3803 1891 se

2139 1924 2526 1997 spiritualiter
2568 1925 2754 1980 vivere
2803 1942 2975 1997 posse
3006 1925 3065 1980 in
3094 1926 3205 1980 hac
3234 1925 3351 1980 vita
3382 1928 3621 1997 putant,
3654 1925 3805 1997 vigi-

2139 2013 2329 2070 lanter
2358 2013 2473 2069 ait:
2505 2014 2568 2069 Si
2590 2015 2751 2085 facta
2795 2015 2992 2071 carnis
3029 2014 3243 2085 spiritu
3270 2014 3791 2086 mortiﬁcaoeritis,

2139 2103 2353 2160 vivetis.
2374 2102 2782 2167 Quasidiceret
2806 2120 2819 2158 :
2845 2103 2905 2158 Si
2936 2103 3179 2176 spiritus
3219 2103 3406 2159 sancti
3443 2103 3693 2171 virtute,
3712 2104 3795 2159 vel

2144 2193 2319 2247 etiam
2333 2192 2546 2248 virtute
2566 2192 2807 2263 spiritus
2828 2192 3025 2261 vestri,
3047 2210 3082 2248 a
3102 2192 3321 2264 Spiritu
3345 2196 3554 2248 sancto
3574 2192 3795 2247 illumi-

2145 2281 2286 2348 nati,
2320 2297 2422 2352 per
2444 2280 2861 2336 abstinentiam
2890 2280 3032 2337 vitia
3059 2286 3119 2338 et
3148 2286 3384 2354 peccata
3410 2281 3471 2337 in
3503 2298 3686 2338 carne
3714 2298 3799 2337 ve-

2146 2374 2269 2426 stra
2310 2368 2819 2438 mortificaveritis,
2854 2370 3078 2437 vivetis,
3108 2374 3166 2425 et
3190 2370 3288 2426 hic
3332 2370 3452 2425 vita
3481 2370 3800 2444 spirituali,

2144 2462 2200 2515 et
2230 2458 2286 2512 in
2334 2458 2532 2514 futuro
2565 2459 2682 2514 vita
2730 2458 2970 2515 caelesti.
3020 2458 3165 2515 Cum
3197 2459 3375 2526 enim,
3418 2459 3636 2516 fratres
3668 2460 3796 2527 mei,

2145 2546 2388 2620 Spiritus
2409 2551 2464 2603 et
2485 2564 2618 2603 caro
2642 2547 2965 2604 adinvicem
2986 2566 3217 2621 semper
3236 2548 3557 2615 luctantur,
3586 2553 3799 2622 quanto

2144 2640 2233 2692 est
2288 2636 2533 2692 debilior
2590 2653 2744 2704 caro,
2802 2640 2965 2694 tanto
3018 2638 3222 2694 fortior
3275 2642 3363 2693 est
3418 2637 3690 2709 spiritus.
3736 2639 3797 2693 Et

2146 2730 2366 2798 quanto
2399 2725 2602 2781 fortior
2631 2730 2720 2781 est
2749 2742 2903 2795 caro,
2936 2731 3098 2782 tanto
3136 2726 3385 2783 debilior
3414 2731 3506 2783 est
3532 2728 3794 2800 spiritus.

2146 2814 2308 2871 Unde
2321 2813 2948 2887 Apostolus:Quando,
2978 2815 3186 2888 inquit,
3215 2814 3508 2887 inﬁrmor,
3533 2819 3800 2888 tune/or-

2145 2903 2260 2959 tior
2291 2919 2416 2959 sum
2434 2913 2488 2959 et
2516 2912 2713 2973 potens
2739 2905 2807 2972 (Il
2826 2904 2946 2961 Cor.
2971 2907 3096 2975 XII.)
3124 2906 3190 2960 Et
3209 2904 3378 2960 alibi:
3406 2905 3571 2975 Vico,
3590 2906 3795 2977 inquit,

2144 3009 2269 3064 ego,
2282 2992 2413 3063 jam
2443 3009 2554 3049 non
2583 3009 2706 3063 ego,
2729 2994 2866 3050 vivit
2894 3009 3031 3050 vero
3050 2994 3106 3049 in
3133 3010 3225 3049 me
3244 2994 3513 3051 Christus
3532 2994 3691 3065 (Gal.
3718 3000 3796 3063 Il).

2143 3085 2223 3138 Ac
2249 3082 2298 3139 si
2319 3086 2521 3155 aperte
2540 3083 2724 3138 dicat:
2746 3083 2886 3139 Vivo
2910 3082 3169 3156 quidem,
3189 3084 3292 3139 sed
3314 3100 3432 3139 non
3454 3083 3580 3138 vita
3599 3100 3799 3140 οπως

384 3170 736 3228 inordinatio
766 3189 800 3227 a
828 3170 1018 3244 primo
1048 3175 1288 3243 parente
1318 3171 1375 3226 in
1407 3187 1612 3227 omnes
1642 3188 1749 3228 nos
1779 3173 2036 3230 derivata
2067 3156 2108 3223 C
2146 3171 2290 3227 lium
2305 3172 2600 3240 vitiorum,
2621 3189 2737 3244 qua
2756 3172 2921 3244 prius
2936 3173 3220 3238 vivebam,
3239 3172 3340 3228 sed
3357 3172 3795 3245 vitaspirituali.

385 3265 560 3331 esset,
592 3260 749 3317 venit
779 3259 962 3316 Filius
1004 3259 1106 3315 Dei
1148 3260 1337 3316 factus
1367 3260 1563 3327 homo,
1595 3265 1661 3316 ut
1690 3262 1952 3335 exemplo
1983 3268 2040 3319 et

388 3349 578 3424 gratia
603 3349 884 3406 amissam
915 3349 1347 3405 ordinationem
1389 3350 1448 3404 in
1480 3349 1649 3406 nobis
1683 3352 2035 3421 restitueret,

389 3439 731 3513 praecipiens
752 3443 819 3495 ut
847 3439 919 3494 de
948 3442 1151 3494 ceetero
1193 3455 1359 3493 mens
1402 3444 1602 3495 nostra
1636 3442 1747 3496 Deo
1778 3442 2035 3511 serviret,

389 3527 835 3585 sensualitatem
885 3543 1018 3582 cum
1068 3525 1341 3584 sensibus
1389 3527 1513 3583 suis
1552 3529 1663 3585 sibi
1714 3531 2039 3588 consentire

387 3615 778 3688 compelleret,
794 3618 860 3670 ut
875 3615 959 3670 ita
974 3614 1300 3671 viveremus
1313 3616 1529 3671 secund
1540 3634 1635 3671 um
1664 3618 1870 3690 spiritu
1882 3636 1958 3687 m,
1983 3623 2040 3674 et

386 3721 505 3762 non
529 3703 856 3760 secundum
888 3720 1144 3759 carnem.
1170 3704 1239 3759 Et
1268 3704 1377 3760 hoc
1406 3709 1497 3760 est
1517 3707 1671 3778 quod
1696 3707 1777 3761 ait
1796 3707 2039 3778 Aposto-

383 3793 500 3863 lus,
551 3791 839 3849 debitores
886 3808 1094 3849 sumus
1142 3792 1397 3866 Spiritui,
1432 3810 1546 3849 non
1588 3794 1768 3850 carni.
1803 3796 1869 3850 Et
1900 3796 2039 3867 quia

384 3882 652 3956 quaedam
682 3882 965 3938 debemus
995 3881 1177 3950 carni,
1212 3885 1277 3937 ut
1307 3882 1745 3950 correctionem,
1776 3884 2036 3957 regimen

382 3975 440 4029 et
454 3970 899 4046 providentiam,
924 3971 1160 4045 exponit
1181 3972 1239 4026 in
1264 3988 1379 4044 quo
1402 3988 1517 4026 non
1542 3971 1729 4027 simus
1746 3973 2036 4030 debitores

382 4059 564 4129 carni,
592 4076 727 4116 cum
772 4060 973 4116 subdit
997 4076 1010 4115 :
1046 4065 1119 4117 Ut
1147 4060 1462 4116 secundum
1491 4076 1729 4116 carnem
1759 4062 2033 4118 vivamus.

382 4149 659 4215 Quamvis
702 4148 881 4216 enim,
916 4149 1127 4204 fratres
1160 4148 1295 4207 mei.
1330 4147 1389 4203 in
1431 4166 1602 4206 carne
1631 4150 1917 4217 vivamus,
1948 4156 2036 4207 ta-

382 4254 517 4296 men
548 4238 871 4295 secundum
905 4254 1163 4303 carnem,
1195 4236 1255 4292 id
1287 4241 1375 4293 est
1406 4238 1729 4293 secundum
1767 4238 2035 4295 volunta-

381 4332 501 4384 tem
532 4326 729 4383 carnis
756 4326 944 4383 vivere
965 4343 1081 4382 non
1113 4327 1419 4383 debemus.
1456 4326 1555 4383 Ille
1590 4327 1746 4383 enim
1776 4328 1916 4383 vivit
1946 4346 2035 4386 se-

381 4416 644 4475 cundum
686 4431 943 4483 carnem,
995 4414 1095 4488 qui
1129 4419 1653 4489 quantumcunque
1692 4421 1904 4488 potest,
1936 4435 2032 4474 vo-

2219 3261 2496 3333 Sequitur
2514 3277 2651 3332 pars
2681 3261 2959 3329 secunda,
2983 3261 3045 3316 in
3065 3278 3182 3334 qua
3213 3260 3469 3316 ostendit
3486 3261 3797 3333 Apostolus

2145 3349 2403 3405 viventes
2434 3350 2761 3404 secundum
2794 3350 3065 3422 spiritum
3089 3366 3215 3406 esse
3236 3348 3389 3405 ﬁlios
3416 3349 3517 3405 Dei
3535 3354 3595 3405 et
3624 3349 3795 3405 hare-

2148 3439 2271 3505 des,
2306 3438 2543 3494 dicens:
2594 3439 2706 3509 Qui
2733 3440 2883 3494 enim
2928 3440 3145 3510 spiritu
3172 3438 3275 3495 Dei
3301 3448 3587 3510 aguntur,
3618 3441 3680 3495 hi
3702 3441 3800 3511 ﬁlii

2147 3538 2279 3583 sunt
2331 3527 2450 3583 Dei.
2487 3527 2707 3599 Spiritu
2762 3528 2859 3584 Dei
2921 3532 3180 3602 aguntur
3237 3529 3337 3600 qui
3391 3544 3507 3583 non
3540 3545 3792 3593 acarne,

2146 3615 2288 3671 vela
2310 3615 2519 3688 spiritu
2541 3615 2817 3690 maligno,
2849 3618 2951 3673 sed
2978 3634 3013 3672 a
3039 3616 3256 3689 Spiritu
3277 3621 3483 3672 sancto
3504 3616 3620 3689 ipsi
3640 3615 3793 3672 carni

2146 3705 2517 3776 praesidente,
2540 3705 2611 3760 ad
2632 3706 2776 3760 bene
2796 3705 3194 3779 cogitandum,
3218 3704 3607 3779 loquendum,
3631 3722 3795 3779 agen-

2147 3794 2409 3865 dumque
2454 3804 2728 3865 aguntur.
2778 3794 2903 3850 Non
2951 3799 3150 3851 autem
3200 3796 3285 3850 ait
3341 3800 3647 3868 reguntur,
3698 3795 3789 3850 sed

2146 3882 2301 3954 quod
2325 3884 2519 3955 majus
2541 3886 2647 3949 est,
2667 3888 2943 3955 aguntur.
2969 3884 3093 3938 Non
3117 3883 3274 3939 enim
3300 3882 3515 3951 solum,
3540 3887 3607 3939 ut
3623 3900 3791 3956 eques

2145 3987 2384 4043 equum,
2397 3987 2506 4027 nos
2521 3971 2669 4044 regit
2690 3971 2962 4043 Spiritus,
2986 3972 3087 4027 sed
3105 3973 3283 4027 etiam
3304 3971 3523 4028 latente
3538 3971 3789 4045 energia,

2144 4060 2202 4115 id
2235 4065 2325 4115 est
2349 4060 2703 4131 operatione,
2746 4059 2993 4117 interius
3024 4061 3083 4116 in
3133 4060 3303 4117 nobis
3328 4064 3624 4133 operatur.
3666 4060 3791 4134 Agit

2145 4149 2301 4205 enim
2333 4149 2389 4203 in
2422 4149 2591 4205 nobis
2616 4153 2680 4204 ut
2710 4166 2975 4221 agamus.
3004 4150 3132 4222 Ipse
3149 4150 3328 4219 enim,
3355 4154 3421 4204 ut
3449 4150 3535 4205 ait
3552 4152 3793 4223 Aposto-

2143 4237 2256 4305 lus,
2275 4247 2557 4307 operatur
2574 4238 2630 4293 in
2651 4239 2808 4294 nobis
2819 4248 2872 4293 et
2889 4240 3031 4294 cette
3048 4248 3105 4295 et
3123 4240 3399 4311 perﬁcere
3419 4238 3699 4311 (Philipp.
3715 4243 3790 4302 II).

2144 4326 2304 4390 Quod
2338 4329 2535 4398 aperte
2578 4329 2783 4381 contra
2828 4324 2960 4381 illos
2993 4329 3082 4381 est
3110 4326 3209 4397 qui
3240 4342 3305 4381 se
3334 4342 3439 4398 per
3484 4341 3550 4380 se
3578 4323 3793 4397 aliquid

2145 4431 2314 4487 agere
2336 4432 2506 4487 posse
2531 4418 2772 4486 putant;
2806 4431 2940 4470 cum
2965 4414 3250 4479 Dominus
3270 4414 3429 4470 dicat
3460 4414 3520 4469 in
3548 4414 3795 4487 Evange-

379 4506 595 4562 luntati
613 4504 832 4579 pariter
849 4508 906 4560 et
922 4503 1203 4577 voluptati
1221 4502 1416 4559 carnis
1438 4504 1742 4575 satisfacit,
1766 4506 1865 4577 qui
1885 4505 2038 4562 scili—
2065 4522 2111 4588 Β
2143 4502 2249 4559 lio:
2282 4504 2417 4559 Sine
2448 4520 2542 4558 me
2564 4504 2709 4559 nihil
2736 4505 2975 4572 potestis
3004 4505 3220 4574 facere.
3255 4504 3368 4573 Qui
3393 4503 3551 4557 enim
3582 4501 3793 4574 inquit,

378 4594 516 4652 licet
538 4595 721 4651 fertur
748 4593 1007 4661 effrenis,
1040 4609 1207 4648 more
1233 4592 1475 4664 pecoris,
1510 4594 1568 4648 in
1599 4593 1940 4667 ingluviem,
1974 4594 2033 4651 in

377 4682 692 4751 luxuriam,
722 4682 782 4739 in
802 4682 972 4749 iram,
998 4682 1057 4737 in
1076 4680 1566 4749 incredulitatem,
1589 4682 1648 4737 in
1672 4683 2028 4755 superbiam,

378 4776 703 4846 czeteraque
747 4771 888 4828 vitia
937 4788 1065 4844 quae
1114 4787 1181 4826 ex
1237 4787 1410 4826 carne
1466 4771 1680 4843 partim
1738 4772 2030 4842 oriuntur,

376 4862 714 4920 ethomines
726 4859 990 4917 carnales
1012 4860 1342 4915 efﬁciuntet
1358 4858 1662 4915 animales.
1683 4860 1854 4916 Tales
1875 4861 2032 4916 enim

377 4950 525 5007 nihil
539 4949 866 5023 spirituale,
891 4949 1035 5005 nihil
1060 4948 1311 5015 caeleste,
1330 4947 1478 5003 nihil
1495 4949 1755 5004 divinum
1771 4949 2028 5022 sapiunt,

378 5039 481 5096 sed
511 5037 697 5094 solam
725 5055 958 5094 carnem
991 5042 1050 5094 et
1064 5041 1300 5094 terram.
1335 5036 1497 5092 Unde
1526 5037 1866 5109 Apostolus:
1890 5040 2032 5096 Ani-

375 5126 547 5183 malis
575 5126 746 5182 homo
794 5143 908 5183 non
946 5128 1203 5200 percipit
1231 5142 1299 5182 ea
1346 5141 1471 5199 qua:
1496 5127 1742 5195 spiritus
1770 5128 1873 5182 Dei
1899 5137 2033 5184 sunt

377 5219 428 5285 (ι
465 5216 601 5271 Car.
633 5216 720 5284 II.)
768 5215 909 5280 Qaid
954 5220 1149 5271 autem
1196 5214 1342 5272 tales
1391 5219 1733 5286 sequantur,
1775 5215 2033 5271 ostendit

376 5301 708 5376 Apostolus,
740 5319 875 5358 cum
909 5305 1136 5359 subdit:
1168 5306 1236 5360 Si
1262 5305 1418 5360 enim
1446 5304 1764 5359 secundum
1794 5320 2032 5359 carnem

377 5393 1058 5465 vixeristismzoriemini.
1076 5394 1142 5448 Et
1154 5392 1248 5447 hic
1261 5397 1444 5448 morte
1458 5390 1665 5446 animae
1682 5392 1737 5446 in
1755 5392 2027 5464 peccatis,

378 5487 435 5541 et
463 5481 524 5538 in
575 5481 793 5554 futuro,
849 5484 1035 5537 morte
1079 5480 1285 5536 anima:
1317 5481 1536 5553 pariter
1586 5484 1643 5536 et
1682 5481 1939 5551 corporis
1968 5480 2029 5536 in

379 5571 666 5644 gehenna.
718 5569 941 5635 Nonne,
988 5567 1218 5634 fratres,
1250 5568 1426 5623 etiam
1476 5567 1569 5623 hic
1603 5567 1753 5623 male
1784 5569 2033 5626 moritur

2140 4593 2363 4661 Spiritu
2414 4592 2520 4648 Dei
2563 4600 2842 4662 aguntur,
2890 4591 2958 4648 Ιιί
2980 4601 3113 4648 sunt
3155 4593 3266 4664 [itii
3310 4592 3417 4648 Dei
3463 4594 3653 4659 (locu.
3680 4594 3791 4663 xv).

2141 4680 2352 4744 Quales
2380 4698 2480 4736 vos
2511 4697 2638 4736 esse
2670 4680 2915 4737 debetis.
2948 4685 3073 4738 Non
3101 4681 3253 4736 enim
3282 4680 3593 4749 accepistis
3626 4680 3685 4734 in
3706 4680 3796 4734 ba-

2140 4770 2356 4841 ptismo
2387 4769 2610 4825 scilicet
2634 4774 2690 4824 et
2717 4769 3179 4837 confirmatione,
3202 4769 3483 4839 spiritum
3502 4768 3797 4824 servitutis

2138 4861 2352 4915 iterum
2382 4859 2441 4915 in
2471 4859 2698 4925 timore,
2731 4859 2831 4913 sed
2859 4858 3158 4929 accepistis
3175 4859 3453 4928 spiritum
3471 4857 3798 4927 adoptionis

2142 4948 2304 5004 Unus
2335 4952 2391 5003 et
2421 4949 2598 5019 idem,
2636 4948 2845 5005 fratres
2876 4947 3013 5015 mei,
3046 4951 3135 5003 est
3165 4947 3429 5020 spiritus,
3465 4947 3570 5020 qui
3608 4964 3679 5003 ex
3708 4947 3797 5002 dis

2139 5038 2343 5103 versis,
2369 5053 2495 5109 quae
2517 5036 2758 5103 confert,
2779 5036 2969 5103 donis,
2998 5036 3241 5093 diversis
3263 5036 3611 5093 nominibus
3628 5053 3795 5094 voca-

2138 5130 2254 5181 tur.
2276 5125 2530 5181 Vocatur
2549 5125 2706 5181 enim
2729 5124 2975 5196 spiritus
2991 5124 3090 5180 ira:
3110 5125 3415 5198 Egyptiis,
3439 5125 3582 5198 quia
3602 5125 3689 5182 eis
3708 5125 3795 5182 in-

2139 5214 2276 5269 tulit
2304 5212 2620 5269 vindictam
2655 5212 2894 5286 peccati.
2926 5212 3182 5269 Vocatur
3208 5213 3457 5287 spiritus
3498 5213 3793 5270 servitutis

2139 5308 2197 5360 et
2224 5304 2453 5359 timoris
2480 5302 2720 5369 Judaeis,
2755 5302 3035 5373 quoniam
3059 5303 3118 5358 in
3141 5302 3269 5377 lege
3294 5303 3380 5359 eis
3398 5303 3678 5360 timorem
3710 5303 3793 5359 in-

2139 5391 2343 5448 cussit.
2392 5390 2559 5447 Unde
2608 5407 2676 5445 ex
2705 5390 2913 5447 timore
2963 5391 3159 5464 potius
3202 5409 3384 5464 quam
3414 5409 3487 5449 ex
3515 5409 3721 5449 amore
3746 5394 3791 5448 ei

2139 5480 2486 5539 serviebant.
2520 5479 2775 5536 Vocatur
2794 5496 2949 5536 nunc
2982 5479 3226 5553 spiritus
3246 5480 3585 5553 adoptionis
3616 5480 3792 5538 ﬁdeli-

2140 5571 2271 5639 bus,
2306 5568 2585 5642 quoniam
2632 5567 2717 5625 eis
2743 5567 2980 5625 ﬁlialem
3011 5568 3236 5626 confert
3260 5567 3666 5638 dilectionem,
3696 5587 3789 5644 per
