3974 6076
209 285 373 348 2009

853 289 1209 354 HOMILUE
1246 288 1328 350 IN
1372 288 1623 350 El’lST.
1670 288 1774 350 ET
1816 287 2104 354 EVANG.
2152 287 2508 350 DOMINIC.
2537 321 2617 332 —
2643 286 2841 349 PARS
2881 286 2960 350 ῙΙ.

3458 286 3623 350 2010

209 438 391 495 quam
422 437 521 479 eos
550 421 610 478 in
633 421 785 480 ﬁlios
813 422 1208 497 adoptat.Vos
1234 437 1392 496 ergo,
1427 422 1713 492 fratres,si
1742 441 1858 481 non
1891 424 1944 492 Α
1973 421 2268 478 caelestem
2328 422 2449 477 toto
2507 419 2794 478 desiderio
2845 419 3161 478 tendamus
3196 418 3619 494 hereditatem,
3686 478 3693 483 ,

211 526 284 567 ex
313 511 669 569 conscientia
696 512 936 586 peccati,
969 530 1072 569 nec
1102 512 1311 568 timore
1341 512 1640 584 gehennae,
1661 514 1761 568 sed
1792 531 1861 569 ex

211 616 412 657 amore
442 601 493 656 ei
515 602 801 670 serviatis,
822 601 1092 675 spiritum
1118 601 1448 674 adoptionis
1471 602 1670 674 utique
1701 619 1859 659 acce-

210 688 473 762 pistis,in
503 707 608 762 quo
635 691 888 747 clamatis
919 711 937 747 :
964 691 1131 758 Abba,
1147 693 1326 746 Pater.
1348 690 1513 745 Abba
1534 692 1859 758 Hebraeum,

210 783 382 834 Pater
408 796 543 835 vero
572 784 661 835 est
689 783 953 837 Graacum
985 784 1042 835 et
1071 780 1366 835 Latinum.
1390 779 1605 835 Omnes
1636 779 1857 849 ﬁdeles,

22 878 23 901 λ
92 860 99 863 ’
211 866 437 923 Hebraei
471 868 651 925 Graeci
671 874 729 925 et
754 869 964 937 Latini,
993 868 1041 924 si
1074 874 1257 924 Deum
1290 867 1541 925 ﬁlialiter
1563 869 1864 942 diligimus

209 960 271 1012 et
292 957 615 1024 imitamur,
646 974 783 1014 eum
831 974 1032 1014 secure
1081 962 1314 1013 Patrem
1358 974 1653 1013 vocamus.
1695 959 1858 1026 Ecce,

212 1045 422 1101 fratres
453 1045 825 1119 mei,quanta
853 1050 945 1103 est
973 1046 1159 1119 pietas
1193 1051 1249 1103 et
1277 1046 1608 1119 benignitas
1638 1043 1865 1119 Dei,qui

213 1150 351 1190 cum
383 1152 648 1191 essemus
678 1136 903 1209 indigni
937 1135 1109 1203 servi,
1142 1138 1209 1191 ut
1236 1134 1463 1192 viscera
1492 1136 1723 1207 pietatis
1746 1152 1864 1191 suae

214 1239 356 1297 erga
374 1241 482 1281 nos
512 1225 959 1309 demonstraret,
993 1229 1051 1281 et
1079 1229 1145 1281 ut
1174 1241 1281 1281 nos
1310 1241 1425 1280 non
1459 1225 1530 1280 ad
1561 1242 1623 1281 se
1652 1224 1866 1281 timen-

215 1313 383 1380 dnm,
415 1314 517 1369 sed
548 1315 741 1387 potius
772 1315 845 1370 ad
867 1331 930 1370 se
955 1313 1315 1387 diligendum
1342 1313 1632 1383 invitaret,
1661 1331 1867 1387 praece-

216 1401 305 1475 pit
337 1403 526 1470 nobis,
558 1407 622 1459 ut
651 1419 786 1460 eum
813 1403 1008 1475 potius
1042 1402 1271 1459 Patrem
1319 1419 1498 1475 quam
1549 1403 1865 1460 Dominum

212 1506 581 1559 vocaremus,
613 1495 671 1548 et
700 1495 767 1547 ut
790 1490 1024 1547 nullum
1056 1494 1280 1564 patrem
1324 1491 1385 1546 in
1437 1493 1869 1564 comparatione

213 1579 346 1651 ejus
397 1584 827 1654 reputaremus,
887 1580 1133 1637 dicens:
1169 1586 1394 1637 Patrem
1442 1582 1612 1638 nolite
1678 1599 1870 1640 vocare

212 1671 367 1725 vobis
396 1686 561 1743 super
586 1677 808 1740 terram,
842 1687 984 1726 unus
1013 1677 1091 1727 est
1115 1672 1268 1726 enim
1294 1671 1457 1726 Pater
1489 1679 1661 1727 vester
1682 1673 1781 1743 qui
1810 1673 1869 1726 in

212 1760 367 1814 cwlis
384 1767 465 1816 est
494 1760 696 1833 (Matth.
728 1760 911 1832 xxm).
948 1759 1115 1815 Pater
1138 1759 1294 1815 enim
1324 1762 1592 1816 terrenus
1638 1759 1728 1815 vel
1760 1777 1867 1815 nos

218 1847 593 1921 derelinquit,
616 1849 706 1904 vel
752 1866 859 1904 nos
902 1865 1020 1904 non
1070 1848 1279 1922 diligit,
1311 1847 1400 1904 vel
1449 1848 1602 1905 male
1649 1848 1860 1921 diligit,

219 1952 356 1992 cum
386 1938 556 1993 Pater
583 1936 831 1993 caelestis
861 1953 1000 1992 suos
1029 1935 1293 1993 oblivisci
1326 1954 1441 1993 non
1475 1939 1680 2010 possit.
1706 1938 1868 1995 Unde

221 2025 534 2082 Psalmista
566 2042 579 2081 :
614 2032 783 2082 Pater
808 2042 962 2081 meus
1002 2033 1054 2081 et
1096 2033 1272 2081 mater
1301 2043 1420 2082 mea
1462 2026 1870 2099 dereliquerunt

216 2131 305 2170 me
334 2133 354 2170 :
384 2117 645 2171 Dominus
689 2123 875 2171 autem
920 2116 1216 2187 assumpsit
1238 2131 1326 2170 me
1350 2115 1520 2187 (Psal.
1550 2116 1723 2189 xxvx),
1757 2118 1872 2190 ipse

217 2205 450 2276 spiritus
506 2205 683 2260 reddit
735 2205 1111 2260 testimonium
1155 2205 1386 2276 spiritui
1438 2213 1641 2271 nostro,
1674 2206 1732 2261 id
1782 2210 1873 2262 est

221 2293 725 2350 conﬁrmationem
757 2291 991 2364 spiritui
1013 2293 1391 2365 nostro,quod
1408 2310 1596 2350 sumus
1624 2296 1736 2366 ﬁlii
1753 2296 1866 2352 Dei.

221 2387 341 2438 Hoc
371 2386 567 2438 autem
600 2382 737 2438 facit
784 2382 973 2438 tribus
1016 2381 1227 2447 modis,
1258 2398 1362 2454 per
1403 2368 1735 2455 Scripturas
1780 2400 1875 2440 vo-

223 2489 366 2528 cans
395 2488 502 2528 nos
533 2470 709 2538 ﬁlios,
738 2474 805 2527 ut
829 2472 1067 2544 quando
1097 2470 1256 2540 dicit,
1295 2472 1493 2539 Venite,
1526 2473 1655 2544 ﬁlii,
1688 2473 1875 2532 audite

221 2578 330 2627 me,
364 2563 615 2617 timorem
648 2562 870 2617 Domini
914 2561 1109 2617 docebo
1153 2577 1246 2617 vos
1295 2561 1467 2633 (Psal.
1519 2566 1740 2632 XXXIII),
1772 2580 1877 2638 per

225 2649 634 2706 admirabilem
683 2666 926 2722 operum
969 2648 1422 2718 miriﬁcentiam,
1456 2668 1562 2707 nos
1592 2650 1744 2708 ﬁlios
1774 2653 1876 2709 Dei

227 2738 639 2794 manifestans.
661 2739 743 2793 Ex
774 2738 887 2806 bis,
922 2738 1131 2794 fratres
1164 2739 1300 2805 mei,
1330 2740 1874 2815 argumentis,,Spi-

226 2827 378 2882 ritus
408 2830 651 2883 sanctus
681 2826 955 2899 spiritum
1000 2830 1268 2882 nostrum
1315 2826 1377 2881 in
1425 2829 1561 2897 ﬁde,
1591 2833 1649 2885 et
1687 2847 1789 2903 spe
1819 2834 1879 2886 et

226 2916 511 2972 charitate
558 2915 857 2971 ﬁrmatum
912 2931 1115 2971 secure
1167 2916 1381 2985 reddit,
1416 2918 1571 2989 quod
1620 2918 1725 2973 ﬁlii
1774 2919 1877 2974 Dei

228 3022 457 3061 sumus.
479 3003 537 3062 Si
569 3003 725 3061 enim
758 3004 879 3060 haec
909 3004 1216 3071 habemus,
1222 3005 1350 3077 jam
1376 3022 1489 3061 non
1516 3011 1697 3064 Deum
1715 3008 1880 3083 time-

227 3111 381 3163 mus,
416 3094 516 3150 sed
547 3093 742 3167 potius
771 3110 907 3150 eum
938 3096 1218 3166 tanquam
1262 3093 1489 3150 Patrem
1539 3094 1876 3169 diligemus,

1969 515 2248 566 aeternam
2280 509 2409 567 sine
2430 510 3200 578 successione,distributam
3224 508 3350 566 sine
3369 510 3625 567 diminu-

1969 600 2531 669 tione,communem
2554 600 2682 656 sine
2711 599 3499 668 invidia,sufﬁcientem,sine
3528 599 3623 656 in-

1971 687 2231 762 digentia
2252 689 2583 759 jucundam
2616 687 2742 744 sine
2771 687 3029 757 tristitia,
3053 688 3284 744 beatam
3314 688 3441 745 sine
3461 689 3621 744 omni

1973 775 2227 833 miseria.
2249 777 2336 832 Ad
2365 793 2544 848 quam
2574 777 2855 849 perducat
2882 793 2991 833 nos
3020 795 3174 833 unus
3198 777 3547 845 Deus,Pater
3568 782 3625 834 et

1972 865 2154 923 Filius
2183 870 2241 922 et
2270 865 2527 938 Spiritus
2561 870 2822 935 sanctus,
2856 865 2948 922 cui
2977 870 3066 921 est
3111 865 3298 922 honor
3337 871 3394 922 et
3438 866 3625 941 gloria

1973 972 2076 1028 per
2094 954 2328 1011 infinita
2352 955 2699 1011 saaculorum
2731 955 2962 1011 saecula.
2994 957 3196 1012 Amen.

2566 1062 2875 1119 HOMILIA
2912 1062 3054 1117 XIX.

2250 1149 2525 1190 DOMINICA
2563 1151 2773 1190 OCTAVA
2812 1150 2954 1190 POST
2989 1148 3355 1190 ΤΙΠΝῙΤΑΤΕΜ.

2045 1221 2310 1278 Attendite
2341 1240 2375 1278 a
2400 1224 2566 1301 falsis
2590 1223 2891 1295 prophetis,
2925 1224 3023 1295 qui
3066 1224 3292 1280 veniunt
3335 1223 3406 1281 ad
3446 1240 3536 1282 vos
3564 1242 3624 1282 in

1973 1313 2310 1368 vestimentis
2335 1314 2539 1378 ovium,
2572 1314 2901 1369 intrinsecus
2938 1321 3119 1369 autem
3145 1321 3275 1370 sunt
3309 1314 3431 1386 lupi
3456 1331 3627 1387 rapa-

1973 1417 2060 1457 ces
2087 1403 2295 1470 (Matth.
2330 1406 2447 1471 vn).
2478 1402 2759 1459 Dominus
2789 1406 2847 1458 et
2875 1402 3230 1475 Redemptor
3262 1407 3479 1473 noster,
3510 1404 3627 1460 fra-

1975 1493 2095 1547 tres
2125 1489 2478 1558 charissimi,
2510 1490 2833 1563 praevidens
2863 1491 3293 1563 persecutiones
3323 1492 3628 1565 discipulis

1977 1578 2105 1635 suis
2133 1583 2576 1647 oventuras,eas
2606 1579 2691 1636 eis
2718 1579 3049 1652 praedicere,
3082 1584 3142 1637 et
3168 1584 3372 1637 contra
3401 1598 3500 1638 eas
3529 1599 3631 1639 eos

1976 1684 2328 1740 praaarmare
2348 1668 2591 1724 curavit.
2623 1668 2903 1724 Praedixlt
2934 1685 3069 1744 ergo
3116 1670 3233 1727 duo
3262 1687 3477 1744 genera
3503 1688 3630 1745 per-

1978 1757 2349 1812 secutionum
2405 1758 2490 1813 eis
2539 1758 3063 1815 eventurazUnum
3105 1763 3372 1833 apertum
3416 1760 3488 1817 de
3513 1777 3630 1833 quo

1977 1842 2115 1900 alibi
2144 1845 2321 1902 dicit:
2348 1846 2664 1904 Tradcmini
2691 1855 2875 1903 autem
2901 1865 2935 1902 a
2958 1849 3361 1920 parentibus,et
3382 1852 3632 1921 cognatis

1974 1942 2029 1990 et
2056 1936 2250 1992 amicis
2296 1938 2357 1992 in
2385 1943 2630 2005 mortem,
2649 1944 2701 1993 et
2729 1944 2902 1993 morte
2929 1939 3174 2010 ofﬁcient
3197 1954 3268 1994 ea:
3296 1939 3448 1996 vobis
3478 1940 3628 2008 (Luc.

1975 2023 2392 2096 xx:).Alterum
2424 2024 2739 2095 occultum,
2765 2029 2967 2081 contra
2988 2026 3143 2098 quod
3175 2026 3271 2083 hic
3301 2044 3409 2084 nos
3438 2027 3635 2085 munit

1978 2116 2038 2168 et
2066 2112 2175 2168 hoc
2206 2112 2607 2169 modo.Primo
2641 2118 2839 2170 monet
2869 2131 2977 2171 nos
2999 2131 3199 2173 cavere
3230 2133 3264 2173 a
3293 2116 3458 2174 falsis
3498 2135 3631 2192 pro-

1978 2201 2192 2273 phetis.
2213 2203 2476 2258 Secundo
2499 2203 2715 2275 quibus
2745 2203 2933 2276 signis
2955 2210 3382 2278 cognoscantur
3399 2222 3638 2280 genera-

1980 2288 2114 2346 liter
2141 2294 2197 2345 et
2226 2308 2329 2364 per
2359 2291 2809 2348 similitudinem
2841 2292 3113 2349 ostendit.
3142 2294 3335 2351 Tertio
3366 2295 3636 2369 spiritua-

1980 2377 2788 2451 litcr,quibus_discernantur
2816 2380 2903 2437 vel
2926 2398 3042 2437 non
3061 2382 3472 2440 discernantur
3497 2401 3633 2458 ape-

1982 2467 2078 2523 rit.
2110 2467 2205 2524 Ait
2234 2485 2370 2542 ergo
2406 2486 2419 2525 :
2448 2469 2736 2540 Attendite,
2770 2469 2834 2525 id-
2859 2474 2948 2527 est
2975 2472 3340 2530 attendentes
3377 2478 3571 2532 cavete
3600 2491 3637 2531 a

1982 2555 2149 2612 falsis
2179 2558 2505 2631 prophetis.
2525 2559 2700 2615 Porro
2730 2558 2906 2615 istam
2940 2562 3405 2633 persecutionem
3437 2563 3632 2620 occul-

1981 2648 2107 2700 tam
2138 2646 2427 2719 praacipue
2458 2652 2657 2703 monet
2700 2665 2808 2704 nos
2850 2652 3068 2705 attente
3107 2666 3330 2722 cavere,
3353 2652 3633 2725 quoniam

1985 2735 2149 2806 pejor
2178 2739 2268 2790 est
2298 2752 2476 2807 quam
2509 2740 2732 2809 aperta,
2764 2741 2890 2793 tum
2922 2738 3062 2811 quia
3103 2738 3238 2812 plus
3284 2744 3455 2798 nocet
3481 2742 3633 2798 occi-

1985 2823 2131 2879 dens
2162 2823 2338 2879 etiam
2361 2825 2610 2895 animas,
2625 2829 2753 2882 tam
2782 2826 2923 2899 quia
2946 2826 3246 2886 difﬁcilius
3264 2829 3632 2902 praevidetur,

1988 2910 2219 2967 facilius
2242 2912 2457 2987 quippe
2489 2931 2597 2970 nos
2618 2914 2958 2987 supplantat
2987 2916 3234 2989 qui,sub
3266 2917 3458 2991 specie
3487 2919 3634 2975 ami-

1987 3000 2135 3056 citiaa
2157 3005 2213 3058 et
2243 3003 2529 3075 obsequii,
2554 3003 2823 3060 fraudem
2844 3004 3114 3061 occultat.
3139 3007 3446 3079 Proprium
3476 3008 3635 3065 enim

1989 3089 2104 3145 doli
2136 3095 2225 3146 est
2253 3107 2315 3147 se
2337 3091 2731 3148 dissimulare.
2763 3092 3070 3151 Veneticus
3118 3096 3230 3151 sub
3282 3095 3452 3154 melle
3491 3097 3636 3171 tegit

225 3183 374 3240 bene
404 3184 475 3239 de
503 3166 569 3239 eo
599 3199 930 3256 eperamus,
961 3182 1032 3238 ad
1063 3198 1199 3238 eum
1231 3199 1432 3239 secure
1479 3185 1862 3259 confugimus

1996 3195 2310 3248 venenum;
2344 3179 2623 3253 proditor,
2657 3181 2768 3236 sub
2807 3181 3087 3254 obsequio
3110 3183 3411 3254 fraudem;
3453 3166 3634 3260 hypo-

230 3272 377 3341 Quod
404 3273 454 3328 si
480 3273 591 3344 ﬁlii
616 3288 828 3339 sumus,
859 3280 911 3328 et
935 3272 1194 3328 haeredes.
1226 3271 1358 3328 Tria
1386 3274 1753 3330 constituunt
1781 3276 1880 3331 ho-

228 3361 448 3417 minem
478 3360 767 3417 haredem
802 3377 815 3415 :
848 3359 1153 3426 Nativitas,
1187 3359 1465 3416 meritum
1498 3366 1554 3417 et
1583 3362 1873 3421 voluntas.

227 3451 343 3506 Nos
374 3466 627 3523 quoque,
652 3450 861 3505 fratres
891 3448 1028 3516 mei,
1063 3448 1185 3504 haec
1214 3448 1325 3504 tria
1355 3467 1462 3505 nos
1511 3452 1878 3509 constituunt

222 3539 481 3595 haaredes
511 3542 735 3595 aeterna;
764 3538 1144 3595 haereditatis.
1162 3537 1356 3593 Primo
1377 3538 1666 3610 siquidem
1690 3540 1876 3599 libera

221 3628 492 3684 voluntas
524 3626 622 3683 Dei
653 3627 724 3683 ab
758 3631 971 3683 esterno
1002 3626 1260 3683 haeredes
1292 3627 1724 3699 praedestinavit
1746 3646 1759 3685 :
1780 3629 1875 3687 Se-

220 3717 412 3773 cundo
444 3714 770 3789 spiritualis
801 3714 1077 3788 baptismi
1102 3714 1394 3784 nativitas,
1429 3733 1536 3772 nos
1575 3717 1647 3773 ad
1677 3719 1874 3775 cccles-

219 3809 337 3862 tem
368 3804 769 3861 haereditatem
796 3804 1041 3860 vocavit.
1057 3803 1251 3860 Tertio
1281 3804 1558 3860 meritum
1580 3811 1869 3877 nostrum,

218 3895 408 3969 gratia
435 3894 845 3965 sdjutum,nos
875 3891 1036 3948 illius
1064 3892 1277 3965 dignos
1296 3893 1492 3948 efﬁcit.
1516 3894 1679 3951 Unde
1696 3898 1875 3969 Apos-

215 3984 372 4040 tolus
404 4000 418 4040 :
453 3984 614 4052 Quos,
654 3982 872 4054 inquit,
917 3981 1333 4053 praedestinavit
1386 3983 1480 4037 hos
1536 3992 1587 4039 et
1642 3989 1869 4042 vocavit.

220 4074 359 4142 Quos
380 4073 610 4139 vocavit,
641 4072 737 4127 hos
766 4078 820 4126 et
835 4071 1164 4143 justiﬁcavit
1191 4070 1364 4141 (Rom.
1397 4074 1540 4140 vm).
1583 4071 1871 4130 Caeterum

218 4176 351 4216 rum
380 4158 441 4213 in
461 4158 571 4215 hoc
603 4158 797 4214 differt
826 4157 1080 4215 scelestis
1109 4158 1418 4214 hereditas
1467 4176 1502 4215 a
1534 4162 1869 4233 temporali,

219 4244 496 4320 quoniam
528 4245 714 4301 haares
738 4261 855 4301 non
888 4245 1000 4301 nisi
1032 4249 1166 4317 post
1190 4250 1435 4302 mortem
1456 4250 1754 4305 testatoris
1776 4249 1870 4307 hic

218 4335 600 4407 consequitur
627 4333 1049 4391 hereditatem.
1068 4339 1217 4391 Deus
1232 4351 1365 4391 vero
1381 4353 1490 4392 nos
1518 4337 1598 4392 ita
1612 4337 1869 4397 haeredes

218 4422 540 4490 constituit,
556 4426 621 4478 ut
650 4423 827 4479 etiam
847 4439 983 4479 cum
1016 4440 1083 4480 eo
1116 4427 1388 4480 aeternam
1420 4425 1738 4483 sortiamur
1759 4428 1869 4484 hm-

1986 3266 2149 3335 crita,
2186 3269 2296 3324 sub
2326 3267 2607 3342 religione
2639 3268 2956 3326 malitiam:
2992 3271 3321 3343 haereticus,
3355 3274 3467 3330 sub
3486 3274 3635 3331 veri-

1983 3357 2102 3412 tate
2130 3356 2469 3413 falsitatem.
2505 3357 2651 3414 Cum
2683 3363 2877 3416 autem
2908 3359 3023 3429 hic,
3055 3377 3160 3432 per
3179 3360 3357 3418 falsos
3385 3363 3635 3436 prophe-

1981 3449 2093 3512 tas,
2126 3446 2425 3519 quoslibet
2479 3447 2836 3521 hypocritas,
2870 3448 2972 3522 qui
3031 3448 3193 3506 aliud
3240 3451 3536 3508 occultant
3580 3456 3638 3511 et

1983 3533 2142 3590 aliud
2193 3535 2499 3603 simulant,
2556 3553 2865 3609 possemus
2912 3537 3259 3612 intelligere,
3310 3543 3508 3598 tamen
3565 3543 3638 3599 de

1982 3622 2272 3681 haereticis
2308 3624 2639 3697 specialiter
2661 3625 2881 3681 dictum
2921 3630 3031 3683 est.
3061 3627 3169 3695 Qui
3199 3645 3335 3685 cum
3380 3630 3637 3688 exterius

1981 3710 2263 3769 simulent
2282 3712 2649 3787 religionem,
2682 3714 2931 3772 interius
2963 3716 3154 3772 celant
3180 3717 3513 3775 haereticam
3544 3736 3635 3776 ra-

1981 3801 2453 3873 pacitatem,‘per
2477 3819 2655 3875 quam
2686 3803 2915 3860 animas
2966 3804 3324 3879 simplicium
3358 3807 3635 3882 jugulare

1980 3890 2283 3946 festinant.
2312 3891 2420 3947 Per
2446 3892 2794 3948 vestimenta
2820 3892 3001 3965 igitur
3028 3894 3245 3962 ovium,
3271 3896 3502 3952 ovinam
3543 3897 3633 3953 in-

1979 3977 2304 4051 telligimus
2355 3979 2958 4053 simplicitatem,qua
3006 3982 3264 4038 haeretici
3316 3988 3374 4040 et
3428 4001 3633 4043 omnes

1980 4066 2168 4123 dolosi
2199 4084 2370 4123 suam
2401 4067 2648 4140 palliant
2697 4068 3102 4140 iniquitatem;
3134 4075 3201 4126 ut
3242 4072 3438 4139 verbo,
3458 4073 3632 4131 vesti-

1981 4156 2506 4229 mento,obsequio,
2527 4158 2676 4225 cibo,
2693 4161 2749 4214 et
2773 4157 3112 4231 hujusmodi
3144 4160 3633 4221 exterioribus.De

1977 4244 2152 4300 verbo
2178 4244 2382 4300 talium
2417 4245 2499 4300 ait
2528 4246 2707 4302 David
2738 4264 2751 4302 :
2783 4248 2982 4304 Molliti
3025 4256 3157 4305 sunt
3198 4266 3473 4308 sermones
3514 4253 3632 4324 ejus

1976 4349 2141 4405 super
2169 4334 2368 4401 oleum,
2400 4344 2453 4391 et
2482 4337 2591 4407 ipsi
2616 4344 2742 4392 sunt
2761 4337 2955 4409 jacula
2980 4339 3153 4406 (Psal.
3187 4340 3318 4411 Liv).
3351 4345 3429 4396 De
3457 4340 3629 4398 vesti-

1978 4426 2174 4478 mento
2195 4423 2413 4479 dicitur
2442 4424 2539 4481 hic
2572 4442 2586 4481 :
2621 4425 2892 4482 Attendite
2937 4444 2971 4482 a
3014 4427 3176 4500 falsis
3222 4429 3497 4501 prophetis
3534 4432 3631 4503 qui

217 4510 544 4569 reditatem.
566 4512 793 4567 Rursus
815 4511 1156 4585 temporalis
1185 4512 1495 4571 haereditas
1529 4532 1633 4588 per
1650 4516 1868 4574 multos
1896 4533 1947 4600 D
1974 4514 2202 4569 veniunt
2229 4514 2299 4569 ad
2328 4530 2421 4570 vos
2464 4516 2524 4570 in
2552 4516 2884 4572 vestimentis
2926 4517 3125 4573 ovium.
3154 4518 3223 4573 Et
3265 4518 3578 4591 Apostolus
3612 4537 3625 4575 :

215 4601 473 4658 heredes
493 4600 813 4657 distributa
850 4601 1196 4657 minoratur.
1229 4600 1494 4660 Caelestis
1522 4621 1655 4661 vero
1684 4605 1867 4662 hatre-

213 4690 387 4759 ditas,
421 4688 644 4745 nullam
676 4690 836 4746 novit
865 4689 985 4763 pati
1016 4689 1488 4747 diminutionem.
1517 4693 1743 4750 Rursus
1792 4711 1862 4750 ex

212 4776 517 4851 temporali
548 4777 884 4835 haereditate
916 4778 1071 4833 inter
1100 4779 1429 4836 cohaeredes
1464 4781 1728 4837 nascitur
1771 4782 1864 4837 in-

212 4866 386 4923 vidia.
412 4867 581 4935 Nam,
606 4869 779 4940 juxta
818 4872 1073 4941 poetam,
1098 4891 1126 4919 «
1159 4868 1351 4923 omnis
1384 4874 1640 4942 potestas
1674 4870 1863 4944 impa-

212 4955 364 5011 tiens
394 4956 683 5013 consortis
714 4956 829 5013 erit
849 4956 981 5029 (60).
1008 4956 1087 5012 Ab
1119 4955 1221 5012 illa
1249 4972 1382 5014 vero
1418 4962 1634 5016 aeterna
1678 4960 1862 5016 haere-

214 5043 392 5101 ditate
423 5045 618 5102 omnis
648 5045 870 5102 invidla
888 5044 1263 5118 relegabitur.
1285 5046 1431 5103 Nam
1450 5049 1862 5122 unusquisque

213 5133 295 5189 sic
325 5134 608 5206 gaudebit
636 5135 707 5192 de
738 5134 985 5208 proximi
1019 5133 1225 5209 gloria,
1249 5135 1404 5191 sicut
1433 5137 1505 5193 de
1545 5155 1672 5194 sua.
1698 5138 1860 5195 Unde

211 5225 269 5277 et
297 5220 424 5293 ipse
453 5221 662 5279 unicus
682 5223 892 5291 Patris,
912 5240 1029 5280 non
1061 5222 1223 5280 solus
1254 5223 1436 5281 haeres
1460 5242 1610 5295 esse,
1644 5228 1743 5284 sed
1777 5244 1863 5283 se-

214 5324 347 5364 cum
375 5307 558 5365 voluit
602 5309 930 5368 coheredes
977 5311 1209 5368 habere.
1243 5311 1361 5369 Nos
1398 5314 1617 5388 itaque,
1652 5316 1859 5373 fratres

213 5394 346 5466 mei,
362 5401 558 5469 spreta
587 5399 894 5471 temporali
926 5403 983 5457 et
1008 5417 1163 5457 vana
1190 5400 1545 5473 haereditate,
1579 5405 1651 5460 ad
1696 5404 1858 5462 illam

280 5575 392 5649 (60)
425 5575 644 5633 Lucan.
674 5577 872 5635 Phars.
903 5576 1005 5637 lib.
1036 5596 1077 5648 ι,
1107 5596 1257 5637 vers.
1289 5578 1382 5652 92,
1411 5578 1501 5637 93.

1976 4601 2227 4674 Satanas,
2251 4602 2460 4675 inquit,
2486 4605 2848 4676 transﬁgurat
2873 4622 2933 4662 se
2979 4608 3041 4662 in
3084 4607 3343 4679 angelum
3389 4608 3529 4665 lucis
3557 4610 3633 4678 (II

1975 4689 2096 4747 Cor.
2128 4691 2225 4762 ix).
2260 4696 2338 4746 De
2367 4691 2647 4765 obsequio
2677 4692 2818 4748 dicit
2846 4697 3017 4767 poeta
3042 4711 3056 4749 :

2133 4777 2395 4851 Obsequio
2424 4781 2595 4837 vincit
2622 4783 2886 4838 meretrix
2911 4789 2962 4839 et
2987 4783 3238 4856 proditor
3264 4785 3462 4841 omnis.

1970 4871 2050 4924 De
2080 4866 2357 4924 simulata
2386 4868 2743 4926 abstinentia
2784 4876 2842 4926 et
2888 4871 3268 4941 continentia,
3297 4872 3440 4931 dicit
3478 4876 3627 4948 Apo-
3702 4908 3707 4917 -

1970 4955 2157 5012 stolus
2186 4957 2257 5012 ad
2291 4956 2667 5015 Timotheum
2703 4976 2716 5014 :
2748 4959 2989 5032 Spiritus
3019 4963 3308 5035 manifeste
3332 4962 3467 5020 dicit
3484 4965 3627 5037 quod

1968 5047 2031 5101 in
2078 5048 2394 5102 novissimis
2435 5050 2768 5120 temporibus
2817 5049 3089 5106 discedent
3144 5052 3378 5123 quidam
3418 5070 3452 5109 a
3495 5053 3620 5125 ﬁde,

1969 5134 2298 5192 attendentes
2332 5137 2619 5208 spiritibus
2675 5139 2878 5194 erroris
2913 5145 2967 5195 et
3008 5138 3273 5196 doctrinis
3317 5141 3623 5200 desinantO-

1968 5239 2113 5292 rum,
2148 5226 2208 5279 in
2236 5226 2515 5298 hypocrisi
2545 5226 2885 5299 loquentium
2927 5228 3299 5298 mendacium;
3328 5231 3619 5303 prohiben-

1968 5315 2110 5368 tium
2139 5314 2361 5383 nubere,
2394 5317 2669 5371 abstinere
2696 5333 2731 5372 a
2768 5316 2926 5385 cibis,
2954 5333 3086 5389 quos
3116 5322 3263 5374 Deus
3310 5320 3513 5376 creavit
3551 5321 3622 5377 ad

1961 5403 2377 5475 percipiendum
2403 5420 2528 5460 cum
2574 5406 2883 5475 gratiarum
2929 5408 3141 5464 actione
3184 5407 3456 5478 ﬁdelibus,
3488 5410 3621 5479 quia
