3974 6076
376 292 524 359 2011

1387 294 1785 356 ADDENDA.
1810 326 1889 339 —
1919 293 2317 355 RADULPHI
2360 293 2771 357 ARDENTIS.

3660 290 3839 354 2012

376 431 553 488 omnis
581 436 833 485 creatura
873 429 977 485 Dei
1018 427 1159 485 bona
1184 436 1261 485 est
1286 430 1335 499 (Ι
1367 429 1498 484 Tim.
1534 430 1627 496 IV).
1666 425 1834 483 Tales
1883 430 2023 483 sunt
2049 426 2104 493 Α
2133 426 2389 483 existens
2418 426 2629 495 bonus,
2645 430 2836 500 potest
2865 427 3050 484 facere
3079 444 3254 501 opera
3282 425 3443 483 mala
3485 430 3553 482 et
3577 429 3836 481 eterna

377 518 569 587 hodie,
594 520 800 573 fratres
832 517 968 585 mei,
1004 516 1259 573 haeretici
1287 515 1616 582 Manichaei,
1645 516 1743 589 qui
1776 533 1885 571 sua
1912 516 2027 570 hae-

375 608 491 665 resi
522 606 771 680 patriam
802 607 1207 679 Agennensem
1236 605 1693 673 maculaverunt,
1733 605 1831 676 qui
1865 621 2028 660 men-

374 697 602 753 tiuntur
651 712 712 752 se
759 695 938 750 vitam
968 700 1165 751 tenere
1214 694 1630 767 apostolorum,
1665 694 1926 750 dicentes
1967 710 2028 749 se

374 803 491 843 non
515 785 751 843 mentiri
782 801 887 840 nec
918 783 1158 840 omnino
1172 785 1512 856 jurare,sub
1537 787 1814 855 praetextu
1846 782 2027 838 absti-

375 875 584 932 nentiae
633 878 690 931 et
732 872 1123 939 continentiae,
1148 890 1312 929 escas
1362 874 1629 928 carnium
1683 876 1740 927 et
1789 872 2026 944 nuptias

375 965 744 1020 damnantes.
761 962 971 1016 Dieuut
986 960 1142 1016 enim
1159 964 1390 1016 tantum
1413 960 1701 1032 ﬂagitium
1725 977 1851 1016 esse
1869 976 2027 1016 acce-

374 1053 513 1108 dere
543 1052 615 1106 ad
648 1055 1205 1121 uxorem,quantum
1233 1049 1304 1104 ad
1335 1052 1583 1103 matrem
1615 1048 1701 1111 vel
1725 1049 1794 1103 ad
1818 1047 2020 1103 ﬁliam.

373 1141 668 1196 Damnant
695 1139 870 1195 etiam
894 1138 1075 1193 Vetus
1102 1139 1567 1193 Testamentum.
1602 1141 1681 1192 De
1710 1137 1864 1192 Novo
1889 1153 2023 1192 vero

375 1230 642 1303 quaedam
675 1227 983 1300 recipiunt,
1018 1228 1283 1299 quaedam
1316 1244 1453 1282 non.
1487 1228 1556 1281 Et
1586 1227 1741 1298 quod
1788 1225 2022 1298 gravius

374 1323 485 1388 est,
509 1319 655 1374 duos
682 1317 1001 1389 praedicant
1032 1332 1224 1371 rerum
1258 1321 1544 1383 auctores,
1562 1320 1740 1371 Deum
1766 1313 2025 1370 invisibi-

373 1408 541 1475 lium,
557 1405 853 1461 diabolum
874 1403 1191 1459 visibilium
1211 1408 1509 1459 auctorem
1533 1402 2025 1459 credentcs.Unde

374 1500 433 1555 et
460 1495 681 1552 occulte
711 1494 960 1550 adorant
989 1491 1493 1565 diabolum,quem
1517 1493 1607 1548 sui
1630 1492 1888 1564 corporis
1908 1508 2027 1547 cre-

375 1585 1322 1641 duntcreatorem.Sacramentum
1334 1598 1467 1637 vero
1480 1579 1681 1637 altaris
1698 1598 1911 1652 purum
1930 1597 2027 1654 pa-

367 1691 511 1731 ~nem
529 1691 657 1731 esse
678 1670 1277 1743 dicunt.Baptismum
1300 1670 1837 1743 negant,neminem
1855 1686 2027 1742 posse

377 1763 607 1830 salvari,
623 1761 737 1818 nisi
760 1778 865 1834 per
878 1777 1019 1817 suas
1039 1776 1251 1815 manus
1274 1759 1613 1831 praedicant.
1630 1759 2026 1815 Resurrectio—

377 1869 512 1909 nem
534 1852 709 1909 etiam
733 1866 1041 1924 corporum
1060 1852 1294 1921 negant.
1331 1847 1466 1904 Illos
1500 1847 1820 1904 diabolicos
1835 1846 2026 1903 homi-

377 1943 718 2011 nes,fratres
733 1930 871 2007 mei,
884 1939 1083 2005 vitate,
1098 1938 1237 2011 quia
1252 1937 1405 1993 sicut
1421 1938 1707 1993 Dominus
1728 1936 2023 2010 praedixit:

380 2032 613 2090 Veniunt
639 2030 702 2086 in
724 2029 1057 2085 vestimentis
1087 2028 1430 2095 ovium,cum
1452 2027 1750 2082 intresecus
1777 2027 1890 2081 sint
1909 2025 2029 2097 lupi

378 2136 601 2193 rapaces
631 2118 832 2192 (Matth.
862 2119 982 2186 vu).
1015 2116 1130 2172 Vos
1179 2132 1316 2189 ergo
1367 2116 1438 2170 ad
1488 2115 1775 2171 cavendas
1822 2130 2025 2171 eorum

330 2246 349 2251 —
375 2209 689 2277 versutias,
724 2210 909 2264 estote
938 2206 1258 2279 prudentes
1282 2205 1435 2261 sicut
1463 2210 1784 2277 serpentes.

451 2298 727 2371 Sequitur
756 2313 863 2370 pas
893 2295 1172 2361 secunda,
1196 2295 1257 2349 in
1289 2311 1406 2366 qua
1436 2294 1721 2350 Dominus
1770 2293 2029 2350 ostendit

379 2386 793 2461 generaliteret
805 2402 908 2458 pcr
918 2383 1364 2439 similitudinem
1380 2383 1672 2455 quomodo
1684 2382 1740 2437 di
1748 2399 2029 2455 gnoscan-

376 2479 493 2545 tur,
513 2473 713 2531 dicens
745 2490 759 2528 :
793 2474 833 2528 Α
862 2474 1134 2545 fructibus
1163 2488 1351 2528 eorum
1374 2473 1695 2544 cognoscetis
1724 2487 1831 2540 eos,
1854 2470 1913 2526 id
1940 2475 2029 2527 est

380 2566 453 2622 ab
482 2562 1070 2638 operibus.Loquitur
1090 2565 1285 2618 autem
1314 2560 1408 2617 hic
1426 2556 1823 2634 metaphorice
1835 2560 2027 2616 Domi-

380 2671 515 2723 nus,
549 2653 828 2727 quoniam
877 2651 1029 2709 sicut
1058 2668 1093 2707 a
1117 2667 1339 2723 sapore.
1362 2651 1587 2706 fructus
1641 2648 2024 2723 dignoscitur,

379 2745 552 2816 cujus
585 2740 850 2799 humoris
880 2740 958 2798 sit
982 2743 1230 2795 truncus
1259 2744 1318 2795 et
1359 2739 1526 2795 radix
1554 2739 1799 2807 arboris,
1830 2738 1915 2794 ita
1958 2756 2028 2796 ex

379 2831 655 2906 operibus
681 2830 1063 2887 exterioribus
1092 2828 1472 2902 perpenditur
1498 2829 1670 2901 cujus
1709 2827 2025 2884 voluntatis

379 2922 458 2979 sit
485 2938 584 2978 cor
614 2919 895 2976 hominis.
929 2917 1038 2985 Qui
1069 2922 1265 2974 autem
1315 2916 1392 2973 sit
1436 2917 1662 2973 fructus
1709 2916 2022 2986 malorum,

375 3009 689 3085 Apostolus
732 3009 805 3065 ad
854 3007 1088 3064 Galatas
1140 3007 1393 3063 ostendit
1427 3023 1440 3061 :
1474 3008 1783 3078 Manifesta,
1808 3005 2020 3078 inquit,

376 3108 508 3157 sunt
550 3115 715 3172 opera
757 3099 959 3164 carnis,
990 3111 1117 3169 quae
1157 3103 1285 3152 sunt
1311 3098 1623 3169 fornicatio,
1648 3096 2020 3165 immunditiu,

379 3188 631 3255 luxuria,
678 3187 938 3256 avaritia,
990 3185 1261 3241 idolorum
1313 3186 1565 3252 servitus,
1598 3186 1872 3256 veneﬁcia,
1904 3186 2020 3240 im-
2054 3172 2095 3239 C

378 3279 629 3342 micitiae,
669 3275 1059 3342 contentiones,
1089 3274 1487 3341 mutationes,
1531 3276 1695 3343 rixae,
1745 3273 2029 3329 dissentio-

378 3383 497 3434 nes,
528 3365 781 3432 haereses,
832 3363 1087 3431 invidiae,
1118 3362 1435 3430 homicidia,
1469 3363 1769 3429 ebrietates,
1818 3379 2027 3418 comes-

377 3457 635 3522 sationes,
667 3460 719 3509 et
744 3453 830 3508 his
858 3453 1073 3508 similia
1100 3466 1227 3524 quae
1263 3451 1505 3524 prmdico
1528 3452 1698 3521 vobis,
1729 3453 1873 3508 sicut
1908 3454 2030 3524 jam

373 3543 638 3618 pratici,
664 3543 927 3614 quoniam
972 3542 1072 3612 qui
1116 3541 1257 3596 talia
1305 3548 1493 3612 agunt,
1516 3558 1749 3610 regnum
1791 3543 1892 3597 Dei
1918 3557 2026 3598 non

377 3638 772 3705 consequentur
787 3629 926 3702 (Gal.
946 3629 1148 3699 v).Qui
1177 3645 1310 3685 vero
1341 3629 1459 3686 sint
1488 3630 1712 3686 fructus
1742 3631 2029 3686 bonorum

380 3718 657 3788 ostendit,
690 3718 951 3774 subdens
983 3734 996 3773 :
1030 3718 1259 3773 Fructus
1288 3726 1468 3774 autem
1507 3721 1734 3791 spiritus
1777 3727 1857 3775 est
1899 3719 2029 3775 cha-

380 3810 540 3877 ritas,
572 3806 861 3878 gaudium,
905 3823 1040 3878 pax,
1087 3808 1378 3879 patientia,
1430 3808 1840 3878 longanimitas,
1871 3825 2030 3864 man-

379 3897 625 3966 suetudo,
676 3896 824 3969 ﬁdes,
856 3896 1140 3965 modestia,
1171 3898 1525 3965 continentia,
1558 3899 1776 3954 castitas
1822 3896 2026 3969 (ibid).

379 3986 663 4061 Nunquid,
693 3984 904 4058 inquit,
936 3986 1205 4055 colligunt
1235 3984 1300 4041 de
1321 3987 1498 4058 spinis
1526 4003 1678 4053 uvas,
1700 3995 1797 4043 aut
1825 3986 1891 4042 de
1927 3988 2030 4042 tri-

382 4077 528 4133 bulis
555 4077 731 4148 ﬁcus?
750 4074 808 4130 id
840 4078 930 4130 est
959 4074 1227 4147 nunquid
1260 4075 1330 4130 de
1355 4075 2028 4148 peccatoribus,malitia,

381 4170 439 4223 et
462 4167 533 4222 de
559 4165 720 4221 vitiis
746 4164 1024 4236 spinosis,
1049 4167 1300 4236 possunt
1329 4163 1484 4221 exire
1512 4164 1739 4220 fructus
1766 4163 2031 4221 dulcedi-

382 4255 476 4312 nis
504 4258 562 4311 et
591 4251 999 4326 benignitatis,
1019 4258 1077 4309 et
1100 4270 1222 4308 uvae
1255 4252 1484 4309 fervidae
1516 4253 1837 4309 charitatis.
1856 4254 2033 4318 Quasi

382 4344 541 4401 dicat
573 4361 586 4399 :
620 4342 768 4399 Non.
804 4340 995 4397 Malus
1028 4341 1267 4414 quidem
1297 4358 1474 4414 Opera
1490 4341 1725 4397 virtutis
1753 4341 2034 4398 simulare

382 4436 591 4508 potest,
606 4432 796 4489 facere
817 4429 1056 4486 omnino
1078 4447 1193 4486 non
1217 4434 1422 4500 potest.
1446 4431 1557 4486 Sed
1579 4430 1628 4486 si
1650 4430 2030 4499 simulaverit,

2139 515 2536 572 damnationis
2568 517 2942 590 digna.Facit
2967 520 3160 572 tamen
3193 516 3369 572 homo
3392 514 3609 571 malus
3634 531 3837 587 quan-

2138 606 2327 677 doque
2350 606 2619 677 qumdam
2641 606 2889 661 minima
2908 606 3226 679 bona,quia
3247 606 3627 678 quandoque
3655 610 3837 659 natu-

2136 694 2244 749 rali
2274 695 2488 750 ductus
2508 694 2719 768 pietate
2740 695 2927 768 pascit
2956 694 3521 763 esurientem,vestit
3546 694 3829 757 nudum,

2134 782 2467 857 hospitatur
2494 784 2865 858 peregrinum
2901 801 2914 839 :
2949 785 3105 857 quod
3150 784 3204 839 ei
3252 783 3314 839 in
3356 782 3827 840 alleviatiouem

2133 890 2315 945 poenae
2356 877 2547 946 potest
2593 874 2801 941 valere,
2830 890 2946 929 non
2979 874 3051 928 ad
3098 873 3280 929 vitam
3318 877 3647 929 aeternam.
3692 871 3827 943 Ipse

2132 962 2290 1019 enim
2321 978 2438 1018 non
2459 962 2606 1018 bene
2627 961 2891 1031 facit,sed
2914 962 2986 1018 de
3006 978 3072 1017 eo
3093 961 3241 1018 bene
3260 963 3343 1017 fit.
3367 963 3441 1017 Et
3456 962 3823 1018 econtrario

2132 1051 2323 1107 bonus
2366 1052 2503 1107 facit
2549 1052 2901 1124 quandoque
2950 1052 3218 1124 quaedam
3271 1050 3525 1106 minima
3558 1056 3823 1123 peccata

2130 1140 2386 1196 naturali
2415 1141 2605 1197 victus
2651 1140 2984 1215 fragilitate,
3020 1157 3123 1213 per
3169 1157 3295 1212 quae
3343 1157 3463 1195 non
3510 1144 3817 1195 aeternam

2130 1246 2363 1301 pmnam
2394 1229 2778 1299 meretur,sed
2806 1226 3371 1301 temporalem.Quid
3403 1233 3619 1284 autem
3652 1227 3817 1283 mala

2133 1319 2306 1375 arbor
2351 1323 2663 1387 mercatur,
2706 1318 2966 1374 ostendit
3024 1334 3157 1374 cum
3210 1318 3569 1390 subjungit:
3614 1317 3815 1373 Omnis

2131 1410 2296 1464 arbor
2323 1424 2451 1481 quae
2476 1424 2586 1464 non
2610 1410 2748 1480 facit
2773 1409 3016 1479 fructum
3039 1408 3263 1473 bonum,
3293 1406 3595 1462 excidatur
3642 1416 3702 1463 et
3752 1409 3813 1461 in

2133 1500 2317 1567 ignem
2344 1500 2607 1554 mittetur.
2658 1498 2881 1565 Notate,
2919 1496 3145 1564 fratres,
3178 1500 3373 1552 notate
3406 1511 3419 1550 :
3458 1512 3585 1551 non
3643 1494 3807 1551 enim

2133 1587 2216 1644 ait
2247 1604 2260 1642 :
2293 1586 2499 1643 Omnis
2526 1586 2697 1643 arbor
2727 1602 2855 1657 quae
2886 1584 3023 1641 facit
3044 1585 3299 1641 fructum
3320 1583 3549 1640 malum
3575 1584 3813 1641 excide-

2134 1681 2250 1744 tur,
2267 1677 2422 1750 quod
2452 1675 2654 1749 utique
2684 1677 2965 1730 constans
2996 1678 3105 1741 est,
3121 1674 3222 1729 sed
3254 1672 3334 1729 ait
3366 1690 3380 1729 :
3415 1672 3621 1730 Omnis
3636 1675 3811 1730 arbor

2135 1782 2261 1839 qua?
2282 1782 2394 1822 non
2418 1767 2557 1838 facit
2580 1767 2824 1838 fructum
2855 1763 3072 1831 bonum,
3103 1762 3406 1819 excidetur.
3421 1763 3556 1818 Non
3614 1763 3807 1831 enim,

2134 1854 2355 1911 sufﬁcit
2383 1853 2608 1910 homini
2639 1869 2757 1909 non
2787 1851 2973 1908 facere
2999 1850 3373 1917 malum,nisi
3401 1850 3590 1907 etiam
3626 1851 3807 1907 faciat

2133 1945 2376 2000 bonum.
2411 1942 2707 2016 Scriptum
2732 1945 2824 1998 est
2852 1939 3010 1997 enim
3046 1956 3060 1994 :
3093 1940 3318 1996 Declina
3346 1958 3382 1995 a
3406 1941 3585 2007 malo,
3618 1949 3679 1996 et
3713 1944 3804 2012 fac

2135 2032 2336 2089 bonum
2354 2030 2835 2103 (Psat.xxxv1).ln
2865 2028 2975 2085 hoc
3002 2028 3160 2085 enim
3188 2029 3342 2101 quod
3374 2028 3531 2084 vitas
3562 2027 3801 2085 malum

2130 2120 2280 2177 vitas
2310 2124 2539 2177 tantum
2556 2135 2810 2193 poenam,
2835 2134 2941 2174 nec
2959 2117 3218 2190 acquiris
3252 2118 3587 2190 praemium.
3608 2117 3677 2173 Si
3712 2118 3801 2173 di-

2133 2210 2219 2267 cis
2241 2209 2384 2266 mihi
2402 2210 2529 2266 Non
2551 2210 2774 2264 furtum
2796 2207 2902 2263 feci
2934 2223 2948 2262 :
2974 2207 3140 2262 Loris
3160 2223 3277 2263 non
3300 2205 3646 2276 uteris,aio;
3670 2207 3796 2262 Non

2133 2299 2433 2355 hominem
2464 2297 2650 2355 occidi
2674 2315 2688 2354 :
2712 2298 2837 2353 Non
2861 2311 3065 2369 pasces
3087 2294 3146 2349 in
3170 2311 3341 2351 cruce
3364 2312 3596 2351 corvos.
3621 2295 3795 2352 Dives

2135 2387 2350 2459 quippe
2390 2388 2748 2458 purpuratus
2777 2383 2994 2457 legitur
3022 2382 3082 2439 in
3112 2382 3340 2439 inferno
3372 2383 3655 2451 cruciari,
3679 2400 3792 2440 non

2134 2475 2275 2548 quia
2304 2473 2561 2548 rapuerit
2581 2472 2791 2542 aliena,
2824 2473 2927 2529 sed
2957 2471 3098 2545 quia
3128 2489 3244 2528 non
3276 2472 3437 2528 dedit
3468 2490 3584 2529 sua
3608 2490 3625 2527 :
3651 2474 3787 2546 quid

2133 2581 2269 2638 ergo
2299 2563 2572 2637 patietur,
2593 2563 2693 2636 qui
2714 2560 2909 2635 rapuit
2929 2561 3159 2618 aliena?
3182 2561 3633 2634 Itaque,fratres
3656 2564 3784 2627 mei,

2132 2670 2267 2711 cum
2295 2652 2612 2709 vitaveritis
2650 2651 2826 2722 mala,
2857 2651 3029 2708 facite
3057 2652 3231 2719 bona,
3251 2651 3394 2723 quia
3426 2651 3555 2723 jam
3583 2654 3787 2708 securis

2131 2743 2201 2800 ad
2227 2742 2469 2800 radicem
2495 2743 2709 2799 arboris
2736 2742 2914 2815 posita
2941 2750 3020 2797 est
3048 2740 3256 2810 (Matth.
3288 2743 3396 2811 ιιι),
3428 2757 3551 2797 non
3594 2741 3785 2797 solum

2135 2832 2323 2900 malae,
2356 2832 2456 2889 sed
2480 2832 2658 2887 etiam
2688 2830 2926 2888 sterilis.

2202 2921 2480 2994 Sequitur
2506 2937 2644 2993 pars
2673 2920 2864 2987 tertia,
2879 2919 2941 2975 in
2962 2934 3079 2991 qua
3094 2917 3348 2974 ostendit
3363 2917 3663 2975 Dominus
3682 2919 3792 2992 spi-

2130 3010 2420 3068 ritualiter
2447 3009 2662 3084 quibus
2685 3008 2960 3082 operibus
2990 3006 3126 3063 boni
3156 3023 3192 3062 a
3218 3007 3393 3063 malis
3422 3024 3545 3064 non
3576 3009 3789 3064 discer-

2132 3104 2371 3167 nantur,
2402 3103 2459 3155 et
2500 3098 2717 3171 quibus
2776 3097 3203 3163 discernantur,
3237 3096 3461 3161 Quibus
3512 3097 3789 3169 operibus

2134 3205 2252 3246 non
2281 3189 2694 3244 discernantur
2723 3185 2998 3252 ostendit,
3015 3201 3149 3240 cum
3180 3184 3381 3241 subdit
3413 3201 3426 3239 :
3451 3190 3583 3241 Non
3602 3188 3789 3241 omnis

2132 3278 2232 3351 qui
2260 3277 2398 3333 dicit
2427 3275 2859 3347 mihi,Domine,
2879 3272 3137 3345 Domine,
3170 3273 3415 3329 intrabit
3444 3274 3507 3329 in
3542 3292 3787 3345 regnum

2133 3368 2428 3423 actorum.
2461 3365 2612 3421 Sunt
2641 3368 2837 3421 autem
2868 3363 2983 3418 tria
3012 3379 3227 3437 genera
3272 3379 3521 3435 operum
3546 3381 3560 3420 :
3596 3364 3785 3420 Unum

2137 3456 2293 3529 quod
2323 3460 2414 3511 est
2444 3453 2747 3526 proprium
2776 3453 3165 3519 bonorum,ut
3196 3450 3429 3509 dilectio
3458 3453 3563 3509 Dei
3586 3458 3645 3510 et
3666 3471 3788 3527 pro-

2135 3545 2311 3612 ximi;
2344 3544 2680 3600 benefacere
2708 3542 2885 3599 etiam
2914 3540 3193 3609 inimicis,
3217 3541 3527 3598 observare
3563 3560 3782 3615 pacem,

2138 3633 2531 3697 concordiam,
2554 3630 2921 3705 sapientiam,
2945 3630 3242 3703 justitiam
3274 3636 3331 3687 et
3358 3635 3601 3688 ceteras
3616 3633 3785 3689 virtu-

2137 3727 2246 3779 tes.
2268 3721 2441 3777 Aliud
2462 3721 2727 3793 estquod
2756 3723 2845 3776 est
2872 3720 3177 3793 proprium
3209 3719 3527 3787 malorum,
3548 3726 3611 3776 ut
3630 3721 3783 3788 vitia,

2138 3815 2197 3868 et
2226 3827 2426 3867 eorum
2466 3825 2661 3882 opera.
2712 3807 2972 3864 Tertium
3017 3824 3150 3865 vero
3191 3813 3282 3864 est
3324 3825 3640 3866 commune
3670 3814 3781 3867 tam

2139 3900 2427 3956 bonorum
2450 3914 2628 3970 quam
2651 3896 2964 3964 malorum,
2985 3901 3050 3953 ut
3077 3898 3346 3970 quaedam
3376 3898 3577 3955 media
3592 3915 3777 3971 opera,

2139 3993 2206 4046 ut
2233 4005 2417 4055 orare,
2434 3989 2725 4059 jejunare,
2749 3986 2915 4042 indui
2936 3985 3145 4054 cilicio,
3162 3987 3301 4043 dare
3331 3985 3781 4061 eleemosynam,

2141 4078 2431 4134 refrenare
2452 4076 2842 4144 luxuriam,et
2861 4075 3369 4147 hujusmodi.Ha:c
3400 4075 3561 4132 enim
3592 4094 3784 4134 secun-

2140 4167 2284 4222 dum
2316 4164 2696 4221 intentionem
2720 4164 2946 4238 agentis
2977 4180 3188 4220 nomen
3211 4169 3549 4220 assumunt.
3565 4165 3631 4220 In
3652 4166 3784 4221 bene

2141 4255 2443 4313 utentibus
2464 4257 2606 4310 sunt
2634 4253 2813 4323 bona;
2833 4253 2894 4309 in
2916 4252 3069 4309 male
3088 4253 3390 4309 utentibus
3411 4253 3785 4310 mala.Osten-

2141 4344 2230 4402 dit
2260 4361 2396 4418 ergo
2412 4343 2700 4399 Dominus
2729 4342 2885 4414 quod
2916 4346 3151 4415 propter
3179 4341 3295 4397 ista
3314 4341 3786 4413 communia,non

2142 4433 2455 4490 habebitur
2484 4448 2731 4504 regnum
2758 4431 3037 4487 ccelorum
3068 4447 3203 4486 cum
3228 4430 3387 4487 dicat
3417 4447 3431 4486 :
3456 4435 3588 4488 Non
3610 4432 3787 4487 omnis

383 4522 676 4597 quomodo
698 4519 910 4593 poterit
927 4519 1222 4575 discerni?
1242 4519 1388 4610 Quia
1417 4519 1857 4610 simulator,etsi
1879 4538 2034 4594 quze-
2068 4544 2116 4610 D
2144 4524 2242 4598 qui
2269 4522 2408 4579 dicit
2436 4522 2584 4610 mihi
2613 4537 2633 4610 :7
2658 4520 3187 4591 Domine-,Dominc,
3208 4520 3454 4575 intrabit
3473 4520 3537 4576 in
3558 4537 3792 4591 regum

383 4613 542 4682 dam,
573 4615 774 4668 tamen
824 4625 940 4664 non
990 4612 1184 4681 potest
1228 4609 1428 4665 omnia
1457 4609 1735 4666 simulare
1769 4627 1781 4666 :
1815 4614 1873 4667 et
1902 4611 2041 4683 quia

384 4701 540 4775 quod
571 4703 661 4756 est
690 4696 1056 4765 simulatum,
1082 4713 1199 4753 non
1229 4700 1319 4753 est
1349 4697 1603 4765 firmum,
1627 4698 1781 4754 sicut
1809 4715 1915 4755 nec
1942 4716 2036 4755 co-

382 4791 472 4847 lor
503 4792 788 4857 mutatus,
809 4790 867 4844 et
904 4786 1043 4859 quia
1070 4785 1365 4842 simulatio
1408 4785 1679 4843 lacessita
1726 4787 2034 4861 detegitur.

385 4879 492 4947 Qui
522 4895 660 4952 ergo
688 4894 821 4934 vere
850 4875 1382 4933 dissimulationem
1414 4876 1845 4949 deprehendere
1892 4877 2035 4945 vult,

384 4968 648 5043 inquirat
676 4983 795 5023 non
828 4965 970 5039 quid
1005 4964 1222 5038 palam,
1255 4965 1357 5022 sed
1392 4965 1491 5039 qui
1525 4964 1675 5021 clam
1725 4965 1917 5035 faciat,
1949 4965 2038 5022 vel

387 5056 561 5112 dicat.
591 5060 877 5112 Praeterea
907 5054 959 5110 si
990 5057 1208 5110 attente
1238 5058 1297 5110 et
1325 5053 1565 5110 assidue
1593 5053 1873 5127 inspicias
1902 5071 2038 5128 ope-

386 5161 452 5201 ra
482 5142 865 5211 simulatoris,
899 5141 1182 5216 paulatim
1227 5142 1333 5198 tibi
1376 5141 1630 5199 vilescat.
1661 5142 1866 5199 Virum
1907 5160 2039 5200 vero

386 5234 609 5290 bonum
661 5231 1020 5305 quantoplus
1078 5231 1497 5298 observaveris,
1530 5235 1692 5287 tanto
1740 5230 1874 5304 plus
1903 5249 2039 5288 eum

387 5319 720 5378 miraberis.
756 5319 852 5375 Sic
880 5336 994 5375 non
1018 5329 1191 5392 potest
1214 5321 1368 5376 mala
1415 5322 1586 5376 arbor
1626 5320 1791 5377 bonos
1826 5323 2041 5393 fructus

386 5413 585 5484 facere,
616 5425 715 5465 nec
761 5407 926 5464 arbor
976 5409 1117 5464 bona
1163 5410 1378 5480 fructus
1418 5409 1591 5465 malos
1634 5411 1834 5482 facere,
1865 5408 1923 5465 id
1955 5414 2045 5466 est

390 5499 566 5558 homo
595 5499 850 5556 existens
879 5495 1091 5567 malus,
1108 5513 1224 5552 non
1254 5502 1447 5569 potest
1475 5498 1663 5555 facere
1705 5515 1880 5571 opera
1928 5500 2043 5556 Deo

390 5588 700 5665 placentia,
716 5591 774 5643 et
802 5591 1031 5645 mternae
1062 5585 1467 5645 retributionis
1493 5586 1701 5661 digna;
1736 5604 1842 5645 nec
1868 5588 2044 5647 homo

2145 4613 2439 4677 caelorum,
2475 4609 2755 4667 Similiter
2785 4626 2890 4666 nec
2921 4609 3114 4665 omnis
3143 4608 3243 4681 qui
3267 4609 3523 4681 jejunat,
3538 4626 3647 4666 nec
3676 4626 3789 4666 om-

2147 4702 2238 4759 nis
2270 4701 2372 4775 qui
2403 4700 2505 4757 dat
2545 4698 2999 4772 eleemosynam,
3029 4703 3087 4755 et
3131 4697 3311 4769 hujus
3362 4698 3547 4754 modi.
3582 4699 3789 4756 Deinde

2146 4790 2401 4847 ostendit
2429 4805 2546 4861 quo
2576 4804 2748 4861 opere
2778 4788 3188 4845 discernantur
3215 4786 3351 4843 boni
3382 4804 3417 4842 a
3465 4787 3631 4855 mali,
3662 4788 3789 4844 sub-

2145 4880 2290 4936 dens
2324 4896 2337 4935 :
2370 4878 2480 4935 Sed
2505 4878 2692 4934 omnis
2719 4877 2818 4949 qui
2861 4877 3005 4949 facit
3052 4877 3402 4933 voluntatem
3443 4877 3646 4933 Patris
3688 4876 3792 4932 unci

2144 4969 2243 5043 qui
2272 4969 2331 5024 iu
2356 4966 2510 5024 curtis
2537 4975 2651 5036 est;
2684 4967 2809 5036 ipse
2855 4966 3098 5023 intrabit
3147 4966 3205 5021 in
3250 4982 3459 5038 regum
3495 4966 3787 5023 celarunt.

2144 5055 2519 5112 Voluntatem
2549 5055 2651 5112 Dei
2679 5054 2818 5111 facit
2847 5053 2949 5126 qui
2984 5069 3117 5109 vere
3146 5052 3349 5123 credit,
3382 5058 3541 5110 recte
3583 5058 3787 5128 sperat.

2148 5147 2315 5201 ﬁrme
2344 5144 2567 5218 diligit;
2602 5143 2962 5200 voluntatem
2993 5140 3093 5198 Dei
3136 5141 3293 5210 facit,
3327 5141 3427 5214 qui
3473 5144 3635 5216 quod
3680 5142 3790 5198 vult

2148 5235 2324 5303 Deus,
2358 5238 2415 5289 et
2464 5236 2532 5289 ut
2575 5231 2719 5298 vult,
2745 5231 2901 5288 facit.
2958 5228 3334 5287 Voluntatem
3366 5230 3469 5287 Dei
3514 5230 3788 5303 facit,qni

2150 5321 2485 5393 eam,etiam
2512 5338 2632 5377 suae
2662 5324 2719 5378 et
2747 5320 3022 5378 omnibus
3053 5318 3186 5376 aliis
3218 5319 3523 5392 praeponit,
3551 5319 3752 5375 dicens
3777 5335 3789 5371 :

2150 5413 2267 5469 Non
2285 5428 2426 5477 mea,
2462 5412 2713 5478 Domine,
2749 5410 2839 5466 sed
2867 5418 2961 5466 tua
2998 5409 3248 5466 voluntas
3275 5409 3374 5481 ﬁat
3405 5407 3615 5481 (Hatth.
3646 5424 3791 5473 nvi;

2150 5505 2328 5559 Marc.
2359 5502 2498 5570 xxv).
2519 5499 2636 5555 Nos
2654 5498 3028 5572 ergo,fratres
3051 5497 3166 5554 mei
3176 5497 3255 5567 ,in
3276 5496 3559 5554 omnibus
3580 5513 3790 5570 quara-

2153 5604 2287 5647 mus
2306 5591 2363 5646 et
2377 5587 2663 5646 faciamus
2680 5585 3045 5645 voluntatem
3064 5586 3507 5661 Dei,diligentes
3525 5602 3670 5645 eum
3688 5588 3788 5643 toto
