3974 6076
174 329 335 394 2013

815 331 1172 395 HOMILIIE
1212 330 1293 392 IN
1336 330 1590 392 EPIST.
1634 329 1737 391 ET
1779 326 2066 390 EVANG.
2112 325 2463 389 DOMINIC.
2499 360 2578 373 -—
2604 325 2808 390 PARS
2851 326 2929 389 ῙῙ.

3413 324 3575 388 2014

174 464 372 530 oorde,
389 462 933 521 totaanimaettotis
954 463 1177 520 viribus
1199 461 1330 536 plus
1347 478 1524 535 quam
1542 459 1820 517 nos.Dili-
1850 463 1901 529 Α
1934 458 2531 532 praeponit,Venerem
2557 457 2670 515 sibi
2690 459 2864 515 deum
2895 458 3218 515 constituit.
3252 458 3462 526 Quales
3478 459 3577 517 ho-

176 570 387 627 gamus
417 552 637 609 amicos
678 557 908 609 nostros
940 554 999 608 in
1035 558 1167 619 Deo,
1200 556 1257 608 et
1286 552 1558 606 inimicos
1588 554 1824 623 propter
1933 549 2026 604 die
2044 549 2220 621 (quod
2242 547 2368 604 sine
2390 548 2607 619 gemitu
2631 548 2823 604 dicere
2846 565 2959 604 non
2978 550 3246 621 possum)
3270 553 3410 604 sunt
3430 548 3580 603 mul-

178 647 526 709 Deum;non
557 643 868 699 reddentes
899 642 1123 698 malum
1155 658 1256 714 pro
1284 640 1458 710 malo,
1479 640 1579 695 sed
1602 640 1823 695 bonum
1930 638 1996 704 ti,
2029 637 2184 694 vitiis
2215 642 2271 693 et
2302 637 2553 710 peccatis
2584 637 2709 693 suis
2738 637 2933 709 potius
2965 654 3142 710 quam
3174 639 3290 694 Deo
3318 637 3577 693 servien-

177 749 284 804 pro
315 731 513 811 malo;
543 732 913 788 benedictum
946 749 1049 804 pro
1082 730 1409 798 maledicto,
1446 732 1598 785 sicut
1628 728 1823 784 Domi-

179 838 292 876 nus
321 821 495 877 Jesus
528 821 662 876 fecit
689 825 746 877 et
774 821 1241 894 praecepit.Quod
1274 820 1396 892 ipse
1423 836 1528 874 nos
1551 816 1828 890 adimple-

179 926 241 966 re
258 911 554 978 concedat,
570 910 661 966 cui
681 915 770 967 est
785 910 972 966 honor
1000 916 1055 966 et
1086 908 1271 983 gloria
1300 927 1402 982 per
1431 907 1629 964 omnia
1645 924 1825 963 sacu-

178 997 238 1054 la
265 999 632 1056 seculorum.
665 1001 870 1055 Amen.

776 1106 1081 1163 HOMILIA
1118 1106 1231 1162 XX.

491 1194 768 1235 DOMINICA
809 1195 955 1234 NONA
994 1195 1132 1234 POST
1166 1193 1525 1234 TRINITATEM.

253 1270 377 1323 Non
433 1270 604 1324 simus
658 1270 1091 1340 concupiscentes
1141 1268 1434 1333 malorum,
1464 1268 1609 1322 sicut
1652 1265 1831 1321 etilli

183 1358 596 1428 concupierunt,
663 1362 774 1412 etc.
835 1358 881 1429 (I
933 1359 1057 1414 Cor.
1114 1357 1196 1427 x.)
1255 1354 1687 1427 Quadripertita
1741 1356 1833 1408 est

185 1445 356 1502 lectio
385 1445 518 1514 ista,
534 1446 741 1502 fratres
770 1446 905 1502 mei.
924 1446 1119 1501 Primo
1140 1445 1297 1501 enim
1328 1462 1435 1501 nos
1467 1443 1769 1499 dissuadet
1799 1458 1834 1497 a

183 1534 342 1589 vitiis
365 1534 628 1608 exemplo
648 1535 1048 1607 antiquorum.
1073 1535 1339 1591 Secundo
1361 1534 1725 1589 demonstrat
1743 1547 1831 1587 ca-

186 1640 290 1679 sus
310 1624 758 1696 antiquorumin
771 1625 1017 1699 ﬁguram
1039 1628 1097 1680 et
1116 1623 1402 1680 cautelam
1425 1626 1686 1678 nostram
1699 1621 1835 1677 scri-

187 1717 321 1785 ptos
352 1729 502 1768 esse.
534 1714 728 1769 Tertio
767 1731 875 1770 nos
906 1718 1122 1779 monet,
1156 1730 1230 1770 ne
1260 1711 1770 1785 apprehendamur
1800 1726 1836 1765 a

186 1801 529 1857 tentatione.
544 1803 758 1868 Quarto
775 1802 917 1857 dicit
938 1807 1117 1858 Deum
1142 1818 1257 1858 non
1277 1801 1705 1874 permissurum
1728 1815 1834 1854 nos
1863 1837 1911 1902 B

189 1891 403 1946 tentari
434 1889 587 1946 ultra
616 1896 881 1947 nostrum
915 1907 1107 1963 posse.

265 1980 456 2036 Primo
485 1980 668 2052 igitur
696 1996 804 2036 nos
833 1979 1135 2037 dissuadet
1163 1996 1198 2035 a
1227 1979 1489 2051 quinque
1516 1977 1697 2041 vitiis,
1721 1974 1834 2030 sci-

190 2068 325 2125 licet
346 2086 381 2124 a
400 2068 873 2141 concupiscentia
892 2069 1066 2137 mala,
1079 2070 1154 2125 ab
1172 2067 1518 2133 idololatria,
1539 2084 1573 2123 a
1594 2064 1837 2122 fornica-

196 2159 370 2225 tione,
404 2174 439 2214 a
464 2158 784 2214 tentatione
814 2158 937 2225 Dei,
988 2162 1045 2213 et
1074 2174 1109 2212 a
1139 2156 1625 2213 murmuratione.
1661 2156 1836 2210 Porro

195 2265 231 2304 a
258 2247 731 2320 concupiscentia
760 2246 920 2305 mala
948 2264 1056 2303 nos
1082 2246 1444 2313 dehortatur,
1480 2262 1613 2301 cum
1645 2244 1787 2300 dicit
1819 2260 1833 2298 :

197 2337 313 2394 Non
331 2339 504 2393 simus
529 2339 960 2409 concupiscentes
989 2337 1439 2403 malorum,sicut
1455 2342 1506 2390 et
1526 2335 1617 2389 illi
1642 2349 1838 2389 concu-

192 2427 583 2500 pierunt.ldeo
605 2430 801 2481 autem
824 2425 1091 2497 adjunxit
1118 2426 1411 2491 malorum,
1443 2422 1719 2495 quoniam
1751 2426 1841 2477 est

197 2515 850 2588 concupiscentiabona,
870 2518 1024 2570 estet
1043 2513 1517 2586 concupiscentia
1537 2512 1841 2568 mala.Nisi

198 2606 355 2663 enim
388 2603 857 2677 concupiscentia
887 2604 1040 2658 bona
1082 2607 1255 2672 esset,
1290 2620 1403 2658 non
1436 2601 1679 2658 dixisset
1710 2603 1841 2658 Pro-

198 2694 397 2767 pheta,
414 2696 729 2766 Concupivit
744 2695 932 2749 anima
949 2709 1068 2749 mea
1098 2693 1406 2749 desiderare
1423 2692 1844 2765 justiﬁcationes

200 2791 324 2839 tuas
356 2785 412 2838 in
436 2785 588 2838 omni
604 2791 837 2855 tempore
866 2783 1034 2850 (Psal.
1059 2782 1270 2855 cxvm).
1295 2783 1363 2837 Et
1390 2781 1504 2838 nisi
1536 2781 1843 2853 concupis-

201 2870 559 2928 centiamala
571 2876 866 2939 esset,non
881 2888 1007 2926 eam
1018 2870 1365 2927 Dominusin
1379 2871 1504 2944 lege
1516 2869 1848 2944 prohibuis-

202 2968 310 3030 set,
345 2960 572 3017 dicens:
605 2963 723 3017 Non
748 2962 1090 3031 concupisces
1114 2977 1231 3016 rem
1256 2963 1499 3032 proximi
1528 2963 1614 3017 tui
1641 2958 1841 3028 (Exod.

200 3054 317 3119 xx).
329 3050 508 3106 Habet
528 3049 743 3122 quippe
756 3049 952 3105 anima
963 3066 997 3104 a
1013 3048 1320 3117 creatione,
1337 3054 1401 3104 ut
1414 3048 1758 3105 naturaliler
1769 3048 1848 3103 sit

203 3136 1025 3212 concupiscibilis,irascibilis
1057 3142 1113 3193 et
1145 3137 1463 3193 rationalis.
1488 3137 1733 3193 Proinde
1755 3154 1849 3193 ne-

1934 732 2042 783 tes.
2077 727 2205 797 Qui,
2241 727 2508 799 quamvis
2549 744 2646 782 ore
2695 726 2892 782 dicant
2921 743 2984 783 se
3012 728 3246 783 credere
3276 726 3336 783 in
3370 728 3576 795 Deum,

1936 821 2131 872 tamen
2181 816 2455 888 operibus
2492 819 2549 870 et
2578 816 2841 872 moribus
2891 834 3024 872 eum
3073 817 3383 891 abnegant.
3416 817 3581 873 Unde

1934 905 2192 962 Paulus:
2229 906 2583 975 Conﬁtentur,
2615 904 2829 978 inquit,
2860 923 2917 962 se
2956 909 3134 963 verbis
3178 923 3334 964 nosse
3381 912 3578 973 Deum,

1933 998 2095 1068 factis
2122 1002 2304 1050 autem
2333 1003 2543 1065 negant
2569 996 2696 1064 (Tit.
2715 998 2774 1064 1).
2805 996 2908 1052 Hic
2934 996 3109 1052 etiam
3142 1013 3215 1052 ne
3244 996 3353 1052 hoc
3371 996 3462 1052 vel
3482 995 3581 1052 illo

1937 1084 2110 1139 modo
2139 1083 2464 1139 efficiamur
2508 1083 2848 1152 idololatria,
2881 1085 3222 1141 dehortatur
3250 1103 3356 1141 nos
3387 1102 3581 1142 exem-

1937 1171 2032 1244 plo
2085 1172 2503 1241 lsraelitarum,’
2542 1174 2847 1230 subdens:
2893 1173 3046 1230 Sicut
3074 1175 3298 1247 quidam
3327 1192 3397 1231 ea:
3425 1177 3580 1248 ipsis,

1936 1260 2385 1333 quemadmodum
2402 1263 2670 1333 scriptum
2687 1271 2767 1318 est
2788 1279 2800 1318 :
2824 1263 2976 1319 Sedit
2991 1265 3223 1336 populus
3250 1264 3586 1320 manducare

1937 1358 1989 1406 et
2010 1352 2208 1417 bibere,
2237 1349 2521 1405 subaudis
2542 1350 2864 1407 idololatita
2890 1354 2985 1425 [an
3005 1351 3380 1427 idolothyta?]
3399 1353 3584 1410 vitulo

1940 1438 2342 1505 sacriﬁcata,et
2357 1441 2998 1512 surrexeruntludereﬁd
3016 1447 3103 1498 est
3114 1443 3361 1514 psallere
3382 1444 3584 1513 vitulo,

1940 1532 1997 1584 et
2012 1529 2207 1599 ipsum
2231 1529 2489 1584 adorare.
2513 1529 2677 1585 Unde
2698 1534 2755 1585 et
2774 1531 3142 1603 praecipiente
3175 1533 3370 1606 Moyse
3391 1533 3586 1607 gladio

1942 1616 2133 1689 puniti
2157 1621 2315 1672 sunt.
2342 1617 2403 1672 In
2428 1634 2542 1690 quo
2560 1618 3000 1691 praeﬁguratum
3023 1624 3111 1676 est
3130 1638 3235 1676 nos
3258 1637 3509 1694 quoque,
3535 1608 3586 1677 si

1939 1704 2028 1760 vel
2051 1704 2342 1778 opinione,
2357 1706 2444 1762 vel
2461 1707 2743 1775 moribus,
2760 1707 3077 1764 idololatria
3098 1710 3409 1778 fuerimus,
3422 1714 3589 1767 aster-

1943 1794 2060 1849 nali
2070 1800 2156 1850 ter
2166 1795 2565 1867 puniendos.A
2575 1796 2956 1854 fornicatione
2970 1816 3076 1856 nos
3087 1799 3589 1867 dehortatur,cum

1944 1883 2181 1940 subdit:
2205 1885 2311 1940 Nec
2336 1886 2693 1957 fornicemur.
2712 1886 2811 1942 Est
2834 1892 3030 1943 autem
3063 1887 3364 1945 fornicatio
3395 1889 3590 1945 omnis

1944 1973 2309 2041 concubitus,
2332 1978 2541 2046 praeter
2560 1975 2882 2048 nuptialem
2914 1977 3094 2034 maris
3110 1983 3167 2035 et
3189 1978 3417 2035 feminas
3438 1994 3593 2034 com-

1946 2062 2303 2118 mistionem.
2336 2063 2525 2135 Hujus
2555 2068 2694 2120 sunt
2740 2065 2939 2121 multis
2970 2067 3212 2140 species,
3244 2072 3314 2124 ut
3343 2067 3593 2141 simplex

1946 2151 2250 2207 fornicatio
2282 2152 2512 2224 innupti
2539 2170 2673 2208 cum
2704 2155 3239 2228 innupta,mmchia
3266 2157 3433 2230 nupti
3456 2174 3591 2214 cum

1947 2246 2151 2313 nupta,
2185 2240 2539 2297 adulterium
2588 2242 2822 2316 innupti
2868 2261 3002 2300 cum
3049 2251 3252 2318 nupta,
3283 2247 3373 2303 vel
3424 2246 3591 2320 nupti

1948 2346 2083 2385 cum
2117 2330 2401 2402 innupta;
2435 2330 2717 2399 incestus,
2751 2333 2849 2404 qui
2886 2335 2950 2388 ﬁt
2979 2352 3113 2390 cum
3143 2340 3348 2403 matre,
3378 2335 3468 2392 vel
3500 2352 3594 2392 so-

1950 2436 2098 2485 rore,
2123 2418 2208 2474 vcl
2239 2424 2503 2492 cognata,
2531 2420 2885 2477 Sodomitica
2905 2421 3086 2479 libido
3109 2425 3502 2481 masculorum
3521 2425 3593 2481 ad

1948 2508 2217 2575 invicem,
2249 2508 2335 2564 vel
2384 2508 2697 2566 mulierum
2747 2512 2820 2567 ad
2869 2511 3138 2569 invicem.
3172 2513 3597 2570 Innominabile

1952 2598 2073 2653 sive
2103 2596 2458 2653 abominatio
2490 2616 2615 2671 quae
2633 2600 2982 2673 -ﬁt,quando
3010 2602 3099 2658 vir
3126 2602 3213 2659 vel
3244 2601 3456 2659 mulier
3483 2601 3598 2659 coit

1952 2703 2087 2742 cum
2120 2687 2289 2741 bruto
2317 2685 2576 2743 animali.
2596 2689 2811 2745 Omnes
2830 2694 3023 2746 autem
3046 2690 3170 2748 ἰδίω
3201 2691 3598 2749 fornicationis

1954 2774 2177 2846 species
2226 2774 2560 2851 criminales
2607 2780 2665 2831 et
2716 2777 3082 2837 damnabiles
3113 2785 3272 2838 sunt.
3303 2784 3350 2837 Α
3380 2782 3598 2855 quibus

1954 2879 2046 2918 om
2056 2863 2228 2919 nibus
2241 2880 2346 2917 nos
2359 2862 2702 2921 dehortatur
2714 2867 3018 2939 Apostolus
3035 2869 3298 2942 exemplo
3315 2869 3602 2927 Israelita-

1954 2969 2086 3007 rum
2109 2968 2243 3007 cum
2266 2952 2504 3009 subdit:
2528 2955 2620 3009 Sic
2648 2957 2870 3027 quidam
2904 2960 3147 3031 ipsorum
3172 2961 3435 3032 fornicati
3450 2966 3596 3028 sunt,

1955 3057 2089 3096 cum
2124 3040 2478 3109 Madianitis,
2514 3059 2659 3115 quas
2691 3044 2933 3103 consilio
2965 3048 3199 3104 Balaam
3232 3048 3473 3105 miserat
3499 3049 3604 3105 Ba-

1953 3130 2083 3186 lach
2119 3148 2253 3187 cum
2303 3129 2537 3187 cibariis
2582 3133 2811 3190 obviam
2843 3136 2948 3204 eis,
2980 3139 3053 3195 ad
3086 3139 3313 3196 animas
3338 3139 3601 3213 ipsorum

203 3226 366 3285 ce'sse
395 3209 484 3283 est
516 3230 579 3282 ut
608 3226 806 3282 anima
852 3230 1051 3282 nostra
1082 3224 1300 3297 aliquid
1335 3226 1727 3298 concupiscat,
1759 3223 1848 3281 vel
1879 3209 1921 3275 C
1958 3219 2332 3292 decipiendas
2367 3238 2379 3276 ε
2413 3226 2470 3276 et
2497 3222 2833 3279 ceciderunt
2862 3242 2930 3281 ex
2960 3227 3105 3300 ipsis
3145 3228 3339 3302 gladio
3360 3209 3601 3288 -Balach

204 3318 389 3375 Deum
420 3315 505 3371 vel
539 3316 849 3371 mundum.
870 3316 994 3371 Non
1018 3319 1206 3387 potest
1225 3318 1418 3371 autem
1442 3314 1851 3387 concupiscere

204 3412 386 3463 Deum
405 3406 545 3479 quin
568 3409 904 3461 contemnat
924 3403 1201 3460 sazculum
1221 3421 1353 3471 ;nec
1372 3409 1559 3476 potest
1583 3401 1852 3474 concupi-

204 3512 367 3552 scere
388 3493 691 3559 saaculum,
714 3492 858 3566 quin
882 3498 1217 3549 contemnat
1237 3493 1563 3548 Deum.Nos
1580 3493 1853 3563 ergo,fra-

203 3589 324 3641 tres
336 3584 656 3654 mei,totam
672 3588 932 3640 nostram
955 3581 1485 3654 concupiscentiam
1508 3585 1804 3637 vertamus
1818 3597 1853 3633 a

208 3673 505 3730 mundoin
532 3672 1005 3740 Deum,amaloin
1034 3673 1347 3739 bonum,ut
1368 3670 1852 3725 scilicetDeumet

209 3779 381 3819 omne
398 3764 614 3818 bonum
638 3761 1209 3833 concupiscamus,et
1231 3760 1520 3815 mundum
1539 3776 1672 3815 cum
1689 3758 1847 3814 omni

210 3850 367 3907 malo
396 3850 772 3924 fugiamus.A
787 3847 1263 3922 concupiscentia
1280 3865 1413 3904 vero
1435 3848 1726 3912 malorum
1745 3864 1852 3904 nos

210 3941 552 3998 dehortatur
576 3938 838 4011 exemplo
868 3938 1284 4005 Israelitarum,
1300 3955 1432 3993 cum
1456 3937 1855 3993 subdit:Sicut

210 4031 304 4086 illi
331 4030 739 4100 concupierunt.
774 4024 862 4081 Illi
892 4025 1070 4092 enim,
1102 4030 1235 4098 post
1280 4024 1595 4080 transitum
1647 4023 1848 4092 maris,

208 4116 269 4172 in
316 4118 545 4172 deserto
593 4131 811 4171 manna
864 4113 1247 4180 fastidientes,
1281 4130 1486 4169 carnes
1528 4118 1586 4168 et
1615 4112 1852 4169 delicias

211 4205 568 4278 Egyptiacas
599 4203 1041 4275 concupierunt,
1064 4207 1121 4258 et
1141 4202 1427 4259 desiderio
1454 4203 1509 4257 in
1542 4203 1850 4275 Egyptum

207 4294 527 4350 redierunt.
553 4293 801 4364 Ideoque
832 4291 1003 4365 plaga
1032 4308 1295 4365 magnae
1318 4292 1561 4347 Domino
1590 4293 1850 4363 percussi

205 4385 362 4439 sunt.
395 4381 458 4436 In
499 4397 614 4453 quo
664 4381 981 4453 ﬁguratum
1032 4385 1120 4435 est
1168 4398 1274 4436 nos
1332 4397 1586 4453 quoque,
1618 4380 1686 4448 si,
1720 4385 1853 4452 post

202 4469 561 4542 baptismum
594 4467 963 4540 coelestisque
988 4468 1155 4539 panis
1184 4468 1552 4536 alimentum,
1578 4470 1648 4524 ad
1683 4471 1850 4525 abre-

1955 3309 2159 3381 viggnti
2182 3309 2295 3364 tria
2315 3310 2518 3365 millia.
2542 3311 2605 3366 In
2629 3329 2742 3384 quo
2767 3313 3083 3387 ﬁguratum
3105 3322 3211 3386 est,
3238 3319 3463 3386 fratres,
3495 3337 3601 3378 nos

1957 3414 2210 3468 quoque,
2245 3398 2294 3454 si
2326 3399 2433 3454 hoc
2464 3399 2549 3455 vel
2602 3400 2703 3457 illo
2752 3404 2925 3461 modo
2975 3405 3241 3464 fornicati
3291 3409 3600 3477 fuerimus,

1957 3485 2306 3541 aeternaliter
2334 3488 3033 3559 perituros.Atentatione
3062 3493 3165 3551 Dei
3196 3514 3304 3554 nos
3331 3498 3604 3554 dehorta-e

1958 3577 2076 3639 tur,
2127 3590 2258 3628 cum
2318 3575 2560 3633 subdit:
2617 3579 2798 3651 Neque
2850 3589 3112 3639 tentcmus
3165 3586 3467 3643 Christum.
3501 3587 3603 3643 Ille

1959 3662 2141 3750 Deum
2166 3667 2369 3729 tentat,
2393 3665 2492 3736 qui
2520 3665 2618 3721 Dei
2650 3667 2737 3723 vel
2769 3671 3108 3741 potentiam,
3135 3675 3225 3731 vel
3253 3692 3391 3750 erga
3421 3693 3482 3733 se
3513 3676 3599 3732 di-

1958 3748 2265 3805 lectionem
2296 3752 2689 3824 experimento
2718 3760 2943 3828 probat.
2959 3762 3231 3820 Nascitur
3249 3748 3445 3823 autem
3466 3765 3602 3822 talis

1957 3839 2204 3893 tentatio
2250 3838 2337 3895 vel
2387 3857 2456 3896 ex
2502 3843 2729 3900 defectu
2788 3848 2944 3917 ﬁdei,
2977 3850 3065 3906 vel
3097 3869 3166 3908 ex
3202 3853 3390 3926 gloria
3429 3871 3598 3911 vana.

1958 3927 2134 3983 Porro
2155 3928 2387 3984 duobus
2399 3931 2589 3987 modis
2602 3937 2786 3990 tentat
2799 3936 2978 3993 Deum
2989 3957 3142 4006 ,cum
3157 3943 3226 3997 ad
3239 3943 3602 4015 probandam

1959 4015 2057 4071 Dei
2080 4015 2168 4071 vel
2190 4018 2531 4089 potentiam,
2545 4020 2631 4076 vel
2644 4038 2781 4095 erga
2796 4041 2857 4079 se
2875 4026 3265 4097 dilectionem,
3283 4036 3385 4086 aut
3397 4036 3604 4104 sponte

1961 4122 2022 4161 se
2044 4105 2103 4159 in
2126 4105 2384 4177 pericula
2402 4109 2743 4181 praecipitat,
2765 4119 2867 4169 aut
2896 4115 3180 4173 miracula
3208 4118 3321 4175 sibi
3352 4120 3476 4176 ﬁeri
3498 4138 3603 4194 po-

1961 4194 2160 4250 stulat.
2182 4195 2243 4249 In
2267 4200 2465 4267 aperta
2486 4197 2743 4269 pericula
2763 4219 2868 4274 per
2884 4221 3093 4261 vanam
3116 4205 3361 4280 gloriam
3381 4227 3443 4265 se
3465 4227 3606 4282 prte-

1960 4282 2475 4356 cipitavitquidam
2503 4286 3329 4365 eremita,utlegimusinVitis
3342 4298 3600 4356 Patrum.

1959 4371 2062 4427 Cui
2087 4388 2222 4427 cum
2254 4375 2623 4446 apparuisset
2651 4376 2993 4437 diabolusin
3011 4384 3204 4457 specie
3223 4385 3360 4442 boni
3391 4387 3604 4461 angeli,

1959 4465 2017 4517 et
2037 4461 2087 4517 ei
2112 4463 2501 4534 persuasisset
2530 4481 2665 4521 eum
2694 4467 2777 4523 ita
2805 4485 2933 4526 esse
2965 4477 3233 4530 sanctum
3256 4480 3313 4531 et
3337 4476 3452 4532 Deo
3472 4477 3606 4534 cha-

202 4558 505 4614 nuntiatas
518 4557 722 4612 mundi
737 4554 1018 4613 etdiaboli
1041 4557 1544 4629 concupiscentiae
1562 4557 1850 4613 desiderio
1882 4573 1928 4636 Β
1959 4568 2114 4618 rum,
2138 4551 2291 4623 quod
2321 4551 2370 4607 si
2393 4553 2567 4609 etiam
2591 4555 2641 4610 ei
2666 4556 2986 4615 dimitteret
3014 4560 3074 4616 in
3107 4567 3350 4634 puteum
3372 4566 3609 4638 profun-

202 4646 570 4714 redierimus,
585 4650 801 4702 aeterna
815 4644 1319 4703 animadversione
1331 4646 1849 4718 percutiendos.Ab

204 4734 537 4793 idololatria
564 4752 673 4791 nos
703 4734 1063 4804 dehortatur,
1088 4751 1221 4791 cum
1253 4735 1490 4790 subdit:
1526 4736 1705 4806 Neque
1732 4735 1852 4805 efﬁ-

204 4826 438 4882 ciamini
448 4823 1097 4881 idololatraeldololatra
1113 4828 1203 4880 est
1221 4823 1319 4896 qui
1342 4822 1563 4878 cultum
1588 4822 1853 4878 debitum

210 4913 463 4971 Creatori
496 4913 729 4970 exhibet
757 4917 1054 4969 creaturae.
1079 4914 1222 4969 Sunt
1249 4917 1443 4969 autem
1475 4912 1604 4967 duae
1632 4911 1855 4983 species

211 5001 653 5059 idololatrarum
671 5001 808 5059 :Alii
829 5002 984 5058 enim
1000 5000 1465 5058 suntidololatrae
1487 4999 1776 5072 opinione,
1792 5003 1859 5053 ut

210 5090 297 5147 illi
327 5090 429 5163 qui
459 5091 733 5164 opinione
762 5091 1091 5147 attribuunt
1121 5089 1229 5145 soli
1259 5089 1345 5144 vel
1378 5086 1651 5154 1unze,vel
1681 5084 1857 5142 alicui

212 5184 510 5245 creaturae,
534 5179 923 5249 divinitatem;
948 5178 1047 5235 alii
1078 5183 1219 5235 sunt
1248 5177 1563 5234 idololatraa
1595 5175 1858 5231 moribus

210 5272 276 5325 ut
316 5268 400 5323 illi
448 5266 551 5339 qui
598 5274 943 5341 praeponunt
991 5272 1317 5325 creaturam
1367 5265 1619 5322 Creatori
1654 5281 1668 5320 :
1701 5263 1859 5336 quod

209 5357 365 5414 enim
397 5356 649 5428 quisque
680 5356 813 5429 plus
844 5357 1051 5431 diligit,
1069 5357 1178 5413 hoc
1202 5356 1313 5413 sibi
1335 5355 1508 5410 deum
1531 5351 1855 5409 constituit.

112 5450 123 5461 '
208 5445 315 5512 Qui
348 5460 484 5517 ergo
515 5445 736 5501 ventris
764 5445 1082 5520 ingluviem
1114 5447 1230 5502 Deo
1260 5443 1564 5519 praeponit,
1594 5446 1856 5497 ventrem

207 5533 322 5591 sibi
347 5534 523 5590 deum
550 5533 872 5590 constituit.
898 5537 1003 5604 Qui
1035 5537 1241 5591 vinum
1267 5535 1382 5593 Deo
1406 5530 1860 5607 przeponit,Bac-

210 5622 391 5681 chum
420 5622 533 5680 sibi
562 5622 738 5679 deum
769 5623 1088 5681 constituit.
1106 5625 1213 5690 Qui
1247 5627 1523 5680 Venerem
1551 5635 1721 5676 suam
1743 5618 1860 5675 Deo

1962 4640 2295 4705 dissimum,
2315 4658 2429 4697 non
2462 4642 2783 4713 laederetur,
2800 4648 2902 4703 sed
2934 4648 3007 4704 ab
3038 4651 3262 4724 angelis
3291 4655 3608 4711 custodire-

1965 4731 2076 4798 tur,
2105 4729 2486 4802 precipitavit
2515 4748 2578 4787 se
2612 4733 2669 4788 in
2702 4740 2968 4806 puteum,
3003 4743 3060 4794 et
3088 4739 3181 4794 vix
3229 4742 3542 4801 semivivus
3573 4762 3608 4801 a

1968 4817 2244 4873 fratribus
2273 4824 2565 4876 extractus
2596 4828 2704 4878 est.
2729 4825 2797 4879 Et
2819 4827 2995 4898 (quod
3019 4829 3186 4900 pejus
3209 4835 3320 4899 est)
3352 4831 3606 4889 nullate-

1963 4922 2076 4960 nus
2090 4907 2277 4978 potuit
2289 4908 2337 4963 ei
2354 4911 2687 4981 persuaderi
2701 4915 2856 4985 quod
2869 4915 3216 4974 diabolicam
3232 4936 3444 4992 passus
3455 4926 3610 4979 esset

1961 4992 2316 5065 illusionem,
2335 5002 2392 5053 et
2411 4999 2492 5053 ita
2517 4999 2846 5060 miserrime
2874 5011 3142 5064 mortuus
3170 5014 3278 5064 est.
3300 5009 3415 5066 Hoc
3431 5011 3606 5067 etiam

1965 5085 2137 5139 modo
2154 5087 2395 5142 tentavit
2411 5087 2680 5145 diabolus
2697 5092 3027 5161 Dominum,
3042 5112 3176 5153 cum
3194 5103 3460 5156 statuens
3472 5117 3608 5157 eum

1966 5188 2145 5245 supra
2173 5173 2553 5246 pinnaculum
2586 5181 2809 5253 templi,
2834 5183 2979 5240 dixit
2997 5185 3047 5241 ei
3074 5204 3086 5242 :
3110 5188 3174 5243 Si
3189 5188 3372 5245 Filius
3399 5190 3501 5246 Dei
3527 5208 3606 5255 es,

1963 5263 2127 5352 mitte
2155 5273 2210 5318 te
2237 5264 2507 5321 deorsum
2538 5268 2761 5340 (Matth.
2781 5272 2874 5343 ιν).
2898 5274 3000 5329 Cui
3032 5275 3338 5346 Dominus,
3363 5278 3466 5351 qui
3488 5279 3614 5352 pul-

1968 5348 2105 5405 chre
2125 5367 2259 5407 eum
2291 5359 2544 5423 noverat,
2569 5357 2715 5414 dixit
2741 5375 2754 5413 :
2785 5361 3079 5429 Scriptum
3107 5374 3193 5421 est
3224 5384 3238 5422 :
3272 5348 3399 5424 Non
3424 5348 3613 5424 lenta-

1968 5438 2051 5494 bis
2084 5441 2387 5497 Dominum
2416 5444 2591 5501 Deum
2622 5456 2784 5503 tuum
2814 5449 3023 5521 (ibitl.).
3046 5452 3326 5512 Miracula
3344 5474 3478 5513 vero
3500 5457 3613 5513 sibi

1970 5526 2094 5582 ﬁeri
2125 5527 2196 5583 ad
2238 5530 2599 5600 probandam
2652 5536 2748 5592 Dei
2799 5538 3143 5610 potentiam,
3173 5545 3617 5613 postulaverunt

1969 5615 2253 5674 increduli
2270 5618 2453 5677 Judaei
2478 5622 2537 5680 in
2561 5622 2809 5682 deserto.
2836 5626 2997 5686 Unde
3028 5628 3378 5691 Psalmista:
3403 5639 3477 5693 Et
3501 5643 3619 5693 ten-
