3974 6076
331 215 489 281 2045

1333 219 1729 281 ADDENDA.
1763 248 1840 264 --
1874 218 2273 285 RADULPHI
2315 222 2731 287 ARDENTIS.

3620 221 3805 285 2016

333 362 600 415 tavcrunt
631 356 816 410 Deum
848 351 908 410 in
945 352 1214 411 cordibus
1258 353 1399 422 suis,
1434 359 1497 408 ut
1526 360 1786 422 peterent
1815 367 1975 409 escas
2001 352 2060 422 Α
2087 352 2147 409 in
2179 354 2294 411 ﬁne
2323 355 2670 413 saeculorum
2702 356 2825 414 nati
2853 374 3084 427 sumus,
3115 362 3173 417 et
3200 358 3332 416 ideo
3363 358 3417 416 si
3446 364 3800 431 transgre-

330 447 633 503 animabus
660 444 797 500 suis.
832 448 898 501 Et
927 445 1079 499 male
1109 443 1285 500 locuti
1302 451 1434 499 sunt
1463 443 1532 498 de
1560 450 1692 513 Deo,
1723 451 1778 498 et
1807 442 1977 498 diate-

330 544 496 593 runt:
513 533 777 607 Nunquid
799 534 1011 603 poterit
1040 535 1188 589 Deus
1218 549 1437 602 parare
1454 533 1615 588 nobis
1643 548 1899 588 mensam
1918 535 1977 588 in

313 626 558 682 ‘descrto
576 626 602 678 ἵ
631 623 777 693 Quia
804 622 1086 692 percussit
1115 630 1441 691 petram,ct
1470 622 1766 695 ﬂuxerunt
1791 637 1973 693 aquzr,

327 724 384 772 et
412 722 698 771 torrentes
727 712 1166 768 inundaverant.
1185 711 1450 783 Nunquid
1467 720 1522 767 et
1538 727 1748 783 panem
1763 712 1977 780 poterit

327 804 948 872 dare?(Psal.Lxxvu.)
971 801 1035 855 Et
1065 818 1181 855 non
1214 800 1406 856 solum
1439 800 1639 865 semel,
1665 801 1765 855 sed
1797 800 1973 856 etiam

326 893 547 967 pluries
593 894 966 948 tentavcrunt
1014 894 1195 944 Deum
1232 889 1292 944 in
1322 890 1571 945 deserto.
1605 890 1913 960 Propterea
1942 906 1977 945 a

327 977 947 1055 serpentibusignitis,
980 977 1079 1050 qui
1121 977 1343 1034 scilicet
1375 979 1579 1033 ardore
1609 983 1665 1033 et
1694 977 1790 1032 siti
1824 977 1973 1050 peri-

326 1073 582 1138 mebant,
617 1067 933 1141 perierunt.
970 1068 1031 1122 In
1079 1084 1194 1140 quo
1243 1066 1680 1140 praeﬁguratum
1738 1070 1826 1123 est
1868 1084 1975 1122 nos

326 1159 636 1233 quoque,si
650 1156 1346 1224 tentaverimusDeum,in
1360 1162 1642 1212 aeternum
1659 1156 1970 1228 perituros.

324 1250 451 1306 Non
472 1252 561 1305 est
581 1250 799 1313 autem,
824 1246 1033 1302 fratres
1058 1244 1190 1314 mei,
1217 1248 1440 1300 tentare
1462 1245 1668 1312 Deum,
1689 1245 1738 1301 si
1762 1244 1970 1312 ﬁdelis,

324 1338 632 1412 ingruente
679 1334 935 1407 periculo
965 1337 1022 1390 et
1050 1333 1309 1390 humano
1359 1333 1665 1390 deﬁciente
1704 1333 1969 1403 consilio,

325 1445 387 1485 se
416 1428 532 1484 Deo
562 1429 747 1482 totum
776 1425 830 1478 in
866 1421 1126 1496 periculo
1175 1423 1511 1490 committit,
1543 1422 1631 1479 vel
1661 1423 1709 1479 si
1743 1424 1815 1478 ad
1847 1421 1973 1479 lau-

323 1518 457 1573 dem
486 1514 587 1571 Dei
617 1518 675 1571 et
704 1512 1015 1569 utilitatem
1046 1511 1315 1584 proximi,
1349 1513 1584 1584 quando
1614 1512 1771 1568 videt
1798 1529 1974 1584 opor-

321 1611 466 1673 tere,
495 1622 531 1661 a
560 1610 675 1660 Deo
706 1602 828 1658 ﬁeri
864 1600 1149 1657 miracula
1198 1601 1403 1672 poscit.
1438 1602 1476 1656 A
1511 1600 1974 1656 murmuratione

323 1712 431 1753 nos
450 1693 809 1757 dehortatur,
830 1707 963 1746 cum
987 1690 1215 1746 subdit:
1239 1691 1425 1763 Neque
1441 1689 1970 1746 murmuraveritis.

322 1787 425 1845 Est
439 1788 636 1840 autem
660 1779 1048 1837 murmuratio
1070 1795 1176 1835 nec
1198 1779 1438 1835 omnino
1459 1783 1678 1851 aperta,
1705 1796 1810 1834 nec
1839 1795 1968 1834 om-

324 1873 463 1930 nino
485 1870 713 1928 occulta
734 1869 1127 1942 reprehensio,
1153 1869 1347 1924 media
1369 1868 1522 1923 inter
1550 1867 1970 1924 detractionem

323 1968 382 2020 et
400 1960 893 2035 objurgationem.
915 1959 984 2013 Et
1003 1962 1094 2014 est
1116 1957 1347 2030 proprie
1370 1957 1661 2014 inferioris
1680 1974 1855 2013 suum
1879 1974 1972 2012 su-

323 2050 609 2127 periorem
639 2066 742 2123 per
769 2047 1201 2121 impatientiam
1239 2047 1387 2103 ferre
1418 2064 1533 2103 non
1564 2046 1834 2114 volentis,
1868 2063 1972 2102 nec

323 2148 525 2200 tamen
567 2156 704 2196 eum
749 2141 946 2211 aperte
978 2137 1288 2210 objurgare
1319 2135 1612 2192 audentis.
1646 2137 1747 2192 Est
1776 2140 1973 2192 autem

322 2231 435 2288 hoc
462 2229 669 2285 vitium
701 2226 1048 2297 maximum,
1069 2224 1745 2292 sediliones,discordias
1766 2230 1823 2281 et
1840 2225 1974 2281 lites

323 2335 629 2394 generans.
651 2316 825 2372 Porro
854 2315 1020 2387 probi
1043 2314 1149 2369 viri
1181 2318 1271 2371 est
1301 2331 1415 2370 non
1449 2330 1837 2379 murmurare,
1871 2315 1973 2371 sed

322 2407 542 2482 potius,
562 2406 612 2462 si
641 2402 1117 2477 reprehensibilis
1147 2406 1256 2469 est,
1290 2401 1378 2459 vel
1411 2419 1679 2459 seorsum
1707 2419 1970 2476 arguere,

323 2496 409 2555 vel
432 2499 630 2571 aperte
650 2494 980 2566 objurgare.
1001 2492 1086 2548 Ab
1110 2490 1218 2548 hoc
1239 2497 1434 2548 autem
1462 2491 1602 2548 vitio
1626 2509 1732 2548 nos
1765 2491 1972 2548 dehor-

322 2590 481 2643 tatur
500 2582 763 2656 exemplo
786 2580 1207 2638 Israelitarum.
1230 2583 1486 2648 Quorum
1508 2580 1750 2653 quidam
1772 2584 1976 2637 contra

324 2676 563 2748 Moysen
596 2676 653 2730 et
680 2674 868 2727 Aaron
893 2674 1411 2726 murmuraverunt
1440 2671 1510 2726 de
1541 2670 1887 2737 sacerdotio,
1918 2672 1977 2726 et

323 2764 500 2821 etiam
532 2766 736 2819 contra
767 2761 946 2817 Deum
964 2758 1246 2815 delabere
1266 2758 1494 2815 itineris
1522 2776 1623 2832 per
1652 2759 1973 2825 desertum,

323 2856 382 2909 et
410 2852 539 2909 ideo
572 2850 870 2925 perierunt
900 2848 973 2903 ab
1021 2847 1492 2913 exterminatore,
1524 2847 1582 2903 id
1616 2851 1703 2903 est
1733 2848 1973 2920 quidam

325 2941 397 2999 ab
426 2940 694 2998 incendio
724 2942 782 2996 et
810 2936 908 2994 alii
938 2937 1011 2994 ab
1041 2936 1202 2993 hiatu
1230 2940 1418 3005 terrae,
1451 2941 1508 2993 et
1537 2935 1635 2992 alii
1665 2937 1738 2992 ab
1767 2935 1973 3009 angelo

324 3029 687 3105 percutiente
716 3026 1085 3084 exterminati
1118 3030 1259 3081 sunt
1289 3043 1321 3082 a
1354 3030 1508 3081 terra
1536 3024 1874 3081 viventium.
1910 3026 1972 3080 In

2086 443 2301 511 dimur,
2337 444 2524 519 magis
2554 447 2836 519 puniendi
2865 465 3095 505 sumus.
3128 449 3399 505 Priorum
3434 448 3797 514 enim,tam

2084 532 2328 590 virtutes
2367 551 2546 606 quam
2595 536 2798 605 ruinae,
2831 554 3011 609 quam
3041 536 3337 607 doctrinae,
3372 538 3437 593 in
3470 542 3795 593 nostrum

2085 622 2315 695 scriptae
2348 626 2486 679 sunt
2517 625 2974 683 erudimentum.
3018 627 3078 682 Si
3124 643 3261 700 ergo
3314 627 3587 701 priqres,
3654 624 3795 681 sine

2083 709 2208 785 lege
2238 716 2543 784 peccantes
2573 715 2630 767 et
2658 713 3126 785 magnitudinem
3162 719 3559 787 peccatorum
3598 715 3793 787 igno-

2084 804 2301 867 rantes,
2325 804 2447 856 tam
2469 800 2720 875 graviter
2739 806 2877 858 sunt
2897 802 3108 875 puniti,
3129 808 3347 875 quanto
3368 804 3647 877 gravius
3672 819 3789 857 nos

2084 888 2143 943 in
2176 892 2437 961 tempore
2488 889 2688 962 gratim
2726 895 2783 946 ct
2827 890 3143 962 Scripturis
3186 892 3425 959 eruditi,
3462 892 3519 948 si
3560 896 3783 947 trans-

2083 977 2403 1051 gredimur,
2438 995 2647 1034 sumus
2691 978 3019 1051 puniendi?
3060 981 3275 1053 Itaque,
3311 980 3543 1053 inquit,
3578 980 3785 1053 quise

2082 1078 2243 1123 stare
2270 1067 2589 1135 existimat,
2610 1068 2799 1124 videat
2828 1085 2899 1124 ne
2928 1068 3123 1125 cadat.
3145 1070 3225 1124 Ac
3246 1068 3297 1124 si
3328 1074 3541 1142 aperte
3576 1069 3780 1137 dicat,

2082 1155 2190 1211 Via
2217 1155 2397 1228 hujus
2430 1155 2635 1211 mundi
2665 1155 2891 1212 lubrica
2918 1160 3101 1223 est,et
3130 1155 3322 1224 multi,
3354 1162 3487 1213 tam
3522 1156 3779 1229 priores

2084 1263 2261 1318 quam
2293 1248 2626 1317 sequentes,
2661 1249 2961 1301 corruunt.
2993 1245 3304 1318 Propterea
3332 1246 3541 1303 omnis
3574 1248 3775 1303 etiam

2083 1336 2183 1409 qui
2217 1333 2330 1391 sibi
2361 1332 2591 1389 videtur
2613 1338 2788 1404 stare,
2820 1335 3026 1391 timeat
3054 1335 3197 1391 dum
3226 1341 3423 1409 potest
3454 1338 3710 1394 cadere.

2154 1423 2431 1497 Sequitur
2460 1440 2595 1496 pars
2612 1423 2802 1493 tertia,
2830 1423 2890 1479 in
2912 1441 3031 1497 qua
3050 1442 3159 1482 nos
3180 1430 3379 1482 monet
3396 1427 3767 1500 Apostolus,

2082 1533 2155 1571 ne
2172 1513 2684 1587 apprehendamur
2704 1531 2738 1568 a
2752 1515 3097 1580 tentatione,
3114 1531 3248 1571 cum
3269 1515 3448 1571 dicit:
3480 1517 3773 1573 Tentatio

2080 1622 2177 1661 vos
2206 1620 2319 1660 non
2346 1603 2740 1673 apprehendat
2769 1603 2883 1659 nisi
2909 1608 3183 1659 humana.
3216 1604 3339 1660 Non
3374 1608 3590 1661 autem
3621 1607 3713 1661 ait
3746 1622 3763 1660 :

2081 1695 2163 1751 Ne
2194 1691 2522 1757 tenten.ini,
2555 1690 2695 1763 quia
2723 1690 3025 1748 hominem
3044 1691 3106 1747 in
3134 1691 3241 1748 hac
3264 1692 3385 1748 vita
3416 1693 3651 1748 tentari
3666 1698 3763 1749 est

2082 1797 2320 1839 necesse
2348 1784 2405 1836 et
2434 1779 2596 1845 utile,
2629 1780 2731 1835 sed
2763 1778 2844 1834 ait
2875 1797 2888 1835 :
2925 1781 3190 1837 Tentatio
3234 1796 3333 1837 vos
3378 1796 3490 1837 nos
3518 1798 3761 1852 appre-

2081 1871 2314 1935 hendat,
2334 1868 2389 1924 id
2421 1873 2526 1935 est,
2564 1886 2678 1924 non
2708 1884 2812 1924 vos
2843 1872 3098 1941 superet.
3132 1869 3199 1924 Et
3227 1869 3367 1941 quia
3394 1887 3622 1927 rursus
3642 1871 3760 1927 hoc

2081 1955 2448 2032 impossibile
2478 1961 2587 2023 est,
2615 1957 2757 2012 dum
2786 1956 2845 2012 in
2876 1956 2986 2013 hac
3014 1958 3137 2013 vita
3175 1974 3405 2024 sumus,
3442 1959 3756 2035 adjungit,

2081 2050 2195 2106 nisi
2222 2053 2495 2103 humana.
2528 2047 2600 2102 Et
2627 2045 2889 2103 humana
2919 2047 3155 2119 quidem
3186 2048 3432 2105 tentatio
3464 2054 3583 2118 est,
3618 2067 3757 2122 qua:

2082 2137 2348 2213 provenit
2376 2152 2440 2192 ex
2474 2135 2806 2208 ignorantia
2835 2139 2936 2192 aut
2965 2151 3036 2191 ex
3066 2134 3397 2210 fragilitate,
3422 2141 3628 2195 ante:
3658 2155 3758 2194 ne-

2083 2226 2373 2285 cessitate.
2407 2226 2490 2281 Ex
2517 2224 2849 2298 ignorantia
2889 2225 3152 2298 provenit
3197 2225 3467 2294 tentatio,
3501 2228 3753 2300 quando

2083 2316 2298 2389 aliquis
2327 2316 2666 2389 ignoranter
2693 2318 2914 2387 peccat,
2945 2318 3011 2370 ut
3040 2315 3277 2387 quando
3320 2314 3543 2388 aliquis
3572 2322 3753 2389 putat

2083 2424 2145 2463 se
2178 2405 2368 2461 dicere
2396 2420 2621 2471 verum,
2655 2407 2712 2460 et
2740 2402 2883 2459 dicit
2926 2402 3141 2459 falsum
3167 2420 3181 2471 ;
3214 2407 3271 2459 et
3298 2404 3541 2475 quando
3573 2410 3747 2477 putat

2083 2511 2147 2552 se
2177 2494 2325 2550 bene
2355 2491 2452 2548 alii
2484 2490 2882 2560 consulere,et
2906 2494 3101 2548 tamen
3135 2507 3252 2547 non
3277 2492 3538 2549 consulit
3569 2494 3737 2560 bene,

2083 2586 2141 2640 et
2168 2579 2531 2654 hujusmodi.
2563 2580 2645 2635 Ex
2670 2578 2985 2653 fragilitate
3012 2596 3145 2636 vero
3176 2579 3440 2652 provenit
3470 2582 3739 2650 tentatio,

2083 2669 2401 2744 utquando
2433 2672 2566 2742 post
2594 2668 2839 2724 nimiam
2872 2668 3247 2737 sitim,nimis
3278 2669 3541 2726 bibimus
3557 2676 3623 2727 et
3642 2671 3741 2727 hu-

2075 2759 2363 2834 jusmodi.
2412 2760 2494 2814 Ex
2551 2757 2895 2815 necessitate
2949 2774 3084 2814 vero
3140 2758 3388 2814 tentatio
3446 2760 3739 2832 provenit,

2083 2849 2319 2923 quando
2340 2847 2550 2920 primis
2572 2846 3010 2920 motibus,quos
3029 2846 3369 2904 evitarenon
3389 2865 3739 2921 possumus,

2082 2942 2397 2995 tentamur.
2430 2935 2714 3009 Dirigitur
2764 2940 2961 2992 autem
3011 2935 3119 2992 hoc
3151 2937 3324 2993 modo
3346 2936 3601 2994 tentatio
3632 2938 3741 2995 hu-

2086 3045 2281 3096 mana,
2307 3025 2445 3099 quia
2466 3026 2546 3080 ita
2566 3024 2776 3081 tentari
2806 3029 2897 3081 est
2926 3025 3254 3081 humanum
3285 3030 3343 3081 et
3361 3043 3468 3099 pro
3500 3032 3739 3099 peccato

325 3137 440 3195 quo
472 3120 787 3193 ﬁguratum
819 3120 909 3172 est
937 3132 1044 3172 nos
1066 3130 1327 3188 quoque,
1354 3114 1404 3170 si
1433 3118 1640 3170 contra
1667 3113 1853 3169 Deum
1882 3113 1973 3169 vel
2005 3096 2047 3163 (ἶ
2085 3116 2261 3191 primi
2292 3096 2551 3189 parentis
2580 3113 2895 3171 intlictum.
2929 3113 2989 3171 Si
3018 3130 3173 3183 vero,
3209 3096 3417 3171 fratres
3448 3096 3587 3183 mei,
3622 3116 3739 3173 non

325 3212 529 3267 contra
546 3205 876 3280 superiores
898 3209 1130 3262 nostros
1156 3202 1720 3260 murmuraverimus
1742 3205 1830 3272 (ut
1849 3202 1976 3275 qui-

324 3299 461 3355 dam
492 3294 733 3367 faciunt)
765 3311 801 3349 a
826 3292 944 3349 vita
973 3297 1186 3349 (eterna
1216 3291 1706 3347 exterminandos.

394 3385 667 3459 Sequitur
687 3400 822 3456 pars
848 3382 1124 3447 secunda,
1150 3381 1203 3437 in
1229 3398 1346 3454 qua
1376 3380 1634 3437 ostendit
1659 3379 1974 3453 Apostolus

325 3492 499 3533 casus
522 3473 898 3544 antiquorum
920 3470 979 3525 in
1002 3470 1250 3541 ﬁguram
1270 3470 1658 3542 praecessisse,
1679 3473 1735 3525 et
1751 3470 1823 3525 ad
1846 3487 1976 3526 cau-

326 3564 505 3621 telam
537 3564 800 3616 nostram
831 3557 1081 3630 scriptos
1111 3574 1259 3625 esse,
1292 3575 1428 3613 cum
1459 3558 1848 3616 subdit:ll.rc
1865 3576 1977 3615 au-

326 3651 522 3709 tem'in
539 3650 734 3721 ﬁgura
764 3647 1165 3718 contingebant
1196 3648 1328 3703 illis.
1353 3645 1731 3719 Temporales
1763 3648 1976 3722 quippe

327 3756 530 3814 pusum,
564 3735 780 3809 quibus
829 3734 1003 3808 primi
1048 3734 1517 3808 praevaricatores
1556 3736 1974 3808 puniebantur,

327 3825 740 3901 signiﬁcabant
767 3828 1013 3879 aeternas
1042 3840 1264 3896 pcenas,
1285 3823 1502 3897 quibus
1526 3839 1730 3880 omnes
1762 3841 1977 3897 praeva-

327 3916 602 3975 ricatores
633 3912 692 3968 in
724 3911 950 3968 inferno
998 3911 1279 3985 puniendi
1327 3917 1486 3969 sunt.
1521 3912 1776 3969 Primam
1822 3914 1978 3970 enim

327 4003 644 4079 ingluviem
675 4005 733 4058 et
753 4000 1211 4058 inobedientiam
1243 4000 1486 4057 damnat
1515 4002 1740 4058 Deusin
1771 4002 1979 4075 primis

329 4092 672 4169 parentibus
701 4107 874 4164 pmna
903 4089 1298 4157 mortalitatis,
1314 4093 1377 4146 ut
1396 4091 1756 4146 demonstret
1776 4107 1980 4147 omnes

327 4183 565 4258 gulosos
594 4185 652 4237 et
678 4180 1081 4237 inobedientes
1135 4184 1352 4235 aeterna
1401 4184 1586 4234 morte
1625 4178 1978 4252 puniendos.

327 4272 585 4330 Primam
608 4286 841 4342 quoque
864 4268 1116 4324 ﬁliorum
1135 4268 1235 4325 Dei
1256 4285 1391 4324 cum
1423 4267 1657 4324 ﬁliabus
1674 4268 1980 4323 hominum

327 4360 635 4418 libidinem
666 4359 910 4415 damnat
943 4362 1092 4414 Deus
1113 4357 1709 4431 diluvio,signiﬁcans
1740 4358 1984 4414 fornice.

2081 3225 2151 3264 ex
2178 3203 2529 3278 ignorantia,
2563 3204 2665 3260 sed
2713 3220 2783 3259 ex
2828 3203 3121 3260 industria
3166 3220 3505 3276 peccamus,
3536 3210 3647 3261 aut
3672 3223 3741 3262 ex

2083 3293 2472 3362 contumacia,
2493 3296 2594 3349 aut
2623 3309 2693 3348 ex
2719 3291 2905 3349 libera
2931 3291 3229 3349 voluntate
3260 3292 3418 3348 imus
3448 3298 3585 3367 post
3604 3311 3739 3350 con.

2084 3382 2476 3457 cupiseentias
2504 3386 2755 3449 nostras,
2786 3380 2992 3454 procul
3023 3381 3200 3437 dubio
3229 3399 3347 3438 non
3373 3386 3463 3439 est
3493 3385 3738 3439 tentatio

2086 3474 2365 3533 humana,
2401 3472 2501 3527 sed
2553 3470 2748 3543 potius
2796 3469 3084 3526 diabolica
3111 3475 3169 3526 et
3196 3469 3327 3527 ideo
3353 3471 3735 3528 damnabilis.

2157 3561 2436 3634 Sequitur
2464 3577 2600 3632 pars
2632 3563 2862 3632 quarta,
2896 3559 2955 3615 in
2987 3576 3106 3631 qua
3134 3559 3392 3616 ostendit
3437 3561 3739 3633 apostolus

2087 3652 2273 3709 Deum
2305 3667 2421 3706 non
2452 3649 2880 3722 permissurum
2902 3665 3008 3704 nos
3029 3648 3240 3705 tentari
3261 3647 3417 3705 ultra
3440 3666 3615 3722 posse
3638 3667 3739 3706 no-

2088 3745 2302 3807 strum,
2327 3756 2459 3795 cum
2486 3737 2689 3794 subdit
2715 3754 2728 3792 ε
2752 3736 2975 3794 Fidelis
2994 3743 3075 3793 cst
3104 3739 3272 3805 Dens,
3292 3740 3399 3810 qui
3424 3741 3743 3812 nonpatie-

2086 3837 2188 3886 tur
2207 3846 2303 3885 vos
2324 3834 2444 3884 ten!
2450 3828 2549 3884 ari
2563 3843 2747 3897 supra
2771 3827 2839 3883 id
2860 3827 3013 3900 quod
3027 3826 3530 3898 potestis.Dicitur
3546 3833 3739 3884 autem

2088 3920 2243 3976 Deus
2286 3916 2496 3981 ﬁdelis,
2530 3916 2588 3971 id
2633 3918 2723 3971 est
2766 3931 2942 3971 verax
2988 3915 3048 3971 in
3099 3915 3431 3988 promissis,
3464 3918 3743 3989 quoniam

2090 4024 2322 4081 semper
2341 4009 2552 4079 praesto
2572 4009 2663 4061 est
2686 4003 2960 4061 ﬁdelibus
2980 4003 3125 4071 suis,
3150 4003 3306 4061 sicut
3325 4004 3451 4077 ipse
3474 4006 3745 4078 promisit

2090 4096 2318 4153 dicens:
2336 4100 2474 4153 Ecce
2494 4111 2603 4168 ego
2627 4094 3051 4150 vobiscumsnm
3067 4093 3551 4151 omnibusdiebus
3570 4111 3742 4168 usque

2087 4187 2173 4243 ad
2193 4184 2747 4243 consummationem
2773 4183 2974 4240 saeculi
3002 4182 3243 4255 (Matth.
3266 4183 3488 4255 xxvrn).
3513 4184 3585 4239 Et
3614 4183 3738 4239 ideo

2088 4293 2203 4334 non
2222 4276 2502 4346 patietur,
2524 4271 2741 4345 inquit,
2759 4288 2855 4328 vos
2869 4273 3091 4328 tentari
3115 4288 3295 4342 supra
3325 4272 3392 4328 id
3418 4276 3572 4344 quod
3590 4278 3740 4342 pote-

2089 4364 2338 4425 stis..Hic
2357 4366 2553 4436 aperte
2576 4360 2710 4417 illos
2731 4361 2997 4417 confutet
3017 4361 3140 4433 qui,
3167 4365 3409 4433 peccata
3430 4377 3542 4416 sua
3569 4377 3737 4416 excu-

328 4454 486 4507 tores
509 4465 714 4506 omnes
735 4447 905 4520 aquis
927 4446 1149 4503 nivium
1171 4446 1521 4503 aaternaliter
1544 4446 1849 4519 perituros.
1864 4446 1980 4502 Pri-
2009 4469 2057 4534 D
2090 4457 2310 4522 santes,
2336 4455 2394 4508 et
2423 4451 2609 4508 Deum
2639 4454 3005 4517 accusantes,
3028 4449 3261 4506 dicunt:
3278 4449 3435 4505 Deus
3457 4466 3568 4506 nos
3587 4450 3741 4506 dere-

329 4556 459 4596 mos
489 4554 722 4611 quoque
753 4536 1083 4593 Sodomitas
1112 4536 1247 4610 igne
1278 4541 1336 4592 et
1358 4534 1641 4609 sulphure
1671 4536 1826 4592 Deus
1852 4553 1977 4608 per-

330 4627 498 4697 cutit,
514 4626 854 4700 signiﬁcans
869 4642 1074 4682 omnes
1107 4625 1437 4681 Sodomitas
1467 4629 1681 4680 aeterno
1704 4625 1908 4681 ardore
1925 4628 1982 4680 et

330 4719 510 4775 fetore
539 4715 975 4790 percutiendos.
1007 4714 1262 4770 Primam
1305 4730 1539 4786 quoque
1581 4714 1653 4769 ad
1684 4715 1976 4770 abrenun-

328 4806 477 4863 tiata
495 4804 903 4879 respicientem
925 4819 1162 4860 uxorem
1192 4803 1297 4859 Lot
1326 4802 1555 4876 lapideo
1584 4801 1773 4876 rigore
1804 4807 1862 4859 et
1891 4804 1979 4858 in-

332 4894 719 4952 sensibilitate
744 4893 1004 4961 damnat,
1020 4891 1360 4966 signiﬁcans
1378 4908 1582 4948 omnes
1607 4891 1681 4947 ad
1697 4891 1984 4948 abrenun-

331 4984 506 5039 tiatas
538 4982 743 5038 mundi
789 4981 1291 5057 concupiscentiae
1339 4979 1732 5053 respicientes,
1766 4984 1981 5036 aeterno

334 5071 525 5144 rigore
547 5074 604 5125 et
621 5072 1003 5127 excaecatione
1035 5071 1344 5136 feriendos,
1361 5072 1417 5126 et
1434 5069 1707 5125 similiter
1736 5068 1795 5125 in
1827 5069 1978 5126 aliis.

332 5158 566 5226 Scripta
596 5167 812 5225 autem,
845 5160 1061 5232 inquit,
1092 5169 1222 5216 sunt
1282 5159 1404 5216 hac
1444 5160 1528 5216 ad
1567 5159 1982 5217 correctionem

333 5255 612 5304 nostram.
632 5246 833 5303 Ruinaa
864 5248 1021 5303 enim
1052 5249 1314 5321 priorum
1336 5248 1563 5321 scripta:
1586 5252 1728 5305 sunt
1750 5248 1822 5305 ad
1853 5265 1984 5304 cau-

334 5335 511 5393 telam
542 5334 952 5409 posteriorum.
988 5334 1215 5393 Stultus
1246 5336 1462 5409 quippe
1490 5341 1598 5405 est,
1615 5337 1823 5394 fratres
1843 5337 1978 5406 mei,

337 5425 436 5499 qui
468 5426 891 5499 praecedentem
938 5423 1143 5480 cadere
1196 5425 1374 5496 videt,
1425 5430 1484 5481 et
1531 5444 1649 5481 non
1702 5432 1880 5483 cavet.
1919 5431 1983 5485 In

336 5530 496 5593 quos,
518 5513 731 5589 inquit,
751 5513 891 5593 ﬁnes
907 5512 1253 5576 sucularum
1281 5514 1652 5587 devenerunt,
1676 5514 1733 5571 id
1756 5520 1863 5586 est,
1882 5516 1983 5590 qui

2086 4542 2322 4616 linquit,
2344 4544 2401 4598 et
2421 4538 2781 4614 importabili
2815 4540 3069 4612 pondere
3098 4542 3523 4611 praeceptorum
3550 4544 3609 4594 el.
3626 4544 3739 4594 ten-

2089 4632 2379 4689 tationum
2412 4646 2519 4686 nos
2549 4628 2850 4701 opprimit,
2872 4644 3007 4684 cum
3029 4627 3198 4684 nobis
3220 4631 3493 4683 naturam
3518 4627 3741 4683 dederit

2088 4721 2169 4777 im
2178 4718 2443 4777 becillem
2455 4721 2514 4774 et
2523 4715 2794 4774 resistere
2806 4715 2961 4773 vitiis
2980 4715 3360 4789 impotentem
3369 4716 3542 4772 .Proh
3558 4715 3736 4772 nefas!

2089 4811 2160 4866 de
2186 4806 2549 4872 inﬁdelitate,
2582 4805 2654 4861 de
2701 4804 3065 4874 crudelitate,
3101 4805 3172 4861 de
3203 4802 3541 4878 ignorantia
3570 4820 3740 4860 accu-

2089 4903 2254 4956 satur
2285 4897 2460 4953 Deus.
2494 4895 2575 4951 De
2602 4893 2968 4964 inﬁdelitate,
3002 4894 3169 4967 quasi
3215 4891 3592 4967 derelinquat
3636 4909 3740 4949 nos

2089 4991 2406 5059 antequam
2455 4982 2898 5055 derelinquatur
2942 5000 2978 5039 a
3024 4981 3195 5039 nobis
3227 5000 3241 5038 :
3274 4982 3346 5039 de
3374 4981 3737 5046 crudelitate.

2090 5075 2260 5148 quasi
2288 5077 2578 5147 praecepta
2604 5070 3005 5144 importabilia
3036 5069 3208 5127 nobis
3237 5069 3485 5137 dederit,
3506 5087 3639 5143 quae
3668 5070 3743 5125 fa~

2089 5180 2218 5220 cere
2247 5178 2364 5217 non
2393 5159 2712 5228 valeamus,
2736 5161 2796 5215 et
2824 5158 3175 5215 tentationes
3206 5157 3376 5214 nobis
3404 5157 3608 5214 venire
3626 5175 3743 5231 per

2090 5252 2307 5318 mittat,
2333 5248 2550 5322 quibus
2581 5247 2852 5305 resistere
2873 5263 2989 5302 non
3014 5263 3364 5319 possumus;
3383 5246 3458 5303 de
3479 5245 3744 5319 ignoran-

2089 5341 2191 5410 tia,
2226 5338 2396 5412 quasi
2428 5338 2659 5411 ignoret
2687 5336 2830 5409 quid
2861 5335 3125 5391 humana
3171 5339 3387 5391 natura
3426 5334 3623 5392 facere
3650 5336 3745 5391 aut

2091 5429 2241 5486 ferre
2270 5426 2478 5485 valeat.
2512 5426 2647 5493 Sed,
2678 5426 2889 5481 fratres
2914 5422 3050 5492 mei,
3074 5423 3231 5480 Deus
3262 5422 3565 5480 neminem
3593 5424 3746 5496 prior

2090 5517 2326 5587 deserit,
2358 5515 2500 5590 quia
2530 5512 2719 5572 ﬁdelis
2748 5516 2856 5586 est,
2890 5529 2996 5571 nec
3023 5511 3424 5587 importabilia
3446 5512 3625 5571 nobis
3642 5513 3743 5569 im-
