3974 6076
38 620 45 653 l

36 888 41 921 ξ

192 286 348 351 2021
877 287 1232 350 HOMILLE
1272 290 1349 350 IN
1393 288 1643 351 EPIST.
1690 288 1791 349 ET
1834 285 2124 348 EVANG.
2171 284 2523 371 DOMINIC.
2555 319 2634 330 —
2663 283 2864 347 PARS
2908 285 2985 347 ΙΙ.
3438 287 3596 349 2022

196 417 536 490 simulacra,
559 419 658 475 sed
681 417 856 475 etiam
876 418 1053 492 (quod
1076 424 1164 477 est
1186 421 1400 493 majus)
1424 419 1625 477 suavia
1643 419 1841 477 colunt
1869 421 1925 487 Α
1956 418 2131 474 ritum
2159 421 2428 474 sanctum
2466 414 2950 490 inseparabiliter,
2983 417 3135 489 quod
3187 434 3357 474 nemo
3406 423 3600 493 potest

195 510 250 564 et
270 512 640 564 venerantur.
661 509 773 564 Iste
796 508 951 564 enim
975 510 1237 582 aspiritu
1258 510 1502 566 luxuriae
1520 510 1845 578 ducitur,ut
1954 507 2167 563 habere
2194 507 2315 561 haec
2346 507 2519 573 dona,
2552 505 2692 578 quin
2724 505 2940 561 habeat
2984 505 3265 578 Spiritum
3305 513 3597 582 sanctum,

192 596 475 653 Venerem
492 596 772 653 colat.Ille
788 614 822 653 a
834 596 1044 670 spiritu
1058 598 1356 654 ebrietatis
1376 598 1574 655 dueitu
1584 602 1845 668 r,utBac-

196 684 373 740 chum
386 683 665 741 colat.Ille
686 703 720 741 a
740 685 951 757 spiritu
966 703 1315 742 mammonae
1329 687 1580 755 ducitur,
1598 691 1661 742 ut
1678 705 1847 759 pecu-

198 773 354 828 niam
388 772 671 838 colat.Qui
703 791 907 830 omnes
928 778 1091 830 tanto
1122 775 1313 849 magis
1344 776 1663 831 damnandi
1687 778 1844 847 sunt,

198 866 417 934 quanto
449 867 652 918 contra
672 863 1090 919 conscientiam
1115 880 1305 931 suam,
1334 868 1659 921 creaturam
1682 865 1849 922 Crea-

195 949 309 1006 tori
363 955 728 1023 praaponunt.
776 951 882 1015 Qui
932 953 1039 1008 etsi
1090 969 1206 1009 non
1255 970 1373 1021 ore,
1423 958 1617 1010 tamen
1674 972 1847 1027 opere

197 1037 496 1095 Christum
530 1039 843 1113 abnegant.
869 1039 1031 1104 Quod
1065 1041 1267 1114 utique
1298 1059 1414 1098 non
1441 1043 1506 1098 ﬁt
1535 1044 1594 1098 in
1634 1044 1845 1116 spiritu

198 1127 431 1196 Dei,sed
462 1128 657 1201 potius
688 1127 746 1184 in
782 1129 988 1202 spiritu
1013 1129 1457 1204 maligno.Unde
1476 1136 1532 1188 et
1551 1132 1843 1189 subditur:

195 1220 400 1272 Notum
426 1225 612 1273 autem
638 1219 790 1274 vobis
816 1219 1133 1292 facio,quod
1158 1237 1316 1277 nemo
1349 1223 1409 1276 in
1436 1223 1633 1293 spiritu
1647 1224 1746 1277 Dei
1766 1223 1844 1277 lo-

198 1322 365 1378 quens
394 1307 539 1363 dicit
564 1307 857 1363 anathema
883 1308 1028 1365 Jesu.
1050 1308 1383 1365 Idololatria
1412 1311 1590 1377 enim,
1613 1315 1846 1383 aposta-

200 1394 308 1463 sia,
340 1399 396 1451 et
424 1394 793 1469 blasphemia
819 1400 1141 1471 cazteraque
1168 1398 1309 1456 vitia
1339 1416 1373 1455 a
1402 1399 1709 1472 spiritibus
1730 1416 1850 1456 ma-

198 1482 378 1556 lignis
411 1483 745 1541 introducta
774 1486 1078 1542 sunt.Dico
1110 1504 1247 1561 ergo
1277 1504 1383 1562 ego
1408 1506 1541 1545 cum
1572 1489 1849 1562 Apostolo

199 1572 319 1628 illis
366 1572 467 1646 qui
518 1573 950 1647 blasphemant,
982 1575 1083 1648 qui
1132 1578 1418 1649 pejerant,
1447 1577 1538 1635 vel
1585 1579 1851 1651 dejerant

200 1677 412 1717 nomen
444 1662 605 1732 Jesu,
640 1664 796 1735 quod
848 1681 1019 1721 nemo
1068 1664 1128 1720 in
1169 1665 1377 1737 spiritu
1426 1667 1528 1723 Dei
1576 1666 1846 1740 loquens,

200 1749 590 1861 blqsphemat,
621 1750 713 1807 vel
742 1753 982 1861 pejerat,
1005 1754 1101 1855 .vel
1133 1756 1394 1861 perjurat
1424 1774 1637 1812 nomen
1682 1757 1844 1827 Jesu,
1880 1795 1928 1861 B

204 1840 305 1896 sed
337 1842 533 1914 potius
561 1841 621 1897 in
644 1842 902 1915 maligno
932 1842 1142 1916 spiritu
1173 1843 1442 1917 loquens.

274 1929 554 2005 Sequitur
600 1947 738 2003 pars
786 1931 1064 1998 secunda,
1096 1932 1156 1987 in
1207 1950 1324 2006 qua
1370 1933 1511 1989 dicit
1537 1935 1850 2008 Apostolus

200 2034 396 2075 veram
426 2019 852 2076 confessionem
880 2037 915 2077 a
943 2020 1163 2093 Spiritu
1181 2026 1384 2078 sancto
1401 2039 1687 2091 esse,cum
1714 2024 1851 2080 sub-

201 2107 286 2163 dit
319 2123 332 2163 :
364 2110 432 2163 Et
468 2125 639 2165 nemo.
667 2117 839 2181 potest
888 2110 1086 2178 dicere,
1118 2111 1379 2167 Dominus
1424 2114 1598 2183 Jesus,
1632 2114 1746 2167 nisi
1789 2115 1850 2168 in

195 2196 414 2268 Spiritu
441 2206 646 2253 sancto.
682 2197 798 2253 Hoc
830 2197 1078 2271 loquens
1107 2199 1420 2272 Apostolus
1452 2217 1565 2257 non
1599 2205 1686 2256 est
1708 2217 1849 2257 con—

194 2285 414 2341 trarius
445 2285 694 2341 Domino
733 2286 949 2343 dicenti
998 2287 1059 2343 in
1113 2288 1427 2362 Evangelio
1462 2307 1473 2345 :
1507 2291 1625 2346 Non
1672 2293 1850 2346 omnis

195 2376 294 2446 qni
315 2374 468 2441 dicit,
499 2376 746 2441 Domine,
778 2378 1023 2444 Domine,
1057 2379 1291 2434 intrabit
1332 2381 1393 2434 in
1422 2397 1651 2451 regnum
1692 2380 1848 2435 aela-

197 2480 326 2518 vum
375 2463 578 2535 (Matth.
612 2464 735 2536 vn).
780 2466 1065 2531 Quoniam
1120 2466 1311 2523 dicere
1359 2469 1556 2541 posuit
1602 2467 1693 2523 hic
1743 2484 1848 2540 pro

197 2552 483 2607 confiteri.
518 2552 617 2608 llle
649 2557 842 2608 autem
866 2571 995 2609 vere
1028 2556 1464 2628 conﬁtetur,qui
1495 2557 1647 2628 quod
1673 2556 1850 2612 habet

200 2640 259 2694 in
292 2641 483 2705 corde,
507 2658 604 2697 ore
636 2645 692 2697 et
723 2660 894 2714 opere
924 2644 1393 2708 conﬁtetur.Quzn
1411 2646 1698 2701 confessio
1721 2644 1848 2700 nul-

198 2728 430 2784 latenus
450 2728 650 2785 haberi
673 2730 1004 2802 potest,nisi
1027 2749 1060 2787 a
1082 2732 1301 2804 Spiritu
1333 2735 1677 2790 sancto.Nce
1691 2733 1847 2789 enim

200 2817 348 2872 bene
378 2817 652 2890 cogitare,
678 2835 782 2873 nec
812 2819 959 2875 bene
1001 2819 1182 2892 loqui,
1207 2837 1313 2875 nec
1344 2821 1491 2877 bene
1522 2821 1749 2894 operari
1780 2840 1849 2879 ex

200 2905 371 2962 nobis
389 2907 845 2979 possumus,nisi
872 2925 906 2964 a
929 2908 1151 2980 Spiritu
1173 2914 1375 2966 sancto
1403 2911 1845 2983 praeveniamur,

202 2995 303 3068 qui
334 2998 607 3067 operatur
633 2995 693 3052 in
705 2996 874 3053 nobis
891 3001 948 3052 et
970 2995 1114 3053 velle
1145 3002 1202 3053 et
1222 2998 1498 3071 perficere
1519 2999 1844 3072 (Philip.n).

200 3084 265 3141 In
298 3101 413 3156 quo
443 3083 527 3140 illi
557 3085 1041 3158 damnantur,qui
1072 3085 1159 3141 vel
1190 3087 1261 3142 de
1283 3085 1844 3160 ingenio,veldeelo-

1953 613 2060 652 nec
2106 596 2322 652 habere
2367 595 2651 668 Spiritum
2703 598 2992 661 sanctum,
3029 595 3170 667 quin
3219 595 3430 653 habeat
3479 598 3601 655 haec

1955 685 2127 741 dona.
2162 685 2291 740 Haec
2321 701 2457 758 ergo
2489 685 2663 748 dona,
2696 684 2904 738 fratres
2944 683 3080 751 mei,
3114 683 3274 740 omni
3321 685 3515 743 studio
3546 690 3603 743 et

1952 773 2258 847 vigilantia
2287 773 2589 846 acquirere
2615 776 2975 845 satagamus,
3008 790 3113 845 per
3160 791 3285 846 quae
3316 774 3600 847 Spiritum

1956 868 2225 920 sanctum
2251 861 2653 919 mereamurin
2669 862 2837 917 nobis
2850 866 3195 934 perpetuum
3211 863 3602 920 habitatorem

1955 952 2220 1008 retinere.
2258 951 2475 1007 Deinde
2506 951 2829 1006 secundum
2869 967 3052 1023 genus
3106 951 3391 1007 donorum
3442 952 3607 1026 ponit

1956 1058 2090 1097 cum
2122 1041 2321 1097 subdit
2353 1058 2366 1096 :
2402 1041 2466 1097 Et
2493 1040 2790 1096 divisiones
2818 1041 3293 1096 ministrationum
3309 1050 3606 1099 sunt-unus

1957 1139 2140 1185 autem
2176 1131 2460 1186 Dominus.
2494 1127 2698 1184 Plures
2745 1127 2901 1183 enim
2952 1128 3175 1200 species
3224 1130 3606 1188 administra-

1955 1218 2185 1274 tionum
2218 1222 2357 1273 sunt
2390 1217 2448 1271 in
2478 1214 2735 1271 Ecclesia
2766 1215 2866 1270 uni
2898 1215 3141 1271 Domino
3172 1216 3508 1285 servientes,
3542 1222 3610 1275 ut

1957 1307 2216 1362 ofﬁcium
2247 1303 2624 1379 prmdicandi,
2659 1303 2919 1360 officium
2950 1304 3282 1374 sacerdotii,
3312 1310 3369 1362 et
3397 1306 3607 1379 hujus-

1958 1396 2279 1461 modi.Qua3
2308 1394 2358 1449 si
2391 1410 2523 1450 cum
2544 1392 2899 1466 supradictis
2916 1393 3232 1450 virtutibus
3256 1394 3605 1466 habeantur,

1959 1485 2157 1559 magni
2191 1483 2385 1540 meriti
2416 1487 2476 1540 et
2504 1481 2774 1538 utilitatis
2805 1485 2947 1538 sunt
2974 1481 3033 1538 in
3055 1482 3613 1542 EcclesiaDei.Alias

1958 1592 2074 1631 non
2119 1572 2312 1630 solum
2358 1589 2473 1629 non
2506 1575 2774 1645 prosunt,
2808 1570 2927 1627 imo
2957 1575 3014 1628 et
3045 1576 3273 1628 nocent.
3308 1573 3470 1638 Quod
3520 1577 3611 1631 est

1959 1667 2161 1721 contra
2192 1663 2479 1735 quosdam
2502 1661 2686 1717 nostri
2710 1660 2956 1728 ordinis,
2983 1661 3080 1733 qui
3114 1661 3304 1735 magis
3335 1663 3609 1720 affectant

1960 1750 2389 1825 praedicationis
2400 1750 2490 1806 vel
2508 1749 2815 1806 sacerdotii
2830 1750 2896 1805 of
2894 1748 3295 1823 ficium,quam
3309 1751 3605 1808 meritum.

1959 1841 2145 1915 Magis
2177 1844 2459 1914 appetunt
2493 1840 2564 1894 ab
2598 1837 3609 1913 hominibushonorariquamhono-

1958 1930 2171 1986 rabiles
2219 1947 2365 1986 esse.
2414 1929 2494 1985 De
2539 1928 2757 2001 quibus
2808 1926 3092 1984 Dominus
3138 1928 3198 1984 in
3247 1929 3605 2003 Evangelio:

1955 2021 2153 2076 Dicunt
2182 2027 2233 2075 et
2260 2035 2371 2075 non
2399 2019 2636 2090 faciunt.
2668 2021 2868 2073 Amant
2897 2018 3047 2073 enim
3075 2019 3287 2089 primos
3333 2021 3610 2077 accubitus

1958 2110 2018 2163 in
2046 2110 2232 2175 ramis,
2265 2116 2315 2164 et
2340 2109 2553 2179 primas
2582 2106 2866 2162 cathedras
2896 2107 2957 2161 in
3002 2110 3329 2179 synagogis,
3354 2116 3409 2165 et
3455 2110 3608 2166 satu-

1957 2199 2184 2254 tationes
2210 2198 2270 2252 in
2296 2199 2436 2268 foro,
2469 2203 2522 2251 et
2552 2196 2736 2250 vocari
2764 2196 2831 2249 ab
2861 2194 3179 2252 hominibus
3210 2197 3382 2253 Rabbi
3402 2197 3605 2271 (Matth.

1956 2288 2137 2355 xxm),
2172 2285 2390 2340 Deinde
2416 2283 2656 2339 tertium
2688 2300 2876 2356 genus
2907 2284 3195 2340 donorum
3214 2287 3610 2359 supponit,di-

1957 2392 2093 2431 cens
2125 2391 2138 2430 :
2174 2375 2239 2430 Et
2265 2375 2562 2429 divisiones
2615 2374 2997 2445 operationum
3039 2382 3187 2443 sunt,
3239 2391 3384 2431 unus
3428 2385 3612 2433 autem

1960 2467 2104 2519 Deus
2133 2465 2231 2535 qui
2258 2471 2516 2536 operatur
2542 2463 2732 2518 omnia
2764 2462 2823 2517 in
2853 2462 3126 2518 omnibus.
3159 2461 3362 2544 Iflures
3393 2465 3611 2539 quippe

1956 2552 2361 2625 operationum
2395 2551 2626 2623 species
2656 2551 2879 2623 dantur
2910 2568 2945 2606 a
2988 2551 3105 2606 Deo
3153 2551 3513 2623 hominibus,
3547 2558 3613 2610 ut

1956 2642 2320 2714 operationes
2392 2638 2844 2705 miraculorum,
2902 2640 3270 2711 operationes
3343 2641 3611 2699 laborum

1956 2729 2440 2795 necessariorum,
2476 2745 2585 2801 ope
2600 2728 2854 2783 rationes
2883 2728 3407 2802 eleemosynarum,
3426 2736 3483 2788 et
3501 2732 3614 2788 hu-

1947 2818 2236 2890 jusmodi.
2281 2818 2393 2873 Sed
2443 2834 2576 2873 cum
2628 2833 2994 2890 quaecunque
3041 2817 3258 2874 dantur
3305 2836 3340 2875 a
3386 2821 3610 2894 Spiritu

1957 2908 2168 2963 Sancto
2218 2908 2433 2963 dantur
2480 2923 2515 2962 a
2561 2906 2750 2975 Patre,
2802 2906 3020 2962 dantur
3068 2910 3126 2963 et
3172 2924 3206 2963 a
3255 2908 3419 2965 Filio.
3465 2910 3614 2974 Qua-

1956 3012 2018 3052 re
2045 2995 2357 3068 Apostolus
2390 2996 2471 3051 ita
2499 2993 2595 3050 hic
2625 2994 2916 3061 distinxit,
2954 2999 3022 3050 ut
3062 2995 3311 3068 loquens
3358 2997 3430 3053 de
3477 3014 3609 3072 gra-

1956 3084 2077 3153 tiis,
2108 3083 2323 3140 diceret
2356 3100 2501 3139 unus
2546 3085 2794 3155 Spiritus
2824 3101 2844 3139 :
2896 3082 3146 3156 loquens
3195 3085 3267 3140 de
3314 3086 3612 3145 ministra-

200 3173 458 3246 quentia,
490 3173 579 3231 vel
612 3174 683 3230 de
710 3173 934 3230 viribus
965 3173 1089 3231 suis
1114 3173 1440 3248 gloriantur
1462 3176 1849 3234 dicenteszLa-
1877 3163 1920 3230 C
1958 3173 2240 3239 tionibus,
2274 3173 2489 3229 diceret
2516 3188 2662 3227 unus
2692 3173 3069 3239 Dominus,-et
3097 3171 3343 3246 loquens
3372 3175 3443 3232 de
3472 3192 3608 3249 ope-

200 3262 291 3318 bia
318 3270 508 3319 nostra
535 3279 570 3318 a
612 3263 770 3319 nobis
814 3270 961 3319 sunt.
1011 3264 1144 3333 Quis
1185 3272 1366 3321 noster
1417 3267 1682 3323 Dominus
1732 3272 1852 3323 est?

196 3350 367 3421 (PsaL
388 3351 491 3421 χι).
521 3351 592 3407 Et
615 3368 628 3406 :
652 3350 844 3407 Manus
868 3359 1055 3409 nostra
1085 3354 1321 3419 excelsa,
1341 3362 1394 3410 et
1420 3371 1531 3411 non
1559 3356 1846 3425 Dominus,

195 3441 327 3512 fecit
356 3439 474 3498 hac
501 3441 688 3496 omnia
706 3440 1241 3512 (Deut.xxxn).Cum
1273 3442 1562 3500 Dominus
1592 3444 1652 3500 in
1677 3445 1854 3501 Evan~

199 3526 352 3602 gelio
382 3528 540 3585 dicat
574 3545 587 3583 :
618 3528 750 3586 Sine
779 3546 864 3586 me
891 3531 1041 3587 nihil
1065 3533 1287 3603 potestis
1319 3534 1500 3604 facere
1527 3533 1706 3606 (Joan.
1732 3534 1848 3607 xv).

275 3617 556 3690 Sequitur
585 3635 721 3690 pars
752 3618 942 3688 tertia,
966 3618 1027 3674 in
1060 3635 1179 3692 qua
1206 3621 1517 3693 Apostolus
1550 3626 1855 3678 enumerat

204 3705 493 3761 donorum
525 3706 941 3774 diversitatem,
976 3708 1292 3765 ostendens
1324 3726 1392 3765 ea
1420 3728 1454 3766 a
1485 3710 1701 3783 Spiritu
1725 3729 1854 3767 san-

206 3798 297 3850 cto
327 3794 473 3851 dari.
508 3795 772 3861 Qrimum
813 3813 949 3870 ergo
995 3797 1283 3854 donorum
1332 3798 1435 3854 Dei
1484 3799 1596 3856 tria
1640 3816 1854 3873 genera

206 3883 389 3956 ponit,
408 3882 648 3953 scilicet,
665 3885 904 3958 gratias,
928 3886 1385 3944 ministrationes
1397 3889 1851 3961 etoperationes,

208 3973 524 4028 ostendens
556 3974 1018 4047 unumquodque
1048 3973 1296 4031 istorum
1326 3976 1387 4032 in
1419 3977 1640 4049 species
1658 3977 1854 4051 plures

208 4060 520 4127 subdividi,
555 4078 689 4117 cum
734 4061 953 4130 subdit,
981 4064 1285 4120 Diuisione:
1340 4067 1652 4134 gratiarum
1704 4074 1853 4122 sunt.

207 4146 349 4203 Cum
385 4153 580 4204 autem
610 4167 783 4205 omne
814 4150 1031 4206 donum
1064 4151 1165 4207 Dei
1196 4152 1386 4224 gratia
1405 4153 1647 4226 sit,quia
1675 4154 1857 4226 gratis

206 4236 404 4305 datur,
453 4241 653 4294 tamen
702 4240 1167 4295 antonomastice
1214 4240 1311 4295 hic
1367 4241 1567 4314 gratiae
1613 4242 1857 4300 virtutes

206 4324 599 4399 appellantur,
628 4344 694 4383 eo
726 4328 879 4401 quod
921 4327 1236 4385 habentem
1267 4329 1517 4402 gratiam
1551 4331 1773 4387 faciunt
1802 4336 1861 4389 et

208 4416 566 4489 gratiosum.
619 4416 831 4483 Quales
877 4421 1016 4473 sunt
1059 4418 1225 4487 ﬁdes,
1259 4436 1415 4490 spes,
1456 4418 1732 4489 charitas,
1766 4440 1858 4479 sa-

1959 3261 2301 3329 rationibus,
2335 3261 2553 3316 diceret
2574 3277 2719 3316 unus
2746 3266 2890 3317 Deus
2911 3265 2938 3315 .9
2972 3260 3044 3317 Ut
3067 3260 3421 3334 signiﬁcaret
3440 3265 3608 3321 nobis

1960 3349 2099 3423 quia
2126 3350 2325 3423 gratiae
2356 3367 2473 3405 non
2503 3349 2619 3405 nisi
2654 3366 2759 3422 per
2789 3366 3049 3406 amorem
3079 3349 3176 3407 Dei
3203 3351 3324 3425 (qui
3355 3352 3609 3427 Spiritus

1960 3444 2200 3495 sanctus
2251 3443 2360 3507 est)
2394 3438 2752 3507 obtinentur,
2795 3442 2853 3496 et
2904 3438 3043 3513 quia
3089 3440 3612 3501 ministrationesa

1960 3528 2209 3584 Domino
2239 3530 2380 3583 sunt
2411 3531 2469 3583 et
2497 3526 2549 3583 ei
2584 3526 3018 3597 exhibentur,et
3041 3529 3181 3602 quia
3208 3530 3364 3588 Deus
3410 3538 3613 3590 auctor

1962 3635 2065 3690 per
2094 3633 2202 3672 nos
2231 3615 2605 3688 operationes
2638 3620 2929 3689 operatur.
2965 3617 3127 3674 Unde
3156 3622 3214 3675 et
3240 3619 3335 3676 hic
3386 3621 3608 3692 dicens,

1959 3723 2106 3763 unus
2134 3694 2570 3777 Deus,adjunxit
2596 3722 2608 3759 :
2639 3708 2756 3774 Qui
2775 3715 3034 3778 operatur
3051 3710 3238 3765 omnia
3258 3711 3317 3765 in
3336 3712 3606 3782 omnibus,

1962 3796 2322 3853 distribuens
2350 3793 2620 3850 videlicet
2650 3793 2885 3867 singula
2924 3794 2983 3850 in
3033 3795 3303 3869 singulis.
3333 3800 3419 3855 Ad
3468 3802 3609 3874 quid

1963 3890 2158 3942 autem
2191 3889 2340 3939 Deus
2372 3882 2526 3938 dona
2555 3899 2663 3939 sua
2692 3883 2861 3938 nobis
2894 3883 3132 3953 tribuat,
3166 3887 3440 3957 ostendit,
3474 3907 3608 3947 cum

1964 3974 2163 4030 subdit
2193 3990 2206 4028 :
2246 3973 2543 4043 Unicuique
2572 3979 2755 4027 autem
2784 3972 2953 4028 datur
2978 3977 3351 4047 mantfestatio
3371 3978 3610 4049 Spiritus

1963 4062 2033 4118 ad
2060 4062 2373 4117 utilitatem.
2406 4059 2587 4115 Vocat
2615 4065 2813 4115 autem
2847 4061 3068 4117 donum
3112 4062 3368 4135 Spiritus
3398 4069 3605 4135 sancti,

1965 4149 2496 4206 manifestationem
2527 4147 2874 4220 Spiritus,eo
2890 4151 3044 4221 quod
3060 4167 3163 4223 per
3181 4152 3399 4209 donum
3433 4156 3612 4228 Spiri-

1964 4243 2060 4296 tus
2092 4238 2301 4305 sancti,
2332 4236 2458 4310 ipse
2487 4236 2739 4308 Spiritus
2768 4244 3008 4295 sanctus
3040 4239 3099 4295 in
3131 4241 3300 4298 nobis
3329 4259 3458 4301 esse
3490 4263 3612 4303 ma-

1966 4329 2296 4385 nifestatur.
2330 4325 2679 4396 Hujusmodi
2706 4328 3020 4397 vero,dona
3060 4329 3278 4385 dantur
3322 4333 3395 4388 ad
3444 4334 3609 4390 utili-

1969 4422 2147 4474 tatem
2178 4414 2365 4483 nobis,
2398 4419 2518 4470 tam
2568 4414 2754 4470 nostri
2802 4432 2980 4488 quam
3030 4417 3301 4489 aliorum,
3336 4422 3442 4487 Qui
3474 4440 3609 4481 vero

206 4502 446 4577 pientia,
474 4504 729 4577 justitia,
764 4505 1066 4573 fortitudo,
1099 4508 1506 4580 temperantia,
1528 4514 1859 4584 czeterzeque
1887 4535 1935 4600 Β
1966 4509 2122 4564 dona
2152 4505 2247 4562 Dei
2278 4502 2563 4600 inutiliter
2592 4502 2898 4600 recipiunt,
2926 4510 2994 4600 et
3019 4505 3468 4600 inde_necusibi,
3502 4528 3610 4570 nec

206 4591 475 4661 virtutes,
510 4610 637 4667 quin
668 4594 939 4651 homines
970 4600 1238 4653 amantes
1267 4599 1323 4652 et
1352 4597 1634 4655 amabiles
1661 4599 1776 4657 Deo
1798 4605 1856 4657 et
1887 4591 1928 4600 ”
1963 4596 2095 4653 aliis
2127 4596 2390 4668 prosunt,
2425 4592 2803 4659 damnantur,
2831 4597 2889 4648 et
2917 4594 3137 4652 talento
3166 4596 3456 4655 inutiliter
3484 4601 3612 4658 abs-

206 4681 549 4739 hominibus
578 4684 850 4741 reddunt.
884 4685 979 4740 Ha:
1011 4689 1207 4742 autem
1238 4688 1412 4742 tanta:
1444 4687 1502 4742 in
1547 4704 1610 4743 se
1640 4690 1857 4745 sancti-

208 4771 347 4827 tatis
379 4775 437 4828 et
465 4772 789 4830 honestatis
820 4774 1141 4847 sunt,quod
1171 4792 1288 4831 non
1320 4775 1509 4832 solum
1542 4776 1696 4832 dona
1725 4778 1857 4852 Spi-

210 4859 362 4916 ritus
392 4861 574 4917 sancti
585 4861 708 4929 ,sed
731 4860 905 4917 etiam
919 4861 1171 4934 Spiritus
1185 4869 1427 4920 sanctus
1444 4871 1858 4938 nuncupantur

213 4946 286 5003 ab
322 4946 472 5003 Isaia
496 4948 727 5004 dicente
761 4965 774 5003 :
808 4951 884 5004 Et
919 4948 1197 5005 descendet
1242 4968 1407 5023 super
1449 4968 1575 5009 eum
1619 4954 1859 5026 Spiritus

210 5034 452 5100 Domini,
509 5036 740 5107 spiritus
788 5037 1080 5108 sapientiae
1136 5045 1188 5092 et
1243 5038 1567 5113 intellectus.
1627 5043 1858 5114 spiritus

211 5122 566 5189 consitii,etc.
601 5124 725 5196 (Isa.
761 5124 858 5198 xu).
892 5125 963 5180 Et
992 5141 1027 5180 a
1052 5125 1276 5182 Joanne
1311 5143 1324 5181 :
1356 5129 1446 5194 Hi,
1480 5128 1693 5201 inquit,
1731 5142 1860 5189 sunt

210 5217 411 5281 septem
438 5212 667 5282 spiritus
696 5213 796 5269 Dei
821 5215 983 5270 missi
1010 5215 1068 5269 in
1099 5230 1313 5271 omnem
1343 5224 1546 5272 terram
1568 5218 1756 5291 _(Apoe.
1779 5222 1856 5291 v),

211 5295 272 5352 id
303 5301 394 5354 est
422 5302 644 5371 septem
675 5300 828 5359 dona
874 5302 1127 5377 Spiritus
1177 5304 1386 5361 sancti.
1422 5288 1660 5363 Diversa
1702 5288 1857 5367 enim

212 5390 353 5441 sunt
380 5386 554 5457 dona,
586 5389 688 5444 sed
717 5407 872 5448 unus
907 5396 995 5448 est
1040 5393 1228 5450 dator.
1258 5392 1423 5450 Unde
1475 5398 1533 5451 et
1576 5395 1672 5452 hic
1724 5415 1857 5457 cum

211 5473 476 5544 dixisset,
526 5476 819 5535 divisicnes
861 5483 1166 5552 gratiarum
1209 5490 1357 5552 sunt,
1408 5484 1605 5540 subdit
1645 5502 1659 5542 :
1714 5489 1859 5547 Unus

213 5571 394 5625 autem
420 5566 669 5640 spiritus.
702 5567 833 5626 Haec
859 5568 1015 5629 enim
1048 5572 1205 5630 dona
1232 5570 1314 5630 ita
1343 5571 1699 5632 comitantur
1728 5577 1857 5653 Spi-

1966 4702 2141 4742 conso
2164 4685 2327 4755 juste
2364 4681 2684 4753 privantur.
2717 4681 2936 4738 Deinde
2984 4684 3054 4739 de
3083 4684 3273 4740 tribus
3318 4687 3608 4746 donorum

1966 4772 2279 4848 generibus
2327 4768 2590 4841 exempla
2636 4770 2857 4839 subdit,
2909 4770 3128 4841 dicens,
3180 4774 3287 4830 alii
3329 4778 3478 4832 enim
3510 4794 3611 4851 per

1964 4863 2234 4934 Spiritum
2261 4859 2424 4914 datur
2450 4874 2623 4915 sermo
2652 4861 2957 4931 sapientiae,
2990 4877 3116 4933 quae
3147 4866 3237 4918 est
3264 4863 3339 4919 de
3365 4864 3610 4922 caelesti-

1966 4951 2111 5020 bus;
2144 4951 2250 5005 alii
2275 4964 2450 5003 sermo
2478 4949 2727 5005 scientia
2758 4965 2884 5020 quae
2916 4954 3005 5004 est
3043 4950 3115 5006 de
3159 4951 3406 5008 terrenis
3455 4959 3608 5013 recte

1966 5039 2376 5113 dispensandis
2407 5038 2507 5095 alii
2539 5040 2684 5096 ﬁdes
2714 5041 2772 5095 in
2805 5041 3006 5097 eodem
3038 5040 3276 5115 Spiritu.
3310 5043 3609 5118 Sapientia

1965 5131 2204 5204 quippe,
2236 5128 2497 5197 scientia,
2530 5132 2586 5184 et
2615 5129 2779 5195 fides,
2808 5129 2857 5185 si
2889 5146 3021 5186 cum
3049 5129 3330 5189 charitate
3354 5133 3608 5191 habean-

1964 5219 2367 5288 tur,virtutum
2399 5217 2603 5290 gratiis
2634 5223 3101 5285 sunt;sermones
3127 5236 3262 5277 vero
3284 5223 3605 5296 sapientiae,

1966 5307 2240 5375 scientiae,
2273 5310 2331 5362 et
2357 5306 2491 5362 fidei
2524 5310 2579 5362 et
2609 5306 2813 5363 docere
2843 5307 3303 5368 ministrationes
3333 5318 3493 5382 sunt;
3508 5312 3609 5369 alii

1965 5397 2153 5472 gratia
2183 5395 2504 5452 sanitatum
2537 5395 2790 5451 infirmis
2821 5397 3471 5474 conferendarumzquae
3502 5400 3612 5458 uti-

1967 5504 2079 5560 que
2130 5483 2482 5541 ministratio
2531 5488 2639 5541 est.
2676 5484 2896 5541 Deinde
2950 5488 3116 5561 ponit
3157 5488 3488 5561 exemplum
3541 5490 3614 5548 de

1966 5575 2240 5652 operibus
2271 5573 2531 5632 subdens
2565 5589 2579 5630 :
2611 5573 2717 5631 alii
2743 5577 2980 5649 operatio
3008 5576 3362 5647 virtutum,id
3392 5580 3482 5635 est
3509 5577 3617 5641 mi-
