3974 6076
8 446 19 475 L

8 4858 13 4893 Ι

8 4942 15 4983 r

8 5036 13 5075 ι

8 5126 16 5165 ι

8 5220 13 5253 l

8 5304 17 5345 ι

7 5392 19 5435 Ι

8 5490 15 5527 ι

7 5568 17 5619 ἰ

8 5664 19 5713 l

184 381 341 442 3023

845 383 1199 445 HOMlleE
1239 385 1317 445 IN
1368 384 1610 446 EPIST.
1656 384 1760 445 ET
1802 383 1812 445 1

1926 384 2092 445 lll‘iG.
2140 384 2487 447 DOMINIC.
2519 418 2596 432 —
2624 385 2826 447 PARS
2870 386 2946 446 ll.

3429 350 3589 447 2026

183 516 491 586 peccantes
520 531 826 587 nunquam
857 515 1108 588 puniret.
1134 517 1335 588 Itaque
1366 516 1647 572 Dominus
1679 534 1836 573 nunc
1864 523 1912 586 Α
1947 532 2150 573 omnes
2179 516 2558 591 cogitationes
2585 533 2786 574 eorum
2814 516 2986 588 (Psal.
3009 519 3188 587 CXLV).
3207 517 3342 583 Quae
3371 516 3590 591 cogita-

183 602 516 672 miseretur,
544 620 699 660 nunc
728 604 918 676 punit,
943 609 1008 660 ut
1032 623 1139 662 nos
1169 605 1420 662 instruat
1439 606 1655 662 habere
1685 606 1835 678 pari-

180 694 271 746 ter
300 690 577 763 pietatem
605 710 738 749 cum
763 694 1017 766 justitia,
1037 698 1093 751 et
1115 694 1410 767 justitiam
1433 713 1566 751 cum
1597 696 1828 769 pietate,

182 783 249 835 ut
283 779 504 837 scilicet
531 780 612 838 ita
645 781 832 839 simus
860 783 941 855 pii
985 782 1046 839 in
1095 789 1369 841 naturam
1400 785 1730 854 hominum,
1765 788 1832 840 ut

182 871 383 925 tamen
414 887 530 926 non
576 888 886 944 parcamus
934 874 1186 946 peccatis
1229 890 1450 930 eorum.
1486 874 1666 946 Ejecit
1694 891 1830 947 ergo

185 958 468 1016 Dominus
497 960 812 1017 vendentes
841 965 899 1018 et
939 968 1199 1018 ementes
1229 964 1299 1019 de
1328 962 1545 1036 templo
1588 962 1824 1031 dicens;

180 1046 455 1120 Scriptum
484 1056 563 1105 est
591 1051 724 1122 quia
757 1050 944 1107 domus
984 1069 1123 1119 mea,
1156 1052 1346 1109 domus
1376 1054 1639 1109 orationis
1668 1069 1825 1108 voca-

181 1138 347 1192 bitur.
363 1138 539 1204 Quasi
561 1138 809 1196 diceret:
829 1144 1048 1197 Domus
1068 1159 1198 1199 mea
1219 1146 1437 1198 statuta
1458 1146 1545 1199 est
1567 1143 1639 1198 ad
1660 1159 1827 1198 oran-

179 1225 342 1293 dum,
366 1244 481 1283 non
532 1227 604 1283 ad
634 1228 1027 1301 vendendum,
1047 1230 1137 1286 vel
1167 1231 1502 1299 emendum,
1526 1230 1614 1288 vel
1663 1230 1823 1287 aliud

177 1313 452 1372 saeculare
471 1318 769 1390 negotium
792 1319 1105 1392 agendum.
1123 1319 1241 1375 Hoc
1257 1325 1453 1393 aperte
1474 1323 1678 1376 contra
1692 1318 1823 1377 illos

175 1408 264 1459 est
295 1404 395 1478 qui
425 1404 733 1462 ecclesiam
761 1406 860 1463 Dei
893 1407 1192 1464 cellarium
1239 1408 1478 1478 faciunt,
1501 1408 1559 1464 in
1593 1426 1660 1465 ea
1688 1425 1821 1482 gra-

175 1493 340 1549 naria
368 1498 426 1550 et
455 1493 613 1551 dolia
640 1500 953 1568 ponentes;
978 1496 1062 1553 vel
1102 1514 1229 1553 eam
1270 1498 1492 1553 faciunt
1521 1498 1733 1566 forum,
1758 1497 1820 1554 in

172 1597 241 1638 ea
264 1583 539 1640 tabernas
561 1601 756 1641 rerum
777 1585 1092 1655 venalium,
1115 1585 1203 1642 vel
1227 1603 1434 1643 causas
1454 1592 1814 1657 exercentes;

167 1667 257 1723 vel
290 1685 417 1725 eam
449 1670 673 1726 faciunt
714 1673 1105 1741 relectorium,
1138 1673 1198 1728 in
1247 1690 1314 1730 ea
1362 1675 1730 1731 comedentes
1760 1679 1819 1731 et

168 1757 455 1828 bibentes,
486 1775 619 1816 cum
651 1758 896 1817 ecclesia
921 1762 997 1818 sit
1023 1761 1186 1818 locus
1208 1761 1529 1835 spiritualis
1558 1764 1817 1819 refectio-

166 1848 281 1916 nis,
305 1864 420 1904 non
467 1849 805 1923 corporalis.
839 1850 957 1907 Hoc
1000 1851 1217 1924 itaque,
1253 1853 1459 1909 fratres
1488 1852 1624 1919 mei,
1657 1853 1814 1908 devi-

162 1939 379 2002 tantes,
405 1937 552 1993 nihil
585 1938 871 1995 faciamus
900 1939 990 1997 vel
1015 1941 1280 1997 dicamus
1308 1940 1368 1996 in
1398 1941 1670 2008 oratorio,
1702 1940 1816 1998 nisi

164 2025 322 2095 quod
344 2025 415 2080 a‘d
440 2026 761 2084 orationem
783 2028 1056 2101 pertinet,
1076 2030 1229 2085 unde
1254 2034 1310 2085 et
1331 2046 1545 2085 nomen
1570 2030 1810 2103 accepit.

168 2118 272 2169 Vos
300 2121 502 2183 autem,
535 2115 749 2189 inquit,
767 2119 977 2190 fecistis
997 2119 1156 2174 illam
1172 2120 1487 2192 speluncam
1516 2120 1810 2175 latronum.

162 2201 507 2260 Sacerdotes
538 2204 661 2277 qui,
692 2207 765 2262 ob
812 2206 1213 2280 cupiditatem,
1248 2207 1439 2263 forum
1487 2206 1547 2262 in
1594 2207 1813 2280 templo

162 2290 287 2347 ﬁeri
311 2293 744 2364 permittebant,
768 2293 1023 2352 latrones
1045 2296 1378 2364 erant,dum
1400 2296 1509 2352 sub
1532 2299 1811 2369 praetextu

160 2381 461 2455 religionis
487 2381 737 2440 latenter
784 2385 1166 2457 cupiditatem
1198 2386 1561 2441 exercebant.
1588 2384 1811 2441 Vendi-

159 2474 316 2526 tores
346 2471 521 2526 etiam
551 2475 609 2527 et
637 2477 929 2545 emptores
978 2471 1234 2529 latrones
1283 2478 1467 2539 erant,
1490 2474 1630 2529 dum
1663 2474 1811 2530 alter

158 2558 408 2615 alterum
431 2559 488 2615 in
506 2561 896 2634 negotiatione
910 2561 1162 2619 latenter
1175 2562 1693 2633 circumveniebat;
1715 2580 1812 2620 ne-

155 2647 395 2721 gotiatio
419 2648 636 2722 quippe
662 2650 752 2706 vel
783 2650 876 2706 vix
895 2650 982 2707 vel
1016 2669 1320 2724 nunquam
1352 2655 1649 2708 exercetur
1678 2652 1806 2709 sine

154 2736 380 2794 fraude.
404 2737 568 2794 Unde
595 2739 908 2811 Apostolus
939 2740 1206 2812 prohibet
1238 2758 1309 2796 ne
1340 2741 1475 2813 quis
1495 2757 1804 2814 supergre-

154 2824 353 2880 diatur
379 2824 468 2881 vel
497 2824 917 2883 circumveniat
962 2827 1023 2883 in
1072 2827 1301 2900 negotio
1332 2828 1571 2883 fratrem
1602 2846 1800 2897 suum,

151 2912 431 2985 quoniam
472 2914 626 2970 Deus
655 2914 864 2971 vindex
909 2920 999 2972 est
1034 2916 1243 2972 talium
1273 2918 1323 2987 (Ι
1350 2917 1524 2972 Thess.
1558 2921 1658 2986 IV).
1687 2917 1802 2974 Ve-

149 3018 278 3057 ram
324 3018 387 3058 se
423 3003 787 3060 demonstrat
833 3004 1117 3060 Dominus
1172 3004 1386 3061 habere
1431 3005 1801 3076 charitatem,

149 3090 294 3146 dum
326 3107 432 3147 nec
461 3091 719 3166 indignis
744 3091 993 3165 gratiam
1022 3092 1315 3149 subtrahit
1346 3093 1797 3167 praedicationis.

150 3176 315 3235 Unde
347 3183 404 3235 et
432 3180 740 3236 subditur:
763 3182 828 3236 El
855 3189 972 3237 erat
999 3183 1240 3254 quotidie
1261 3182 1455 3239 docens
1486 3185 1545 3239 in
1573 3185 1794 3257 templo.

1942 604 2132 661 tiones
2153 605 2322 661 etism
2345 623 2449 679 per
2468 605 2692 678 lapides
2708 606 3132 679 signiﬁcantur,
3142 622 3276 661 cum
3293 604 3588 662 subditur:

1939 694 2005 750 Et
2030 710 2139 751 non
2185 695 2495 768 relinquent
2522 697 2583 751 in
2611 704 2662 751 te
2690 696 2926 767 lapidem
2968 711 3132 767 super
3178 693 3428 767 lapidem.
3463 699 3595 750 Per-

1938 799 2107 839 versa
2128 784 2286 839 enim
2312 784 2511 840 anima
2536 801 2670 840 cum
2694 800 2974 857 perversae
2996 778 3334 857 cogitationi
3365 799 3593 856 perver-

1940 872 2155 930 siorem
2188 872 2411 945 adjicit,
2439 872 2609 946 quasi
2638 872 2891 947 lapidem
2922 890 3100 946 super
3125 870 3380 946 lapidem
3401 873 3587 946 ponit.

1937 961 2008 1015 Et
2037 978 2171 1016 cum
2203 977 2474 1032 perversa
2520 961 2720 1018 anima
2767 961 2839 1017 ad
2871 958 3309 1017 damnationem
3338 959 3585 1033 rapitur,

1936 1049 2072 1105 talis
2121 1049 2541 1122 cogitationum
2589 1050 2946 1106 constructio
2990 1042 3334 1122 dissipatur,
3376 1053 3434 1105 et
3474 1048 3584 1107 hoc

1934 1137 2085 1205 ideo,
2121 1139 2260 1211 quia
2288 1156 2404 1196 non
2454 1139 2723 1213 cognovit
2772 1142 3005 1211 tempus
3049 1136 3407 1195 visitationis
3438 1154 3579 1194 suae.

1934 1225 2269 1284 Perversam
2300 1228 2456 1284 enim
2502 1227 2760 1285 animam
2813 1233 2964 1285 Deus
3009 1226 3232 1296 visitet,
3263 1225 3581 1299 aliquando

1932 1315 2181 1388 ﬂagello,
2215 1315 2528 1389 aliquando
2578 1315 2881 1385 miraculo,
2912 1332 3145 1389 semper
3190 1319 3387 1372 autem
3433 1332 3581 1389 pra-

1931 1409 2117 1476 cepto.
2143 1405 2254 1460 Sed
2286 1406 2424 1478 quia
2451 1423 2556 1462 nec
2598 1422 2701 1477 per
2744 1404 2855 1461 hoc
2887 1403 3197 1477 resipiscit,
3228 1404 3289 1460 in
3320 1408 3579 1462 extremo

1928 1494 2192 1549 tradetur
2221 1493 2495 1561 inimicis,
2511 1511 2645 1550 cum
2670 1494 2889 1566 quibus
2914 1492 3264 1550 eternaliter
3290 1492 3578 1550 cruciabi-

1929 1584 2044 1637 tur.
2066 1582 2125 1639 Si
2150 1588 2344 1641 autem
2367 1583 2642 1657 quaelibet
2661 1581 2861 1640 anima
2877 1581 3173 1640 saecularis
3194 1581 3279 1640 sic
3297 1582 3581 1656 punietur

1928 1676 2147 1742 quanto
2176 1673 2364 1747 magis
2382 1671 2778 1730 ecclesiastica
2807 1689 3211 1745 persona,quae
3241 1689 3358 1729 non
3381 1671 3576 1729 solum

1925 1776 2006 1828 se,
2023 1761 2124 1816 sed
2147 1761 2322 1818 etiam
2348 1761 2494 1818 alias
2519 1761 2672 1818 male
2692 1758 2936 1818 vivendo
2957 1759 3231 1834 perimit?
3252 1760 3320 1817 Et
3346 1759 3458 1818 hoc
3486 1763 3578 1818 est

1924 1850 2080 1920 quod
2113 1850 2396 1923 sequitur,
2421 1852 2576 1924 quod
2607 1852 2883 1921 ingressus
2920 1852 3073 1907 Jesus
3102 1851 3165 1906 in
3194 1849 3389 1923 templo
3417 1851 3577 1923 capit

1923 1939 2116 2008 ejicere
2140 1939 2421 1996 uendentes
2448 1948 2501 1996 et
2525 1948 2760 1997 ementes
2788 1942 2851 1996 in
2877 1940 2997 1996 illo.
3031 1940 3097 1996 ln
3127 1937 3348 2012 templo
3375 1938 3575 1996 vendit

1920 2025 2011 2081 vel
2061 2027 2222 2095 emit,
2255 2027 2354 2101 qui
2398 2026 2823 2086 ecclesiasticas
2870 2026 3411 2084 administrationes
3441 2043 3570 2100 qua:

1923 2113 2046 2171 solo
2075 2115 2190 2171 Deo
2221 2116 2433 2172 debent
2451 2116 2598 2187 dari,
2623 2134 2739 2190 quo
2770 2115 2954 2191 pretio
2984 2115 3203 2190 prebet
3225 2114 3315 2172 vel
3335 2115 3567 2190 accipit.

1922 2203 1985 2259 In
2016 2204 2235 2277 templo
2281 2205 2500 2275 vendit,
2534 2206 2634 2279 qui
2657 2205 2953 2277 justitiam
2985 2221 3089 2279 pro
3135 2221 3379 2262 munere
3407 2204 3568 2262 facit.

1919 2292 2076 2349 Emit
2104 2293 2163 2348 in
2195 2294 2414 2367 templo
2472 2296 2573 2368 qui
2630 2311 2703 2351 ne
2762 2294 2938 2352 faciat
2995 2295 3151 2368 quod
3209 2294 3401 2367 debet,
3432 2293 3569 2351 dato

1917 2381 2104 2454 pretio
2135 2399 2169 2439 a
2189 2383 2495 2454 judicibus
2525 2384 2690 2440 emit.
2717 2385 2777 2440 In
2811 2382 3029 2457 templo
3048 2382 3250 2440 vendit
3268 2382 3395 2456 qui,
3415 2383 3573 2440 bona

1918 2489 2044 2545 quae
2073 2489 2178 2545 pro
2210 2472 2333 2529 solo
2362 2473 2478 2530 Deo
2518 2474 2706 2530 facere
2749 2473 2939 2543 debet,
2973 2489 3077 2546 pro
3107 2472 3370 2529 humana
3398 2471 3572 2530 laude

1915 2562 2133 2618 vendit.
2156 2562 2217 2617 In
2240 2562 2458 2635 templo
2477 2562 2620 2619 emit
2642 2563 2741 2637 qui
2764 2563 2836 2619 ab
2854 2560 3359 2629 adulatoribus,ut
3381 2561 3571 2619 bonus

1915 2651 2163 2718 dicatur,
2188 2652 2535 2708 muneribus
2558 2650 2718 2707 emit.
2744 2651 2971 2719 Quibus
2996 2649 3274 2707 omnibus
3302 2649 3520 2707 dicitur
3550 2666 3567 2707 :

1911 2742 2140 2797 Fecistis
2168 2739 2387 2795 domum
2414 2756 2592 2797 meam
2612 2741 2929 2813 speluncam
2956 2739 3253 2796 latronum.
3276 2738 3565 2806 Quoniam

1913 2829 2052 2884 dum
2074 2828 2332 2900 perversi
2360 2827 2552 2884 locum
2584 2833 2788 2885 tenent
2812 2827 3130 2901 religionis,
3154 2826 3237 2884 ibi
3267 2844 3372 2902 per
3400 2826 3565 2885 mali-

1908 2916 2051 2973 tiam
2077 2918 2371 2984 occidunt,
2395 2916 2495 2972 ubi
2534 2934 2639 2991 per
2662 2916 2983 2974 orationem
3022 2915 3314 2974 viviﬁcare
3342 2916 3560 2974 debue-

1909 3010 2064 3062 runt.
2090 3007 2203 3063 Sed
2235 3006 2372 3080 quia
2398 3009 2600 3062 contra
2625 3021 2860 3062 omnem
2887 3005 3329 3078 perversitatem
3358 3003 3557 3061 Domi-

1908 3112 2021 3151 nus
2077 3112 2180 3167 per
2236 3095 2568 3168 Scripturas
2625 3094 3025 3151 indesinenter
3080 3092 3342 3160 instruit,
3399 3096 3558 3151 recte

1907 3183 2182 3240 subditur
2204 3201 2218 3239 :
2240 3186 2304 3240 Et
2333 3187 2451 3240 erat
2478 3184 2679 3240 docens
2711 3183 2954 3256 quotidie
2990 3183 3053 3238 in
3089 3181 3304 3256 templo.
3329 3181 3554 3256 Itaque,

149 3268 306 3332 Quos
323 3268 480 3325 enim
508 3268 935 3343 objurgaverat,
960 3274 1017 3326 et
1043 3275 1205 3327 extra
1232 3271 1535 3328 ecclesiam
1565 3272 1799 3346 pepule-
1827 3263 1870 3330 C
1908 3273 2115 3329 fratres
2138 3272 2273 3341 mei,
2299 3291 2406 3329 nos
2427 3272 2528 3345 qui
2552 3271 2813 3346 quotidie
2832 3288 3164 3345 peccamus,
3184 3274 3557 3344 peccatorum

150 3361 243 3413 rat
269 3374 373 3429 per
402 3357 646 3430 justitiaa
679 3358 951 3431 rigorem,
975 3359 1083 3417 hos
1114 3377 1379 3417 revocare
1426 3362 1498 3417 ad
1547 3362 1798 3418 salutem

150 3446 361 3519 quaerit
392 3463 495 3520 per
523 3447 1016 3520 praedicationem,
1039 3449 1186 3506 dans
1206 3444 1801 3522 exemplum'doctori-

148 3533 265 3591 bus
292 3540 507 3592 sancta:
528 3535 816 3603 Ecclesiae,
830 3540 898 3593 ut
921 3538 1189 3610 quamvis
1210 3538 1716 3595 excommunicent
1743 3544 1800 3596 et

149 3624 467 3698 objurgant
508 3629 861 3699 peccatores,
894 3630 1092 3683 tamen
1141 3626 1386 3684 interius
1440 3645 1670 3701 semper
1700 3646 1797 3685 eos

148 3710 417 3787 diligant,
445 3718 504 3771 et
533 3714 807 3772 omnibus
838 3716 1031 3773 modis
1060 3733 1159 3773 eos
1189 3717 1263 3772 ad
1293 3715 1599 3773 ecclesiam
1630 3734 1796 3773 revo-

148 3817 283 3858 care
311 3802 608 3861 festinent.
643 3805 806 3871 Quod
847 3809 1043 3862 autem
1088 3803 1271 3861 semel
1301 3806 1584 3863 Dominus
1612 3805 1796 3862 histo-

147 3889 370 3947 rialiter
407 3891 563 3961 fecit,
597 3892 979 3965 spiritualiter
1006 3894 1268 3967 quotidie
1314 3895 1503 3950 facere
1551 3912 1665 3950 non
1697 3895 1797 3951 de-

146 3979 322 4037 sistit.
348 3981 453 4037 Per
500 3982 714 4039 electos
766 3983 983 4056 quippe
1038 4001 1178 4040 suos
1235 3984 1336 4056 qui
1392 3983 1797 4056 spiritualibus

146 4068 335 4126 oculis
364 4071 683 4143 praevident
707 4072 965 4128 futuram
988 4071 1277 4128 malorum
1309 4072 1796 4145 reprobationem,

144 4158 375 4233 plangit
405 4177 502 4217 eos
530 4160 631 4234 qui
664 4161 934 4217 nesciunt
953 4178 1059 4218 cur
1081 4160 1456 4234 planguntur,
1478 4161 1579 4234 qui
1608 4161 1801 4218 listen-

144 4252 246 4303 tur
272 4262 407 4303 cum
437 4247 856 4318 malefecerint,
889 4252 949 4305 et
984 4248 1279 4305 exsultant
1317 4249 1377 4304 in
1407 4250 1582 4306 rebus
1614 4251 1798 4324 pessi-

148 4335 263 4392 mis
293 4336 474 4409 (Prov.
500 4339 586 4408 ιι).
610 4336 715 4401 Qui
748 4336 798 4394 si
830 4337 1268 4394 damnationem
1308 4355 1476 4394 suam
1522 4340 1797 4412 praevide-

148 4428 299 4494 rent,
332 4424 448 4499 ipsi
506 4442 738 4500 quoque
787 4426 1010 4496 ﬂerent,
1044 4431 1102 4482 et
1147 4427 1374 4500 seipsos
1420 4444 1555 4484 cum
1602 4427 1800 4486 electis

148 4511 632 4588 plangerent,qui
664 4514 760 4572 hic
791 4515 1011 4572 habent
1041 4515 1194 4572 diem
1227 4532 1416 4585 suam,
1449 4516 1589 4589 quia
1617 4517 1711 4573 hic
1739 4517 1799 4574 in

150 4601 322 4659 bonis
353 4603 577 4699 ducunt
620 4604 746 4662 dies
775 4622 936 4699 suos.
969 4604 1073 4699 llic
1104 4605 1282 4699 etiam
1331 4605 1549 4699 habent
1596 4623 1796 4699 pacem
1828 4633 1877 4699 D

148 4691 498 4764 suam,quia
528 4696 947 4765 prosperantur
975 4694 1035 4750 in
1065 4694 1159 4751 via
1185 4712 1293 4751 sua
1322 4693 1498 4761 mala,
1532 4696 1631 4752 sed
1662 4713 1800 4753 ven-

147 4782 285 4835 tura
313 4780 602 4853 supplicia
630 4782 1075 4840 absconduntur
1100 4785 1171 4841 ab
1204 4783 1388 4841 oculis
1409 4802 1631 4842 eorum.
1657 4784 1803 4852 Quia

150 4867 293 4924 dum
325 4867 533 4926 nolunt
561 4870 719 4927 mala
760 4872 1092 4945 previdere,
1117 4891 1243 4946 quae
1274 4872 1538 4930 laetitiam
1570 4880 1801 4948 pertur-

146 4954 289 5011 bent
318 4957 722 5030 temporalem,
757 4959 926 5034 quasi
956 4961 1172 5018 clausis
1210 4961 1396 5018 oculis
1437 4965 1507 5019 ad
1550 4968 1799 5020 mortem

146 5042 605 5119 festinant,quia
631 5049 867 5106 venient
897 5050 1040 5118 dies,
1065 5051 1301 5124 quando
1328 5051 1556 5110 animas
1587 5054 1657 5110 de
1682 5070 1803 5109 cor-

146 5131 390 5205 poribus
421 5143 722 5208 exeuntes,
757 5140 1050 5197 daemones
1088 5140 1314 5197 inimici
1351 5141 1804 5199 circumdabant

144 5219 669 5296 vallo,perpetrata
698 5227 921 5286 scilicet
949 5232 1105 5285 mala
1134 5235 1514 5303 opponentes,
1545 5236 1601 5288 et
1635 5232 1798 5290 undi-

150 5325 267 5382 que
282 5310 816 5384 circumdabunt,et
826 5319 1461 5395 coangustabunt,quia
1478 5338 1592 5377 non
1610 5322 1801 5379 solum

152 5397 367 5469 operis,
392 5400 492 5456 sed
524 5400 701 5457 etiam
743 5402 1053 5462 locutionis
1092 5411 1150 5462 et
1188 5407 1556 5480 cogitationis
1588 5407 1802 5481 iniqui-

152 5490 304 5545 tates
334 5493 471 5545 ante
512 5490 710 5548 oculos
742 5509 940 5550 eorum
988 5495 1373 5569 replicabunt,
1397 5501 1453 5551 et
1482 5497 1555 5552 ad
1585 5502 1803 5554 terram

154 5580 696 5650 prosternent,cum
730 5598 860 5638 caro
900 5582 961 5639 in
990 5584 1288 5656 pulverem
1326 5585 1641 5659 redigetur.
1676 5586 1804 5642 Filii

154 5664 334 5727 etiam
353 5681 556 5725 eorum
577 5674 1044 5743 prosternentur,
1060 5664 1201 5733 cuni
1218 5674 1280 5732 in
1300 5673 1401 5733 illa
1417 5675 1509 5733 die
1529 5676 1807 5753 peribunt

473 5794 746 5865 ΡΑι-ιοι..
789 5797 965 5885 CLV,

1905 3365 2151 3418 ventura
2179 3360 2491 3435 supplicia,
2515 3366 2648 3417 ante
2686 3359 2889 3418 oculos
2933 3362 3166 3417 nostros
3197 3375 3429 3433 semper
3455 3358 3559 3416 ha-

1906 3451 2172 3507 beamus.
2208 3450 2505 3524 Scriptum
2536 3454 2627 3507 est
2672 3449 2830 3506 cnim
2865 3449 2975 3507 ειη
3001 3448 3092 3506 die
3139 3450 3403 3506 bonorum
3444 3464 3559 3506 non

1908 3542 2193 3596 immemor
2216 3541 2294 3596 sis
2314 3541 2591 3597 malorum
2620 3539 2809 3612 (Eccli.
2835 3538 2916 3612 ιι.)
2937 3539 3008 3595 Et
3036 3537 3177 3595 alibi
3205 3554 3220 3596 :
3250 3542 3450 3596 Beatus
3469 3538 3561 3595 vir

1906 3630 2004 3702 qui
2030 3645 2241 3702 semper
2282 3637 2360 3686 est
2401 3629 2635 3702 pavidus
2657 3630 2817 3699 (Prov
2838 3627 3016 3701 xvm).
3040 3627 3373 3701 Cogitemus
3419 3641 3557 3701 ergo

1906 3719 2207 3775 daemones
2226 3717 2287 3774 in
2309 3717 2465 3775 exitu
2482 3716 2690 3774 animai
2712 3720 2922 3774 nostra
2943 3732 3053 3773 nos
3068 3715 3556 3784 circumdaturos,

1906 3810 1964 3863 et
1993 3825 2026 3863 a
2055 3807 2224 3864 nobis
2271 3809 2470 3863 omnia
2514 3810 2752 3880 peccata
2805 3808 3008 3863 nostra
3054 3804 3462 3878 requisituros.
3494 3804 3557 3862 Si

1905 3895 2061 3951 enim
2115 3897 2185 3952 ad
2235 3895 2530 3953 Christum
2581 3895 2741 3952 venit
2797 3893 3088 3964 diabolus,
3111 3894 3240 3968 ipso
3273 3895 3554 3953 dicente:

1909 3986 2051 4054 Quia
2078 3987 2227 4042 venit
2247 3987 2499 4058 princeps
2526 3984 2725 4040 mundi
2753 3984 2936 4056 hujus,
2967 3992 3020 4041 et
3049 3984 3107 4039 in
3137 3999 3224 4040 me
3248 4000 3362 4041 non
3397 3983 3558 4040 habet

1906 4075 2205 4147 quidquam
2235 4074 2409 4147 (Joan.
2432 4073 2565 4145 x11);
2604 4072 2655 4129 si
2685 4088 2822 4147 ergo
2859 4072 2933 4129 ad
2972 4088 3108 4128 eum
3136 4071 3317 4142 venit,
3346 4070 3409 4128 in
3438 4086 3555 4144 quo

1907 4162 2053 4219 nihil
2086 4162 2310 4234 haquit,
2331 4165 2550 4235 quanto
2582 4161 2771 4234 magis
2797 4161 2870 4216 ad
2891 4176 2999 4217 nos
3025 4158 3235 4229 veniet,
3255 4159 3318 4216 in
3339 4159 3556 4233 quibus

1908 4250 2097 4308 multa
2142 4250 2339 4307 habet.
2386 4251 2610 4323 Itaque,
2642 4250 2875 4319 fratres,
2906 4248 3152 4306 dulcedo
3194 4248 3378 4321 hujus
3424 4246 3555 4305 vita:

1908 4339 2080 4397 nobis
2110 4343 2466 4408 amarescat;
2511 4341 2752 4412 peccata
2799 4354 2926 4411 qua:
2959 4335 3230 4395 diabolus
3276 4337 3338 4394 in
3385 4335 3556 4394 nobis

1909 4429 2227 4503 cognoscit,
2248 4429 2420 4485 ﬂetus
2439 4426 2794 4501 poenitentiae
2814 4426 3028 4496 diluat;
3044 4425 3297 4501 jejunia,
3312 4424 3558 4483 eleemo-

1910 4537 2086 4591 synte,
2121 4517 2434 4584 orationes,
2465 4519 2524 4573 et
2569 4519 2779 4573 caetera
2822 4514 2977 4572 bona
3022 4518 3354 4589 perpetrata
3398 4512 3559 4572 mala

1909 4608 2222 4675 redimant,
2246 4610 2313 4663 ut
2353 4609 2570 4679 quanto
2611 4621 2769 4661 nunc
2801 4603 2991 4677 magis
3020 4620 3228 4661 sumus
3257 4604 3331 4660 de
3359 4601 3558 4660 anima

1909 4701 2111 4754 nostra
2158 4693 2543 4762 formidolosi,
2577 4697 2739 4750 tanto
2780 4692 2841 4749 in
2872 4693 3029 4750 exitu
3076 4692 3286 4749 animai
3342 4694 3557 4749 nostra:

1908 4786 2209 4844 valeamus
2241 4784 2431 4858 magis
2468 4800 2597 4841 esse
2637 4781 2848 4851 securi,
2873 4781 3156 4856 largiente
3183 4780 3430 4838 Domino
3460 4796 3560 4837 no.

1908 4882 1998 4933 tro
2027 4877 2167 4933 Jesu
2199 4873 2448 4940 Christo,
2470 4873 2570 4945 qui
2600 4888 2735 4928 cum
2784 4870 2953 4927 Patre
3000 4874 3058 4927 et
3103 4868 3325 4943 Spiritu
3355 4871 3558 4926 sancto

1906 4964 2046 5021 vivit
2074 4968 2131 5020 et
2160 4966 2364 5037 regnat
2392 4962 2546 5018 Deus
2576 4978 2679 5034 per
2707 4959 2905 5017 omnia
2933 4958 3148 5017 saecula
3185 4958 3554 5018 seculorum.

1906 5057 2112 5111 Amen.

2467 5139 2773 5196 HOMILIA
2808 5139 2998 5197 XXIV.

2124 5247 2398 5288 DOMINICA
2437 5244 2735 5285 UNDECIMA
2772 5245 2911 5285 POS’l‘
2945 5245 3307 5288 TRINITATEM.

1980 5323 2177 5379 Notum
2232 5321 2382 5376 vobis
2445 5319 2589 5391 facio
2654 5318 3013 5391 Evangelium
3070 5319 3213 5393 quod
3266 5316 3562 5392 praedicavi

1910 5412 2083 5479 vobis,
2113 5408 2257 5482 quod
2285 5416 2336 5464 et
2363 5408 2665 5480 accepistis,
2697 5409 2757 5463 in
2790 5424 2892 5480 quo
2922 5414 2973 5465 et
3007 5409 3188 5478 statis,
3213 5422 3315 5481 per
3344 5406 3484 5480 quod
3511 5413 3564 5463 et

1911 5501 2203 5558 salvemini
2231 5499 2279 5568 (Ι
2307 5501 2430 5556 Cor.
2462 5499 2576 5565 xv).
2605 5495 2921 5568 Tripartita
2948 5502 3038 5554 est
3065 5497 3189 5553 haec
3220 5493 3413 5562 lectio,
3446 5495 3563 5550 fra-

1912 5595 2031 5647 tres
2060 5588 2195 5646 mei.
2220 5587 2408 5645 Primo
2435 5585 2591 5641 enim
2617 5585 3089 5656 praedicationem
3119 5599 3292 5644 suam
3323 5584 3567 5657 Aposto-

1912 5679 2009 5742 lus
2038 5677 2429 5739 commendat.
2458 5674 2726 5734 Secundo
2755 5672 2968 5734 Christi
2992 5672 3353 5749 passionem,
3376 5666 3572 5754 sepulg

3160 5797 3249 5889 βξ
