3974 6076
441 279 602 343 3027

436 415 657 483 turam,
688 414 746 468 et
772 412 1256 470 resurrectionem
1286 413 1559 470 afﬁrmat.
1583 411 1776 470 Tertio
1806 430 1869 470 se
1895 412 2083 469 humi-
2111 414 2164 481 Α

432 494 562 558 liat.
597 500 858 558 Primum
890 502 1069 576 igitur
1096 503 1567 577 praedicationem
1591 519 1758 558 suam
1791 520 2083 559 commen-

436 588 606 658 dans,
630 588 711 646 ait
743 607 757 647 :
789 591 987 648 Notum
1012 592 1163 648 vobis
1202 593 1348 665 facio
1375 592 1735 661 Evangeliam
1766 592 1906 665 quod
1931 607 2083 665 prae-

434 676 620 735 dicavi
658 680 829 736 vobis.
862 681 943 736 Ac
991 680 1041 736 si
1097 685 1295 753 aperte
1342 680 1687 737 dicat:Non
1732 681 1886 738 sicut
1925 699 2086 738 error

435 770 494 824 et
536 766 935 825 inconstantia
991 770 1663 843 pseudopradicatorum
1711 771 1876 839 solet,
1929 788 2086 827 nunc

439 856 730 929 quadam,
753 858 928 914 modo
957 858 1072 914 alia
1116 860 1281 916 vobis
1311 859 1579 932 praedico,
1605 861 1705 917 sed
1753 859 1899 915 illud
1930 860 2085 915 idem

439 946 597 1018 quod
624 945 792 1003 vobis
848 947 1177 1020 pradicavi,
1213 965 1368 1005 nunc
1425 950 1601 1006 etiam
1658 950 1823 1006 vobis
1879 954 2086 1005 notum

438 1034 611 1103 facio,
641 1033 703 1091 id
733 1039 822 1092 est
859 1034 1006 1093 illud
1053 1038 1208 1111 quod
1242 1038 1427 1108 ,vobis
1476 1039 1803 1112 pradicavi,
1836 1056 2090 1112 praesens

440 1136 599 1193 voce,
624 1124 888 1182 moribus
934 1129 991 1182 et
1016 1127 1354 1197 virtutibus,
1389 1145 1524 1184 cum
1569 1128 1681 1185 sim
1715 1128 1948 1198 absens,
1982 1145 2089 1184 no-

438 1213 569 1269 tum
595 1213 761 1270 vobis
790 1213 938 1272 facio
969 1216 1204 1289 scripto.
1226 1217 1381 1273 Adeo
1408 1218 1621 1290 quippe
1648 1222 1773 1274 erat
1802 1217 2090 1275 sollicitus

439 1301 757 1376 Apostolus
788 1303 847 1359 in
876 1304 1199 1362 eruditione
1240 1306 1525 1380 gentium,
1551 1308 1707 1379 quod
1749 1325 1864 1364 non
1898 1307 2088 1364 solum

438 1396 759 1465 prasentes
788 1394 1228 1463 voce,moribus
1256 1400 1313 1452 et
1335 1396 1651 1453 virtutibus
1681 1397 2089 1464 conﬁrmabat,

444 1479 547 1537 sed
577 1481 755 1538 etiam
783 1481 1053 1539 absentes
1076 1487 1132 1540 et
1152 1485 1480 1542 nascituros
1502 1486 1718 1559 scripto
1741 1485 2090 1542 instruebat.

444 1568 511 1626 In
533 1584 649 1643 quo
671 1586 802 1628 mea
821 1571 1052 1646 meique
1073 1573 1469 1631 consimilium
1492 1575 1934 1648 praedicatorum
1957 1592 2092 1631 con-

444 1656 714 1716 funditur
742 1660 1116 1736 negligentia,
1132 1663 1231 1737 qui
1266 1681 1369 1720 nec
1398 1664 1669 1721 absentes
1700 1664 1955 1737 scriptis,
1990 1680 2095 1721 nec

446 1747 625 1805 etiam
657 1755 973 1822 prasentes
992 1752 1181 1809 verbis
1212 1752 1922 1823 iuformamus,talentum
1949 1769 2096 1826 pra-
2127 1783 2174 1849 Β

449 1835 759 1895 dicatiouis
806 1839 975 1897 nobis
1005 1842 1388 1899 commissum
1435 1842 1817 1900 occultantes.
1849 1842 1957 1908 Qui
1987 1842 2095 1899 etsi

449 1927 803 2011 quandoque
834 1927 1053 2003 aliquid
1104 1931 1241 1987 boni
1269 1932 1460 1988 verbis
1509 1931 1916 2005 pradicamus,
1949 1931 2096 1987 illud

449 2014 714 2074 moribus
734 2019 791 2074 et
810 2018 1086 2092 operibus
1107 2020 1483 2077 destruimus.
1509 2020 1891 2077 Commendat
1916 2020 2099 2095 igitur

444 2104 758 2177 Apostolus
792 2108 1264 2180 pradicationem
1305 2127 1475 2166 suam
1517 2108 1851 2178 Corinthiis,
1880 2109 2096 2181 quibus

444 2192 669 2263 scribit,
689 2196 1051 2268 persuadens
1077 2197 1162 2254 eis
1183 2197 1385 2254 multis
1407 2199 1598 2255 modis
1628 2203 1694 2254 ut
1723 2199 1780 2254 in
1812 2214 1881 2254 ea
1908 2215 2098 2271 perse-

442 2286 666 2339 verent.
699 2282 891 2340 Primo
922 2285 1158 2342 nomine
1206 2303 1335 2343 eam
1384 2288 1777 2354 commendat,
1800 2304 1935 2343 cum
1965 2304 2094 2343 eam

442 2374 613 2428 vocat
639 2371 1043 2446 Evangelium,
1068 2376 1224 2448 quod
1266 2375 1683 2448 interpretatur
1712 2356 1916 2432 bonum
1944 2393 2096 2431 nun-

446 2459 609 2528 tium,
641 2460 712 2516 de
741 2461 854 2518 ﬁde
883 2462 1106 2519 scilicet
1134 2467 1190 2519 et
1221 2464 1485 2522 moribus
1513 2463 1573 2520 in
1595 2464 1772 2522 vitam
1796 2469 2092 2522 aternam.

444 2547 520 2605 Et
547 2549 702 2622 quod
734 2550 1263 2620 nuntium,fratres
1295 2554 1432 2620 mei,
1455 2556 1648 2627 potest
1688 2571 1815 2611 esse
1858 2553 2092 2624 melius,

449 2652 629 2711 quam
659 2637 804 2695 illud
834 2641 991 2713 quod
1020 2658 1125 2713 per
1144 2642 1278 2699 ﬁdei
1306 2642 1627 2713 veritatem,
1650 2648 1708 2700 et
1738 2661 1967 2701 morum
1998 2644 2097 2701 ho~

448 2730 738 2783 nestatem
784 2728 948 2785 ducit
992 2747 1100 2788 nos
1156 2731 1215 2786 in
1272 2732 1455 2788 vitam
1510 2733 1824 2790 aeternam?
1877 2733 2096 2790 Deinde

448 2814 792 2874 auctoritate
841 2818 933 2875 sui
982 2819 1303 2893 apostolus,
1335 2824 1496 2895 quia
1524 2826 1635 2880 Deo
1683 2822 1753 2880 ad
1793 2823 2099 2897 pradican-

449 2903 581 2961 dum
606 2904 804 2964 missus
832 2916 970 2977 erat,
997 2911 1370 2967 commendat
1405 2911 1872 2984 pradicationem
1903 2929 2093 2983 suam,

450 3002 586 3051 cum
618 2995 777 3066 dicit,
804 2997 944 3072 quod
971 2998 1277 3072 pradicavi
1317 3002 1485 3058 vobis.
1509 3001 1888 3075 Susceptione
1919 3001 2095 3058 etiam

448 3080 713 3159 ipsorum
742 3087 1173 3145 Corinthiorum
1209 3090 1338 3162 (qui
1381 3089 1596 3148 relictis
1626 3090 1920 3148 erroribus
1946 3090 2095 3147 veri-

446 3174 627 3230 tatem
659 3177 1055 3251 susceperant)
1087 3178 1460 3235 commendat
1502 3196 1632 3235 eam
1672 3196 1806 3235 cum
1846 3180 2047 3236 subdit
2078 3196 2091 3235 :
2127 3162 2170 3229 C

449 3262 599 3332 Quod
623 3272 675 3321 et
703 3267 1003 3339 accepistis.
1026 3267 1203 3332 Quasi
1233 3266 1447 3324 diceret
1473 3285 1487 3323 :
1510 3268 1702 3342 Turpe
1739 3272 1896 3325 esset
1928 3267 2094 3325 vobis

445 3352 682 3428 cognita
698 3353 938 3412 veritate
955 3355 1538 3429 apostatare.Virtute
1554 3373 1682 3413 eam
1698 3359 2090 3426 commendat,

446 3457 582 3499 cum
613 3442 833 3514 subdit,
865 3445 925 3500 in
968 3460 1072 3517 quo
1102 3450 1154 3501 et
1179 3447 1354 3511 statis,
1376 3444 1620 3502 viriliter
1655 3445 1715 3502 in
1754 3445 2092 3515 virtutibus,

447 3529 551 3607 qui
584 3533 756 3588 antea
786 3549 890 3606 per
917 3531 1057 3588 vitia
1085 3532 1462 3590 difﬂuebatis.
1486 3533 1745 3592 Utilitate
1772 3551 1903 3611 eam
1930 3552 2091 3592 com-

447 3616 686 3675 mendat
706 3636 840 3676 cum
869 3620 1089 3689 subdit,
1106 3639 1208 3694 per
1229 3622 1369 3696 quod
1390 3632 1442 3679 et
1458 3624 1776 3696 salvamini,
1801 3624 1899 3697 qui
1922 3628 2094 3681 antea

447 3706 673 3764 aterna
694 3708 1055 3766 damnationi
1085 3710 1347 3785 deputati
1377 3713 1577 3769 eratis.
1604 3713 1669 3768 Et
1697 3713 1860 3785 quid,
1885 3714 2092 3770 fratres

448 3794 743 3869 mei,quid
775 3798 963 3872 magis
1002 3799 1224 3870 audire,
1247 3801 1389 3875 quid
1429 3801 1617 3875 magis
1656 3800 1922 3871 retinere,
1948 3801 2089 3875 quid

446 3885 638 3961 magis
658 3885 899 3961 diligere
916 3888 1198 3947 debemus
1220 3907 1397 3964 quam
1420 3890 1693 3947 nuntium
1715 3889 1858 3947 illud
1882 3891 2036 3965 quod
2057 3908 2092 3947 a

445 3978 561 4038 Deo
591 3998 696 4056 per
724 3981 1019 4057 apostolos
1040 3984 1128 4038 est
1157 3980 1326 4038 nobis
1358 3980 1628 4052 missum,
1642 3984 1699 4037 et
1719 3980 1874 4053 quod
1897 3996 2091 4036 susce-

442 4077 610 4151 ptum
642 4091 758 4131 non
791 4068 962 4130 debet
991 4070 1297 4141 mutari,et
1317 4070 1472 4144 quod
1496 4069 1633 4126 facit
1658 4086 1764 4127 nos
1797 4069 1855 4125 in
1876 4069 2089 4126 virtute

444 4168 618 4234 stare,
636 4168 693 4220 et
712 4164 785 4220 ad
807 4166 1084 4219 aternam
1108 4177 1214 4217 nos
1239 4159 1402 4216 ducit
1422 4158 1802 4216 salvationem
1816 4158 1844 4214 ?
1865 4164 2087 4233 Itaque,

441 4250 673 4325 fratres,
693 4269 925 4326 semper
944 4251 1185 4308 auribus
1206 4248 1584 4323 Evangelium
1611 4253 1932 4321 captemus,
1961 4267 2086 4306 cor-

1428 280 1824 343 ADDENDA.
1871 313 1949 324 —
1992 276 2390 343 RADULPHI
2432 280 2846 345 ARDENTIS.

3724 277 3865 341 2038
3930 258 3933 361 l

2194 415 2340 470 tione
2382 414 2813 487 praedicaverim
2858 416 3026 479 vobis,
3056 416 3109 471 si
3154 415 3423 483 retinetis,
3464 415 3597 470 nisi
3662 414 3865 485 frustra
3932 424 3933 439 π

2188 503 2516 560 credidistis.
2551 505 2791 560 Frustra
2840 504 3084 560 credidit
3114 504 3215 577 qui
3266 504 3458 577 primo
3490 502 3792 567 credidit,
3822 508 3865 557 et
3932 510 3933 513 ‘

2192 596 2394 665 postea
2420 591 2507 649 vel
2539 592 2786 662 dubitat,
2811 593 2900 650 vel
2929 610 3047 650 non
3095 592 3299 649 credit.
3320 593 3575 649 Frustra
3622 590 3867 648 credidi:

2194 681 2295 754 qui
2327 680 2478 739 male
2501 682 2749 739 videndo
2776 682 2911 739 ﬁdei
2941 682 3308 739 contradicit.
3336 682 3597 739 Frustra
3622 680 3867 739 credidit

2195 769 2296 844 qui
2325 769 2413 827 vel
2463 775 2636 845 negat
2680 771 2770 828 vel
2823 776 2977 828 tacet
3026 772 3264 845 quando
3316 772 3754 828 necessarium
3793 782 3867 826 es:

2196 859 2479 916 conﬁteri.
3934 870 3935 899 ι

2268 948 2546 1022 Sequitur
2574 966 2710 1023 pars
2741 951 3017 1020 secunda,
3048 950 3109 1006 in
3139 967 3258 1023 qua
3296 949 3634 1024 Apostolus
3658 948 3864 1006 Christi

2197 1037 2919 1113 passionem,sepulturam
2936 1043 2988 1096 et
3012 1039 3502 1097 resurrectionem
3521 1038 3861 1103 conﬁrmat,
3936 1064 3937 1099 ι

2198 1126 2387 1201 primo
2417 1128 2754 1185 testimonio
2790 1129 3247 1202 Scripturarum,
3272 1128 3485 1185 deinde
3513 1129 3859 1185 testimonia

2199 1216 2595 1290 apostolorum
2613 1222 2671 1273 et
2687 1218 3180 1275 suo.Testimonio
3198 1222 3393 1275 autem
3408 1217 3860 1291 Scripturarum

2198 1322 2297 1362 eas
2328 1306 2656 1375 confirmat,
2679 1323 2813 1363 cum
2845 1306 3022 1363 dicit:
3049 1312 3159 1378 Ego
3182 1309 3332 1364 enim
3361 1309 3422 1363 in
3446 1309 3671 1381 primis
3702 1307 3860 1363 tradi-

2198 1393 2259 1451 di
2287 1396 2437 1452 vobis
2468 1395 2608 1468 quod
2634 1404 2686 1453 et
2716 1398 2916 1472 accepi,
2949 1413 3065 1452 non
3114 1396 3188 1453 ab
3238 1395 3499 1453 homine.
3532 1394 3722 1453 Unde
3752 1395 3859 1468 ipse

2201 1483 2337 1540 alibi
2382 1500 2395 1539 :
2438 1485 2568 1556 Ego,
2623 1484 2834 1558 inquit,
2885 1501 2995 1542 non
3050 1487 3118 1541 ab
3174 1485 3394 1541 homine
3448 1487 3655 1558 accepi
3715 1484 3859 1543 illud.

2199 1590 2374 1646 neque
2427 1574 2633 1643 didici,
2688 1575 2779 1630 scd
2843 1591 2945 1646 per
3008 1575 3393 1631 revelationcm
3454 1576 3591 1632 Iesu
3670 1574 3863 1632 Chris'i

2203 1661 2343 1733 (Gal.
2377 1662 2417 1736 1)
2447 1681 2467 1719 :
2500 1662 2767 1732 Quoniam
2797 1663 3043 1720 Christus
3069 1672 3318 1720 mortuus
3353 1672 3433 1719 est
3472 1680 3585 1737 pro
3636 1666 3859 1736 peccatu

2202 1752 2404 1807 nostris
2430 1750 2725 1807 secundum
2769 1752 3121 1824 Scripturas;
3149 1759 3200 1808 et
3246 1754 3381 1824 quia
3406 1752 3675 1825 sepultus
3704 1759 3797 1817 est,
3821 1760 3861 1806 et

2206 1842 2338 1914 quia
2367 1843 2665 1897 resurrexit
2706 1840 3007 1897 secundum
3043 1842 3376 1913 Scripturas.
3412 1841 3597 1898 Porro
3652 1840 3857 1916 passio,

2207 1928 2529 2003 sepultura,
2561 1933 2618 1986 et
2670 1930 3017 1986 resurrectio
3046 1928 3283 1997 Christi,
3321 1930 3687 2004 signiﬁcata:
3740 1935 3859 1985 sunt

2204 2018 2264 2074 in
2296 2017 2634 2092 Scripturis,
2673 2036 2789 2076 non
2835 2017 3026 2075 solum
3054 2019 3267 2088 verbis,
3299 2019 3399 2075 sed
3431 2018 3627 2075 etiam
3684 2019 3856 2075 factis.

2207 2108 2273 2164 Et
2308 2108 2497 2164 verbis
2548 2108 2784 2182 quidem
2847 2107 3187 2182 signiﬁcata
3247 2113 3408 2175 sunt,
3440 2109 3747 2181 quoniam
3802 2109 3857 2164 de

2204 2197 2478 2271 passione
2507 2198 2633 2270 ejus
2663 2198 2932 2271 pradixit
2970 2196 3150 2254 Isaias
3180 2197 3418 2253 dicens:
3449 2197 3620 2255 Sicut
3660 2200 3779 2254 ocis
3802 2197 3859 2252 ad

2204 2288 2527 2343 occisionem
2576 2286 2770 2343 ductus
2812 2291 2902 2343 est
2951 2287 3102 2358 (Isai.
3145 2291 3284 2357 LIII).
3319 2286 3467 2343 Item
3520 2285 3725 2343 illud:
3760 2289 3861 2360 Ipse

2203 2384 2386 2432 autem
2410 2377 2728 2432 vulneratus
2756 2385 2834 2432 est
2875 2384 3097 2450 propter
3144 2377 3462 2449 iniquitates
3508 2384 3759 2445 nostras,
3788 2386 3859 2432 at-

2204 2467 2369 2521 tritus
2415 2472 2495 2522 est
2543 2473 2765 2538 propter
2818 2465 3023 2521 scelera
3060 2473 3249 2522 nostra
3289 2463 3500 2537 (ibid.).
3537 2464 3626 2521 De
3677 2464 3859 2539 sepul-

2204 2557 2336 2609 tura
2392 2552 2657 2626 pradixit
2712 2552 2867 2609 idem
2927 2553 2987 2608 in
3044 2570 3293 2626 persona
3340 2553 3585 2610 Patris:
3642 2560 3861 2628 Propter

2203 2643 2397 2710 scelus,
2438 2641 2650 2715 inquit,
2707 2643 2899 2716 popali
2951 2644 3082 2710 mei,
3124 2644 3375 2715 percussi
3426 2659 3563 2699 eum
3609 2652 3669 2700 et
3722 2643 3860 2700 dabit

2205 2732 2401 2805 impios
2453 2748 2556 2804 pro
2609 2730 2930 2804 sepultura,
2989 2739 3041 2788 et
3094 2730 3318 2787 divitem
3366 2748 3473 2804 pro
3531 2740 3716 2788 morte
3767 2750 3854 2789 sae

2207 2821 2419 2893 (Ibid.).
2477 2820 2558 2877 De
2615 2820 3040 2878 resurrectione
3091 2836 3325 2894 quoque
3382 2821 3520 2893 ejus
3592 2822 3851 2895 praedixit

2205 2909 2383 2967 Oseas
2433 2927 2447 2966 :
2504 2911 2809 2982 Viviﬁcabit
2854 2926 2971 2979 nos,
3022 2908 3234 2982 inquit,
3280 2917 3401 2983 post
3442 2909 3588 2966 duos
3639 2911 3775 2979 dies,
3812 2918 3858 2967 τι

2202 3001 2291 3058 die
2337 3000 2500 3056 tertia
2543 3000 2829 3056 suscitabit
2870 3015 2968 3055 nos
3015 2996 3156 3070 (0se.
3189 3000 3270 3067 II).
3316 2998 3386 3054 Et
3432 2997 3761 3057 Psalmista
3802 2998 3851 3055 in

2204 3106 2453 3164 persona
2509 3088 2696 3162 ipsius
2752 3086 3016 3144 Christi:
3062 3089 3334 3158 Exsurge,
3398 3088 3632 3161 inquit,
3690 3090 3852 3160 gloria

2205 3195 2347 3248 mea,
2379 3194 2632 3249 exsurge,
2660 3177 2989 3251 psalterium
3028 3184 3081 3233 et
3126 3178 3361 3244 cithara,
3393 3194 3683 3248 exurgunt
3725 3178 3849 3235 dita-

2203 3269 2325 3325 culo
2369 3269 2540 3339 (Psal.
2574 3268 2706 3341 LVI).
2731 3267 2921 3323 Factis
2967 3282 3199 3340 quoque
3242 3266 3641 3340 praeﬁgurata:
3695 3272 3849 3335 sunt;

2201 3356 2478 3432 projectio
2508 3356 2665 3413 enim
2711 3355 2872 3413 Jona
2918 3354 2979 3410 in
3028 3371 3189 3411 mare
3217 3353 3435 3410 Christi
3494 3356 3852 3429 passionem,

2201 3445 2493 3520 susceptio
2514 3446 2780 3519 ejusdem
2802 3444 2862 3500 in
2882 3448 3080 3501 ventre
3100 3443 3208 3501 ceti
3226 3442 3441 3500 Christi
3464 3444 3849 3518 sepulturam,

2201 3534 2449 3592 redditio
2475 3536 2604 3608 ejus
2632 3533 2743 3591 vivi
2774 3534 2833 3589 in
2877 3532 3043 3590 littus
3073 3531 3289 3589 Christi
3338 3534 3849 3599 resurrectionem,

2200 3628 2399 3698 aperte
2428 3622 2839 3698 praﬁguravit.
2861 3623 3055 3691 Porro,
3080 3622 3288 3678 fratres
3314 3620 3700 3690 mei,Christi
3730 3641 3849 3698 pas-

2200 3712 2286 3770 sio
2317 3731 2420 3788 pro
2450 3715 2701 3787 peccatis
2749 3713 2986 3781 nostris,
3019 3710 3323 3785 sepultura
3371 3714 3432 3767 et
3480 3713 3843 3780 resurrectio,

2200 3820 2317 3860 non
2363 3807 2593 3859 tantum
2624 3818 2659 3858 a
2687 3800 2941 3875 peccatis
2998 3798 3216 3856 nostris
3272 3815 3390 3855 non
3452 3800 3843 3865 redemerunt,

2197 3893 2299 3949 sed
2320 3891 2495 3949 etiam
2516 3891 2644 3964 ejus
2664 3906 2923 3948 amorem
2957 3889 3127 3947 nobis
3154 3889 3537 3963 ingesserunt
3576 3895 3641 3947 et
3676 3908 3844 3947 exem-

2197 3979 2362 4055 plum
2384 3979 2553 4038 nobis
2572 3980 3027 4053 prahuerunt,et
3044 3995 3079 4034 a
3098 3978 3350 4052 peccatis
3368 3977 3619 4052 quidem
3646 3978 3841 4036 nostris

2196 4087 2305 4126 nos
2333 4070 2726 4137 redemerunt,
2747 4066 3025 4141 quoniam
3047 4083 3153 4123 nec
3175 4065 3509 4141 originalia,
3525 4084 3637 4124 nec
3659 4076 3839 4125 actua-

2196 4158 2277 4216 lia
2298 4158 2468 4215 nobis
2491 4159 2860 4231 imputantur
2879 4157 2949 4213 ad
2972 4172 3228 4230 panem,
3241 4153 3292 4211 si
3309 4154 3579 4211 cruciﬁxi
3600 4157 3777 4214 ﬁdem
3795 4164 3841 4213 et

2196 4252 2563 4305 sacramenta
2584 4252 2871 4304 tenemus.
2894 4245 3072 4302 Nobis
3093 4261 3325 4319 quoque
3345 4262 3618 4319 amorem
3643 4247 3839 4304 Christi

441 4342 513 4401 de
551 4346 879 4410 teneamus,
904 4340 1180 4412 operibus
1223 4354 1616 4405 exerceamus,
1636 4338 1829 4394 verbis
1871 4340 2087 4411 pradi-
2192 4336 2634 4411 ingerunt,quia
2654 4336 2711 4391 in
2738 4335 2847 4392 hoc
2869 4335 3025 4409 quod
3047 4334 3313 4390 Christus
3335 4334 3511 4401 mori,
3534 4335 3840 4409 sepeliri,et

439 4448 661 4489 oemus.
677 4434 846 4487 Certa
862 4429 1076 4503 quippe
1096 4432 1185 4485 est
1205 4426 1505 4484 damnatio
1521 4443 1721 4483 eorum
1745 4427 1865 4499 qui,
1888 4426 2085 4485 relicto
2193 4443 2497 4499 resurgere
2513 4424 2693 4482 voluit
2714 4442 2817 4498 pro
2835 4423 3316 4497 nobis,quantum
3334 4440 3442 4478 nos
3459 4422 3743 4497 diligeret
3758 4442 3841 4481 no-

439 4514 769 4595 Evangelio,
804 4518 1032 4576 fabulas
1063 4522 1120 4575 et
1145 4517 1432 4574 vanitates
1472 4515 1676 4590 legunt
1713 4519 1771 4572 et
1809 4515 2081 4590 diligunt.
2113 4533 2160 4599 D
2194 4514 2284 4571 bis
2316 4513 2755 4582 demonstravit,
2779 4518 2836 4570 et
2866 4531 2972 4570 nos
2999 4513 3073 4569 ad
3104 4529 3165 4568 se
3204 4512 3600 4568 reamandum
3632 4515 3838 4569 arctius

439 4611 555 4681 Qua
584 4612 815 4676 ratione,
847 4607 1063 4680 inquit,
1081 4606 1502 4681 pradicaverim
1538 4606 1707 4671 vobis,
1737 4605 1788 4661 si
1814 4606 2081 4674 retinetis,
2124 4598 2133 4599 ί
2190 4603 2470 4661 invitavit.
2486 4604 2545 4660 Si
2562 4602 2718 4660 enim
2739 4606 2941 4659 tantus
2956 4607 3012 4658 et
3031 4601 3166 4657 talis
3182 4598 3472 4657 Dominus
3501 4604 3589 4657 tot
3609 4608 3671 4658 et
3692 4608 3843 4658 tanta

435 4702 551 4758 nisi
594 4702 809 4773 frustra
854 4696 1181 4755 credidistis.
1210 4694 1359 4762 Alia,
1385 4695 1594 4751 fratres
1641 4693 1776 4763 mei,
1800 4697 1889 4750 est
1933 4693 2080 4751 ratio
2189 4692 2326 4750 fecit
2342 4710 2446 4766 pro
2459 4693 2627 4749 nobis
2643 4690 3113 4765 servis,quiduos
3126 4690 3312 4746 facere
3329 4707 3435 4763 pro
3448 4707 3519 4747 eo
3532 4690 3839 4750 debemus?

436 4794 682 4862 natura,
705 4787 821 4846 alia
850 4787 997 4844 ratio
1042 4785 1197 4842 ﬁdei.
1226 4784 1394 4841 Ratio
1443 4784 1659 4858 quippe
1705 4787 1926 4840 natura
1970 4786 2077 4852 est,

437 4878 593 4955 quod
634 4877 683 4934 si
733 4875 947 4933 mulier
992 4874 1278 4947 concepit,
1303 4889 1437 4929 cum
1482 4871 1603 4929 viro
1652 4872 1985 4929 concubuit.
2019 4873 2079 4930 Si

434 4958 590 5023 Deus
631 4968 739 5034 est,
774 4962 921 5021 mori
971 4981 1087 5019 non
1134 4964 1367 5035 potest:
1401 4961 1451 5017 si
1498 4960 1673 5019 homo
1721 4965 1828 5030 est,
1860 4960 2079 5035 grediri

433 5069 613 5126 super
641 5070 825 5126 aquas
869 5071 986 5110 non
1033 5056 1244 5125 potest,
1277 5057 1332 5107 et
1360 5051 1720 5123 hujusmodi.
1748 5050 1914 5106 Ratio
1944 5067 2076 5108 vero

431 5140 568 5197 ﬁdei
597 5144 687 5197 est
706 5143 860 5214 quod
893 5142 990 5198 ille
1010 5141 1112 5214 qui
1140 5145 1229 5198 est
1248 5144 1452 5197 auctor
1479 5144 1698 5196 natura
1728 5156 1844 5195 non
1876 5140 2074 5211 subja-

429 5231 519 5286 cet
547 5234 789 5300 natura,
808 5231 908 5287 sed
932 5231 1127 5303 potius
1148 5234 1351 5286 contra
1370 5229 1624 5286 rationes
1649 5233 1706 5285 et
1735 5245 1944 5284 cursus
1975 5246 2074 5286 na-

425 5321 571 5375 tura
603 5332 773 5394 agere
802 5318 1294 5393 potest,videlicet
1319 5323 1384 5375 ut
1401 5318 1561 5391 virgo
1593 5317 1800 5390 pariat,
1820 5320 2071 5375 aternus

422 5406 526 5466 ﬁat
544 5406 904 5481 temporalis,
928 5407 1278 5465 immortalis
1300 5407 1599 5476 moriatur,
1615 5411 1673 5464 et
1694 5423 1871 5481 super
1886 5424 2071 5481 aquas

418 5496 495 5555 ab
520 5496 760 5554 homine
790 5494 1147 5567 ambuletur,
1171 5501 1229 5553 et
1256 5496 1616 5569 hujusmodi.
1642 5495 1721 5552 De
1750 5495 1861 5552 hac
1890 5496 2070 5570 igitur

416 5584 645 5677 ratione
672 5582 948 5661 intelligit
991 5583 1089 5641 hic
1136 5584 1472 5659 Apostolus,
1499 5602 1634 5644 cum
1664 5584 1745 5643 ait
1777 5602 1790 5641 :
1827 5586 1943 5659 Qua
1974 5604 2064 5645 να.

2187 4781 2531 4855 Exemplum
2561 4780 2736 4839 etiam
2765 4781 2937 4837 nobis
2964 4780 3669 4855 prahuerunt,quoniam
3690 4780 3839 4838 Chri-

2188 4875 2315 4929 stus
2344 4888 2556 4944 passus
2585 4874 2675 4927 est
2704 4887 2808 4943 pro
2833 4869 3001 4926 nobis
3022 4872 3183 4925 sexta
3205 4865 3365 4936 feria,
3393 4867 3664 4926 Sabbato
3691 4870 3839 4944 quie-

2184 4960 2268 5017 vit
2296 4960 2357 5016 in
2378 4958 2876 5033 sepulcro,octavo
2900 4958 2993 5014 die
3022 4955 3359 5026 resurrexit,
3373 4961 3443 5012 ut
3463 4973 3577 5014 nos
3607 4975 3837 5032 quoque

2183 5066 2289 5123 per
2307 5067 2407 5107 sex
2427 5048 2552 5105 dies
2572 5047 2752 5121 hujus
2776 5046 2975 5104 saeculi
2998 5064 3100 5121 pro
3130 5063 3196 5103 eo
3225 5045 3495 5102 laborare
3519 5050 3579 5102 et
3604 5047 3733 5121 pati
3754 5049 3835 5103 de-

2182 5139 2318 5196 bere
2339 5139 2783 5205 demonstraret,
2801 5140 2857 5193 et
2878 5138 2961 5193 ita
2980 5136 3052 5193 ab
3074 5136 3182 5192 hoc
3203 5133 3418 5191 saeculo
3435 5138 3833 5207 transeuntes,

2181 5228 2241 5284 in
2264 5228 2541 5295 Sabbato,
2558 5227 2615 5283 id
2648 5231 2735 5284 est
2766 5226 2825 5282 in
2857 5225 3109 5299 septima
3137 5227 3324 5294 atate,
3344 5223 3687 5281 secundum
3720 5244 3833 5283 cor-

2179 5334 2291 5392 pus
2321 5316 2381 5373 in
2412 5315 2715 5390 sepulcris,
2740 5320 2798 5372 et
2817 5316 3144 5372 secundum
3170 5314 3435 5371 animam
3466 5312 3529 5369 in
3565 5316 3829 5388 paradiso

2178 5407 2440 5482 requiem
2471 5405 2776 5463 habituros
2805 5422 2818 5461 :
2843 5409 2901 5462 et
2929 5405 2990 5461 in
3020 5409 3242 5472 octava,
3266 5403 3328 5461 id
3350 5406 3443 5460 est
3459 5404 3733 5476 generali
3764 5421 3831 5460 re-

2175 5497 2556 5564 surrectione,
2581 5495 2641 5550 in
2671 5498 2886 5551 aterna
2912 5493 3333 5569 gloriﬁcations
3372 5498 3823 5550 resurrecturus

2175 5586 2393 5646 Deinde
2420 5583 2757 5643 testimonia
2805 5582 3203 5660 apostolorum
3250 5580 3470 5640 Christi
3519 5582 3823 5645 conﬁrmat
