3974 6076
6 554 17 593 ῑ

130 338 288 397 9039

796 335 1148 396 HOMILIAZ
1195 336 1271 395 ΙΝ
1318 334 1565 397 EPIST.
1615 333 1716 394 ET
1750 332 2034 395 EVANG.
2081 334 2431 396 DOMINIC.
2465 365 2536 379 -ο
2569 334 2768 396 PARS
2811 335 2889 397 Il.

3368 337 3529 403 203.0

133 466 641 534 resurrectionem,
660 482 794 522 cum
827 466 1145 523 subditzEt
1173 471 1305 539 quia
1335 470 1480 522 visus
1497 465 1776 538 estCephaz
1804 467 1858 534 Α
1889 465 1971 521 fui
2006 465 2221 533 malus,
2252 482 2321 521 ex
2351 483 2444 522 me
2492 470 2686 524 autem
2732 465 2821 523 vel
2862 483 2933 523 ex
2962 465 3186 524 meritis
3218 469 3387 537 meis,
3419 482 3528 529 nee

139 555 198 611 id
244 560 333 612 est
363 555 548 623 Petro,
582 555 713 628 ipsa
741 554 832 612 die
862 555 1327 612 resurrectionis.
1352 555 1512 611 Unde
1548 555 1772 610 Lucas:

8 648 17 683 ⁵
125 646 382 701 Surrexit
405 646 671 701 Dominus
701 648 1177 718 vere,etapparuit
1205 643 1423 701 Simoni
1433 644 1581 715 (Luc.
1596 644 1774 715 xxxv);

6 756 11 773 ι
123 735 189 790 Et
231 742 354 806 post
395 735 494 790 hoc
540 734 813 801 undecim,
835 734 1032 807 januis
1080 735 1302 802 clausis,
1337 737 1403 789 ut
1428 734 1685 789 Joannes
1714 736 1774 788 et

5 828 15 865 ε
127 824 315 879 Lucas
346 823 670 879 ostendunt
695 828 861 880 Joan.
894 841 968 879 xx
991 842 1008 891 ;
1030 825 1157 879 Luc.
1189 822 1366 895 xxrv).
1401 821 1612 877 Deinde
1618 823 1772 894 plus-

127 929 293 985 quam
323 914 637 986 quingentis
663 913 931 985 fratribus
958 912 1145 980 simul,
1176 929 1247 968 ea:
1296 913 1495 984 quibus
1541 911 1773 983 quidam

122 1010 347 1058 manent
360 1019 530 1075 usque
540 1001 743 1068 adhuc,
760 1001 987 1075 quidam
999 1008 1179 1057 autem
1196 1000 1555 1056 dormierunt.
1572 1000 1773 1056 Deinde

126 1092 277 1147 visus
305 1099 384 1146 est
428 1091 622 1148 Iacobo
650 1091 845 1147 deinde
883 1091 1140 1164 apostolis
1171 1091 1447 1145 omnibus.
1476 1089 1593 1146 Has
1623 1090 1771 1145 duas

126 1179 521 1252 apparitiones
536 1179 597 1234 in
618 1184 773 1235 textu
801 1183 1055 1252 quatuor
1074 1178 1519 1252 Evangeliorum
1541 1195 1658 1236 non
1688 1179 1773 1234 in-

121 1267 415 1325 venimus.
440 1268 603 1324 Unde
633 1268 992 1325 advertimus
1021 1268 1336 1324 Dominum
1358 1267 1577 1341 pluries
1598 1285 1772 1340 appa-

124 1357 316 1414 ruisse
363 1374 541 1431 quam
576 1375 610 1414 a
653 1362 906 1430 quatuor
951 1356 1336 1431 Evangelistis
1383 1356 1764 1413 describatur.

124 1446 329 1504 Tradit
357 1451 553 1503 autem
582 1447 788 1503 beatus
815 1446 1203 1519 Hieronymus
1220 1446 1373 1519 quod
1392 1445 1768 1520 Evangelium

6 1552 9 1589 ξ
120 1535 557 1592 Nazarenorum
588 1534 867 1592 describit
894 1535 1176 1591 Jacobum
1202 1535 1438 1591 fratrem
1461 1535 1687 1592 Domini
1707 1553 1770 1593 se

122 1624 424 1681 devovisse
472 1642 587 1680 non
631 1627 1051 1691 comesturum,
1102 1641 1289 1696 usque
1347 1625 1488 1679 dum
1548 1625 1770 1681 videret

121 1713 441 1770 Dominum
471 1713 875 1771 resurrexisse.
895 1713 1057 1769 Unde
1085 1717 1143 1769 et
1162 1713 1214 1770 ei
1238 1713 1364 1787 ipsa
1395 1713 1487 1769 die
1518 1730 1770 1770 resurre-

122 1802 337 1860 ctionis
368 1803 656 1860 Dominus
683 1818 971 1876 apparens
999 1802 1082 1859 ait
1115 1820 1128 1859 :
1163 1825 1191 1853 «
1227 1802 1377 1859 Pone
1409 1819 1673 1860 mensam
1713 1820 1772 1876 et

122 1892 386 1958 comede,
420 1890 699 1965 quoniam
734 1889 889 1946 filius
920 1890 1220 1947 bominisa
1242 1891 1491 1947 mortuis
1510 1904 1764 1949 resurre-

119 1981 207 2037 xit
222 2004 249 2031 ››
261 1980 483 2049 Deinde,
498 1980 709 2053 inquit,
726 1981 872 2036 visus
883 1989 959 2036 est
979 1980 1234 2052 apostolis
1252 1980 1530 2049 omnibus,
1546 1981 1603 2036 in
1617 1980 1768 2037 Gali-

6 2094 7 2129 :
119 2070 230 2127 Iaca
260 2069 481 2127 scilicet
509 2074 567 2126 et
595 2069 656 2124 in
686 2072 885 2125 monte
915 2068 1117 2125 Oliveti
1147 2068 1207 2125 in
1237 2068 1330 2125 die
1370 2069 1763 2127 Ascensionis.

193 2159 472 2216 Eamdem
487 2175 620 2214 vero
633 2158 1114 2215 resurrectionem
1129 2175 1236 2215 suo
1249 2158 1605 2216 confirmans
1614 2161 1767 2232 Apo-

6 2276 7 2279 η
118 2248 312 2307 stolus
358 2247 716 2317 testimonio,
766 2247 966 2304 subdit
1006 2263 1018 2301 ε
1054 2248 1354 2304 Novissime
1391 2256 1573 2304 autem
1621 2252 1769 2306 visus

6 2366 9 2401 ;
115 2346 200 2395 est
225 2346 277 2394 et
294 2337 456 2407 mihi,
471 2336 692 2394 scilicet
721 2336 781 2392 in
810 2335 904 2392 via
933 2337 1168 2409 quando
1198 2337 1354 2393 ibam
1395 2339 1761 2395 Damascum.

6 2458 7 2491 ;
116 2428 224 2485 Est
252 2430 445 2484 autem
472 2443 608 2499 pars
638 2425 901 2495 tertia,in
934 2442 1051 2498 qua
1077 2424 1389 2499 Apostolus
1411 2443 1472 2482 se
1496 2426 1766 2484 bumiliat

6 2544 9 2577 φ
117 2516 181 2573 in
213 2520 485 2589 quatuor,
509 2514 779 2570 videlicet
806 2514 866 2569 in
898 2518 1098 2571 coacta
1127 2514 1594 2585 conversione,in
1616 2522 1765 2573 exte-

119 2606 366 2677 nuitals,
416 2604 477 2660 in
517 2603 886 2677 indignitate,
933 2602 993 2659 in
1031 2603 1195 2660 nulla
1243 2605 1314 2660 de
1365 2622 1428 2661 se
1476 2623 1763 2678 praesum-

6 2744 7 2747 η
116 2695 317 2768 ptione
337 2693 443 2749 Per
471 2696 730 2749 coactam
761 2692 1192 2749 conversionem
1223 2710 1287 2749 se
1316 2693 1762 2762 bumiliat,cum

117 2782 264 2840 dicit
296 2799 310 2837 :
342 2783 642 2838 Novissime
669 2788 931 2854 tanquam
972 2783 1216 2838 abortivo
1252 2790 1305 2838 et
1346 2783 1507 2839 mihi.
1542 2783 1765 2841 Dicitur

116 2876 317 2928 autem
366 2870 692 2927 abortivum
740 2871 977 2942 quando
1019 2875 1155 2926 ante
1184 2874 1416 2943 tempus
1446 2872 1766 2930 nativitatis

6 3016 7 3031 χ
115 2961 532 3035 imperfectum
563 2958 633 3015 de
663 2962 827 3015 utero
857 2958 1202 3027 extrahitur,
1236 2959 1307 3015 de
1337 2960 1505 3032 cujus
1533 2959 1653 3016 vita
1671 2961 1765 3018 de-

6 3088 9 3123 ε
114 3053 406 3124 speratur.
440 3046 601 3105 Talis
630 3052 755 3105 erat
780 3047 1115 3121 Apostolus,
1147 3047 1268 3120 qui,
1302 3051 1563 3121 tempore
1603 3066 1761 3106 crea-

6 3164 7 3169 π
110 3138 295 3196 tionis
343 3142 685 3195 easterorum
734 3136 1154 3210 apostolorum,
1187 3140 1418 3193 creatus
1461 3137 1762 3211 apostolus

113 3245 236 3284 non
258 3232 347 3285 est
376 3227 448 3282 ad
483 3225 952 3300 praedicationem
965 3224 1317 3293 Christi,sed
1338 3226 1507 3299 quasi
1524 3226 1758 3282 violenti
1790 3211 1834 3279 C
1872 3226 2229 3300 evangelista
2257 3226 2649 3300 quorumdam
2678 3225 3038 3299 superbiam,
3070 3225 3190 3283 ait:
3217 3227 3379 3285 Dixit
3407 3232 3518 3286 Do-

8 3362 9 3389 ;
115 3334 298 3373 manu
330 3317 403 3372 de
430 3320 597 3372 utero
646 3316 963 3389 Synagogae
1012 3317 1304 3371 extractus
1346 3318 1403 3370 et
1450 3332 1764 3372 conversus

113 3410 228 3465 est.
242 3406 321 3462 De
350 3405 522 3478 cujus
549 3405 739 3461 salute
773 3404 1145 3477 desperatum
1170 3403 1441 3472 erat,nisi
1460 3404 1761 3477 gratiaDei

120 3495 513 3555 subvenisset.
530 3498 596 3549 Et
627 3493 886 3566 quidem,
904 3493 1111 3549 fratres
1142 3491 1275 3561 mei,
1291 3498 1763 3566 spontaneacon-

114 3582 306 3639 versio
336 3581 570 3656 dignior
598 3586 688 3637 est
718 3598 895 3654 quam
921 3582 1216 3636 coacta.Et
1245 3586 1440 3637 tamen
1471 3599 1539 3638 ex
1565 3588 1765 3639 coacta

112 3669 697 3741 conversione,multi
726 3669 833 3725 viri
862 3670 1099 3743 perfecti
1133 3669 1490 3726 claruerunt.
1525 3671 1631 3728 Per
1659 3689 1759 3728 ex-

110 3760 460 3817 tenuitatem
492 3776 554 3817 se
584 3758 875 3831 bumiliat,
908 3775 1042 3815 cum
1074 3759 1305 3815 subdit:
1338 3761 1446 3832 Ego
1473 3763 1619 3817 enim
1639 3778 1764 3818 sum

106 3850 377 3905 minimus
403 3850 791 3922 apostolorum,
823 3847 933 3904 hoc
960 3852 1050 3903 est
1078 3848 1380 3905 vocatione
1409 3866 1542 3905 sum
1574 3854 1763 3907 extre-

111 3955 272 4007 mus,
286 3938 388 4012 qui
420 3937 642 3995 scilicet
669 3954 805 3993 cum
834 3937 1060 3994 caeteris
1089 3936 1368 4010 apostolis
1393 3955 1507 3995 non
1528 3939 1761 3996 interfui

113 4026 391 4085 familiari
421 4025 711 4083 consortio
733 4030 792 4083 et
819 4025 1111 4099 colloquio
1151 4026 1383 4096 Christi,
1418 4028 1521 4083 sed
1562 4033 1765 4101 postea

111 4114 200 4173 eis
230 4115 313 4171 fui
342 4116 627 4189 adjectus.
660 4114 768 4172 Per
795 4115 1206 4188 indignitatem
1238 4132 1301 4172 se
1320 4115 1763 4185 bumiliat,cum

114 4203 349 4261 subdit:
367 4205 483 4277 Qui
504 4219 612 4260 non
635 4220 759 4259 sum
777 4204 979 4274 dignus
1008 4205 1194 4259 vocari
1220 4205 1514 4276 apostolus.
1530 4206 1600 4262 Et
1627 4223 1764 4279 qua-

115 4292 219 4350 re?
251 4292 391 4363 Quia
433 4299 749 4365 persecutus
798 4309 921 4348 sum
971 4293 1266 4349 Ecclesiam
1300 4294 1417 4349 Dei.
1450 4294 1615 4361 Ecce,
1649 4296 1764 4352 fra-

116 4385 242 4438 tres
272 4380 409 4449 mei,
440 4378 683 4454 Paulus,
696 4398 799 4437 vas
829 4379 1131 4437 electionis
1159 4386 1216 4437 et
1245 4381 1447 4439 doctor
1475 4382 1765 4456 gentium,

119 4469 224 4544 qui
276 4469 411 4544 plus
461 4469 737 4527 omnibus
799 4469 1107 4540 laboravit,
1156 4487 1273 4527 non
1321 4471 1650 4529 considerat
1691 4474 1766 4530 ad

1886 556 2078 611 bonus
2108 572 2375 622 sum,nec
2407 572 2534 612 esse
2556 555 2935 629 possum,sed
2959 572 3028 612 ex
3047 555 3173 613 sola
3191 557 3294 614 Dei
3312 560 3523 632 gratia,

1884 661 1953 700 ex
1982 662 2102 717 qua
2132 645 2310 701 etiam
2343 644 2527 701 habeo
2550 645 2705 718 quod
2734 662 2889 715 sum,
2922 644 3146 702 scilicet
3164 646 3527 718 quodgratia

1880 736 2005 808 ejus
2037 736 2097 791 in
2119 752 2213 791 me
2242 751 2421 792 vacua
2450 751 2563 792 non
2589 735 2722 807 fuit.
2743 736 2808 791 In
2829 752 2896 791 eo
2916 739 3006 791 est
3024 751 3206 792 vacua
3225 736 3328 793 Dei
3338 738 3529 810 gratia

1883 825 1985 897 qui
2016 824 2101 881 vel
2125 825 2241 882 Deo
2272 824 2536 898 ingratus
2568 823 3524 896 existit,veltalentumobscondit,

1881 912 1968 969 vel
2002 931 2115 970 non
2148 917 2496 988 perseverat,
2527 916 2585 970 et
2610 913 2744 970 talis
2775 931 2891 970 non
2923 913 3034 969 fuit
3071 913 3398 986 Apostolus.
3431 915 3525 973 ln~

1880 1006 2085 1076 gratus
2112 1003 2268 1059 enim
2293 1019 2408 1059 non
2438 1001 2568 1071 fuit,
2591 1002 2693 1076 qui
2718 1002 2867 1058 dixit
2893 1020 2907 1059 :
2943 1002 3155 1059 Gratia
3182 1004 3287 1060 Dei
3308 1018 3443 1061 sum
3460 1005 3528 1062 id

1879 1093 2031 1163 quod
2052 1108 2199 1147 sum.
2233 1091 2544 1148 Talentum
2574 1091 2731 1148 enim
2761 1108 2877 1148 non
2908 1091 3232 1160 abscondit,
3247 1093 3526 1166 quivivus

1880 1185 1938 1237 et
1979 1186 2247 1237 mortuus
2296 1197 2527 1253 semper
2572 1180 2925 1253 praedicavit.
2968 1180 3377 1249 Perseveravit,
3420 1182 3526 1257 qui

1880 1287 1985 1327 nec
2017 1274 2224 1338 morte,
2258 1287 2361 1326 nec
2385 1269 2866 1339 vita,acharitate
2895 1268 2997 1326 Dei
3021 1268 3280 1343 separari
3311 1272 3521 1343 potuit.

1879 1360 1997 1415 Nos
2028 1375 2184 1431 ergo,
2220 1359 2450 1427 fratres,
2482 1357 2745 1431 exemplo
2772 1357 3035 1432 Apostoli
3064 1357 3361 1426 instructi,
3375 1358 3524 1417 nihil

1879 1447 2049 1504 nobis
2079 1446 2467 1514 ascribamus,
2483 1464 2788 1520 nunquam
2822 1447 2892 1503 de
2910 1445 3137 1504 meritis
3158 1446 3378 1505 nostris
3390 1464 3527 1506 cona-

1878 1538 2170 1606 ﬁdamus;
2205 1535 2493 1610 quidquid
2523 1534 2660 1592 boni
2689 1535 2997 1603 habemus,
3021 1535 3122 1593 Dei
3151 1535 3351 1610 gratiae
3366 1538 3526 1595 attri-

1877 1627 2149 1694 buamus,
2171 1627 2279 1682 Deo
2301 1623 2524 1681 auctori
2554 1641 2786 1698 semper
2814 1624 3034 1697 gratias
3054 1641 3321 1700 agamus,
3343 1625 3526 1685 talen-

1878 1719 2003 1770 tum
2027 1712 2196 1770 nobis
2216 1712 2600 1769 commissum
2622 1713 2695 1769 ad
2726 1712 3036 1771 utilitatem
3049 1712 3299 1771 aliorum
3328 1731 3525 1790 eroge-

1881 1819 2034 1869 mus,
2069 1805 2126 1859 et
2156 1818 2390 1875 semper
2409 1801 2469 1858 in
2500 1801 2652 1858 bono
2679 1818 3048 1874 perseverare
3075 1804 3517 1876 contendamus,

1881 1896 1946 1949 ut
1972 1892 2043 1948 ad
2076 1896 2354 1948 aeternam
2390 1890 2811 1947 beatitudinem
2852 1890 3153 1963 pervenire
3198 1890 3518 1951 valeamus.

1877 1981 1984 2037 Per
2011 1979 2327 2037 Dominum
2360 1983 2625 2035 nostrum
2655 1978 2859 2035 Jesum
2908 1977 3227 2050 Christum,
3253 1980 3356 2054 qui
3383 1998 3520 2041 cum

1877 2071 2042 2127 Patre
2088 2074 2146 2126 et
2194 2068 2413 2142 Spiritu
2458 2072 2658 2124 sancto
2704 2067 2845 2124 vivit
2890 2072 2949 2124 et
2977 2073 3184 2144 regnat
3209 2069 3386 2144 Deus,
3417 2086 3524 2145 per

1874 2158 2074 2216 omnia
2105 2157 2317 2215 saecula
2342 2156 2712 2214 saeculorum.
2747 2158 2948 2216 Amen.

2442 2264 2745 2321 HOMILIA
2777 2264 2949 2327 ΧΧν.

2104 2353 2376 2393 DOMIFICA
2413 2353 2708 2393 UNDECIMA
2745 2353 2885 2393 POST
2918 2353 3267 2395 ΤΒῙΝῙΤΔΤΕΠ

1941 2429 2099 2483 Dicit
2133 2428 2400 2483 Dominus
2428 2425 2770 2498 adquosdam
2798 2427 2963 2499 quiin
2975 2426 3516 2499 seconﬁdebanttan-

1872 2532 2037 2589 quam
2056 2517 2214 2588 justi,
2227 2523 2277 2571 et
2288 2516 2723 2588 aspernabantur
2747 2522 2987 2584 ueteres,
3014 2516 3340 2588 parabolam
3353 2518 3519 2576 istam

1878 2606 2056 2662 dicens
2089 2622 2102 2661 :
2134 2605 2250 2661 Duo
2281 2604 2549 2673 homines,
2578 2607 2687 2660 etc.
2721 2605 2854 2672 (Luc
2871 2604 3055 2677 XVIII.)
3087 2604 3152 2661 In
3190 2604 3299 2663 hac
3328 2602 3519 2664 sancti

1873 2693 2168 2767 Evangelii
2196 2692 2459 2759 lectione,
2484 2693 2692 2748 fratres
2713 2692 3068 2763 charissimi,
3083 2693 3520 2753 demonstratur

1873 2783 2014 2856 quid
2045 2782 2321 2855 superbia
2349 2781 2563 2838 habeat
2592 2780 2651 2836 in
2684 2797 2748 2838 se
2779 2779 3015 2852 mali,et
3043 2781 3185 2854 quid
3212 2781 3519 2841 humilitas

1872 2871 2084 2929 habeat
2112 2871 2171 2926 in
2202 2887 2266 2927 se
2295 2869 2452 2941 boni,
2485 2873 2542 2925 et
2570 2868 2679 2925 hoc
2704 2869 2879 2926 modo
2904 2885 2917 2926 :
2943 2867 3136 2927 Primo
3167 2870 3520 2930 describitur

1872 2960 2262 3034 quorumdam
2294 2958 2590 3032 superbia,
2624 2958 2882 3015 secundo
2910 2957 3150 3031 ponitur
3178 2962 3383 3017 contra
3411 2975 3517 3020 eos

1871 3049 2168 3123 parabole,
2214 3047 2385 3105 tertio
2428 3047 2865 3104 demonstratur
2893 3047 3038 3120 quid
3068 3047 3347 3121 superbia
3391 3065 3517 3107 med

1872 3143 2092 3205 rentur,
2121 3142 2177 3193 et
2197 3137 2338 3210 quid
2369 3135 2693 3194 humilitas.
2724 3135 3069 3193 Describens
3098 3136 3279 3211 igitur
3321 3137 3515 3210 primo

1869 3318 2060 3373 minus
2090 3319 2171 3372 ad
2187 3316 2461 3389 quosdam
2490 3315 2588 3389 qui
2620 3316 2679 3371 in
2707 3332 2767 3372 se
2812 3316 3186 3387 confidebant,
3219 3320 3331 3387 etc,
3362 3317 3519 3376 Sunt

1873 3409 2089 3473 autem,
2106 3405 2311 3461 fratres
2341 3404 2475 3472 mei,
2491 3408 2743 3476 quatuor
2756 3403 3276 3478 speciessuperbim
3289 3421 3304 3462 :
3319 3405 3519 3465 Prima

1872 3499 1961 3551 est
1971 3492 2211 3566 cumqui
2224 3494 2444 3550 bonum
2457 3493 2613 3565 quod
2626 3492 2944 3562 habet,non
2955 3492 3518 3562 aDeo,sedasesssti-

1873 3587 1995 3639 mat
2024 3599 2088 3639 se
2117 3581 2354 3652 habere,
2369 3586 2426 3638 et
2454 3581 2539 3638 ita
2565 3581 2821 3637 divinam
2845 3580 2957 3639 sibi
2983 3583 3307 3656 arrogando
3323 3587 3517 3642 aucto—

1871 3670 2126 3738 ritatem,
2159 3688 2220 3728 se
2249 3670 2473 3726 idolum
2532 3674 2590 3726 et
2630 3668 3022 3727 idololatriam
3070 3670 3247 3729 simul
3296 3672 3516 3731 consti-

1869 3760 1999 3816 tuit.
2035 3759 2195 3816 Talis
2224 3759 2334 3815 fuit
2362 3759 2626 3833 apostala
2655 3758 2918 3833 angelus,
2951 3759 3052 3833 qui
3082 3758 3382 3818 divitatem
3402 3760 3519 3820 sibi

1870 3849 2053 3906 voluit
2081 3865 2373 3922 arrogare.
2388 3848 2559 3906 Tales
2572 3848 3064 3923 fueruntgentiles
3092 3848 3446 3925 philosophi,
3459 3854 3525 3909 et.

1873 3938 2043 3995 multi
2074 3937 2249 3995 etiam
2272 3937 2404 3995 falsi
2425 3937 2761 4008 Christiani,
2785 3937 2888 4011 qui
2918 3939 2991 3994 de
3045 3937 3228 3997 libero
3275 3939 3516 3998 arbitrio

1871 4026 3095 4101 prmsumentes,putantseingenio,viribns
3105 4031 3165 4085 et
3175 4026 3517 4097 laboresuo,

1872 4133 1938 4174 ea
1981 4134 2108 4190 qua:
2139 4117 2359 4172 habent
2388 4119 2732 4173 sonsecutos
2775 4115 2959 4173 fuisse
2985 4114 3282 4174 dicentes:
3314 4121 3523 4175 Manus

1871 4213 2075 4262 nostra
2103 4206 2350 4272 excelsa,
2380 4213 2436 4260 et
2464 4220 2579 4261 non
2606 4208 2755 4261 Deus
2782 4204 2918 4276 fecit
2948 4209 3067 4262 hau:
3086 4204 3284 4262 munia
3325 4205 3515 4279 (Deut.

1872 4296 2070 4363 χχχιι).
2105 4292 2264 4350 Talis
2288 4296 2412 4350 erat
2441 4292 2849 4366 Horatius,qui
2874 4292 3049 4350 dixit:
3072 4316 3103 4346 (ι
3123 4294 3515 4368 [Equumani-

1876 4399 2039 4438 mum
2072 4382 2197 4455 ipse
2222 4383 2461 4456 parabo.
2478 4404 2508 4433 »
2521 4380 2692 4439 Tales
2721 4385 2889 4439 erant
2915 4386 2972 4440 et
2991 4381 3076 4439 illi
3105 4383 3178 4440 de
3202 4382 3527 4458 quibusait

1876 4471 2056 4529 David
2091 4488 2105 4528 :
2137 4473 2311 4528 Labia
2340 4479 2531 4529 nostra
2560 4489 2595 4528 a
2622 4473 2781 4529 nobis
2805 4480 2955 4541 sunt,
2987 4473 3113 4545 qui:
3140 4480 3323 4531 noster
3352 4475 3521 4535 Domi

120 4574 339 4633 magna
369 4558 937 4649 meritasua,qumin
961 4557 1125 4649 luero
1140 4558 1531 4649 infirnitatum
1547 4561 1770 4619 anima-
1798 4584 1845 4649 D
1874 4578 1980 4618 nus
2008 4562 2125 4618 est?
2155 4562 2324 4634 (Psal.
2355 4565 2459 4632 χι.)
2489 4562 2559 4618 Et
2587 4561 2710 4618 haec
2736 4560 2967 4636 proprie
2996 4561 3214 4619 dicitur
3241 4578 3518 4637 arrogan~

116 4663 275 4720 rum,
300 4651 358 4704 et
405 4647 464 4703 in
510 4647 829 4721 scriptione
876 4646 1234 4721 Evangelicze
1284 4648 1582 4719 doctrinae,
1614 4654 1671 4706 et
1708 4651 1768 4707 in
1798 4646 1835 4649 ﬁ
1878 4650 1978 4707 tia.
2013 4651 2188 4707 Porro
2218 4649 2355 4707 huic
2386 4650 2609 4724 species
2637 4649 2923 4725 superbiae
2952 4650 3245 4708 contraria
3271 4654 3362 4709 est
3406 4651 3521 4708 hu-

118 4735 327 4794 multis
355 4736 657 4794 laboribus
684 4740 741 4793 et
771 4735 1149 4809 passionihus
1175 4737 1549 4810 acquisierat,
1580 4740 1680 4796 sed
1696 4741 1770 4796 ad

116 4829 425 4899 peccatum
456 4826 613 4899 quod
649 4826 886 4894 fecerat,
903 4829 963 4882 et
992 4826 1063 4881 ad
1091 4824 1341 4883 aliorum
1374 4827 1771 4900 apostolorum

121 4914 335 4972 merita
364 4932 598 4988 semper
635 4913 836 4971 oculos
874 4914 1130 4982 tenebat,
1163 4920 1229 4971 ut
1258 4914 1341 4972 ita
1383 4934 1614 4990 semper
1660 4917 1774 4975 sibi

119 5003 369 5061 humilis
389 5012 565 5075 esset,
598 5009 657 5061 et
685 5002 834 5061 alios
866 5003 975 5060 sibi
1009 5010 1388 5077 praeponeret.
1424 5008 1607 5072 Quem
1666 5024 1774 5064 nos

122 5109 229 5166 pro
279 5092 503 5150 viribus
552 5093 770 5150 nostris
820 5092 1139 5162 imitantes,
1173 5094 1380 5150 fratres
1418 5094 1772 5163 charissimi,

129 5197 440 5253 nunquam
488 5182 560 5238 ad
608 5182 851 5251 bonum,
885 5181 934 5238 si
983 5183 1137 5255 quod
1170 5180 1477 5251 habemus,
1506 5182 1565 5239 in
1605 5184 1776 5241 nobis

137 5269 516 5341 aspiciamus,
549 5271 650 5327 sed
681 5289 913 5345 semper
940 5276 1177 5344 peccata
1206 5275 1405 5328 nostra
1433 5276 1490 5328 et
1528 5272 1776 5329 aliorum

136 5359 295 5416 bona
321 5363 455 5416 ante
485 5358 684 5416 oculos
709 5365 940 5418 nostros
978 5378 1289 5434 ponamus,
1312 5365 1376 5417 ut
1420 5361 1502 5417 ita
1549 5378 1782 5436 semper

140 5462 251 5504 nos
291 5445 695 5519 humiliemus,
742 5452 802 5504 et
846 5448 993 5506 alios
1046 5449 1215 5506 nobis
1250 5466 1678 5523 praeponamus.
1714 5452 1779 5509 In

145 5533 307 5592 nulla
340 5535 411 5592 de
440 5551 503 5593 se
530 5536 982 5610 prmsumptione
1002 5555 1065 5595 se
1094 5537 1535 5609 bumiliat,cum
1557 5540 1776 5597 subdit:

147 5624 357 5687 Gratia
384 5626 486 5686 Dei
508 5643 637 5685 sum
662 5628 725 5684 in
748 5628 899 5704 quod
942 5645 1089 5687 sum.
1113 5631 1194 5690 Ac
1224 5629 1275 5689 si
1324 5629 1500 5691 dicat.
1534 5648 1548 5691 :
1579 5632 1663 5690 Ex
1685 5647 1781 5692 me

1880 4738 2101 4795 milites
2134 4737 2250 4800 illa.
2268 4756 2395 4812 quae
2425 4756 2486 4796 se
2517 4739 2745 4796 nullum
2775 4740 2995 4797 bonum
3023 4756 3058 4796 a
3085 4739 3378 4798 sehabere
3406 4755 3526 4798 cre—

1885 4828 1994 4884 dit.
2026 4828 2294 4884 Secunda
2324 4832 2414 4884 est
2443 4845 2578 4884 cum
2604 4828 2738 4901 quis
2752 4829 2972 4886 bonum
2986 4829 3142 4902 quod
3154 4827 3533 4887 habetcredit

1886 4933 1949 4973 se
1978 4916 2193 4973 habere
2223 4934 2258 4973 a
2286 4916 2423 4986 Deo,
2456 4918 2557 4974 sed
2598 4935 2667 4975 ex
2710 4918 2937 4974 meritis
2967 4916 3112 4974 suis.
3146 4916 3319 4975 Tales
3343 4917 3524 4989 (unde

1882 5005 2200 5063 dolendum
2228 5006 2335 5079 est)
2370 5012 2508 5062 sunt
2536 5007 2709 5064 hodie
2735 5005 3020 5080 plerique,
3046 5006 3266 5080 quibus
3298 5005 3350 5064 si
3380 5023 3524 5064 eon-

1883 5095 2146 5152 ferantur
2174 5113 2208 5150 a
2232 5095 2349 5151 Deo
2379 5095 2614 5163 divitiae,
2644 5095 2733 5152 vel
2764 5094 3151 5168 honores,,vel
3182 5095 3521 5170 dignitates,

1884 5189 2095 5258 putant
2123 5201 2186 5240 se
2216 5201 2321 5257 pro
2350 5184 2574 5241 meritis
2607 5185 2733 5242 suis
2764 5185 2885 5241 haec
2913 5201 2949 5241 a
2974 5185 3091 5241 Deo
3120 5184 3435 5259 accepisse,
3468 5190 3529 5244 et

1884 5274 2007 5330 hac
2038 5273 2271 5347 proprie
2299 5273 2678 5346 praesumptio
2709 5273 2925 5329 dicitur
2958 5272 3105 5330 Huic
3133 5274 3537 5335 contrariaest.

1886 5362 2191 5419 humilitas
2220 5361 2322 5418 illa
2351 5379 2478 5435 qum
2510 5362 2652 5418 dicit
2684 5380 2699 5431 ;
2732 5362 2930 5419 Gratia
2975 5362 3079 5420 Dei
3117 5381 3253 5421 sum
3280 5363 3341 5420 id
3370 5364 3526 5437 quod

1888 5469 2042 5509 sum.
2077 5450 2275 5508 Tertia
2303 5456 2414 5520 est,
2444 5466 2579 5507 cum
2600 5450 2734 5524 quis
2752 5451 2939 5523 jactat
2964 5467 3028 5509 se
3045 5451 3260 5510 habere
3305 5453 3533 5510 bonum

1890 5541 2045 5615 quod
2079 5558 2195 5597 non
2226 5539 2421 5597 habet.
2449 5557 2579 5614 qua;
2610 5541 2839 5614 proprie
2868 5545 2959 5599 est
2985 5540 3443 5616 hypocritarum,
3473 5546 3536 5599 et

1889 5631 2011 5691 haec
2039 5629 2273 5710 proprie
2295 5628 2581 5707 jactantia
2609 5629 2843 5703 dieitur,
2875 5630 2970 5690 cui
3000 5630 3103 5689 illa
3146 5628 3373 5705 species
3419 5630 3534 5712 hu:
