3974 6076
433 298 588 364 2031

1434 301 1828 366 ADDENDA.
1864 335 1941 349 —
1970 300 2367 367 RADULPHI
2408 304 2829 370 ARDENTIS.

3708 302 3861 367 203!

434 431 705 490 militatis
729 433 1022 490 contraria
1048 437 1156 500 est,
1182 450 1308 506 qum
1339 451 1651 507 nunquum
1680 434 1807 491 vult
1836 434 2078 492 dicime-
2105 435 2160 502 Α
2188 435 2317 493 iste.
2346 435 2405 492 Si
2436 436 2589 493 enim
2621 438 2841 511 gratias
2871 437 2989 494 Deo
3014 440 3210 511 ageret
3234 437 3306 493 de
3334 435 3513 495 bonis
3544 434 3675 493 sibi
3698 436 3865 493 colla-

433 521 546 578 lior
591 538 770 595 quam
819 522 917 579 sit.
950 523 1165 588 Quarta
1194 528 1283 580 est
1321 540 1455 579 cum
1486 524 1620 596 quis
1649 524 1937 597 despectis
1967 541 2076 581 cae-

432 611 594 680 teris,
615 610 991 685 singulariter
1014 612 1233 684 appetit
1262 611 1440 668 videri
1472 613 1624 685 quod
1657 612 1851 678 habet,
1869 617 1926 669 et
1955 613 2077 669 haec

431 700 665 774 proprie
695 701 971 775 superbia
998 701 1231 758 dicitur.
1263 702 1564 775 Superbus
1592 706 1716 759 erat
1762 702 2076 776 Pompeius

431 788 535 862 qui
556 790 771 847 habere
799 791 1034 847 nolebat
1061 791 1345 864 aequalem
1371 808 1384 847 :
1418 791 1608 848 Caesar
1632 809 1767 848 vero
1798 809 2078 866 arrogans

434 882 579 948 erat,
613 878 715 952 qui
745 878 982 936 nolebat
1012 881 1131 953 pati
1177 880 1557 953 superiorem.
1593 880 1738 936 Huic
1786 881 2079 937 contraria

435 971 525 1024 est
552 966 655 1023 illa
681 966 1008 1038 humilitas,
1044 985 1168 1042 quae
1198 969 1375 1025 etiam
1407 970 1627 1026 bonum
1677 970 1833 1043 quod
1881 970 2075 1037 habet,

434 1053 773 1113 dissimulat
803 1060 860 1113 et
888 1057 1054 1131 tegit,
1086 1061 1151 1113 ut
1177 1058 1348 1114 vilior
1368 1058 1590 1115 caeteris
1618 1057 2081 1115 habeaturzsicut

434 1142 691 1219 legimus
738 1146 810 1202 de
852 1147 1107 1219 quadam
1138 1146 1589 1214 sanctimoniali,
1621 1164 1748 1219 quae
1779 1163 1913 1203 cum
1946 1146 2079 1203 reli-

435 1232 719 1309 giossima
766 1240 940 1304 esset,
974 1253 1037 1294 se
1082 1236 1251 1309 quasi
1301 1235 1541 1292 stultam
1591 1235 1928 1293 simulabat.
1962 1236 2081 1292 Has

435 1327 690 1397 quatuor
734 1322 959 1399 species
1002 1326 1253 1382 tumoris
1297 1324 1490 1381 innuit
1548 1325 1904 1400 evangelista
1947 1323 2079 1382 illos

432 1411 734 1482 habuisse,
779 1418 983 1471 contra
1032 1431 1179 1487 quos
1227 1415 1513 1471 Dominus
1560 1414 1655 1469 hic
1708 1413 2077 1487 loquebatur.

434 1501 581 1559 Nam
629 1503 986 1559 conﬁtebant
1028 1503 1089 1558 in
1140 1521 1222 1572 se,
1248 1521 1364 1560 non
1413 1504 1471 1558 in
1526 1505 1660 1569 Deo,
1696 1521 1810 1559 non
1841 1520 1911 1560 ex
1940 1504 2077 1573 Deo,

433 1591 535 1649 sed
557 1608 627 1649 ex
649 1592 943 1649 industria
962 1592 1196 1667 propria
1217 1610 1279 1650 se
1299 1594 1521 1649 bonum
1552 1592 1765 1649 habere
1781 1596 2077 1665 putantes,

434 1696 541 1738 nec
578 1684 744 1738 erant
780 1681 949 1754 justi,
979 1683 1079 1739 sed
1115 1686 1397 1756 tanquam
1421 1680 1569 1753 justi
1612 1685 1847 1738 caeteros
1878 1698 2081 1754 asper-

434 1771 748 1828 nabantur.

504 1860 782 1934 Sequitur
812 1878 948 1935 pars
977 1861 1327 1933 secunda,in
1360 1876 1476 1933 qua
1504 1861 1576 1917 ad
1608 1860 2079 1916 contundendam

434 1964 637 2008 eorum
668 1949 1051 2024 multiplicem
1086 1950 1444 2024 superbiam,
1478 1948 1777 2006 inducitur
1805 1948 2082 2022 parabola

434 2038 666 2096 Domini
697 2040 769 2096 de
798 2041 1048 2114 superbo
1070 2042 1255 2113 justo,
1291 2043 1348 2096 et
1377 2039 1585 2095 humili
1609 2044 2078 2111 peccatore,cum

436 2128 697 2186 dicitur:
729 2131 844 2186 Dno
904 2130 1148 2187 homines
1195 2128 1555 2186 ascenderunt
1596 2130 1658 2184 in
1706 2129 1970 2200 templum
2018 2134 2080 2183 ut

432 2226 656 2276 orarent
685 2235 698 2274 :
722 2234 870 2274 unus
897 2218 1300 2285 th‘iswus,et
1330 2217 1472 2273 alter
1499 2217 2077 2273 Publicanus.Ascen-

436 2308 669 2376 derunt,
702 2306 915 2379 inquit,
943 2306 1002 2361 in
1046 2305 1356 2379 templum,
1391 2306 1547 2378 quod
1597 2305 1669 2361 ad
1714 2304 1968 2362 litteram
2018 2306 2077 2361 in

433 2394 803 2454 eminentiori
832 2394 958 2452 loco
991 2395 1172 2450 situm
1201 2399 1344 2451 erat.
1375 2394 1446 2449 Et
1476 2393 1796 2461 moraliter,
1830 2394 2077 2466 quicun-

434 2502 549 2560 que
577 2488 731 2543 recte
757 2484 883 2541 vult
912 2501 1077 2541 orare
1109 2484 1281 2540 debet
1308 2482 1430 2539 ima
1474 2482 1749 2539 vitiorum
1790 2485 2075 2553 deserere,

434 2578 494 2634 et
522 2574 812 2631 desiderio
844 2575 917 2630 ad
957 2573 1075 2629 alta
1122 2573 1533 2640 conscendere,
1563 2572 1951 2642 Aseenderunt,
1987 2574 2078 2629 in-

434 2664 582 2740 quit,
612 2672 673 2721 ut
702 2671 942 2721 orarent.
975 2664 1120 2719 Ecce
1149 2663 1441 2735 quomodo
1472 2664 1630 2717 recta
1660 2661 1836 2718 fuerit
1872 2679 2075 2719 eorum

430 2754 701 2813 intentio.
732 2753 793 2813 Si
849 2769 986 2827 ergo
1032 2768 1180 2825 opus
1222 2750 1532 2824 utriusque
1563 2750 1737 2806 fuerit
1765 2751 1985 2808 bonum
2013 2751 2076 2809 in

433 2861 661 2919 genere,
694 2847 753 2901 et
782 2846 1007 2900 rectum
1037 2841 1380 2908 intentione,
1415 2857 1595 2913 quare
1625 2858 1740 2896 non
1772 2844 2075 2913 acceptum

432 2934 609 2991 fuerit
645 2929 1155 3004 utrumque?quia
1185 2945 1333 3002 opus
1353 2928 1533 2984 unius
1555 2928 1839 2984 fermento
1876 2945 2077 3002 super-

432 3021 539 3079 bim
571 3019 684 3077 fuit
708 3018 1003 3091 vitiatum,
1037 3021 1095 3073 et
1123 3033 1273 3089 opus
1303 3014 1544 3072 alterius
1570 3015 1939 3072 sondimento
1970 3016 2078 3073 hu-

432 3110 702 3168 militatis
730 3108 842 3165 fuit
872 3106 1372 3164 commendatum.
1405 3106 1592 3160 Tanta
1621 3108 1711 3161 est
1745 3105 1924 3174 enim,
1959 3106 2074 3162 fra-

2186 526 2282 593 tis,
2305 526 2453 583 bene
2482 527 2685 600 utique
2713 528 2947 584 faceret.
2970 527 3095 600 Ipse
3123 531 3318 584 autem
3340 526 3465 601 agit
3484 525 3737 600 gratias
3756 544 3861 582 non

2185 618 2307 671 tam
2338 616 2407 672 de
2437 632 2543 671 suo
2572 616 2724 673 bono
2746 633 2924 689 quam
2947 616 3019 672 de
3040 616 3228 673 alieno
3251 616 3429 672 malo.
3444 616 3707 673 Gratias
3722 615 3862 689 agit,

2186 721 2303 760 non
2325 708 2447 761 tam
2480 704 2618 777 quia
2648 706 2772 778 ipse
2804 705 2949 762 bene
2970 705 3511 780 egisset,quantum
3537 705 3863 778 quiaalius

2186 798 2505 866 peccasset.
2531 794 2759 850 Gratias
2791 795 2930 868 agit,
2946 812 3063 852 non
3089 799 3211 851 tam
3242 794 3381 868 quia
3406 795 3541 867 ipse
3576 800 3755 851 esset
3776 795 3864 851 hi)-

2186 899 2319 950 nus,
2353 886 2641 955 quantum
2665 883 2804 956 quia
2835 883 3016 941 solus.
3052 884 3316 941 Peccavit
3336 884 3519 957 igitur
3553 883 3860 956 multipli-

2186 970 2348 1039 citer,
2379 975 2506 1026 tum
2556 972 2697 1045 quia
2746 972 2803 1028 in
2853 972 3025 1030 bonis
3063 972 3188 1030 suis
3218 972 3419 1029 minus
3448 972 3567 1028 sibi
3606 971 3857 1045 placuit,

2185 1062 2313 1115 tum
2345 1060 2484 1133 quia
2512 1059 2658 1118 alios
2689 1060 3060 1134 contempsit,
3073 1065 3201 1117 tum
3235 1061 3375 1135 quia
3403 1078 3469 1118 se
3487 1061 3582 1117 eis
3616 1076 3859 1133 compa

2186 1164 2347 1218 rans,
2379 1164 2449 1205 ex
2474 1165 2676 1205 eorum
2705 1150 3079 1223 depressione
3109 1149 3219 1207 sibi
3251 1148 3503 1223 glortam
3546 1150 3857 1223 quaesivit,

2185 1241 2315 1293 tum
2348 1238 2488 1310 quia
2516 1254 2578 1294 se
2603 1237 2881 1307 laudavit,
2914 1243 3040 1295 tum
3069 1239 3209 1312 quia
3236 1238 3490 1295 aliorum
3538 1239 3701 1294 vitia
3742 1257 3855 1295 non

2185 1327 2612 1401 compatiendo,
2633 1329 2733 1385 sed
2754 1329 2948 1401 potius
2968 1328 3307 1387 insultando
3334 1329 3707 1396 numeravit,
3728 1333 3853 1385 tum

2188 1416 2326 1488 quia
2356 1417 2427 1473 de
2453 1417 2826 1489 generalibus
2856 1418 3034 1485 vitiis,
3055 1418 3114 1473 in
3144 1416 3505 1490 singularem
3530 1417 3853 1475 detractio-

2188 1522 2321 1561 nem
2353 1506 2671 1573 descendit,
2698 1511 2757 1563 et
2786 1524 2921 1563 cum
2953 1508 3187 1564 deberet
3216 1505 3679 1563 multitudinem
3722 1525 3853 1581 pec-

2189 1598 2455 1651 catorum
2486 1595 2683 1652 fratris
2712 1613 2815 1668 per
2844 1595 3188 1652 charitatcm
3220 1596 3442 1652 orando
3469 1600 3617 1653 ante
3667 1596 3851 1653 Deum

2189 1684 2609 1756 operire,visus
2638 1690 2727 1741 est
2755 1686 2910 1759 apud
2939 1685 3123 1742 Deum
3150 1701 3285 1741 eum
3316 1685 3605 1741 incusare
3628 1685 3850 1753 dicens,

2188 1774 2336 1828 velut
2360 1775 2530 1829 etiam
2557 1776 2648 1830 hic
2675 1774 3223 1843 Publicanus.Quasi
3255 1774 3496 1831 diceret.
3531 1775 3699 1831 Huic
3746 1776 3853 1832 Pu-

2188 1860 2439 1930 blicano,
2455 1862 2555 1935 qui
2587 1879 2703 1919 non
2727 1867 2816 1919 est
2837 1862 3052 1920 similis
3067 1864 3233 1933 mihi,
3248 1879 3365 1920 non
3384 1863 3573 1920 debes
3593 1881 3848 1938 parcere.

2186 1951 2252 2007 Et
2298 1951 2637 2007 Publicanus
2680 1968 2713 2008 a
2772 1953 2931 2023 longe
2975 1961 3144 2023 stans,
3194 1969 3305 2009 non
3372 1952 3624 2009 audebat
3683 1956 3851 2011 oculos

2188 2039 2258 2095 ad
2284 2041 2484 2097 osclum
2513 2040 2709 2097 levare.
2742 2041 3345 2112 Econtrario,l’ratrcs,
3358 2041 3456 2097 hic
3486 2041 3848 2114 publicanus

2187 2133 2455 2203 peccator
2483 2134 2607 2185 erat
2638 2131 2892 2197 nomine,
2916 2133 3184 2203 peccator
3209 2133 3334 2187 erat
3355 2147 3559 2203 opcre,
3576 2138 3849 2205 peccator

2187 2222 2312 2275 erat
2339 2218 2720 2275 conscientia.
2748 2219 2998 2276 Nomine
3026 2220 3167 2292 quia
3193 2219 3503 2276 Publicani
3536 2220 3842 2289 dicuntur,

2187 2307 2288 2380 qui
2321 2306 2699 2380 implicantur
2726 2304 2976 2381 publicis
3014 2308 3382 2377 criminibus,
3413 2308 3507 2365 vel
3560 2312 3843 2383 negotiis,

2188 2413 2314 2469 quae
2341 2395 2436 2451 vix
2462 2395 2551 2451 vel
2582 2414 2886 2469 nunquam
2916 2397 3041 2455 sine
3070 2401 3307 2471 peccato
3353 2402 3620 2471 possunt
3672 2401 3842 2457 mini-

2187 2484 2380 2541 strari.
2414 2488 2690 2541 Peccator
2714 2488 2840 2541 erat
2868 2501 3061 2558 opere,
3095 2485 3234 2558 quia
3264 2489 3389 2542 erat
3415 2486 3563 2544 talis
3609 2488 3839 2561 qualem

2184 2573 2463 2630 describit
2527 2572 2876 2643 l‘harisaeus,
2944 2573 3211 2630 videlicet
3276 2576 3502 2648 raptor,
3556 2576 3836 2649 injustas,

2184 2662 2431 2718 adulter.
2463 2663 2736 2719 Peccator
2764 2666 2888 2719 erat
2917 2663 3295 2729 conscientia,
3330 2664 3533 2737 seipso
3564 2666 3646 2722 de
3680 2684 3745 2723 se
3771 2672 3839 2724 te-

2184 2751 2529 2808 stimonium
2574 2751 2922 2823 perhibenti,
2969 2769 3103 2807 cum
3151 2752 3235 2807 ait
3274 2768 3289 2808 :
3338 2754 3506 2821 Deus,
3560 2758 3839 2828 propitius

2182 2845 2291 2895 esto
2331 2840 2473 2894 mihi
2512 2841 2797 2912 peccatori.
2830 2843 2972 2895 Cum
3020 2856 3157 2913 ergo
3204 2839 3340 2898 talis
3387 2846 3445 2897 et
3478 2842 3631 2900 talis
3666 2852 3833 2914 esset,

2182 2931 2378 2984 tamen
2422 2928 2563 3001 quia
2608 2945 2669 2985 se
2719 2928 2999 3002 despexit.
3033 2934 3089 2984 et
3118 2946 3181 2985 se
3208 2928 3572 3000 humiliavit,
3608 2935 3834 2992 veniam

2183 3017 2416 3073 meruit.
2444 3016 2773 3073 Pharisaeus
2814 3034 2954 3073 suas
2999 3018 3244 3074 virtutes
3295 3022 3353 3074 et
3400 3019 3672 3079 aliorum
3714 3024 3839 3080 vitia

2183 3105 2604 3163 considerando
2636 3123 2697 3163 se
2716 3104 2941 3174 extulit,
2954 3105 3170 3163 etalios
3191 3108 3571 3182 contempsit.
3596 3111 3839 3170 Econtn

432 3205 570 3271 tres,
602 3199 766 3257 labes
796 3195 1103 3271 superbiai,
1134 3195 1288 3268 quod
1334 3198 1858 3267 quantumcunque
1896 3194 2073 3251 fuerit
2102 3177 2145 3246 C
2181 3194 2540 3251 Publicanus
2569 3213 2678 3252 sua
2706 3194 2845 3251 vitia
2874 3199 2932 3252 et
2969 3194 3215 3252 aliorum
3261 3177 3513 3255 virtutes
3562 3203 3837 3259 consido-

433 3307 582 3363 opus
614 3290 856 3355 bonum,
888 3302 993 3359 per
1023 3300 1151 3341 eam
1184 3281 1600 3356 corrumpitur.
1636 3284 1751 3339 Hoc
1794 3286 1885 3339 est
1920 3282 2078 3340 enim

431 3378 579 3436 illud
626 3376 922 3435 modicum
965 3375 1342 3439 fermentum,
1382 3372 1536 3444 quod
1585 3375 1769 3429 totam
1818 3389 2076 3431 massam

433 3465 759 3541 corrumpit
780 3467 831 3537 (ι
859 3464 980 3521 Cor.
1010 3462 1087 3535 v).
1122 3465 1190 3517 Et
1216 3460 1538 3517 econtrario
1568 3464 1800 3518 tantum
1837 3465 1927 3519 est
1970 3462 2075 3519 bo-

432 3574 577 3615 num
607 3551 1149 3624 humilitatis,quod
1180 3553 1705 3623 quantumcunque
1734 3551 1908 3607 fuerit
1927 3567 2075 3624 opus

430 3645 675 3713 malum,
731 3658 836 3718 per
882 3656 1012 3697 eam
1057 3639 1424 3695 emendatur.
1472 3640 1810 3711 Phariswus,
1856 3639 2073 3713 inquit,

426 3742 577 3792 stans
605 3735 725 3792 hac
751 3731 896 3804 apud
914 3746 970 3787 se
997 3728 1212 3786 orabat.
1248 3728 1572 3785 Pharisaeus
1593 3728 1704 3783 iste
1720 3728 1923 3801 justus
1951 3733 2075 3786 erat

427 3822 685 3892 nomine,
701 3820 842 3895 quia
859 3821 1060 3893 justus
1089 3817 1495 3891 opere,justus
1516 3817 1694 3873 etiam
1723 3817 2067 3889 intentione,

424 3912 541 3970 nisi
588 3928 719 3970 eam
764 3907 905 3967 vitio
952 3907 1238 3981 superbiae
1289 3906 1666 3978 corrupisset.
1700 3906 1906 3963 Jastus
1944 3912 2071 3965 erat

422 4000 680 4071 nomine,
696 3997 835 4073 quia
862 3994 1148 4053 theriszei
1168 3994 1513 4051 dicebantur
1533 3993 1773 4067 quidam
1791 3994 2067 4070 religiosi,

425 4090 527 4166 qui
557 4089 630 4147 ob
661 4087 960 4162 religionis
990 4084 1442 4150 observantiam,
1475 4100 1510 4140 a
1538 4083 1801 4140 saeculari
1840 4084 1959 4141 vita
2006 4101 2068 4142 se

425 4180 794 4253 separabant.
826 4175 991 4233 Unde
1019 4178 1077 4231 et
1111 4172 1410 4241 Pharisaei,
1439 4172 1498 4228 id
1546 4176 1637 4229 est
1679 4172 1867 4243 divisi,
1900 4191 2067 4231 voca-

423 4270 662 4327 bantur.
691 4268 899 4325 Justus
929 4267 1055 4321 erat
1083 4279 1277 4336 opere,
1309 4261 1448 4335 quia
1475 4261 1613 4319 viiia
1642 4261 1880 4332 vitabat,
1913 4262 2068 4335 rapi-

423 4375 583 4427 nam,
607 4355 985 4428 injustitiam,
1018 4350 1392 4418 adulterium,
1425 4354 1482 4407 et
1509 4351 1660 4408 bona
1691 4352 1957 4420 faciebat,
1973 4353 2065 4425 je-

410 4447 636 4522 junans
660 4448 718 4502 et
745 4443 1005 4501 decimas
1034 4442 1279 4498 donans.
1302 4439 1511 4496 Justus
1530 4441 1706 4496 etiam
1738 4445 1861 4497 erat
1881 4440 2068 4499 inten-

2187 3301 2347 3353 rans,
2377 3282 2637 3357 seipsum
2669 3284 2958 3356 despexit,
2990 3289 3049 3341 et
3074 3284 3222 3342 alios
3241 3284 3355 3341 sibi
3385 3288 3663 3359 praetulit
3709 3292 3838 3347 dum

2186 3390 2249 3430 se
2268 3378 2326 3430 et
2354 3373 2427 3430 ab
2457 3374 2735 3430 omnibus
2764 3378 2822 3429 et
2851 3390 2885 3429 a
2914 3375 3245 3431 sanctuario
3276 3391 3589 3448 separans,
3616 3396 3658 3435 a
3682 3379 3839 3455 longe

2183 3462 2367 3533 stetit,
2384 3478 2447 3519 se
2475 3462 2751 3519 omnibus
2780 3462 3044 3520 viliorem
3073 3466 3130 3520 et
3148 3465 3492 3523 sanctuario
3526 3467 3839 3543 indignum

2175 3550 2474 3623 judicans.

2254 3640 2468 3698 Habuit
2487 3639 2668 3714 igitur
2695 3641 3015 3697 maximam
3063 3640 3482 3713 humilitatem,
3522 3644 3741 3703 habuit
3787 3654 3836 3704 et

2181 3730 2454 3787 comitem
2485 3731 2613 3803 ejus
2643 3729 2949 3803 pludorem
2979 3733 3037 3786 et
3065 3731 3499 3789 confusionem.
3533 3733 3715 3792 Unde
3741 3753 3833 3793 nec

2179 3819 2379 3877 oculos
2409 3820 2482 3875 ad
2514 3817 2727 3876 cmlum
2758 3818 3020 3876 attollere
3050 3837 3232 3878 ausus
3256 3824 3367 3877 est.
3398 3822 3633 3879 Habuit
3664 3824 3833 3898 igitur

2177 3912 2235 3966 et
2271 3909 2590 3965 maximam
2640 3925 2710 3965 ex
2757 3908 3051 3981 przedictis
3099 3912 3299 3965 natam
3326 3910 3529 3967 cordis
3558 3912 3828 3970 conlritio

2178 4014 2335 4054 nem.
2351 3997 2514 4054 Unde
2542 4000 2601 4054 et
2629 3996 2852 4069 percuti
2860 3996 2993 4052 ebat
3011 4001 3217 4070 pectus
3235 4014 3433 4066 suum,
3452 4000 3541 4055 sei
3548 4016 3736 4072 psum
3751 4019 3831 4057 ar-

2174 4103 2410 4155 cusans,
2443 4086 2706 4159 seipsum
2736 4085 3035 4157 judicans,
3066 4086 3327 4160 seipsum
3367 4088 3658 4160 puniens.
3692 4090 3826 4147 Cum

2176 4175 2333 4233 enim
2364 4191 2463 4231 cor
2489 4177 2757 4230 nostrum
2783 4174 2860 4229 sit
2884 4174 2943 4229 in
2961 4175 3327 4248 pectore,qui
3349 4176 3613 4248 percutit
3628 4182 3827 4250 pectus

2176 4282 2372 4332 suum,
2388 4264 2644 4320 ostendit
2665 4264 2819 4337 quod
2849 4280 2948 4320 cor
2967 4280 3143 4320 suum
3165 4280 3301 4320 eum
3321 4271 3587 4333 accusat,
3593 4268 3823 4339 judicat

2173 4357 2232 4411 et
2258 4356 2511 4425 torquet.
2545 4351 2757 4408 Habuit
2786 4356 2842 4408 et
2869 4368 3067 4408 veram
3099 4352 3817 4421 confessionem,cumait:

2173 4448 2336 4511 Deus,
2362 4442 2638 4515 propitius
2665 4448 2772 4497 esto
2799 4441 2945 4496 mihi
2964 4443 3255 4514 peccatori.
3283 4442 3422 4498 Sine
3445 4445 3821 4501 excusatione

417 4537 598 4606 tione,
632 4534 771 4609 quia
794 4534 948 4589 bona
973 4547 1101 4604 quae
1131 4529 1399 4596 faciebat,
1412 4534 1652 4603 propter
1679 4530 1865 4587 Deum
1897 4530 2064 4588 facie-
2090 4551 2138 4615 D
2171 4549 2235 4590 se
2262 4535 2517 4599 eccusat,
2534 4529 2659 4585 sine
2684 4529 3019 4602 exceptione
3048 4547 3110 4587 se
3139 4529 3433 4600 humiliat,
3458 4532 3593 4588 sine
3624 4532 3821 4607 aliqua

414 4625 536 4696 bat,
567 4628 626 4683 et
655 4623 707 4680 ei
738 4625 948 4679 cuncta
995 4636 1112 4676 non
1159 4617 1273 4675 sibi
1311 4618 1666 4675 attribuebat
1697 4636 1712 4675 :
1746 4621 1903 4677 unde
1924 4625 1979 4677 et
2008 4621 2060 4677 ei

413 4714 634 4790 gratias
664 4711 893 4786 agebat.
924 4708 1140 4765 Verum
1186 4723 1320 4763 cum
1367 4710 1574 4763 cetera
1617 4707 1759 4764 vitia
1787 4710 2054 4779 cavisset,

411 4803 599 4862 solam
649 4799 1007 4875 superbiam,
1042 4814 1169 4871 quae
1219 4794 1432 4852 ultima
1480 4795 1629 4853 solet
1649 4798 1846 4870 justos
1875 4815 2054 4873 expu-

408 4908 612 4967 gnare,
645 4908 760 4947 non
792 4890 940 4945 bene
969 4886 1136 4944 cavit.
1169 4884 1282 4942 Sed
1313 4884 1454 4957 quid
1473 4885 1642 4955 valet,
1660 4886 1709 4942 si
1733 4903 1801 4943 ex
1831 4889 2052 4946 caeteris

406 4981 674 5055 partibus
702 4980 902 5036 hostes
931 4976 1225 5039 excludas,
1260 4990 1392 5029 cum
1422 4991 1524 5046 per
1554 4993 1732 5032 unam
1763 4993 1862 5033 eos
1900 4979 2051 5034 reci-

408 5069 582 5143 pias?
613 5068 760 5125 Hinc
808 5066 1082 5125 Salomon
1126 5063 1207 5120 ait
1238 5081 1252 5119 :
1289 5064 1452 5118 Omni
1495 5064 1739 5121 custodia
1774 5083 1931 5123 serva
1958 5084 2052 5125 cor

404 5166 563 5216 tuum
612 5158 794 5231 (Prov.
844 5161 944 5224 1v).
989 5151 1249 5211 Ezechiel
1315 5168 1549 5224 quoque
1597 5153 1801 5211 scribit
1847 5161 2051 5215 sancta

404 5245 685 5305 animalia
731 5245 916 5304 oculis
965 5243 1226 5315 undique
1290 5240 1463 5314 plena
1518 5242 1728 5314 (Ezech.
1777 5245 1855 5318 χ),
1906 5247 2047 5320 quia

401 5336 592 5395 sancti
642 5352 875 5410 semper
924 5337 982 5389 et
1024 5331 1185 5388 omni
1231 5346 1301 5386 ex
1349 5334 1511 5402 parte
1540 5331 1756 5389 debent
1780 5335 2038 5409 vigilare.

397 5424 630 5494 Gratias,
675 5424 889 5498 inquit,
940 5436 1039 5492 ago
1086 5421 1214 5488 tibi,
1265 5420 1518 5486 Domine,
1570 5423 1700 5492 quia
1763 5440 1875 5481 non
1920 5443 2041 5483 sum

381 5515 528 5573 sicut
587 5513 777 5572 caeteri
836 5510 1142 5577 hominum,
1192 5514 1453 5579 raptares,
1505 5510 1724 5581 injusti,
1775 5514 2034 5571 adulteri.

2170 4621 2263 4677 sui
2294 4617 2748 4693 praesumptione
2778 4618 2850 4674 de
2879 4617 3004 4675 sola
3032 4618 3221 4693 gratia
3246 4617 3479 4676 veniam
3512 4628 3739 4693 sperat.

2237 4708 2514 4780 Sequitur
2541 4723 2678 4780 pars
2710 4706 2903 4775 tertia,
2934 4708 2993 4763 in
3038 4724 3156 4781 qua
3201 4708 3655 4768 demonstratur
3682 4710 3813 4785 quid

2165 4797 2459 4871 superbia,
2474 4795 2684 4869 quidve
2695 4795 3001 4853 humilitas
3014 4802 3327 4870 mereatur,
3341 4813 3477 4854 cum
3500 4799 3813 4857 subditur:

2161 4888 2350 4954 Amen,
2388 4885 2508 4942 dico
2552 4885 2739 4955 vobis,
2777 4885 3049 4942 descendit
3096 4887 3187 4942 hic
3220 4887 3563 4959 justiﬂeatus
3611 4890 3677 4944 in
3724 4889 3813 4946 do-

2157 4993 2312 5033 mum
2336 4992 2495 5032 suam
2521 4974 2588 5030 ab
2621 4975 2739 5030 illo.
2774 4974 2933 5030 Hanc
2962 4972 3120 5031 enim
3151 4990 3423 5032 summus
3465 4976 3681 5048 judex,
3716 4978 3811 5052 qui

2158 5064 2282 5122 falli
2311 5082 2426 5120 non
2472 5066 2680 5137 potest,
2712 5079 2820 5119 nec
2869 5061 3068 5120 fallere
3113 5061 3257 5132 vult,
3290 5064 3637 5139 promulgat
3683 5084 3809 5124 θεας

2156 5153 2403 5211 tentiam
2434 5168 2610 5226 super
2620 5151 2827 5207 merita
2841 5150 3098 5225 gloriosi,
3104 5151 3253 5224 justi
3271 5155 3328 5209 et
3350 5151 3601 5210 humilis
3614 5172 3811 5227 pecca-

2154 5244 2303 5301 toris
2348 5241 2593 5298 dicens:
2630 5241 2913 5297 Descendit
2958 5241 3049 5297 hic
3100 5242 3438 5314 justiﬁcatus
3481 5244 3546 5299 in
3587 5243 3805 5299 deum

2149 5349 2309 5397 suam
2338 5331 2406 5387 ab
2433 5329 2557 5399 illo,
2589 5329 2648 5385 id
2680 5333 2770 5387 est
2798 5330 3236 5403 comparatione
3265 5330 3447 5387 illius.
3478 5331 3697 5389 Simile
3734 5331 3807 5390 le-

2149 5420 2309 5494 gitur
2338 5417 2398 5473 in
2428 5415 3063 5489 prophetazlustiﬁeata
3090 5424 3167 5474 est
3186 5416 3417 5475 Sodoma
3444 5435 3480 5474 a
3505 5419 3649 5492 ﬁliis
3678 5423 3797 5481 tuis.

2146 5508 2447 5567 Jerusalem
2482 5506 2695 5578 (Exerit.
2723 5506 2869 5577 XVI);
2896 5507 2954 5563 id
2984 5510 3074 5563 est
3094 5506 3154 5562 in
3187 5508 3629 5581 comparatione
3658 5509 3797 5566 ﬁlio-

383 5601 552 5686 goes,
583 5603 813 5669 fratres,
826 5613 1008 5675 quam
1033 5610 1301 5671 perverse
1328 5594 1562 5655 locutus
1594 5604 1683 5658 est
1704 5602 2032 5664 Pharisaeus
2144 5614 2276 5657 rum
2306 5601 2566 5666 tuorum,
2601 5612 2634 5652 ο
2662 5594 3014 5668 Jerusalem,
3035 5595 3288 5654 Sodoma
3305 5600 3396 5655 est
3414 5596 3608 5672 justa.
3630 5599 3791 5671 Ecce,
