3974 6076
8 5366 11 5399 ε

7 5438 17 5491 'F

8 5528 17 5579 ι

8 5630 15 5669 ί

8 5720 15 5763 ἱ

155 356 316 423 2033

797 357 1155 423 HOMILI/E
1196 360 1275 423 IN
1317 360 1566 424 EPIST.
1611 362 1714 424 ET
1755 357 2041 425 EVANG.
2087 359 2437 422 DOMINIC.
2471 393 2550 407 —-
2577 359 2777 425 PARS
2821 358 2900 425 ῙῙ.

3401 359 3561 428 2034

158 495 388 563 fratres,
394 490 687 568 judicium
711 494 868 568 quod
879 494 1168 567 judicavit
1188 495 1288 569 qui
1311 498 1609 552 scrutatur
1627 496 1803 552 corda
1830 496 1886 564 Α
1916 511 2051 550 cum
2063 493 2300 563 dicit,ad
2321 500 2515 552 Deum.
2530 495 2595 551 In
2614 495 2800 553 Deum
2816 512 2880 553 se
2898 490 3112 554 habere
3128 492 3405 554 ﬁduciam
3420 497 3563 557 dicit

157 589 217 641 et
248 601 418 641 renes
446 584 622 652 Deus,
656 584 757 657 qui
790 601 905 640 non
937 584 1261 641 secundum
1291 584 1572 641 intuitum
1612 585 1802 641 homi-

156 690 301 730 num
323 673 574 746 judicat.
608 672 749 740 Quis
777 673 936 729 enim
969 673 1298 743 hominum,
1326 675 1556 747 justum
1586 678 1643 730 et
1690 691 1799 731 no-

155 764 335 829 mine,
357 766 415 818 et
443 778 615 835 opere
642 766 701 818 et
729 762 1087 819 conscientia
1116 779 1233 819 non
1264 763 1559 837 praeferret
1606 779 1803 837 pecca-

154 852 269 909 tori
300 856 358 908 et
391 850 647 919 nomine,
669 854 729 907 et
751 866 925 924 opere
952 855 1010 907 et
1039 851 1434 909 conscientia?
1462 852 1662 910 Nemo.
1687 853 1800 909 Sed

152 940 433 998 terribilis
464 940 525 995 in
555 938 818 997 consiliis
860 957 1039 1012 super
1086 940 1238 998 ﬁlios
1284 941 1593 999 hominum
1646 943 1801 1000 Deus

153 1030 329 1099 (Psal.
366 1032 514 1099 xxv),
536 1034 900 1101 peccatorem
927 1045 1056 1087 sese
1086 1030 1505 1103 despicientem
1538 1036 1594 1088 et
1613 1032 1804 1088 humi-

154 1118 396 1176 liantem
430 1117 734 1191 proposuit
754 1119 920 1191 justo
941 1135 1004 1175 se
1031 1119 1373 1191 jactanti,et
1402 1137 1465 1177 se
1512 1123 1801 1194 peccatori

153 1207 500 1282 praeferenti.
535 1207 764 1264 Timeat
799 1224 956 1281 ergo,
991 1208 1200 1265 fratres
1230 1208 1583 1282 charissimi,
1616 1228 1802 1284 quan-

148 1301 515 1370 tumcunque
537 1297 761 1369 justus,
791 1300 848 1353 et
874 1312 946 1352 ne
975 1297 1246 1370 desperet
1281 1301 1803 1372 quantumcunque

151 1390 440 1460 peccator.
474 1386 677 1459 Itaque
707 1386 937 1453 fratres,
973 1403 1109 1442 cum
1160 1386 1220 1441 in
1268 1386 1511 1444 ecclesia
1541 1387 1805 1445 conveni-

153 1479 384 1544 mus,et
410 1478 545 1532 ante
576 1491 683 1531 nos
714 1474 973 1547 aliquam
1000 1491 1312 1548 personam
1344 1476 1623 1534 infamem
1642 1478 1801 1535 vide-

151 1580 311 1631 mus,
324 1580 397 1621 ne
426 1579 555 1621 eam
585 1563 1003 1637 despiciamus,
1022 1580 1129 1620 nec
1149 1581 1254 1621 nos
1271 1582 1341 1621 ex
1369 1566 1803 1640 comparatione

148 1655 282 1727 ejus
310 1654 497 1710 bonos
526 1652 907 1719 aestimemus,
937 1653 1097 1726 quia,
1130 1653 1247 1710 Deo
1286 1660 1580 1728 operante,
1611 1660 1803 1729 potest

147 1743 236 1799 illi
279 1742 598 1799 enormitas
664 1746 1037 1815 peccatorum
1093 1742 1217 1799 ﬁeri
1274 1743 1501 1801 occasio
1559 1746 1801 1818 majoris

145 1830 505 1888 humilitatis
533 1834 591 1888 et
611 1830 1081 1905 pcenitentie,ita
1109 1834 1175 1886 ut
1203 1840 1362 1889 exeat
1393 1834 1584 1907 magis
1618 1834 1797 1906 justi-

146 1920 323 1977 ﬁcata
364 1936 543 1993 quam
593 1936 722 1988 nos,
755 1920 854 1993 qui
902 1921 974 1976 de
1023 1924 1360 1978 nostrorum
1406 1922 1577 1995 quasi
1607 1924 1797 1980 securi

147 2008 494 2066 remissione
524 2012 916 2082 peccatorum,
950 2026 1067 2065 non
1101 2010 1245 2066 satis
1273 2010 1527 2068 humiles
1555 2012 1643 2069 vel
1683 2030 1799 2086 poc-

149 2098 402 2155 nitentes
423 2114 650 2155 sumus.
668 2097 814 2153 Nam
845 2097 1049 2171 procul
1079 2099 1257 2155 dubio
1279 2103 1498 2172 quanto
1520 2100 1652 2174 quis
1674 2118 1798 2159 ma-

146 2187 241 2261 gis
271 2185 640 2255 humiliatur,
672 2190 834 2243 tanto
865 2187 1054 2261 magis
1079 2187 1370 2245 exaltatur
1404 2191 1559 2262 apud
1590 2191 1795 2248 Deum.

146 2275 316 2333 Unde
344 2279 403 2332 et
429 2275 718 2349 generalis
747 2277 1039 2333 sententia
1065 2277 1337 2334 subditur
1368 2295 1382 2334 :
1417 2283 1559 2337 Nam
1599 2282 1796 2349 omnis,

146 2364 367 2437 inquit,
396 2367 494 2437 qui
537 2366 776 2437 seipsum
820 2366 1029 2423 exultat
1074 2367 1483 2436 humiliabitur,
1514 2377 1567 2425 et
1611 2371 1707 2443 qui
1744 2386 1802 2427 se

149 2454 413 2511 humiliat
431 2455 788 2511 exaltabitur.
805 2455 1078 2528 Seipsum
1096 2456 1311 2513 exaltat
1334 2457 1434 2530 qui
1460 2475 1524 2514 se
1544 2476 1723 2532 super
1737 2476 1801 2516 sc

150 2544 423 2612 mstimat,
456 2542 557 2616 qui
587 2559 649 2600 se
679 2543 962 2613 majorem
995 2561 1173 2616 quam
1204 2545 1302 2616 sit,
1318 2550 1551 2618 appetat
1572 2547 1685 2604 dici
1709 2548 1800 2604 vel

148 2632 441 2689 videri.Et
469 2636 706 2689 econtra
735 2648 797 2689 se
827 2632 1101 2690 humiliat
1129 2634 1230 2707 qui
1260 2635 1413 2691 infra
1443 2653 1505 2692 se
1537 2653 1600 2694 se
1616 2638 1801 2711 repri-

147 2721 281 2790 mit,
317 2738 420 2777 nec
444 2723 729 2794 majorem
758 2738 820 2778 se
850 2739 1028 2795 quam
1055 2723 1134 2779 sit
1164 2723 1436 2794 mstimat,
1468 2741 1573 2781 nec
1614 2728 1804 2799 major

146 2810 374 2883 appetit
401 2809 582 2866 videri
596 2809 685 2866 vel
716 2809 851 2866 dici.
877 2811 1096 2884 Itaque,
1130 2812 1505 2886 fratres,quia
1525 2816 1804 2887 superbia

145 2903 238 2956 est
270 2898 440 2955 ruina
470 2897 646 2955 etiam
668 2899 1057 2971 justorum,et
1086 2900 1391 2959 humilitas
1421 2905 1510 2958 est
1529 2903 1801 2962 exaltatio

146 2988 327 3045 etiam
344 2992 979 3061 peccatorum,semper
989 2989 1380 3063 nosmstipsos
1397 2990 1799 3052 humiliemus:

147 3093 385 3151 semper
414 3081 548 3134 ante
577 3076 779 3134 oculos
808 3081 1043 3135 nostros
1072 3082 1307 3152 peccata
1335 3084 1539 3137 nostra
1587 3081 1802 3139 habea-

147 3182 306 3235 mus,
340 3183 572 3240 semper
600 3166 1004 3224 inﬁrmitatem
1035 3172 1295 3224 nostram
1343 3172 1686 3244 cogitemus.
1731 3172 1801 3229 Et

1908 582 2239 656 Apostolus,
2275 588 2331 640 et
2362 588 2427 641 ut
2456 601 2564 641 nos
2614 583 2884 642 similiter
2928 586 3253 644 habeamus
3296 587 3561 661 exemplo

1909 673 2001 729 sui
2031 673 2218 742 docet,
2235 672 2515 747 quoniam
2544 673 2708 731 solus
2737 674 2892 731 Deus
2922 679 2980 731 et
3011 675 3236 733 salvare
3266 680 3480 750 potest,
3503 680 3564 733 et

1906 777 2039 818 vere
2068 760 2282 836 diligit,
2308 766 2365 819 et
2390 779 2563 818 verax
2603 767 2710 819 est.
2746 764 2930 836 Reges
2975 768 3191 835 autem,
3243 765 3559 839 principes,

1906 856 2178 924 parentes
2206 856 2263 908 et
2291 851 2463 908 amici
2488 851 2816 921 saeculares,
2838 870 2942 909 nec
2973 871 3170 921 se,nec
3195 872 3302 912 nos
3335 854 3559 913 salvare

1909 944 2177 1013 possunt.
2210 940 2374 997 Unde
2405 939 2716 997 Psalmista
2747 959 2761 998 :
2795 942 2972 998 Nolite
3000 943 3265 1015 conﬁdere
3310 946 3373 1000 in
3395 946 3559 1018 prin-

1907 1031 2121 1101 cipibus
2150 1046 2249 1085 nec
2277 1031 2337 1085 in
2365 1029 2500 1101 ﬁliis
2529 1030 2905 1097 hominum,in
2937 1032 3134 1103 quibus
3152 1049 3265 1089 non
3283 1041 3362 1090 est
3384 1034 3556 1091 salus.

1910 1117 2097 1175 Exibit
2122 1120 2356 1192 spiritus
2385 1119 2519 1191 ejus,
2535 1126 2585 1175 et
2603 1127 2897 1177 revertetur
2912 1122 2972 1177 in
2991 1128 3195 1178 terram
3212 1140 3372 1179 suam
3383 1124 3558 1198 (Psal.

1910 1211 2090 1277 (την),
2107 1211 2215 1263 etc.
2239 1207 2349 1263 Sed
2383 1224 2571 1280 neque
2601 1224 2732 1264 vere
2759 1207 3033 1283 diligunt,
3057 1210 3334 1283 quoniam
3353 1229 3559 1270 omnes

1911 1296 2083 1352 amici
2115 1295 2422 1353 saeculares
2452 1313 2568 1353 non
2600 1296 2855 1372 diligunt
2876 1316 2982 1355 nos
2999 1304 3236 1373 propter
3250 1302 3560 1359 commoda

1910 1390 2131 1454 nostra,
2165 1385 2266 1442 sed
2298 1388 2536 1459 propter
2566 1402 2692 1442 sua.
2725 1387 2880 1445 Deus
2908 1404 3042 1445 vero
3076 1388 3267 1464 diligit
3294 1407 3557 1460 nos,non

1911 1478 2150 1548 propter
2177 1475 2488 1531 commoda
2517 1492 2645 1546 sua,
2669 1476 2770 1532 sed
2800 1481 3039 1551 propter
3078 1483 3297 1535 nostra.
3330 1479 3558 1539 Rursus

1911 1580 2016 1621 nec
2043 1580 2277 1621 veraces
2307 1568 2468 1633 sunt,
2504 1581 2640 1621 cum
2671 1565 2957 1640 scriptum
3010 1567 3089 1624 sit
3121 1585 3135 1625 :
3165 1568 3353 1626 Omnis
3400 1571 3557 1627 homo

1907 1653 2148 1710 mendax
2195 1654 2368 1727 (Psal.
2416 1654 2564 1726 cxv).
2596 1654 2749 1711 Deus
2780 1659 2974 1712 autem
3016 1674 3208 1714 verax.
3258 1658 3321 1716 In
3370 1659 3556 1717 Deum

1908 1759 2046 1816 ergo
2097 1742 2290 1800 solum
2349 1760 2465 1800 non
2522 1742 2584 1800 in
2632 1744 2996 1817 temporalia,
3049 1751 3231 1803 totam
3280 1747 3557 1806 ﬁduciam

1909 1835 2173 1888 nostram
2202 1848 2514 1905 ponamus,
2542 1833 2750 1890 fratres
2782 1834 2918 1903 mei,
2951 1836 3231 1908 quoniam
3261 1842 3555 1911 parentes,

1907 1920 2081 1977 amici
2111 1924 2169 1977 et
2196 1921 2396 1978 omnia
2422 1921 2771 1996 temporalia
2799 1922 3145 1982 fefellerunt.
3181 1930 3329 1985 Deus
3360 1931 3555 1986 autem

1907 2009 2069 2067 solus
2109 2027 2224 2066 non
2263 2009 2616 2083 derelinquit
2640 2016 2944 2084 sperantes
2974 2013 3033 2070 in
3063 2031 3146 2071 se.
3170 2015 3334 2074 Unde
3355 2017 3557 2075 scribi-

1905 2102 2004 2155 tur
2033 2117 2046 2156 :
2084 2099 2189 2168 Qui
2216 2101 2457 2172 speravit
2486 2101 2547 2157 in
2575 2101 2823 2169 Domino,
2846 2109 2899 2158 et
2922 2105 3181 2177 confusus
3208 2105 3552 2176 est?(Eccle.

1906 2192 1991 2258 II).
2023 2189 2094 2244 Et
2110 2188 2288 2245 David
2319 2206 2333 2244 :
2365 2190 2518 2258 Mihi,
2548 2189 2759 2263 inquit,
2792 2191 3072 2250 adhaerere
3102 2196 3163 2250 in
3207 2197 3314 2252 Deo
3357 2197 3557 2253 bonum

1905 2285 2003 2345 est,
2035 2293 2234 2350 ponere
2283 2279 2343 2333 in
2402 2278 2628 2335 Domino
2674 2284 2783 2336 Deo
2830 2297 2950 2337 meo
2996 2299 3146 2355 spem
3174 2301 3352 2340 meam
3378 2286 3554 2356 (Psal.

1907 2370 2101 2437 Lxxu).
2154 2367 2258 2423 Per
2303 2383 2479 2440 quem
2526 2367 2739 2424 habeat
2792 2369 3068 2426 ﬁduciam
3107 2373 3363 2429 ostendit
3418 2390 3555 2431 cum

1909 2455 2068 2523 dicit,
2094 2472 2193 2528 per
2219 2456 2518 2513 Christum.
2535 2457 2642 2512 Per
2668 2456 2965 2514 Christum
2998 2462 3153 2516 enim
3175 2461 3367 2518 solum
3384 2462 3559 2521 habe-

1907 2562 2043 2601 mus
2072 2561 2377 2602 accessum
2407 2546 2477 2601 ad
2513 2545 2763 2615 Patrem,
2788 2547 2887 2619 qui
2918 2553 3009 2604 est
3051 2550 3456 2608 reconciliator
3501 2555 3562 2610 et

1909 2634 2202 2691 mediator
2232 2634 2333 2691 Dei
2365 2639 2422 2690 et
2450 2629 2781 2706 hominum,
2814 2636 2916 2708 qui
2945 2654 3179 2711 semper
3228 2639 3563 2714 interpellat

1908 2741 2013 2796 pro
2036 2723 2301 2791 nobis,in
2329 2726 2619 2795 quantum
2650 2728 2741 2781 est
2772 2724 3040 2796 homo,et
3069 2726 3255 2784 salvat
3273 2746 3380 2786 nos
3401 2747 3565 2804 aeque

1910 2829 2046 2868 cum
2070 2817 2259 2881 Patre,
2285 2811 2345 2866 in
2370 2816 2657 2884 quantum
2680 2817 2770 2870 est
2797 2815 2965 2871 Deus.
2984 2813 3155 2872 Illum
3178 2834 3336 2893 ergo,
3356 2818 3565 2879 fratres

1911 2901 2047 2970 mei,
2082 2899 2220 2958 totis
2275 2899 2599 2957 visceribus
2649 2901 2985 2975 diligamus,
3019 2904 3321 2978 quoniam,
3373 2911 3438 2964 ut
3482 2908 3567 2966 ait

1908 2988 2244 3063 Apostolus,
2278 3006 2393 3045 non
2442 2993 2530 3046 est
2580 2989 2739 3046 aliud
2787 3008 3000 3048 nomen
3050 2992 3111 3049 in
3160 2993 3324 3064 cmlo,
3357 3012 3462 3053 nec
3500 2996 3563 3053 in

1909 3079 2158 3146 terra,in
2198 3095 2314 3151 quo
2345 3082 2607 3152 oporteat
2636 3096 2744 3136 nos
2773 3079 2984 3136 salvari
3014 3082 3150 3152 (Act.
3183 3088 3281 3153 ιν).
3320 3084 3561 3151 Qualem

1908 3185 2041 3226 vero
2072 3168 2349 3225 ﬁduciam
2380 3168 2593 3224 habeat
2616 3168 2676 3224 in
2707 3169 3188 3249 Deum,ostendit
3217 3189 3351 3230 cum
3394 3174 3558 3246 dicit,

148 3258 390 3313 econtra
416 3271 650 3328 semper
675 3254 925 3312 aliorum
956 3257 1129 3325 bona,
1161 3243 1471 3331 praecipue,
1501 3276 1627 3332 quae
1659 3278 1800 3317 non-
1826 3243 1871 3309 C
1906 3275 2016 3315 non
2050 3257 2189 3330 quod
2217 3258 2550 3331 sufﬁcientes
2576 3260 2748 3314 simus
2762 3243 2992 3331 aliquid
3036 3263 3272 3333 cogitare
3312 3279 3349 3320 α
3375 3265 3555 3323 nobis.

149 3345 296 3402 dum
326 3344 623 3401 consecuti
672 3361 903 3414 sumus,
935 3346 1315 3402 admiremur.
1350 3347 1432 3403 Ne
1475 3348 1801 3422 cogitemus

150 3433 371 3507 quibus
400 3432 589 3490 simus
637 3434 913 3506 majores,
944 3434 1047 3491 sed
1095 3434 1312 3507 quibus
1352 3435 1632 3494 minores.
1665 3437 1802 3495 Illos

149 3521 328 3580 etiam
361 3522 465 3595 qui
497 3522 668 3579 nobis
696 3522 953 3580 minores
990 3524 1405 3592 videntur,nos
1435 3541 1540 3598 per
1559 3526 1804 3584 humili-

147 3615 331 3669 tatem
362 3628 750 3689 praecessuros
782 3629 1119 3686 pensemus,
1154 3617 1219 3669 ut
1241 3613 1325 3669 ita
1344 3630 1579 3688 semper
1606 3616 1804 3673 humi-

147 3690 484 3773 les,timidi,
504 3704 561 3757 et
590 3700 819 3757 cunctis
850 3702 1096 3774 subjecti
1127 3701 1413 3772 vivamus,
1438 3709 1522 3776 ut,
1540 3707 1803 3781 exemplo

150 3789 378 3849 domini
409 3789 592 3845 nostri
622 3790 763 3847 Jesu
795 3790 1035 3859 Christi,
1070 3791 1259 3865 magis
1305 3793 1650 3853 studeamus
1694 3796 1803 3852 mi-

152 3878 405 3935 nistrare
426 3895 604 3951 quam
628 3879 1173 3954 ministrari,magis
1205 3881 1476 3938 famulari
1507 3900 1687 3955 quam
1710 3886 1807 3942 do-

150 3967 584 4043 minari,magis
613 3968 848 4026 obedire
878 3987 1056 4043 quam
1075 3969 1456 4043 imperare,ut
1477 3989 1808 4030 mereamur

153 4073 290 4114 cum
320 4056 645 4114 humilibus
697 4058 911 4115 habere
958 4060 1211 4133 gratiam
1242 4063 1299 4115 et
1348 4061 1675 4132 praemium,
1704 4080 1808 4136 per

152 4144 471 4202 Dominum
498 4150 765 4201 nostrum
786 4147 990 4203 Jesum
1011 4147 1308 4204 Christum
1335 4149 1436 4221 qui
1469 4166 1603 4205 cum
1639 4151 1806 4208 Patre

154 4238 215 4292 et
241 4232 462 4306 Spiritu
493 4238 695 4290 sancto
724 4234 865 4291 vivit
893 4239 950 4290 et
997 4239 1204 4309 regnat
1251 4236 1425 4306 Deus,
1460 4255 1563 4311 per
1610 4240 1809 4298 omnia

156 4320 375 4379 saecula
401 4320 775 4379 saeculorum.
804 4324 1009 4379 Amen.

722 4429 1027 4486 HOMILIA
1053 4429 1243 4486 XXVI.

370 4514 652 4556 DOMINICA
693 4517 1019 4559 DUODECIMA
1057 4518 1193 4559 POST
1226 4519 1590 4561 TBINITATBM.

1907 3348 1987 3403 Ac
2016 3346 2066 3402 si
2099 3346 2254 3403 dicat
2287 3363 2300 3403 :
2335 3346 2449 3402 Nec
2481 3347 2553 3403 de
2582 3350 2725 3414 toto,
2758 3364 2864 3404 nec
2894 3348 2966 3404 de
2996 3354 3178 3423 parte,
3210 3354 3278 3407 ut
3313 3351 3559 3425 quidam

1910 3434 2192 3501 solent,in
2224 3433 2392 3491 nobis
2424 3434 2700 3491 fiduciam
2724 3435 3030 3508 habemus,
3055 3439 3155 3495 sed
3188 3442 3371 3496 totam
3401 3444 3458 3497 et
3487 3441 3562 3500 de

1911 3524 2188 3582 omnibus
2218 3523 2277 3579 in
2309 3523 2513 3580 Deum.
2547 3523 2746 3581 Talem
2779 3525 2933 3582 enim
2963 3527 3023 3583 in
3055 3527 3240 3584 Deum
3270 3527 3560 3589 habemus

1912 3614 2209 3682 ﬁduciam,
2244 3614 2397 3686 quod
2436 3630 2540 3669 nec
2592 3617 2769 3670 etiam
2820 3616 3138 3688 cogitandi,
3170 3619 3420 3675 necdum
3468 3619 3561 3677 lo-

1911 3703 2151 3776 quendi,
2169 3702 2257 3759 vel
2290 3702 2539 3758 faciendi
2562 3701 3095 3776 aliquid,ﬁduciam
3119 3707 3352 3765 a.nobis
3380 3708 3564 3766 habe-

1913 3810 2067 3860 mus,
2095 3792 2196 3848 sed
2228 3809 2262 3847 a
2292 3791 2427 3848 Deo.
2459 3791 2522 3847 In
2572 3808 2686 3864 quo
2718 3793 3023 3850 confundit
3052 3794 3182 3853 illos
3213 3796 3313 3870 qui
3344 3814 3564 3870 praesu-

1914 3885 2085 3937 munt
2116 3881 2186 3937 de
2212 3879 2392 3936 libero
2425 3880 2687 3948 arbitrio,
2719 3881 2809 3936 vel
2840 3881 2910 3938 de
2930 3882 3186 3956 ingenio,
3209 3882 3297 3940 vel
3329 3885 3400 3941 de
3426 3884 3564 3942 viri-

1912 3969 2147 4037 bus,vel
2181 3970 2250 4025 de
2282 3968 2498 4024 divitiis
2530 3968 2655 4025 suis
2687 3985 2819 4025 cum
2850 3972 3137 4044 scriptum
3167 3971 3280 4029 sit:
3304 3973 3423 4029 Non
3451 3975 3563 4030 sal-

1911 4067 2074 4114 vatur
2101 4075 2201 4112 rea:
2227 4074 2325 4129 per
2348 4058 2576 4112 multum
2606 4059 2881 4127 virtutem,
2905 4067 2956 4114 et
2984 4061 3140 4132 giqas
3184 4076 3295 4117 non
3321 4061 3564 4119 salvabi-

1913 4156 2007 4205 tur
2037 4150 2099 4203 in
2119 4145 2471 4202 multitudine
2499 4147 2720 4201 virtutis
2747 4162 2864 4204 suae
2896 4148 3047 4221 (Psal
3066 4152 3262 4221 xxxu).
3289 4149 3356 4205 Et
3370 4148 3511 4206 alibi
3544 4166 3559 4207 :

1916 4238 2024 4306 Qui
2050 4235 2275 4307 conﬁdit
2298 4236 2358 4290 in
2388 4234 2617 4303 divitiis,
2650 4243 2865 4291 corruet
2909 4239 3092 4307 (Prov.
3119 4238 3202 4310 ιι).
3234 4237 3381 4305 Quia
3426 4255 3561 4297 vero

1915 4325 2240 4383 secundum
2263 4322 2537 4396 loquendi
2560 4339 2735 4378 usum
2748 4323 2998 4381 dicimus
3015 4325 3330 4399 aliquando
3352 4344 3460 4385 nos
3471 4345 3567 4386 co-

1915 4416 2100 4489 gitare
2130 4412 2351 4485 aliquid
2384 4429 2418 4466 a
2450 4410 2706 4475 nobis,id
2728 4416 2816 4467 est
2836 4428 2904 4468 ex
2926 4414 3164 4488 propria
3183 4415 3562 4487 ratione,sine

1917 4501 2272 4561 adminiculo
2299 4500 2542 4557 alterius
2586 4505 2886 4569 creaturae,
2916 4504 3187 4578 adjungit
3225 4504 3563 4580 Apostolus,

227 4588 522 4645 Fiduciam
553 4590 719 4646 talem
746 4590 1004 4648 habemus
1046 4608 1148 4664 per
1188 4592 1465 4648 Christum
1510 4593 1583 4650 ad
1614 4600 1805 4667 Deum,
1838 4613 1887 4679 D
1918 4589 3565 4679 quasiexnobis,subaudisauctoribus.Etsienimaliquid

154 4695 271 4736 non
299 4677 440 4752 quod
464 4678 798 4751 sufﬁcientes
824 4681 998 4735 simus
1025 4682 1259 4752 cogitare
1303 4681 1517 4754 aliquid
1535 4699 1606 4740 ea:
1652 4687 1809 4742 nobis

156 4769 320 4842 quasi
346 4783 417 4824 ex
444 4767 619 4837 nobis,
651 4768 745 4825 sed
783 4769 1119 4841 sufﬁcientia
1164 4777 1350 4825 nostra
1394 4787 1464 4827 ea:
1502 4776 1606 4830 Deo
1628 4783 1707 4831 est
1738 4778 1817 4848 (ll

155 4860 283 4917 Cor.
315 4856 421 4929 ιιι),
455 4860 563 4913 etc.
598 4856 914 4931 Tripartita
944 4861 1032 4913 est
1060 4857 1180 4913 haec
1208 4856 1400 4926 lectio,
1434 4860 1642 4919 fratres
1671 4866 1807 4921 mei.

161 4946 355 5004 Primo
386 4945 547 5003 enim
578 4946 835 5004 ostendit
865 4945 1100 5019 qualem
1146 4946 1422 5003 ﬁduciam
1472 4948 1598 5023 ipse
1626 4957 1684 5009 et
1711 4971 1814 5010 cae-

160 5034 271 5092 teri
292 5035 538 5108 apostoli
560 5035 816 5092 habeant
846 5035 905 5090 in
928 5035 1133 5092 Deum.
1150 5035 1418 5093 Secundo
1440 5043 1814 5101 commendat

163 5122 559 5181 ministerium
588 5124 699 5181 sibi
726 5143 761 5182 a
790 5125 907 5182 Deo
938 5124 1347 5181 commissum.
1381 5127 1574 5186 Tertio
1604 5133 1813 5203 probat

164 5212 355 5284 magis
386 5212 529 5268 Novi
561 5229 738 5285 quam
767 5212 993 5271 Veteris
1024 5214 1385 5270 Testamenti
1420 5215 1812 5279 ministerium

165 5298 637 5374 gloriﬁcaudum.
681 5301 940 5359 Primum
988 5302 1168 5377 igitur
1215 5303 1530 5361 ostendens
1579 5309 1813 5381 qualem

166 5386 445 5443 ﬁduciam
478 5388 602 5461 ipse
631 5394 688 5446 et
715 5391 904 5448 caeteri
934 5390 1181 5466 apostoli
1224 5390 1479 5448 habeant
1525 5394 1582 5450 in
1614 5401 1815 5473 Deum,

169 5474 288 5532 ait:
311 5476 594 5533 Fiduciam
623 5479 787 5535 talem
810 5481 1069 5537 habemus
1093 5497 1194 5554 per
1223 5480 1501 5538 Christum
1529 5484 1599 5541 ad
1629 5488 1816 5546 Deum.

169 5562 307 5621 Tria
334 5563 494 5635 dicit,
514 5565 574 5622 in
604 5584 777 5640 quem
811 5568 1021 5627 habeat
1052 5570 1350 5639 ﬁduciam,
1369 5576 1428 5628 et
1444 5590 1547 5646 per
1562 5583 1822 5648 quem,et

172 5652 407 5727 qualem
432 5653 731 5715 ﬁduciam.
752 5656 814 5714 In
837 5674 1011 5730 quem
1028 5658 1242 5716 habeat
1263 5659 1539 5719 ﬁduciam
1566 5666 1823 5724 ostendit

1919 4699 1954 4737 a
1982 4682 2151 4739 nobis
2182 4680 2497 4753 aliquando
2526 4677 2877 4753 cogitamus,
2898 4684 3093 4739 tamen
3123 4699 3192 4739 ex
3218 4687 3419 4740 nostra
3461 4701 3566 4742 au-

1919 4770 2186 4828 ctoritate
2224 4768 2446 4842 aliquid
2493 4768 2748 4842 cogitare
2778 4786 2892 4825 non
2923 4769 3205 4843 valemus,
3241 4773 3567 4847 praesertim

1919 4877 2055 4918 cum
2086 4876 2192 4916 nec
2220 4857 2410 4931 ipsam
2440 4857 2859 4926 rationem,nee
2880 4876 2982 4932 per
3000 4877 3128 4918 eam
3159 4861 3381 4936 aliquid
3411 4861 3567 4938 cogi-

1919 4955 2041 5007 tare
2070 4948 2395 5005 habeamus
2423 4964 2491 5002 ex
2522 4946 2711 5016 nobis,
2735 4948 2837 5004 sed
2863 4966 2933 5005 ex
2956 4954 3088 5014 beo,
3120 4954 3185 5007 ut
3213 4952 3297 5008 ait
3325 4950 3568 5021 Paulus,
3679 4946 3697 4959 “

1919 5040 1980 5095 in
2011 5055 2126 5112 quo
2154 5037 2424 5101 vivimus,
2442 5053 2742 5093 movemur
2779 5041 2836 5093 et
2879 5056 3088 5095 sumus
3108 5040 3240 5113 (Act.
3271 5045 3430 5110 xvu).
3462 5040 3568 5099 Sed

1919 5128 2255 5202 sufﬁcientia
2285 5132 2472 5181 nostra
2499 5142 2570 5182 ex
2594 5128 2701 5183 Deo
2730 5128 2902 5195 est,in
2925 5129 3200 5187 omnibus
3220 5130 3443 5188 scilicet
3470 5131 3568 5188 bo-

1920 5216 2034 5273 nis.
2068 5216 2132 5272 ln
2166 5214 2345 5271 nullis
2375 5213 2530 5270 enim
2562 5215 2753 5284 bonis,
2786 5233 2890 5273 nec
2920 5217 2981 5273 in
3007 5218 3427 5292 corporalibus,
3460 5235 3567 5278 nec

1924 5307 1984 5363 in
2016 5302 2444 5379 spiritualibus,
2478 5320 2583 5360 nec
2613 5304 2673 5360 in
2705 5305 3061 5375 ccclestibus,
3091 5309 3207 5366 nisi
3238 5326 3342 5383 per
3367 5308 3568 5383 ipsum

1921 5394 2188 5452 valemus
2208 5393 2526 5450 abundare.
2546 5393 2653 5458 Qui
2686 5394 2799 5450 nisi
2830 5413 2933 5469 per
2961 5414 3068 5454 nos
3099 5402 3386 5470 operetur,
3406 5402 3465 5454 et
3491 5397 3571 5453 la-

1925 5487 2032 5542 bor
2052 5486 2249 5539 noster
2278 5481 2346 5536 ad
2378 5480 2740 5554 temporalia,
2759 5490 2813 5539 et
2840 5486 3102 5542 studium
3125 5487 3197 5543 ad
3220 5484 3570 5558 spiritualia,

1923 5578 1983 5632 et
2002 5572 2278 5628 meritum
2305 5570 2377 5626 ad
2402 5569 2659 5628 coelestia
2678 5573 2993 5632 obtinenda
3012 5576 3280 5632 inefﬁcax
3298 5573 3577 5633 est.Unde

1929 5665 2055 5739 ipse
2085 5657 2390 5733 discipulis
2440 5659 2563 5718 suis
2596 5676 2609 5717 :
2640 5660 2772 5721 Sine
2807 5680 2914 5733 me,
2933 5663 3149 5739 inquit,
3189 5664 3339 5722 nihil
3360 5664 3582 5739 potestis
