3974 6076
382 260 553 325 eoas
1390 259 1790 321 ADDENDA.
1822 289 1900 299 —
1931 216 2329 316 RABULPHI
2370 249 2780 311 ARDENTIS.
3664 237 3837 299 suos
3926 186 3927 205 Ν

385 395 585 469 facere
610 393 1005 465 (Jom.xv).Et
1020 391 1571 467 ApostoluszNeque
1589 389 2032 461 volentis,neque
2060 384 2116 454 Α
2216 383 2494 457 Sequitur
2539 400 2675 457 pars
2724 380 2917 448 tertia,
2948 380 3009 437 in
3062 397 3180 454 qua
3221 377 3437 469 probat
3470 374 3843 469 Apostolus

387 465 678 543 currentis
701 484 915 552 est,sed
940 465 1267 541 miserentis
1294 483 1396 539 Dei
1419 482 1599 554 (Rom.
1624 484 1721 548 rx).
1746 480 1812 535 Et
1842 477 1979 534 alibi
2015 494 2029 533 :
2144 472 2332 547 magis
2362 472 2503 529 Novi
2535 489 2711 545 quam
2740 470 2964 527 Veteris
3004 470 3040 525 'l
3055 468 3365 525 estamenti
3398 465 3843 523 ministerium

386 578 579 648 Neque
596 574 697 648 qui
720 572 975 644 plantat,
1007 589 1186 645 neque
1215 574 1314 645 qui
1342 573 1519 643 rigat,
1552 571 1769 643 aliquid
1798 577 1903 639 est,
1935 568 2035 623 sed
2145 579 2273 619 esse
2293 561 2741 635 gloriﬁcandum
2762 560 2962 616 dicens
2987 575 3001 614 :
3024 559 3187 629 Quod
3205 558 3258 614 si
3277 555 3847 648 ministratiomor-

387 645 495 737 qui
514 645 926 722 incrementum
955 663 1059 719 dat
1082 664 1228 719 Deus
1255 665 1306 733 (1
1340 661 1467 719 Cor.
1501 663 1608 731 ιιι).
2144 652 2456 723 tis,litteris
2476 652 2534 706 in
2555 650 2837 720 lapidibus
2856 649 3185 719 deformata
3202 648 3389 718 fuitin
3412 645 3651 718 gloria,
3661 645 3767 699 ita
3788 653 3849 699 ut

388 736 670 826 Sequitur
683 768 819 825 pars
839 751 1116 818 secunda,
1150 751 1344 824 inqua
1370 749 1682 822 Apostolus
1713 747 1823 804 sibi
1856 764 1890 802 a
1920 747 2035 801 Deo
2142 760 2256 800 non
2307 752 2536 813 possent
2564 741 2669 813 ﬁlii
2702 741 2880 796 Israel
2927 739 3227 795 intendere
3255 739 3316 793 in
3352 738 3587 808 faciem
3636 736 3849 805 Moysi

389 841 777 903 commissum
807 839 1203 897 ministerium
1235 840 1774 904 commendat,cum
1797 836 2034 894 subdit:

389 930 504 1003 Qui
557 929 787 987 idoneos
833 945 937 986 nos
979 930 1116 1001 fecit
1164 929 1458 985 ministros
1495 929 1638 985 Novi
1667 924 2038 993 Testamenti,

388 1035 503 1081 non
531 1019 753 1087 littera,
780 1018 883 1075 sed
912 1018 1145 1089 spiritu.
1176 1017 1242 1073 In
1274 1017 1465 1073 tribus
1495 1032 1632 1089 ergo
1681 1014 1850 1071 nobis
1879 1029 2040 1070 com-

390 1108 632 1166 mendat
658 1123 837 1165 suum
865 1111 1321 1179 ceterorumque
1352 1105 1749 1178 apostolorum
1779 1102 2045 1159 ministe-

392 1196 569 1267 rium,
589 1212 727 1257 cum
754 1196 1009 1254 ostendit
1039 1213 1073 1251 a
1100 1212 1237 1268 quo,
1258 1200 1315 1252 et
1344 1194 1569 1268 quales,
1593 1199 1650 1251 et
1678 1196 1848 1267 cujus
1868 1193 2041 1250 mini-

390 1284 498 1349 stri
525 1284 663 1347 facti
687 1287 913 1343 sunt.A
942 1285 1096 1358 quo?
1125 1302 1161 1341 a
1188 1285 1325 1341 Deo.
1355 1285 1419 1340 In
1469 1301 1583 1357 quo
1634 1284 1877 1340 damnat
1920 1301 2040 1351 eos,

395 1373 497 1453 qui
519 1391 635 1433 non
670 1391 706 1431 a
734 1374 983 1441 Deo,sed
1012 1391 1051 1430 a
1076 1390 1140 1430 se
1160 1372 1274 1430 sibi
1296 1372 1687 1430 ministerium
1710 1378 2042 1430 assumunt.

393 1462 477 1527 De
519 1462 819 1537 qualibus.
843 1462 1128 1519 Dominus
1162 1478 1175 1517 :
1208 1463 1350 1533 Ipsi,
1382 1463 1595 1536 inquit,
1635 1471 2044 1533 regnaverunt,

394 1553 497 1621 led
524 1569 639 1613 non
664 1570 740 1610 ea:
766 1569 878 1609 me.
914 1551 1217 1626 (Ose.vm).
1244 1552 1493 1618 Quales?
1518 1552 1730 1609 idonei.
1748 1553 1921 1609 Porro
1936 1552 2049 1608 tria

400 1641 621 1703 faciunt
650 1641 993 1699 ministrum
1024 1641 1322 1710 idoneum,
1350 1642 1506 1697 bona
1531 1640 1674 1711 vita,
1695 1642 1850 1697 bona
1872 1641 2047 1708 fama,

2145 842 2387 903 propter
2407 833 2656 904 gloriam
2684 830 2878 887 vultus
2898 830 3023 901 ejus
3037 845 3162 902 qua:
3175 826 3847 898 evacuatur,quomode

2144 940 2259 979 non
2291 924 2473 993 magis
2502 920 2858 978 ministratio
2885 920 3125 989 spiritus
3154 918 3266 974 erit
3296 919 3356 974 in
3385 917 3636 988 gloria?
3666 918 3765 969 Ac

2148 1012 2303 1069 dicat
2334 1030 2346 1068 :
2380 1012 2441 1068 Si
2473 1010 2962 1067 ministrationem
3008 1008 3211 1064 littere
3262 1006 3412 1080 legis
3459 1002 3839 1065 occidentis,

2149 1101 2656 1176 scriptzeinlapide
2667 1101 2739 1157 ad
2750 1096 3354 1171 tempus,gloriticatio
3365 1096 3839 1155 subsecutaest,

2151 1198 2233 1253 ita
2262 1202 2329 1252 ut
2352 1192 2628 1251 Israelita:
2661 1190 2871 1247 faciem
2898 1189 3080 1262 Moysi
3114 1204 3229 1244 non
3262 1191 3510 1260 possent
3531 1185 3837 1258 aspicere.

2153 1284 2445 1360 quomodo
2458 1280 2950 1338 ministrationem
2961 1277 3205 1351 spiritus
3217 1276 3422 1332 litterae
3434 1275 3837 1333 viviﬁcantis.

2154 1392 2267 1433 non
2291 1373 2478 1446 magis
2500 1369 2845 1446 gloriﬁcatio
2868 1366 3302 1439 subsequetur?
3324 1382 3390 1421 ac
3413 1365 3467 1421 si
3489 1364 3691 1434 dicat,
3714 1364 3833 1420 Ima

2156 1466 2568 1536 subsequetur.
2600 1461 2703 1516 Est
2731 1462 2927 1515 autem
2956 1457 3079 1513 hmo
3107 1455 3371 1529 probatio
3399 1472 3437 1510 a
3467 1453 3837 1520 minori,mi-

2157 1572 2272 1611 nus
2301 1556 2393 1610 est
2421 1552 2579 1608 enim
2610 1549 2834 1605 littera:
2859 1551 2918 1603 et
2946 1547 3143 1618 majus
3170 1548 3263 1601 est
3292 1542 3647 1616 spiritualis
3672 1542 3835 1598 intel-

2158 1643 2419 1717 ligentia.
2445 1640 2882 1712 Subsequenter
2910 1636 3067 1692 idem
3101 1633 3265 1700 dicit,
3296 1634 3399 1690 sed
3432 1632 3581 1689 aliis
3610 1633 3830 1688 verbis.

401 1731 563 1791 bona,
589 1730 920 1804 pradicatio
954 1747 968 1787 ε
1002 1747 1255 1803 quorum
1295 1746 1480 1786 unum
1522 1730 1647 1787 sine
1670 1729 1911 1803 reliquis
1932 1748 2048 1787 non
2080 1762 2128 1827 Β
2161 1734 2220 1789 Si
2250 1732 2428 1797 enim,
2457 1729 2667 1801 inquit,
2696 1726 3053 1783 ministratio
3099 1724 3495 1781 damnationis
3539 1723 3621 1778 in.
3644 1723 3833 1793 gloria

403 1819 878 1893 autficit.Cujus?
898 1818 1041 1877 Novi
1080 1819 1462 1888 Testamenti,
1498 1820 1555 1875 id
1603 1825 1693 1876 est
1732 1821 2048 1893 Evangelii.

404 1910 556 1968 Sane
576 1925 746 1967 sacra
775 1909 1074 1982 Scriptura
1095 1912 1334 1965 vocatur
1366 1911 1807 1965 Testamentum
1839 1909 2053 1983 triplici

403 1998 477 2059 de
505 2015 703 2059 causa.
717 1998 864 2064 Quia
892 2001 983 2055 est
1006 1998 1175 2071 quasi
1196 1998 1398 2054 charta
1419 1999 1739 2055 testiﬁcans
1759 1999 1948 2055 fmdus
1972 1999 2057 2054 in-

403 2090 494 2145 ter
516 2092 696 2147 Deum
717 2092 775 2145 et
793 2086 1093 2145 hominem
1119 2087 1505 2160 factum,quia
1519 2087 1864 2145 testiﬁcatur
1884 2088 2054 2144 nobis

403 2175 661 2237 divinam
690 2175 1053 2233 voluntatem
1086 2192 1267 2250 quam
1297 2176 1484 2233 facere
1533 2177 1855 2234 debeamus
1880 2195 1894 2233 :
1917 2177 2057 2250 quia

404 2269 496 2335 est
511 2265 690 2339 quasi
722 2268 1140 2322 testamentum
1161 2265 1581 2331 hmreditatis,a
1604 2266 1719 2322 Deo
1750 2267 2054 2340 promissae

407 2355 598 2415 nobis.
613 2352 995 2426 Evangelium
1019 2370 1251 2427 quoque
1273 2354 1939 2411 diciturTestamentum
1962 2372 2061 2412 uo-

405 2459 545 2499 vum
574 2440 791 2515 triplici
838 2442 910 2499 de
953 2459 1149 2510 causa,
1175 2443 1263 2498 vel
1295 2443 1435 2516 quia
1464 2448 1554 2499 est
1581 2461 1616 2499 a
1648 2461 1792 2501 novo
1822 2445 2061 2502 homine

411 2529 642 2589 Christo
663 2530 895 2599 datum;
917 2530 1005 2587 vel
1028 2530 1167 2603 quia
1186 2531 1446 2589 continet
1467 2533 1791 2590 doctrinam
1827 2552 2059 2602 novam,

413 2619 487 2687 in,
520 2622 786 2694 respectu
835 2618 1100 2677 Mosaicae
1150 2619 1315 2694 legis,
1347 2620 1433 2677 vel
1484 2621 1623 2695 quia
1667 2624 2060 2690 observatum,

417 2706 717 2779 hominem
738 2708 985 2766 interius
1008 2709 1147 2766 facit
1178 2726 1412 2766 novum.
1437 2711 1593 2779 Novi,
1620 2713 1832 2786 inquit,
1866 2720 2066 2771 Testa-

419 2795 621 2864 menti,
634 2796 917 2855 subaudis
937 2797 1257 2866 constituti,
1284 2816 1399 2855 non
1430 2799 1489 2855 in
1511 2799 1724 2870 littera,
1742 2804 1839 2859 sed
1874 2803 1932 2858 in
1952 2803 2067 2876 spi-

423 2882 562 2953 ritu.
588 2887 656 2941 In
684 2900 853 2942 sacra
870 2885 1188 2958 Scriptura,
1211 2886 1418 2944 fratres
1439 2889 1574 2955 mei,
1599 2894 1739 2947 sunt
1769 2893 1905 2960 duo,
1939 2909 2072 2948 sen-

423 2989 530 3032 Ius
558 2972 948 3047 superﬁcialis
975 2972 1177 3032 litters:
1207 2975 1472 3047 exterior,
1488 2982 1545 3035 et
1584 2978 1915 3038 intellectus
1943 2981 2069 3055 spi-

425 3061 658 3120 ritualis
700 3062 960 3120 interior.
991 3066 1209 3121 Sensus
1251 3083 1384 3122 vero
1434 3068 1817 3140 superﬁcialis
1861 3069 2068 3127 litteris

424 3151 674 3219 exterior
696 3150 914 3211 multos
944 3152 1077 3209 fecit
1105 3160 1388 3223 errare,ut
1406 3156 1640 3213 Judaaos
1662 3163 1719 3214 et
1747 3158 2069 3232 haereticos,

424 3258 542 3299 non
590 3241 957 3299 attendentes
1003 3259 1071 3298 ex
1116 3260 1230 3316 quo
1279 3261 1478 3312 sensu,
1511 3246 1599 3301 vel
1631 3264 1697 3303 ex
1728 3265 1847 3320 qua
1896 3266 2075 3306 causa

423 3330 642 3391 fuerint
676 3330 853 3387 verba
884 3330 1129 3405 prolata,
1161 3332 1261 3388 sed
1293 3334 1435 3405 quid
1468 3336 1722 3392 exterius
1752 3354 1962 3394 sonare
1989 3339 2075 3394 vi-

425 3420 723 3491 derentur.
754 3419 918 3477 Unde
974 3424 1034 3476 et
1091 3420 1337 3477 subdit:
1374 3423 1593 3480 Littera
1639 3426 1792 3481 enim
1838 3428 2070 3496 occidit,

422 3509 667 3580 spiritus
695 3517 894 3567 autem
922 3508 1185 3579 vivi/teat.
1218 3509 1336 3565 Hoc
1361 3515 1451 3567 est
1480 3513 1633 3585 quod
1681 3515 1964 3574 Dominus
2014 3518 2073 3573 in

425 3595 735 3670 Evangelio
755 3597 837 3652 ait
859 3614 872 3651 :
894 3597 1152 3670 Spiritus
1180 3608 1262 3655 est
1286 3600 1386 3672 qui
1413 3601 1682 3673 viviﬁcai;
1713 3619 1854 3661 caro
1880 3617 2076 3663 autem

426 3701 541 3742 non
588 3684 826 3755 prodest
881 3686 1189 3759 quidquam
1231 3689 1415 3757 (Joan.
1448 3690 1547 3762 vx),
1580 3708 1795 3749 vocans
1839 3711 2074 3752 carnem

432 3788 673 3829 sensum
723 3771 925 3829 liiterzs
980 3775 1350 3845 exteriorem;
1392 3778 1493 3851 qui
1553 3782 1905 3854 quandoque
1958 3801 2075 3841 non

431 3859 631 3920 solum.
654 3878 771 3920 non
800 3863 1058 3935 prodest,
1089 3864 1208 3920 imo
1237 3866 1412 3923 etiam
1443 3874 1630 3925 nocet.
1665 3870 1875 3927 Omnia
1920 3874 2075 3929 enim

431 3949 702 4026 ﬁguralia
728 3948 954 4008 Veteris
1003 3954 1382 4023 Testamenti,
1415 3957 1487 4012 ad
1531 3957 1785 4016 litteram
1844 3966 2076 4018 tantum

430 4037 951 4108 intellecta,littera
979 4042 1248 4100 occidens
1281 4048 1438 4101 sunt.
1482 4046 1589 4103 Sed
1641 4053 1698 4104 et
1744 4050 1919 4106 etiam
1950 4052 2079 4125 ipsa

432 4127 697 4196 moralia,
716 4128 766 4185 si
796 4129 930 4202 quis
961 4148 1137 4204 penes
1166 4149 1235 4188 ea
1262 4150 1498 4192 causam
1514 4136 1762 4206 justitite
1801 4157 1918 4195 suae
1940 4158 2076 4197 con-

430 4216 657 4285 stituat,
687 4215 881 4274 littera
911 4219 1181 4277 occidens
1204 4226 1363 4278 sunt.
1384 4222 1498 4279 Sed
1528 4228 1587 4279 et
1615 4226 1790 4281 etiam
1810 4230 2074 4300 quaedam

430 4303 491 4360 in
514 4304 668 4361 Novo
699 4306 1075 4363 Testamento
1105 4309 1179 4363 ad
1207 4308 1461 4367 litteram
1489 4316 1717 4369 tantum
1759 4315 2071 4388 intellecta,

431 4397 496 4449 ut
523 4391 669 4450 illud
703 4409 716 4448 :
750 4394 863 4465 Qui
884 4412 999 4453 non
1045 4398 1212 4454 habet
1242 4400 1527 4473 gladium,
1573 4404 1781 4460 vendat
1819 4408 2075 4464 tunicam

2159 1831 2264 1887 est,
2298 1821 2478 1876 multo
2507 1818 2693 1889 magis
2728 1816 2982 1873 abundat
3030 1814 3421 1870 ministerium
3456 1814 3738 1885 justiti:
3780 1813 3831 1866 ἐι

2160 1912 2561 1985 gloria.Porro
2592 1909 2779 1982 legem
2808 1910 2974 1962 vocat
3005 1908 3250 1961 mortem
3281 1908 3339 1959 et
3368 1903 3830 1959 damnationem

2161 1999 2376 2073 triplici
2398 2000 2469 2055 de
2492 2015 2689 2065 causa,
2708 1996 2849 2070 quia
2870 1997 3040 2068 juxta
3056 1994 3311 2049 litteram
3332 1992 3657 2048 intellecta
3686 1992 3834 2047 oeci-

2164 2092 2270 2159 dit,
2303 2090 2443 2162 quia
2470 2087 2790 2160 prohibens
2820 2088 3122 2158 peccatum
3146 2082 3563 2156 magisirritat
3591 2081 3675 2136 ad
3709 2097 3834 2153 pec-

2166 2182 2440 2237 candum.
2462 2178 2625 2234 Unde
2662 2173 3011 2248 Apostolus:
3035 2173 3583 2243 Coneupiscentiam
3615 2172 3833 2227 nescio

2168 2262 2297 2329 bam
2325 2270 2437 2325 nisi
2466 2269 2561 2324 (ea:
2587 2268 2841 2323 diceret:
2868 2270 2988 2323 Non
3016 2260 3765 2334 conatpisces(Rom.vm).
3785 2264 3835 2315 et

2170 2361 2307 2435 quia
2327 2359 2455 2415 sine
2478 2354 2880 2413 misericordia
2901 2350 3451 2409 reddebatanimam
3477 2366 3595 2423 pro
3616 2351 3833 2405 anum.

2168 2447 2547 2522 Evangelium
2570 2462 2706 2502 vero
2735 2447 2903 2500 vocat
2933 2442 3205 2515 spiritum
3237 2444 3293 2496 et
3327 2439 3672 2511 justitiam,
3705 2440 3835 2512 quia

2169 2539 2422 2595 viviﬁcat
2453 2541 2506 2593 et
2526 2534 2833 2608 justlﬁcat.
2853 2532 2986 2588 Fuit
3006 2534 3200 2586 autem
3220 2528 3311 2585 lex
3332 2528 3478 2584 data
3517 2528 3750 2584 Judzeis
3776 2527 3829 2583 in

2170 2628 2363 2702 lapide
2393 2626 2632 2698 scripta,
2664 2622 2726 2678 in
2759 2639 2872 2694 quo
2905 2620 3303 2694 significatum
3335 2617 3472 2684 fuit,
3498 2618 3670 2690 quod
3693 2618 3831 2673 sicut

2174 2718 2322 2791 lapis
2350 2715 2445 2771 vix
2474 2713 2720 2785 suscipit
2749 2710 2995 2781 litteras,
3026 2712 3084 2763 et
3113 2724 3247 2763 cum
3282 2707 3559 2779 suscipit,
3588 2706 3831 2763 ει]εείυῆ

2174 2810 2400 2871 brutus,
2419 2805 2519 2861 sed
2551 2803 2696 2858 tales
2727 2818 2840 2856 non
2871 2800 2944 2855 de
2964 2797 3119 2854 facili
3138 2796 3357 2870 perdit;
3382 2796 3467 2851 ita
3496 2796 3831 2852 Judaeiduri

2172 2903 2231 2956 et
2254 2895 2505 2970 lapidmi,
2522 2890 2798 2966 legalium
2827 2886 3305 2944 caeremoniarum
3332 2885 3831 2941 assuefactionem

2176 2989 2271 3044 vix
2302 2985 2704 3058 susceperunt,
2724 2982 3029 3051 susceptas
3057 2977 3226 3032 brute
3255 2980 3604 3039 tenuerunt,
3626 2975 3729 3030 sed
3762 2980 3833 3030 te.

2180 3076 2318 3143 lem,
2350 3091 2456 3131 nec
2502 3071 2678 3129 etiam
2730 3069 2994 3126 veniente
3049 3064 3377 3138 Evangelio,
3422 3063 3832 3136 derelinquere

2181 3164 2508 3221 voluerunt.
2541 3159 2702 3216 Unde
2726 3158 2881 3213 idem
2910 3154 3223 3228 Apostolus
3248 3171 3261 3209 :
3283 3154 3397 3210 ,δι-(1
3409 3152 3829 3225 usque,inquit,

2182 3254 2369 3323 hodie,
2398 3266 2530 3308 cum
2559 3249 2770 3320 legitar
2798 3251 3039 3317 Moyses,
3074 3242 3337 3299 velamen
3365 3252 3451 3298 est
3477 3252 3624 3299 ante
3652 3244 3835 3297 oculos

2181 3359 2385 3401 eorum
2416 3341 2462 3414 (ι
2492 3339 2761 3407 Cor.1u).
2797 3336 2913 3390 Hoc
2960 3337 3156 3388 tamen
3204 3330 3399 3387 velum
3448 3331 3513 3387 in
3566 3331 3834 3403 passione

2185 3431 2397 3488 Christi
2424 3429 2673 3486 scissum
2694 3429 2782 3481 est
2801 3422 3083 3496 apostolis
3104 3426 3162 3477 et
3181 3420 3404 3476 caeteris
3421 3419 3835 3492 spiritualibus

2183 3520 2484 3576 viris.Non
2509 3522 2702 3572 autem
2737 3512 2929 3570 solum
2956 3509 3347 3567 ministerium
3376 3510 3687 3581 Evangelii
3712 3526 3833 3582 pre-

2185 3609 2343 3666 cellit
2372 3605 2697 3663 ministerio
2724 3601 2999 3675 legis,sed
3021 3600 3195 3657 etiam
3218 3598 3327 3671 ipsi
3346 3599 3717 3664 doctores,et
3732 3597 3829 3671 ipsi

2185 3703 2550 3755 exsecutores
2565 3690 2861 3765 Evangelii
2892 3686 3229 3762 prmcellunt
3248 3686 3599 3743 doctoribus
3617 3692 3678 3742 et
3689 3703 3835 3743 exse.

2185 3786 2487 3844 cutoribus
2519 3782 2681 3856 legis.
2714 3781 2829 3836 Nec
2875 3778 3043 3844 illud,
3075 3777 3283 3832 fratres
3332 3776 3473 3847 mei,
3508 3776 3669 3843 dico,
3701 3776 3826 3847 quin

2186 3876 2428 3950 quidam
2461 3873 2728 3928 doctores
2772 3873 2830 3925 et
2874 3870 3243 3924 exsecutores
3271 3863 3439 3937 legis,
3475 3864 3823 3936 quibusdam

2186 3962 2523 4021 doctoribus
2552 3964 2609 4015 et
2638 3955 3075 4015 exsecutoribus
3097 3951 3389 4026 Evangelii
3415 3950 3824 4025 pariﬁcari,vel

2186 4053 2361 4110 etiam
2395 4048 2721 4124 prmcellcrc
2762 4043 3074 4117 potuerint,
3108 4042 3260 4099 sicut
3303 4041 3553 4114 quidam
3608 4039 3823 4097 diaconi

2187 4141 2541 4216 quibusdam
2569 4135 2992 4201 sacerdotibus,
3027 4134 3128 4188 sed
3160 4131 3218 4186 in
3259 4147 3473 4204 genere
3524 4129 3823 4187 ministerii

2185 4236 2242 4288 et
2271 4229 2352 4286 rei
2383 4227 2725 4284 ministrata:
2754 4221 3095 4281 excellentia
3121 4221 3586 4276 demonstratur.
3611 4220 3825 4275 Gratias

2184 4321 2382 4391 itaque
2440 4333 2709 4390 agamus,
2735 4315 2964 4380 fratres,
2997 4310 3243 4367 Domino
3290 4308 3408 4364 Deo
3460 4311 3697 4378 nostro,
3740 4308 3825 4381 qui

2185 4406 2583 4465 excellentiam
2601 4401 2943 4476 evangelicae
2963 4396 3435 4465 doctrinae,nobis
3453 4396 3643 4469 quiin
3666 4404 3829 4453 extre-

433 4491 597 4578 tuam
623 4491 679 4578 et
707 4492 867 4578 emat
893 4486 1172 4578 gladium.
1208 4492 1362 4578 (huc.
1390 4494 1552 4560 χχιι),
1584 4489 1777 4549 littera
1807 4494 2076 4552 occidens
2110 4514 2153 4578 Ι)
2185 4515 2282 4554 ma
2313 4501 2478 4553 aetate
2507 4494 2757 4550 vivimus
2788 4491 2965 4553 dedit,
2985 4491 3218 4545 orantes
3246 4503 3381 4578 eum
3408 4491 3471 4541 ut
3504 4485 3639 4559 ipse
3670 4487 3823 4542 nobis

429 4574 588 4629 sunt.
622 4570 844 4646 Legaut
869 4589 1006 4648 ergo
1031 4579 1088 4631 et
1115 4575 1445 4651 intelligant
1475 4579 1727 4637 ministri
1759 4583 1899 4639 Novi
1931 4586 2075 4641 Tes-

428 4660 676 4719 tamenti
706 4678 903 4719 sacras
925 4662 1276 4738 Scripturas,
1305 4683 1422 4722 non
1452 4684 1521 4723 ex
1551 4685 1726 4726 sensu
1784 4689 1959 4744 quem
1991 4675 2077 4729 fa-

429 4749 617 4819 ciunt,
656 4749 761 4806 sed
788 4767 858 4807 ex
898 4768 1077 4809 sensu
1105 4770 1175 4809 ex
1204 4771 1318 4827 quo
1350 4756 1522 4823 ﬁunt,
1550 4760 1914 4817 attendentes
1947 4780 2074 4835 quas

429 4837 830 4911 historialiter,
858 4858 985 4913 quae
1017 4843 1279 4916 mystice,
1313 4859 1440 4915 quae
1470 4846 1845 4920 tr0pologice,
1871 4856 1928 4906 et
1949 4868 2075 4924 qua:

431 4926 747 5001 anagogice
778 4929 1065 4998 dicantur,
1088 4935 1152 4987 ut
1181 4936 1517 4989 mereantur
1545 4951 1675 4991 esse
1716 4954 1849 4993 cum
1898 4940 2075 4998 Paulo

429 5011 623 5073 idonei
653 5016 908 5073 ministri
957 5020 1098 5076 Novi
1146 5021 1525 5091 Testamenti,
1561 5040 1677 5079 non
1724 5025 1938 5095 littera,
1973 5031 2071 5086 sed

431 5101 664 5173 spiritu.
699 5104 762 5159 In
793 5123 929 5177 quo,
948 5109 1155 5166 fratres
1185 5110 1545 5184 mei,plango
1576 5115 1859 5185 quosdam
1893 5120 2077 5174 nostri

430 5188 674 5260 ordinis,
705 5192 803 5265 qui
838 5212 953 5251 non
976 5197 1167 5255 dicam
1199 5199 1564 5273 Spiritualem
1606 5202 2074 5278 intelligentiam,

430 5278 533 5335 sed
566 5295 671 5335 nec
699 5281 877 5338 etiam
908 5283 1099 5357 ipsam
1120 5287 1323 5345 litterae
1344 5304 1605 5346 crassam
1627 5290 1817 5364 legere
1838 5302 2074 5365 norunt,

428 5366 575 5457 caci
595 5371 652 5425 et
671 5369 850 5427 duces
881 5377 1299 5449 caecorum,qui
1332 5380 1417 5433 tot
1447 5378 1778 5437 animarum
1810 5383 1889 5438 rei
1915 5390 2073 5457 sunt,

429 5456 587 5601 ξιᾋά
620 5474 725 5601 pter
767 5458 1029 5517 stultitia:
1078 5480 1197 5520 suae
1248 5466 1567 5522 ctecitatcm
1600 5468 1658 5522 in
1691 5456 2076 5542 perditionem

460 5562 487 5600 r
568 5561 647 5599 un
680 5585 693 5600 .

460 5561 693 5600 ranunt.

2185 4585 2694 4658 qualibuscumque
2743 4578 3079 4636 doctoribus
3135 4572 3517 4648 Evangelium
3575 4579 3639 4630 et
3690 4582 3823 4631 recte

2180 4673 2505 4748 intelligere
2546 4677 2603 4727 et
2652 4669 2875 4727 utiliter
2921 4669 3128 4724 docere
3162 4663 3461 4729 concedat,
3490 4663 3667 4720 vobis
3694 4680 3824 4736 quo-

2184 4781 2297 4837 que
2327 4762 2695 4818 auditoribus
2724 4760 2870 4814 bene
2917 4756 3122 4813 audire
3166 4758 3225 4809 et
3268 4752 3525 4808 retinere
3556 4753 3819 4825 praebeat,

2184 4857 2304 4909 tam
2336 4852 2505 4908 nobis
2528 4866 2661 4905 vero
2692 4864 2869 4920 quam
2920 4844 3107 4911 vobis,
3137 4841 3420 4907 moribus,
3450 4841 3735 4914 operibus
3776 4846 3821 4897 et

2181 4942 2303 4997 vita
2332 4939 2476 4996 illud
2510 4936 2829 5010 adimplere
2849 4934 3091 5001 tribuat,
3123 4936 3414 5005 quatenus
3463 4935 3525 4986 et
3576 4931 3636 4985 in
3688 4948 3818 5003 pre-

2183 5031 2333 5087 senti
2358 5029 2475 5085 vita
2496 5026 2833 5099 justiﬁcari,
2866 5028 2923 5081 et
2951 5023 3012 5079 in
3036 5023 3233 5078 futura
3260 5018 3581 5093 gloriticari
3610 5036 3817 5075 meres-

2186 5137 2321 5175 mur
2336 5135 2438 5191 per
2457 5116 2769 5173 Dominum
2790 5117 3055 5170 nostrum
3078 5111 3283 5167 Jesum
3298 5108 3603 5164 Christum
3621 5108 3814 5164 Filium

2185 5208 2284 5264 Dei
2316 5207 2416 5280 qui
2446 5206 2506 5262 in
2537 5204 2817 5261 Trinitate
2847 5203 3102 5276 perfecta
3126 5199 3267 5257 vivit
3312 5203 3370 5254 et
3398 5202 3611 5270 regnat
3657 5198 3811 5253 Dens.

2183 5298 2387 5353 Amen.

2732 5381 3036 5438 llOMILIA
3072 5378 3294 5435 XXVII.

2398 5488 2671 5529 DOMINICA
2708 5487 3038 5527 DUODECIMA
3078 5483 3220 5525 POST
3252 5482 3619 5523 TRINITATEH.

2254 5569 2529 5635 Egressus
2555 5566 2723 5620 Iesus
2750 5561 2819 5617 de
2846 5560 3049 5631 ﬁnibus
3079 5557 3243 5629 Tyri,
3269 5556 3423 5613 venit
3440 5554 3804 5626 perSidm
