3974 6076
129 328 289 424 ρὸθτ
770 349 1127 416 nouum
1165 346 1247 410 IN
1296 343 1542 408 EPIST.
1588 338 1693 402 ET
1735 298 2022 399 EvANe.
2066 330 2418 397 DOMINIC.
2450 365 2529 376 —
2554 328 2758 392 pass
2800 326 2882 391 ιι.
3375 280 3575 386 263s"

128 493 205 554 ad
247 507 401 549 mare
456 487 726 555 Galilmse,
779 487 926 542 inter
990 481 1198 540 medios
1271 480 1407 552 ﬁnes
1468 471 1787 545 Decapoleos
1814 466 1873 536 Α
1898 483 2012 523 nus
2046 482 2060 523 :
2092 463 2224 522 Cum
2252 465 2411 537 facis.
2445 461 2654 537 inquit,
2684 461 3096 535 elemosynam,
3126 456 3246 517 noli
3281 457 3413 517 tuba
3439 473 3536 515 ca-

132 547 331 649 llllarc.
356 547 475 654 vn).
510 579 573 635 In
601 547 721 633 hac.
744 572 931 631 sancti
958 567 1256 645 Evangelii
1271 547 1554 631 lectione,
1579 562 1788 617 fratres
1894 573 2023 613 nere
2052 563 2178 612 ante
2201 562 2249 611 te
2276 556 2418 611 sicut
2446 554 2744 627 hypocrita?
2771 553 2987 625 faciunt
3006 552 3067 606 in
3094 551 3230 606 vicis
3259 556 3312 607 et
3338 550 3397 604 in
3418 547 3535 620 pla'

134 639 668 739 charissimijuxta
696 663 954 720 litteram
977 639 1239 734 quinque
1260 655 1430 712 nobis
1461 666 1791 728 proponun—
1896 648 2016 702 teis.
2051 646 2116 701 Te
2144 652 2326 701 autem
2369 644 2606 717 faciente
2633 642 3046 714 elemosynam,
3078 639 3286 695 nesciat
3312 639 3543 695 sinistra

12 492 29 547 δ

12 597 27 635 ὓ

12 686 27 725 Ι

12 776 25 813 Γ

12 872 21 905 l

12 964 25 1009 l

12 1144 23 1179 θ

12 1234 21 1271 t

12 1328 21 1363 ι

12 1418 19 1453 ε

12 1492 19 1545 t

12 1584 17 1635 ε

12 1690 19 1725 l

12 1766 19 1817 r

12 1874 18 1907 |

12 1960 17 1999 Ι

12 2054 17 2091 ι

12 2142 18 2181 ῐ

137 766 279 817 tur:
333 737 674 815 Sollicitudo
724 751 978 821 Domini,
1012 747 1253 805 miseria
1299 743 1461 802 surdi
1510 744 1567 798 et
1616 737 1786 807 muti,

138 847 474 923 rogantium
506 841 985 909 charitas,virtus
1011 836 1244 894 Domini
1274 832 1559 902 curantis,
1573 832 1629 886 et
1658 845 1789 885 con-

1896 743 1993 792 tua
2020 733 2151 808 quid
2180 735 2353 806 faciat
2382 732 2606 788 dextera
2648 738 2764 795 tua,
2796 737 2847 786 et
2883 736 3050 786 Pater
3078 736 3202 785 tuus
3257 727 3355 799 qui
3398 725 3543 783 videt

1897 825 1957 879 in
1985 822 2316 889 abscondito,
2347 820 2532 877 reddet
2579 821 2683 875 tibi
2729 818 2934 888 (Matth.
2966 819 3064 887 vr).
3095 818 3165 873 Et
3203 814 3343 873 alibi
3375 832 3388 872 :
3422 814 3543 871 Ab-

134 906 241 995 tr;
272 935 612 993 mandatum
663 928 981 1003 divulgatio
1024 923 1314 982 miraculi.
1368 921 1561 979 Primo
1608 917 1790 991 igitur
1894 912 2132 969 scandite
2160 912 2558 982 eleemosynam
2586 910 2647 964 in
2674 910 2806 965 sinu
2850 908 3129 980 pauperis,
3162 913 3213 962 et
3257 906 3375 978 ipsa
3423 911 3543 961 orat

141 992 473 1084 sollicitudo
497 1020 750 1090 Domini,
784 992 965 1093 quam
994 1016 1172 1072 habet
1200 1030 1305 1087 pro
1337 1010 1524 1069 salute
1540 1005 1785 1064 humani
1889 1018 1992 1075 pro
2040 1002 2191 1093 vobis
2359 999 2652 1057 Dominum
2678 998 2863 1071 (Eecli.
2894 996 3070 1067 xxrx).
3103 995 3166 1050 In
3207 992 3542 1051 humilitate

141 1114 372 1191 generis
407 1112 864 1168 demonstratur:
901 1122 1033 1161 cum
1065 1103 1281 1160 dicitur
1312 1117 1326 1157 :
1357 1101 1616 1172 Egressus
1634 1098 1787 1154 Jesus
1896 1090 2232 1147 ostenditur
2256 1087 2443 1144 virtus
2474 1085 2728 1153 Domini,
2764 1101 2899 1141 cum
2931 1083 3204 1141 subditur
3234 1099 3248 1138 :
3282 1083 3427 1139 Misit
3453 1081 3541 1137 di-

140 1172 207 1262 Et
229 1204 436 1276 ﬁnibus
470 1200 612 1269 Tgri,
636 1201 746 1254 etc.
779 1195 1054 1268 Magnam
1085 1191 1301 1266 quippe
1329 1186 1787 1246 sollicitudinem
1895 1181 2033 1250 gitos
2051 1195 2176 1235 suos
2199 1180 2259 1233 in
2279 1177 2564 1233 auriculas
2584 1175 2721 1248 ejus,
2746 1182 2797 1230 et
2816 1190 3055 1247 expuens
3088 1173 3265 1243 tetigit
3293 1172 3544 1243 linguam

139 1262 445 1349 de'salute
492 1262 798 1344 hominum
836 1262 1121 1354 habebat,
1148 1262 1251 1355 qui
1286 1282 1494 1344 terras,
1526 1275 1702 1330 urbes
1733 1275 1790 1328 et
1893 1268 2180 1342 ejusEcce
2211 1281 2426 1340 magna
2451 1262 2758 1321 humilitas
2780 1262 3544 1335 Domini,quisuossanetos

142 1377 429 1449 castra,in
461 1375 672 1445 quibus
703 1390 766 1431 se
796 1375 1035 1429 noverat
1062 1350 1359 1442 aliquibus
1390 1364 1786 1441 profecturum
1896 1357 2111 1432 digitos
2143 1358 2203 1413 in
2233 1372 2405 1412 aures
2435 1352 2937 1410 surdifeculentas
2954 1350 3542 1420 mittere,etimmun-

142 1467 507 1543 peragrabat.
541 1467 723 1532 Quem
756 1478 863 1517 nos
914 1439 1237 1525 imitantes,
1283 1439 1637 1521 charissimi,
1671 1467 1788 1506 non
1897 1447 2032 1503 dam
2064 1446 2213 1502 muti
2242 1444 2507 1519 linguam
2538 1459 2673 1501 cum
2705 1459 2815 1498 sua
2842 1445 3047 1498 sancta
3075 1439 3256 1497 saliva
3282 1443 3540 1513 tangere,

142 1560 546 1630 exspectemus
577 1556 642 1608 ut
672 1566 1024 1625 quaeramur,
1053 1548 1154 1604 sed
1204 1545 1380 1602 etiam
1420 1541 1534 1616 ipsi
1564 1556 1791 1615 quzera-
1898 1553 2031 1592 cum
2064 1535 2187 1593 solo
2216 1535 2389 1591 verbo
2417 1532 2667 1590 salutem
2699 1531 2959 1588 conferre
2978 1532 3318 1604 posset,non
3351 1544 3546 1602 asper-

146 1608 537 1630 -w-,-------,--
690 1608 708 1625 ,
1011 1608 1022 1617 ,
1444 1608 1461 1616 ,
1580 1608 1599 1615 -

144 1665 281 1704 mus
313 1644 525 1719 quibus
559 1636 1236 1716 proﬁciamus.Secundo
1264 1650 1399 1690 vero
1430 1630 1667 1687 miseria
1696 1646 1793 1685 cu-
1900 1628 2092 1682 natur.
2128 1625 2191 1680 In
2221 1641 2336 1697 quo
2367 1623 2467 1678 dat
2495 1621 2666 1678 nobis
2695 1619 3051 1694 exemplum,
3083 1623 3150 1675 ut
3178 1618 3227 1676 si
3273 1608 3411 1693 ipse.
3443 1617 3546 1692 qui

145 1735 315 1793 randi
340 1732 693 1790 describitur
704 1746 839 1786 cum
858 1727 1071 1784 surdus
1092 1729 1150 1781 et
1167 1727 1367 1779 mutus
1384 1717 1793 1776 vocatur.Mul-
1897 1714 2028 1787 ipsa
2059 1713 2355 1769 munditia
2384 1714 2440 1768 et
2471 1711 2749 1768 sanctitas
2762 1713 2871 1779 est,
2886 1708 3294 1766 immunditias
3314 1709 3546 1766 etinﬁr-

143 1830 275 1882 tum
303 1822 514 1897 quippe
545 1820 726 1876 miser
755 1821 896 1882 erat,
930 1815 1029 1889 qui
1063 1813 1277 1870 surdus
1300 1809 1478 1867 simul
1507 1812 1565 1865 et
1592 1811 1794 1863 mutus
1826 1843 1870 1907 Β
1900 1802 2136 1858 mitates
2166 1799 2476 1856 hominum
2506 1816 2622 1855 non
2652 1797 3104 1866 abhorruit,imo
3136 1797 3228 1870 pie
3256 1798 3545 1865 tractavit,

146 1916 292 1972 erat.
324 1894 433 1979 Qui
450 1894 617 1967 enim
650 1911 851 1963 mutus
882 1908 989 1973 est,
1021 1919 1128 1959 nec
1165 1917 1336 1957 suam
1368 1896 1665 1955 miseriam
1697 1894 1795 1951 alii

147 2003 426 2071 indicare,
456 2016 564 2056 nec
594 1995 1039 2062 consilium,nec
1069 1989 1353 2048 auxilium
1383 1990 1575 2062 potest
1590 1987 1794 2058 postu-

147 2089 403 2169 lare.Qui
431 2105 565 2146 vero
596 2087 811 2145 surdus
843 2088 952 2150 est,
976 2079 1286 2139 consilium
1312 2076 1521 2135 salutis
1542 2092 1660 2131 suae
1691 2090 1794 2130 au-

151 2164 278 2239 dire
308 2198 421 2237 non
453 2180 661 2253 potest.
696 2174 945 2231 Multum
976 2187 1134 2243 ergo,
1167 2164 1584 2234 fratres,miser
1607 2167 1665 2219 et
1681 2161 1796 2218 mi-

155 2267 419 2326 serabilis
448 2269 591 2336 erat,
624 2264 725 2338 qui
755 2280 873 2320 sum
914 2258 1162 2316 miseria:
1212 2272 1381 2329 opem
1431 2270 1536 2309 nec
1580 2255 1795 2325 petere,

154 2375 264 2415 nec
294 2355 553 2423 etiam,si
585 2352 1077 2424 daretur,poterat
1107 2343 1492 2403 audirezinde
1522 2345 1611 2397 est
1640 2339 1797 2412 quod

158 2451 453 2504 mutorum
485 2448 543 2502 et
566 2442 882 2501 surdorum
912 2436 1161 2494 miseriae
1187 2433 1375 2507 magis
1397 2429 1799 2487 miserandum

158 2541 266 2593 est.
295 2534 491 2592 Caeteri
535 2532 691 2589 enim
732 2529 955 2596 miseri,
987 2524 1097 2584 etsi
1128 2539 1405 2597 magnam
1435 2519 1655 2576 habent
1684 2515 1800 2572 mi-

159 2624 392 2694 seriam,
424 2628 620 2679 tamen
650 2620 813 2676 illam
844 2619 1093 2692 possunt
1124 2612 1518 2677 manifestare,
1549 2612 1607 2665 et
1644 2605 1801 2662 auxi-

157 2714 304 2770 lium
331 2711 645 2787 postulare.
680 2709 907 2765 Surdus
932 2722 1066 2762 vero
1097 2707 1154 2761 et
1202 2704 1426 2767 mutus,
1460 2700 1679 2772 quanto
1712 2698 1801 2752 est

1902 1890 2191 1965 prmcipue
2219 1889 2396 1945 homo
2438 1888 2728 1955 homines,
2759 1888 2973 1945 vermis
3018 1905 3266 1955 vermes,
3301 1889 3547 1962 putredo

1904 1979 2241 2053 putredines
2302 1995 2420 2034 non
2472 1977 2780 2034 abhorreat
2827 1981 3154 2034 attrectare.
3207 1978 3436 2035 Rursus
3486 1978 3548 2034 in

1903 2069 2172 2125 doctrina
2196 2067 2383 2124 virtus
2414 2065 2642 2124 Domini
2681 2065 3029 2135 ostenditur,
3064 2083 3199 2123 cum
3245 2069 3549 2141 suspiciens

1906 2161 1963 2215 in
1993 2159 2183 2215 caelum
2208 2158 2492 2229 ingemuit.
2525 2156 2589 2211 In
2623 2172 2736 2229 quo
2766 2171 2874 2212 nos
2903 2154 3380 2223 instruit,i‘ratres
3409 2158 3548 2227 mei,

1906 2250 1973 2304 ut
2002 2245 2240 2314 oraturi,
2271 2246 2391 2302 sive
2422 2244 2883 2302 misericordiam
2912 2244 3001 2301 vel
3032 2243 3265 2318 aliquod
3285 2244 3554 2311 aliudbor

1907 2352 2048 2391 num
2083 2333 2313 2401 facturi,
2337 2351 2568 2406 semper
2593 2332 2655 2388 in
2685 2332 2895 2389 coelum
2926 2332 3114 2406 magis
3146 2337 3339 2391 mente
3371 2350 3553 2407 quam

1907 2423 2093 2480 oculis
2124 2422 2537 2495 suspiciamus,
2571 2423 2743 2495 juxta
2788 2420 2933 2477 illud
2984 2421 3323 2495 Prophetas:
3357 2424 3557 2480 Levavi

1907 2514 2087 2571 oculos
2122 2528 2268 2569 meos
2316 2514 2375 2568 in
2420 2519 2646 2579 montes,
2677 2511 2822 2567 unde
2867 2512 3044 2568 veniet
3088 2498 3369 2569 auxilium
3414 2512 3558 2569 mihi

1909 2603 2081 2672 (Psal.
2112 2602 2263 2675 cxx),
2297 2601 2412 2658 Deo
2441 2604 2664 2656 cuncta.
2684 2600 3089 2669 attribuentes,
3113 2601 3185 2657 de
3214 2617 3281 2657 eo
3310 2606 3369 2657 et
3396 2599 3457 2656 in
3488 2615 3556 2658 eo

1910 2696 2100 2749 totum
2132 2694 2453 2763 sperantes,
2481 2690 2551 2745 de
2582 2689 2752 2745 nobis
2780 2705 2913 2745 vero
2941 2692 2998 2745 et
3026 2688 3087 2745 in
3116 2689 3287 2746 nobis
3316 2688 3561 2763 ingemi-

1913 2784 2162 2847 scentes,
2197 2779 2297 2852 qui
2328 2796 2397 2835 ex
2424 2777 2593 2835 nobis
2623 2777 2770 2834 nihil
2800 2794 3117 2851 possumus
3147 2777 3307 2834 boni.

1984 2871 2048 2926 In
2081 2868 2339 2942 potentia
2367 2868 2802 2924 demonstratur
2826 2865 3010 2923 virtus
3040 2867 3294 2938 Domini,
3318 2884 3452 2924 cum
3484 2868 3585 2933 ad,

1912 2960 2041 3031 ejus
2071 2956 2386 3031 imperium
2406 2957 2583 3013 surdo
2613 2960 2670 3012 et
2684 2972 2831 3012 Caeco
2853 2950 2998 3012 usus
3014 2955 3288 3013 audiendi
3310 2957 3563 3014 donatur

162 3054 230 3126 eo
263 3066 766 3141 rogant.Poterant
790 3060 1026 3135 quidem
1057 3074 1192 3114 eum
1224 3071 1339 3111 non
1369 3053 1679 3119 adducere,
1702 3050 1804 3106 sed
1913 3052 1971 3104 et
1999 3045 2436 3119 loquendi,cum
2467 3043 3091 3118 dixit:Ephpheta,quod
3120 3053 3197 3102 est
3224 3045 3295 3101 ad
3322 3046 3557 3119 aperire.

162 3134 391 3213 tantum
424 3172 526 3229 pro
552 3171 619 3211 eo
652 3167 872 3225 rogare,
907 3148 1007 3205 sed
1040 3147 1169 3203 ideo
1206 3160 1341 3200 eum
1391 3141 1711 3207 adducunt,
1742 3142 1808 3193 ut
1839 3212 1877 3229 Λ
1914 3136 2055 3192 Nam
2083 3134 2173 3209 [et]
2203 3135 2390 3190 statim
2425 3142 2634 3206 apertae
2680 3141 2809 3189 sunt
2852 3151 3015 3191 aures
3061 3136 3196 3208 ejus,
3228 3141 3281 3191 et
3323 3136 3564 3191 solutum

164 3212 473 3303 manifesta
502 3212 875 3318 praesensque
903 3236 1143 3294 miseria
1171 3232 1359 3307 magis
1381 3227 1801 3287 moveatDeum
1837 3212 1878 3278 C
1916 3233 1993 3282 est
2020 3225 2302 3280 vinculum
2333 3224 2536 3295 lingua:
2556 3225 2690 3296 ejus,
2722 3230 2774 3279 et
2801 3224 3121 3295 loquebatur
3158 3232 3316 3282 recte.
3349 3225 3413 3281 In
3444 3240 3561 3298 quo

166 3334 239 3394 ad
273 3335 693 3392 miserendum.
727 3331 866 3387 Inde
897 3342 1128 3402 quoque
1156 3324 1439 3395 majorem
1488 3336 1657 3376 suam
1705 3318 1807 3373 de-
1916 3315 2282 3370 demonstrat
2312 3312 2596 3368 Dominus
2628 3329 2689 3368 se
2718 3329 2847 3368 esse
2875 3311 3043 3368 illum
3074 3314 3346 3369 eumdem
3377 3313 3478 3387 qui
3498 3314 3560 3370 in

166 3427 499 3483 monstrant
528 3422 895 3488 charitatem,
925 3434 1058 3473 cum
1089 3430 1191 3487 pro
1224 3412 1438 3467 misero
1468 3426 1584 3464 non
1616 3405 1807 3464 solum
1919 3402 2451 3476 principiotantum
2473 3400 2618 3457 dixit
2639 3402 2857 3458 etfacta
2877 3401 3559 3471 suntuniversa.0uinto,

165 3519 393 3589 rogant,
412 3514 513 3570 sed
541 3511 716 3569 etiam
745 3509 942 3584 ipsum
973 3505 1272 3561 adducunt
1298 3503 1353 3589 et
1383 3498 1806 3555 demonstrant.
1920 3496 2120 3548 contra
2133 3489 2820 3563 mandatum,divulgatio
2833 3489 3562 3560 miraculidemonstratur,

165 3600 330 3670 Quod
358 3607 447 3660 est
475 3604 679 3659 contra
706 3579 992 3672 quosdam
1024 3593 1202 3649 duros
1222 3585 1812 3651 etimmisericordes,
1921 3598 2055 3636 cum
2087 3579 2395 3636 subditur:
2430 3581 2495 3634 Et
2516 3580 2781 3652 prwcepit
2806 3581 2886 3635 eis
2914 3596 2983 3636 ne
3009 3582 3104 3636 cui
3122 3597 3250 3654 quae
3280 3579 3566 3637 vidissent

170 3692 273 3768 qui
307 3692 574 3749 fraternae
607 3687 857 3745 miserisa
888 3681 1140 3755 compati
1172 3679 1460 3744 nesciunt,
1488 3676 1605 3731 imo
1636 3674 1813 3747 (quod
1920 3677 2234 3736 narrarent,
2268 3673 2379 3724 etc.
2412 3669 2522 3725 Sed
2556 3684 2757 3741 quare,
2777 3667 2986 3726 fratres
3017 3670 3152 3738 mei,
3184 3668 3470 3727 Dominus
3499 3686 3569 3727 ea

169 3756 341 3858 pejus
371 3779 755 3856 est)derident
782 3779 841 3832 et
869 3771 1226 3830 maledicunt
1256 3762 1816 3858 surdo,quiaaudire
1923 3776 2052 3858 quae
2109 3758 2321 3858 fecerat
2367 3756 2669 3830 prohibuit
2718 3757 3024 3816 enarrari?
3079 3760 3152 3815 ad
3209 3758 3565 3833 exemplum.

171 3845 291 3928 non
312 3845 584 3944 potest,et
602 3862 1019 3924 offendiculum
1041 3862 1265 3936 ponunt
1281 3872 1450 3923 caeco,
1477 3853 1817 3944 quiavidere
1880 3855 1887 3861 '
1923 3847 2269 3920 Exemplum
2292 3846 2507 3919 quippe
2523 3845 2771 3919 praebuit
2790 3846 2954 3904 novis
2967 3864 3177 3904 vanam
3195 3847 3440 3923 gloriam
3457 3847 3573 3905 θνί-

175 3956 291 4017 non
312 3935 524 4034 potest,
548 3973 682 4014 cum
704 3955 933 4029 Moyses
954 3951 1140 4007 dicat:
1167 3953 1283 4005 Non
1315 3943 1604 4001 maledices
1632 3940 1816 4034 surdo,
1924 3937 2108 4003 tandi,
2143 3940 2209 3992 ut
2240 3935 2510 3991 similiter
2539 3953 2646 3991 nos
2677 3937 2912 4008 quando
2944 3936 3191 3995 facimus
3220 3937 3319 3993 alii
3350 3936 3575 3995 miseri-

173 4067 274 4107 nec
302 4065 484 4106 coram
512 4062 651 4104 careo
678 4060 842 4118 pones
891 4037 1280 4113 o/fendieulum
1310 4034 1500 4107 (Leuit.
1533 4028 1669 4103 xxx).
1701 4029 1819 4084 Nos
1928 4025 2209 4091 cordiam,
2242 4024 2315 4080 ab
2344 4042 2410 4079 eo
2442 4024 2625 4079 nostri
2660 4025 2852 4097 operis
2882 4025 3184 4097 exigamus
3213 4025 3575 4083 taciturnita-

176 4155 337 4213 ergo,
386 4137 614 4202 fratres,
655 4148 890 4189 omnem
922 4126 1221 4192 duritiam,
1254 4136 1491 4179 omnem
1538 4133 1822 4175 exuamus
1930 4118 2071 4182 tem,
2104 4131 2176 4169 ne
2206 4112 2426 4169 scilicet
2446 4112 2591 4169 illud
2620 4118 2958 4187 corrumpat
2977 4131 3121 4170 aura
3144 4113 3573 4188 popularis,sed

179 4224 758 4289 inhumanitatem,et
787 4218 1087 4275 discamus
1116 4212 1331 4269 habere
1358 4209 1584 4266 viscera
1603 4204 1827 4262 miseri—
1930 4203 1980 4260 si
2012 4206 2173 4258 tanto
2203 4202 2319 4257 Deo
2338 4202 2525 4275 magis
2552 4206 3034 4275 gratum,quanto
3048 4203 3235 4277 magis
3255 4203 3572 4261 occultum.

181 4312 389 4395 cordia;
421 4328 599 4385 super
626 4325 839 4383 egenos
870 4310 927 4363 et
964 4302 1238 4395 afflictos,
1267 4303 1325 4395 ct
1372 4298 1456 4395 eis
1504 4313 1608 4370 pro
1656 4309 1827 4368 posse
1932 4292 2096 4393 Quod
2125 4307 2257 4347 vero
2287 4289 2371 4345 illi
2403 4307 2469 4346 eo
2501 4290 2689 4364 magis
2719 4291 3086 4348 mirabantur
3115 4297 3173 4348 et
3187 4292 3579 4366 loquebantur

182 4388 382 4462 nostro
430 4381 755 4463 subvenire,
790 4399 848 4453 et
895 4395 954 4450 in
1004 4391 1192 4448 aliena
1240 4385 1495 4453 miseria,
1539 4387 1825 4449 nostram,
1934 4381 2216 4447 dicentes,
2254 4381 2393 4435 Bene
2420 4381 2608 4436 omnia
2634 4383 2788 4453 fecit,
2818 4385 2927 4438 etc.
2964 4381 3230 4439 Ostendit
3266 4381 3428 4440 illam
3457 4382 3580 4438 vir-

184 4510 363 4569 quam
389 4489 709 4547 habuimus
756 4489 857 4542 aut
882 4482 1097 4539 habere
1126 4492 1464 4569 possumus,
1495 4474 1826 4569 lugeamus,
1934 4475 2121 4528 tutem
2154 4468 2342 4542 magis
2373 4484 2500 4525 esse
2531 4466 2859 4525 mirabilem
2873 4469 3193 4543 quaelatere
3211 4470 3580 4544 qua:rit,cum

181 4556 510 4640 imitatores
544 4577 638 4634 Dei
670 4579 726 4633 et
756 4571 987 4632 Domini
1019 4565 1344 4639 nostri,qui
1375 4581 1490 4621 non
1521 4562 1714 4620 solum
1737 4579 1831 4617 su-
1861 4581 1907 4646 D
1937 4560 2118 4617 latere
2149 4575 2265 4615 non
2288 4556 2925 4631 possit.Gloriamenim
2939 4559 3397 4633 suiappetitores
3412 4560 3579 4633 fugit,

158 2799 743 2870 inscnsibilior,tanto
772 2800 862 2852 est
889 2791 1297 2850 miserabilior.
1317 2789 1628 2860 Propterea
1649 2801 1803 2840 com-

162 2891 384 2966 p‘atitur
411 2889 462 2946 ei
491 2887 748 2944 charitas
778 2885 1127 2941 miserorum
1161 2875 1601 2948 hominum,qui
1627 2874 1805 2930 addu-

162 2982 306 3061 cunt
332 2994 466 3034 eum
500 2976 569 3034 ad
604 2975 829 3037 Jesum,
861 2976 920 3029 et
947 2970 1101 3044 quod
1131 2967 1229 3023 ille
1259 2982 1374 3023 non
1422 2966 1666 3037 poterat,
1700 2977 1805 3035 pro

185 4686 290 4745 per
309 4664 641 4742 justos,sed
673 4662 847 4719 etiam
879 4675 1056 4733 super
1086 4656 1339 4729 injustos
1367 4651 1699 4709 misericors
1719 4654 1828 4707 est.

184 4759 349 4817 Unde
378 4761 435 4815 et
464 4755 558 4813 hic
587 4770 701 4810 non
733 4751 926 4809 solum
958 4748 1029 4805 ad
1062 4742 1359 4803 miseriam
1392 4741 1542 4797 muti
1571 4744 1630 4796 et
1645 4738 1831 4806 surdi,

186 4849 289 4906 sed
319 4847 494 4904 etiam
527 4843 600 4900 ad
631 4839 1038 4898 miserantium
1071 4849 1302 4909 precem
1334 4831 1547 4904 pietate
1576 4844 1834 4884 commo-

187 4942 372 4996 vetur.
406 4935 570 4992 Unde
595 4935 652 4990 et
682 4928 953 4987 subditur
986 4942 999 4980 :
1034 4927 1097 4981 Et
1123 4923 1353 4980 educens
1398 4936 1521 4976 eum
1567 4916 1633 4974 de
1677 4917 1839 4973 turba

189 5044 449 5086 seorsum.
482 5019 824 5081 Ostenditur
853 5018 1050 5073 autem
1081 5015 1288 5086 quarto
1318 5008 1444 5066 loco
1490 5007 1677 5062 virtus
1723 5004 1838 5060 Do-

194 5115 340 5175 mini
369 5114 427 5170 in
460 5110 747 5181 tribus,in
776 5105 1061 5171 doctrina,
1084 5101 1145 5156 in
1174 5097 1527 5165 humilitate,
1552 5096 1612 5150 in
1644 5097 1840 5167 poten-

192 5206 296 5274 tia,
330 5204 393 5261 In
425 5200 690 5257 doctrina
717 5215 851 5256 cum
883 5190 1158 5251 subditur
1187 5205 1200 5245 :
1235 5189 1302 5243 Et
1346 5186 1583 5274 educens
1610 5200 1735 5240 eum
1775 5182 1840 5239 de

197 5273 361 5352 turba
387 5306 646 5347 seorsum.
678 5286 781 5343 Hic
812 5285 968 5341 enim
1000 5276 1264 5351 exemplo
1297 5275 1388 5331 sui
1419 5291 1526 5329 nos
1555 5273 1742 5341 docet,
1777 5275 1843 5326 ut

198 5399 334 5440 cum
350 5378 621 5437 volumus
642 5376 825 5431 facere
837 5366 1302 5429 misericordiam
1322 5368 1377 5420 et
1388 5362 1714 5434 eleemosyn
1723 5377 1814 5418 am
1825 5403 1839 5429 ,

200 5471 437 5531 turbam
459 5471 517 5525 et
538 5462 923 5538 frequentiam
944 5459 1253 5519 hominum
1280 5452 1594 5527 fugiamus,
1619 5449 1843 5507 utelee-

200 5575 446 5633 mosyna
474 5558 675 5613 nostra
706 5553 784 5610 sit
810 5555 970 5609 tanto
1007 5550 1123 5607 Deo
1172 5543 1377 5633 magis
1407 5544 1595 5633 grata,
1626 5544 1845 5612 quanto

202 5627 392 5723 magis
423 5646 496 5704 ab
527 5641 863 5717 aspectibus
891 5638 1199 5697 hominum
1220 5628 1634 5692 occulta.Unde
1658 5627 1849 5684 Domi-

1941 4654 1999 4706 et
2028 4648 2292 4722 sequitur
2321 4646 2413 4703 sui
2445 4650 2893 4720 contemptores.
2910 4647 3023 4704 Sed
3053 4648 3345 4722 nunquid,
3376 4649 3584 4706 fratres

1942 4738 2080 4804 mei,
2111 4736 2195 4792 illi
2229 4736 2325 4809 qui
2351 4735 2508 4808 jussi
2558 4752 2673 4793 non
2705 4739 3033 4807 tacuerunt,
3068 4737 3151 4793 rei
3180 4736 3586 4794 inobedientie

1944 4825 2273 4883 aestimandi
2304 4825 2490 4881 sunt?
2519 4825 2789 4881 Minime:
2810 4825 2949 4898 quia
2976 4844 3094 4883 non
3124 4843 3193 4882 ex
3223 4830 3587 4899 contemptu,

1945 4915 2048 4973 sed
2097 4931 2166 4971 ex
2210 4913 2517 4970 dilectione
2565 4912 2676 4970 hoc
2727 4913 3007 4971 fecerunt.
3032 4913 3233 4971 Virtus
3268 4912 3450 4981 enim,
3476 4913 3589 4971 etsi

1946 5003 2120 5061 celari
2153 5006 2395 5076 quaret,
2424 5019 2541 5058 non
2573 5008 2771 5059 tamen
2823 5002 2997 5060 celari
3050 5003 3241 5060 debet.
3280 5004 3352 5059 Et
3395 5002 3445 5060 si
3491 5002 3591 5060 ille

1949 5093 2050 5166 qui
2083 5094 2213 5149 eain
2257 5095 2551 5165 operatur,
2584 5109 2713 5148 eam
2761 5092 3031 5160 occultat,
3063 5091 3160 5148 ille
3207 5091 3301 5150 cui
3348 5092 3415 5149 fit
3459 5108 3590 5151 eam

1951 5180 2241 5239 occultare
2270 5197 2387 5236 non
2417 5180 2729 5237 debet.Nec
2742 5180 3027 5237 Dominus
3046 5180 3330 5238 miracula
3345 5182 3594 5239 suaideo

1950 5269 2212 5345 praecipit
2241 5268 2437 5336 celari,
2469 5269 2623 5341 quod
2652 5267 2826 5326 vellct
2853 5286 2921 5325 ea
2949 5269 3156 5340 celare,
3187 5268 3307 5327 imo
3337 5271 3410 5328 ad
3442 5268 3598 5327 salu-

1950 5362 2067 5416 tem
2100 5357 2358 5431 plurium
2378 5356 2555 5413 latius
2584 5356 3014 5430 propalari,sed
3045 5357 3347 5432 prohibuit
3365 5362 3598 5415 tantum

1954 5449 2025 5505 ad
2057 5445 2410 5520 exemplum.
2444 5446 2684 5519 Mystice
2713 5464 2845 5504 vero
2866 5464 3137 5521 egressus
3162 5448 3338 5505 Jesus
3367 5450 3438 5503 de
3467 5445 3600 5501 fini-

1953 5538 2066 5593 bus
2094 5535 2251 5610 Tyri,
2286 5551 2417 5607 qua:
2445 5537 2701 5605 angustia
2731 5535 3169 5610 interpretatur,
3189 5536 3347 5592 venit
3375 5550 3478 5609 per
3506 5532 3606 5590 Si-

1956 5627 2189 5694 donem,
2221 5624 2279 5680 id
2322 5627 2414 5680 est
2439 5625 2799 5695 venationem,
2832 5626 2905 5682 ad
2954 5641 3115 5682 mare
3162 5622 3410 5681 Galilaeae
3455 5623 3608 5681 inter
