3974 6076
324 196 489 259 2089

1334 192 1731 255 ADDENDA.
1763 225 1840 235 —
1872 189 2264 253 RADULPHI
2311 190 2725 253 ARDENTIS.

3591 187 3777 251 emo

329 328 556 387 medios
585 328 732 386 ﬁnes
755 323 1375 400 Decapoleos,quando
1398 328 1633 398 propter
1660 322 1966 379 inﬁdelita-
1997 323 2054 389 Α
2083 321 2281 390 (Galat.
2317 322 2423 394 ιιι),
2449 327 2557 378 etc.
2592 323 2656 379 In
2688 322 2797 379 hac
2830 321 3100 391 lectione,
3134 321 3347 378 fratres
3378 318 3772 387 charissimi,

324 419 445 474 tem
462 413 786 488 dereliquit
814 413 1116 488 angustias
1143 414 1443 480 Judaeaa,et
1472 429 1575 485 per
1599 410 1970 467 venationem
2080 410 2345 483 dieputat
2375 411 2687 484 Apostolus
2718 416 2919 468 contra
2948 411 3238 485 quosdam
3262 410 3525 478 Judaeos,
3547 409 3659 482 qui
3698 427 3775 465 ex

326 503 756 579 praedicationis
784 503 894 559 iter
908 508 1110 559 tenens
1124 519 1225 575 per
1239 500 1590 575 Decalogum
1606 499 1967 574 legis,trans-

2080 499 2355 573 operibus
2382 499 2531 573 legis
2564 518 2626 557 se
2658 500 2871 556 habere
2881 499 3180 573 justitiam
3194 503 3249 555 et
3264 496 3521 555 salutem
3547 499 3775 572 opina-

323 592 394 650 iit
423 593 495 649 ad
524 608 687 649 mare
713 591 1074 666 gentilitatis.
1107 591 1201 648 Sic
1231 590 1385 647 enim
1425 590 1735 663 prazvisum
1784 593 1908 646 erat
1938 607 1972 644 a
2081 590 2316 645 bantur.
2349 588 2610 653 Quorum
2644 589 2821 645 etiam
2852 589 3025 645 hodie
3067 589 3247 658 (unde
3278 587 3606 645 dolendum
3644 594 3771 657 est)

326 680 597 749 Domino,
616 683 703 747 ut,
730 696 846 737 non
876 678 990 735 nisi
1020 695 1123 752 per
1145 679 1358 735 Judaae
1389 678 1801 745 desertionem,
1827 695 1966 751 gen-

326 768 450 826 tilis
480 767 734 847 populus
764 767 1117 841 reciperetur
1141 769 1211 824 ad
1246 767 1620 824 ﬁdem.Unde
1634 767 1917 840 propheta
1953 783 1966 823 :

330 861 755 928 Coangustatum
786 864 865 913 est
890 864 1121 913 stratum
1147 864 1209 914 ut
1232 858 1371 913 alter
1396 857 1682 923 decidat,et
1714 858 1868 912 breve
1897 864 1975 913 est

328 948 587 1021 pallium,
612 953 671 1002 ut
698 953 990 1018 utrumque
1016 948 1228 1018 operire
1254 963 1365 1003 non
1387 947 1560 1018 possit
1589 946 1738 1019 (Isai.
1758 946 1974 1015 xxvm).

337 1037 477 1094 Erat
505 1039 700 1091 autem
730 1038 870 1091 tunc
901 1034 1134 1108 gentilis
1163 1034 1416 1108 populus
1437 1035 1653 1091 surdus
1670 1035 1740 1090 ad
1772 1033 1976 1089 intelli-

338 1125 597 1199 gendum
624 1122 723 1180 Dei
751 1123 1232 1190 verbum.Quales
1257 1124 1429 1180 hodie
1459 1128 1600 1180 sunt
1621 1122 1789 1179 multi
1808 1123 1869 1178 in
1882 1124 1979 1178 Ec-

335 1212 515 1270 clesia
544 1213 646 1286 qui
676 1229 745 1270 ex
771 1212 909 1270 vitio
938 1212 1155 1286 peccati
1177 1217 1235 1269 et
1264 1212 1629 1287 negligentiae
1647 1230 1763 1269 suae
1777 1228 1977 1268 aurem

334 1302 528 1360 cordis
558 1300 1088 1376 adintelligendum
1106 1300 1203 1357 Dei
1215 1302 1457 1357 verbum
1478 1301 1697 1358 habent
1713 1301 1974 1369 surdam,

323 1391 498 1463 juxta
526 1388 671 1447 illud
708 1407 722 1446 :
754 1391 941 1447 Noluit
974 1391 1280 1460 intelligere
1315 1399 1375 1446 ut
1420 1391 1550 1446 bene
1590 1397 1770 1462 ageret
1800 1390 1974 1462 (Psal.

327 1483 525 1550 xxxv).
555 1480 627 1536 Et
653 1496 719 1536 os
748 1479 966 1536 habent
996 1483 1226 1535 mutum
1259 1480 1331 1535 ad
1376 1478 1739 1536 laudandum
1775 1480 1974 1547 Deum,

324 1569 497 1641 juxta
532 1567 680 1624 illud
712 1586 726 1625 :
758 1570 873 1625 Non
904 1576 982 1625 est
1007 1571 1247 1641 speciosa
1279 1570 1401 1626 laus
1443 1571 1503 1625 in
1542 1586 1633 1625 ore
1678 1570 1979 1641 peccatoris

335 1658 523 1731 (Eccli.
552 1657 669 1731 xv).
703 1658 808 1725 Qui
843 1674 979 1715 cum
1010 1659 1184 1732 digne
1213 1675 1318 1731 pro
1349 1675 1411 1715 se
1445 1675 1649 1732 rogare
1678 1675 1793 1713 non
1843 1675 1979 1731 pos-

338 1746 709 1817 sint,devotio
739 1747 1001 1804 fidelium
1031 1748 1202 1803 debet
1229 1764 1329 1804 eos
1350 1747 1624 1821 precibus
1648 1747 1762 1803 Deo
1781 1748 1985 1802 offerre

342 1837 416 1894 ad
446 1836 795 1904 curandum,
829 1835 901 1892 ad
930 1852 1180 1909 quorum
1210 1852 1410 1908 preces
1448 1836 1603 1891 Deus
1652 1851 1805 1909 saepe
1858 1833 1991 1891 illos

344 1928 529 1994 curat,
560 1925 643 1981 ita
687 1925 843 1998 quod
893 1925 963 1981 de
1011 1925 1207 1981 surdis
1256 1930 1313 1981 et
1350 1925 1532 1982 mutis
1565 1942 1664 1981 eos
1692 1924 1855 1981 verbi
1887 1924 1990 1981 Dei

340 2013 734 2089 intelligentes
782 2013 958 2071 faciat
1003 2018 1060 2071 et
1090 2013 1414 2088 loquentes.
1450 2015 1624 2070 Porro
1657 2015 1903 2071 surdum
1935 2017 1993 2069 et

344 2108 578 2161 mutum
596 2106 911 2160 curaturus
921 2103 1207 2160 Dominus
1219 2104 1290 2160 de
1304 2104 1477 2160 turba
1491 2120 1758 2160 seorsum
1775 2102 1989 2169 educit,

343 2193 657 2251 ostendens
678 2192 834 2266 quod
856 2193 957 2264 qui
978 2192 1103 2248 vult
1122 2193 1192 2248 de
1211 2192 1368 2249 vitiis
1390 2193 1514 2249 suis
1537 2192 1760 2266 integre
1775 2192 1988 2260 curari,

346 2282 518 2339 debet
546 2280 837 2338 declinare
865 2280 1211 2337 vitiosorum
1246 2282 1501 2354 turbam,
1523 2286 1579 2338 et
1610 2281 1887 2355 peccandi
1905 2296 1994 2336 oc-

346 2369 664 2427 casionem.
697 2369 994 2443 Scriptum
1026 2374 1115 2426 est
1137 2371 1292 2427 enim
1328 2387 1341 2426 :
1378 2372 1516 2428 Cum
1556 2379 1742 2427 sancto
1778 2378 1994 2427 sanctus

349 2460 539 2530 eris,ct
563 2475 688 2515 cum
710 2474 964 2531 pervereo
990 2462 1313 2531 perverteris
1343 2460 1513 2528 (Psal.
1556 2459 1791 2535 xvu).Et
1820 2457 1991 2514 alibi:

348 2548 481 2604 Ecce
523 2547 779 2617 elongavi
818 2548 1035 2620 fugiens
1080 2556 1134 2604 et
1175 2550 1362 2604 mansi
1386 2550 1444 2604 in
1490 2548 1787 2604 solitudine
1815 2547 1992 2617 (Psal.

352 2636 715 2710 uv).Digitos
743 2653 876 2694 vero
907 2653 1046 2693 suos
1076 2636 1136 2692 in
1169 2653 1339 2693 aures
1369 2638 1531 2693 surdi
1556 2637 1841 2693 Dominus
1867 2636 1999 2691 mit-

351 2724 443 2793 tit,
474 2742 613 2782 cum
642 2725 701 2781 in
733 2742 833 2782 cor
861 2726 1109 2782 surdum
1140 2726 1294 2782 dona
1314 2725 1499 2782 sancti
1531 2724 1996 2799 Spiritusinfun-

356 2813 465 2871 dit.
496 2814 661 2872 Unde
690 2815 978 2889 propheta
1009 2831 1022 2871 :
1049 2817 1319 2872 Dominus
1359 2818 1577 2888 aperuit
1622 2815 1765 2871 mihi
1808 2830 2000 2870 aurem

357 2905 510 2974 (Isai.
545 2902 619 2977 ι).
653 2903 848 2961 Saliva
874 2919 1008 2960 vero
1037 2903 1301 2978 linguam
1332 2905 1479 2961 muti
1512 2903 1718 2978 tangit,
1747 2920 1881 2960 cum
1913 2919 2001 2958 sa-

2084 682 2224 733 sunt
2253 677 2479 734 similes
2535 678 2775 750 quidam
2814 677 2946 734 falsi
2997 676 3335 745 Christiani,
3365 677 3465 750 qui
3517 694 3593 733 ex
3644 678 3773 733 hoc

2084 768 2238 841 quod
2272 769 2545 841 quaedam
2576 767 2720 824 vitia
2749 767 2983 841 fugiunt
3013 770 3070 823 ct
3103 784 3280 840 opera
3310 767 3462 823 bona
3493 766 3769 839 faciunt,

2086 862 2297 930 putant
2342 876 2403 914 se
2455 875 2582 914 esse
2635 858 2833 929 justos
2882 860 2939 913 et
2999 860 3415 913 consecuturos
3464 857 3769 913 salutem.

2086 947 2374 1019 Utrosque
2405 946 2716 1003 confundit
2743 945 3057 1003 Psalmista
3086 963 3221 1001 cum
3252 946 3467 1002 orando
3480 945 3721 1002 clamat
3748 963 3764 1000 :

2085 1037 2205 1092 Non
2234 1038 2401 1093 intres
2433 1039 2493 1092 in
2514 1037 2799 1107 judicium
2827 1052 2954 1091 cum
2987 1050 3139 1091 servo
3188 1042 3298 1100 tuo,
3332 1036 3583 1100 Domine,
3616 1037 3767 1106 quia

2084 1141 2193 1182 non
2209 1126 2611 1197 justiﬁcabitnr
2642 1127 2697 1180 in
2734 1133 3016 1196 conspectu
3047 1132 3137 1180 tuo
3159 1126 3339 1180 omnis
3368 1126 3555 1179 vivens
3576 1124 3763 1183 (Psal.

2086 1218 2277 1283 cxm).
2312 1216 2381 1270 Et
2410 1214 2699 1288 propheta
2732 1231 2747 1269 :
2780 1217 3007 1281 Omnes,
3035 1212 3249 1285 inquit,
3270 1214 3503 1287 justititc
3545 1220 3767 1270 nostra

2085 1312 2215 1359 sunt
2233 1305 2396 1376 quasi
2417 1320 2640 1376 pannus
2678 1310 3034 1360 menstruam
3062 1310 3188 1358 ante
3235 1311 3304 1369 te,
3340 1303 3568 1358 Domine
3591 1304 3759 1369 (Isai.

2088 1393 2255 1464 vai).
2297 1392 2518 1466 Itaque,
2554 1393 2766 1449 fratres
2819 1392 2953 1459 mei,
2986 1392 3036 1448 si
3085 1390 3206 1447 veri
3254 1390 3573 1447 Christiani
3623 1407 3762 1447 esse

2087 1480 2379 1549 volumus,
2425 1481 2575 1537 hanc
2624 1481 2801 1537 fidem
2834 1480 3082 1537 ﬁrmiter
3128 1482 3458 1548 teneamus,
3490 1479 3656 1551 quod
3688 1496 3765 1534 ex

2088 1569 2268 1626 nullis
2291 1570 2567 1643 operibus
2582 1569 2800 1626 nostris
2805 1568 3121 1641 justificari
3135 1567 3222 1624 vel
3237 1567 3447 1625 salvari
3460 1568 3760 1636 valemus,

2090 1660 2191 1716 sed
2222 1677 2290 1716 ex
2320 1659 2445 1715 sola
2479 1659 2577 1715 Dei
2613 1657 2933 1732 gratia,qui
2955 1658 3141 1731 gratis
3164 1657 3457 1730 justiﬁcat
3474 1656 3761 1729 impium.

2097 1749 2221 1806 Non
2254 1747 2409 1804 enim
2442 1747 2580 1820 quia
2611 1748 2761 1803 bona
2793 1747 3060 1817 fecimus,
3083 1746 3623 1819 justificamur,sed
3656 1764 3733 1820 po

2096 1838 2217 1893 tius
2243 1837 2383 1910 quia
2409 1836 2593 1910 gratis
2624 1854 2658 1892 a
2688 1836 2802 1892 Deo
2825 1836 3411 1908 justiﬁcamur,bona
3431 1836 3763 1908 agimus,et

2099 1928 2253 1983 bona
2283 1927 2506 2000 agendo
2538 1925 2856 1982 salvamur.
2889 1925 3157 1982 Ostendit
3206 1924 3387 1999 igitur
3429 1923 3763 1997 Apostolus

2099 2015 2257 2072 tria:
2310 2015 2526 2081 Primo,
2576 2015 2731 2088 quod
2781 2031 2897 2071 non
2950 2019 3041 2071 est
3087 2013 3258 2070 nobis
3306 2012 3471 2071 salus
3520 2013 3645 2070 nisi
3694 2031 3765 2070 ex

2100 2102 2325 2177 gratia;
2380 2103 2656 2171 secundo,
2702 2104 2855 2176 quod
2908 2119 3013 2175 per
3055 2106 3260 2160 Jesum
3310 2101 3622 2159 Christum
3672 2108 3763 2158 est

2101 2194 2223 2249 haec
2271 2193 2496 2267 gratia;
2530 2192 2719 2263 tertio,
2754 2193 2907 2265 quod
2959 2208 3076 2248 non
3127 2209 3195 2248 ex
3242 2191 3388 2266 lege.
3421 2192 3761 2249 Ostendens

2102 2299 2237 2355 ergo
2285 2279 2535 2338 salutem
2579 2297 2706 2336 esse
2758 2297 2825 2336 ex
2877 2280 3067 2354 gratia
3111 2280 3240 2337 ait:
3289 2280 3532 2338 Abrahae
3592 2280 3764 2337 dicta

2101 2378 2233 2428 sunt
2286 2372 2675 2444 promissioncs
2733 2378 2784 2426 et
2828 2371 3031 2425 semini
3079 2370 3217 2442 ejus.
3272 2371 3353 2425 Ac
3428 2370 3481 2425 si
3559 2374 3760 2442 aperte

2104 2461 2260 2516 dicat
2291 2477 2304 2516 :
2338 2461 2461 2516 Non
2493 2477 2563 2516 ex
2606 2458 2879 2531 cperibus
2928 2458 3094 2532 legis,
3125 2457 3215 2514 vel
3265 2457 3569 2533 aliquibus
3612 2475 3757 2531 pra:-

2104 2548 2447 2606 cedentibus
2493 2547 2739 2613 meritis,
2785 2548 2885 2604 sed
2936 2547 3129 2620 potius
3180 2546 3365 2620 gratis
3417 2547 3759 2620 promissio-

2106 2655 2211 2695 nes
2265 2637 2353 2694 vel
2400 2636 2645 2693 Abrahae
2694 2636 2877 2705 factae,
2930 2641 2987 2692 et
3034 2636 3217 2709 gratis
3276 2636 3574 2692 exhibitas.
3626 2637 3761 2692 Prn-

2107 2726 2418 2783 missiones
2447 2725 2604 2781 enim
2634 2724 2758 2781 ista;
2791 2725 3035 2798 propriae
3058 2725 3334 2781 dicuntur
3362 2742 3494 2798 quae
3524 2729 3763 2781 tantum

2106 2816 2290 2889 gratis
2320 2817 2489 2882 fiunt,
2521 2813 2842 2888 praesertim
2874 2814 2925 2870 si
2959 2814 3227 2871 attendas
3275 2832 3309 2870 a
3356 2832 3497 2888 quo,
3527 2820 3589 2872 et
3638 2832 3764 2888 qua

2108 2910 2165 2963 et
2214 2906 2307 2962 cui
2360 2904 2781 2978 promissiones
2835 2902 2960 2959 istae
3012 2904 3174 2959 factis
3223 2904 3364 2961 sint.
3408 2906 3458 2960 Α
3503 2904 3675 2977 quo?
3730 2921 3769 2959 α

358 2992 598 3066 pientia,
632 3010 761 3066 quis
786 3010 821 3049 a
851 3009 1084 3049 summo
1128 2992 1334 3067 capite,
1368 2993 1425 3049 id
1456 2996 1563 3062 est,
1597 3010 1632 3047 a
1677 2993 1792 3049 Deo
1837 2992 2001 3048 Patre
2045 3064 2071 3068 ξ
2112 3000 2246 3063 Deo,
2280 2994 2382 3068 qui
2413 3011 2517 3050 nec
2545 2993 2743 3066 aliqua
2770 2993 3135 3059 necessitate,
3170 3010 3275 3049 nec
3319 2994 3559 3066 propria
3603 2992 3763 3049 utili-

356 3064 884 3149 defluit,hominem
916 3086 1149 3139 mutum
1177 3064 1315 3138 facit
1345 3081 2003 3151 disertum,facundum-
2031 3064 2074 3131 (ἶ
2111 3089 2247 3152 tate,
2281 3064 2386 3140 nec
2417 3082 2612 3156 aliquo
2637 3064 2833 3138 debito
2880 3082 3203 3156 constringi
3252 3064 3464 3155 potest.
3499 3082 3767 3139 Necessi-

358 3187 471 3245 que
502 3172 577 3229 ad
607 3170 1043 3244 praedicandum
1057 3170 1157 3227 Dei
1186 3171 1619 3228 verbum.Unde
1648 3172 1784 3227 etde
1797 3171 1999 3227 eadem

355 3259 572 3317 dicitur
597 3261 750 3334 quod
764 3259 998 3334 linguas
1014 3260 1329 3316 infantium
1344 3260 1481 3316 facit
1501 3261 1751 3317 disertae
1764 3262 1997 3333 (Seps).

355 3349 682 3424 Ephpbeta,
714 3350 871 3422 quod
913 3352 1003 3407 est
1029 3349 1336 3422 adaperire,
1368 3348 1531 3416 dicit,
1565 3350 1799 3422 quando
1822 3351 1999 3420 jussu

356 3438 763 3512 potentissimo
776 3455 875 3495 cor
886 3439 957 3494 ad
972 3437 1776 3511 intelligendum,etlinguam
1802 3439 1873 3493 ad
1893 3436 2005 3493 elo-

358 3527 659 3601 quendum
690 3527 793 3583 Dei
823 3527 1066 3583 verbum
1099 3528 1272 3601 jubet
1301 3526 1531 3600 aperiri.
1566 3527 1729 3583 Unde
1779 3532 1835 3582 et
1882 3526 2002 3583 haec

355 3617 533 3673 verba
561 3616 621 3672 in
650 3614 1005 3672 catechismo
1034 3616 1520 3689 baptizandorum
1551 3616 1847 3685 dicuntur,
1869 3633 2002 3672 cum

359 3704 431 3762 de
460 3703 645 3762 saliva
672 3719 843 3760 aures
874 3720 1078 3761 eorum
1109 3708 1168 3761 et
1195 3722 1368 3762 nares
1390 3705 1803 3779 tanguntur.Et
1820 3706 2005 3761 statim

248 3865 252 3868 i
359 3799 566 3866 apertae
590 3799 721 3849 sunt
746 3808 908 3849 aures
936 3793 1071 3865 ejus,
1103 3802 1154 3850 et
1180 3795 1419 3851 solutum
1454 3804 1534 3851 est
1580 3795 1865 3850 vinculum
1895 3795 2003 3850 lin-

357 3896 485 3952 guae
509 3881 627 3954 ejus
655 3899 676 3937 :
703 3888 755 3937 et
781 3880 1102 3953 loquebatur
1126 3890 1267 3940 recte
1295 3883 1411 3939 Deo
1450 3882 1605 3937 enim
1654 3881 1814 3938 intus
1861 3882 2004 3938 visi-

358 3969 554 4028 biliter
595 3973 889 4043 operante,
924 3970 1025 4043 qui
1069 3971 1258 4027 fuerat
1302 3971 1518 4028 surdus
1569 3974 1626 4026 et
1675 3974 1898 4040 mutus,
1940 3971 2006 4025 ﬁt

359 4058 559 4115 statim
588 4057 747 4115 verbi
778 4059 878 4115 Dei
906 4058 1241 4133 intelligens
1259 4059 1703 4132 eteloquens.Et
1733 4075 2007 4133 recogno-

357 4164 528 4205 scens
555 4146 865 4220 pristinam
897 4148 1241 4204 surditatem
1255 4152 1311 4203 et
1332 4148 1791 4203 taciturnitatem
1810 4165 2003 4218 suam,

358 4253 534 4294 suum
585 4238 903 4292 creatorem
951 4234 1226 4308 intelligit
1273 4239 1329 4291 et
1359 4235 1666 4292 benedicit.
1697 4236 1813 4292 Nos
1844 4253 2001 4310 ergo,

356 4325 585 4393 fratres,
601 4322 651 4380 si
676 4341 782 4397 per
809 4322 1059 4397 gratiam
1089 4323 1191 4379 Dei
1214 4323 1343 4395 jam
1375 4323 1661 4381 habemus
1690 4341 1861 4381 aures
1883 4342 2005 4381 cor-

2109 3179 2226 3230 tate
2256 3174 2471 3246 quippe
2503 3170 2749 3244 astringi
2778 3188 2893 3227 non
2925 3164 3135 3244 potest,
3168 3171 3269 3244 qui
3318 3171 3470 3228 liber
3498 3171 3761 3243 penitus,

2110 3263 2227 3318 imo
2258 3262 2388 3334 ipsa
2416 3261 2653 3316 libertas
2685 3264 2792 3329 est,
2827 3275 2932 3316 nec
2960 3259 3196 3333 propria
3226 3260 3613 3334 utilitate,qui
3632 3261 3764 3317 nul—

2110 3350 2225 3407 lius
2256 3351 2527 3422 indigens
2558 3352 2777 3416 est,nec
2805 3347 3127 3421 debito,qui
3158 3348 3304 3404 nulli
3326 3349 3624 3407 obnoxius
3656 3356 3764 3407 est.

2112 3438 2241 3505 Qui,
2282 3435 2550 3509 quamvis
2599 3436 2958 3509 promiserit,
3010 3441 3208 3493 tamen
3257 3455 3327 3493 ex
3374 3436 3486 3494 hoc
3534 3437 3772 3495 vinculo

2112 3526 2389 3600 promissi
2421 3543 2533 3581 non
2568 3525 3218 3598 astringitur,quoniam
3250 3544 3366 3583 non
3398 3527 3774 3600 promisitni-

2112 3617 2159 3673 si
2191 3615 2408 3689 dignis,
2431 3615 2586 3687 quod
2618 3614 2817 3671 nullus
2849 3619 3042 3689 potest
3069 3632 3219 3684 esse,
3253 3615 3368 3673 nisi
3400 3633 3581 3689 quem
3615 3615 3773 3673 Deus

2112 3705 2358 3779 dignum
2387 3706 2571 3778 gratis
2597 3703 2845 3761 voluerit
2876 3706 3094 3772 facere;
3120 3708 3186 3761 ut
3214 3705 3296 3761 ita
3324 3705 3689 3778 generaliter
3712 3710 3769 3761 et

2114 3795 2268 3869 quod
2300 3792 2589 3867 promisit,
2623 3797 2681 3849 et
2707 3794 2859 3866 quod
2892 3794 3139 3867 dignum
3170 3793 3327 3861 facit,
3360 3799 3420 3850 et
3449 3794 3611 3868 quod
3640 3811 3770 3867 pro-

2114 3885 2301 3940 missa
2330 3883 2551 3951 tribuit,
2587 3886 2775 3938 totum
2807 3882 2996 3953 gratia
3024 3883 3179 3938 fecit.
3215 3885 3349 3950 Quae
3394 3888 3595 3939 autem
3632 3899 3761 3957 pro-

2114 3973 2427 4030 missiones
2458 3972 2621 4027 dictae
2663 3977 2801 4028 sunt
2828 3972 3071 4029 Abrahm
3102 3989 3137 4029 a
3165 3977 3300 4039 Deo,
3330 3971 3392 4028 in
3425 3973 3641 4029 Genesi
3688 3972 3769 4027 le-

2112 4059 2516 4135 gitur,scilicet
2546 4061 2700 4132 quod
2736 4061 2793 4115 in
2817 4061 3039 4117 semine
3059 4061 3189 4133 ejus
3209 4060 3640 4118 benedicentur
3653 4078 3773 4117 om-

2113 4169 2218 4208 nes
2247 4155 2470 4224 gentes,
2503 4148 2637 4222 plus
2665 4149 3027 4222 spiritualem
3054 4155 3112 4205 et
3142 4154 3417 4206 aeternam
3437 4166 3625 4223 quam
3644 4167 3766 4206 eor-

2110 4239 2369 4312 poralcm
2399 4242 2455 4293 et
2486 4236 2866 4310 temporalem
2895 4236 3228 4311 intelligens
3276 4237 3766 4303 benedictionem,

2111 4333 2169 4384 et
2198 4328 2350 4401 quod
2382 4328 2433 4383 ei
2466 4327 2630 4382 daret
2658 4331 2896 4395 terram,
2932 4326 3153 4384 scilicet
3182 4327 3331 4383 lacte
3361 4330 3419 4383 et
3449 4326 3629 4383 melle
3654 4345 3771 4382 ma-

358 4413 451 4470 dis
481 4416 693 4486 apertis
722 4412 793 4467 ad
827 4410 1293 4484 intelligendum,
1313 4416 1370 4467 et
1397 4429 1463 4468 os
1485 4413 1553 4468 ad
1587 4413 2001 4485 proferendum
2034 4435 2081 4500 D
2111 4416 2637 4489 nantemﬁgurans
2669 4419 2885 4471 terram
2915 4416 3254 4483 viventium,
3280 4433 3408 4489 quas
3438 4415 3593 4472 lacte
3622 4434 3767 4472 verae

356 4501 458 4560 Dei
487 4501 752 4567 verbum,
787 4499 1045 4557 divinam
1076 4501 1397 4557 bonitatem
1446 4502 1911 4575 magniﬁcemus,
1945 4507 1999 4559 et

356 4592 564 4649 fratres
596 4593 828 4647 nostros
855 4588 1048 4645 adhuc
1076 4590 1286 4646 surdos
1316 4594 1373 4647 et
1402 4596 1598 4647 mutos
1630 4591 1873 4647 Domino
1909 4609 2003 4648 cu-

353 4681 570 4739 randos
599 4679 1318 4751 oﬂ‘eramus,deprecantes
1349 4697 1483 4736 eum
1498 4684 1561 4735 ut
1573 4697 1815 4736 manum
1833 4681 2004 4737 mise-

358 4768 619 4827 ricordia
668 4785 787 4825 suae
835 4766 919 4824 eis
968 4768 1252 4842 imponat,
1286 4774 1343 4825 et
1395 4786 1459 4825 os
1503 4786 1679 4825 suum
1730 4775 2002 4825 sanctum

355 4858 599 4914 verbum
628 4854 974 4930 intelligere,
1007 4857 1265 4930 proferre
1294 4862 1351 4914 et
1378 4857 1617 4930 exsequi
1649 4858 1840 4929 faciat,
1858 4876 2005 4932 qua-

356 4949 531 5002 tenus
561 4943 740 5000 simul
769 4961 903 5000 cum
936 4945 1020 5001 eis
1051 4946 1310 5003 divinam
1350 4949 1716 5020 majestatem
1746 4946 1807 5003 in
1838 4953 2002 5004 aeter-

362 5049 507 5090 num
537 5032 921 5106 contemplari
950 5039 1008 5091 et
1038 5033 1279 5092 laudare
1310 5053 1659 5103 mereamur,
1692 5036 1819 5109 ipso
1852 5055 2002 5110 prm-

360 5124 579 5187 stante,
623 5119 725 5193 qui
771 5120 833 5176 in
881 5122 1163 5179 Trinitate
1209 5124 1464 5197 perfecta
1509 5124 1646 5180 vivit
1692 5130 1748 5182 et
1802 5131 2005 5201 regnat

360 5209 516 5267 Deus
548 5223 653 5283 per
681 5209 881 5266 omnia
905 5211 1118 5269 saecula
1148 5213 1515 5270 saeculorum.
1547 5216 1751 5271 Amen.

881 5315 1185 5375 HOMILIA
1235 5320 1478 5377 XXVIII.

502 5401 779 5444 DOMIch
817 5402 1030 5443 DECIMA
1072 5407 1271 5447 TERTIA
1319 5409 1459 5448 POST
1493 5410 1858 5449 TRINI’I‘ATEM.

431 5476 663 5533 Abrahae
712 5474 876 5532 dictae
916 5485 1043 5532 sunt
1090 5480 1478 5549 promissiones
1534 5490 1585 5538 et
1639 5484 1838 5538 semini
1885 5482 2004 5554 ejus

2111 4504 2431 4578 sapientiae,
2463 4509 2520 4559 et
2563 4502 2874 4560 dulcedine
2923 4503 3170 4561 caelestis
3218 4506 3414 4579 gratia
3462 4510 3673 4561 manet
3710 4506 3765 4560 in

2111 4592 2525 4650 aeternumﬂui
2558 4593 2721 4648 factae
2752 4596 2891 4649 sunt
2914 4593 3036 4649 istae
3066 4593 3765 4666 promissiones?Abrahe

2112 4688 2168 4740 et
2195 4683 2408 4739 semini
2437 4682 2651 4754 ejus,id
2680 4687 2770 4737 est
2790 4681 2907 4738 illis
2935 4683 3249 4755 quipatres
3278 4687 3417 4739 sunt
3442 4682 3765 4738 multarum

2110 4773 2373 4845 gentium
2408 4771 2519 4827 fide
2550 4774 2606 4826 et
2636 4771 2903 4826 doctrina
2929 4775 2987 4826 et
3017 4771 3365 4845 exemplo,ct
3396 4770 3479 4826 illi
3514 4771 3615 4844 qui
3635 4776 3771 4827 sunt

2109 4861 2432 4917 imitatores
2464 4859 2597 4915 ﬁdei
2630 4863 2687 4915 et
2719 4860 2996 4915 doctrinae
3027 4864 3084 4916 et
3133 4859 3381 4933 exempli
3414 4859 3679 4917 illorum.
3714 4860 3771 4916 Si

2110 4966 2269 5024 ergo,
2302 4948 2509 5004 fratres
2559 4946 2693 5015 mei,
2729 4951 3065 5003 sanctarum
3098 4947 3588 5020 promissionum,
3646 4967 3770 5023 qua:

2110 5037 2353 5095 Abrahae
2385 5036 2549 5092 dictze
2581 5040 2743 5106 sunt,
2772 5037 3087 5109 participes
3117 5054 3247 5094 esse
3277 5036 3771 5105 volumus,simus

2113 5126 2297 5183 sancti
2329 5131 2385 5182 et
2414 5124 2737 5181 imitatores
2760 5125 3002 5181 Abrahae
3034 5129 3495 5199 ceterorumque
3529 5134 3763 5184 sancto-

2114 5233 2246 5272 rum
2276 5218 2530 5288 patrum,
2564 5212 2751 5269 simus
2779 5212 2835 5269 in
2871 5214 2983 5270 ﬁde
3015 5214 3213 5283 fortes,
3237 5215 3355 5272 Deo
3388 5214 3448 5270 in
3481 5217 3764 5273 omnibus

2112 5304 2474 5368 obedientes,
2516 5302 2701 5358 Deum
2756 5302 2982 5359 cunctis
3013 5308 3438 5375 praeponentes,
3482 5304 3546 5360 in
3598 5305 3764 5378 spiri-

2110 5392 2372 5451 tualibus
2403 5398 2458 5448 et
2488 5390 2821 5447 caelestibus
2871 5391 3103 5461 eruditi,
3136 5393 3255 5449 vita
3304 5393 3597 5466 praclari,
3628 5395 3761 5452 cha-

2112 5482 2285 5539 ritate
2315 5480 2542 5551 fervidi,
2575 5479 2978 5553 hospitalitate
3028 5481 3324 5555 praecipui,
3355 5483 3627 5557 exemplo
3658 5501 3759 5559 pa-
