3988 6072
410 198 532 259 199

1287 195 1518 258 PAULI
1565 197 1630 256 S.
1677 196 1912 256 PETRI
1957 193 2500 256 CARNOTENSIS
2548 192 2928 254 MONACHI.

3694 195 3817 258 200

404 326 674 383 tnrrailla
693 343 868 400 quam
891 326 1202 400 praedictus
1215 328 1454 401 Aganus
1476 326 1684 400 presul
1715 327 2058 394 dedit,nuuc
2088 330 2141 395 Α
2173 326 2426 382 candum
2460 325 2518 380 in
2549 324 2659 380 hac
2688 327 3016 397 parte,cum
3045 324 3124 381 sit
3153 324 3424 398 superius
3453 325 3697 383 dictum.
3717 327 3820 384 Set

407 434 592 490 usque
623 417 692 471 ad
726 421 940 471 terram
973 416 1168 472 Sancti
1193 416 1448 484 Martini,
1471 416 1733 472 ﬁdelium
1765 416 1934 472 donis
1967 416 2054 470 di-

2166 433 2372 471 eamus
2395 416 2465 470 ad
2490 419 2716 486 portam
2742 413 3028 469 Benedicti
3054 413 3349 471 Clansoris
3371 419 3428 470 et
3445 419 3661 471 terram
3684 433 3814 488 quae

405 505 602 573 latata,
638 504 972 578 proceditur
1011 505 1142 576 (58).
1181 505 1526 560 Dividuntur
1566 522 1701 560 vero
1733 523 1767 559 a
1795 505 2055 576 quadam
2164 509 2252 560 est
2269 505 2341 560 ad
2360 505 2558 559 laevam
2578 503 2940 558 tntrantibus
2957 501 3148 558 vicum
3169 504 3456 559 ducamus
3475 522 3578 576 per
3596 506 3813 560 atrium

402 595 513 663 via,
548 611 676 666 quas
727 593 1028 650 descendit
1056 611 1089 649 a
1121 594 1279 667 regia
1330 599 1531 659 strata,
1567 611 1743 665 super
1785 593 2053 650 clausum

403 687 669 740 nostrum
717 681 880 738 eunti
922 683 990 737 ad
1023 681 1215 737 vicum
1245 682 1442 738 Sancti
1472 683 1726 749 Martini,
1761 699 1948 754 usque
1979 683 2051 738 ad

403 777 628 845 portam
665 771 847 827 nostri
879 770 1011 836 vici,
1048 771 1244 843 ibique
1277 777 1431 826 terra
1462 770 1656 826 Sancti
1683 770 1913 826 Martini
1939 789 1952 838 ;
1979 771 2050 825 ad

403 863 664 916 dextram
699 860 1047 915 intrantium
1096 860 1308 928 vicum,
1344 877 1531 931 usque
1581 861 1653 914 ad
1699 859 2050 915 Guestraudi

402 954 642 1022 puteum
690 949 799 1021 (59)
845 949 1201 1015 inclavatur;
1236 965 1502 1020 pergens,
1535 948 1686 1004 sicut
1734 949 2052 1004 ostendunt

402 1038 576 1110 positi
631 1038 874 1110 lapides,
911 1054 1097 1109 usque
1145 1037 1216 1092 ad
1268 1037 1583 1093 Auduram.
1627 1038 1805 1092 Terra
1853 1043 2050 1092 autem

403 1127 602 1182 Sancti
635 1127 783 1182 Petri
817 1126 1028 1181 transit
1059 1126 1276 1180 ﬁumen
1311 1142 1496 1197 usque
1517 1127 1588 1181 ad
1612 1125 1807 1182 Sancti
1835 1131 2052 1182 Launo—

405 1215 551 1270 mari
582 1219 951 1287 terramquae
984 1214 1392 1270 tantummodo
1414 1215 1572 1270 vadit
1593 1231 1779 1286 usque
1803 1215 1873 1270 ad
1895 1215 2050 1270 viam

404 1303 721 1376 publicam,
754 1321 788 1359 a
813 1320 929 1375 qua
960 1304 1172 1358 iterum
1205 1302 1411 1375 incipit
1441 1304 1637 1359 Sancti
1672 1303 1824 1358 Petri
1872 1308 2049 1372 terra,

394 1395 521 1464 jam
545 1393 854 1448 fructiferis
870 1392 1055 1447 vineis
1075 1391 1720 1464 impleta,tenditurque
1733 1391 1850 1448 fere
1865 1410 2051 1464 usque

403 1483 474 1537 ad
507 1498 739 1538 crucem
772 1498 898 1552 quae
930 1486 1020 1536 est
1048 1480 1105 1535 in
1139 1481 1284 1536 atrio
1309 1481 1494 1536 sancti
1516 1480 1745 1536 Bartolo
1762 1481 2050 1536 nei.Hanc

403 1571 604 1641 itaque
634 1576 851 1626 terram
883 1575 1000 1624 tam
1037 1569 1279 1625 liberam
1312 1569 1494 1625 voluit
1535 1569 1746 1626 Sancto
1795 1570 1958 1625 Petro
1991 1570 2049 1624 in

405 1659 825 1715 monachorum
859 1675 1002 1714 usus
1033 1658 1446 1731 stipendiarios
1472 1657 1669 1731 largiri
1701 1659 2050 1714 venerabilis

403 1748 616 1822 praesul
648 1748 1069 1820 Ragenl‘redus,
1103 1753 1170 1803 ut
1202 1746 1403 1804 nullus
1433 1753 1664 1803 exactor
1689 1747 1893 1804 exinde
1921 1765 2052 1804 cen-

404 1855 536 1894 sum
567 1836 652 1894 vel
693 1837 984 1893 decimam
1036 1837 1336 1910 exigendo,
1371 1837 1675 1893 monachis
1725 1837 1906 1892 ullam
1959 1837 2051 1892 in-

404 1926 808 1999 quietudinem
841 1927 1072 1982 faceret.
1107 1926 1171 1982 ln
1203 1944 1319 1999 qua
1349 1926 1524 1981 etiam
1553 1926 1933 1998 prmsul,cum
1955 1929 2054 1981 Ar-

404 2015 585 2071 duino
617 2015 791 2070 fratre
823 2031 951 2082 suo,
986 2015 1102 2070 fere
1129 2033 1228 2070 xm
1263 2015 1575 2087 aripennos
1605 2013 1784 2070 vinea:
1826 2015 2050 2087 planta-

404 2104 503 2159 vit.
537 2103 748 2159 Alveus
779 2103 891 2176 (60)
918 2120 1148 2175 quoque
1181 2105 1362 2158 abbas
1411 2103 1600 2158 factus
1630 2108 1687 2158 et
1719 2102 1815 2158 alii
1849 2121 2051 2160 mona-

405 2191 499 2248 chi
530 2191 748 2248 sensim
780 2196 961 2247 totam
1007 2191 1360 2264 plantavere,
1395 2196 1459 2246 ut
1507 2191 1567 2246 in
1616 2197 1732 2247 toto
1780 2193 2052 2248 videntur

405 2299 533 2338 esse
562 2297 713 2336 xxvu
744 2281 1046 2353 agripenni
1079 2280 1667 2336 vincie'l‘erminatur
1696 2287 1891 2336 autem
1922 2281 2051 2353 ipsa

403 2374 558 2426 terra
588 2387 622 2424 a
649 2386 818 2425 cruce
850 2386 1025 2441 quam
1061 2369 1561 2442 prmdiximus,via
1591 2386 1718 2440 quae
1750 2371 2051 2426 descendit

405 2459 476 2514 ad
534 2464 760 2532 portam
812 2458 1085 2525 Morardi,
1129 2458 1360 2531 aliaque
1410 2459 1615 2525 fronte,
1651 2464 1804 2513 terra
1853 2459 2049 2530 Sancti

407 2547 781 2614 Launomari,
815 2547 875 2602 in
907 2565 1024 2619 qua
1055 2549 1242 2602 fronte
1274 2547 1596 2602 inclavatur
1636 2549 1891 2618 quodam
1923 2548 2048 2604 loco

404 2654 590 2710 usque
621 2637 692 2692 ad
722 2636 1046 2692 Auduram.
1079 2637 1160 2691 Ad
1198 2635 1498 2691 meridiem
1541 2636 1834 2691 clauditur
1863 2637 2048 2693 vineis

403 2725 792 2798 plurimorum
823 2725 1151 2780 hominum.
1185 2725 1269 2780 Ad
1302 2724 1643 2780 orientalem
1675 2724 1904 2797 plagam
1932 2731 2046 2780 ter-

404 2815 663 2870 minatur
693 2814 923 2869 dnobus
955 2813 1292 2885 agripennis
1338 2813 1539 2882 vineae,
1569 2814 1725 2885 quod
1776 2814 2047 2870 dedimus

401 2903 633 2959 duobus
665 2902 880 2958 nostris
911 2902 1312 2974 carpentariis,
1349 2901 1595 2974 aliisque
1628 2901 1830 2958 vineis.

469 2992 844 3063 Jamjamque
875 2991 946 3046 ad
979 2997 1192 3046 terram
1239 2991 1414 3063 Burgi
1464 2995 1724 3046 vertatur
1769 2990 2041 3063 pennula,

2111 801 2128 812 α.

2083 1701 2128 1765 Β

2165 593 2361 648 Sancti
2395 592 2620 662 Hilarii,
2648 592 2742 648 via
2773 591 3009 664 publica
3047 609 3174 664 quae
3225 593 3412 665 pergit
3461 594 3532 648 ad
3582 599 3813 666 portam

2163 681 2502 737 Cinerosam
2528 681 2666 752 (65);
2694 697 2945 752 cumque
2964 680 3190 736 veneris
3213 681 3283 736 ad
3307 687 3616 753 angustam
3633 683 3814 749 viam,

2161 787 2287 842 qua:
2315 770 2620 826 descendit
2649 771 2719 825 de
2745 775 2931 825 rostro
2954 786 3019 824 ac
3041 769 3337 826 cimeterio
3362 771 3558 826 Sancti
3579 771 3812 842 Aniani,

2151 860 2324 930 juxta
2355 859 2552 915 Sancti
2589 858 2729 914 Piati
2761 863 3000 926 terram,
3035 857 3189 913 sicut
3217 859 3488 930 superius
3531 859 3809 928 diximus,

2159 952 2217 1002 et
2248 948 2520 1019 superius
2549 952 2608 1003 et
2639 947 2882 1002 inferius
2909 952 3064 1002 terra
3094 947 3292 1002 Sancti
3327 948 3472 1004 Petri
3505 952 3594 1003 est
3623 966 3813 1020 usque

2160 1036 2218 1092 in
2251 1037 2509 1104 Audura,
2545 1037 2697 1091 infra
2726 1052 2959 1108 quoque
2984 1035 3120 1092 civit
3160 1041 3277 1091 tem
3311 1054 3344 1092 a
3373 1041 3540 1108 porta
3573 1054 3699 1110 quae
3721 1038 3813 1093 di-

2159 1125 2311 1180 citur
2355 1125 2610 1198 Aquaria
2649 1125 2766 1198 (66)
2814 1142 3002 1197 usque
3050 1125 3122 1180 ad
3171 1129 3398 1197 portam
3449 1123 3808 1182 Cinerosam.

2160 1215 2340 1270 Prisci
2373 1213 2647 1270 monachi
2679 1231 2745 1270 ac
2777 1213 3040 1269 canonici
3064 1218 3196 1285 post
3219 1229 3338 1280 eos,
3355 1215 3526 1286 juxta
3548 1231 3809 1285 murum,

2159 1302 2314 1359 sicut
2343 1303 2436 1358 via
2465 1303 2780 1373 dividebat,
2814 1303 2888 1358 ab
2918 1319 3037 1358 una
3066 1307 3234 1375 porta
3278 1319 3526 1376 pergens
3557 1304 3628 1359 ad
3660 1304 3812 1360 alte-

2160 1409 2285 1447 ram
2333 1396 2583 1464 portam,
2609 1393 2744 1464 jure
2792 1391 3143 1447 hereditario
3190 1395 3376 1448 totam
3422 1393 3814 1465 possederunt

2157 1485 2409 1548 terram;
2445 1486 2594 1536 seta
2637 1481 2848 1537 comite
2895 1479 2953 1535 in
3003 1480 3230 1536 civitate
3278 1481 3609 1538 introducto
3657 1482 3812 1538 facta

2163 1569 2328 1636 turri,
2363 1587 2428 1624 ac
2459 1569 2518 1624 in
2550 1569 2796 1626 circuitu
2829 1569 2997 1625 vallis
3029 1587 3269 1625 censum
3302 1570 3595 1643 subripuit
3631 1571 3810 1627 alios-

2161 1673 2273 1729 que
2303 1658 2846 1716 consuetudinarios
2881 1676 3044 1714 usus.
3078 1660 3295 1715 Tamen
3324 1676 3538 1727 comes,
3572 1677 3674 1733 pro
3697 1660 3808 1716 hac

2159 1746 2288 1819 ipsa
2313 1764 2394 1813 re,
2427 1747 2678 1821 singulis
2729 1747 2920 1815 annis,
2955 1749 3025 1804 ad
3077 1747 3496 1804 occidentalem
3547 1749 3804 1822 plagam,

2157 1834 2218 1890 in
2249 1853 2455 1908 campo
2488 1837 2692 1904 Fabro,
2727 1854 2910 1892 unum
2945 1837 3207 1892 modium
3236 1836 3354 1892 vini
3379 1838 3565 1909 jussit
3595 1854 3806 1893 mona-

2159 1923 2286 1981 chis
2317 1926 2464 1991 dari,
2496 1926 2764 1997 quamvis
2795 1925 3160 1998 possidentes
3198 1925 3426 1982 vineam
3454 1924 3514 1982 in
3545 1926 3655 1982 hoc
3685 1927 3809 1982 sint

2160 2013 2540 2087 negligentes.
2560 2015 2774 2070 Iterum
2807 2031 3038 2087 quoque
3070 2031 3103 2070 a
3134 2019 3300 2088 porta
3327 2013 3619 2082 Cinerosa,
3651 2020 3811 2071 terra

2159 2102 2355 2158 Sancti
2385 2103 2586 2158 Hilarii
2619 2103 2932 2176 incipiebat
2963 2103 3338 2169 Pictavensis,
3373 2120 3498 2176 quae
3531 2104 3647 2159 fere
3667 2120 3811 2176 qua-

2157 2190 2324 2246 dram
2385 2193 2638 2247 civitatis
2697 2193 3014 2260 obtinebat,
3068 2209 3244 2264 quam
3304 2193 3659 2249 terminabat
3712 2193 3809 2248 via

2158 2296 2406 2352 pergens
2437 2297 2540 2352 per
2569 2281 2823 2336 mediam
2867 2281 3157 2336 civitatem
3209 2281 3280 2336 ad
3328 2286 3571 2337 turrem.
3606 2283 3808 2354 Itaque

2158 2369 2396 2439 quidam
2434 2369 2604 2424 miles
2637 2369 2787 2425 hanc
2817 2374 3030 2425 terram
3063 2369 3316 2441 quodam
3353 2372 3490 2441 jure
3538 2371 3806 2442 posside-

2158 2457 2277 2523 bat,
2313 2461 2401 2512 set
2431 2458 2626 2512 divino
2656 2475 2851 2514 amore
2895 2459 3170 2530 ﬂagrans,
3199 2458 3413 2514 Sancto
3463 2459 3625 2515 Petro
3673 2475 3804 2515 eam

2157 2545 2462 2615 concessit,
2499 2546 2744 2614 donans,
2779 2565 2844 2602 eo
2883 2546 3153 2603 videlicet
3199 2552 3415 2614 tenore,
3453 2552 3516 2602 ut
3545 2547 3604 2602 in
3653 2547 3804 2605 atrio

2158 2635 2352 2689 Sancti
2387 2634 2536 2689 Petri
2571 2635 2839 2690 monachi
2872 2636 2932 2690 in
2963 2635 3182 2691 honore
3227 2635 3414 2691 sancti
3462 2635 3662 2692 Hilarii
3694 2653 3804 2692 aec-

2156 2721 2393 2778 clesiam
2425 2729 2847 2792 construerent,
2881 2725 3037 2796 quod
3069 2727 3126 2779 et
3157 2725 3372 2779 factum
3405 2729 3512 2780 est.
3528 2725 3628 2780 Set
3647 2730 3806 2782 terra

2154 2811 2284 2883 ipsa
2340 2828 2515 2883 quam
2575 2817 2924 2885 acceperunt
2955 2830 2989 2868 a
3029 2812 3234 2884 milite,
3282 2813 3336 2868 vi
3391 2818 3694 2885 potentum
3745 2819 3806 2870 et

2153 2899 2529 2956 inbecillitate
2557 2901 2810 2974 propria,
2845 2901 2926 2956 ita
2956 2906 3043 2957 est
3074 2903 3146 2957 ab
3187 2903 3271 2958 eis
3322 2919 3582 2974 posessa,
3614 2907 3680 2958 ut
3707 2903 3805 2958 vix

2155 2993 2315 3044 sexta
2344 3006 2480 3060 pars
2529 3007 2740 3046 census
2789 2990 2872 3046 eis
2923 2991 3200 3046 reddatur
3249 2991 3320 3047 ab
3371 2991 3598 3048 incolis.
3632 2991 3806 3048 Dedit

400 3097 526 3153 quae
560 3080 769 3136 iterum
801 3079 1005 3151 incipit
1034 3097 1067 3134 a
1094 3080 1188 3134 via
1217 3096 1342 3152 quae
1389 3080 1458 3134 ad
1512 3084 1738 3151 portam
1792 3080 2042 3136 Morardi
2079 3065 2120 3131 C
2159 3077 2334 3134 etiam
2362 3078 2528 3134 miles
2556 3079 2626 3135 de
2659 3096 2773 3152 quo
2806 3097 2984 3152 supra
3031 3079 3311 3145 diximus,
3344 3080 3415 3136 de
3461 3081 3660 3136 eadem
3695 3097 3808 3152 po-

397 3171 557 3225 vadit
585 3169 657 3224 ab
684 3170 944 3235 Audura,
971 3167 1246 3240 linquens
1268 3167 1326 3222 in
1358 3168 1508 3223 bivio
1542 3173 1756 3224 terram
1791 3167 2045 3224 ﬁliorum

399 3258 576 3314 Belial
608 3257 738 3330 (61),
773 3258 990 3313 nostris
1019 3274 1252 3330 semper
1293 3257 1574 3325 odiosam,
1610 3263 1782 3329 atque
1813 3258 1884 3312 ab
1917 3257 2046 3330 ipsa

398 3353 566 3419 porta
613 3363 800 3418 usque
847 3347 917 3402 ad
969 3346 1124 3401 viam
1174 3363 1300 3417 qua:
1337 3346 1394 3400 in
1426 3351 1756 3402 transverso
1787 3346 1942 3401 vadit
1973 3347 2044 3402 ad

399 3435 683 3508 posticam
715 3451 843 3507 qua:
873 3434 1226 3490 Trievitulus
1261 3435 1369 3506 (62)
1395 3434 1698 3500 vocitatur,
1732 3434 1980 3507 indeque
2013 3452 2046 3490 a

397 3523 524 3579 leva
553 3522 702 3578 redit
731 3539 917 3595 usque
948 3523 1022 3578 ad
1053 3523 1351 3577 Auduram
1377 3541 1390 3590 ;
1424 3540 1552 3594 quae
1585 3523 1798 3578 ﬁumen
1835 3523 2047 3579 transit

397 3628 501 3685 per
530 3616 766 3684 pontem
801 3611 1115 3683 Mcrgentis
1147 3611 1395 3684 pediculi
1430 3611 1729 3680 (63),vadit
1753 3613 1922 3682 juxta
1944 3612 2047 3668 flu-

397 3717 530 3756 men
565 3717 753 3772 usque
796 3701 868 3755 ad
918 3699 1292 3773 angiportum
1341 3699 1497 3772 quod
1535 3718 1566 3755 a
1593 3700 1832 3756 flumine
1859 3701 2047 3773 pergit

398 3807 585 3862 usque
619 3789 944 3844 Mcrdosam
975 3789 1129 3844 viam
1161 3790 1296 3856 (64).
1328 3789 1435 3843 Via
1465 3805 1716 3861 quoque,
1752 3806 1878 3862 qum
1901 3789 2044 3845 inci-

397 3877 484 3950 pit
513 3896 546 3933 a
577 3881 750 3950 ponte
781 3877 1115 3950 praescripto
1147 3883 1204 3933 et
1231 3877 1388 3932 vadit
1418 3894 1604 3949 usque
1625 3878 1698 3932 ad
1731 3878 2042 3949 posticium

398 3965 686 4024 Fulcberii
721 3965 1035 4032 Nivelonis,
1069 3965 1274 4020 dividit
1323 3970 1538 4022 terram
1589 3967 1786 4022 Sancti
1830 3967 1980 4022 Petri
2012 3985 2046 4023 a

396 4056 594 4112 Sancti
628 4054 832 4111 Aniani
863 4059 1018 4110 terra
1047 4055 1366 4127 Sanctique
1399 4056 1576 4124 Piati;
1611 4072 1736 4128 quae
1769 4056 1889 4112 foro
1913 4073 2044 4128 per-

394 4145 668 4217 gentibus
719 4148 810 4200 est
857 4144 930 4199 ad
978 4145 1265 4210 dextram,
1295 4145 1366 4199 ad
1414 4145 1615 4200 laevam
1663 4162 1796 4200 vero
1846 4145 2043 4200 Sancti

395 4233 568 4301 Petri,
597 4233 824 4288 videtur
873 4233 992 4288 fore
1041 4233 1113 4288 ab
1161 4234 1397 4288 Audura
1446 4233 1688 4288 ﬂumine
1737 4250 1925 4306 usque
1971 4234 2042 4289 ad

392 4321 546 4377 viam
575 4321 770 4378 Sancti
804 4321 1164 4390 Michahelis,
1191 4339 1316 4394 qua
1349 4322 1538 4394 pergit
1560 4323 1632 4377 ad
1666 4322 1864 4377 Sancti
1892 4323 2043 4378 Mar-

2153 3171 2361 3223 testate
2419 3168 2629 3224 Sancto
2690 3169 2854 3224 Petro
2915 3168 2973 3224 in
3033 3169 3206 3224 Manu
3254 3167 3470 3224 Villare
3517 3169 3802 3242 grandem

2154 3255 2604 3327 amplitudinem
2655 3261 2821 3311 terra
2873 3256 2933 3312 in
2985 3273 3102 3330 qua
3150 3257 3421 3313 monachi
3471 3257 3530 3312 in
3580 3257 3804 3314 honore

2154 3343 2341 3398 sancti
2380 3344 2580 3400 Hilarii
2629 3347 2948 3402 secundam
2993 3345 3313 3402 {ecclesiam
3345 3346 3800 3402 aadiﬁcaverunt.

2154 3432 2252 3488 Set
2281 3437 2338 3488 et
2366 3433 2425 3488 in
2457 3433 2702 3489 circuitu
2738 3434 3050 3505 urbis,tam
3077 3435 3136 3490 in
3175 3436 3359 3508 burgo
3409 3451 3586 3507 quam
3636 3439 3804 3491 extra

2155 3522 2429 3594 burgum,
2463 3521 2730 3594 pluribus
2760 3523 2819 3578 in
2849 3522 2992 3579 loci
3031 3528 3120 3580 est
3164 3529 3320 3580 terra
3365 3524 3564 3580 Sancti
3596 3522 3751 3580 Petri
3785 3541 3800 3580 :

2153 3611 2221 3665 ad
2258 3610 2672 3666 occidentalem
2698 3613 2936 3684 quidem
2962 3611 3194 3685 plagam
3217 3617 3305 3668 est
3325 3613 3611 3669 medietas
3632 3617 3802 3668 terra;

2157 3700 2462 3755 Pendentis
2509 3700 2784 3769 Pediculi,
2839 3701 3050 3758 Sancto
3102 3702 3286 3770 Petro,
3320 3702 3601 3757 moderno
3649 3705 3802 3758 tem-

2152 3805 2310 3860 pore,
2343 3804 2620 3845 concessa
2650 3807 2754 3862 pro
2805 3789 3059 3862 quodam
3087 3789 3270 3845 milite
3302 3791 3452 3846 facto
3484 3789 3798 3857 monacho,

2152 3877 2402 3932 reddens
2431 3877 2491 3931 in
2522 3877 2932 3949 psollennitate
2964 3878 3147 3934 sancti
3183 3878 3448 3934 Mauricii
3494 3896 3575 3934 xu
3623 3895 3799 3934 num-

2153 3982 2443 4032 mos,nam
2477 3983 2545 4021 ex
2576 3968 2706 4037 ejus
2736 3971 3021 4038 potestate
3051 3984 3179 4022 esse
3199 3967 3803 4023 videtur.Fulcherius

2152 4053 2422 4126 denique,
2456 4054 2526 4111 de
2557 4057 2726 4127 cujus
2757 4056 3040 4113 beneﬁcio
3073 4061 3214 4123 erat,
3247 4074 3317 4112 χι
3359 4055 3576 4112 solidos
3623 4073 3804 4112 num-

2152 4160 2404 4212 morum,
2440 4145 2770 4217 Gungerius
2802 4139 3054 4218 quoque,
3082 4145 3182 4218 qui
3215 4146 3286 4201 de
3316 4161 3381 4201 eo
3413 4147 3666 4212 tenebat,
3692 4161 3807 4201 xxx

2152 4231 2465 4299 solidos,ex
2496 4250 2787 4289 consensu
2819 4238 3201 4306 acceperunt;
3225 4251 3332 4291 nos
3351 4251 3483 4290 vero
3504 4233 3564 4290 in
3587 4232 3807 4290 festivi-

2150 4325 2268 4376 tate
2297 4320 2484 4376 sancti
2517 4321 2764 4395 Remigii
2794 4339 2828 4378 a
2857 4322 3180 4379 cultoribus
3211 4339 3305 4380 xx:
3337 4321 3555 4380 solidos
3585 4322 3804 4394 accipi-

393 4408 501 4466 tini
531 4410 976 4467 monasterium.
1010 4409 1116 4466 Ubi
1150 4427 1281 4466 vero
1312 4411 1553 4466 ﬁniatur
1598 4427 1714 4466 non
1745 4415 1834 4467 est
1865 4410 2038 4484 repli-
2067 4435 2112 4499 D
2154 4409 2393 4466 mus.De
2423 4426 2492 4465 ea
2522 4414 2717 4466 autem
2749 4427 2877 4483 qua
2909 4410 3032 4468 solo
3061 4416 3234 4469 tenus
3255 4415 3344 4469 est
3363 4415 3593 4468 tantum
3616 4409 3808 4484 spica-

393 4552 602 4629 angelis
633 4552 916 4629 translato,
948 4567 1142 4629 corpus
1171 4551 1288 4629 ejus
1319 4554 1378 4607 in
1406 4553 1644 4629 ccenobio
1675 4552 1862 4607 Sancti
1891 4554 2045 4629 Petri
2152 4550 2278 4629 dice
2308 4555 2599 4607 servatum
2631 4555 2739 4609 est.
2769 4553 2855 4609 Ab
2887 4552 2987 4609 illo
3038 4552 3218 4628 igitur
3260 4553 3468 4629 incipit
3515 4553 3804 4612 abbatum

393 4623 801 4680 esti/tumulum.
833 4625 893 4678 In
925 4623 1047 4694 quo’
1069 4623 1400 4690 Gantelmus,
1427 4625 1636 4695 preesul
1684 4626 2036 4692 venerabilis,

395 4697 454 4750 in
487 4711 707 4766 corpore
737 4697 1058 4766 requiescit;
1088 4696 1245 4765 eique
1291 4695 1619 4750 venerabilis
1665 4696 2040 4765 Bagenfredus

388 4766 599 4839 prmsul
635 4768 912 4830 successit,
945 4768 1041 4836 qui
1087 4773 1286 4837 quanio
1332 4782 1516 4821 amore
1563 4766 1740 4821 locum
1784 4766 2042 4822 dilexerit

391 4839 638 4908 sequenti
665 4853 820 4907 opere
851 4845 1019 4908 potest
1047 4839 1287 4905 agnosci.

464 4908 576 4981 (SS)
613 4911 697 4961 lta
723 4909 851 4962 cod.
879 4908 1021 4981 _ch.
1052 4909 1423 4981 progrediiur.

467 4977 828 5050 (59)APuteus
862 4977 1215 5050 (Gue'straudi
1266 4979 1372 5050 (sic
1421 4977 1480 5032 in
1529 4978 1701 5050 cod.),
1735 4977 1941 5050 gallice
1993 4980 2041 5035 Ie

391 5047 546 5121 puits
561 5047 888 5121 'Gucstrand,
906 5050 1054 5104 situs
1077 5056 1200 5106 erat
1230 5047 1287 5104 in
1317 5049 1592 5121 parocliia
1620 5047 1815 5105 Sancti
1840 5050 2037 5118 Brixii,

397 5119 606 5194 via_des
635 5120 963 5194 Basbourgs,
987 5123 1231 5191 jamque
1281 5119 1490 5177 Domni
1535 5121 1728 5194 Muley
1759 5126 2038 5194 tempore,

395 5190 516 5246 saxi
552 5192 873 5246 fragmento
906 5190 1162 5246 clausus.

465 5261 578 5342 (6Q)
614 5261 715 5342 Hic
745 5262 986 5342 Alveus,
1007 5263 1106 5342 qui
1139 5261 1879 5342 temporibushﬁagent‘redi
1919 5262 2041 5342 epi-

397 5331 560 5406 scopi
589 5333 835 5406 ejusque
887 5331 1082 5406 fratris
1128 5331 1394 5406 Arduini,
1426 5339 1483 5388 et
1507 5331 1779 5406 Geroardi
1813 5331 2040 5390 vicedo-

395 5403 542 5476 mini
601 5403 1193 5476 Carn'otensisvixit,
1240 5421 1448 5476 nempe
1502 5405 1575 5460 ad
1634 5421 1856 5460 annum
1913 5406 2042 5472 950,

392 5474 624 5549 primus
653 5480 746 5534 est
772 5476 954 5536 abbas
985 5474 1396 5550 Sanpetrinus'
1420 5477 1590 5548 cujus
1637 5491 1853 5534 nomen
1883 5492 1918 5533 a
1947 5493 2043 5535 co-

2151 4639 2351 4678 SBI‘IBS.

2222 4694 2333 4765 (61)
2374 4693 2551 4748 Docet
2594 4693 2663 4768 D_.
2699 4693 2908 4768 Muley,
2938 4702 3144 4751 terram
3197 4696 3444 4768 ﬁliorum
3500 4695 3682 4768 Beliai
3710 4697 3802 4768 fab

2151 4770 2386 4839 auctore
2415 4765 2604 4839 vocari
2639 4765 2832 4820 locum
2861 4765 3044 4839 situm
3078 4765 3208 4839 post
3230 4771 3466 4839 pontem
3489 4766 3688 4824 Sancti
3708 4767 3807 4822 Hi-

2149 4836 2552 4910 larii,ﬂuvium
2584 4836 2735 4910 inter
2757 4842 2820 4910 et
2847 4838 2998 4892 viam
3032 4836 3208 4910 portas
3231 4836 3494 4895 Morardi
3517 4856 3553 4895 a
3572 4839 3800 4907 dextra,

2149 4908 2303 4962 viam
2337 4913 2530 4962 autem
2561 4908 2626 4963 de
2656 4909 2712 4963 la
2737 4908 3108 4966 Grenouillére
3129 4928 3163 4967 a
3195 4910 3455 4967 sinistra.

2223 4981 2332 5047 (62)
2367 4979 2527 5034 Unde
2559 4996 2714 5035 nunc
2739 4981 2832 5035 via
2853 4981 3153 5037 nominata
3189 4983 3466 5038 Tireveau.

2223 5051 2334 5116 (63)
2364 5050 2549 5122 Hodie
2579 5053 2628 5105 le
2653 5059 2785 5122 poni
2820 5053 3083 5107 Taillard.

2221 5121 2334 5192 (64)
2363 5121 2566 5176 Postea
2593 5121 2692 5177 rue
2719 5139 2834 5177 aue:
2861 5125 3127 5179 Fumiers.

2223 5193 2332 5263 (65)
2389 5192 2748 5266 Haqporta,
2789 5193 3016 5266 (Gallice
3063 5202 3218 5266 porte
3266 5193 3592 5266 Cendieuse,
3619 5209 3804 5266 prope

2152 5279 2382 5319 crucem
2417 5263 2716 5331 Belli’loci,
2750 5264 2889 5320 olim
2921 5271 3045 5320 erat
3063 5263 3350 5322 introitus
3380 5263 3650 5321 civitatis.

2223 5335 2334 5404 (66)
2369 5334 2944 5409 Portam_Aqu_ariam
2955 5337 3312 5409 jampridem
3333 5338 3694 5409 destructam
3715 5336 3806 5392 in-

2151 5409 2239 5478 ter
2262 5410 2469 5478 portas
2491 5405 2764 5478 Willelmi
2796 5424 2862 5464 ac
2896 5405 3147 5465 Morardi
3187 5409 3361 5467 sitam
3411 5407 3593 5465 fuisse
3639 5407 3802 5465 idem

2151 5476 2322 5534 docet
2352 5477 2418 5534 D.
2452 5476 2665 5551 Muley.
