3974 6076
373 284 552 350 ΞΟὸῖῖ

1385 287 1795 349 ADDENDA.
1827 319 1907 333 —
1935 286 2329 349 RADULPHI
2372 285 2786 349 ARDENTIS.

3649 284 3812 345 2056

369 421 500 478 timi
524 419 716 477 cordis
747 420 1185 493 procedentem.
1210 420 1281 476 Et
1310 420 1577 476 dicamus
1607 419 1721 475 ﬁde
1770 422 1825 475 et
1869 419 2036 475 devo-
2059 420 2115 488 Α
2144 419 2261 488 (Job
2291 418 2350 490 ι).
2384 420 2567 492 Agere
2597 418 2753 475 enim
2784 418 2842 473 in
2876 416 3170 499 prosperis
3198 416 3637 491 gratias,etiam
3672 432 3815 488 quo-

370 509 532 566 tione
565 526 579 566 :
610 509 745 566 Iesu
773 518 1119 580 praeceptor,
1154 510 1322 581 cujus
1352 507 1572 564 scilicet
1600 508 1911 581 praecipere
1949 511 2039 563 est
2143 509 2415 564 rumdam
2447 507 2736 564 malorum
2780 512 2888 564 est.
2944 506 3105 564 Unde
3152 507 3333 563 David
3366 525 3379 562 :
3410 506 3809 577 Conﬁtebitur,

374 598 883 668 facere,misererc
912 599 1120 667 nostri,
1155 615 1263 654 nos
1294 615 1329 654 a
1356 597 1519 670 lepra
1548 601 1918 670 peccatorum
1941 596 2036 652 ab-
2144 595 2358 670 inquit,
2383 596 2485 652 tibi
2513 613 2636 652 eum
2683 597 3004 668 benefaceris
3051 598 3105 651 ei
3149 596 3324 666 (Psal.
3356 600 3583 664 XLVIII).
3616 599 3812 668 Agere

367 686 608 744 luendo.
634 687 828 743 Tertio
879 687 1145 743 insinuat
1185 686 1356 742 nobis
1403 687 1707 754 Dominns,
1740 685 2033 758 quomodo

364 790 494 848 ipse
528 775 881 833 criminosos
912 793 947 831 a
978 775 1236 849 peccatis
1267 776 1566 844 emundet,
1599 793 1731 831 cum
1764 774 1846 830 ait
1879 792 1891 829 :
1919 779 2030 842 Ite,

362 865 654 921 ostendite
678 881 772 921 vos
802 865 1219 921 sacerdotibus.
1243 865 1389 920 Cum
1420 864 1574 920 enim
1607 863 1945 938 quotidiana
1974 868 2031 919 et

361 952 514 1010 levia
543 952 1074 1027 peccata,qualibet
1104 953 1213 1010 levi
1244 953 1659 1020 satisfactione,
1683 953 1857 1009 etiam
1901 953 2027 1009 sine

364 1059 641 1115 expressa
670 1042 1041 1099 confessione
1070 1042 1240 1099 nobis
1272 1042 1665 1110 dimittantur,
1698 1041 1942 1115 lepram,
1966 1041 2025 1098 id

361 1136 448 1189 est
477 1132 705 1203 majora
734 1130 986 1187 crimina
1016 1131 1280 1205 praecipit
1308 1131 1477 1188 nobis
1522 1131 1807 1187 Dominus
1839 1148 2025 1188 sacer-

359 1219 597 1277 dotibus
628 1220 1029 1288 ostendere,et
1054 1222 1226 1292 juxta
1256 1237 1457 1277 eorum
1490 1220 1834 1276 mandatum
1858 1220 2024 1277 satis-

358 1310 695 1367 facere.Sed
730 1325 913 1383 quare
945 1327 1077 1366 cum
1113 1327 1217 1382 per
1247 1327 1308 1366 se
1340 1309 1625 1366 Dominus
1646 1326 1712 1365 ea
1734 1309 2021 1366 mundare

358 1401 575 1472 posset,
612 1398 1019 1456 sacerdotibus
1049 1397 1310 1455 conﬁteri
1342 1398 1654 1471 praecepit?
1682 1399 1763 1454 Ex
1801 1397 2018 1470 triplici

357 1488 579 1544 ratione
605 1504 618 1543 :
646 1487 720 1544 Ut
748 1487 973 1543 scilicet
1005 1504 1176 1543 nemo
1216 1492 1450 1559 propter
1477 1490 1715 1559 peccata
1743 1487 2015 1558 despera-

356 1581 465 1647 ret,
498 1578 640 1633 dum
688 1575 983 1633 medicum
1034 1580 1405 1650 peccatorum
1448 1576 1620 1648 juxta
1670 1593 1732 1631 se
1759 1575 2017 1631 invenire

355 1671 586 1740 posset;
619 1670 684 1722 ut
712 1666 890 1722 etiam
921 1665 982 1721 in
1034 1664 1142 1721 hoc
1191 1665 1444 1739 quisque
1492 1668 1815 1721 mereretur
1858 1664 2014 1737 quod

2139 685 2317 741 etiam
2350 685 2408 740 in
2441 684 2700 741 adversis
2727 685 2967 758 gratias,
2989 689 3221 741 tantum
3252 685 3548 741 bonorum
3582 683 3810 756 est,qui

2138 773 2269 846 ipsa
2301 774 2544 830 adversa
2572 790 2787 847 magna
2814 774 2967 830 dona
2997 791 3126 830 esse
3146 772 3504 846 intelligunt,
3540 790 3657 846 per
3678 789 3810 844 quae

2140 862 2274 934 pius
2306 867 2469 936 pater
2494 862 2645 919 ﬁlios
2680 880 2826 936 quos
2874 863 3063 937 magis
3111 863 3301 936 diligit
3343 863 3613 935 corripit.
3648 862 3811 917 Inter

2137 969 2305 1024 qnos,
2339 952 2569 1021 fratres,
2602 951 2697 1007 hic
2728 950 2938 1024 corripi
2970 969 3004 1007 a
3031 956 3147 1008 Deo
3178 951 3518 1026 diligamus,
3554 955 3622 1007 ut
3663 968 3803 1006 cum

2135 1040 2219 1096 eis
2251 1040 2537 1097 consolari
2570 1057 2919 1096 mereamur.
2942 1040 3147 1096 Amen.

2676 1147 2986 1204 HOMILIA
3021 1147 3235 1203 XXXII.

2290 1237 2562 1276 DOMINICA
2600 1236 2806 1275 DECIMA
2845 1236 3048 1282 QUINTA
3086 1235 3224 1276 POST
3256 1236 3625 1275 TRINITATBI.

2198 1309 2261 1365 Si
2287 1312 2489 1382 spiritu
2517 1309 2983 1381 vivimus,spiritu
3010 1316 3063 1365 et
3082 1309 3420 1364 ambulemus
3433 1308 3582 1377 (Gal.
3603 1326 3665 1376 v,
3686 1311 3790 1377 γι),

2131 1400 2240 1454 etc.
2271 1398 2589 1472 Tripartita
2636 1401 2725 1453 est
2772 1397 2894 1453 hazc
2937 1396 3129 1469 lectio,
3162 1398 3371 1454 fratres
3420 1396 3788 1453 charissimi.

2126 1486 2320 1543 Primo
2344 1487 2498 1543 enim
2526 1504 2633 1543 nos
2662 1487 2931 1543 hortatur
2957 1485 3273 1560 Apostolus
3308 1487 3379 1543 ad
3410 1484 3787 1559 spiritualem

2125 1576 2328 1632 vitam.
2365 1576 2633 1633 Secundo
2681 1575 2940 1632 ostendit
2990 1593 3116 1648 qua":
3162 1575 3282 1631 vita
3323 1575 3401 1632 sit
3430 1574 3784 1648 spiritualis.

2124 1665 2318 1721 Tertio
2350 1665 2627 1739 praecipit,
2664 1668 2728 1720 ut
2756 1664 2979 1721 subditi
3009 1664 3310 1739 magistris
3340 1664 3466 1721 suis
3498 1664 3785 1737 spiritua-

354 1754 829 1828 homini,sequali
862 1753 1086 1811 scilicet
1116 1772 1245 1822 suo,
1267 1772 1327 1810 se
1357 1753 1724 1823 humiliarct;
1750 1757 1813 1809 ut
1837 1753 2012 1809 etiam
2040 1795 2090 1861 Β
2121 1753 2277 1810 libus
2310 1753 2509 1810 omnia
2539 1754 2692 1810 bona
2721 1771 2828 1810 sua
2857 1754 3311 1810 communicent.
3347 1753 3607 1809 Hortans
3645 1771 3781 1826 ergo

355 1844 502 1902 alter
529 1844 771 1901 alterius
794 1861 972 1900 onera
1001 1847 1278 1918 portaret.
1311 1844 1420 1900 Sed
1454 1843 1594 1916 quid
1626 1847 1715 1900 est
1745 1842 1898 1915 quod
1928 1841 2008 1898 le-

353 1934 533 2007 prosi,
560 1938 872 2006 antequam
898 1934 1239 2007 perveniant
1260 1933 1332 1988 ad
1357 1933 1707 2000 sacerdotes,
1726 1932 2011 1987 mundan-

354 2029 450 2079 tur
497 2022 558 2079 in
607 2022 722 2089 via,
755 2022 867 2078 nisi
925 2023 1080 2095 quod
1112 2026 1466 2095 peccatores,
1502 2022 1643 2076 dum
1674 2020 2008 2094 paenitendo

353 2116 515 2178 eunt,
541 2111 629 2169 vel
664 2112 747 2168 ire
787 2111 992 2167 volunt
1041 2111 1303 2167 conﬁteri
1353 2110 1777 2174 sacerdotibus,
1808 2109 1869 2164 in
1899 2109 2008 2165 hoc

352 2201 676 2275 propositio
700 2218 734 2256 a
753 2199 1006 2273 peccatis
1021 2200 1200 2257 mund
1210 2199 1422 2255 antur?
1440 2199 1585 2255 Hinc
1602 2197 1778 2255 David
1802 2215 1815 2253 :
1843 2198 2008 2257 Dixi!

352 2292 672 2361 Conﬁtebor
699 2290 1009 2346 adversum
1038 2306 1129 2344 me
1161 2290 1507 2360 injustitiam
1531 2305 1723 2344 meam
1746 2288 2003 2357 Domino,

349 2388 405 2435 et
438 2383 499 2435 lu
527 2379 805 2435 remisisti
832 2379 1187 2448 impietatem
1217 2378 1440 2449 peccati
1482 2377 1595 2433 mei
1621 2378 1793 2449 (Psal.
1830 2376 2003 2449 xxxx).

353 2466 531 2533 Quasi
553 2467 770 2523 diceret
796 2484 809 2523 :
833 2466 1155 2522 Deliberavi
1181 2467 1331 2539 apud
1361 2484 1453 2521 me
1476 2468 1776 2538 peccatum
1807 2483 2004 2521 meum

351 2556 637 2625 conﬁteri,
663 2561 720 2612 et
752 2560 833 2623 tu,
857 2555 1122 2625 Domine,
1158 2554 1460 2611 remisisti.
1493 2556 1714 2610 Tamen
1748 2572 1864 2610 non
1914 2554 2002 2610 id-

350 2645 505 2703 cireo
536 2648 817 2719 spernant
846 2648 1181 2719 peccatores
1210 2648 1447 2717 peccata
1469 2660 1578 2700 sua
1602 2642 2005 2701 sacerdotibus

350 2736 635 2804 conﬁteri,
669 2734 948 2809 quoniam
1010 2752 1081 2791 ex
1130 2738 1467 2807 contemptu
1515 2737 1855 2790 tenerentur
1895 2732 1999 2789 rei.

348 2824 470 2881 Etsi
506 2824 664 2881 enim
695 2824 754 2880 in
798 2824 990 2881 cordis
1021 2823 1367 2880 contritione
1414 2826 1651 2896 peccata
1691 2822 2002 2877 dimittan-

348 2918 597 2982 tur,non
628 2917 826 2970 tamen
857 2911 1125 2969 Ecclesia
1157 2929 1284 2969 esse
1314 2912 1561 2968 dimissa
1590 2910 1997 2967 ostenduntur.

349 3002 505 3059 Deus
528 3002 743 3076 quippe
772 3007 836 3057 ut
865 3006 1067 3058 auctor
1095 3000 1267 3058 solvit
1294 3001 1379 3058 vel
1405 3000 1847 3074 ligat,sacerdos
1866 3016 1999 3057 vero

347 3094 412 3146 ul
443 3090 712 3147 minister
728 3090 975 3164 ligatum
994 3090 1080 3146 vel
1105 3089 1441 3146 absolutum
1465 3106 1593 3145 esse
1613 3089 1994 3145 demonstrat.

347 3179 492 3236 Hinc
522 3183 611 3236 est
650 3162 806 3252 quod
840 3179 1143 3246 Lazarum,
1179 3195 1354 3250 quem
1403 3195 1507 3250 per
1557 3194 1618 3233 se
1668 3176 1726 3231 in
1768 3175 1996 3232 tumulo
2026 3162 2068 3229 C

346 3266 1060 3340 suscitaverat,discipulis
1091 3267 1375 3323 Dominus
1398 3266 1570 3339 jubet
1600 3270 1665 3321 ut
1695 3264 1998 3321 absolvant

345 3362 403 3414 et
433 3357 594 3414 abire
623 3357 840 3413 sinant.
860 3357 1073 3421 Quarto
1096 3357 1534 3412 demonstratur
1566 3355 1734 3411 nobis
1757 3371 1998 3428 quomo-

347 3446 421 3502 do
447 3444 930 3519 ingratitudinem
977 3445 1286 3519 fugientes,
1320 3444 1391 3500 de
1439 3443 1856 3500 emundatione
1895 3446 1999 3499 aut

348 3532 668 3607 gratiarum
703 3531 1008 3588 collatione
1038 3531 1258 3604 gratias
1291 3532 1406 3588 Deo
1438 3548 1608 3604 agere
1657 3530 1994 3587 debeamus.

347 3623 450 3678 Est
478 3626 675 3677 autem
708 3619 915 3692 triplex
936 3620 1296 3693 ingratitudo
1329 3637 1343 3677 :
1378 3620 1594 3689 Prima,
1628 3619 1862 3675 illorum
1897 3618 1999 3691 qui

348 3710 418 3766 de
449 3708 656 3766 collato
685 3708 967 3765 beneﬁcio
1015 3707 1234 3782 gratias
1284 3710 1399 3766 Deo
1430 3726 1547 3765 non
1587 3708 1873 3775 referunt;
1909 3724 1997 3764 se-

350 3798 565 3866 cunda,
600 3796 834 3853 illorum
867 3797 966 3871 qui
1000 3799 1072 3854 ad
1103 3798 1388 3855 vomitum
1412 3799 1685 3868 redeunt;
1720 3796 1892 3853 tertia
1909 3813 2001 3853 eo-

348 3904 480 3943 rum
512 3885 614 3960 qui
642 3884 929 3943 talentum
960 3888 1431 3944 commendatum
1456 3886 1742 3943 inutiliter
1760 3887 2001 3942 abscon-

348 3975 753 4040 dunt.Quibus
784 3976 1060 4033 omnibus
1092 3993 1208 4033 non
1239 3974 1433 4032 solum
1480 3994 1583 4049 per
1633 3972 2001 4049 ingratitudi-

348 4082 485 4122 nem
515 4064 715 4139 gratiaa
739 4064 1249 4133 subtrahuntur,et
1264 4064 1403 4121 vitia
1425 4063 1794 4134 redeunt,sed
1823 4063 1998 4120 etiam

350 4156 579 4229 pejores
636 4154 992 4223 efﬁciuntur,
1040 4154 1285 4211 Domino
1334 4153 1475 4211 alibi
1532 4157 1848 4211 attestante
1890 4153 2004 4211 :Et

347 4244 508 4317 ﬁunt,
540 4242 754 4316 inquit,
787 4244 1085 4299 novissima
1128 4242 1366 4299 hominis
1395 4243 1551 4298 illius
1573 4242 1769 4315 pejorn
1791 4244 2001 4315 priori-

351 4334 449 4389 bus
479 4331 681 4406 (Matth.
716 4349 826 4401 x11;
850 4332 977 4387 Luc.
1004 4334 1104 4401 χι).
1139 4332 1256 4387 Nos
1286 4347 1447 4404 ergo,
1478 4332 1705 4401 fratres,
1736 4331 2000 4405 exemplo

349 4421 561 4478 decimi
592 4419 808 4494 leprosi
850 4420 1287 4477 consideremus
1336 4419 1540 4492 quales
1588 4420 1877 4477 fuerimus
1932 4438 2003 4478 ex

2119 1860 2226 1899 uos
2256 1841 2573 1916 Apostolus
2603 1843 2793 1915 primo
2823 1843 2893 1898 ad
2927 1841 3291 1916 spiritualem
3333 1842 3539 1910 vitam,
3576 1842 3663 1898 ait
3686 1860 3702 1897 :
3724 1843 3783 1899 Si

2117 1935 2323 2005 spiritu
2350 1934 2607 2001 vivimus,
2637 1934 2838 2005 spiritu
2866 1941 2917 1989 et
2944 1933 3305 1989 ambulemus.
3338 1931 3607 1996 Quatuor
3649 1949 3777 1987 mo-

2116 2021 2229 2091 dis,
2264 2022 2470 2077 fratres
2520 2021 2655 2090 mei,
2690 2020 2980 2095 accipitur
3024 2021 3135 2077 hoc
3181 2038 3393 2078 nomen
3434 2021 3689 2094 spiritus
3719 2022 3777 2076 in

2117 2127 2283 2166 sacra
2312 2109 3010 2183 Scriptura.Quandoque
3039 2109 3194 2165 enim
3224 2109 3468 2183 ponitur
3499 2110 3577 2166 ad
3602 2110 3777 2183 signi.

2115 2199 2413 2255 ﬁcandum
2446 2198 2719 2271 spiritum
2771 2198 3121 2268 humanum,
3155 2203 3223 2254 ut
3272 2199 3511 2271 quando
3557 2198 3777 2254 dicitur

2116 2288 2270 2361 quod
2302 2286 2476 2344 homo
2508 2292 2737 2344 constat
2767 2304 2834 2343 ex
2864 2304 3102 2360 corpore
3131 2291 3187 2344 et
3232 2287 3470 2360 spiritu.
3503 2288 3775 2354 Quando-

2114 2392 2228 2447 que
2257 2392 2391 2430 vero
2423 2374 2661 2448 ponitur
2688 2376 2753 2430 ad
2807 2375 3258 2449 signiﬁcandum
3310 2380 3539 2448 partem
3584 2377 3771 2449 ipsius

2114 2464 2380 2537 spiritus,
2424 2463 2783 2536 superiorem
2838 2463 3061 2519 scilicet
3116 2464 3427 2531 rationem,
3482 2468 3550 2519 ut
3608 2466 3763 2521 sibi:

2111 2553 2352 2626 Spiritus
2397 2553 2614 2625 quidem
2650 2562 2933 2626 promptus
2978 2563 3074 2622 est,
3115 2570 3244 2610 caro
3298 2562 3485 2609 autem
3545 2556 3763 2625 inﬁrma

2111 2642 2316 2715 (Matth.
2347 2660 2508 2713 xxvn;
2538 2644 2665 2700 Luc.
2714 2648 2888 2713 xnv).
2923 2644 3283 2716 Quandoque
3326 2660 3466 2700 vero
3528 2644 3769 2717 ponitur

2111 2732 2183 2788 ad
2213 2731 2668 2806 signiﬁcandum
2701 2731 3035 2790 interiorem
3066 2732 3271 2789 littera:
3291 2732 3767 2801 intellectum,ut

2108 2820 2189 2876 ibi
2222 2838 2236 2877 :
2272 2822 2474 2877 Littera
2503 2822 2717 2894 occidit,
2747 2824 2980 2894 spiritus
3020 2830 3201 2878 autem
3249 2823 3495 2893 vivi/teat
3532 2822 3610 2889 (II
3638 2826 3764 2879 Cor.

2108 2912 2183 2985 ν).
2217 2910 2578 2984 Quandoque
2607 2911 2782 2968 etiam
2804 2911 3040 2984 ponitur
3062 2912 3134 2967 ad
3158 2909 3622 2985 signiﬁcandum
3647 2912 3769 2985 Spi-

2107 2999 2287 3056 ritum
2327 3004 2617 3056 sanctum.
2651 2999 2907 3073 Spiritus
2934 3016 3094 3074 ergo,
3124 3001 3455 3057 secundum
3508 3000 3763 3073 primam

2107 3089 2527 3162 acceptionem,
2561 3089 2784 3146 confert
2812 3089 2982 3146 nobis
3013 3093 3079 3145 ut
3107 3087 3281 3145 etiam
3320 3090 3595 3145 vivamus
3640 3106 3765 3145 cor-

2106 3177 2400 3252 poraliter.
2434 3178 2771 3234 Secundum
2799 3195 2932 3235 vero
2963 3178 3282 3235 secundam
3331 3184 3389 3234 et
3418 3178 3663 3234 tertiam
3710 3182 3767 3235 et

2105 3272 2373 3341 quartam
2396 3267 2813 3341 acceptionem,
2830 3268 3052 3324 confert
3072 3267 3241 3324 nobis
3260 3270 3325 3323 ut
3345 3266 3619 3323 vivamus
3642 3266 3763 3340 spi-

2104 3354 2415 3412 ritualiter.
2446 3354 2540 3411 Ait
2582 3372 2717 3429 ergo
2762 3355 3120 3429 Apostolus:
3152 3355 3217 3412 Si
3266 3357 3473 3429 spiritu
3500 3358 3760 3425 vitamus,

2104 3446 2305 3517 spiritu
2333 3446 2695 3501 ambulemue.
2726 3449 2808 3503 Ac
2828 3444 2879 3502 si
2908 3448 3103 3518 aperte
3135 3444 3309 3501 dicat.
3340 3445 3401 3502 Si
3434 3462 3541 3502 nec
3586 3445 3765 3519 spiri-

2106 3532 2345 3589 tualiter
2374 3551 2479 3590 nec
2527 3533 2705 3590 etiam
2753 3533 3127 3607 corporaliter
3172 3550 3495 3606 possumus
3544 3533 3763 3600 vivere,

2107 3622 2221 3678 nisi
2251 3640 2321 3679 ex
2351 3622 2582 3695 spiritu,
2617 3623 2942 3680 secundum
2973 3622 3238 3696 spiritus,
3273 3640 3388 3678 non
3428 3624 3765 3680 secundum

2107 3711 2302 3768 carnis
2333 3711 2691 3768 voluntatem
2721 3728 3049 3785 operemur.
3074 3711 3200 3767 Non
3231 3712 3420 3769 simus
3450 3728 3621 3785 ergo,
3653 3713 3766 3767 fra-

2106 3803 2225 3858 tres
2258 3799 2391 3868 mei,
2429 3799 2650 3859 similes
2679 3801 2835 3869 Adae,
2861 3800 2963 3874 qui
2992 3800 3138 3857 abiit
3183 3801 3243 3856 in
3274 3801 3520 3858 consilio
3549 3801 3768 3874 impio-

2108 3889 2747 3964 rum,suggestionibus
2777 3889 2996 3947 scilicet
3024 3888 3222 3946 uxoris
3239 3894 3297 3945 et
3317 3890 3616 3963 serpentis
3633 3908 3768 3947 eon-

2107 3978 2429 4047 sentiendo,
2463 3979 2564 4035 sed
2596 3978 2795 4051 potius
2821 3979 3174 4035 tentationes
3204 3978 3421 4035 diaboli
3474 3979 3770 4052 repellen-

2109 4069 2218 4135 tes,
2253 4082 2489 4121 carnem
2549 4068 2811 4122 nostram
2851 4065 3099 4139 jejuniis
3154 4070 3211 4123 et
3260 4066 3771 4123 macerationibus

2111 4171 2392 4228 cogamus
2416 4154 2658 4211 consilio
2689 4154 2934 4228 spiritus
2965 4155 3220 4213 obedire.

2183 4244 2459 4316 Sequitur
2481 4261 2617 4317 pars
2635 4243 2985 4312 secunda,in
3007 4262 3125 4317 qua
3153 4245 3410 4302 ostendit
3424 4244 3769 4319 Apostolus,

2111 4350 2238 4406 quas
2267 4333 2391 4389 vita
2420 4332 2497 4390 sit
2524 4332 2868 4407 spiritualis,
2895 4350 2963 4390 ea
2992 4333 3213 4391 scilicet
3240 4351 3370 4407 qum
3398 4335 3543 4391 vitia
3593 4336 3770 4410 fugit,

2110 4426 2167 4477 et
2188 4422 2435 4478 virtutes
2459 4422 2743 4496 sequitur.
2760 4422 2923 4480 Unde
2953 4427 3010 4479 et
3027 4423 3229 4479 subdit
3253 4441 3267 4480 :
3290 4424 3409 4480 Non
3448 4424 3776 4497 efﬁciamur

349 4509 524 4584 culpa
551 4513 780 4579 nostra;
815 4513 872 4565 et
901 4508 1104 4582 quales
1134 4526 1344 4565 sumus
1374 4527 1441 4566 ex
1489 4510 1697 4583 gratia.
1726 4509 1998 4567 Reverta-
2030 4532 2078 4597 D
2110 4512 2301 4567 inanis
2328 4511 2527 4582 gloriae
2554 4511 2762 4585 cupidi,
2796 4511 3115 4568 saubaudis
3145 4529 3250 4569 nec
3291 4516 3647 4569 ceterorum
3696 4515 3775 4570 vi-

348 4615 483 4655 mur
519 4598 691 4655 corde
726 4598 799 4653 ad
846 4597 1032 4653 Deum
1063 4597 1505 4653 emundatorem
1539 4601 1837 4666 nostrum;
1871 4596 1999 4668 ejus

348 4686 813 4745 misericordiam
845 4702 1061 4759 magna
1099 4686 1291 4743 cordis
1335 4685 1636 4742 devotione
1667 4684 1997 4755 laudemus,

348 4781 407 4834 et
436 4777 719 4833 cudamus
751 4778 886 4832 ante
915 4775 1092 4848 pedes
1137 4776 1287 4847 ejus,
1321 4792 1438 4831 non
1488 4778 1641 4831 retro
1691 4779 1755 4830 ut
1786 4774 1911 4831 Heli
1938 4775 1998 4833 in

349 4872 619 4933 mortem,
654 4865 755 4922 sed
784 4864 845 4920 in
876 4865 1107 4936 faciem,
1125 4864 1180 4919 id
1214 4868 1303 4920 est
1334 4863 1391 4919 in
1415 4862 1645 4937 proprie
1666 4862 2001 4937 fragilitatis

348 4955 765 5028 cognittonem,
798 4954 968 5010 nobis
1020 4957 1256 5026 peccata
1313 4956 1367 5008 et
1420 4954 1531 5008 Deo
1580 4953 1800 5009 bonum
1843 4955 1998 5025 quod

348 5043 638 5100 habemus
669 5043 1145 5111 attribuentes,et
1174 5042 1309 5098 inde
1331 5041 1383 5098 ei
1413 5040 1633 5114 gratias
1664 5058 1897 5115 semper
1917 5059 2001 5098 re-

350 5131 752 5188 ferentes.Nec
784 5131 1331 5200 solum,fratres,de
1359 5129 1530 5186 bonis
1563 5129 1730 5186 nobis
1770 5129 1999 5189 collatis

351 5219 403 5277 ei
431 5220 651 5294 gratias
681 5221 1021 5289 referamus,
1045 5221 1146 5277 sed
1169 5220 1344 5276 etiam
1366 5221 1438 5276 de
1459 5218 1692 5275 damnis
1712 5223 1770 5275 et
1800 5219 1998 5293 ﬂagel-

348 5309 424 5367 lis
456 5309 719 5366 dicentes
743 5325 878 5366 cum
909 5310 1078 5365 beato
1108 5309 1218 5366 Job
1243 5324 1255 5364 :
1280 5309 1343 5366 Si
1372 5308 1512 5365 bona
1561 5308 1893 5380 suscepimus
1936 5308 2000 5366 de

347 5416 519 5457 manu
548 5400 787 5466 Domini,
835 5399 987 5454 mala
1039 5399 1202 5454 etiam
1234 5415 1402 5470 quare
1448 5414 1556 5454 non
1597 5400 2004 5470 suscipiamus?

348 5490 632 5558 Dominus,
664 5487 830 5553 dedit,
861 5487 1124 5542 Dominus
1173 5486 1423 5556 abstulit,
1454 5487 1594 5543 sicut
1623 5476 2000 5560 Dominopla-

348 5579 464 5641 cuit
516 5578 597 5637 ita
639 5578 850 5655 factum
892 5582 993 5646 est,
1031 5576 1105 5632 sit
1142 5590 1339 5633 nomen
1388 5576 1610 5633 Domini
1667 5575 2004 5640 benedictum

2107 4600 2346 4656 tiorum.
2381 4600 2491 4657 Sed
2522 4600 2651 4656 ideo
2682 4600 2779 4656 hic
2803 4601 2998 4673 potius
3028 4601 3197 4674 ponit
3226 4618 3433 4657 vanam
3484 4601 3768 4675 gloriam,

2110 4688 2389 4761 quoniam
2420 4706 2488 4745 ea
2517 4688 2805 4763 praecipue
2834 4689 2990 4747 viros
3026 4688 3361 4763 spirituales
3390 4688 3543 4747 solet
3572 4691 3772 4765 impu-

2109 4776 2424 4850 gnare,qui
2448 4777 2658 4833 habeet
2688 4776 2875 4832 multa
2898 4777 3051 4833 bona
3082 4778 3235 4833 unde
3280 4775 3637 4851 glorientur.
3673 4778 3775 4833 Est

2109 4865 2265 4922 enim
2289 4883 2440 4922 vana
2467 4864 2672 4938 gloria,
2689 4865 2924 4938 quando
2955 4865 3176 4938 aliquid
3203 4866 3275 4922 de
3304 4866 3457 4922 bono
3485 4867 3651 4939 quod
3674 4865 3775 4922 ha-

2107 4955 2206 5011 bet
2234 4953 2321 5011 vel
2352 4954 2564 5011 habere
2594 4953 2841 5024 videtur,
2867 4972 2983 5012 non
3035 4954 3173 5021 Deo,
3206 4954 3305 5011 sed
3355 4954 3603 5011 sibimet
3642 4955 3775 5029 glo-

2108 5043 2256 5099 riam
2275 5043 2501 5109 tribuit,
2518 5041 2607 5099 vel
2639 5042 2863 5115 quaerit,
2896 5041 2986 5098 vel
3019 5042 3243 5114 recipit.
3260 5041 3393 5098 Ideo
3414 5046 3621 5099 autem
3654 5043 3774 5099 dixi

2110 5132 2180 5189 de
2212 5132 2364 5188 bono
2396 5132 2551 5205 quod
2590 5131 2803 5188 habere
2848 5131 3098 5200 videtur,
3130 5130 3413 5203 quoniam
3460 5130 3779 5205 hypocrita

2108 5220 2283 5277 etiam
2316 5221 2387 5277 de
2417 5221 2750 5294 bono,quod
2783 5220 3022 5278 simulat
3047 5220 3369 5276 humanam
3401 5219 3664 5293 gloriam
3684 5238 3777 5278 ca-

2109 5308 2554 5383 ptat.Ca3teri,si
2586 5309 2913 5383 gloriantur
2940 5310 3012 5366 de
3039 5309 3192 5366 bono
3223 5309 3377 5383 quod
3410 5308 3641 5367 habent
3686 5311 3774 5385 (de

2110 5399 2261 5455 bono
2292 5399 2421 5455 dico
2454 5398 2745 5473 spirituali
2776 5399 2864 5456 vel
2895 5397 3226 5473 corporali),
3248 5398 3351 5455 sed
3380 5398 3451 5455 de
3472 5400 3773 5472 corporali

2109 5490 2261 5546 bono
2320 5487 2647 5561 gloriantur
2688 5493 2746 5545 et
2789 5488 3140 5562 superbiant
3180 5490 3411 5544 tantum
3449 5488 3773 5545 saculares

2111 5582 2171 5641 et
2199 5577 2356 5637 bruti
2385 5577 2674 5638 homines.
2706 5578 2790 5637 De
2816 5576 3112 5656 spirituali
3140 5593 3274 5659 vago
3301 5576 3481 5656 bono,
3501 5574 3773 5663 plerum;
