3974 6076
161 313 319 373 2057

820 310 1171 371 HOMILl/E
1213 309 1289 368 IN
1338 308 1586 370 EPIST.
1634 308 1737 369 ET
1777 306 2064 369 EVANG.
2113 307 2462 373 DOMINIC.
2496 341 2573 351 —
2602 308 2805 369 PARS
2847 307 2924 369 Π.

3420 309 3576 373 2058

158 459 271 515 que
290 441 437 515 ipsis
462 442 696 515 magnis
722 445 779 497 et
800 439 1209 514 spiritualibus
1228 440 1370 497 viris
1395 439 1671 496 accressit
1690 439 1813 513 glo-
1844 439 1898 506 Α
1928 454 2105 511 quam
2138 439 2357 512 proprii
2389 437 2631 512 periculi
2675 437 3081 497 consideratio.
3107 437 3254 497 Hinc
3281 443 3373 497 est
3418 441 3579 514 quod

160 532 247 585 ria
269 536 323 586 et
346 530 538 587 elatio.
560 531 670 586 Sed
694 530 945 586 istorum
968 528 1255 596 omnium,
1273 528 1370 584 alii
1398 529 1469 583 de
1491 529 1641 585 bono
1663 529 1818 600 quod

158 620 398 687 habent,
415 620 652 675 sibimet
677 619 1009 675 attribuunt
1040 617 1310 689 gloriam,
1335 634 1368 673 a
1389 635 1469 685 se,
1486 617 1573 673 vel
1596 634 1663 673 ex
1695 635 1821 673 me-

169 707 297 762 ritis
319 708 444 763 suis
474 707 621 762 illud
643 724 705 763 se
732 708 945 762 habere
976 710 1268 779 putantes.
1289 705 1394 760 Alii
1416 722 1547 761 vero
1568 705 1821 762 exterius

174 795 493 852 humanam
529 801 764 867 captant
801 795 1070 867 gloriam,
1102 801 1157 850 et
1205 794 1255 850 si
1304 812 1418 850 non
1464 795 1541 849 sit
1587 793 1689 866 qui
1719 811 1819 851 eos

170 884 332 939 laude
350 890 387 951 t,
408 884 517 956 ipsi
545 884 769 956 seipsos
791 883 1028 939 laudare
1054 900 1168 938 non
1192 884 1567 939 erubescunt.
1590 882 1698 938 Alii
1722 900 1821 937 au-

166 976 282 1027 tem
319 978 455 1027 sunt
486 972 608 1045 qui,
634 972 741 1029 etsi
774 973 843 1027 de
878 972 1028 1027 bono
1074 988 1179 1027 suo
1226 970 1461 1027 laudem
1493 972 1816 1027 humanam

156 1079 269 1116 non
303 1066 591 1133 quaerunt,
618 1066 813 1116 tamen
845 1062 915 1115 ab
947 1060 1078 1116 aliis
1107 1060 1361 1116 oblatam
1393 1061 1815 1131 recipiunt.0ui

161 1151 431 1222 quamvis
462 1151 533 1205 ad
568 1149 803 1205 laudem
838 1149 947 1206 sibi
982 1149 1237 1205 oblatam
1268 1150 1635 1219 erubescant,
1668 1154 1724 1205 et
1753 1167 1815 1207 se

156 1240 453 1296 fateantur
473 1240 766 1312 indignos,
792 1244 987 1295 tamen
1014 1239 1174 1294 intus
1199 1240 1271 1293 ad
1294 1239 1558 1294 auditam
1577 1238 1812 1295 laudem

153 1329 390 1384 animus
419 1329 637 1400 gaudet
667 1334 724 1383 et
757 1327 1065 1400 gloriatur.
1090 1327 1219 1382 Haec
1250 1333 1445 1384 autem
1472 1328 1658 1402 gloria
1684 1328 1810 1385 ina-

154 1418 247 1472 nis
279 1417 397 1473 sive
419 1436 568 1473 vana
594 1417 827 1485 dicitur,
852 1416 992 1488 quia
1020 1436 1053 1472 a
1087 1416 1272 1488 gloria
1302 1434 1437 1473 vera
1465 1423 1689 1473 aeternae
1721 1433 1808 1474 re-

153 1505 491 1562 tributionis
524 1510 807 1562 cessatur.
836 1505 999 1562 Unde
1040 1506 1323 1561 Dominus
1351 1507 1423 1561 de
1468 1505 1811 1578 hujusmodi

151 1594 235 1649 ait
268 1611 280 1649 :
316 1602 635 1666 receperunt
678 1595 975 1650 mercedem
1025 1612 1185 1650 suam
1214 1595 1435 1663 (Matth.
1458 1596 1534 1667 v),
1563 1594 1809 1668 gloriam

154 1682 375 1739 scilicet
392 1682 773 1755 temporalem
794 1701 971 1756 quam
992 1684 1274 1756 quaesieru
1285 1689 1491 1743 nt.non
1510 1688 1807 1740 aeternam.

152 1772 408 1840 Invicem,
440 1772 652 1844 inquit,
679 1781 1031 1844 provocantes
1063 1774 1295 1829 invicem
1324 1773 1645 1829 invidentes.
1674 1773 1810 1830 Pro-

156 1860 351 1934 prium
383 1866 471 1916 est
519 1860 907 1932 gloriosorum
958 1861 1375 1930 hominum,ut
1406 1860 1552 1918 alios
1602 1878 1800 1934 provo-

152 1954 288 2005 cent
315 1950 387 2005 ad
419 1950 847 2006 contentionem
873 1956 929 2006 et
960 1956 1277 2017 certamen,
1302 1955 1369 2006 ut
1391 1950 1453 2005 in
1484 1950 1813 2023 ipso-certa-

153 2037 313 2093 mine
359 2043 679 2111 appareant
728 2040 1083 2112 superiores.
1112 2040 1275 2104 Quod
1309 2039 1357 2095 si
1389 2056 1488 2095 eos
1534 2057 1810 2113 superare

152 2142 270 2183 non
300 2126 513 2195 valent,
538 2128 822 2195 invident,
847 2132 903 2184 et
933 2129 1004 2184 de
1034 2128 1184 2184 bono
1216 2144 1418 2183 eorum
1450 2129 1807 2186 cruciantur.

151 2216 269 2272 Nos
299 2232 456 2289 ergo,
480 2216 690 2273 fratres
725 2216 1079 2286 charissimi,
1109 2217 1180 2274 de
1218 2217 1371 2273 bono
1402 2216 1451 2273 si
1483 2217 1639 2289 quod
1670 2216 1810 2274 faci-

152 2322 307 2374 mus,
331 2322 436 2360 nec
488 2305 647 2360 intus
694 2305 755 2360 in
807 2304 977 2360 nobis
1032 2305 1370 2379 gloriemur,
1394 2323 1501 2375 nec
1555 2306 1808 2363 exterius

150 2393 455 2449 ventulum
489 2392 758 2449 humanae
782 2392 1037 2467 gloriola:
1058 2398 1385 2466 captemus,
1405 2411 1511 2450 nec
1543 2394 1805 2451 oblatum

149 2480 522 2554 recipiamus,
545 2483 646 2538 sed
675 2481 972 2539 laudantis
994 2483 1170 2538 verba
1198 2483 1702 2556 interrumpamus
1725 2484 1808 2539 di-

150 2578 379 2627 centes:
400 2571 523 2627 Non
547 2570 875 2628 laudaveris
898 2571 1193 2628 hominem
1222 2574 1280 2628 in
1302 2573 1420 2629 vita
1451 2590 1577 2629 sua.
1604 2573 1807 2629 Lauda

152 2664 283 2732 post
306 2664 551 2716 mortem
573 2662 760 2729 (Eecli.
784 2661 884 2733 xu).
905 2662 1069 2717 Tunc
1092 2660 1247 2717 enim
1270 2678 1375 2717 nec
1398 2662 1647 2718 laudans
1667 2663 1806 2718 adu-

149 2748 325 2815 latur,
350 2766 455 2804 nec
485 2748 757 2805 laudatus
794 2754 1069 2806 tentatur.
1095 2751 1206 2805 Sed
1237 2749 1516 2821 quoniam
1551 2767 1666 2806 non
1689 2751 1807 2806 suf-

150 2837 274 2892 ficit
301 2837 440 2893 vitia
468 2854 688 2905 cavere,
720 2838 833 2893 nisi
874 2839 1051 2894 etiam
1103 2839 1255 2894 bona
1299 2837 1606 2907 faciamus,
1639 2839 1806 2895 addit

147 2924 468 2998 Apostolus
492 2943 505 2982 :
528 2929 768 2993 Fratres,
792 2927 844 2982 si
882 2932 1294 2997 praeoccupatus
1338 2928 1509 2998 fuerit
1557 2927 1715 2983 homo
1743 2929 1806 2983 in

148 3014 336 3087 aliquo
355 3013 566 3082 delicto,
591 3030 681 3069 vos
708 3014 808 3086 qui
835 3014 1151 3085 spirituales
1170 3015 1316 3080 estis,
1344 3015 1597 3072 instruite
1617 3016 1805 3087 hujus-

148 3102 301 3158 modi
346 3104 406 3158 in
446 3102 649 3174 spiritu
691 3103 933 3157 lenitatis
962 3101 1105 3171 (Gal.
1129 3105 1229 3170 v1).
1271 3105 1549 3158 Hortatur
1604 3107 1800 3160 autem

149 3191 247 3248 hic
276 3208 380 3247 nos
410 3192 483 3246 ad
513 3190 975 3263 compassisnem
1016 3195 1073 3246 et
1110 3191 1182 3246 ad
1224 3189 1675 3247 instructionem
1705 3193 1802 3249 de-
1830 3179 1873 3246 C

150 3279 750 3352 linquentium.Quod
779 3278 1015 3335 maximi
1051 3278 1246 3336 meriti
1278 3296 1407 3336 esse
1438 3284 1687 3336 testatur
1714 3281 1809 3337 Ja-

150 3370 354 3438 cobus,
383 3369 581 3426 dicens
608 3386 621 3425 :
648 3368 711 3425 Si
741 3371 862 3442 quis
888 3371 1130 3425 converti
1155 3370 1345 3440 fecerit
1370 3378 1709 3441 peecatorem
1736 3371 1806 3427 ab

149 3475 337 3515 errore
364 3460 470 3515 viae
498 3474 636 3526 sum,
659 3459 899 3514 satvabit
916 3459 1165 3513 animam
1186 3458 1303 3529 ejus
1332 3474 1366 3512 a
1393 3467 1586 3526 morte,
1614 3466 1667 3514 et
1684 3475 1807 3531 ope-

150 3549 257 3603 rz'et
310 3546 721 3603 multitudinem
770 3554 1115 3618 peccatorum
1147 3546 1379 3615 (Jac.v).
1410 3546 1584 3602 Porro
1644 3546 1812 3602 aliter

152 3635 503 3708 corripiendi
546 3640 686 3690 sunt
746 3636 1012 3691 fortiores
1042 3639 1100 3691 et
1147 3633 1550 3707 sapientiores,
1574 3635 1810 3707 quando

154 3729 419 3799 peccant,
442 3723 611 3779 aliter
640 3723 963 3797 fragiliores
985 3728 1041 3779 et
1062 3723 1350 3791 rudiores,
1375 3723 1543 3780 aliter
1564 3724 1663 3797 qui
1686 3740 1814 3797 pec-

154 3818 293 3870 cant
312 3831 381 3869 ex
404 3812 1011 3885 praeconsideratione,
1036 3811 1206 3867 aliter
1225 3812 1327 3884 qui
1357 3829 1425 3868 ex
1450 3829 1815 3886 praeoccupa-

154 3903 331 3971 tione,
357 3901 524 3958 aliter
553 3902 652 3974 qui
683 3900 743 3956 in
776 3901 1067 3974 pluribus,
1092 3900 1262 3957 aliter
1282 3901 1460 3974 quiin
1484 3918 1622 3972 uno,
1645 3900 1815 3959 aliter

156 3991 259 4063 qui
295 3990 516 4047 faciunt
547 3991 703 4063 quod
752 4008 870 4047 non
921 3991 1218 4059 deberent,
1251 3989 1421 4046 aliter
1448 3991 1549 4063 qui
1580 4008 1695 4047 non
1728 3991 1812 4047 fa-

156 4081 323 4135 ciunt
351 4080 508 4152 quod
539 4080 838 4147 deberent,
863 4080 1017 4152 quod
1062 4082 1153 4134 est
1191 4078 1491 4134 delictum.
1517 4079 1626 4146 Qui
1655 4079 1813 4135 enim

158 4165 362 4223 fortior
381 4171 438 4222 et
458 4166 779 4238 sapientior
807 4172 915 4233 est,
934 4165 1023 4221 vel
1054 4167 1153 4238 qui
1189 4171 1389 4239 peccat
1412 4183 1481 4222 ex
1510 4167 1817 4241 praeconsi-

159 4253 578 4322 deratione,vel
595 4255 695 4326 qui
715 4258 916 4326 peccat
932 4253 991 4309 in
1012 4253 1397 4327 pluribus,vel
1416 4254 1517 4327 qui
1534 4257 1670 4312 facit
1685 4272 1817 4313 con-

158 4350 253 4400 tra
273 4346 626 4416 praeceptum
651 4342 978 4410 manifeste,
1003 4343 1238 4416 gravius
1260 4345 1596 4418 arguendus
1621 4349 1727 4403 est.
1751 4346 1817 4402 At

158 4435 212 4491 si
239 4434 416 4499 homo,
449 4431 508 4486 id
540 4435 629 4487 est
658 4431 902 4505 fragilis,
933 4434 1107 4504 fuerit
1149 4440 1562 4505 praeoccupatus
1598 4434 1814 4502 subito,

1928 527 2214 585 Dominus
2244 528 2500 597 Petrum,
2526 526 2849 601 principem
2872 527 3294 600 apostolorum.
3320 529 3580 600 primum

1928 617 2197 689 permisit
2217 618 2440 685 cadere,
2459 622 2523 673 ut
2541 617 2810 673 videlicet
2838 617 2896 673 in
2930 617 3122 690 seipso
3152 617 3402 675 disceret
3430 635 3582 691 quo-

1926 705 2100 760 modo
2123 706 2347 762 caeteris
2370 705 2631 762 misereri
2655 706 2907 762 deberet.
2927 706 3095 773 Alter,
3114 705 3328 778 inquit,
3350 705 3580 763 alterius

1924 810 2091 850 onera
2116 803 2342 867 portate,
2382 802 2437 852 et
2473 797 2555 851 sic
2601 794 2974 866 adimplebitis
3004 794 3176 864 legem
3225 793 3449 851 Christi.
3482 795 3582 852 Est

1924 899 2075 939 onus
2106 888 2498 956 peccatorum,
2523 889 2581 939 et
2616 887 2707 940 est
2743 899 2893 939 onus
2942 882 3381 953 necessitatum,
3405 886 3495 940 est
3521 886 3581 941 et

1925 988 2072 1028 onus
2094 972 2520 1028 molestiarum.
2545 972 2707 1028 Onus
2729 988 2885 1044 ergo,
2920 971 3128 1028 fratres
3158 971 3575 1044 mei,peccato-

1923 1078 2055 1116 rum
2073 1060 2321 1134 proximi
2340 1065 2662 1134 portemus,
2678 1077 2782 1133 pro
2798 1060 2883 1118 eis
2899 1060 3247 1129 orando,eos
3263 1060 3578 1135 corripien-

1923 1150 1996 1205 do
2018 1156 2074 1206 et
2091 1151 2161 1206 ad
2184 1150 2656 1206 emendationem
2679 1150 2957 1207 vocando.
2973 1149 3068 1207 Sic
3087 1148 3244 1206 enim
3268 1150 3400 1207 fecit
3418 1149 3580 1207 Chri-

1921 1243 2071 1306 stus,
2087 1239 2186 1311 qui
2210 1257 2325 1295 non
2344 1239 2535 1296 solum
2559 1244 2797 1313 peccata
2818 1243 3021 1296 nostra
3034 1237 3190 1306 tulit,
3207 1239 3579 1308 orando,cor-

1920 1328 2206 1400 ripiendo,
2236 1334 2292 1384 et
2336 1330 2408 1384 ad
2457 1328 2928 1384 emendationem
2959 1328 3244 1394 vocando,
3263 1329 3364 1385 sed
3396 1328 3576 1387 etiam

1918 1432 2151 1488 poenam
2182 1434 2286 1489 pro
2333 1417 2419 1473 eis
2448 1416 2510 1472 in
2544 1433 2650 1472 suo
2700 1432 2940 1489 corpore
2970 1417 3277 1489 portando.
3306 1416 3436 1489 Ipse
3487 1419 3579 1474 est

1917 1506 2120 1577 Agnus
2141 1506 2241 1578 qui
2276 1505 2412 1562 tulit
2439 1509 2677 1578 peccata
2706 1504 2912 1561 mundi
2946 1505 3121 1577 (Joan.
3143 1504 3208 1576 ι).
3241 1504 3403 1562 Onus
3435 1522 3577 1579 quo-

1919 1610 2034 1666 que
2064 1593 2481 1650 necessitatum
2515 1592 2763 1666 proximi
2793 1598 3118 1666 portemus,
3149 1593 3279 1665 ejus
3308 1592 3578 1667 indigen-

1916 1682 2016 1739 tiis
2065 1687 2123 1740 et
2171 1682 2590 1740 afflictionibus
2634 1681 3065 1756 compatiendo,
3106 1681 3469 1740 consulendo
3517 1686 3579 1742 et

1919 1773 2339 1829 subveniendo.
2365 1772 2460 1829 Sic
2490 1771 2647 1829 enim
2678 1772 2816 1829 fecit
2838 1776 2897 1828 et
2924 1770 3123 1829 docuit
3149 1770 3439 1841 Christus,
3471 1770 3576 1845 qui

1919 1860 2261 1934 indigentiis
2281 1865 2339 1918 et
2359 1860 2777 1917 afﬂictionibus
2798 1860 3079 1919 humanis
3094 1876 3443 1934 compassus
3461 1863 3576 1932 est,

1917 1949 2216 2007 consuluit
2268 1954 2327 2007 et
2382 1950 2672 2006 subvenit.
2724 1949 2886 2007 Onus
2933 1950 3112 2007 etiam
3167 1948 3574 2007 molestiarum

1917 2039 2167 2113 proximi
2205 2040 2389 2097 nostri
2433 2044 2756 2113 portemus,
2787 2037 3243 2112 indignationes,
3276 2041 3576 2096 contume-

1918 2129 2029 2186 lias
2051 2135 2107 2187 et
2136 2129 2384 2201 injurias
2406 2129 2481 2185 ab
2503 2128 2621 2185 illis
2643 2128 2815 2186 nobis
2839 2127 3033 2185 illatas
3053 2127 3459 2201 aquanimiter
3475 2143 3575 2201 pa-

1915 2219 2133 2287 tiendo,
2166 2223 2223 2275 et
2252 2235 2356 2291 pro
2386 2218 2472 2275 eis
2503 2217 2818 2274 affectuose
2856 2216 3097 2274 orando.
3121 2216 3219 2274 Sic
3249 2215 3406 2273 enim
3436 2215 3573 2274 fecit

1916 2312 1974 2364 et
2002 2308 2202 2364 docuit
2239 2307 2528 2376 Christus,
2553 2306 2653 2378 qui
2702 2309 3142 2379 persecutorum
3173 2305 3328 2374 odia,
3360 2308 3571 2363 contu-

1916 2396 2122 2453 melias
2147 2399 2206 2452 et
2232 2395 2484 2468 injurias
2506 2411 2717 2468 passus
2739 2398 2796 2451 et
2815 2410 3167 2467 compaseus
3186 2397 3295 2463 est,
3319 2394 3572 2451 reddens

1914 2502 2019 2557 pro
2048 2483 2180 2540 odio
2227 2482 2620 2551 dilectionem,
2650 2500 2755 2556 pro
2803 2481 3176 2540 contumeliis
3223 2481 3570 2554 orationem,

1913 2591 2018 2647 pro
2047 2572 2282 2646 injuriis
2327 2572 2792 2638 beneficentiam.
2822 2570 2885 2628 Si
2927 2572 3050 2644 quis
3101 2578 3305 2639 autem,
3352 2569 3569 2644 inquit,

1910 2665 2191 2719 existimat
2216 2678 2274 2718 se
2303 2661 2517 2734 aliquid
2534 2676 2646 2717 esse
2667 2662 2814 2732 (cum
2832 2660 2984 2716 nihil
3011 2660 3107 2728 sit)
3128 2661 3244 2732 ipse
3264 2675 3322 2716 se
3340 2659 3568 2717 seducit.

1911 2750 2292 2816 Generaliter,
2326 2749 2534 2805 fratres
2593 2748 2731 2816 mei,
2776 2748 2886 2804 hoc
2940 2763 3145 2804 verum
3202 2750 3311 2817 est,
3344 2746 3487 2820 quia
3519 2745 3572 2807 si

1910 2838 2044 2911 quis
2068 2855 2130 2895 se
2152 2838 2451 2895 existimat
2471 2836 2695 2908 aliquid
2725 2852 2874 2904 esse,
2898 2835 2957 2891 in
2980 2852 3096 2908 quo
3127 2834 3277 2893 nihil
3307 2839 3418 2906 est,
3438 2834 3573 2909 ipse

1909 2928 2113 3000 utique
2135 2943 2198 2983 se
2219 2925 2464 2983 seducit.
2489 2924 2550 2982 Si
2579 2925 2713 2998 quis
2734 2925 2989 2981 aestimat
3014 2940 3076 2980 se
3106 2941 3223 2981 non
3246 2939 3414 2997 egere
3435 2922 3575 2985 alio.

1909 3034 2041 3073 rum
2072 3014 2309 3084 auxilio,
2346 3013 2474 3088 ipse
2505 3031 2567 3071 se
2595 3013 2842 3070 seducit.
2869 3013 2929 3070 Si
2962 3012 3098 3086 quis
3124 3011 3378 3070 testimat
3405 3027 3469 3070 se
3497 3028 3587 3070 ex.

1908 3105 2135 3163 meritis
2188 3103 2314 3161 suis
2371 3102 2596 3175 aliquid
2648 3118 2777 3160 esse
2811 3098 2903 3159 vel
2962 3105 3231 3176 respectu
3288 3100 3567 3170 aliorum,

1912 3196 2036 3267 ipse
2078 3211 2141 3250 se
2190 3191 2420 3250 seducit
2451 3209 2465 3248 :
2500 3193 2569 3248 Et
2595 3190 2959 3264 hujusmodi.
2993 3190 3136 3265 Opus
3181 3206 3344 3248 suum
3380 3190 3570 3264 probet

1912 3284 2304 3355 unusquisque,
2333 3289 2384 3337 et
2411 3282 2491 3337 sic
2519 3280 2758 3350 gloriam
2788 3282 2852 3336 in
2877 3281 3054 3353 seipso
3081 3287 3300 3336 tantum
3326 3278 3568 3349 habebit,

1912 3380 1963 3429 et
1989 3388 2100 3428 non
2134 3372 2193 3427 in
2222 3371 2414 3426 altero.
2445 3369 2618 3425 Porro
2667 3386 2816 3442 opus
2862 3369 3112 3442 probum
3155 3372 3214 3425 et
3257 3368 3575 3441 probatum

1914 3465 2026 3530 est,
2042 3460 2279 3533 quando
2300 3463 2359 3515 et
2380 3458 2440 3514 in
2463 3474 2673 3533 genere
2693 3461 2782 3514 est
2805 3458 3049 3526 bonum,
3065 3456 3204 3515 etin
3227 3456 3571 3527 intentione,

1916 3554 1973 3606 et
1993 3567 2027 3606 a
2047 3566 2196 3605 vana
2219 3547 2407 3621 gloria
2423 3547 2514 3604 vel
2546 3546 2823 3621 superbia
2841 3550 2931 3604 est
2948 3547 3378 3620 incorruptum.
3401 3543 3575 3604 Multi

1918 3639 2137 3712 quippe
2158 3637 2380 3694 faciunt
2401 3653 2551 3710 opus
2572 3637 2791 3693 bonum
2816 3636 2877 3692 in
2893 3652 3126 3710 genere,
3140 3636 3243 3693 sed
3259 3635 3575 3694 distortum

1916 3726 2272 3796 intentione;
2307 3730 2373 3782 ut
2430 3725 2527 3783 ille
2558 3726 2659 3799 qui
2690 3726 2829 3783 facit
2855 3725 3286 3800 eleemosynam
3339 3728 3581 3799 propter

1916 3833 2127 3873 vanam
2156 3815 2567 3872 intentionem.
2592 3814 2761 3871 Multi
2784 3831 3021 3889 quoque
3044 3814 3269 3872 faciunt
3296 3830 3446 3888 opus
3473 3813 3579 3872 bo-

1920 3923 2065 3962 num
2084 3905 2147 3961 in
2173 3920 2405 3979 genere,
2419 3907 2475 3960 et
2495 3908 2721 3960 rectum
2745 3903 3091 3970 intentione,
3106 3903 3210 3960 sed
3231 3905 3579 3977 corruptum

1920 4012 1956 4051 a
1981 4011 2133 4050 vana
2160 3993 2348 4066 gloria
2393 3991 2483 4049 vel
2530 3991 2827 4064 superbia,
2859 3999 2923 4049 ut
2953 3991 3190 4064 quando
3238 3989 3463 4047 scilicet
3508 4005 3581 4047 ex

1921 4082 2101 4140 latere
2131 4098 2193 4138 se.
2223 4080 2498 4154 adjungit
2524 4096 2674 4136 vana
2702 4079 2888 4153 gloria
2918 4078 2978 4135 in
3011 4079 3299 4149 faciendo,
3324 4077 3416 4134 vel
3444 4081 3580 4151 post

1922 4170 2420 4236 factum.Quando
2451 4172 2649 4225 autem
2678 4167 2740 4225 in
2786 4169 2916 4241 ipsa
2961 4167 3283 4225 intentione
3312 4168 3404 4224 est
3429 4182 3581 4225 vana

1923 4260 2128 4334 gloria,
2150 4258 2286 4315 facti
2319 4262 2460 4315 sunt
2488 4257 2690 4315 hostes
2728 4256 2790 4313 in
2833 4257 3054 4330 capite;
3085 4257 3324 4330 quando
3351 4271 3484 4314 vero
3514 4270 3579 4315 se

1925 4347 2197 4422 adjungit
2226 4351 2396 4404 rectis
2427 4345 2738 4403 intentioni
2765 4349 2998 4415 nostrae,
3015 4347 3187 4419 juxta
3210 4345 3322 4403 iter
3339 4344 3582 4403 scanda-

1925 4438 2049 4495 lum
2076 4439 2400 4511 posuerunt
2418 4435 2589 4493 nobis
2607 4436 2783 4504 (Psal.
2808 4435 3062 4508 cxxxix);
3085 4435 3322 4509 quando
3341 4450 3476 4492 vero
3496 4449 3584 4492 se-

164 4538 279 4577 non
310 4522 371 4576 in
403 4520 692 4616 pluribus,
717 4521 819 4576 sed
842 4520 1130 4616 inualiquo
1152 4520 1382 4616 delicto,
1405 4538 1498 4579 vos
1527 4525 1627 4596 qui
1651 4525 1817 4596 spiri-
1846 4550 1895 4616 D
1926 4527 2129 4600 quitur
2157 4530 2289 4600 post
2317 4525 2559 4592 factum,
2594 4523 2865 4581 calcaneo
2896 4528 3095 4581 nostro
3122 4522 3402 4616 insidiati-
3415 4525 3580 4582 sunt.

161 4612 338 4668 tuales
367 4612 517 4677 estis,
542 4611 614 4666 ad
637 4627 785 4683 quos
807 4610 1030 4666 scilicet
1048 4611 1300 4682 pertinet
1319 4616 1625 4684 peccantes
1647 4612 1821 4668 corri-

162 4718 319 4775 gere,
344 4702 608 4756 instruite
635 4700 973 4771 hujusmodi,
1006 4703 1062 4755 et
1096 4699 1204 4756 hoc
1235 4703 1293 4756 in
1323 4702 1525 4773 spiritu
1559 4703 1823 4772 lenitatis,

163 4808 279 4846 non
315 4807 414 4846 eos
435 4788 659 4845 scilicet
678 4789 997 4845 deridendo
1022 4788 1109 4845 vel
1131 4790 1506 4862 exsecranda,
1526 4789 1615 4847 vel
1639 4791 1709 4846 ad
1733 4791 1827 4847 de-

164 4880 559 4951 sperationem
589 4879 957 4951 provocando
979 4882 1065 4947 (ut
1088 4879 1327 4952 quidam
1351 4878 1583 4952 solent),
1605 4881 1706 4936 sed
1728 4897 1823 4952 po-

164 4969 288 5025 tius
310 4969 380 5024 ad
405 4967 805 5040 pmnitentiam
829 4967 1092 5040 exemplo
1127 4973 1496 5040 peccatorum
1518 4985 1822 5025 converso-

168 5074 301 5113 rum
334 5056 642 5127 trahendo,
662 5062 722 5114 et
742 5056 973 5113 veniam
1002 5057 1414 5129 promittendo.
1438 5058 1821 5127 Considerans,

171 5144 384 5217 inquit,
418 5147 669 5216 teipsum,
698 5164 767 5202 ne
797 5154 848 5202 et
877 5155 938 5202 tu
969 5147 1211 5202 tentcris.
1253 5148 1333 5201 Ac
1363 5145 1412 5201 si
1443 5147 1599 5203 dicat
1630 5163 1644 5202 :
1679 5148 1825 5203 Cum

173 5235 512 5291 consideras
543 5234 832 5305 homines,
850 5236 1157 5292 considera
1183 5253 1417 5307 quoque
1444 5236 1827 5310 teipsum,qui

176 5324 352 5379 hcine
382 5328 439 5379 et
470 5323 693 5396 fragilis
741 5342 826 5397 es,
857 5331 916 5381 et
945 5325 1219 5382 similiter
1265 5330 1430 5397 potes
1478 5326 1707 5393 tentari,
1737 5325 1825 5383 vel

166 5415 295 5487 jam
322 5417 581 5469 tentatus
601 5429 683 5468 es.
707 5414 776 5469 Et
806 5414 864 5470 in
893 5420 948 5471 te
980 5415 1240 5480 addisce,
1265 5414 1460 5486 qualis
1489 5414 1641 5471 inter
1668 5420 1830 5471 caete-

176 5520 274 5560 ros
303 5518 431 5560 esse
460 5502 656 5558 debes.
679 5501 836 5558 Nihil
863 5504 1043 5571 enim,
1069 5505 1279 5561 fratres
1308 5503 1664 5572 charissimi,
1693 5503 1828 5577 plus

177 5596 369 5651 movet
405 5589 705 5649 hominem
753 5591 826 5648 ad
886 5591 1160 5667 pietatem
1220 5596 1278 5652 et
1337 5591 1826 5669 compassionem,

499 5717 585 5782 Ps
593 5732 767 5787 nos.
820 5716 989 5785 CLV.

1929 4615 2037 4684 Qui
2067 4631 2204 4688 ergo
2234 4631 2385 4688 opus
2413 4629 2590 4670 suum
2622 4613 2832 4685 probat
2860 4612 2921 4668 in
2954 4628 3184 4686 genere,
3208 4616 3267 4668 et
3296 4611 3357 4667 in
3387 4610 3585 4669 inten-

1932 4705 2109 4772 tione,
2142 4708 2201 4761 et
2240 4704 2300 4759 in
2339 4701 2800 4772 conservatione,
2832 4699 2950 4770 ille,
2982 4699 3196 4773 inquit,
3234 4699 3483 4775 gloriam
3521 4698 3587 4758 in

1933 4794 2127 4866 seipso
2148 4796 2380 4849 tantum
2403 4790 2642 4847 habebit
2660 4808 2672 4846 :
2688 4790 2813 4846 Non
2836 4789 2918 4846 ait
2943 4806 2978 4846 a
3007 4788 3225 4862 seipso,
3241 4788 3381 4862 quia
3405 4805 3441 4845 a
3467 4788 3585 4846 Deo

1930 4887 2164 4938 tantum
2195 4880 2383 4955 gloria
2409 4896 2547 4937 vera
2570 4883 2687 4948 est;
2720 4879 2823 4937 sed
2861 4878 2924 4935 in
2962 4877 3111 4952 ipso,
3134 4877 3195 4934 id
3224 4882 3334 4947 est,
3356 4878 3418 4934 in
3447 4893 3589 4935 con-

1932 4971 2179 5028 scientia
2207 4986 2335 5038 sua,
2366 4986 2486 5025 non
2531 4972 2712 5025 extra.
2735 4968 2898 5035 Quod
2944 4983 3240 5041 exponens
3287 4966 3507 5035 subdit,
3537 4972 3591 5024 et

1930 5077 2041 5117 non
2066 5062 2127 5116 in
2142 5061 2334 5126 altero,
2348 5058 2408 5115 id
2431 5062 2520 5137 est
2546 5075 2662 5114 non
2685 5073 2755 5113 ex
2776 5056 3067 5114 malorum
3085 5054 3173 5113 vel
3196 5056 3396 5114 minus
3416 5056 3593 5114 bonn-

1934 5166 2066 5205 rum
2098 5146 2552 5220 comparatione,
2574 5145 2663 5203 vel
2714 5163 2784 5202 ex
2831 5144 3202 5202 adulatorum
3231 5144 3586 5215 laudatione,

1936 5242 2002 5293 ut
2030 5236 2293 5311 plerique
2335 5235 2577 5303 faciunt,
2604 5234 2714 5291 sibi
2754 5233 3002 5308 gloriam
3031 5233 3415 5292 attribuentes
3442 5251 3456 5290 :
3479 5232 3589 5300 Qui

1936 5325 2090 5383 enim
2123 5325 2206 5381 ita
2235 5323 2540 5398 gloriatur,
2577 5322 2883 5396 decipitur.
2906 5323 2970 5380 Ai
3000 5323 3100 5397 qui
3130 5324 3203 5381 de
3227 5323 3380 5381 bono
3411 5321 3524 5380 sibi
3554 5338 3592 5379 a

1938 5420 2051 5471 Deo
2072 5415 2228 5483 dato,
2256 5411 2543 5487 gloriatur
2564 5412 2626 5468 in
2650 5416 2782 5486 Deo,
2806 5412 2962 5486 apud
2987 5413 3251 5487 seipsum
3272 5412 3419 5468 bene
3447 5409 3588 5484 agit.

1936 5504 2100 5562 Unde
2127 5502 2442 5577 Apostolus
2472 5519 2486 5558 :
2520 5501 2728 5570 Gloria,
2758 5501 2971 5576 inquit,
3003 5511 3194 5560 nostra
3221 5499 3597 5558 testimonium

1935 5602 2012 5658 est
2066 5593 2420 5657 conscientiae
2470 5600 2674 5654 nostris
2704 5592 2777 5671 (ll
2800 5594 2926 5653 Ger.
2957 5594 3021 5669 ι).
3062 5588 3344 5665 Nunquid
3398 5586 3596 5666 majus

3194 5715 3276 5786 63
