3974 6076
452 278 610 342 2059

1453 276 1850 339 ADDENDA.
1884 309 1963 322 —
1994 274 2390 340 RADULPHI
2432 276 2846 342 ABDENTIS.

3720 256 3933 337 suam

452 413 676 469 malum
703 410 793 467 vel
823 411 1022 468 minus
1053 412 1275 468 bonum
1305 411 1555 467 aliorum
1581 415 1671 467 est
1699 410 1829 467 laus
1858 411 2097 467 nostra?
2123 410 2179 478 Α
2208 409 2365 466 libus
2411 415 2765 469 sustentant.
2796 413 2907 468 Sed
2950 411 3089 485 quia
3118 411 3356 485 quidam
3414 410 3657 468 subditi
3720 413 3863 466 avari

450 501 729 558 minime:
758 502 1133 574 Unusquisque
1158 501 1309 556 enim
1336 515 1471 556 onus
1497 516 1661 556 suum
1684 501 1946 572 portabit.
1970 501 2098 556 Non

449 593 538 648 est
558 593 775 657 autem,
798 589 1027 656 fratres,
1050 589 1161 645 hoc
1190 588 1550 645 contrarium
1575 589 1625 644 ei
1648 590 1804 661 quod
1827 588 2098 661 superius

449 679 670 736 dictum
701 682 811 748 est,
848 679 988 734 alter
1025 679 1255 734 alterius
1284 693 1451 735 onera
1500 685 1730 750 portate.
1762 682 1882 733 Hoc
1939 677 2095 734 enim

447 768 673 825 dictum
694 770 784 824 est
802 770 1003 823 contra
1022 765 1157 822 illos
1186 765 1307 839 qui,
1324 783 1393 823 ex
1421 766 1610 823 alieno
1641 771 1896 839 peccato,
1920 783 1983 823 se
2004 766 2095 823 vel

445 856 674 914 laudari
716 855 806 912 vel
852 854 1139 912 maculari
1188 859 1414 928 putant.
1468 855 1889 928 Unusquisque
1936 856 2095 912 enim

447 963 619 1016 onus,
641 945 702 1002 id
728 948 817 1003 est
837 961 1070 1017 poenam
1094 944 1407 1002 sustinebit
1436 961 1539 1018 pro
1565 949 1801 1018 peccato
1825 961 1952 1013 suo,
1978 961 2094 1001 non

447 1034 657 1103 alieno,
682 1034 743 1090 ni
777 1033 925 1090 forte
969 1033 1226 1090 alienum
1277 1037 1581 1105 peccatum
1611 1048 1716 1106 per
1743 1050 2094 1089 consensum

445 1123 534 1182 vel
564 1139 669 1197 per
696 1122 989 1179 incuriam
1009 1121 1180 1179 faciat
1208 1139 1402 1179 suum.
1428 1121 1577 1178 Illud
1606 1138 1740 1178 vero
1764 1121 1987 1178 dictum
2005 1126 2097 1179 est

447 1216 651 1270 contra
697 1211 828 1269 illos
883 1211 985 1284 qui
1043 1212 1186 1268 adeo
1241 1211 1373 1267 duri
1431 1215 1590 1281 sunt,
1616 1211 1770 1283 quod
1828 1211 2097 1267 nesciunt

448 1302 701 1375 compati
772 1301 1173 1374 proximorum
1239 1299 1572 1373 indigentiae
1625 1300 1716 1356 vel
1771 1300 2090 1373 fragilitati.

398 1422 407 1429 -
446 1391 565 1448 Nos
588 1422 594 1429 ο
621 1405 875 1463 quoque,
906 1389 1137 1459 fratres,
1169 1390 1250 1445 ita
1293 1389 1724 1463 compatiamur
1778 1390 2093 1463 peccatori-

446 1479 579 1549 bus,
613 1479 769 1552 quod
800 1494 1002 1535 eorum
1033 1478 1286 1551 peccatis
1328 1495 1433 1552 per
1472 1495 1826 1535 consensum
1857 1496 1973 1536 non
2003 1479 2092 1535 in-

442 1558 775 1637 volvamur‘,
801 1571 858 1624 et
898 1567 981 1623 ita
1031 1567 1392 1641 refugiamus
1441 1567 1839 1640 proximorum
1889 1585 2090 1642 pecca-

442 1656 520 1713 tis
564 1656 798 1726 involvi,
833 1657 987 1728 quod
1019 1655 1104 1713 eis
1151 1673 1254 1728 per
1300 1656 1769 1730 compassionem
1816 1658 2093 1730 approxi-

442 1762 694 1804 ωθωιιε.

450 1842 455 1849 ’
514 1836 795 1908 Sequitur
813 1851 950 1909 pars
970 1834 1163 1904 tertia,
1186 1834 1246 1891 in
1268 1851 1386 1908 qua
1414 1834 1673 1908 praecipit
1691 1835 2004 1906 Apostolus
2026 1839 2091 1892 ut

442 1924 662 1982 subditi
694 1925 895 1980 omnia
923 1925 1077 1980 bona
1097 1940 1205 1980 sua
1225 1924 1663 1980 communicent
1684 1923 2091 1997 spiritualibus

441 2012 742 2088 magistris
798 2012 943 2080 suis,
974 2013 1220 2070 dicens:
1266 2012 1635 2070 Communicet
1661 2021 1841 2070 autem
1894 2016 1941 2070 is
1996 2016 2094 2087 qui

440 2104 820 2168 catechizatur,
854 2101 912 2157 id
959 2105 1050 2158 est
1077 2101 1412 2169 instruitur,
1436 2102 1614 2169 verbo,
1648 2104 1702 2159 ei
1728 2105 1826 2175 qui
1851 2119 1909 2159 se
1953 2110 2092 2159 cate-

440 2190 621 2248 ehizat
651 2191 713 2246 in
741 2190 1013 2257 omnibus,
1048 2190 1203 2261 quod
1250 2189 1428 2245 etiam
1475 2188 1760 2245 Dominus
1800 2188 1861 2244 in
1904 2190 2089 2246 Evan-

440 2279 591 2353 gelio
621 2277 902 2351 praecipit,
931 2277 1156 2344 Quare?
1194 2276 1409 2350 triplici
1447 2277 1691 2334 ratione.
1714 2278 1909 2335 Primo
1951 2278 2092 2352 quia

443 2367 709 2425 debitum
736 2369 844 2423 est.
868 2365 1032 2422 Unde
1061 2366 1384 2422 Dominus:
1417 2366 1667 2435 Edentes,
1690 2366 1902 2440 inquit,
1925 2376 1979 2424 et
2005 2370 2089 2424 bi-

443 2457 623 2513 bentes
649 2470 775 2527 quae
801 2453 947 2527 apud
974 2455 1101 2511 illos
1126 2461 1273 2510 sunt.
1295 2455 1505 2525 Dignus
1527 2463 1607 2511 est
1633 2456 1782 2511 enim
1805 2458 2090 2528 operarius

438 2546 560 2602 cibo
613 2559 710 2601 suo
757 2543 908 2617 (Luc.
938 2546 1019 2612 χ.)
1052 2542 1121 2597 Et
1146 2541 1461 2615 Apostolus
1493 2559 1507 2599 :
1537 2545 1605 2600 Si
1644 2545 1814 2611 vobis,
1874 2544 2086 2617 inquit,

437 2632 760 2707 spiritualia
811 2632 1204 2689 seminavimus
1261 2649 1279 2686 :
1333 2648 1600 2701 magnum
1662 2640 1740 2689 est
1799 2635 1854 2689 si
1910 2642 2090 2691 vestra

435 2723 689 2779 carnalia
733 2728 1000 2778 metamus
1023 2723 1053 2775 ?
1087 2720 1132 2793 (Ι
1162 2719 1283 2777 Cor.
1316 2723 1420 2789 ιιι.)
1449 2721 1516 2776 Et
1559 2720 1842 2778 Dominus
1892 2722 1953 2778 in
2002 2722 2088 2780 le-

436 2827 507 2887 ge
540 2828 552 2868 :
587 2816 711 2870 Non
760 2811 1040 2881 alligabis,
1072 2808 1285 2882 inquit,
1319 2825 1374 2865 os
1414 2810 1536 2866 bovi
1588 2812 1881 2868 trituranti
1908 2814 2083 2881 (Deut.

434 2904 589 2971 xxv).
623 2900 889 2957 Secundo
942 2898 1082 2972 quia
1138 2897 1450 2971 expediens
1506 2902 1614 2956 est.
1649 2899 1709 2956 Si
1768 2901 1924 2957 enim
1983 2917 2085 2958 ne-

437 3006 599 3048 cesse
627 2993 782 3046 esset
811 2985 1178 3061 spiritualem
1218 2986 1569 3069 magistrum
1608 3004 1737 3044 esse
1767 2988 2084 3046 sollicitum

435 3097 541 3154 pro
571 3077 918 3137 necessariis
974 3076 1255 3149 corporis,
1301 3075 1684 3149 impediretur
1731 3094 1765 3134 a
1815 3078 2080 3149 lectione,

2205 498 2395 556 solent
2424 516 2486 556 se
2516 517 2793 557 excusare
2836 518 2941 574 per
2966 501 3245 573 inopiam,
3273 499 3475 557 subdit
3508 515 3527 556 :
3557 500 3759 557 Nolite
3786 517 3862 555 ετ-
3932 498 3933 573 l

2203 604 2349 657 rare,
2376 590 2516 645 Deus
2555 606 2671 645 non
2715 590 2997 659 irridetur,
3031 589 3199 662 quasi
3256 589 3414 645 dicat
3466 589 3861 644 excusando:

2204 677 2319 733 Vos
2347 676 2645 734 hominem
2679 677 2874 735 fallere
2918 679 3180 751 potestis,
3215 695 3328 735 non
3377 678 3595 734 Deum.
3630 678 3715 733 Et
3744 694 3863 751 pro-

2203 769 2398 840 pterea
2429 767 2585 823 bona
2612 784 2737 840 quae
2786 767 3050 840 potestis,
3083 769 3274 823 facere
3315 766 3565 833 debetis,
3588 766 3749 838 quia
3780 766 3863 838 qui

2203 854 2264 910 in
2294 854 2404 910 hac
2431 854 2552 911 vita
2580 871 2696 911 non
2728 855 2981 912 seminat
3008 856 3181 923 bona,
3216 855 3275 911 in
3306 854 3422 911 alia
3448 855 3579 911 vita
3610 871 3747 910 non
3778 872 3866 927 po-

2202 947 2319 1000 test
2346 947 2563 1000 metere
2594 945 2763 1001 bona.
2789 944 2953 1001 Unde
2989 948 3047 1001 et
3088 944 3325 1001 subdit:
3351 945 3487 1013 Qua
3515 946 3684 1000 enim
3710 947 3867 999 semi-

2200 1033 2417 1089 naverit
2434 1034 2610 1101 homo,
2638 1033 2757 1091 haec
2773 1041 2826 1090 et
2844 1041 3023 1090 metet.
3044 1032 3192 1090 Nam
3212 1035 3312 1105 qui
3326 1034 3570 1089 seminat
3588 1035 3659 1088 in
3679 1049 3866 1101 eam,

2202 1121 2262 1177 id
2291 1125 2381 1178 est
2407 1122 2509 1194 qui
2540 1122 2797 1179 carnalia
2826 1127 2883 1178 et
2911 1122 3067 1179 mala
3086 1139 3262 1196 opera
3281 1121 3439 1190 facit,
3460 1122 3532 1178 de
3560 1138 3750 1178 carne
3776 1139 3869 1178 me
3932 1121 3933 1163 Υ

2202 1219 2271 1267 tet
2298 1214 2720 1284 corruptionem,
2742 1210 2801 1266 id
2830 1216 2921 1268 est
2968 1228 3221 1284 poenam.
3253 1212 3319 1267 Et
3366 1213 3465 1284 qui
3510 1213 3777 1268 seminat
3818 1214 3868 1267 is
3932 1250 3933 1255 η

2199 1302 2425 1372 spiritu,
2456 1300 2513 1355 id
2545 1303 2631 1356 est
2682 1299 2781 1373 qui
2828 1301 3151 1356 secundum
3200 1298 3567 1356 voluntatem
3618 1301 3866 1373 spiritus

2201 1392 2493 1462 operatur,
2524 1388 2590 1445 de
2628 1390 2833 1461 spiritu
2883 1396 3045 1446 metet
3095 1391 3267 1446 vitam
3318 1396 3619 1447 «sternam.
3653 1391 3866 1446 Bonas

2199 1493 2326 1547 ergo
2353 1480 2617 1550 facientes
2643 1494 2756 1534 non
2783 1478 3119 1549 deﬁciamus.
3158 1480 3407 1551 Tempore
3434 1480 3596 1534 enim
3620 1494 3733 1535 suo
3760 1496 3865 1534 me.

2200 1574 2390 1635 temus,
2422 1583 2535 1624 non
2569 1566 2895 1637 deﬁcientes.
2928 1566 3105 1634 Quasi
3138 1566 3294 1623 dicat
3316 1583 3331 1625 :
3354 1567 3468 1634 Qui
3498 1583 3628 1623 non
3676 1568 3863 1624 deﬁcit

2200 1656 2259 1711 in
2290 1654 2562 1723 statione,
2586 1673 2703 1712 non
2724 1656 2957 1712 deﬁciet
2974 1656 3035 1712 in
3057 1657 3365 1713 messione.
3385 1659 3703 1714 Faciamus
3723 1673 3858 1728 ergo,

2200 1744 2410 1817 inquit,
2446 1746 2645 1801 bonum
2673 1744 2744 1801 ad
2772 1761 2979 1812 omnes,
3007 1744 3209 1818 sapple
3238 1746 3396 1819 quod
3430 1762 3791 1819 possumus,
3812 1752 3857 1801 et

2199 1834 2369 1906 cujus
2400 1850 2884 1908 unumquemque
2921 1851 3091 1909 egere
3116 1834 3404 1891 videmus.
3439 1836 3619 1902 Quod
3670 1840 3855 1891 autem

2196 1924 2448 1997 legitur:
2475 1926 2710 1995 Benefac
2742 1924 2910 1996 justo,
2942 1931 2997 1980 et
3038 1940 3146 1980 non
3193 1923 3409 1981 dederis
3458 1927 3643 1997 impio
3672 1926 3855 1996 (Sede.

2195 2013 2328 2085 xu);
2351 2030 2468 2068 non
2490 2016 2734 2080 naturae,
2759 2013 2860 2068 sed
2890 2012 3174 2085 impietati
3195 2012 3482 2068 auxilium
3505 2014 3773 2088 denegat
3793 2014 3859 2070 fa-

2197 2103 2491 2159 ciendum.
2521 2101 2633 2157 Sed
2663 2118 2798 2157 cum
2829 2101 3106 2158 omnibus
3144 2102 3485 2158 benefacere
3514 2103 3856 2169 debeamus,

2195 2193 2440 2247 maxime
2467 2199 2649 2247 tamen
2677 2191 2749 2246 ad
2778 2190 3093 2248 domesticos
3125 2190 3272 2263 ﬁdei.
3291 2190 3443 2247 Cum
3474 2191 3647 2247 enim
3679 2196 3739 2248 et
3764 2192 3857 2249 Ju-

2198 2280 2338 2337 dmis
2375 2283 2433 2336 et
2470 2279 2717 2353 paganis
2772 2280 2993 2336 bonum
3042 2280 3230 2336 facere
3274 2280 3637 2348 debeamus,
3670 2285 3853 2337 tamen

2196 2368 2485 2444 praecipue
2512 2368 2882 2433 Christianis,
2904 2372 2963 2426 et
2987 2368 3144 2427 inter
3170 2368 3331 2443 ipsos
3355 2368 3760 2436 Christianos,
3780 2370 3852 2427 eis

2196 2458 2299 2532 qui
2328 2457 2518 2532 magis
2563 2457 2945 2526 fraternitate,
2978 2456 3283 2531 sanguine,
3316 2457 3734 2515 familiaritate
3760 2476 3850 2514 no-

2195 2548 2286 2604 bis
2308 2546 2604 2620 conjuncti
2626 2551 2795 2617 sunt;
2829 2546 3159 2603 ordinatam
3182 2546 3339 2604 enim
3365 2547 3671 2603 debemus
3694 2547 3847 2604 habe-

2194 2652 2256 2693 re
2287 2635 2895 2708 charitatem.ltaque,
2948 2635 3178 2701 fratres,
3198 2634 3424 2691 viscera
3474 2635 3845 2710 benignitatis

2193 2728 2252 2780 et
2279 2723 2514 2797 pietatis
2532 2739 2672 2796 erga
2696 2739 2901 2780 omnes
2922 2722 3267 2793 habeamus,
3284 2725 3573 2795 juvantes
3600 2725 3759 2782 hunc
3776 2740 3844 2789 re,

2192 2812 2351 2869 hunc
2378 2812 2573 2882 verbo,
2607 2811 2765 2868 hunc
2796 2811 3174 2885 protectione,
3207 2812 3368 2869 hunc
3396 2812 3683 2883 consilio,
3708 2814 3846 2869 hunc

2191 2901 2571 2969 correctione,
2592 2899 2750 2957 hunc
2787 2901 3204 2970 admonitione,
3228 2917 3438 2958 omnes
3480 2919 3629 2959 vero
3658 2903 3847 2959 volun-

2189 2994 2308 3047 tate
2337 2992 2394 3047 et
2423 2988 2702 3059 oratione,
2732 2994 3023 3062 quatenus
3054 2990 3151 3047 hic
3180 2988 3341 3065 large
3368 2991 3766 3060 seminantes,
3795 2992 3847 3047 in

2191 3083 2406 3137 aeterna
2427 3078 2651 3153 largius
2671 3083 2889 3135 metere
2910 3096 3262 3148 mercamur,
3286 3096 3391 3152 per
3410 3079 3744 3137 Dominum
3762 3098 3847 3137 no-

437 3152 497 3227 ἐι
545 3168 806 3226 oratione
854 3170 912 3224 et
966 3165 1399 3240 praedicatione,
1429 3170 1487 3222 et
1541 3182 1576 3222 a
1631 3168 1854 3224 caeteris
1910 3168 2081 3242 spiri-
2111 3152 2155 3221 C
2192 3173 2381 3227 strum
2428 3152 2630 3225 Jesum
2660 3168 2981 3237 Christum,
3015 3168 3117 3242 qui
3156 3185 3291 3225 cum
3339 3167 3512 3224 Patre
3542 3174 3608 3225 et
3637 3170 3845 3243 Spiritu

436 3257 699 3317 tualibus
743 3255 977 3327 studiis,
1009 3255 1071 3311 in
1126 3255 1343 3327 quibus
1397 3259 1632 3328 propter
1686 3256 1955 3315 subditos
1986 3259 2086 3316 de-

436 3348 538 3406 bet
562 3346 822 3420 vigilare.
857 3345 1167 3418 Propterea
1196 3347 1263 3399 ut
1290 3346 1444 3399 esset
1472 3344 1776 3416 expeditus
1807 3347 1880 3402 ad
1909 3347 2087 3421 spiri-

436 3435 641 3505 tualia,
687 3433 962 3509 praecepit
1017 3432 1303 3489 Dominus
1332 3436 1397 3487 ut
1425 3448 1460 3487 a
1487 3433 1743 3490 subditis
1801 3436 2088 3510 acciperet

437 3523 966 3584 necessaria.Unde
995 3525 1053 3578 et
1075 3521 1137 3577 in
1162 3537 1230 3577 eo
1256 3521 1630 3594 superﬂuitas
1651 3523 1995 3595 capillorum
2027 3532 2087 3584 et

434 3615 630 3672 barba
660 3614 978 3676 resecatur,
1010 3626 1083 3665 ne
1109 3609 1304 3665 visum
1347 3608 1437 3665 vel
1474 3610 1765 3680 auditum,
1798 3613 1886 3670 vel
1918 3620 2084 3672 caete-

433 3720 531 3760 ros
559 3702 687 3774 ejus
716 3716 926 3757 sensus
956 3697 1300 3770 impediant,
1324 3702 1391 3754 ut
1436 3715 1540 3770 per
1585 3699 1695 3755 hoc
1731 3700 2022 3776 intelligat
2050 3723 2084 3761 a

432 3808 495 3849 se
525 3790 735 3846 debere
766 3786 1013 3844 resecari
1043 3785 1394 3843 exteriorum
1415 3802 1692 3843 curarum
1717 3792 2086 3863 superﬂuita-

429 3882 573 3937 tem.
592 3876 812 3944 Tertio,
841 3876 980 3949 quia
1026 3874 1168 3932 utile
1198 3879 1307 3932 est.
1332 3875 1484 3931 Utile
1512 3881 1603 3932 est
1632 3877 1789 3934 enim
1839 3881 2080 3939 saecula-

429 3969 594 4026 ribus
620 3965 908 4040 personis,
934 3968 1017 4035 ut,
1045 3980 1147 4038 per
1169 3963 1773 4023 subministrationem
1795 3971 2083 4043 tempora-

426 4058 599 4126 lium,
632 4073 694 4113 se
722 4054 1033 4129 participes
1062 4054 1278 4110 faciant
1311 4054 1654 4111 meritorum
1684 4056 2078 4129 spiritualium

313 4135 318 4140 ’
424 4147 706 4205 virorum.
734 4144 898 4201 Unde
947 4143 1236 4200 Dominus
1270 4159 1283 4198 :
1317 4144 1430 4213 Qui
1471 4146 1685 4217 recipit,
1716 4145 1929 4219 inquit,
1955 4166 2081 4221 pro-

422 4237 642 4310 phetam
673 4236 736 4290 in
762 4234 985 4290 nomine
1028 4233 1321 4305 prophetat,
1350 4232 1649 4289 mercedem
1674 4235 1958 4308 propheta;
1987 4256 2077 4294 ac-

424 4326 593 4398 cipiet
618 4323 830 4398 (Matth.
853 4322 932 4393 χ).
962 4321 1087 4377 Non
1129 4320 1212 4376 ait
1260 4320 1589 4376 mercedem
1638 4339 1742 4394 pro
1794 4326 2080 4399 propheta

425 4415 678 4486 recepto,
703 4412 804 4468 sed
826 4410 1155 4466 mercedem
1176 4408 1492 4482 prophetae.
1518 4410 1626 4476 Qui
1649 4411 1802 4467 enim
1835 4416 2079 4488 prophe-

2193 3261 2395 3315 sancto
2423 3256 2561 3314 vivit
2590 3261 2647 3313 et
2676 3260 2881 3331 regnat
2922 3257 3078 3315 Deus
3107 3273 3212 3331 per
3249 3256 3451 3313 omnia
3498 3257 3731 3315 saecula
3754 3276 3847 3315 ss:-

2192 3347 2481 3404 culorum.
2513 3348 2717 3403 Amen.

2725 3435 3031 3492 HOMILIA
3065 3434 3303 3492 XXXIII.

2333 3540 2613 3582 DOMINICA
2648 3539 2862 3580 DECIMA
2898 3541 3109 3588 QUINTA
3148 3541 3286 3581 POST
3328 3541 3716 3583 TRINITATEM.

2258 3620 2428 3673 Nemo
2450 3622 2623 3687 potest
2647 3613 2854 3670 duobus
2882 3613 3122 3670 dominis
3148 3615 3355 3670 servire
3381 3617 3613 3682 (Matth.
3648 3616 3749 3687 vi).
3774 3616 3849 3672 Si-

2188 3707 2289 3760 cut
2316 3721 2385 3761 ex
2414 3703 2521 3759 hac
2552 3702 2738 3759 sancti
2769 3701 3066 3776 Evangelii
3092 3702 3361 3770 lectione,
3386 3702 3610 3760 fratres
3639 3705 3846 3761 charis-

2188 3792 2346 3862 simi,
2379 3792 2548 3848 nobis
2594 3790 2883 3860 innuitur,
2914 3796 3034 3848 tres
3064 3795 3203 3848 sunt
3232 3791 3549 3847 hominum
3606 3794 3841 3867 species.

2185 3881 2295 3937 Alii
2328 3881 2484 3937 enim
2506 3879 2769 3937 serviunt
2783 3879 2924 3949 Deo,
2947 3879 3045 3935 alii
3074 3880 3316 3949 mundo,
3341 3879 3442 3936 alii
3474 3881 3727 3955 utrique
3743 3899 3845 3940 ser-

2184 3970 2304 4026 vire
2332 3969 2557 4037 volunt,
2590 3968 2693 4026 sed
2735 3985 2851 4025 non
2898 3973 3165 4042 possunt.
3200 3969 3374 4025 Porro
3405 3969 3529 4026 Deo
3562 3972 3839 4035 serviunt,

2185 4058 2285 4131 qui
2327 4058 2379 4114 ei
2429 4061 2549 4114 toto
2597 4058 2770 4114 corde
2799 4062 2858 4113 et
2885 4057 3286 4131 principaliter
3330 4058 3669 4127 adhaerent,
3702 4066 3758 4117 et
3796 4061 3837 4115 ei
3932 4054 3933 4061 “

2183 4148 2610 4219 obsequuntur.
2644 4149 2779 4213 Quae
2820 4146 3069 4203 servitus
3110 4148 3280 4203 beata
3325 4151 3384 4203 et
3429 4147 3839 4206 desiderabilis

2181 4240 2270 4294 est
2298 4240 2354 4293 et
2382 4235 2715 4304 benedicta;
2747 4252 2886 4291 nam
2930 4235 3217 4308 scriptum
3246 4240 3338 4292 est
3369 4252 3418 4291 τι(
3456 4241 3577 4293 Deo
3612 4240 3836 4304 servire,

2182 4342 2425 4399 regnare
2451 4330 2599 4381 est.»
2632 4325 2848 4380 Mundo
2875 4341 3007 4380 vero
3039 4324 3440 4397 serviunt,qui
3465 4325 3521 4381 ei
3546 4327 3839 4401 principa-

2180 4413 2315 4470 liter
2345 4413 2660 4483 adhaerent,
2685 4417 2741 4469 et
2781 4413 3205 4485 cupiditatibus
3234 4414 3682 4484 obsequuntur.
3718 4419 3835 4483 Qua

389 4506 549 4560 ‘tam
593 4500 684 4558 vel
708 4499 1172 4573 praedicatorem
1204 4501 1515 4567 sustentat,
1564 4515 1636 4555 ne
1691 4517 1727 4556 a
1783 4502 2074 4574 spirituali
2105 4522 2152 4588 Ι)
2182 4502 2429 4560 servitus
2460 4501 2661 4558 infelix
2700 4505 2790 4559 est
2835 4505 2893 4558 et
2942 4501 3174 4559 misera.
3197 4503 3347 4558 Nam
3378 4502 3688 4576 scriptum
3717 4512 3833 4562 est:

423 4608 596 4666 opere
634 4590 887 4659 deﬁciat,
922 4587 1355 4660 quodammodo
1404 4588 1731 4645 mercedem
1780 4593 2074 4665 prophetae
2106 4587 2134 4588 ί
2184 4594 2300 4665 Qui
2322 4593 2459 4665 facit
2490 4599 2788 4663 peccatum,
2820 4608 3009 4647 servus
3052 4599 3132 4648 est
3174 4593 3381 4664 peccati
3408 4592 3595 4664 (Joan.
3634 4595 3835 4663 vn).Et

422 4680 564 4738 facit
583 4696 773 4737 suam.
797 4677 944 4733 Hinc
966 4676 1249 4733 Dominus
1280 4693 1384 4749 per
1402 4676 1890 4750 significationem
1922 4682 2076 4739 inter

421 4769 598 4826 utiles
620 4768 709 4825 vel
753 4766 1082 4823 fructiferas
1132 4765 1388 4834 arbores,
1422 4764 1597 4821 etiam
1647 4765 1875 4825 ulmum
1906 4772 2073 4842 ponit

419 4859 623 4916 dicens
654 4875 757 4932 per
786 4856 997 4913 Isaiam
1032 4872 1046 4911 :
1078 4855 1225 4911 Dabo
1268 4856 1330 4910 in
1369 4854 1723 4912 solitudinem
1749 4858 1989 4927 cedrum,
2021 4869 2073 4918 et

416 4949 658 5018 spinam,
690 4954 741 5003 et
768 4953 1031 5019 myrtum,
1063 4951 1113 4999 et
1159 4943 1377 5012 lignum
1419 4944 1581 5000 olivae
1611 4962 1627 4998 :
1655 4959 1859 5016 ponam
1888 4950 1947 5003 in
1978 4949 2070 5005 de-

415 5042 556 5091 serto
614 5035 864 5103 abietem,
923 5034 1139 5090 ulmum
1191 5040 1241 5088 et
1299 5032 1506 5087 buxum
1557 5033 1733 5090 simul
1770 5036 1900 5104 (Isa.
1932 5039 2065 5111 xu).

418 5123 697 5189 Quamvis
727 5125 881 5179 enim
912 5123 1111 5179 ulmus
1143 5122 1220 5177 sit
1238 5120 1474 5187 sterilis,
1498 5126 1697 5179 tamen
1727 5124 1901 5181 vitem
1932 5143 2066 5183 cum

416 5209 709 5266 fructibus
730 5210 877 5266 solet
899 5212 1209 5267 sustinere.
1230 5209 1337 5264 Per
1355 5210 1509 5281 quod
1537 5210 1899 5283 signiﬁcatur
1911 5216 2065 5287 quod

414 5298 568 5357 inter
597 5297 930 5371 spirituales
949 5300 1103 5356 viros
1134 5298 1195 5355 in
1226 5297 1543 5354 Ecclesium
1571 5301 1832 5364 gentium
1866 5303 2066 5359 Domi-

414 5405 530 5445 nus
559 5385 868 5446 saaculares
889 5404 1168 5460 personas
1189 5387 1373 5459 ponit,
1398 5387 1518 5459 qui,
1545 5388 1811 5459 quamvis
1830 5407 1946 5448 non
1969 5393 2069 5449 ha-

411 5477 591 5535 beant
628 5476 882 5533 fructum
925 5475 1324 5549 spiritualium
1353 5475 1635 5548 virorum,
1658 5481 1854 5536 tamen
1887 5482 2064 5554 spiri-

411 5565 602 5632 tuales
616 5564 772 5626 viros
792 5581 927 5625 cum
958 5562 1246 5625 fructibus
1268 5563 1413 5640 suis,
1432 5564 1735 5629 beneficiis
1768 5576 2062 5647 tempora-

2182 4685 2323 4753 quot
2350 4680 2507 4737 vitiis
2538 4684 2806 4752 peccator
2832 4680 3170 4747 famulatur,
3194 4684 3280 4737 tot
3309 4680 3607 4738 dominiis
3634 4684 3833 4739 daemo-

2180 4770 2273 4826 nis
2293 4770 2662 4843 subjugatur.
2689 4769 2803 4825 Deo
2834 4772 3030 4826 autem
3063 4774 3121 4825 et
3141 4770 3361 4825 mundo
3392 4770 3626 4827 servire
3645 4772 3833 4829 volunt

2178 4858 2378 4926 simul,
2411 4858 2512 4930 qui
2540 4856 2745 4913 volunt
2774 4858 2941 4931 sequi
2989 4858 3203 4931 partim
3246 4857 3422 4929 jussa
3476 4858 3604 4929 Dei,
3629 4862 3829 4933 partim

2176 4946 2526 5020 cupiditates
2584 4943 2801 5001 seaculi.
2834 4945 2916 5001 De
2962 4945 3234 5018 qualibus
3291 4943 3581 5001 Salomon
3619 4963 3693 5001 ζα
3726 4947 3825 5013 Vsa,

2173 5035 2389 5108 inquit,
2407 5033 2631 5090 homini
2651 5034 2999 5107 ingredienti
3017 5034 3248 5090 duabus
3266 5032 3436 5088 viis.»
3457 5033 3718 5092 Duabus
3735 5037 3827 5091 viis

2176 5125 2441 5199 graditur
2470 5121 2713 5195 quivult
2741 5124 2994 5195 gaudere
3023 5139 3159 5179 cum
3191 5121 3405 5179 saeculo
3435 5128 3499 5178 et
3524 5140 3671 5180 cum
3702 5125 3823 5191 Deo,

2176 5213 2278 5287 qui
2306 5212 2433 5268 vult
2461 5213 2649 5269 facere
2679 5229 2806 5285 quae
2848 5216 2987 5269 sunt
3015 5211 3221 5268 mundi
3251 5215 3309 5268 et
3338 5228 3474 5283 quae
3532 5219 3685 5269 sunt
3714 5214 3819 5269 Dei.

2174 5303 2319 5359 Cum
2350 5301 2479 5358 dico
2509 5301 2818 5371 mundum,
2843 5302 3047 5358 mundi
3088 5299 3641 5374 concupiscentiam
3672 5300 3821 5358 intel-

2172 5390 2307 5465 lige.
2331 5395 2544 5447 Contra
2577 5407 2724 5463 quos
2774 5390 2961 5464 primo
2990 5391 3086 5447 hic
3115 5388 3371 5446 ostendit
3398 5389 3703 5447 Dominus
3728 5408 3817 5447 ne-

2172 5481 2393 5537 minem
2450 5495 2623 5553 posse
2680 5480 2909 5536 duobus
2966 5478 3224 5536 dominis
3280 5477 3526 5535 servire.
3558 5480 3813 5537 Secunda

2170 5568 2623 5633 sollicitudinem
2677 5568 3039 5629 mundanam
3096 5567 3391 5646 prohibet.
3423 5567 3635 5630 Tertlo
3691 5567 3809 5647 quid
