  <div class='ocr_page' id='page_1' title='image "/cluster/home/n/w/nwhite01/storage/ocr_20150623/155/hvd.32044054760137/1034.png"; bbox 0 0 3974 6076; ppageno 0'>
   <div class='ocr_carea' id='block_1_1' title="bbox 796 253 3555 369">
    <p class='ocr_par' dir='ltr' id='par_1_1' title="bbox 796 253 3555 369">
     <span class='ocr_line' id='line_1_1' title="bbox 796 253 3555 369; baseline -0 -2"><span class='ocrx_word' id='word_1_1' title='bbox 796 305 1149 367; x_wconf 77' lang='lat' dir='ltr'>HOMILLE</span> <span class='ocrx_word' id='word_1_2' title='bbox 1190 305 1268 365; x_wconf 86' lang='grc' dir='ltr'>ΙΝ</span> <span class='ocrx_word' id='word_1_3' title='bbox 1314 304 1562 365; x_wconf 86' lang='lat' dir='ltr'>EPIST.</span> <span class='ocrx_word' id='word_1_4' title='bbox 1753 301 2040 364; x_wconf 86' lang='lat' dir='ltr'>EVANG.</span> <span class='ocrx_word' id='word_1_5' title='bbox 2089 302 2438 366; x_wconf 84' lang='lat' dir='ltr'>DOMINIC.</span> <span class='ocrx_word' id='word_1_6' title='bbox 2471 305 2774 366; x_wconf 86' lang='lat' dir='ltr'>—PARS</span> <span class='ocrx_word' id='word_1_7' title='bbox 2819 305 2896 364; x_wconf 91' lang='lat' dir='ltr'>Il.</span> <span class='ocrx_word' id='word_1_8' title='bbox 3395 305 3555 369; x_wconf 77' lang='grc'>2062</span> 
     </span>
    </p>
   </div>
   <div class='ocr_carea' id='block_1_2' title="bbox 155 307 308 368">
    <p class='ocr_par' dir='ltr' id='par_1_2' title="bbox 155 307 308 368">
     <span class='ocr_line' id='line_1_2' title="bbox 155 307 308 368; baseline 0.007 -2"><span class='ocrx_word' id='word_1_9' title='bbox 155 307 308 368; x_wconf 74' lang='grc'>2061</span> 
     </span>
    </p>
   </div>
   <div class='ocr_carea' id='block_1_3' title="bbox 22 435 3552 513">
    <p class='ocr_par' dir='ltr' id='par_1_3' title="bbox 22 435 3552 513">
     <span class='ocr_line' id='line_1_3' title="bbox 22 435 3552 513; baseline 0.001 -19"><span class='ocrx_word' id='word_1_10' title='bbox 22 438 52 475; x_wconf 58' lang='lat'>4&#39;9</span> <span class='ocrx_word' id='word_1_11' title='bbox 152 456 412 513; x_wconf 64' lang='lat' dir='ltr'>quaerere</span> <span class='ocrx_word' id='word_1_12' title='bbox 442 439 759 495; x_wconf 84' lang='lat' dir='ltr'>debeamus</span> <span class='ocrx_word' id='word_1_13' title='bbox 789 438 1062 495; x_wconf 84' lang='lat' dir='ltr'>ostendit.</span> <span class='ocrx_word' id='word_1_14' title='bbox 1091 438 1186 493; x_wconf 89' lang='lat' dir='ltr'>Ait</span> <span class='ocrx_word' id='word_1_15' title='bbox 1221 452 1355 510; x_wconf 91' lang='lat' dir='ltr'>ergo</span> <span class='ocrx_word' id='word_1_16' title='bbox 1387 454 1398 492; x_wconf 91' lang='lat'>:</span> <span class='ocrx_word' id='word_1_17' title='bbox 1433 441 1594 494; x_wconf 86' lang='lat' dir='ltr'>Nemo</span> <span class='ocrx_word' id='word_1_18' title='bbox 1623 443 1798 509; x_wconf 77' lang='lat' dir='ltr'><em>potest</em></span> <span class='ocrx_word' id='word_1_19' title='bbox 1824 437 1877 504; x_wconf 84' lang='grc' dir='ltr'><strong>Α</strong></span> <span class='ocrx_word' id='word_1_20' title='bbox 1907 435 1998 509; x_wconf 85' lang='lat' dir='ltr'>gis</span> <span class='ocrx_word' id='word_1_21' title='bbox 2025 435 2185 492; x_wconf 82' lang='lat' dir='ltr'>dabit</span> <span class='ocrx_word' id='word_1_22' title='bbox 2216 435 2412 492; x_wconf 87' lang='lat' dir='ltr'>cibum</span> <span class='ocrx_word' id='word_1_23' title='bbox 2443 437 2961 510; x_wconf 89' lang='lat' dir='ltr'>vobis,quiutique</span> <span class='ocrx_word' id='word_1_24' title='bbox 2992 437 3136 494; x_wconf 80' lang='lat' dir='ltr'>estis</span> <span class='ocrx_word' id='word_1_25' title='bbox 3157 437 3552 508; x_wconf 85' lang='lat' dir='ltr'>rationabiles,</span> 
     </span>
    </p>
   </div>
   <div class='ocr_carea' id='block_1_4' title="bbox 43 520 3554 600">
    <p class='ocr_par' dir='ltr' id='par_1_4' title="bbox 43 520 3554 600">
     <span class='ocr_line' id='line_1_4' title="bbox 43 520 3554 600; baseline -0.001 -16"><span class='ocrx_word' id='word_1_26' title='bbox 43 520 48 542; x_wconf 49' lang='grc' dir='ltr'>ί</span> <span class='ocrx_word' id='word_1_27' title='bbox 149 529 360 586; x_wconf 81' lang='lat' dir='ltr'>duobus</span> <span class='ocrx_word' id='word_1_28' title='bbox 389 529 622 584; x_wconf 88' lang='lat' dir='ltr'>dominis</span> <span class='ocrx_word' id='word_1_29' title='bbox 651 527 1216 600; x_wconf 87' lang='lat' dir='ltr'>servire,centrariis.</span> <span class='ocrx_word' id='word_1_30' title='bbox 1244 533 1359 582; x_wconf 68' lang='lat' dir='ltr'>Aut</span> <span class='ocrx_word' id='word_1_31' title='bbox 1388 529 1536 582; x_wconf 87' lang='lat' dir='ltr'>enim</span> <span class='ocrx_word' id='word_1_32' title='bbox 1565 527 1798 582; x_wconf 85' lang='lat' dir='ltr'>alterum</span> <span class='ocrx_word' id='word_1_33' title='bbox 1907 526 1978 580; x_wconf 90' lang='lat' dir='ltr'>ad</span> <span class='ocrx_word' id='word_1_34' title='bbox 2008 525 2325 598; x_wconf 75' lang='lat' dir='ltr'>imaginem</span> <span class='ocrx_word' id='word_1_35' title='bbox 2359 526 2459 580; x_wconf 90' lang='lat' dir='ltr'>Dei</span> <span class='ocrx_word' id='word_1_36' title='bbox 2483 525 2638 581; x_wconf 91' lang='lat' dir='ltr'>facti.</span> <span class='ocrx_word' id='word_1_37' title='bbox 2672 525 2907 599; x_wconf 84' lang='lat' dir='ltr'>Mystice</span> <span class='ocrx_word' id='word_1_38' title='bbox 2945 542 3078 582; x_wconf 91' lang='lat' dir='ltr'>vero</span> <span class='ocrx_word' id='word_1_39' title='bbox 3125 543 3228 598; x_wconf 88' lang='lat' dir='ltr'>per</span> <span class='ocrx_word' id='word_1_40' title='bbox 3272 525 3554 595; x_wconf 76' lang='lat' dir='ltr'>volatilia,</span> 
     </span>
    </p>
   </div>
   <div class='ocr_carea' id='block_1_5' title="bbox 27 615 1794 685">
    <p class='ocr_par' dir='ltr' id='par_1_5' title="bbox 27 615 1794 685">
     <span class='ocr_line' id='line_1_5' title="bbox 27 615 1794 685; baseline -0.002 -11"><span class='ocrx_word' id='word_1_41' title='bbox 27 619 38 654; x_wconf 72' lang='grc' dir='ltr'><em>τ</em></span> <span class='ocrx_word' id='word_1_42' title='bbox 147 619 272 674; x_wconf 88' lang='lat' dir='ltr'>odio</span> <span class='ocrx_word' id='word_1_43' title='bbox 303 618 538 685; x_wconf 79' lang='lat' dir='ltr'>habebit,</span> <span class='ocrx_word' id='word_1_44' title='bbox 572 617 629 673; x_wconf 89' lang='lat' dir='ltr'>id</span> <span class='ocrx_word' id='word_1_45' title='bbox 662 621 750 674; x_wconf 90' lang='lat' dir='ltr'>est</span> <span class='ocrx_word' id='word_1_46' title='bbox 778 617 1077 674; x_wconf 90' lang='lat' dir='ltr'>diabolum</span> <span class='ocrx_word' id='word_1_47' title='bbox 1109 615 1227 672; x_wconf 89' lang='lat' dir='ltr'>sive</span> <span class='ocrx_word' id='word_1_48' title='bbox 1261 617 1572 683; x_wconf 91' lang='lat' dir='ltr'>mundum,</span> <span class='ocrx_word' id='word_1_49' title='bbox 1601 617 1794 671; x_wconf 89' lang='lat' dir='ltr'>etalte-</span> 
     </span>
    </p>
   </div>
   <div class='ocr_carea' id='block_1_6' title="bbox 27 704 1796 776">
    <p class='ocr_par' dir='ltr' id='par_1_6' title="bbox 27 704 1796 776">
     <span class='ocr_line' id='line_1_6' title="bbox 27 704 1796 776; baseline -0.002 -14"><span class='ocrx_word' id='word_1_50' title='bbox 27 711 40 744; x_wconf 67' lang='grc' dir='ltr'><strong>ἓ</strong></span> <span class='ocrx_word' id='word_1_51' title='bbox 149 725 300 776; x_wconf 86' lang='lat' dir='ltr'>rum,</span> <span class='ocrx_word' id='word_1_52' title='bbox 335 707 394 762; x_wconf 90' lang='lat' dir='ltr'>id</span> <span class='ocrx_word' id='word_1_53' title='bbox 419 711 509 763; x_wconf 92' lang='lat' dir='ltr'>est</span> <span class='ocrx_word' id='word_1_54' title='bbox 537 707 742 775; x_wconf 88' lang='lat' dir='ltr'>Deum,</span> <span class='ocrx_word' id='word_1_55' title='bbox 773 707 986 776; x_wconf 77' lang='lat' dir='ltr'>diliget.</span> <span class='ocrx_word' id='word_1_56' title='bbox 1021 711 1129 762; x_wconf 76' lang='lat' dir='ltr'>Aut</span> <span class='ocrx_word' id='word_1_57' title='bbox 1161 706 1414 772; x_wconf 86' lang='lat' dir='ltr'>alterum,</span> <span class='ocrx_word' id='word_1_58' title='bbox 1449 705 1504 759; x_wconf 93' lang='lat' dir='ltr'>id</span> <span class='ocrx_word' id='word_1_59' title='bbox 1555 709 1642 760; x_wconf 90' lang='lat' dir='ltr'>est</span> <span class='ocrx_word' id='word_1_60' title='bbox 1670 704 1796 759; x_wconf 89' lang='lat' dir='ltr'>dia-</span> 
     </span>
    </p>
   </div>
   <div class='ocr_carea' id='block_1_7' title="bbox 153 794 1796 863">
    <p class='ocr_par' dir='ltr' id='par_1_7' title="bbox 153 794 1796 863">
     <span class='ocr_line' id='line_1_7' title="bbox 153 794 1796 863; baseline -0.002 -12"><span class='ocrx_word' id='word_1_61' title='bbox 153 795 778 863; x_wconf 83' lang='lat' dir='ltr'>bolum,sustinebit:et</span> <span class='ocrx_word' id='word_1_62' title='bbox 808 795 1133 862; x_wconf 85' lang='lat' dir='ltr'>alterum,id</span> <span class='ocrx_word' id='word_1_63' title='bbox 1166 798 1255 850; x_wconf 92' lang='lat' dir='ltr'>est</span> <span class='ocrx_word' id='word_1_64' title='bbox 1276 794 1796 860; x_wconf 89' lang='lat' dir='ltr'>Deum,contemnet</span> 
     </span>
    </p>
   </div>
   <div class='ocr_carea' id='block_1_8' title="bbox 148 881 1797 960">
    <p class='ocr_par' dir='ltr' id='par_1_8' title="bbox 148 881 1797 960">
     <span class='ocr_line' id='line_1_8' title="bbox 148 881 1797 960; baseline -0.002 -18"><span class='ocrx_word' id='word_1_65' title='bbox 148 886 459 960; x_wconf 90' lang='lat' dir='ltr'>Eleganter</span> <span class='ocrx_word' id='word_1_66' title='bbox 488 885 718 942; x_wconf 92' lang='lat' dir='ltr'>locutus</span> <span class='ocrx_word' id='word_1_67' title='bbox 747 889 835 940; x_wconf 89' lang='lat' dir='ltr'>est</span> <span class='ocrx_word' id='word_1_68' title='bbox 863 885 1174 940; x_wconf 77' lang='lat' dir='ltr'>sustinebit.</span> <span class='ocrx_word' id='word_1_69' title='bbox 1202 884 1383 938; x_wconf 81' lang='lat' dir='ltr'>Nemo</span> <span class='ocrx_word' id='word_1_70' title='bbox 1413 881 1568 937; x_wconf 91' lang='lat' dir='ltr'>enim</span> <span class='ocrx_word' id='word_1_71' title='bbox 1600 882 1797 938; x_wconf 84' lang='lat' dir='ltr'>diabo-</span> 
     </span>
    </p>
   </div>
   <div class='ocr_carea' id='block_1_9' title="bbox 29 971 1793 1048">
    <p class='ocr_par' dir='ltr' id='par_1_9' title="bbox 29 971 1793 1048">
     <span class='ocr_line' id='line_1_9' title="bbox 29 971 1793 1048; baseline -0.004 -15"><span class='ocrx_word' id='word_1_72' title='bbox 29 983 40 998; x_wconf 87' lang='lat'>&#39;</span> <span class='ocrx_word' id='word_1_73' title='bbox 148 976 274 1032; x_wconf 91' lang='lat' dir='ltr'>lum</span> <span class='ocrx_word' id='word_1_74' title='bbox 306 975 518 1048; x_wconf 85' lang='lat' dir='ltr'>diligit,</span> <span class='ocrx_word' id='word_1_75' title='bbox 553 973 823 1046; x_wconf 85' lang='lat' dir='ltr'>quamvis</span> <span class='ocrx_word' id='word_1_76' title='bbox 864 974 992 1045; x_wconf 84' lang='lat' dir='ltr'><strong>ejus</strong></span> <span class='ocrx_word' id='word_1_77' title='bbox 1041 973 1218 1029; x_wconf 78' lang='lat' dir='ltr'>faciat</span> <span class='ocrx_word' id='word_1_78' title='bbox 1262 971 1645 1028; x_wconf 82' lang='lat' dir='ltr'>voluntatem.</span> <span class='ocrx_word' id='word_1_79' title='bbox 1680 971 1793 1027; x_wconf 90' lang='lat' dir='ltr'>Sed</span> 
     </span>
    </p>
   </div>
   <div class='ocr_carea' id='block_1_10' title="bbox 141 1060 1793 1137">
    <p class='ocr_par' dir='ltr' id='par_1_10' title="bbox 141 1060 1793 1137">
     <span class='ocr_line' id='line_1_10' title="bbox 141 1060 1793 1137; baseline -0.004 -16"><span class='ocrx_word' id='word_1_80' title='bbox 141 1067 297 1121; x_wconf 82' lang='lat' dir='ltr'>sicut</span> <span class='ocrx_word' id='word_1_81' title='bbox 327 1063 540 1137; x_wconf 81' lang='lat' dir='ltr'>aliquis</span> <span class='ocrx_word' id='word_1_82' title='bbox 562 1080 767 1119; x_wconf 91' lang='lat' dir='ltr'>amans</span> <span class='ocrx_word' id='word_1_83' title='bbox 803 1062 1074 1119; x_wconf 83' lang='lat' dir='ltr'>ancillam</span> <span class='ocrx_word' id='word_1_84' title='bbox 1108 1061 1359 1132; x_wconf 84' lang='lat' dir='ltr'>alicujus</span> <span class='ocrx_word' id='word_1_85' title='bbox 1390 1060 1644 1133; x_wconf 82' lang='lat' dir='ltr'>tyranni,</span> <span class='ocrx_word' id='word_1_86' title='bbox 1677 1077 1793 1115; x_wconf 92' lang='lat' dir='ltr'>non</span> 
     </span>
    </p>
   </div>
   <div class='ocr_carea' id='block_1_11' title="bbox 143 1147 1796 1227">
    <p class='ocr_par' dir='ltr' id='par_1_11' title="bbox 143 1147 1796 1227">
     <span class='ocr_line' id='line_1_11' title="bbox 143 1147 1796 1227; baseline -0.004 -18"><span class='ocrx_word' id='word_1_87' title='bbox 143 1158 461 1227; x_wconf 80' lang='lat' dir='ltr'>tyrannum</span> <span class='ocrx_word' id='word_1_88' title='bbox 494 1151 704 1224; x_wconf 85' lang='lat' dir='ltr'>diligit,</span> <span class='ocrx_word' id='word_1_89' title='bbox 735 1152 834 1207; x_wconf 91' lang='lat' dir='ltr'>sed</span> <span class='ocrx_word' id='word_1_90' title='bbox 869 1156 1106 1223; x_wconf 87' lang='lat' dir='ltr'>propter</span> <span class='ocrx_word' id='word_1_91' title='bbox 1136 1166 1394 1204; x_wconf 89' lang='lat' dir='ltr'>amorem</span> <span class='ocrx_word' id='word_1_92' title='bbox 1425 1147 1668 1216; x_wconf 76' lang='lat' dir='ltr'>ancillae,</span> <span class='ocrx_word' id='word_1_93' title='bbox 1692 1149 1796 1202; x_wconf 90' lang='lat' dir='ltr'>du-</span> 
     </span>
    </p>
   </div>
   <div class='ocr_carea' id='block_1_12' title="bbox 27 1235 1793 1316">
    <p class='ocr_par' dir='ltr' id='par_1_12' title="bbox 27 1235 1793 1316">
     <span class='ocr_line' id='line_1_12' title="bbox 27 1235 1793 1316; baseline -0.005 -17"><span class='ocrx_word' id='word_1_94' title='bbox 27 1257 34 1270; x_wconf 89' lang='lat'><em>&#39;</em></span> <span class='ocrx_word' id='word_1_95' title='bbox 144 1261 273 1300; x_wconf 89' lang='lat' dir='ltr'>ram</span> <span class='ocrx_word' id='word_1_96' title='bbox 307 1243 434 1314; x_wconf 88' lang='lat' dir='ltr'>ejus</span> <span class='ocrx_word' id='word_1_97' title='bbox 463 1241 686 1316; x_wconf 87' lang='lat' dir='ltr'>patitur</span> <span class='ocrx_word' id='word_1_98' title='bbox 715 1239 1176 1297; x_wconf 87' lang='lat' dir='ltr'>servitutem.Ita</span> <span class='ocrx_word' id='word_1_99' title='bbox 1207 1237 1477 1293; x_wconf 88' lang='lat' dir='ltr'>homines</span> <span class='ocrx_word' id='word_1_100' title='bbox 1509 1235 1793 1291; x_wconf 88' lang='lat' dir='ltr'>mundani</span> 
     </span>
    </p>
   </div>
   <div class='ocr_carea' id='block_1_13' title="bbox 143 1329 1792 1405">
    <p class='ocr_par' dir='ltr' id='par_1_13' title="bbox 143 1329 1792 1405">
     <span class='ocr_line' id='line_1_13' title="bbox 143 1329 1792 1405; baseline -0.005 -17"><span class='ocrx_word' id='word_1_101' title='bbox 143 1350 263 1388; x_wconf 90' lang='lat' dir='ltr'>non</span> <span class='ocrx_word' id='word_1_102' title='bbox 293 1330 548 1405; x_wconf 88' lang='lat' dir='ltr'>diligunt</span> <span class='ocrx_word' id='word_1_103' title='bbox 577 1329 897 1398; x_wconf 90' lang='lat' dir='ltr'>diabolum,</span> <span class='ocrx_word' id='word_1_104' title='bbox 933 1329 1033 1384; x_wconf 90' lang='lat' dir='ltr'>sed</span> <span class='ocrx_word' id='word_1_105' title='bbox 1066 1331 1301 1401; x_wconf 84' lang='lat' dir='ltr'>propter</span> <span class='ocrx_word' id='word_1_106' title='bbox 1330 1343 1587 1382; x_wconf 90' lang='lat' dir='ltr'>amorem</span> <span class='ocrx_word' id='word_1_107' title='bbox 1620 1343 1792 1381; x_wconf 90' lang='lat' dir='ltr'>mun-</span> 
     </span>
    </p>
   </div>
   <div class='ocr_carea' id='block_1_14' title="bbox 143 1415 1828 1500">
    <p class='ocr_par' dir='ltr' id='par_1_14' title="bbox 143 1415 1828 1500">
     <span class='ocr_line' id='line_1_14' title="bbox 143 1415 1828 1500; baseline -0.005 -22"><span class='ocrx_word' id='word_1_108' title='bbox 143 1423 311 1478; x_wconf 85' lang='lat' dir='ltr'>danae</span> <span class='ocrx_word' id='word_1_109' title='bbox 353 1419 672 1492; x_wconf 85' lang='lat' dir='ltr'>voluptatis</span> <span class='ocrx_word' id='word_1_110' title='bbox 712 1419 842 1490; x_wconf 90' lang='lat' dir='ltr'>ejus</span> <span class='ocrx_word' id='word_1_111' title='bbox 891 1417 1186 1474; x_wconf 88' lang='lat' dir='ltr'>sustinent</span> <span class='ocrx_word' id='word_1_112' title='bbox 1231 1416 1619 1489; x_wconf 81' lang='lat' dir='ltr'>tyrannidem.</span> <span class='ocrx_word' id='word_1_113' title='bbox 1666 1415 1828 1500; x_wconf 19' lang='lat' dir='ltr'>Non‘</span> 
     </span>
    </p>
   </div>
   <div class='ocr_carea' id='block_1_15' title="bbox 148 1503 1793 1577">
    <p class='ocr_par' dir='ltr' id='par_1_15' title="bbox 148 1503 1793 1577">
     <span class='ocr_line' id='line_1_15' title="bbox 148 1503 1793 1577; baseline -0.004 -12"><span class='ocrx_word' id='word_1_114' title='bbox 148 1514 349 1564; x_wconf 86' lang='lat' dir='ltr'>autem</span> <span class='ocrx_word' id='word_1_115' title='bbox 378 1507 460 1563; x_wconf 91' lang='lat' dir='ltr'>ait</span> <span class='ocrx_word' id='word_1_116' title='bbox 493 1525 506 1562; x_wconf 86' lang='lat'><strong>:</strong></span> <span class='ocrx_word' id='word_1_117' title='bbox 540 1508 710 1562; x_wconf 88' lang='lat' dir='ltr'>Deum</span> <span class='ocrx_word' id='word_1_118' title='bbox 739 1505 860 1561; x_wconf 87' lang='lat' dir='ltr'>odio</span> <span class='ocrx_word' id='word_1_119' title='bbox 890 1506 1131 1570; x_wconf 78' lang='lat' dir='ltr'>habebit,</span> <span class='ocrx_word' id='word_1_120' title='bbox 1149 1503 1287 1577; x_wconf 89' lang='lat' dir='ltr'>quia</span> <span class='ocrx_word' id='word_1_121' title='bbox 1313 1503 1406 1558; x_wconf 85' lang='lat' dir='ltr'>vix</span> <span class='ocrx_word' id='word_1_122' title='bbox 1437 1503 1793 1559; x_wconf 88' lang='lat' dir='ltr'>conscientia</span> 
     </span>
    </p>
   </div>
   <div class='ocr_carea' id='block_1_16' title="bbox 139 1592 1792 1667">
    <p class='ocr_par' dir='ltr' id='par_1_16' title="bbox 139 1592 1792 1667">
     <span class='ocr_line' id='line_1_16' title="bbox 139 1592 1792 1667; baseline -0.002 -15"><span class='ocrx_word' id='word_1_123' title='bbox 139 1595 393 1667; x_wconf 84' lang='lat' dir='ltr'>alicujus</span> <span class='ocrx_word' id='word_1_124' title='bbox 425 1595 609 1650; x_wconf 87' lang='lat' dir='ltr'>Deum</span> <span class='ocrx_word' id='word_1_125' title='bbox 643 1597 832 1666; x_wconf 89' lang='lat' dir='ltr'>potest</span> <span class='ocrx_word' id='word_1_126' title='bbox 852 1594 1242 1666; x_wconf 83' lang='lat' dir='ltr'>odisse,aquo</span> <span class='ocrx_word' id='word_1_127' title='bbox 1257 1593 1589 1661; x_wconf 90' lang='lat' dir='ltr'>habetesse,</span> <span class='ocrx_word' id='word_1_128' title='bbox 1604 1592 1792 1649; x_wconf 89' lang='lat' dir='ltr'>vivere</span> 
     </span>
    </p>
   </div>
   <div class='ocr_carea' id='block_1_17' title="bbox 139 1682 1788 1758">
    <p class='ocr_par' dir='ltr' id='par_1_17' title="bbox 139 1682 1788 1758">
     <span class='ocr_line' id='line_1_17' title="bbox 139 1682 1788 1758; baseline -0.004 -16"><span class='ocrx_word' id='word_1_129' title='bbox 139 1690 202 1742; x_wconf 86' lang='lat' dir='ltr'>et</span> <span class='ocrx_word' id='word_1_130' title='bbox 232 1701 458 1758; x_wconf 84' lang='lat' dir='ltr'>sapere.</span> <span class='ocrx_word' id='word_1_131' title='bbox 494 1684 605 1740; x_wconf 91' lang='lat' dir='ltr'>Sed</span> <span class='ocrx_word' id='word_1_132' title='bbox 656 1688 896 1756; x_wconf 86' lang='lat' dir='ltr'>propter</span> <span class='ocrx_word' id='word_1_133' title='bbox 942 1700 1200 1739; x_wconf 89' lang='lat' dir='ltr'>amorem</span> <span class='ocrx_word' id='word_1_134' title='bbox 1249 1682 1453 1738; x_wconf 89' lang='lat' dir='ltr'>mundi</span> <span class='ocrx_word' id='word_1_135' title='bbox 1487 1699 1620 1736; x_wconf 91' lang='lat' dir='ltr'>eum</span> <span class='ocrx_word' id='word_1_136' title='bbox 1654 1698 1788 1737; x_wconf 88' lang='lat' dir='ltr'>con-</span> 
     </span>
    </p>
   </div>
   <div class='ocr_carea' id='block_1_18' title="bbox 14 1770 1865 1873">
    <p class='ocr_par' dir='ltr' id='par_1_18' title="bbox 14 1770 1865 1873">
     <span class='ocr_line' id='line_1_18' title="bbox 14 1770 1865 1873; baseline -0.004 -41"><span class='ocrx_word' id='word_1_137' title='bbox 14 1797 24 1832; x_wconf 76' lang='lat' dir='ltr'>s</span> <span class='ocrx_word' id='word_1_138' title='bbox 132 1775 369 1832; x_wconf 89' lang='lat' dir='ltr'>temnit.</span> <span class='ocrx_word' id='word_1_139' title='bbox 403 1773 510 1873; x_wconf 78' lang='lat' dir='ltr'>Qui</span> <span class='ocrx_word' id='word_1_140' title='bbox 559 1776 754 1828; x_wconf 89' lang='lat' dir='ltr'>autem</span> <span class='ocrx_word' id='word_1_141' title='bbox 801 1773 922 1828; x_wconf 90' lang='lat' dir='ltr'>sint</span> <span class='ocrx_word' id='word_1_142' title='bbox 968 1771 1050 1827; x_wconf 88' lang='lat' dir='ltr'>illi</span> <span class='ocrx_word' id='word_1_143' title='bbox 1108 1772 1224 1827; x_wconf 92' lang='lat' dir='ltr'>duo</span> <span class='ocrx_word' id='word_1_144' title='bbox 1249 1770 1500 1872; x_wconf 81' lang='lat' dir='ltr'>domini,</span> <span class='ocrx_word' id='word_1_145' title='bbox 1533 1770 1786 1843; x_wconf 85' lang='lat' dir='ltr'>exponit,</span> <span class='ocrx_word' id='word_1_146' title='bbox 1816 1809 1865 1873; x_wconf 85' lang='lat' dir='ltr'><strong>B</strong></span> 
     </span>
    </p>
   </div>
   <div class='ocr_carea' id='block_1_19' title="bbox 133 1862 1781 1934">
    <p class='ocr_par' dir='ltr' id='par_1_19' title="bbox 133 1862 1781 1934">
     <span class='ocr_line' id='line_1_19' title="bbox 133 1862 1781 1934; baseline -0.003 -12"><span class='ocrx_word' id='word_1_147' title='bbox 133 1882 273 1922; x_wconf 92' lang='lat' dir='ltr'>cum</span> <span class='ocrx_word' id='word_1_148' title='bbox 305 1862 504 1919; x_wconf 91' lang='lat' dir='ltr'>subdit</span> <span class='ocrx_word' id='word_1_149' title='bbox 538 1879 550 1916; x_wconf 91' lang='lat'><strong>:</strong></span> <span class='ocrx_word' id='word_1_150' title='bbox 583 1863 703 1917; x_wconf 86' lang='lat' dir='ltr'>Non</span> <span class='ocrx_word' id='word_1_151' title='bbox 729 1863 952 1934; x_wconf 77' lang='lat' dir='ltr'>potestis</span> <span class='ocrx_word' id='word_1_152' title='bbox 984 1865 1092 1917; x_wconf 89' lang='lat' dir='ltr'>Deo</span> <span class='ocrx_word' id='word_1_153' title='bbox 1115 1862 1317 1916; x_wconf 86' lang='lat' dir='ltr'>servire</span> <span class='ocrx_word' id='word_1_154' title='bbox 1347 1867 1397 1916; x_wconf 86' lang='lat' dir='ltr'>et</span> <span class='ocrx_word' id='word_1_155' title='bbox 1433 1875 1781 1928; x_wconf 66' lang='lat' dir='ltr'>mammona},</span> 
     </span>
    </p>
   </div>
   <div class='ocr_carea' id='block_1_20' title="bbox 133 1948 1784 2021">
    <p class='ocr_par' dir='ltr' id='par_1_20' title="bbox 133 1948 1784 2021">
     <span class='ocr_line' id='line_1_20' title="bbox 133 1948 1784 2021; baseline -0.003 -13"><span class='ocrx_word' id='word_1_156' title='bbox 133 1953 196 2010; x_wconf 91' lang='lat' dir='ltr'>id</span> <span class='ocrx_word' id='word_1_157' title='bbox 229 1958 317 2010; x_wconf 90' lang='lat' dir='ltr'>est</span> <span class='ocrx_word' id='word_1_158' title='bbox 348 1951 568 2008; x_wconf 90' lang='lat' dir='ltr'>divtiis.</span> <span class='ocrx_word' id='word_1_159' title='bbox 604 1950 902 2006; x_wconf 86' lang='lat' dir='ltr'>Mammon</span> <span class='ocrx_word' id='word_1_160' title='bbox 934 1948 1091 2006; x_wconf 90' lang='lat' dir='ltr'>enim</span> <span class='ocrx_word' id='word_1_161' title='bbox 1143 1949 1358 2005; x_wconf 91' lang='lat' dir='ltr'>dicitur</span> <span class='ocrx_word' id='word_1_162' title='bbox 1404 1950 1651 2018; x_wconf 60' lang='lat' dir='ltr'>daemon,</span> <span class='ocrx_word' id='word_1_163' title='bbox 1686 1949 1784 2021; x_wconf 92' lang='lat' dir='ltr'>qui</span> 
     </span>
    </p>
   </div>
   <div class='ocr_carea' id='block_1_21' title="bbox 133 2037 1783 2116">
    <p class='ocr_par' dir='ltr' id='par_1_21' title="bbox 133 2037 1783 2116">
     <span class='ocr_line' id='line_1_21' title="bbox 133 2037 1783 2116; baseline -0.004 -17"><span class='ocrx_word' id='word_1_164' title='bbox 133 2041 401 2116; x_wconf 86' lang='lat' dir='ltr'>suggerit</span> <span class='ocrx_word' id='word_1_165' title='bbox 427 2039 768 2096; x_wconf 89' lang='lat' dir='ltr'>hominibus</span> <span class='ocrx_word' id='word_1_166' title='bbox 789 2055 1049 2094; x_wconf 89' lang='lat' dir='ltr'>amorem</span> <span class='ocrx_word' id='word_1_167' title='bbox 1075 2037 1570 2094; x_wconf 89' lang='lat' dir='ltr'>divitiarum.Non</span> <span class='ocrx_word' id='word_1_168' title='bbox 1589 2041 1783 2092; x_wconf 90' lang='lat' dir='ltr'>autem</span> 
     </span>
    </p>
   </div>
   <div class='ocr_carea' id='block_1_22' title="bbox 133 2125 1784 2202">
    <p class='ocr_par' dir='ltr' id='par_1_22' title="bbox 133 2125 1784 2202">
     <span class='ocr_line' id='line_1_22' title="bbox 133 2125 1784 2202; baseline -0.004 -15"><span class='ocrx_word' id='word_1_169' title='bbox 133 2132 238 2200; x_wconf 80' lang='lat' dir='ltr'>ait,</span> <span class='ocrx_word' id='word_1_170' title='bbox 271 2147 387 2186; x_wconf 90' lang='lat' dir='ltr'>non</span> <span class='ocrx_word' id='word_1_171' title='bbox 409 2129 654 2202; x_wconf 88' lang='lat' dir='ltr'>potestis</span> <span class='ocrx_word' id='word_1_172' title='bbox 684 2129 799 2184; x_wconf 93' lang='lat' dir='ltr'>Deo</span> <span class='ocrx_word' id='word_1_173' title='bbox 831 2127 1065 2194; x_wconf 87' lang='lat' dir='ltr'>servire,</span> <span class='ocrx_word' id='word_1_174' title='bbox 1099 2132 1157 2182; x_wconf 91' lang='lat' dir='ltr'>et</span> <span class='ocrx_word' id='word_1_175' title='bbox 1198 2125 1488 2182; x_wconf 88' lang='lat' dir='ltr'>dominari</span> <span class='ocrx_word' id='word_1_176' title='bbox 1525 2125 1784 2194; x_wconf 86' lang='lat' dir='ltr'>divitiis;</span> 
     </span>
    </p>
   </div>
   <div class='ocr_carea' id='block_1_23' title="bbox 133 2207 1779 2289">
    <p class='ocr_par' dir='ltr' id='par_1_23' title="bbox 133 2207 1779 2289">
     <span class='ocr_line' id='line_1_23' title="bbox 133 2207 1779 2289; baseline -0.005 -12"><span class='ocrx_word' id='word_1_177' title='bbox 133 2238 274 2278; x_wconf 88' lang='lat' dir='ltr'>nam</span> <span class='ocrx_word' id='word_1_178' title='bbox 321 2220 431 2275; x_wconf 91' lang='lat' dir='ltr'>hoc</span> <span class='ocrx_word' id='word_1_179' title='bbox 479 2207 679 2273; x_wconf 79' lang='lat' dir='ltr'>ﬁdeles</span> <span class='ocrx_word' id='word_1_180' title='bbox 727 2220 992 2289; x_wconf 85' lang='lat' dir='ltr'>possunt.</span> <span class='ocrx_word' id='word_1_181' title='bbox 1028 2215 1144 2272; x_wconf 91' lang='lat' dir='ltr'>Vos</span> <span class='ocrx_word' id='word_1_182' title='bbox 1194 2231 1354 2288; x_wconf 89' lang='lat' dir='ltr'>ergo,</span> <span class='ocrx_word' id='word_1_183' title='bbox 1411 2215 1638 2283; x_wconf 87' lang='lat' dir='ltr'>fratres,</span> <span class='ocrx_word' id='word_1_184' title='bbox 1681 2215 1779 2286; x_wconf 90' lang='lat' dir='ltr'>qui</span> 
     </span>
    </p>
   </div>
   <div class='ocr_carea' id='block_1_24' title="bbox 133 2304 1784 2377">
    <p class='ocr_par' dir='ltr' id='par_1_24' title="bbox 133 2304 1784 2377">
     <span class='ocr_line' id='line_1_24' title="bbox 133 2304 1784 2377; baseline -0.003 -12"><span class='ocrx_word' id='word_1_185' title='bbox 133 2309 367 2366; x_wconf 88' lang='lat' dir='ltr'>habetis</span> <span class='ocrx_word' id='word_1_186' title='bbox 398 2307 728 2363; x_wconf 82' lang='lat' dir='ltr'>mundanas</span> <span class='ocrx_word' id='word_1_187' title='bbox 761 2305 1184 2377; x_wconf 89' lang='lat' dir='ltr'>possessiones,</span> <span class='ocrx_word' id='word_1_188' title='bbox 1218 2304 1474 2369; x_wconf 84' lang='lat' dir='ltr'>divitias,</span> <span class='ocrx_word' id='word_1_189' title='bbox 1507 2321 1713 2360; x_wconf 85' lang='lat' dir='ltr'>uxores</span> <span class='ocrx_word' id='word_1_190' title='bbox 1727 2307 1784 2360; x_wconf 93' lang='lat' dir='ltr'>et</span> 
     </span>
    </p>
   </div>
   <div class='ocr_carea' id='block_1_25' title="bbox 132 2392 1781 2468">
    <p class='ocr_par' dir='ltr' id='par_1_25' title="bbox 132 2392 1781 2468">
     <span class='ocr_line' id='line_1_25' title="bbox 132 2392 1781 2468; baseline -0.004 -14"><span class='ocrx_word' id='word_1_191' title='bbox 132 2399 372 2464; x_wconf 89' lang='lat' dir='ltr'>liberos,</span> <span class='ocrx_word' id='word_1_192' title='bbox 396 2400 590 2452; x_wconf 90' lang='lat' dir='ltr'>notate</span> <span class='ocrx_word' id='word_1_193' title='bbox 621 2413 747 2468; x_wconf 73' lang='lat' dir='ltr'>qua:</span> <span class='ocrx_word' id='word_1_194' title='bbox 775 2393 869 2449; x_wconf 92' lang='lat' dir='ltr'>hic</span> <span class='ocrx_word' id='word_1_195' title='bbox 902 2394 1194 2450; x_wconf 89' lang='lat' dir='ltr'>dicuntur.</span> <span class='ocrx_word' id='word_1_196' title='bbox 1230 2392 1561 2466; x_wconf 88' lang='lat' dir='ltr'>pensate,in</span> <span class='ocrx_word' id='word_1_197' title='bbox 1586 2393 1781 2448; x_wconf 83' lang='lat' dir='ltr'>animo</span> 
     </span>
    </p>
   </div>
   <div class='ocr_carea' id='block_1_26' title="bbox 129 2481 1780 2559">
    <p class='ocr_par' dir='ltr' id='par_1_26' title="bbox 129 2481 1780 2559">
     <span class='ocr_line' id='line_1_26' title="bbox 129 2481 1780 2559; baseline -0.004 -16"><span class='ocrx_word' id='word_1_198' title='bbox 129 2492 325 2544; x_wconf 90' lang='lat' dir='ltr'>vestro</span> <span class='ocrx_word' id='word_1_199' title='bbox 358 2487 484 2559; x_wconf 79' lang='lat' dir='ltr'>quae</span> <span class='ocrx_word' id='word_1_200' title='bbox 515 2484 610 2540; x_wconf 92' lang='lat' dir='ltr'>hic</span> <span class='ocrx_word' id='word_1_201' title='bbox 640 2483 933 2540; x_wconf 88' lang='lat' dir='ltr'>dicuntur.</span> <span class='ocrx_word' id='word_1_202' title='bbox 969 2483 1028 2540; x_wconf 91' lang='lat' dir='ltr'>Si</span> <span class='ocrx_word' id='word_1_203' title='bbox 1058 2483 1215 2539; x_wconf 91' lang='lat' dir='ltr'>enim</span> <span class='ocrx_word' id='word_1_204' title='bbox 1238 2481 1636 2555; x_wconf 88' lang='lat' dir='ltr'>principaliter</span> <span class='ocrx_word' id='word_1_205' title='bbox 1664 2482 1780 2537; x_wconf 94' lang='lat' dir='ltr'>Deo</span> 
     </span>
    </p>
   </div>
   <div class='ocr_carea' id='block_1_27' title="bbox 133 2569 1782 2644">
    <p class='ocr_par' dir='ltr' id='par_1_27' title="bbox 133 2569 1782 2644">
     <span class='ocr_line' id='line_1_27' title="bbox 133 2569 1782 2644; baseline -0.004 -11"><span class='ocrx_word' id='word_1_206' title='bbox 133 2574 465 2644; x_wconf 71' lang='lat' dir='ltr'>adhaeretis,</span> <span class='ocrx_word' id='word_1_207' title='bbox 483 2577 542 2629; x_wconf 90' lang='lat' dir='ltr'>et</span> <span class='ocrx_word' id='word_1_208' title='bbox 572 2589 706 2628; x_wconf 87' lang='lat' dir='ltr'>cum</span> <span class='ocrx_word' id='word_1_209' title='bbox 739 2571 976 2639; x_wconf 87' lang='lat' dir='ltr'>divitiis,</span> <span class='ocrx_word' id='word_1_210' title='bbox 1000 2569 1514 2636; x_wconf 85' lang='lat' dir='ltr'>uxoribus,liberis</span> <span class='ocrx_word' id='word_1_211' title='bbox 1527 2574 1582 2626; x_wconf 90' lang='lat' dir='ltr'>et</span> <span class='ocrx_word' id='word_1_212' title='bbox 1604 2569 1782 2626; x_wconf 86' lang='lat' dir='ltr'>hono-</span> 
     </span>
    </p>
   </div>
   <div class='ocr_carea' id='block_1_28' title="bbox 138 2659 1778 2736">
    <p class='ocr_par' dir='ltr' id='par_1_28' title="bbox 138 2659 1778 2736">
     <span class='ocr_line' id='line_1_28' title="bbox 138 2659 1778 2736; baseline -0.003 -16"><span class='ocrx_word' id='word_1_213' title='bbox 138 2665 304 2720; x_wconf 90' lang='lat' dir='ltr'>ribus</span> <span class='ocrx_word' id='word_1_214' title='bbox 321 2663 619 2736; x_wconf 80' lang='lat' dir='ltr'>praeteriis,</span> <span class='ocrx_word' id='word_1_215' title='bbox 640 2661 922 2718; x_wconf 86' lang='lat' dir='ltr'>malentes</span> <span class='ocrx_word' id='word_1_216' title='bbox 935 2659 1134 2716; x_wconf 89' lang='lat' dir='ltr'>omnia</span> <span class='ocrx_word' id='word_1_217' title='bbox 1150 2661 1386 2732; x_wconf 90' lang='lat' dir='ltr'>perdere</span> <span class='ocrx_word' id='word_1_218' title='bbox 1399 2676 1576 2731; x_wconf 90' lang='lat' dir='ltr'>quam</span> <span class='ocrx_word' id='word_1_219' title='bbox 1595 2660 1778 2715; x_wconf 91' lang='lat' dir='ltr'>Deum</span> 
     </span>
    </p>
   </div>
   <div class='ocr_carea' id='block_1_29' title="bbox 129 2749 1775 2817">
    <p class='ocr_par' dir='ltr' id='par_1_29' title="bbox 129 2749 1775 2817">
     <span class='ocr_line' id='line_1_29' title="bbox 129 2749 1775 2817; baseline -0.003 -8"><span class='ocrx_word' id='word_1_220' title='bbox 129 2752 441 2809; x_wconf 76' lang='lat' dir='ltr'>offendere.</span> <span class='ocrx_word' id='word_1_221' title='bbox 474 2751 588 2806; x_wconf 88' lang='lat' dir='ltr'>Deo</span> <span class='ocrx_word' id='word_1_222' title='bbox 619 2749 867 2817; x_wconf 89' lang='lat' dir='ltr'>servitis,</span> <span class='ocrx_word' id='word_1_223' title='bbox 899 2755 956 2806; x_wconf 92' lang='lat' dir='ltr'>et</span> <span class='ocrx_word' id='word_1_224' title='bbox 983 2753 1135 2806; x_wconf 83' lang='lat' dir='ltr'>recte</span> <span class='ocrx_word' id='word_1_225' title='bbox 1164 2749 1388 2804; x_wconf 88' lang='lat' dir='ltr'>vivetis.</span> <span class='ocrx_word' id='word_1_226' title='bbox 1424 2749 1524 2804; x_wconf 90' lang='lat' dir='ltr'>Sin</span> <span class='ocrx_word' id='word_1_227' title='bbox 1557 2755 1775 2815; x_wconf 86' lang='lat' dir='ltr'>autem,</span> 
     </span>
    </p>
   </div>
   <div class='ocr_carea' id='block_1_30' title="bbox 128 2837 1774 2915">
    <p class='ocr_par' dir='ltr' id='par_1_30' title="bbox 128 2837 1774 2915">
     <span class='ocr_line' id='line_1_30' title="bbox 128 2837 1774 2915; baseline -0.004 -17"><span class='ocrx_word' id='word_1_228' title='bbox 128 2843 287 2915; x_wconf 91' lang='lat' dir='ltr'>quod</span> <span class='ocrx_word' id='word_1_229' title='bbox 315 2840 496 2896; x_wconf 83' lang='lat' dir='ltr'>absit!</span> <span class='ocrx_word' id='word_1_230' title='bbox 523 2855 780 2894; x_wconf 86' lang='lat' dir='ltr'>amorem</span> <span class='ocrx_word' id='word_1_231' title='bbox 794 2838 1152 2900; x_wconf 88' lang='lat' dir='ltr'>divitiarum,</span> <span class='ocrx_word' id='word_1_232' title='bbox 1169 2837 1480 2904; x_wconf 89' lang='lat' dir='ltr'>honorum,</span> <span class='ocrx_word' id='word_1_233' title='bbox 1495 2837 1774 2910; x_wconf 88' lang='lat' dir='ltr'>conjugii,</span> 
     </span>
    </p>
   </div>
   <div class='ocr_carea' id='block_1_31' title="bbox 129 2926 1778 3000">
    <p class='ocr_par' dir='ltr' id='par_1_31' title="bbox 129 2926 1778 3000">
     <span class='ocr_line' id='line_1_31' title="bbox 129 2926 1778 3000; baseline -0.004 -12"><span class='ocrx_word' id='word_1_234' title='bbox 129 2936 190 2988; x_wconf 90' lang='lat' dir='ltr'>et</span> <span class='ocrx_word' id='word_1_235' title='bbox 220 2931 538 2988; x_wconf 91' lang='lat' dir='ltr'>liberorum</span> <span class='ocrx_word' id='word_1_236' title='bbox 572 2929 686 2983; x_wconf 93' lang='lat' dir='ltr'>Deo</span> <span class='ocrx_word' id='word_1_237' title='bbox 717 2927 1020 3000; x_wconf 75' lang='lat' dir='ltr'>przefertis,</span> <span class='ocrx_word' id='word_1_238' title='bbox 1053 2926 1333 2999; x_wconf 88' lang='lat' dir='ltr'>eligentes</span> <span class='ocrx_word' id='word_1_239' title='bbox 1364 2926 1558 2998; x_wconf 91' lang='lat' dir='ltr'>potius</span> <span class='ocrx_word' id='word_1_240' title='bbox 1599 2926 1778 2981; x_wconf 81' lang='lat' dir='ltr'>offen-</span> 
     </span>
    </p>
   </div>
   <div class='ocr_carea' id='block_1_32' title="bbox 128 3015 1776 3092">
    <p class='ocr_par' dir='ltr' id='par_1_32' title="bbox 128 3015 1776 3092">
     <span class='ocr_line' id='line_1_32' title="bbox 128 3015 1776 3092; baseline -0.004 -15"><span class='ocrx_word' id='word_1_241' title='bbox 128 3021 266 3077; x_wconf 89' lang='lat' dir='ltr'>dere</span> <span class='ocrx_word' id='word_1_242' title='bbox 298 3036 475 3092; x_wconf 92' lang='lat' dir='ltr'>quam</span> <span class='ocrx_word' id='word_1_243' title='bbox 508 3017 609 3074; x_wconf 90' lang='lat' dir='ltr'>illa</span> <span class='ocrx_word' id='word_1_244' title='bbox 639 3015 954 3083; x_wconf 89' lang='lat' dir='ltr'>dimittere,</span> <span class='ocrx_word' id='word_1_245' title='bbox 985 3033 1101 3071; x_wconf 90' lang='lat' dir='ltr'>non</span> <span class='ocrx_word' id='word_1_246' title='bbox 1132 3015 1384 3084; x_wconf 89' lang='lat' dir='ltr'>Deo,sed</span> <span class='ocrx_word' id='word_1_247' title='bbox 1416 3015 1636 3071; x_wconf 90' lang='lat' dir='ltr'>mundo</span> <span class='ocrx_word' id='word_1_248' title='bbox 1657 3032 1776 3070; x_wconf 88' lang='lat' dir='ltr'>ser-</span> 
     </span>
    </p>
   </div>
   <div class='ocr_carea' id='block_1_33' title="bbox 128 3103 1776 3176">
    <p class='ocr_par' dir='ltr' id='par_1_33' title="bbox 128 3103 1776 3176">
     <span class='ocr_line' id='line_1_33' title="bbox 128 3103 1776 3176; baseline -0.004 -10"><span class='ocrx_word' id='word_1_249' title='bbox 128 3109 290 3176; x_wconf 90' lang='lat' dir='ltr'>vitis,</span> <span class='ocrx_word' id='word_1_250' title='bbox 326 3108 459 3164; x_wconf 84' lang='lat' dir='ltr'>facti</span> <span class='ocrx_word' id='word_1_251' title='bbox 493 3105 642 3163; x_wconf 87' lang='lat' dir='ltr'>servi</span> <span class='ocrx_word' id='word_1_252' title='bbox 674 3105 874 3161; x_wconf 89' lang='lat' dir='ltr'>miseri</span> <span class='ocrx_word' id='word_1_253' title='bbox 903 3108 960 3160; x_wconf 90' lang='lat' dir='ltr'>et</span> <span class='ocrx_word' id='word_1_254' title='bbox 1013 3103 1398 3173; x_wconf 89' lang='lat' dir='ltr'>miserabiles,</span> <span class='ocrx_word' id='word_1_255' title='bbox 1430 3120 1546 3160; x_wconf 92' lang='lat' dir='ltr'>non</span> <span class='ocrx_word' id='word_1_256' title='bbox 1586 3103 1776 3160; x_wconf 90' lang='lat' dir='ltr'>solum</span> 
     </span>
    </p>
   </div>
   <div class='ocr_carea' id='block_1_34' title="bbox 127 3193 974 3267">
    <p class='ocr_par' dir='ltr' id='par_1_34' title="bbox 127 3193 974 3267">
     <span class='ocr_line' id='line_1_34' title="bbox 127 3193 974 3267; baseline -0.009 -11"><span class='ocrx_word' id='word_1_257' title='bbox 127 3199 360 3267; x_wconf 89' lang='lat' dir='ltr'>mundi,</span> <span class='ocrx_word' id='word_1_258' title='bbox 394 3197 496 3254; x_wconf 91' lang='lat' dir='ltr'>sed</span> <span class='ocrx_word' id='word_1_259' title='bbox 526 3196 702 3253; x_wconf 90' lang='lat' dir='ltr'>etiam</span> <span class='ocrx_word' id='word_1_260' title='bbox 737 3193 974 3250; x_wconf 80' lang='lat' dir='ltr'>diaboli.</span> 
     </span>
    </p>
   </div>
   <div class='ocr_carea' id='block_1_35' title="bbox 203 3281 1780 3360">
    <p class='ocr_par' dir='ltr' id='par_1_35' title="bbox 203 3281 1780 3360">
     <span class='ocr_line' id='line_1_35' title="bbox 203 3281 1780 3360; baseline -0.005 -16"><span class='ocrx_word' id='word_1_261' title='bbox 203 3288 483 3360; x_wconf 90' lang='lat' dir='ltr'>Sequitur</span> <span class='ocrx_word' id='word_1_262' title='bbox 532 3302 669 3358; x_wconf 89' lang='lat' dir='ltr'>pars</span> <span class='ocrx_word' id='word_1_263' title='bbox 719 3283 979 3340; x_wconf 90' lang='lat' dir='ltr'>secunda</span> <span class='ocrx_word' id='word_1_264' title='bbox 1025 3282 1084 3337; x_wconf 91' lang='lat' dir='ltr'>in</span> <span class='ocrx_word' id='word_1_265' title='bbox 1135 3299 1252 3354; x_wconf 90' lang='lat' dir='ltr'>qua</span> <span class='ocrx_word' id='word_1_266' title='bbox 1281 3281 1549 3354; x_wconf 90' lang='lat' dir='ltr'>prohibet</span> <span class='ocrx_word' id='word_1_267' title='bbox 1579 3281 1780 3338; x_wconf 92' lang='lat' dir='ltr'>Domi-</span> 
     </span>
    </p>
   </div>
   <div class='ocr_carea' id='block_1_36' title="bbox 130 3371 1780 3444">
    <p class='ocr_par' dir='ltr' id='par_1_36' title="bbox 130 3371 1780 3444">
     <span class='ocr_line' id='line_1_36' title="bbox 130 3371 1780 3444; baseline -0.004 -11"><span class='ocrx_word' id='word_1_268' title='bbox 130 3394 245 3434; x_wconf 87' lang='lat' dir='ltr'>nus</span> <span class='ocrx_word' id='word_1_269' title='bbox 275 3374 732 3433; x_wconf 89' lang='lat' dir='ltr'>sollicitudinem</span> <span class='ocrx_word' id='word_1_270' title='bbox 763 3371 1196 3444; x_wconf 88' lang='lat' dir='ltr'>temporalium,</span> <span class='ocrx_word' id='word_1_271' title='bbox 1225 3371 1424 3426; x_wconf 90' lang='lat' dir='ltr'>dicens</span> <span class='ocrx_word' id='word_1_272' title='bbox 1460 3387 1472 3426; x_wconf 91' lang='lat'>:</span> <span class='ocrx_word' id='word_1_273' title='bbox 1499 3373 1615 3427; x_wconf 85' lang='lat' dir='ltr'>Nou</span> <span class='ocrx_word' id='word_1_274' title='bbox 1657 3387 1780 3444; x_wconf 88' lang='lat' dir='ltr'>ergo</span> 
     </span>
    </p>
   </div>
   <div class='ocr_carea' id='block_1_37' title="bbox 124 3459 1780 3534">
    <p class='ocr_par' dir='ltr' id='par_1_37' title="bbox 124 3459 1780 3534">
     <span class='ocr_line' id='line_1_37' title="bbox 124 3459 1780 3534; baseline -0.004 -11"><span class='ocrx_word' id='word_1_275' title='bbox 124 3467 355 3524; x_wconf 85' lang='lat' dir='ltr'>solliciti</span> <span class='ocrx_word' id='word_1_276' title='bbox 401 3467 519 3522; x_wconf 82' lang='lat' dir='ltr'>sitis</span> <span class='ocrx_word' id='word_1_277' title='bbox 568 3465 770 3519; x_wconf 79' lang='lat' dir='ltr'>animae</span> <span class='ocrx_word' id='word_1_278' title='bbox 788 3469 982 3519; x_wconf 73' lang='lat' dir='ltr'>vestrae</span> <span class='ocrx_word' id='word_1_279' title='bbox 1003 3461 1132 3534; x_wconf 87' lang='lat' dir='ltr'>quid</span> <span class='ocrx_word' id='word_1_280' title='bbox 1151 3459 1509 3528; x_wconf 84' lang='lat' dir='ltr'>manducetis,</span> <span class='ocrx_word' id='word_1_281' title='bbox 1543 3467 1646 3516; x_wconf 91' lang='lat' dir='ltr'>aut</span> <span class='ocrx_word' id='word_1_282' title='bbox 1662 3476 1780 3516; x_wconf 86' lang='lat' dir='ltr'>cor-</span> 
     </span>
    </p>
   </div>
   <div class='ocr_carea' id='block_1_38' title="bbox 119 3549 1777 3630">
    <p class='ocr_par' dir='ltr' id='par_1_38' title="bbox 119 3549 1777 3630">
     <span class='ocr_line' id='line_1_38' title="bbox 119 3549 1777 3630; baseline -0.004 -18"><span class='ocrx_word' id='word_1_283' title='bbox 119 3558 254 3630; x_wconf 84' lang='lat' dir='ltr'>pari</span> <span class='ocrx_word' id='word_1_284' title='bbox 281 3563 452 3612; x_wconf 89' lang='lat' dir='ltr'>vestro</span> <span class='ocrx_word' id='word_1_285' title='bbox 499 3553 631 3626; x_wconf 88' lang='lat' dir='ltr'>quid</span> <span class='ocrx_word' id='word_1_286' title='bbox 683 3552 1018 3608; x_wconf 83' lang='lat' dir='ltr'>induamini.</span> <span class='ocrx_word' id='word_1_287' title='bbox 1069 3550 1194 3605; x_wconf 91' lang='lat' dir='ltr'>Non</span> <span class='ocrx_word' id='word_1_288' title='bbox 1245 3552 1438 3604; x_wconf 91' lang='lat' dir='ltr'>autem</span> <span class='ocrx_word' id='word_1_289' title='bbox 1491 3549 1572 3604; x_wconf 85' lang='lat' dir='ltr'>ait</span> <span class='ocrx_word' id='word_1_290' title='bbox 1606 3565 1620 3603; x_wconf 87' lang='lat'><strong>:</strong></span> <span class='ocrx_word' id='word_1_291' title='bbox 1652 3549 1777 3605; x_wconf 90' lang='lat' dir='ltr'>Non</span> 
     </span>
    </p>
   </div>
   <div class='ocr_carea' id='block_1_39' title="bbox 127 3637 1778 3716">
    <p class='ocr_par' dir='ltr' id='par_1_39' title="bbox 127 3637 1778 3716">
     <span class='ocr_line' id='line_1_39' title="bbox 127 3637 1778 3716; baseline -0.004 -15"><span class='ocrx_word' id='word_1_292' title='bbox 127 3644 262 3701; x_wconf 91' lang='lat' dir='ltr'>sitis</span> <span class='ocrx_word' id='word_1_293' title='bbox 320 3642 584 3716; x_wconf 88' lang='lat' dir='ltr'>providi;</span> <span class='ocrx_word' id='word_1_294' title='bbox 638 3658 753 3696; x_wconf 93' lang='lat' dir='ltr'>non</span> <span class='ocrx_word' id='word_1_295' title='bbox 803 3640 959 3696; x_wconf 90' lang='lat' dir='ltr'>enim</span> <span class='ocrx_word' id='word_1_296' title='bbox 1010 3638 1373 3712; x_wconf 89' lang='lat' dir='ltr'>providentia</span> <span class='ocrx_word' id='word_1_297' title='bbox 1421 3637 1778 3710; x_wconf 80' lang='lat' dir='ltr'>temporalis,</span> 
     </span>
    </p>
   </div>
   <div class='ocr_carea' id='block_1_40' title="bbox 126 3727 1779 3803">
    <p class='ocr_par' dir='ltr' id='par_1_40' title="bbox 126 3727 1779 3803">
     <span class='ocr_line' id='line_1_40' title="bbox 126 3727 1779 3803; baseline -0.005 -12"><span class='ocrx_word' id='word_1_298' title='bbox 126 3734 229 3791; x_wconf 87' lang='lat' dir='ltr'>sed</span> <span class='ocrx_word' id='word_1_299' title='bbox 259 3731 592 3788; x_wconf 90' lang='lat' dir='ltr'>sollicitudo</span> <span class='ocrx_word' id='word_1_300' title='bbox 623 3729 985 3803; x_wconf 89' lang='lat' dir='ltr'>prohibetur.</span> <span class='ocrx_word' id='word_1_301' title='bbox 1005 3732 1178 3784; x_wconf 82' lang='lat' dir='ltr'>Porro</span> <span class='ocrx_word' id='word_1_302' title='bbox 1201 3727 1530 3783; x_wconf 90' lang='lat' dir='ltr'>sollicitudo</span> <span class='ocrx_word' id='word_1_303' title='bbox 1553 3731 1779 3800; x_wconf 60' lang='lat' dir='ltr'>estquae</span> 
     </span>
    </p>
   </div>
   <div class='ocr_carea' id='block_1_41' title="bbox 126 3815 1782 3878">
    <p class='ocr_par' dir='ltr' id='par_1_41' title="bbox 126 3815 1782 3878">
     <span class='ocr_line' id='line_1_41' title="bbox 126 3815 1782 3878; baseline -0.004 0"><span class='ocrx_word' id='word_1_304' title='bbox 126 3837 388 3878; x_wconf 88' lang='lat' dir='ltr'>amorem</span> <span class='ocrx_word' id='word_1_305' title='bbox 415 3822 472 3874; x_wconf 93' lang='lat' dir='ltr'>et</span> <span class='ocrx_word' id='word_1_306' title='bbox 503 3817 885 3874; x_wconf 89' lang='lat' dir='ltr'>intentionem</span> <span class='ocrx_word' id='word_1_307' title='bbox 901 3821 1248 3872; x_wconf 66' lang='lat' dir='ltr'>internarum</span> <span class='ocrx_word' id='word_1_308' title='bbox 1270 3815 1329 3870; x_wconf 91' lang='lat' dir='ltr'>in</span> <span class='ocrx_word' id='word_1_309' title='bbox 1346 3815 1513 3871; x_wconf 91' lang='lat' dir='ltr'>nobis</span> <span class='ocrx_word' id='word_1_310' title='bbox 1536 3816 1782 3872; x_wconf 86' lang='lat' dir='ltr'>sull‘ocat</span> 
     </span>
    </p>
   </div>
   <div class='ocr_carea' id='block_1_42' title="bbox 125 3903 1778 3981">
    <p class='ocr_par' dir='ltr' id='par_1_42' title="bbox 125 3903 1778 3981">
     <span class='ocr_line' id='line_1_42' title="bbox 125 3903 1778 3981; baseline -0.003 -16"><span class='ocrx_word' id='word_1_311' title='bbox 125 3914 184 3965; x_wconf 90' lang='lat' dir='ltr'>et</span> <span class='ocrx_word' id='word_1_312' title='bbox 215 3908 554 3981; x_wconf 78' lang='lat' dir='ltr'>exstinguit.</span> <span class='ocrx_word' id='word_1_313' title='bbox 579 3907 740 3963; x_wconf 91' lang='lat' dir='ltr'>Unde</span> <span class='ocrx_word' id='word_1_314' title='bbox 762 3905 901 3962; x_wconf 89' lang='lat' dir='ltr'>alibi</span> <span class='ocrx_word' id='word_1_315' title='bbox 935 3905 993 3960; x_wconf 93' lang='lat' dir='ltr'>in</span> <span class='ocrx_word' id='word_1_316' title='bbox 1027 3903 1306 3978; x_wconf 80' lang='lat' dir='ltr'>parabole</span> <span class='ocrx_word' id='word_1_317' title='bbox 1339 3904 1484 3960; x_wconf 91' lang='lat' dir='ltr'>dicit</span> <span class='ocrx_word' id='word_1_318' title='bbox 1513 3906 1668 3976; x_wconf 91' lang='lat' dir='ltr'>quod</span> <span class='ocrx_word' id='word_1_319' title='bbox 1691 3922 1778 3960; x_wconf 84' lang='lat' dir='ltr'>ex-</span> 
     </span>
    </p>
   </div>
   <div class='ocr_carea' id='block_1_43' title="bbox 125 3993 1780 4070">
    <p class='ocr_par' dir='ltr' id='par_1_43' title="bbox 125 3993 1780 4070">
     <span class='ocr_line' id='line_1_43' title="bbox 125 3993 1780 4070; baseline -0.002 -17"><span class='ocrx_word' id='word_1_320' title='bbox 125 4002 265 4055; x_wconf 72' lang='lat' dir='ltr'>orta:</span> <span class='ocrx_word' id='word_1_321' title='bbox 298 3997 480 4070; x_wconf 76' lang='lat' dir='ltr'>spina:</span> <span class='ocrx_word' id='word_1_322' title='bbox 509 3997 936 4052; x_wconf 80' lang='lat' dir='ltr'>suil&#39;ocaverunt</span> <span class='ocrx_word' id='word_1_323' title='bbox 949 3995 1190 4050; x_wconf 90' lang='lat' dir='ltr'>verbum</span> <span class='ocrx_word' id='word_1_324' title='bbox 1205 3993 1626 4062; x_wconf 85' lang='lat' dir='ltr'>Dei(Luc.vm).</span> <span class='ocrx_word' id='word_1_325' title='bbox 1645 3994 1780 4050; x_wconf 88' lang='lat' dir='ltr'>Pro-</span> 
     </span>
    </p>
   </div>
   <div class='ocr_carea' id='block_1_44' title="bbox 125 4081 1782 4142">
    <p class='ocr_par' dir='ltr' id='par_1_44' title="bbox 125 4081 1782 4142">
     <span class='ocr_line' id='line_1_44' title="bbox 125 4081 1782 4142; baseline -0.002 0"><span class='ocrx_word' id='word_1_326' title='bbox 125 4087 322 4142; x_wconf 87' lang='lat' dir='ltr'>videre</span> <span class='ocrx_word' id='word_1_327' title='bbox 347 4103 481 4141; x_wconf 91' lang='lat' dir='ltr'>vero</span> <span class='ocrx_word' id='word_1_328' title='bbox 516 4086 839 4141; x_wconf 89' lang='lat' dir='ltr'>secundum</span> <span class='ocrx_word' id='word_1_329' title='bbox 872 4083 1055 4138; x_wconf 90' lang='lat' dir='ltr'>Deum</span> <span class='ocrx_word' id='word_1_330' title='bbox 1089 4083 1242 4137; x_wconf 89' lang='lat' dir='ltr'>unde</span> <span class='ocrx_word' id='word_1_331' title='bbox 1267 4081 1596 4138; x_wconf 85' lang='lat' dir='ltr'>tribuamus</span> <span class='ocrx_word' id='word_1_332' title='bbox 1613 4082 1782 4139; x_wconf 90' lang='lat' dir='ltr'>nobis</span> 
     </span>
    </p>
   </div>
   <div class='ocr_carea' id='block_1_45' title="bbox 129 4170 1783 4244">
    <p class='ocr_par' dir='ltr' id='par_1_45' title="bbox 129 4170 1783 4244">
     <span class='ocr_line' id='line_1_45' title="bbox 129 4170 1783 4244; baseline -0.002 -13"><span class='ocrx_word' id='word_1_333' title='bbox 129 4178 188 4231; x_wconf 89' lang='lat' dir='ltr'>et</span> <span class='ocrx_word' id='word_1_334' title='bbox 220 4173 438 4238; x_wconf 82' lang='lat' dir='ltr'>nostris</span> <span class='ocrx_word' id='word_1_335' title='bbox 464 4178 520 4229; x_wconf 89' lang='lat' dir='ltr'>et</span> <span class='ocrx_word' id='word_1_336' title='bbox 545 4173 716 4228; x_wconf 91' lang='lat' dir='ltr'>eiiam</span> <span class='ocrx_word' id='word_1_337' title='bbox 741 4171 1100 4244; x_wconf 87' lang='lat' dir='ltr'>pauperibus</span> <span class='ocrx_word' id='word_1_338' title='bbox 1123 4170 1450 4225; x_wconf 89' lang='lat' dir='ltr'>necessaria</span> <span class='ocrx_word' id='word_1_339' title='bbox 1462 4170 1680 4226; x_wconf 89' lang='lat' dir='ltr'>bonum</span> <span class='ocrx_word' id='word_1_340' title='bbox 1695 4176 1783 4228; x_wconf 88' lang='lat' dir='ltr'>est</span> 
     </span>
    </p>
   </div>
   <div class='ocr_carea' id='block_1_46' title="bbox 132 4258 1781 4328">
    <p class='ocr_par' dir='ltr' id='par_1_46' title="bbox 132 4258 1781 4328">
     <span class='ocr_line' id='line_1_46' title="bbox 132 4258 1781 4328; baseline -0.002 -9"><span class='ocrx_word' id='word_1_341' title='bbox 132 4263 296 4328; x_wconf 88' lang='lat' dir='ltr'>Quod</span> <span class='ocrx_word' id='word_1_342' title='bbox 329 4279 462 4318; x_wconf 88' lang='lat' dir='ltr'>vero</span> <span class='ocrx_word' id='word_1_343' title='bbox 494 4261 633 4317; x_wconf 93' lang='lat' dir='ltr'>alibi</span> <span class='ocrx_word' id='word_1_344' title='bbox 666 4260 882 4315; x_wconf 89' lang='lat' dir='ltr'>dicitur</span> <span class='ocrx_word' id='word_1_345' title='bbox 914 4276 927 4314; x_wconf 88' lang='lat'>:</span> <span class='ocrx_word' id='word_1_346' title='bbox 961 4259 1136 4314; x_wconf 78' lang='lat' dir='ltr'>Nolite</span> <span class='ocrx_word' id='word_1_347' title='bbox 1165 4260 1405 4328; x_wconf 82' lang='lat' dir='ltr'>cogitare</span> <span class='ocrx_word' id='word_1_348' title='bbox 1433 4258 1498 4314; x_wconf 87' lang='lat' dir='ltr'>de</span> <span class='ocrx_word' id='word_1_349' title='bbox 1543 4262 1781 4317; x_wconf 84' lang='lat' dir='ltr'>crastino</span> 
     </span>
    </p>
   </div>
   <div class='ocr_carea' id='block_1_47' title="bbox 131 4348 1778 4426">
    <p class='ocr_par' dir='ltr' id='par_1_47' title="bbox 131 4348 1778 4426">
     <span class='ocr_line' id='line_1_47' title="bbox 131 4348 1778 4426; baseline -0.002 -18"><span class='ocrx_word' id='word_1_350' title='bbox 131 4352 340 4426; x_wconf 82' lang='lat' dir='ltr'>(Matth.</span> <span class='ocrx_word' id='word_1_351' title='bbox 383 4351 502 4424; x_wconf 74' lang='lat' dir='ltr'>vn);</span> <span class='ocrx_word' id='word_1_352' title='bbox 552 4349 805 4422; x_wconf 91' lang='lat' dir='ltr'>cogitare</span> <span class='ocrx_word' id='word_1_353' title='bbox 848 4348 1086 4420; x_wconf 90' lang='lat' dir='ltr'>ponitur</span> <span class='ocrx_word' id='word_1_354' title='bbox 1135 4364 1239 4420; x_wconf 90' lang='lat' dir='ltr'>pro</span> <span class='ocrx_word' id='word_1_355' title='bbox 1288 4348 1484 4403; x_wconf 83' lang='lat' dir='ltr'>futuro</span> <span class='ocrx_word' id='word_1_356' title='bbox 1534 4355 1778 4416; x_wconf 91' lang='lat' dir='ltr'>remoto,</span> 
     </span>
    </p>
   </div>
   <div class='ocr_carea' id='block_1_48' title="bbox 132 4435 1783 4514">
    <p class='ocr_par' dir='ltr' id='par_1_48' title="bbox 132 4435 1783 4514">
     <span class='ocr_line' id='line_1_48' title="bbox 132 4435 1783 4514; baseline -0.002 -16"><span class='ocrx_word' id='word_1_357' title='bbox 132 4441 226 4499; x_wconf 88' lang='lat' dir='ltr'>vel</span> <span class='ocrx_word' id='word_1_358' title='bbox 259 4459 362 4514; x_wconf 92' lang='lat' dir='ltr'>pro</span> <span class='ocrx_word' id='word_1_359' title='bbox 395 4439 713 4496; x_wconf 90' lang='lat' dir='ltr'>sollicitum</span> <span class='ocrx_word' id='word_1_360' title='bbox 745 4455 906 4494; x_wconf 88' lang='lat' dir='ltr'>esse:</span> <span class='ocrx_word' id='word_1_361' title='bbox 941 4441 1142 4493; x_wconf 90' lang='lat' dir='ltr'>contra</span> <span class='ocrx_word' id='word_1_362' title='bbox 1170 4435 1301 4492; x_wconf 90' lang='lat' dir='ltr'>illos</span> <span class='ocrx_word' id='word_1_363' title='bbox 1327 4437 1426 4509; x_wconf 92' lang='lat' dir='ltr'>qui</span> <span class='ocrx_word' id='word_1_364' title='bbox 1453 4439 1783 4496; x_wconf 90' lang='lat' dir='ltr'>necessaria</span> 
     </span>
    </p>
   </div>
   <div class='ocr_carea' id='block_1_49' title="bbox 1903 614 3551 688">
    <p class='ocr_par' dir='ltr' id='par_1_49' title="bbox 1903 614 3551 688">
     <span class='ocr_line' id='line_1_49' title="bbox 1903 614 3551 688; baseline 0.002 -19"><span class='ocrx_word' id='word_1_365' title='bbox 1903 614 2036 670; x_wconf 90' lang='lat' dir='ltr'>vani</span> <span class='ocrx_word' id='word_1_366' title='bbox 2067 618 2124 669; x_wconf 89' lang='lat' dir='ltr'>et</span> <span class='ocrx_word' id='word_1_367' title='bbox 2155 614 2290 670; x_wconf 88' lang='lat' dir='ltr'>mali</span> <span class='ocrx_word' id='word_1_368' title='bbox 2322 614 2590 671; x_wconf 88' lang='lat' dir='ltr'>homines</span> <span class='ocrx_word' id='word_1_369' title='bbox 2622 615 2801 687; x_wconf 87' lang='lat' dir='ltr'>hujus</span> <span class='ocrx_word' id='word_1_370' title='bbox 2824 615 3433 688; x_wconf 89' lang='lat' dir='ltr'>mundiaccipiuntur,</span> <span class='ocrx_word' id='word_1_371' title='bbox 3449 616 3551 688; x_wconf 89' lang='lat' dir='ltr'>qui</span> 
     </span>
    </p>
   </div>
   <div class='ocr_carea' id='block_1_50' title="bbox 1902 703 3546 777">
    <p class='ocr_par' dir='ltr' id='par_1_50' title="bbox 1902 703 3546 777">
     <span class='ocr_line' id='line_1_50' title="bbox 1902 703 3546 777; baseline 0.001 -18"><span class='ocrx_word' id='word_1_372' title='bbox 1902 703 2148 759; x_wconf 88' lang='lat' dir='ltr'>volitant</span> <span class='ocrx_word' id='word_1_373' title='bbox 2177 721 2280 776; x_wconf 88' lang='lat' dir='ltr'>per</span> <span class='ocrx_word' id='word_1_374' title='bbox 2309 704 2730 772; x_wconf 90' lang='lat' dir='ltr'>curiositatem,</span> <span class='ocrx_word' id='word_1_375' title='bbox 2748 703 3046 760; x_wconf 89' lang='lat' dir='ltr'>elevantur</span> <span class='ocrx_word' id='word_1_376' title='bbox 3067 722 3168 776; x_wconf 90' lang='lat' dir='ltr'>per</span> <span class='ocrx_word' id='word_1_377' title='bbox 3189 704 3546 777; x_wconf 89' lang='lat' dir='ltr'>superbiam,</span> 
     </span>
    </p>
   </div>
   <div class='ocr_carea' id='block_1_51' title="bbox 1905 793 3549 866">
    <p class='ocr_par' dir='ltr' id='par_1_51' title="bbox 1905 793 3549 866">
     <span class='ocr_line' id='line_1_51' title="bbox 1905 793 3549 866; baseline 0.001 -18"><span class='ocrx_word' id='word_1_378' title='bbox 1905 793 2283 866; x_wconf 89' lang='lat' dir='ltr'>deponuntur</span> <span class='ocrx_word' id='word_1_379' title='bbox 2297 793 2356 848; x_wconf 92' lang='lat' dir='ltr'>in</span> <span class='ocrx_word' id='word_1_380' title='bbox 2370 797 2582 849; x_wconf 90' lang='lat' dir='ltr'>terram</span> <span class='ocrx_word' id='word_1_381' title='bbox 2601 811 2702 866; x_wconf 92' lang='lat' dir='ltr'>per</span> <span class='ocrx_word' id='word_1_382' title='bbox 2716 793 3116 866; x_wconf 87' lang='lat' dir='ltr'>cupiditatem,</span> <span class='ocrx_word' id='word_1_383' title='bbox 3131 811 3247 849; x_wconf 91' lang='lat' dir='ltr'>non</span> <span class='ocrx_word' id='word_1_384' title='bbox 3261 794 3331 849; x_wconf 90' lang='lat' dir='ltr'>de</span> <span class='ocrx_word' id='word_1_385' title='bbox 3353 793 3549 850; x_wconf 89' lang='lat' dir='ltr'>labore</span> 
     </span>
    </p>
   </div>
   <div class='ocr_carea' id='block_1_52' title="bbox 1904 881 3549 954">
    <p class='ocr_par' dir='ltr' id='par_1_52' title="bbox 1904 881 3549 954">
     <span class='ocr_line' id='line_1_52' title="bbox 1904 881 3549 954; baseline 0.002 -18"><span class='ocrx_word' id='word_1_386' title='bbox 1904 898 2010 937; x_wconf 84' lang='lat' dir='ltr'>suo</span> <span class='ocrx_word' id='word_1_387' title='bbox 2039 881 2258 948; x_wconf 90' lang='lat' dir='ltr'>vivunt,</span> <span class='ocrx_word' id='word_1_388' title='bbox 2291 882 2391 937; x_wconf 90' lang='lat' dir='ltr'>sed</span> <span class='ocrx_word' id='word_1_389' title='bbox 2420 882 2490 936; x_wconf 91' lang='lat' dir='ltr'>de</span> <span class='ocrx_word' id='word_1_390' title='bbox 2519 881 2707 937; x_wconf 92' lang='lat' dir='ltr'>alieno</span> <span class='ocrx_word' id='word_1_391' title='bbox 2754 897 2859 953; x_wconf 87' lang='lat' dir='ltr'>per</span> <span class='ocrx_word' id='word_1_392' title='bbox 2897 882 3293 954; x_wconf 87' lang='lat' dir='ltr'>rapacitatem.</span> <span class='ocrx_word' id='word_1_393' title='bbox 3330 882 3549 951; x_wconf 84' lang='lat' dir='ltr'>Quibus</span> 
     </span>
    </p>
   </div>
   <div class='ocr_carea' id='block_1_53' title="bbox 1903 969 3547 1044">
    <p class='ocr_par' dir='ltr' id='par_1_53' title="bbox 1903 969 3547 1044">
     <span class='ocr_line' id='line_1_53' title="bbox 1903 969 3547 1044; baseline 0.001 -18"><span class='ocrx_word' id='word_1_394' title='bbox 1903 969 1953 1026; x_wconf 92' lang='lat' dir='ltr'>si</span> <span class='ocrx_word' id='word_1_395' title='bbox 1983 970 2268 1026; x_wconf 87' lang='lat' dir='ltr'>Dominus</span> <span class='ocrx_word' id='word_1_396' title='bbox 2300 971 2424 1026; x_wconf 90' lang='lat' dir='ltr'>suis</span> <span class='ocrx_word' id='word_1_397' title='bbox 2447 971 2945 1044; x_wconf 88' lang='lat' dir='ltr'>contemptoribus</span> <span class='ocrx_word' id='word_1_398' title='bbox 2975 971 3073 1026; x_wconf 91' lang='lat' dir='ltr'>dat</span> <span class='ocrx_word' id='word_1_399' title='bbox 3093 970 3547 1044; x_wconf 91' lang='lat' dir='ltr'>cibum,quanto</span> 
     </span>
    </p>
   </div>
   <div class='ocr_carea' id='block_1_54' title="bbox 1903 1059 3548 1132">
    <p class='ocr_par' dir='ltr' id='par_1_54' title="bbox 1903 1059 3548 1132">
     <span class='ocr_line' id='line_1_54' title="bbox 1903 1059 3548 1132; baseline 0.001 -17"><span class='ocrx_word' id='word_1_400' title='bbox 1903 1059 2091 1132; x_wconf 86' lang='lat' dir='ltr'>magis</span> <span class='ocrx_word' id='word_1_401' title='bbox 2114 1059 2407 1127; x_wconf 85' lang='lat' dir='ltr'>ﬁdelibus,</span> <span class='ocrx_word' id='word_1_402' title='bbox 2424 1060 2586 1116; x_wconf 86' lang='lat' dir='ltr'>suis?</span> <span class='ocrx_word' id='word_1_403' title='bbox 2605 1060 2830 1116; x_wconf 84' lang='lat' dir='ltr'>Rursus</span> <span class='ocrx_word' id='word_1_404' title='bbox 2843 1060 2996 1132; x_wconf 92' lang='lat' dir='ltr'>quod</span> <span class='ocrx_word' id='word_1_405' title='bbox 3010 1060 3079 1116; x_wconf 91' lang='lat' dir='ltr'>de</span> <span class='ocrx_word' id='word_1_406' title='bbox 3091 1060 3299 1116; x_wconf 90' lang='lat' dir='ltr'>vestitu</span> <span class='ocrx_word' id='word_1_407' title='bbox 3321 1078 3433 1116; x_wconf 91' lang='lat' dir='ltr'>non</span> <span class='ocrx_word' id='word_1_408' title='bbox 3450 1061 3548 1116; x_wconf 85' lang='lat' dir='ltr'>de-</span> 
     </span>
    </p>
   </div>
   <div class='ocr_carea' id='block_1_55' title="bbox 1900 1147 3546 1220">
    <p class='ocr_par' dir='ltr' id='par_1_55' title="bbox 1900 1147 3546 1220">
     <span class='ocr_line' id='line_1_55' title="bbox 1900 1147 3546 1220; baseline 0 -16"><span class='ocrx_word' id='word_1_409' title='bbox 1900 1149 2147 1204; x_wconf 88' lang='lat' dir='ltr'>beamus</span> <span class='ocrx_word' id='word_1_410' title='bbox 2177 1165 2304 1204; x_wconf 88' lang='lat' dir='ltr'>esse</span> <span class='ocrx_word' id='word_1_411' title='bbox 2330 1147 2584 1216; x_wconf 91' lang='lat' dir='ltr'>solliciti,</span> <span class='ocrx_word' id='word_1_412' title='bbox 2610 1148 2818 1220; x_wconf 90' lang='lat' dir='ltr'>probat</span> <span class='ocrx_word' id='word_1_413' title='bbox 2846 1165 2880 1204; x_wconf 92' lang='lat' dir='ltr'>a</span> <span class='ocrx_word' id='word_1_414' title='bbox 2911 1147 3144 1218; x_wconf 91' lang='lat' dir='ltr'>minori,</span> <span class='ocrx_word' id='word_1_415' title='bbox 3170 1149 3546 1206; x_wconf 89' lang='lat' dir='ltr'>dicens:Con-</span> 
     </span>
    </p>
   </div>
   <div class='ocr_carea' id='block_1_56' title="bbox 1899 1237 3544 1309">
    <p class='ocr_par' dir='ltr' id='par_1_56' title="bbox 1899 1237 3544 1309">
     <span class='ocr_line' id='line_1_56' title="bbox 1899 1237 3544 1309; baseline 0.001 -17"><span class='ocrx_word' id='word_1_416' title='bbox 1899 1238 2133 1294; x_wconf 89' lang='lat' dir='ltr'>siderate</span> <span class='ocrx_word' id='word_1_417' title='bbox 2183 1238 2306 1293; x_wconf 86' lang='lat' dir='ltr'>lilia</span> <span class='ocrx_word' id='word_1_418' title='bbox 2349 1239 2494 1307; x_wconf 86' lang='lat' dir='ltr'>agri,</span> <span class='ocrx_word' id='word_1_419' title='bbox 2524 1237 2785 1309; x_wconf 87' lang='lat' dir='ltr'>quomodo</span> <span class='ocrx_word' id='word_1_420' title='bbox 2813 1246 3062 1294; x_wconf 86' lang='lat' dir='ltr'>crescunt</span> <span class='ocrx_word' id='word_1_421' title='bbox 3083 1255 3102 1294; x_wconf 89' lang='lat'><strong><em>:</em></strong></span> <span class='ocrx_word' id='word_1_422' title='bbox 3131 1255 3243 1294; x_wconf 88' lang='lat' dir='ltr'>non</span> <span class='ocrx_word' id='word_1_423' title='bbox 3275 1239 3544 1295; x_wconf 86' lang='lat' dir='ltr'>laborant.</span> 
     </span>
    </p>
   </div>
   <div class='ocr_carea' id='block_1_57' title="bbox 1899 1326 3546 1400">
    <p class='ocr_par' dir='ltr' id='par_1_57' title="bbox 1899 1326 3546 1400">
     <span class='ocr_line' id='line_1_57' title="bbox 1899 1326 3546 1400; baseline 0.002 -20"><span class='ocrx_word' id='word_1_424' title='bbox 1899 1343 2069 1398; x_wconf 88' lang='lat' dir='ltr'>neque</span> <span class='ocrx_word' id='word_1_425' title='bbox 2097 1335 2248 1381; x_wconf 83' lang='lat' dir='ltr'>nent.</span> <span class='ocrx_word' id='word_1_426' title='bbox 2281 1327 2408 1382; x_wconf 86' lang='lat' dir='ltr'>Dico</span> <span class='ocrx_word' id='word_1_427' title='bbox 2456 1334 2639 1382; x_wconf 88' lang='lat' dir='ltr'>autem</span> <span class='ocrx_word' id='word_1_428' title='bbox 2689 1326 2835 1382; x_wconf 88' lang='lat' dir='ltr'>vobis</span> <span class='ocrx_word' id='word_1_429' title='bbox 2881 1327 3020 1400; x_wconf 88' lang='lat' dir='ltr'>quod</span> <span class='ocrx_word' id='word_1_430' title='bbox 3063 1343 3162 1384; x_wconf 88' lang='lat' dir='ltr'>nec</span> <span class='ocrx_word' id='word_1_431' title='bbox 3199 1328 3456 1384; x_wconf 88' lang='lat' dir='ltr'>Salomon</span> <span class='ocrx_word' id='word_1_432' title='bbox 3489 1330 3546 1384; x_wconf 86' lang='lat' dir='ltr'>in</span> 
     </span>
    </p>
   </div>
   <div class='ocr_carea' id='block_1_58' title="bbox 1899 1416 3544 1489">
    <p class='ocr_par' dir='ltr' id='par_1_58' title="bbox 1899 1416 3544 1489">
     <span class='ocr_line' id='line_1_58' title="bbox 1899 1416 3544 1489; baseline 0.001 -17"><span class='ocrx_word' id='word_1_433' title='bbox 1899 1417 2051 1472; x_wconf 81' lang='lat' dir='ltr'>omni</span> <span class='ocrx_word' id='word_1_434' title='bbox 2095 1416 2285 1489; x_wconf 85' lang='lat' dir='ltr'>gloria</span> <span class='ocrx_word' id='word_1_435' title='bbox 2331 1432 2433 1470; x_wconf 85' lang='lat' dir='ltr'>sua</span> <span class='ocrx_word' id='word_1_436' title='bbox 2481 1423 2756 1488; x_wconf 87' lang='lat' dir='ltr'>coopertus</span> <span class='ocrx_word' id='word_1_437' title='bbox 2802 1423 2881 1472; x_wconf 85' lang='lat' dir='ltr'>est</span> <span class='ocrx_word' id='word_1_438' title='bbox 2923 1417 3063 1472; x_wconf 87' lang='lat' dir='ltr'>sicut</span> <span class='ocrx_word' id='word_1_439' title='bbox 3084 1433 3256 1472; x_wconf 87' lang='lat' dir='ltr'>unum</span> <span class='ocrx_word' id='word_1_440' title='bbox 3304 1419 3544 1473; x_wconf 74' lang='lat' dir='ltr'>existis.</span> 
     </span>
    </p>
   </div>
   <div class='ocr_carea' id='block_1_59' title="bbox 1898 1503 3541 1578">
    <p class='ocr_par' dir='ltr' id='par_1_59' title="bbox 1898 1503 3541 1578">
     <span class='ocr_line' id='line_1_59' title="bbox 1898 1503 3541 1578; baseline 0.001 -18"><span class='ocrx_word' id='word_1_441' title='bbox 1898 1505 1982 1560; x_wconf 87' lang='lat' dir='ltr'>Ad</span> <span class='ocrx_word' id='word_1_442' title='bbox 1999 1504 2249 1560; x_wconf 90' lang='lat' dir='ltr'>litteram</span> <span class='ocrx_word' id='word_1_443' title='bbox 2267 1505 2431 1560; x_wconf 87' lang='lat' dir='ltr'>nulla</span> <span class='ocrx_word' id='word_1_444' title='bbox 2449 1521 2711 1577; x_wconf 86' lang='lat' dir='ltr'>purpura</span> <span class='ocrx_word' id='word_1_445' title='bbox 2724 1503 2812 1561; x_wconf 92' lang='lat' dir='ltr'>vel</span> <span class='ocrx_word' id='word_1_446' title='bbox 2826 1504 3100 1574; x_wconf 89' lang='lat' dir='ltr'>sericum,</span> <span class='ocrx_word' id='word_1_447' title='bbox 3116 1522 3231 1578; x_wconf 92' lang='lat' dir='ltr'>quo</span> <span class='ocrx_word' id='word_1_448' title='bbox 3245 1505 3541 1574; x_wconf 92' lang='lat' dir='ltr'>Salomon,</span> 
     </span>
    </p>
   </div>
   <div class='ocr_carea' id='block_1_60' title="bbox 1898 1593 3546 1668">
    <p class='ocr_par' dir='ltr' id='par_1_60' title="bbox 1898 1593 3546 1668">
     <span class='ocr_line' id='line_1_60' title="bbox 1898 1593 3546 1668; baseline 0.002 -20"><span class='ocrx_word' id='word_1_449' title='bbox 1898 1593 1984 1648; x_wconf 91' lang='lat' dir='ltr'>vel</span> <span class='ocrx_word' id='word_1_450' title='bbox 2017 1593 2232 1666; x_wconf 90' lang='lat' dir='ltr'>aliquis</span> <span class='ocrx_word' id='word_1_451' title='bbox 2257 1594 2548 1667; x_wconf 89' lang='lat' dir='ltr'>gloriosus</span> <span class='ocrx_word' id='word_1_452' title='bbox 2579 1593 2639 1648; x_wconf 90' lang='lat' dir='ltr'>in</span> <span class='ocrx_word' id='word_1_453' title='bbox 2671 1595 2890 1650; x_wconf 92' lang='lat' dir='ltr'>mundo</span> <span class='ocrx_word' id='word_1_454' title='bbox 2920 1594 3164 1651; x_wconf 86' lang='lat' dir='ltr'>vestitus</span> <span class='ocrx_word' id='word_1_455' title='bbox 3212 1598 3320 1664; x_wconf 89' lang='lat' dir='ltr'>est,</span> <span class='ocrx_word' id='word_1_456' title='bbox 3354 1599 3546 1668; x_wconf 87' lang='lat' dir='ltr'>potest</span> 
     </span>
    </p>
   </div>
   <div class='ocr_carea' id='block_1_61' title="bbox 1898 1683 3543 1756">
    <p class='ocr_par' dir='ltr' id='par_1_61' title="bbox 1898 1683 3543 1756">
     <span class='ocr_line' id='line_1_61' title="bbox 1898 1683 3543 1756; baseline 0.001 -17"><span class='ocrx_word' id='word_1_457' title='bbox 1898 1683 2138 1739; x_wconf 89' lang='lat' dir='ltr'>ﬂoribus</span> <span class='ocrx_word' id='word_1_458' title='bbox 2171 1683 2677 1756; x_wconf 89' lang='lat' dir='ltr'>comparari.Quid</span> <span class='ocrx_word' id='word_1_459' title='bbox 2709 1683 2962 1740; x_wconf 89' lang='lat' dir='ltr'>enimita</span> <span class='ocrx_word' id='word_1_460' title='bbox 2991 1685 3200 1741; x_wconf 90' lang='lat' dir='ltr'>candet</span> <span class='ocrx_word' id='word_1_461' title='bbox 3230 1688 3294 1740; x_wconf 88' lang='lat' dir='ltr'>ut</span> <span class='ocrx_word' id='word_1_462' title='bbox 3321 1683 3543 1741; x_wconf 84' lang='lat' dir='ltr'>lilium?</span> 
     </span>
    </p>
   </div>
   <div class='ocr_carea' id='block_1_62' title="bbox 1896 1772 3546 1846">
    <p class='ocr_par' dir='ltr' id='par_1_62' title="bbox 1896 1772 3546 1846">
     <span class='ocr_line' id='line_1_62' title="bbox 1896 1772 3546 1846; baseline 0.002 -18"><span class='ocrx_word' id='word_1_463' title='bbox 1896 1773 2044 1837; x_wconf 90' lang='lat' dir='ltr'>Quid</span> <span class='ocrx_word' id='word_1_464' title='bbox 2077 1773 2156 1828; x_wconf 90' lang='lat' dir='ltr'>ita</span> <span class='ocrx_word' id='word_1_465' title='bbox 2187 1772 2377 1842; x_wconf 89' lang='lat' dir='ltr'>rubet,</span> <span class='ocrx_word' id='word_1_466' title='bbox 2398 1777 2459 1828; x_wconf 91' lang='lat' dir='ltr'>ut</span> <span class='ocrx_word' id='word_1_467' title='bbox 2491 1772 2657 1828; x_wconf 85' lang='lat' dir='ltr'>rosa?</span> <span class='ocrx_word' id='word_1_468' title='bbox 2685 1773 2746 1828; x_wconf 86' lang='lat' dir='ltr'>Si</span> <span class='ocrx_word' id='word_1_469' title='bbox 2776 1773 3546 1846; x_wconf 81' lang='lat' dir='ltr'>autem,inquit,fenumagri</span> 
     </span>
    </p>
   </div>
   <div class='ocr_carea' id='block_1_63' title="bbox 1896 1862 3544 1935">
    <p class='ocr_par' dir='ltr' id='par_1_63' title="bbox 1896 1862 3544 1935">
     <span class='ocr_line' id='line_1_63' title="bbox 1896 1862 3544 1935; baseline 0.001 -18"><span class='ocrx_word' id='word_1_470' title='bbox 1896 1863 2035 1935; x_wconf 88' lang='lat' dir='ltr'>quod</span> <span class='ocrx_word' id='word_1_471' title='bbox 2064 1862 2221 1918; x_wconf 83' lang='lat' dir='ltr'>hodie</span> <span class='ocrx_word' id='word_1_472' title='bbox 2249 1869 2347 1933; x_wconf 90' lang='lat' dir='ltr'>est,</span> <span class='ocrx_word' id='word_1_473' title='bbox 2379 1870 2430 1918; x_wconf 89' lang='lat' dir='ltr'>et</span> <span class='ocrx_word' id='word_1_474' title='bbox 2457 1879 2578 1917; x_wconf 86' lang='lat' dir='ltr'>cras</span> <span class='ocrx_word' id='word_1_475' title='bbox 2611 1864 2668 1918; x_wconf 84' lang='lat' dir='ltr'>in</span> <span class='ocrx_word' id='word_1_476' title='bbox 2697 1863 2978 1918; x_wconf 82' lang='lat' dir='ltr'>clibanum</span> <span class='ocrx_word' id='word_1_477' title='bbox 3006 1865 3261 1930; x_wconf 75' lang='lat' dir='ltr'>mittitur,</span> <span class='ocrx_word' id='word_1_478' title='bbox 3296 1865 3436 1919; x_wconf 85' lang='lat' dir='ltr'>Deus</span> <span class='ocrx_word' id='word_1_479' title='bbox 3464 1866 3544 1919; x_wconf 89' lang='lat' dir='ltr'>sic</span> 
     </span>
    </p>
   </div>
   <div class='ocr_carea' id='block_1_64' title="bbox 1895 1950 3541 2022">
    <p class='ocr_par' dir='ltr' id='par_1_64' title="bbox 1895 1950 3541 2022">
     <span class='ocr_line' id='line_1_64' title="bbox 1895 1950 3541 2022; baseline 0.002 -16"><span class='ocrx_word' id='word_1_480' title='bbox 1895 1953 2051 2007; x_wconf 89' lang='lat' dir='ltr'>vestit</span> <span class='ocrx_word' id='word_1_481' title='bbox 2081 1959 2283 2022; x_wconf 88' lang='lat' dir='ltr'>quanto</span> <span class='ocrx_word' id='word_1_482' title='bbox 2311 1952 2486 2022; x_wconf 86' lang='lat' dir='ltr'>magis</span> <span class='ocrx_word' id='word_1_483' title='bbox 2511 1967 2601 2006; x_wconf 91' lang='lat' dir='ltr'>vos</span> <span class='ocrx_word' id='word_1_484' title='bbox 2637 1950 2868 2008; x_wconf 66' lang='lat' dir='ltr'>modica:</span> <span class='ocrx_word' id='word_1_485' title='bbox 2907 1952 3084 2022; x_wconf 85' lang='lat' dir='ltr'>ﬁdei?</span> <span class='ocrx_word' id='word_1_486' title='bbox 3113 1952 3398 2009; x_wconf 85' lang='lat' dir='ltr'>subaudis</span> <span class='ocrx_word' id='word_1_487' title='bbox 3447 1970 3541 2009; x_wconf 91' lang='lat' dir='ltr'>ve-</span> 
     </span>
    </p>
   </div>
   <div class='ocr_carea' id='block_1_65' title="bbox 1895 2039 3542 2112">
    <p class='ocr_par' dir='ltr' id='par_1_65' title="bbox 1895 2039 3542 2112">
     <span class='ocr_line' id='line_1_65' title="bbox 1895 2039 3542 2112; baseline 0.001 -17"><span class='ocrx_word' id='word_1_488' title='bbox 1895 2040 2052 2107; x_wconf 90' lang='lat' dir='ltr'>stiet,</span> <span class='ocrx_word' id='word_1_489' title='bbox 2086 2043 2146 2100; x_wconf 82' lang='lat' dir='ltr'>et</span> <span class='ocrx_word' id='word_1_490' title='bbox 2174 2039 2270 2095; x_wconf 91' lang='lat' dir='ltr'>hie</span> <span class='ocrx_word' id='word_1_491' title='bbox 2298 2044 2456 2096; x_wconf 87' lang='lat' dir='ltr'>veste</span> <span class='ocrx_word' id='word_1_492' title='bbox 2487 2039 2818 2112; x_wconf 89' lang='lat' dir='ltr'>temporali,</span> <span class='ocrx_word' id='word_1_493' title='bbox 2848 2045 2903 2096; x_wconf 90' lang='lat' dir='ltr'>et</span> <span class='ocrx_word' id='word_1_494' title='bbox 2932 2039 2990 2095; x_wconf 93' lang='lat' dir='ltr'>in</span> <span class='ocrx_word' id='word_1_495' title='bbox 3021 2040 3218 2097; x_wconf 89' lang='lat' dir='ltr'>futuro</span> <span class='ocrx_word' id='word_1_496' title='bbox 3248 2040 3399 2097; x_wconf 92' lang='lat' dir='ltr'>stola</span> <span class='ocrx_word' id='word_1_497' title='bbox 3434 2041 3542 2098; x_wconf 86' lang='lat' dir='ltr'>im-</span> 
     </span>
    </p>
   </div>
   <div class='ocr_carea' id='block_1_66' title="bbox 1898 2127 3543 2204">
    <p class='ocr_par' dir='ltr' id='par_1_66' title="bbox 1898 2127 3543 2204">
     <span class='ocr_line' id='line_1_66' title="bbox 1898 2127 3543 2204; baseline 0.002 -20"><span class='ocrx_word' id='word_1_498' title='bbox 1898 2127 2293 2184; x_wconf 86' lang='lat' dir='ltr'>mortalitatis.</span> <span class='ocrx_word' id='word_1_499' title='bbox 2330 2128 2570 2200; x_wconf 82' lang='lat' dir='ltr'>Mystice</span> <span class='ocrx_word' id='word_1_500' title='bbox 2597 2145 2730 2184; x_wconf 90' lang='lat' dir='ltr'>vero</span> <span class='ocrx_word' id='word_1_501' title='bbox 2763 2145 2866 2201; x_wconf 88' lang='lat' dir='ltr'>per</span> <span class='ocrx_word' id='word_1_502' title='bbox 2895 2128 3018 2184; x_wconf 91' lang='lat' dir='ltr'>lilia</span> <span class='ocrx_word' id='word_1_503' title='bbox 3043 2130 3414 2203; x_wconf 90' lang='lat' dir='ltr'>accipiuntur</span> <span class='ocrx_word' id='word_1_504' title='bbox 3443 2148 3543 2204; x_wconf 91' lang='lat' dir='ltr'>po-</span> 
     </span>
    </p>
   </div>
   <div class='ocr_carea' id='block_1_67' title="bbox 1895 2215 3546 2292">
    <p class='ocr_par' dir='ltr' id='par_1_67' title="bbox 1895 2215 3546 2292">
     <span class='ocr_line' id='line_1_67' title="bbox 1895 2215 3546 2292; baseline 0.003 -20"><span class='ocrx_word' id='word_1_505' title='bbox 1895 2222 2082 2274; x_wconf 87' lang='lat' dir='ltr'>tentes</span> <span class='ocrx_word' id='word_1_506' title='bbox 2115 2221 2172 2273; x_wconf 91' lang='lat' dir='ltr'>et</span> <span class='ocrx_word' id='word_1_507' title='bbox 2209 2215 2445 2290; x_wconf 86' lang='lat' dir='ltr'>gloriosi</span> <span class='ocrx_word' id='word_1_508' title='bbox 2469 2217 2646 2288; x_wconf 89' lang='lat' dir='ltr'>hujus</span> <span class='ocrx_word' id='word_1_509' title='bbox 2669 2217 2874 2273; x_wconf 90' lang='lat' dir='ltr'>mundi</span> <span class='ocrx_word' id='word_1_510' title='bbox 2899 2218 3546 2292; x_wconf 89' lang='lat' dir='ltr'>homines,quiincras-</span> 
     </span>
    </p>
   </div>
   <div class='ocr_carea' id='block_1_68' title="bbox 1892 2306 3540 2380">
    <p class='ocr_par' dir='ltr' id='par_1_68' title="bbox 1892 2306 3540 2380">
     <span class='ocr_line' id='line_1_68' title="bbox 1892 2306 3540 2380; baseline 0.002 -18"><span class='ocrx_word' id='word_1_511' title='bbox 1892 2306 2148 2363; x_wconf 91' lang='lat' dir='ltr'>situdine</span> <span class='ocrx_word' id='word_1_512' title='bbox 2192 2306 2397 2362; x_wconf 91' lang='lat' dir='ltr'>mundi</span> <span class='ocrx_word' id='word_1_513' title='bbox 2423 2306 2539 2362; x_wconf 91' lang='lat' dir='ltr'>nati</span> <span class='ocrx_word' id='word_1_514' title='bbox 2569 2311 2840 2362; x_wconf 85' lang='lat' dir='ltr'>crescunt</span> <span class='ocrx_word' id='word_1_515' title='bbox 2870 2307 2929 2362; x_wconf 92' lang='lat' dir='ltr'>in</span> <span class='ocrx_word' id='word_1_516' title='bbox 2961 2308 3181 2364; x_wconf 90' lang='lat' dir='ltr'>mundo</span> <span class='ocrx_word' id='word_1_517' title='bbox 3211 2325 3313 2380; x_wconf 87' lang='lat' dir='ltr'>per</span> <span class='ocrx_word' id='word_1_518' title='bbox 3339 2308 3540 2366; x_wconf 85' lang='lat' dir='ltr'>altitu-</span> 
     </span>
    </p>
   </div>
   <div class='ocr_carea' id='block_1_69' title="bbox 1891 2394 3539 2471">
    <p class='ocr_par' dir='ltr' id='par_1_69' title="bbox 1891 2394 3539 2471">
     <span class='ocr_line' id='line_1_69' title="bbox 1891 2394 3539 2471; baseline 0.002 -20"><span class='ocrx_word' id='word_1_519' title='bbox 1891 2396 2089 2452; x_wconf 90' lang='lat' dir='ltr'>dinem</span> <span class='ocrx_word' id='word_1_520' title='bbox 2109 2394 2644 2468; x_wconf 87' lang='lat' dir='ltr'>honorum,ﬂorent</span> <span class='ocrx_word' id='word_1_521' title='bbox 2665 2413 2767 2467; x_wconf 90' lang='lat' dir='ltr'>per</span> <span class='ocrx_word' id='word_1_522' title='bbox 2787 2395 3230 2468; x_wconf 81' lang='lat' dir='ltr'>prosperitatem</span> <span class='ocrx_word' id='word_1_523' title='bbox 3253 2401 3539 2471; x_wconf 85' lang='lat' dir='ltr'>tempora-</span> 
     </span>
    </p>
   </div>
   <div class='ocr_carea' id='block_1_70' title="bbox 1889 2484 3537 2558">
    <p class='ocr_par' dir='ltr' id='par_1_70' title="bbox 1889 2484 3537 2558">
     <span class='ocr_line' id='line_1_70' title="bbox 1889 2484 3537 2558; baseline 0.002 -18"><span class='ocrx_word' id='word_1_524' title='bbox 1889 2485 2028 2552; x_wconf 91' lang='lat' dir='ltr'>lem,</span> <span class='ocrx_word' id='word_1_525' title='bbox 2060 2501 2176 2540; x_wconf 91' lang='lat' dir='ltr'>non</span> <span class='ocrx_word' id='word_1_526' title='bbox 2209 2484 2497 2550; x_wconf 88' lang='lat' dir='ltr'>laborant,</span> <span class='ocrx_word' id='word_1_527' title='bbox 2523 2501 2708 2556; x_wconf 90' lang='lat' dir='ltr'>neque</span> <span class='ocrx_word' id='word_1_528' title='bbox 2749 2490 2906 2553; x_wconf 91' lang='lat' dir='ltr'>nent,</span> <span class='ocrx_word' id='word_1_529' title='bbox 2941 2485 3218 2558; x_wconf 88' lang='lat' dir='ltr'>quoniam</span> <span class='ocrx_word' id='word_1_530' title='bbox 3248 2485 3307 2541; x_wconf 92' lang='lat' dir='ltr'>in</span> <span class='ocrx_word' id='word_1_531' title='bbox 3338 2485 3537 2544; x_wconf 84' lang='lat' dir='ltr'>labore</span> 
     </span>
    </p>
   </div>
   <div class='ocr_carea' id='block_1_71' title="bbox 1887 2572 3536 2647">
    <p class='ocr_par' dir='ltr' id='par_1_71' title="bbox 1887 2572 3536 2647">
     <span class='ocr_line' id='line_1_71' title="bbox 1887 2572 3536 2647; baseline 0 -17"><span class='ocrx_word' id='word_1_532' title='bbox 1887 2572 2192 2630; x_wconf 89' lang='lat' dir='ltr'>hominum</span> <span class='ocrx_word' id='word_1_533' title='bbox 2225 2591 2339 2629; x_wconf 91' lang='lat' dir='ltr'>non</span> <span class='ocrx_word' id='word_1_534' title='bbox 2369 2576 2743 2647; x_wconf 88' lang='lat' dir='ltr'>sunt,etcum</span> <span class='ocrx_word' id='word_1_535' title='bbox 2776 2572 3114 2630; x_wconf 86' lang='lat' dir='ltr'>hominibus</span> <span class='ocrx_word' id='word_1_536' title='bbox 3146 2591 3258 2630; x_wconf 89' lang='lat' dir='ltr'>non</span> <span class='ocrx_word' id='word_1_537' title='bbox 3288 2573 3536 2647; x_wconf 82' lang='lat' dir='ltr'>ﬂagella-</span> 
     </span>
    </p>
   </div>
   <div class='ocr_carea' id='block_1_72' title="bbox 1887 2661 3532 2735">
    <p class='ocr_par' dir='ltr' id='par_1_72' title="bbox 1887 2661 3532 2735">
     <span class='ocr_line' id='line_1_72' title="bbox 1887 2661 3532 2735; baseline -0.001 -16"><span class='ocrx_word' id='word_1_538' title='bbox 1887 2661 2280 2731; x_wconf 85' lang='lat' dir='ltr'>buntur;ideo</span> <span class='ocrx_word' id='word_1_539' title='bbox 2312 2661 2501 2718; x_wconf 88' lang='lat' dir='ltr'>tenuit</span> <span class='ocrx_word' id='word_1_540' title='bbox 2529 2678 2627 2717; x_wconf 91' lang='lat' dir='ltr'>eos</span> <span class='ocrx_word' id='word_1_541' title='bbox 2659 2661 3532 2735; x_wconf 89' lang='lat' dir='ltr'>superbia,opertisuntiniqui-</span> 
     </span>
    </p>
   </div>
   <div class='ocr_carea' id='block_1_73' title="bbox 1888 2749 3535 2823">
    <p class='ocr_par' dir='ltr' id='par_1_73' title="bbox 1888 2749 3535 2823">
     <span class='ocr_line' id='line_1_73' title="bbox 1888 2749 3535 2823; baseline 0 -15"><span class='ocrx_word' id='word_1_542' title='bbox 1888 2757 2007 2808; x_wconf 90' lang='lat' dir='ltr'>tate</span> <span class='ocrx_word' id='word_1_543' title='bbox 2039 2769 2148 2807; x_wconf 87' lang='lat' dir='ltr'>sua</span> <span class='ocrx_word' id='word_1_544' title='bbox 2177 2752 2348 2823; x_wconf 84' lang='lat' dir='ltr'>(Psal,</span> <span class='ocrx_word' id='word_1_545' title='bbox 2387 2753 2575 2819; x_wconf 75' lang='lat' dir='ltr'>LXXII),</span> <span class='ocrx_word' id='word_1_546' title='bbox 2609 2755 2717 2806; x_wconf 89' lang='lat' dir='ltr'>etc.</span> <span class='ocrx_word' id='word_1_547' title='bbox 2750 2750 2819 2804; x_wconf 87' lang='lat' dir='ltr'>Et</span> <span class='ocrx_word' id='word_1_548' title='bbox 2862 2749 2911 2806; x_wconf 93' lang='lat' dir='ltr'>si</span> <span class='ocrx_word' id='word_1_549' title='bbox 2961 2751 3115 2806; x_wconf 92' lang='lat' dir='ltr'>Deus</span> <span class='ocrx_word' id='word_1_550' title='bbox 3162 2751 3446 2823; x_wconf 88' lang='lat' dir='ltr'>superbos</span> <span class='ocrx_word' id='word_1_551' title='bbox 3477 2756 3535 2808; x_wconf 90' lang='lat' dir='ltr'>et</span> 
     </span>
    </p>
   </div>
   <div class='ocr_carea' id='block_1_74' title="bbox 1887 2837 3534 2914">
    <p class='ocr_par' dir='ltr' id='par_1_74' title="bbox 1887 2837 3534 2914">
     <span class='ocr_line' id='line_1_74' title="bbox 1887 2837 3534 2914; baseline 0.001 -18"><span class='ocrx_word' id='word_1_552' title='bbox 1887 2841 2175 2914; x_wconf 88' lang='lat' dir='ltr'>gloriosos</span> <span class='ocrx_word' id='word_1_553' title='bbox 2207 2838 2474 2895; x_wconf 90' lang='lat' dir='ltr'>homines</span> <span class='ocrx_word' id='word_1_554' title='bbox 2491 2838 2671 2910; x_wconf 91' lang='lat' dir='ltr'>hujus</span> <span class='ocrx_word' id='word_1_555' title='bbox 2698 2837 2892 2895; x_wconf 67' lang='lat' dir='ltr'>saeculi</span> <span class='ocrx_word' id='word_1_556' title='bbox 2911 2839 2995 2895; x_wconf 92' lang='lat' dir='ltr'>sic</span> <span class='ocrx_word' id='word_1_557' title='bbox 3010 2838 3202 2908; x_wconf 89' lang='lat' dir='ltr'>vestit,</span> <span class='ocrx_word' id='word_1_558' title='bbox 3218 2839 3534 2913; x_wconf 89' lang='lat' dir='ltr'>quiutique</span> 
     </span>
    </p>
   </div>
   <div class='ocr_carea' id='block_1_75' title="bbox 1887 2927 3536 3002">
    <p class='ocr_par' dir='ltr' id='par_1_75' title="bbox 1887 2927 3536 3002">
     <span class='ocr_line' id='line_1_75' title="bbox 1887 2927 3536 3002; baseline 0 -16"><span class='ocrx_word' id='word_1_559' title='bbox 1887 2932 2086 2986; x_wconf 84' lang='lat' dir='ltr'>fenum</span> <span class='ocrx_word' id='word_1_560' title='bbox 2111 2933 2269 2997; x_wconf 91' lang='lat' dir='ltr'>sunt,</span> <span class='ocrx_word' id='word_1_561' title='bbox 2299 2928 2437 3000; x_wconf 88' lang='lat' dir='ltr'>quia</span> <span class='ocrx_word' id='word_1_562' title='bbox 2466 2927 2658 2984; x_wconf 90' lang='lat' dir='ltr'>omnis</span> <span class='ocrx_word' id='word_1_563' title='bbox 2689 2944 2822 2983; x_wconf 91' lang='lat' dir='ltr'>caro</span> <span class='ocrx_word' id='word_1_564' title='bbox 2856 2929 3076 2997; x_wconf 88' lang='lat' dir='ltr'>fenum,</span> <span class='ocrx_word' id='word_1_565' title='bbox 3111 2928 3306 2985; x_wconf 89' lang='lat' dir='ltr'>omnis</span> <span class='ocrx_word' id='word_1_566' title='bbox 3349 2928 3536 3002; x_wconf 89' lang='lat' dir='ltr'>gloria</span> 
     </span>
    </p>
   </div>
   <div class='ocr_carea' id='block_1_76' title="bbox 1887 3017 3535 3091">
    <p class='ocr_par' dir='ltr' id='par_1_76' title="bbox 1887 3017 3535 3091">
     <span class='ocr_line' id='line_1_76' title="bbox 1887 3017 3535 3091; baseline -0.001 -15"><span class='ocrx_word' id='word_1_567' title='bbox 1887 3020 2036 3091; x_wconf 88' lang='lat' dir='ltr'>ejus,</span> <span class='ocrx_word' id='word_1_568' title='bbox 2063 3022 2345 3089; x_wconf 86' lang='lat' dir='ltr'>tanquam</span> <span class='ocrx_word' id='word_1_569' title='bbox 2381 3017 2486 3073; x_wconf 88' lang='lat' dir='ltr'>ﬂos</span> <span class='ocrx_word' id='word_1_570' title='bbox 2517 3017 2641 3088; x_wconf 86' lang='lat' dir='ltr'>agri</span> <span class='ocrx_word' id='word_1_571' title='bbox 2676 3017 2802 3088; x_wconf 90' lang='lat' dir='ltr'>(Isa.</span> <span class='ocrx_word' id='word_1_572' title='bbox 2836 3017 2948 3088; x_wconf 73' lang='lat' dir='ltr'>XL).</span> <span class='ocrx_word' id='word_1_573' title='bbox 2984 3018 3052 3072; x_wconf 88' lang='lat' dir='ltr'>Et</span> <span class='ocrx_word' id='word_1_574' title='bbox 3099 3033 3228 3073; x_wconf 89' lang='lat' dir='ltr'>cras</span> <span class='ocrx_word' id='word_1_575' title='bbox 3258 3017 3319 3073; x_wconf 90' lang='lat' dir='ltr'>in</span> <span class='ocrx_word' id='word_1_576' title='bbox 3351 3017 3535 3074; x_wconf 79' lang='lat' dir='ltr'>cliba-</span> 
     </span>
    </p>
   </div>
   <div class='ocr_carea' id='block_1_77' title="bbox 1889 3105 3535 3180">
    <p class='ocr_par' dir='ltr' id='par_1_77' title="bbox 1889 3105 3535 3180">
     <span class='ocr_line' id='line_1_77' title="bbox 1889 3105 3535 3180; baseline 0 -17"><span class='ocrx_word' id='word_1_577' title='bbox 1889 3125 2021 3163; x_wconf 91' lang='lat' dir='ltr'>rum</span> <span class='ocrx_word' id='word_1_578' title='bbox 2051 3111 2277 3162; x_wconf 64' lang='lat' dir='ltr'>aeternis</span> <span class='ocrx_word' id='word_1_579' title='bbox 2310 3105 2705 3162; x_wconf 90' lang='lat' dir='ltr'>damnationis</span> <span class='ocrx_word' id='word_1_580' title='bbox 2731 3105 3058 3175; x_wconf 91' lang='lat' dir='ltr'>mittentur,</span> <span class='ocrx_word' id='word_1_581' title='bbox 3089 3114 3306 3178; x_wconf 89' lang='lat' dir='ltr'>quanto</span> <span class='ocrx_word' id='word_1_582' title='bbox 3345 3106 3535 3180; x_wconf 89' lang='lat' dir='ltr'>magis</span> 
     </span>
    </p>
   </div>
   <div class='ocr_carea' id='block_1_78' title="bbox 1809 3173 3537 3267">
    <p class='ocr_par' dir='ltr' id='par_1_78' title="bbox 1809 3173 3537 3267">
     <span class='ocr_line' id='line_1_78' title="bbox 1809 3173 3537 3267; baseline 0.001 -15"><span class='ocrx_word' id='word_1_583' title='bbox 1809 3173 1851 3240; x_wconf 61' lang='grc' dir='ltr'>(ἶ</span> <span class='ocrx_word' id='word_1_584' title='bbox 1887 3213 1990 3253; x_wconf 92' lang='lat' dir='ltr'>vos</span> <span class='ocrx_word' id='word_1_585' title='bbox 2021 3196 2272 3252; x_wconf 91' lang='lat' dir='ltr'>cultores</span> <span class='ocrx_word' id='word_1_586' title='bbox 2304 3194 2480 3250; x_wconf 85' lang='lat' dir='ltr'>suos?</span> <span class='ocrx_word' id='word_1_587' title='bbox 2497 3194 2606 3250; x_wconf 93' lang='lat' dir='ltr'>Sed</span> <span class='ocrx_word' id='word_1_588' title='bbox 2629 3193 2794 3250; x_wconf 91' lang='lat' dir='ltr'>valde</span> <span class='ocrx_word' id='word_1_589' title='bbox 2813 3173 3073 3267; x_wconf 84' lang='lat' dir='ltr'>pensand</span> <span class='ocrx_word' id='word_1_590' title='bbox 3085 3173 3181 3250; x_wconf 74' lang='lat' dir='ltr'>um</span> <span class='ocrx_word' id='word_1_591' title='bbox 3203 3199 3312 3264; x_wconf 89' lang='lat' dir='ltr'>est,</span> <span class='ocrx_word' id='word_1_592' title='bbox 3329 3173 3537 3254; x_wconf 67' lang='lat' dir='ltr'>fratres</span> 
     </span>
    </p>
   </div>
   <div class='ocr_carea' id='block_1_79' title="bbox 1892 3282 3539 3357">
    <p class='ocr_par' dir='ltr' id='par_1_79' title="bbox 1892 3282 3539 3357">
     <span class='ocr_line' id='line_1_79' title="bbox 1892 3282 3539 3357; baseline 0 -16"><span class='ocrx_word' id='word_1_593' title='bbox 1892 3285 2222 3357; x_wconf 90' lang='lat' dir='ltr'>mei,quam</span> <span class='ocrx_word' id='word_1_594' title='bbox 2256 3301 2353 3340; x_wconf 88' lang='lat' dir='ltr'>eos</span> <span class='ocrx_word' id='word_1_595' title='bbox 2387 3282 2487 3355; x_wconf 91' lang='lat' dir='ltr'>qui</span> <span class='ocrx_word' id='word_1_596' title='bbox 2522 3282 2754 3339; x_wconf 90' lang='lat' dir='ltr'>solliciti</span> <span class='ocrx_word' id='word_1_597' title='bbox 2789 3287 2928 3340; x_wconf 91' lang='lat' dir='ltr'>sunt</span> <span class='ocrx_word' id='word_1_598' title='bbox 2952 3284 3023 3340; x_wconf 89' lang='lat' dir='ltr'>de</span> <span class='ocrx_word' id='word_1_599' title='bbox 3051 3283 3207 3339; x_wconf 91' lang='lat' dir='ltr'>victu</span> <span class='ocrx_word' id='word_1_600' title='bbox 3234 3283 3324 3341; x_wconf 88' lang='lat' dir='ltr'>vel</span> <span class='ocrx_word' id='word_1_601' title='bbox 3358 3285 3429 3341; x_wconf 93' lang='lat' dir='ltr'>de</span> <span class='ocrx_word' id='word_1_602' title='bbox 3449 3302 3539 3342; x_wconf 82' lang='lat' dir='ltr'>ve-</span> 
     </span>
    </p>
   </div>
   <div class='ocr_carea' id='block_1_80' title="bbox 1891 3371 3538 3448">
    <p class='ocr_par' dir='ltr' id='par_1_80' title="bbox 1891 3371 3538 3448">
     <span class='ocr_line' id='line_1_80' title="bbox 1891 3371 3538 3448; baseline -0.001 -17"><span class='ocrx_word' id='word_1_603' title='bbox 1891 3373 2214 3442; x_wconf 92' lang='lat' dir='ltr'>stitu,dicit</span> <span class='ocrx_word' id='word_1_604' title='bbox 2244 3389 2372 3428; x_wconf 88' lang='lat' dir='ltr'>esse</span> <span class='ocrx_word' id='word_1_605' title='bbox 2404 3371 2661 3427; x_wconf 73' lang='lat' dir='ltr'>minimae</span> <span class='ocrx_word' id='word_1_606' title='bbox 2679 3372 2960 3440; x_wconf 83' lang='lat' dir='ltr'>ﬁdei.Qui</span> <span class='ocrx_word' id='word_1_607' title='bbox 2980 3372 3136 3429; x_wconf 92' lang='lat' dir='ltr'>enim</span> <span class='ocrx_word' id='word_1_608' title='bbox 3162 3374 3538 3448; x_wconf 61' lang='lat' dir='ltr'>magnastidei</span> 
     </span>
    </p>
   </div>
   <div class='ocr_carea' id='block_1_81' title="bbox 1891 3461 3538 3534">
    <p class='ocr_par' dir='ltr' id='par_1_81' title="bbox 1891 3461 3538 3534">
     <span class='ocr_line' id='line_1_81' title="bbox 1891 3461 3538 3534; baseline 0.001 -13"><span class='ocrx_word' id='word_1_609' title='bbox 1891 3467 2050 3531; x_wconf 91' lang='lat' dir='ltr'>sunt,</span> <span class='ocrx_word' id='word_1_610' title='bbox 2085 3461 2282 3519; x_wconf 78' lang='lat' dir='ltr'>sciunt</span> <span class='ocrx_word' id='word_1_611' title='bbox 2307 3461 2509 3534; x_wconf 87' lang='lat' dir='ltr'>procul</span> <span class='ocrx_word' id='word_1_612' title='bbox 2541 3461 2720 3518; x_wconf 90' lang='lat' dir='ltr'>dubio</span> <span class='ocrx_word' id='word_1_613' title='bbox 2752 3461 2936 3518; x_wconf 91' lang='lat' dir='ltr'>Deum</span> <span class='ocrx_word' id='word_1_614' title='bbox 2963 3461 3163 3518; x_wconf 90' lang='lat' dir='ltr'>omnia</span> <span class='ocrx_word' id='word_1_615' title='bbox 3209 3463 3538 3521; x_wconf 85' lang='lat' dir='ltr'>necessaria</span> 
     </span>
    </p>
   </div>
   <div class='ocr_carea' id='block_1_82' title="bbox 1891 3550 3538 3626">
    <p class='ocr_par' dir='ltr' id='par_1_82' title="bbox 1891 3550 3538 3626">
     <span class='ocr_line' id='line_1_82' title="bbox 1891 3550 3538 3626; baseline 0.001 -16"><span class='ocrx_word' id='word_1_616' title='bbox 1891 3551 2284 3626; x_wconf 87' lang='lat' dir='ltr'>provisurum.</span> <span class='ocrx_word' id='word_1_617' title='bbox 2319 3551 2486 3624; x_wconf 89' lang='lat' dir='ltr'>Ergo,</span> <span class='ocrx_word' id='word_1_618' title='bbox 2521 3552 2746 3623; x_wconf 85' lang='lat' dir='ltr'>fratres,</span> <span class='ocrx_word' id='word_1_619' title='bbox 2761 3550 2810 3608; x_wconf 92' lang='lat' dir='ltr'>si</span> <span class='ocrx_word' id='word_1_620' title='bbox 2841 3550 3061 3608; x_wconf 87' lang='lat' dir='ltr'>timetis</span> <span class='ocrx_word' id='word_1_621' title='bbox 3086 3552 3415 3610; x_wconf 82' lang='lat' dir='ltr'>necessaria</span> <span class='ocrx_word' id='word_1_622' title='bbox 3443 3553 3538 3611; x_wconf 88' lang='lat' dir='ltr'>de-</span> 
     </span>
    </p>
   </div>
   <div class='ocr_carea' id='block_1_83' title="bbox 1890 3639 2874 3708">
    <p class='ocr_par' dir='ltr' id='par_1_83' title="bbox 1890 3639 2874 3708">
     <span class='ocr_line' id='line_1_83' title="bbox 1890 3639 2874 3708; baseline -0.002 -10"><span class='ocrx_word' id='word_1_623' title='bbox 1890 3643 2012 3698; x_wconf 86' lang='lat' dir='ltr'>fore</span> <span class='ocrx_word' id='word_1_624' title='bbox 2038 3639 2222 3708; x_wconf 88' lang='lat' dir='ltr'>vobis,</span> <span class='ocrx_word' id='word_1_625' title='bbox 2255 3639 2512 3694; x_wconf 83' lang='lat' dir='ltr'>minimae</span> <span class='ocrx_word' id='word_1_626' title='bbox 2546 3639 2679 3696; x_wconf 85' lang='lat' dir='ltr'>ﬁdei</span> <span class='ocrx_word' id='word_1_627' title='bbox 2712 3640 2874 3697; x_wconf 90' lang='lat' dir='ltr'>estis.</span> 
     </span>
    </p>
   </div>
   <div class='ocr_carea' id='block_1_84' title="bbox 1917 3728 3534 3803">
    <p class='ocr_par' dir='ltr' id='par_1_84' title="bbox 1917 3728 3534 3803">
     <span class='ocr_line' id='line_1_84' title="bbox 1917 3728 3534 3803; baseline 0.001 -17"><span class='ocrx_word' id='word_1_628' title='bbox 1917 3759 1923 3764; x_wconf 88' lang='lat'><strong>-</strong></span> <span class='ocrx_word' id='word_1_629' title='bbox 1960 3729 2232 3803; x_wconf 89' lang='lat' dir='ltr'>Sequitur</span> <span class='ocrx_word' id='word_1_630' title='bbox 2277 3745 2413 3802; x_wconf 90' lang='lat' dir='ltr'>pars</span> <span class='ocrx_word' id='word_1_631' title='bbox 2461 3729 2652 3796; x_wconf 89' lang='lat' dir='ltr'>tertia,</span> <span class='ocrx_word' id='word_1_632' title='bbox 2684 3728 2742 3784; x_wconf 93' lang='lat' dir='ltr'>in</span> <span class='ocrx_word' id='word_1_633' title='bbox 2794 3747 2912 3802; x_wconf 91' lang='lat' dir='ltr'>qua</span> <span class='ocrx_word' id='word_1_634' title='bbox 2959 3731 3214 3788; x_wconf 88' lang='lat' dir='ltr'>ostendit</span> <span class='ocrx_word' id='word_1_635' title='bbox 3252 3730 3534 3789; x_wconf 89' lang='lat' dir='ltr'>Dominus</span> 
     </span>
    </p>
   </div>
   <div class='ocr_carea' id='block_1_85' title="bbox 1890 3817 3612 3894">
    <p class='ocr_par' dir='ltr' id='par_1_85' title="bbox 1890 3817 3612 3894">
     <span class='ocr_line' id='line_1_85' title="bbox 1890 3817 3612 3894; baseline 0.002 -18"><span class='ocrx_word' id='word_1_636' title='bbox 1890 3820 2030 3894; x_wconf 93' lang='lat' dir='ltr'>quid</span> <span class='ocrx_word' id='word_1_637' title='bbox 2065 3822 2256 3892; x_wconf 91' lang='lat' dir='ltr'>petere</span> <span class='ocrx_word' id='word_1_638' title='bbox 2279 3817 2765 3889; x_wconf 89' lang='lat' dir='ltr'>debeamus,eum</span> <span class='ocrx_word' id='word_1_639' title='bbox 2800 3819 3538 3894; x_wconf 65' lang='lat' dir='ltr'>subditzPrimumquaz‘rite</span> <span class='ocrx_word' id='word_1_640' title='bbox 3607 3833 3612 3839; x_wconf 86' lang='lat'><strong><em>‘</em></strong></span> 
     </span>
    </p>
   </div>
   <div class='ocr_carea' id='block_1_86' title="bbox 1888 3906 3539 3979">
    <p class='ocr_par' dir='ltr' id='par_1_86' title="bbox 1888 3906 3539 3979">
     <span class='ocr_line' id='line_1_86' title="bbox 1888 3906 3539 3979; baseline 0.001 -14"><span class='ocrx_word' id='word_1_641' title='bbox 1888 3925 2119 3979; x_wconf 82' lang='lat' dir='ltr'>regnum</span> <span class='ocrx_word' id='word_1_642' title='bbox 2151 3909 2249 3962; x_wconf 90' lang='lat' dir='ltr'>Dei</span> <span class='ocrx_word' id='word_1_643' title='bbox 2275 3914 2326 3962; x_wconf 90' lang='lat' dir='ltr'>et</span> <span class='ocrx_word' id='word_1_644' title='bbox 2344 3907 2628 3977; x_wconf 80' lang='lat' dir='ltr'>justitiam</span> <span class='ocrx_word' id='word_1_645' title='bbox 2655 3907 2791 3978; x_wconf 83' lang='lat' dir='ltr'>ejus.</span> <span class='ocrx_word' id='word_1_646' title='bbox 2825 3906 3086 3963; x_wconf 87' lang='lat' dir='ltr'>Primum</span> <span class='ocrx_word' id='word_1_647' title='bbox 3130 3909 3309 3978; x_wconf 88' lang='lat' dir='ltr'>enim,</span> <span class='ocrx_word' id='word_1_648' title='bbox 3343 3909 3400 3966; x_wconf 91' lang='lat' dir='ltr'>id</span> <span class='ocrx_word' id='word_1_649' title='bbox 3449 3915 3539 3966; x_wconf 91' lang='lat' dir='ltr'>est</span> 
     </span>
    </p>
   </div>
   <div class='ocr_carea' id='block_1_87' title="bbox 1889 3993 3536 4070">
    <p class='ocr_par' dir='ltr' id='par_1_87' title="bbox 1889 3993 3536 4070">
     <span class='ocr_line' id='line_1_87' title="bbox 1889 3993 3536 4070; baseline 0 -18"><span class='ocrx_word' id='word_1_650' title='bbox 1889 3994 2306 4070; x_wconf 90' lang='lat' dir='ltr'>principaliter,</span> <span class='ocrx_word' id='word_1_651' title='bbox 2323 4011 2569 4068; x_wconf 88' lang='lat' dir='ltr'>regnum</span> <span class='ocrx_word' id='word_1_652' title='bbox 2593 3993 2713 4061; x_wconf 91' lang='lat' dir='ltr'>Dei,</span> <span class='ocrx_word' id='word_1_653' title='bbox 2730 3995 2883 4066; x_wconf 90' lang='lat' dir='ltr'>quod</span> <span class='ocrx_word' id='word_1_654' title='bbox 2908 3996 3166 4067; x_wconf 88' lang='lat' dir='ltr'>quotidie</span> <span class='ocrx_word' id='word_1_655' title='bbox 3186 3997 3244 4051; x_wconf 91' lang='lat' dir='ltr'>in</span> <span class='ocrx_word' id='word_1_656' title='bbox 3267 3997 3536 4053; x_wconf 88' lang='lat' dir='ltr'>Oratione</span> 
     </span>
    </p>
   </div>
   <div class='ocr_carea' id='block_1_88' title="bbox 1888 4084 3539 4156">
    <p class='ocr_par' dir='ltr' id='par_1_88' title="bbox 1888 4084 3539 4156">
     <span class='ocr_line' id='line_1_88' title="bbox 1888 4084 3539 4156; baseline 0 -15"><span class='ocrx_word' id='word_1_657' title='bbox 1888 4084 2188 4141; x_wconf 90' lang='lat' dir='ltr'>Dominica</span> <span class='ocrx_word' id='word_1_658' title='bbox 2221 4097 2495 4156; x_wconf 85' lang='lat' dir='ltr'>rogamus</span> <span class='ocrx_word' id='word_1_659' title='bbox 2514 4086 2849 4149; x_wconf 91' lang='lat' dir='ltr'>venturum,</span> <span class='ocrx_word' id='word_1_660' title='bbox 2865 4088 3148 4156; x_wconf 85' lang='lat' dir='ltr'>tanquam</span> <span class='ocrx_word' id='word_1_661' title='bbox 3162 4084 3469 4156; x_wconf 62' lang='lat' dir='ltr'>premium</span> <span class='ocrx_word' id='word_1_662' title='bbox 3481 4089 3539 4141; x_wconf 88' lang='lat' dir='ltr'>et</span> 
     </span>
    </p>
   </div>
   <div class='ocr_carea' id='block_1_89' title="bbox 1891 4172 3538 4246">
    <p class='ocr_par' dir='ltr' id='par_1_89' title="bbox 1891 4172 3538 4246">
     <span class='ocr_line' id='line_1_89' title="bbox 1891 4172 3538 4246; baseline 0 -16"><span class='ocrx_word' id='word_1_663' title='bbox 1891 4178 2105 4230; x_wconf 87' lang='lat' dir='ltr'>metam</span> <span class='ocrx_word' id='word_1_664' title='bbox 2136 4176 2329 4246; x_wconf 90' lang='lat' dir='ltr'>petere</span> <span class='ocrx_word' id='word_1_665' title='bbox 2361 4172 2659 4227; x_wconf 90' lang='lat' dir='ltr'>debemus.</span> <span class='ocrx_word' id='word_1_666' title='bbox 2695 4175 2768 4226; x_wconf 87' lang='lat' dir='ltr'><em>Et</em></span> <span class='ocrx_word' id='word_1_667' title='bbox 2785 4173 3010 4244; x_wconf 88' lang='lat' dir='ltr'>justitia</span> <span class='ocrx_word' id='word_1_668' title='bbox 3036 4174 3168 4245; x_wconf 88' lang='lat' dir='ltr'>ejus,</span> <span class='ocrx_word' id='word_1_669' title='bbox 3203 4173 3263 4229; x_wconf 94' lang='lat' dir='ltr'>id</span> <span class='ocrx_word' id='word_1_670' title='bbox 3309 4177 3398 4230; x_wconf 90' lang='lat' dir='ltr'>est</span> <span class='ocrx_word' id='word_1_671' title='bbox 3428 4174 3538 4230; x_wconf 92' lang='lat' dir='ltr'>vir-</span> 
     </span>
    </p>
   </div>
   <div class='ocr_carea' id='block_1_90' title="bbox 1890 4253 3536 4336">
    <p class='ocr_par' dir='ltr' id='par_1_90' title="bbox 1890 4253 3536 4336">
     <span class='ocr_line' id='line_1_90' title="bbox 1890 4253 3536 4336; baseline 0.001 -18"><span class='ocrx_word' id='word_1_672' title='bbox 1890 4267 2045 4319; x_wconf 87' lang='lat' dir='ltr'>tutes</span> <span class='ocrx_word' id='word_1_673' title='bbox 2076 4265 2132 4317; x_wconf 91' lang='lat' dir='ltr'>et</span> <span class='ocrx_word' id='word_1_674' title='bbox 2162 4262 2315 4316; x_wconf 90' lang='lat' dir='ltr'>bona</span> <span class='ocrx_word' id='word_1_675' title='bbox 2347 4277 2521 4332; x_wconf 90' lang='lat' dir='ltr'>opera</span> <span class='ocrx_word' id='word_1_676' title='bbox 2552 4278 2678 4332; x_wconf 58' lang='lat' dir='ltr'>quae</span> <span class='ocrx_word' id='word_1_677' title='bbox 2713 4253 3153 4316; x_wconf 66' lang='lat' dir='ltr'>suntviaaeundi</span> <span class='ocrx_word' id='word_1_678' title='bbox 3185 4262 3256 4317; x_wconf 90' lang='lat' dir='ltr'>ad</span> <span class='ocrx_word' id='word_1_679' title='bbox 3290 4279 3536 4336; x_wconf 84' lang='lat' dir='ltr'>regnum</span> 
     </span>
    </p>
   </div>
   <div class='ocr_carea' id='block_1_91' title="bbox 1889 4347 3536 4423">
    <p class='ocr_par' dir='ltr' id='par_1_91' title="bbox 1889 4347 3536 4423">
     <span class='ocr_line' id='line_1_91' title="bbox 1889 4347 3536 4423; baseline -0.001 -14"><span class='ocrx_word' id='word_1_680' title='bbox 1889 4352 2009 4409; x_wconf 92' lang='lat' dir='ltr'>Dei.</span> <span class='ocrx_word' id='word_1_681' title='bbox 2042 4353 2106 4406; x_wconf 86' lang='lat' dir='ltr'>Et</span> <span class='ocrx_word' id='word_1_682' title='bbox 2136 4347 2999 4421; x_wconf 57' lang='lat' dir='ltr'>haec,inquit,omnia,videlicet</span> <span class='ocrx_word' id='word_1_683' title='bbox 3028 4349 3536 4423; x_wconf 66' lang='lat' dir='ltr'>temporalia,vite</span> 
     </span>
    </p>
   </div>
   <div class='ocr_carea' id='block_1_92' title="bbox 1890 4437 3538 4514">
    <p class='ocr_par' dir='ltr' id='par_1_92' title="bbox 1890 4437 3538 4514">
     <span class='ocr_line' id='line_1_92' title="bbox 1890 4437 3538 4514; baseline 0 -18"><span class='ocrx_word' id='word_1_684' title='bbox 1890 4438 2160 4514; x_wconf 65' lang='lat' dir='ltr'>praesenti</span> <span class='ocrx_word' id='word_1_685' title='bbox 2192 4437 2540 4505; x_wconf 90' lang='lat' dir='ltr'>necessaria,</span> <span class='ocrx_word' id='word_1_686' title='bbox 2575 4437 2908 4509; x_wconf 86' lang='lat' dir='ltr'>adjicientur</span> <span class='ocrx_word' id='word_1_687' title='bbox 2951 4439 3121 4507; x_wconf 81' lang='lat' dir='ltr'>vobis,</span> <span class='ocrx_word' id='word_1_688' title='bbox 3151 4438 3372 4496; x_wconf 90' lang='lat' dir='ltr'>scilicet</span> <span class='ocrx_word' id='word_1_689' title='bbox 3409 4444 3538 4496; x_wconf 84' lang='lat' dir='ltr'>tan-</span> 
     </span>
    </p>
   </div>
   <div class='ocr_carea' id='block_1_93' title="bbox 139 4526 3541 4606">
    <p class='ocr_par' dir='ltr' id='par_1_93' title="bbox 139 4526 3541 4606">
     <span class='ocr_line' id='line_1_93' title="bbox 139 4526 3541 4606; baseline -0.001 -20"><span class='ocrx_word' id='word_1_690' title='bbox 139 4531 201 4586; x_wconf 91' lang='lat' dir='ltr'>in</span> <span class='ocrx_word' id='word_1_691' title='bbox 235 4530 452 4586; x_wconf 89' lang='lat' dir='ltr'>multos</span> <span class='ocrx_word' id='word_1_692' title='bbox 483 4545 669 4586; x_wconf 89' lang='lat' dir='ltr'>annos</span> <span class='ocrx_word' id='word_1_693' title='bbox 700 4530 1059 4583; x_wconf 90' lang='lat' dir='ltr'>coacervant.</span> <span class='ocrx_word' id='word_1_694' title='bbox 1094 4526 1254 4592; x_wconf 92' lang='lat' dir='ltr'>Quod</span> <span class='ocrx_word' id='word_1_695' title='bbox 1294 4542 1426 4582; x_wconf 93' lang='lat' dir='ltr'>vero</span> <span class='ocrx_word' id='word_1_696' title='bbox 1457 4526 1527 4582; x_wconf 93' lang='lat' dir='ltr'>de</span> <span class='ocrx_word' id='word_1_697' title='bbox 1549 4527 1676 4584; x_wconf 92' lang='lat' dir='ltr'>cibo</span> <span class='ocrx_word' id='word_1_698' title='bbox 1708 4531 1795 4586; x_wconf 92' lang='lat' dir='ltr'>vel</span> <span class='ocrx_word' id='word_1_699' title='bbox 1824 4541 1871 4606; x_wconf 79' lang='grc' dir='ltr'>Ῑ)</span> <span class='ocrx_word' id='word_1_700' title='bbox 1903 4547 2080 4603; x_wconf 88' lang='lat' dir='ltr'>quam</span> <span class='ocrx_word' id='word_1_701' title='bbox 2111 4527 2461 4595; x_wconf 89' lang='lat' dir='ltr'>incidentia;</span> <span class='ocrx_word' id='word_1_702' title='bbox 2495 4543 2609 4582; x_wconf 90' lang='lat' dir='ltr'>non</span> <span class='ocrx_word' id='word_1_703' title='bbox 2641 4526 2798 4582; x_wconf 91' lang='lat' dir='ltr'>enim</span> <span class='ocrx_word' id='word_1_704' title='bbox 2831 4531 3068 4600; x_wconf 87' lang='lat' dir='ltr'>psopter</span> <span class='ocrx_word' id='word_1_705' title='bbox 3093 4529 3290 4594; x_wconf 89' lang='lat' dir='ltr'>se,sed</span> <span class='ocrx_word' id='word_1_706' title='bbox 3305 4532 3541 4602; x_wconf 90' lang='lat' dir='ltr'>propter</span> 
     </span>
    </p>
   </div>
   <div class='ocr_carea' id='block_1_94' title="bbox 137 4615 1785 4688">
    <p class='ocr_par' dir='ltr' id='par_1_94' title="bbox 137 4615 1785 4688">
     <span class='ocr_line' id='line_1_94' title="bbox 137 4615 1785 4688; baseline 0 -12"><span class='ocrx_word' id='word_1_707' title='bbox 137 4619 489 4676; x_wconf 90' lang='lat' dir='ltr'>vestimento</span> <span class='ocrx_word' id='word_1_708' title='bbox 539 4615 774 4674; x_wconf 90' lang='lat' dir='ltr'>solliciti</span> <span class='ocrx_word' id='word_1_709' title='bbox 821 4633 948 4672; x_wconf 86' lang='lat' dir='ltr'>esse</span> <span class='ocrx_word' id='word_1_710' title='bbox 997 4632 1112 4670; x_wconf 90' lang='lat' dir='ltr'>non</span> <span class='ocrx_word' id='word_1_711' title='bbox 1141 4615 1478 4685; x_wconf 86' lang='lat' dir='ltr'>debeamus,</span> <span class='ocrx_word' id='word_1_712' title='bbox 1512 4619 1718 4688; x_wconf 89' lang='lat' dir='ltr'>probat</span> <span class='ocrx_word' id='word_1_713' title='bbox 1751 4638 1785 4677; x_wconf 88' lang='lat' dir='ltr'>a</span> 
     </span>
    </p>
   </div>
   <div class='ocr_carea' id='block_1_95' title="bbox 140 4703 1786 4781">
    <p class='ocr_par' dir='ltr' id='par_1_95' title="bbox 140 4703 1786 4781">
     <span class='ocr_line' id='line_1_95' title="bbox 140 4703 1786 4781; baseline 0.002 -17"><span class='ocrx_word' id='word_1_714' title='bbox 140 4708 371 4781; x_wconf 88' lang='lat' dir='ltr'>majori,</span> <span class='ocrx_word' id='word_1_715' title='bbox 408 4708 669 4765; x_wconf 89' lang='lat' dir='ltr'>subdens</span> <span class='ocrx_word' id='word_1_716' title='bbox 705 4723 717 4761; x_wconf 93' lang='lat'>:</span> <span class='ocrx_word' id='word_1_717' title='bbox 750 4708 939 4761; x_wconf 82' lang='lat' dir='ltr'>Nonne</span> <span class='ocrx_word' id='word_1_718' title='bbox 967 4706 1176 4770; x_wconf 88' lang='lat' dir='ltr'>anima,</span> <span class='ocrx_word' id='word_1_719' title='bbox 1208 4703 1264 4758; x_wconf 92' lang='lat' dir='ltr'>id</span> <span class='ocrx_word' id='word_1_720' title='bbox 1297 4708 1386 4760; x_wconf 91' lang='lat' dir='ltr'>est</span> <span class='ocrx_word' id='word_1_721' title='bbox 1413 4705 1550 4772; x_wconf 90' lang='lat' dir='ltr'>vita,</span> <span class='ocrx_word' id='word_1_722' title='bbox 1562 4709 1687 4778; x_wconf 87' lang='lat' dir='ltr'>plus</span> <span class='ocrx_word' id='word_1_723' title='bbox 1707 4719 1786 4766; x_wconf 90' lang='lat' dir='ltr'>est</span> 
     </span>
    </p>
   </div>
   <div class='ocr_carea' id='block_1_96' title="bbox 138 4794 1785 4870">
    <p class='ocr_par' dir='ltr' id='par_1_96' title="bbox 138 4794 1785 4870">
     <span class='ocr_line' id='line_1_96' title="bbox 138 4794 1785 4870; baseline 0.001 -18"><span class='ocrx_word' id='word_1_724' title='bbox 138 4815 309 4870; x_wconf 84' lang='lat' dir='ltr'>quam</span> <span class='ocrx_word' id='word_1_725' title='bbox 337 4815 479 4863; x_wconf 90' lang='lat' dir='ltr'>esca,</span> <span class='ocrx_word' id='word_1_726' title='bbox 511 4804 561 4852; x_wconf 91' lang='lat' dir='ltr'>et</span> <span class='ocrx_word' id='word_1_727' title='bbox 608 4812 803 4867; x_wconf 87' lang='lat' dir='ltr'>corpus</span> <span class='ocrx_word' id='word_1_728' title='bbox 837 4794 1132 4866; x_wconf 80' lang='lat' dir='ltr'>plusquam</span> <span class='ocrx_word' id='word_1_729' title='bbox 1178 4794 1552 4850; x_wconf 85' lang='lat' dir='ltr'>vestimentum</span> <span class='ocrx_word' id='word_1_730' title='bbox 1573 4797 1601 4850; x_wconf 90' lang='lat'><strong><em>?</em></strong></span> <span class='ocrx_word' id='word_1_731' title='bbox 1626 4799 1705 4853; x_wconf 87' lang='lat' dir='ltr'>Ac</span> <span class='ocrx_word' id='word_1_732' title='bbox 1737 4799 1785 4854; x_wconf 91' lang='lat' dir='ltr'>si</span> 
     </span>
    </p>
   </div>
   <div class='ocr_carea' id='block_1_97' title="bbox 139 4882 1785 4958">
    <p class='ocr_par' dir='ltr' id='par_1_97' title="bbox 139 4882 1785 4958">
     <span class='ocr_line' id='line_1_97' title="bbox 139 4882 1785 4958; baseline 0 -15"><span class='ocrx_word' id='word_1_733' title='bbox 139 4887 362 4943; x_wconf 91' lang='lat' dir='ltr'>diceret</span> <span class='ocrx_word' id='word_1_734' title='bbox 396 4904 408 4942; x_wconf 93' lang='lat'>:</span> <span class='ocrx_word' id='word_1_735' title='bbox 448 4888 596 4943; x_wconf 92' lang='lat' dir='ltr'>Deus</span> <span class='ocrx_word' id='word_1_736' title='bbox 627 4884 725 4958; x_wconf 90' lang='lat' dir='ltr'>qui</span> <span class='ocrx_word' id='word_1_737' title='bbox 759 4883 922 4939; x_wconf 88' lang='lat' dir='ltr'>dedit</span> <span class='ocrx_word' id='word_1_738' title='bbox 950 4882 1120 4938; x_wconf 89' lang='lat' dir='ltr'>nobis</span> <span class='ocrx_word' id='word_1_739' title='bbox 1142 4883 1456 4953; x_wconf 88' lang='lat' dir='ltr'>majora,id</span> <span class='ocrx_word' id='word_1_740' title='bbox 1491 4889 1578 4940; x_wconf 91' lang='lat' dir='ltr'>est</span> <span class='ocrx_word' id='word_1_741' title='bbox 1607 4887 1785 4943; x_wconf 89' lang='lat' dir='ltr'>vitam</span> 
     </span>
    </p>
   </div>
   <div class='ocr_carea' id='block_1_98' title="bbox 138 4970 1784 5048">
    <p class='ocr_par' dir='ltr' id='par_1_98' title="bbox 138 4970 1784 5048">
     <span class='ocr_line' id='line_1_98' title="bbox 138 4970 1784 5048; baseline -0.001 -15"><span class='ocrx_word' id='word_1_742' title='bbox 138 4979 199 5033; x_wconf 87' lang='lat' dir='ltr'>et</span> <span class='ocrx_word' id='word_1_743' title='bbox 245 4993 477 5048; x_wconf 90' lang='lat' dir='ltr'>corpus,</span> <span class='ocrx_word' id='word_1_744' title='bbox 513 4973 676 5030; x_wconf 89' lang='lat' dir='ltr'>dabit</span> <span class='ocrx_word' id='word_1_745' title='bbox 719 4973 874 5045; x_wconf 91' lang='lat' dir='ltr'>quod</span> <span class='ocrx_word' id='word_1_746' title='bbox 918 4970 1114 5026; x_wconf 90' lang='lat' dir='ltr'>minus</span> <span class='ocrx_word' id='word_1_747' title='bbox 1145 4975 1252 5036; x_wconf 88' lang='lat' dir='ltr'>est,</span> <span class='ocrx_word' id='word_1_748' title='bbox 1287 4971 1340 5025; x_wconf 92' lang='lat' dir='ltr'>id</span> <span class='ocrx_word' id='word_1_749' title='bbox 1366 4975 1454 5026; x_wconf 91' lang='lat' dir='ltr'>est</span> <span class='ocrx_word' id='word_1_750' title='bbox 1476 4973 1694 5030; x_wconf 90' lang='lat' dir='ltr'>victum</span> <span class='ocrx_word' id='word_1_751' title='bbox 1727 4980 1784 5032; x_wconf 90' lang='lat' dir='ltr'>et</span> 
     </span>
    </p>
   </div>
   <div class='ocr_carea' id='block_1_99' title="bbox 136 5059 1790 5135">
    <p class='ocr_par' dir='ltr' id='par_1_99' title="bbox 136 5059 1790 5135">
     <span class='ocr_line' id='line_1_99' title="bbox 136 5059 1790 5135; baseline 0.001 -16"><span class='ocrx_word' id='word_1_752' title='bbox 136 5064 440 5120; x_wconf 84' lang='lat' dir='ltr'>vestitum.</span> <span class='ocrx_word' id='word_1_753' title='bbox 480 5064 704 5119; x_wconf 81' lang='lat' dir='ltr'>Rursus</span> <span class='ocrx_word' id='word_1_754' title='bbox 722 5061 929 5135; x_wconf 87' lang='lat' dir='ltr'>probat</span> <span class='ocrx_word' id='word_1_755' title='bbox 965 5077 999 5115; x_wconf 87' lang='lat' dir='ltr'>a</span> <span class='ocrx_word' id='word_1_756' title='bbox 1029 5059 1241 5115; x_wconf 90' lang='lat' dir='ltr'>minori</span> <span class='ocrx_word' id='word_1_757' title='bbox 1274 5077 1380 5115; x_wconf 91' lang='lat' dir='ltr'>nos</span> <span class='ocrx_word' id='word_1_758' title='bbox 1410 5061 1480 5116; x_wconf 89' lang='lat' dir='ltr'>de</span> <span class='ocrx_word' id='word_1_759' title='bbox 1501 5062 1658 5118; x_wconf 91' lang='lat' dir='ltr'>victu</span> <span class='ocrx_word' id='word_1_760' title='bbox 1699 5065 1790 5120; x_wconf 90' lang='lat' dir='ltr'>de-</span> 
     </span>
    </p>
   </div>
   <div class='ocr_carea' id='block_1_100' title="bbox 139 5149 1786 5220">
    <p class='ocr_par' dir='ltr' id='par_1_100' title="bbox 139 5149 1786 5220">
     <span class='ocr_line' id='line_1_100' title="bbox 139 5149 1786 5220; baseline -0.001 -11"><span class='ocrx_word' id='word_1_761' title='bbox 139 5154 276 5209; x_wconf 90' lang='lat' dir='ltr'>bere</span> <span class='ocrx_word' id='word_1_762' title='bbox 309 5150 588 5208; x_wconf 90' lang='lat' dir='ltr'>sollicitos</span> <span class='ocrx_word' id='word_1_763' title='bbox 619 5169 768 5220; x_wconf 90' lang='lat' dir='ltr'>esse,</span> <span class='ocrx_word' id='word_1_764' title='bbox 802 5168 936 5207; x_wconf 91' lang='lat' dir='ltr'>cum</span> <span class='ocrx_word' id='word_1_765' title='bbox 969 5149 1170 5206; x_wconf 91' lang='lat' dir='ltr'>subdit</span> <span class='ocrx_word' id='word_1_766' title='bbox 1203 5166 1215 5204; x_wconf 87' lang='lat'><strong>:</strong></span> <span class='ocrx_word' id='word_1_767' title='bbox 1251 5151 1518 5220; x_wconf 80' lang='lat' dir='ltr'>Respicite</span> <span class='ocrx_word' id='word_1_768' title='bbox 1539 5154 1786 5208; x_wconf 85' lang='lat' dir='ltr'>volatitia</span> 
     </span>
    </p>
   </div>
   <div class='ocr_carea' id='block_1_101' title="bbox 139 5243 1785 5312">
    <p class='ocr_par' dir='ltr' id='par_1_101' title="bbox 139 5243 1785 5312">
     <span class='ocr_line' id='line_1_101' title="bbox 139 5243 1785 5312; baseline -0.001 -13"><span class='ocrx_word' id='word_1_769' title='bbox 139 5243 288 5308; x_wconf 72' lang='lat' dir='ltr'>cazli,</span> <span class='ocrx_word' id='word_1_770' title='bbox 319 5243 584 5312; x_wconf 87' lang='lat' dir='ltr'>qupniam</span> <span class='ocrx_word' id='word_1_771' title='bbox 613 5258 722 5297; x_wconf 90' lang='lat' dir='ltr'>non</span> <span class='ocrx_word' id='word_1_772' title='bbox 750 5248 955 5307; x_wconf 88' lang='lat' dir='ltr'>serant,</span> <span class='ocrx_word' id='word_1_773' title='bbox 987 5256 1158 5311; x_wconf 86' lang='lat' dir='ltr'>neque</span> <span class='ocrx_word' id='word_1_774' title='bbox 1187 5248 1419 5304; x_wconf 78' lang='lat' dir='ltr'>metuat,</span> <span class='ocrx_word' id='word_1_775' title='bbox 1451 5257 1622 5312; x_wconf 85' lang='lat' dir='ltr'>neque</span> <span class='ocrx_word' id='word_1_776' title='bbox 1660 5259 1785 5297; x_wconf 87' lang='lat' dir='ltr'>con-</span> 
     </span>
    </p>
   </div>
   <div class='ocr_carea' id='block_1_102' title="bbox 141 5329 1786 5400">
    <p class='ocr_par' dir='ltr' id='par_1_102' title="bbox 141 5329 1786 5400">
     <span class='ocr_line' id='line_1_102' title="bbox 141 5329 1786 5400; baseline 0 -15"><span class='ocrx_word' id='word_1_777' title='bbox 141 5339 371 5400; x_wconf 72' lang='lat' dir='ltr'>gregant</span> <span class='ocrx_word' id='word_1_778' title='bbox 395 5332 452 5386; x_wconf 88' lang='lat' dir='ltr'>in</span> <span class='ocrx_word' id='word_1_779' title='bbox 483 5331 696 5398; x_wconf 90' lang='lat' dir='ltr'>horrea,</span> <span class='ocrx_word' id='word_1_780' title='bbox 728 5338 779 5386; x_wconf 89' lang='lat' dir='ltr'>et</span> <span class='ocrx_word' id='word_1_781' title='bbox 807 5331 971 5386; x_wconf 87' lang='lat' dir='ltr'>Pater</span> <span class='ocrx_word' id='word_1_782' title='bbox 999 5329 1170 5385; x_wconf 85' lang='lat' dir='ltr'>vester</span> <span class='ocrx_word' id='word_1_783' title='bbox 1197 5329 1428 5384; x_wconf 65' lang='lat' dir='ltr'>exlestis</span> <span class='ocrx_word' id='word_1_784' title='bbox 1451 5332 1626 5400; x_wconf 83' lang='lat' dir='ltr'>pascit</span> <span class='ocrx_word' id='word_1_785' title='bbox 1666 5331 1786 5385; x_wconf 88' lang='lat' dir='ltr'>illa.</span> 
     </span>
    </p>
   </div>
   <div class='ocr_carea' id='block_1_103' title="bbox 1892 4615 3540 4691">
    <p class='ocr_par' dir='ltr' id='par_1_103' title="bbox 1892 4615 3540 4691">
     <span class='ocr_line' id='line_1_103' title="bbox 1892 4615 3540 4691; baseline -0.002 -14"><span class='ocrx_word' id='word_1_786' title='bbox 1892 4625 2106 4678; x_wconf 71' lang='lat' dir='ltr'>aeterna</span> <span class='ocrx_word' id='word_1_787' title='bbox 2127 4620 2265 4673; x_wconf 89' lang='lat' dir='ltr'>sunt</span> <span class='ocrx_word' id='word_1_788' title='bbox 2295 4616 2561 4688; x_wconf 86' lang='lat' dir='ltr'>petenda.</span> <span class='ocrx_word' id='word_1_789' title='bbox 2595 4615 2760 4672; x_wconf 88' lang='lat' dir='ltr'>Sicut</span> <span class='ocrx_word' id='word_1_790' title='bbox 2788 4617 2944 4672; x_wconf 90' lang='lat' dir='ltr'>enim</span> <span class='ocrx_word' id='word_1_791' title='bbox 2978 4616 3540 4691; x_wconf 89' lang='lat' dir='ltr'>satellitesregissti-</span> 
     </span>
    </p>
   </div>
   <div class='ocr_carea' id='block_1_104' title="bbox 1895 4705 3542 4784">
    <p class='ocr_par' dir='ltr' id='par_1_104' title="bbox 1895 4705 3542 4784">
     <span class='ocr_line' id='line_1_104' title="bbox 1895 4705 3542 4784; baseline -0.002 -18"><span class='ocrx_word' id='word_1_792' title='bbox 1895 4707 2108 4784; x_wconf 90' lang='lat' dir='ltr'>pendia</span> <span class='ocrx_word' id='word_1_793' title='bbox 2138 4705 2359 4762; x_wconf 77' lang='lat' dir='ltr'>militiae</span> <span class='ocrx_word' id='word_1_794' title='bbox 2381 4722 2498 4760; x_wconf 92' lang='lat' dir='ltr'>non</span> <span class='ocrx_word' id='word_1_795' title='bbox 2522 4709 2792 4778; x_wconf 91' lang='lat' dir='ltr'>reputant</span> <span class='ocrx_word' id='word_1_796' title='bbox 2813 4705 2872 4760; x_wconf 92' lang='lat' dir='ltr'>in</span> <span class='ocrx_word' id='word_1_797' title='bbox 2897 4705 3542 4763; x_wconf 88' lang='lat' dir='ltr'>laborisremuneratio—</span> 
     </span>
    </p>
   </div>
   <div class='ocr_carea' id='block_1_105' title="bbox 1896 4793 3544 4868">
    <p class='ocr_par' dir='ltr' id='par_1_105' title="bbox 1896 4793 3544 4868">
     <span class='ocr_line' id='line_1_105' title="bbox 1896 4793 3544 4868; baseline -0.002 -12"><span class='ocrx_word' id='word_1_798' title='bbox 1896 4815 2052 4867; x_wconf 89' lang='lat' dir='ltr'>nem,</span> <span class='ocrx_word' id='word_1_799' title='bbox 2085 4796 2166 4852; x_wconf 92' lang='lat' dir='ltr'>ita</span> <span class='ocrx_word' id='word_1_800' title='bbox 2196 4811 2300 4850; x_wconf 91' lang='lat' dir='ltr'>nec</span> <span class='ocrx_word' id='word_1_801' title='bbox 2332 4811 2459 4860; x_wconf 90' lang='lat' dir='ltr'>nos,</span> <span class='ocrx_word' id='word_1_802' title='bbox 2494 4794 2722 4862; x_wconf 84' lang='lat' dir='ltr'>fratres,</span> <span class='ocrx_word' id='word_1_803' title='bbox 2755 4793 3084 4850; x_wconf 90' lang='lat' dir='ltr'>necessaria</span> <span class='ocrx_word' id='word_1_804' title='bbox 3128 4794 3274 4849; x_wconf 63' lang='lat' dir='ltr'>vina:</span> <span class='ocrx_word' id='word_1_805' title='bbox 3321 4797 3544 4868; x_wconf 91' lang='lat' dir='ltr'>tempo-</span> 
     </span>
    </p>
   </div>
   <div class='ocr_carea' id='block_1_106' title="bbox 1897 4882 3540 4956">
    <p class='ocr_par' dir='ltr' id='par_1_106' title="bbox 1897 4882 3540 4956">
     <span class='ocr_line' id='line_1_106' title="bbox 1897 4882 3540 4956; baseline -0.004 -12"><span class='ocrx_word' id='word_1_806' title='bbox 1897 4887 2038 4944; x_wconf 90' lang='lat' dir='ltr'>ralis</span> <span class='ocrx_word' id='word_1_807' title='bbox 2069 4885 2350 4940; x_wconf 89' lang='lat' dir='ltr'>debemus</span> <span class='ocrx_word' id='word_1_808' title='bbox 2381 4882 2721 4954; x_wconf 90' lang='lat' dir='ltr'>reputarein</span> <span class='ocrx_word' id='word_1_809' title='bbox 2754 4882 3281 4939; x_wconf 90' lang='lat' dir='ltr'>remunerationem</span> <span class='ocrx_word' id='word_1_810' title='bbox 3296 4883 3540 4956; x_wconf 69' lang='lat' dir='ltr'>praemii,</span> 
     </span>
    </p>
   </div>
   <div class='ocr_carea' id='block_1_107' title="bbox 1897 4971 3543 5046">
    <p class='ocr_par' dir='ltr' id='par_1_107' title="bbox 1897 4971 3543 5046">
     <span class='ocr_line' id='line_1_107' title="bbox 1897 4971 3543 5046; baseline -0.002 -14"><span class='ocrx_word' id='word_1_811' title='bbox 1897 4976 2038 5044; x_wconf 90' lang='lat' dir='ltr'>Quis</span> <span class='ocrx_word' id='word_1_812' title='bbox 2051 4975 2381 5041; x_wconf 89' lang='lat' dir='ltr'>enim,teste</span> <span class='ocrx_word' id='word_1_813' title='bbox 2398 4971 2948 5041; x_wconf 86' lang='lat' dir='ltr'>Paulo,militatsuis</span> <span class='ocrx_word' id='word_1_814' title='bbox 2963 4971 3267 5045; x_wconf 90' lang='lat' dir='ltr'>stipendiis</span> <span class='ocrx_word' id='word_1_815' title='bbox 3280 4989 3543 5046; x_wconf 87' lang='lat' dir='ltr'>unquam</span> 
     </span>
    </p>
   </div>
   <div class='ocr_carea' id='block_1_108' title="bbox 1899 5059 3543 5137">
    <p class='ocr_par' dir='ltr' id='par_1_108' title="bbox 1899 5059 3543 5137">
     <span class='ocr_line' id='line_1_108' title="bbox 1899 5059 3543 5137; baseline -0.001 -16"><span class='ocrx_word' id='word_1_816' title='bbox 1899 5065 1948 5137; x_wconf 86' lang='grc' dir='ltr'>(Ι</span> <span class='ocrx_word' id='word_1_817' title='bbox 1977 5064 2100 5120; x_wconf 88' lang='lat' dir='ltr'>Cor.</span> <span class='ocrx_word' id='word_1_818' title='bbox 2135 5066 2233 5130; x_wconf 77' lang='lat' dir='ltr'>1x).</span> <span class='ocrx_word' id='word_1_819' title='bbox 2268 5061 2326 5116; x_wconf 92' lang='lat' dir='ltr'>Si</span> <span class='ocrx_word' id='word_1_820' title='bbox 2351 5077 2506 5133; x_wconf 89' lang='lat' dir='ltr'>ergo,</span> <span class='ocrx_word' id='word_1_821' title='bbox 2541 5061 2768 5128; x_wconf 81' lang='lat' dir='ltr'>fratres,</span> <span class='ocrx_word' id='word_1_822' title='bbox 2803 5061 3032 5117; x_wconf 90' lang='lat' dir='ltr'>Christo</span> <span class='ocrx_word' id='word_1_823' title='bbox 3065 5059 3409 5130; x_wconf 88' lang='lat' dir='ltr'>militamus,</span> <span class='ocrx_word' id='word_1_824' title='bbox 3427 5079 3543 5119; x_wconf 92' lang='lat' dir='ltr'>non</span> 
     </span>
    </p>
   </div>
   <div class='ocr_carea' id='block_1_109' title="bbox 1894 5148 3546 5224">
    <p class='ocr_par' dir='ltr' id='par_1_109' title="bbox 1894 5148 3546 5224">
     <span class='ocr_line' id='line_1_109' title="bbox 1894 5148 3546 5224; baseline -0.002 -15"><span class='ocrx_word' id='word_1_825' title='bbox 1894 5153 1964 5209; x_wconf 92' lang='lat' dir='ltr'>de</span> <span class='ocrx_word' id='word_1_826' title='bbox 1995 5149 2324 5224; x_wconf 89' lang='lat' dir='ltr'>stipendiis,</span> <span class='ocrx_word' id='word_1_827' title='bbox 2359 5149 2460 5203; x_wconf 84' lang='lat' dir='ltr'>sed</span> <span class='ocrx_word' id='word_1_828' title='bbox 2500 5148 2570 5204; x_wconf 91' lang='lat' dir='ltr'>de</span> <span class='ocrx_word' id='word_1_829' title='bbox 2612 5149 2994 5220; x_wconf 89' lang='lat' dir='ltr'>promerendo</span> <span class='ocrx_word' id='word_1_830' title='bbox 3025 5149 3262 5222; x_wconf 85' lang='lat' dir='ltr'>praemio</span> <span class='ocrx_word' id='word_1_831' title='bbox 3311 5148 3546 5206; x_wconf 90' lang='lat' dir='ltr'>solliciti</span> 
     </span>
    </p>
   </div>
   <div class='ocr_carea' id='block_1_110' title="bbox 1897 5237 3548 5312">
    <p class='ocr_par' dir='ltr' id='par_1_110' title="bbox 1897 5237 3548 5312">
     <span class='ocr_line' id='line_1_110' title="bbox 1897 5237 3548 5312; baseline -0.001 -15"><span class='ocrx_word' id='word_1_832' title='bbox 1897 5241 2105 5297; x_wconf 86' lang='lat' dir='ltr'>simus.</span> <span class='ocrx_word' id='word_1_833' title='bbox 2123 5240 2249 5310; x_wconf 90' lang='lat' dir='ltr'>Ipse</span> <span class='ocrx_word' id='word_1_834' title='bbox 2271 5237 2425 5292; x_wconf 91' lang='lat' dir='ltr'>enim</span> <span class='ocrx_word' id='word_1_835' title='bbox 2460 5237 2576 5292; x_wconf 83' lang='lat' dir='ltr'>Rex</span> <span class='ocrx_word' id='word_1_836' title='bbox 2597 5254 2798 5309; x_wconf 88' lang='lat' dir='ltr'>regum</span> <span class='ocrx_word' id='word_1_837' title='bbox 2830 5237 3093 5309; x_wconf 91' lang='lat' dir='ltr'>providet</span> <span class='ocrx_word' id='word_1_838' title='bbox 3118 5244 3176 5294; x_wconf 90' lang='lat' dir='ltr'>et</span> <span class='ocrx_word' id='word_1_839' title='bbox 3203 5238 3299 5294; x_wconf 91' lang='lat' dir='ltr'>hic</span> <span class='ocrx_word' id='word_1_840' title='bbox 3332 5237 3548 5312; x_wconf 89' lang='lat' dir='ltr'>stipen-</span> 
     </span>
    </p>
   </div>
   <div class='ocr_carea' id='block_1_111' title="bbox 1897 5324 3543 5401">
    <p class='ocr_par' dir='ltr' id='par_1_111' title="bbox 1897 5324 3543 5401">
     <span class='ocr_line' id='line_1_111' title="bbox 1897 5324 3543 5401; baseline -0.001 -16"><span class='ocrx_word' id='word_1_841' title='bbox 1897 5330 1994 5385; x_wconf 91' lang='lat' dir='ltr'>dia</span> <span class='ocrx_word' id='word_1_842' title='bbox 2024 5327 2309 5384; x_wconf 90' lang='lat' dir='ltr'>militibus</span> <span class='ocrx_word' id='word_1_843' title='bbox 2338 5325 2555 5395; x_wconf 89' lang='lat' dir='ltr'>suis,et</span> <span class='ocrx_word' id='word_1_844' title='bbox 2583 5324 2643 5380; x_wconf 92' lang='lat' dir='ltr'>in</span> <span class='ocrx_word' id='word_1_845' title='bbox 2675 5326 2868 5382; x_wconf 87' lang='lat' dir='ltr'>futuro</span> <span class='ocrx_word' id='word_1_846' title='bbox 2900 5331 3154 5384; x_wconf 89' lang='lat' dir='ltr'>reservat</span> <span class='ocrx_word' id='word_1_847' title='bbox 3173 5331 3543 5401; x_wconf 64' lang='lat' dir='ltr'>esternaprm-</span> 
     </span>
    </p>
   </div>
   <div class='ocr_carea' id='block_1_112' title="bbox 140 5413 3544 5490">
    <p class='ocr_par' dir='ltr' id='par_1_112' title="bbox 140 5413 3544 5490">
     <span class='ocr_line' id='line_1_112' title="bbox 140 5413 3544 5490; baseline -0.001 -13"><span class='ocrx_word' id='word_1_848' title='bbox 140 5421 331 5477; x_wconf 88' lang='lat' dir='ltr'>Non-ne</span> <span class='ocrx_word' id='word_1_849' title='bbox 375 5435 467 5476; x_wconf 85' lang='lat' dir='ltr'>vos</span> <span class='ocrx_word' id='word_1_850' title='bbox 507 5420 692 5490; x_wconf 81' lang='lat' dir='ltr'>pluris</span> <span class='ocrx_word' id='word_1_851' title='bbox 733 5420 914 5487; x_wconf 88' lang='lat' dir='ltr'>magis</span> <span class='ocrx_word' id='word_1_852' title='bbox 960 5420 1085 5474; x_wconf 89' lang='lat' dir='ltr'>estis</span> <span class='ocrx_word' id='word_1_853' title='bbox 1135 5418 1288 5472; x_wconf 75' lang='lat' dir='ltr'>illis?</span> <span class='ocrx_word' id='word_1_854' title='bbox 1316 5415 1374 5471; x_wconf 93' lang='lat' dir='ltr'>id</span> <span class='ocrx_word' id='word_1_855' title='bbox 1425 5421 1511 5473; x_wconf 88' lang='lat' dir='ltr'>est</span> <span class='ocrx_word' id='word_1_856' title='bbox 1549 5418 1789 5490; x_wconf 86' lang='lat' dir='ltr'>majoris</span> <span class='ocrx_word' id='word_1_857' title='bbox 1900 5418 2019 5474; x_wconf 90' lang='lat' dir='ltr'>mia</span> <span class='ocrx_word' id='word_1_858' title='bbox 2048 5415 2333 5472; x_wconf 91' lang='lat' dir='ltr'>Dominus</span> <span class='ocrx_word' id='word_1_859' title='bbox 2363 5418 2560 5469; x_wconf 89' lang='lat' dir='ltr'>noster</span> <span class='ocrx_word' id='word_1_860' title='bbox 2589 5414 2727 5469; x_wconf 90' lang='lat' dir='ltr'>Jesu</span> <span class='ocrx_word' id='word_1_861' title='bbox 2761 5413 3053 5484; x_wconf 88' lang='lat' dir='ltr'>Christus,</span> <span class='ocrx_word' id='word_1_862' title='bbox 3085 5417 3183 5490; x_wconf 92' lang='lat' dir='ltr'>qui</span> <span class='ocrx_word' id='word_1_863' title='bbox 3216 5432 3352 5472; x_wconf 89' lang='lat' dir='ltr'>cum</span> <span class='ocrx_word' id='word_1_864' title='bbox 3380 5416 3544 5472; x_wconf 88' lang='lat' dir='ltr'>Patre</span> 
     </span>
    </p>
   </div>
   <div class='ocr_carea' id='block_1_113' title="bbox 142 5505 1794 5582">
    <p class='ocr_par' dir='ltr' id='par_1_113' title="bbox 142 5505 1794 5582">
     <span class='ocr_line' id='line_1_113' title="bbox 142 5505 1794 5582; baseline 0.001 -20"><span class='ocrx_word' id='word_1_865' title='bbox 142 5507 313 5582; x_wconf 90' lang='lat' dir='ltr'>pretii</span> <span class='ocrx_word' id='word_1_866' title='bbox 345 5508 500 5580; x_wconf 89' lang='lat' dir='ltr'>apud</span> <span class='ocrx_word' id='word_1_867' title='bbox 531 5506 736 5562; x_wconf 89' lang='lat' dir='ltr'>Deum.</span> <span class='ocrx_word' id='word_1_868' title='bbox 767 5508 844 5562; x_wconf 83' lang='lat' dir='ltr'>Ac</span> <span class='ocrx_word' id='word_1_869' title='bbox 875 5506 924 5563; x_wconf 90' lang='lat' dir='ltr'>si</span> <span class='ocrx_word' id='word_1_870' title='bbox 957 5506 1208 5561; x_wconf 90' lang='lat' dir='ltr'>diceret:</span> <span class='ocrx_word' id='word_1_871' title='bbox 1245 5505 1304 5562; x_wconf 91' lang='lat' dir='ltr'>Si</span> <span class='ocrx_word' id='word_1_872' title='bbox 1339 5505 1491 5562; x_wconf 91' lang='lat' dir='ltr'>Deus</span> <span class='ocrx_word' id='word_1_873' title='bbox 1523 5507 1622 5561; x_wconf 90' lang='lat' dir='ltr'>dat</span> <span class='ocrx_word' id='word_1_874' title='bbox 1641 5507 1794 5564; x_wconf 89' lang='lat' dir='ltr'>vola-</span> 
     </span>
    </p>
   </div>
   <div class='ocr_carea' id='block_1_114' title="bbox 139 5593 1796 5674">
    <p class='ocr_par' dir='ltr' id='par_1_114' title="bbox 139 5593 1796 5674">
     <span class='ocr_line' id='line_1_114' title="bbox 139 5593 1796 5674; baseline 0.001 -16"><span class='ocrx_word' id='word_1_875' title='bbox 139 5596 346 5658; x_wconf 82' lang='lat' dir='ltr'>tilibus</span> <span class='ocrx_word' id='word_1_876' title='bbox 377 5597 575 5658; x_wconf 89' lang='lat' dir='ltr'>cibum</span> <span class='ocrx_word' id='word_1_877' title='bbox 598 5595 726 5655; x_wconf 81' lang='lat' dir='ltr'>sine</span> <span class='ocrx_word' id='word_1_878' title='bbox 756 5593 1145 5656; x_wconf 86' lang='lat' dir='ltr'>sollicitudine</span> <span class='ocrx_word' id='word_1_879' title='bbox 1165 5611 1390 5668; x_wconf 85' lang='lat' dir='ltr'>eorum,</span> <span class='ocrx_word' id='word_1_880' title='bbox 1426 5599 1644 5674; x_wconf 85' lang='lat' dir='ltr'>quanto</span> <span class='ocrx_word' id='word_1_881' title='bbox 1675 5613 1796 5659; x_wconf 83' lang='lat' dir='ltr'>ma-</span> 
     </span>
    </p>
   </div>
   <div class='ocr_carea' id='block_1_115' title="bbox 1900 5502 3548 5580">
    <p class='ocr_par' dir='ltr' id='par_1_115' title="bbox 1900 5502 3548 5580">
     <span class='ocr_line' id='line_1_115' title="bbox 1900 5502 3548 5580; baseline 0.001 -17"><span class='ocrx_word' id='word_1_882' title='bbox 1900 5511 1957 5564; x_wconf 90' lang='lat' dir='ltr'>et</span> <span class='ocrx_word' id='word_1_883' title='bbox 1986 5505 2206 5580; x_wconf 89' lang='lat' dir='ltr'>Spiritu</span> <span class='ocrx_word' id='word_1_884' title='bbox 2253 5507 2452 5560; x_wconf 86' lang='lat' dir='ltr'>sancto</span> <span class='ocrx_word' id='word_1_885' title='bbox 2507 5503 2648 5559; x_wconf 88' lang='lat' dir='ltr'>vivit</span> <span class='ocrx_word' id='word_1_886' title='bbox 2676 5508 2732 5560; x_wconf 91' lang='lat' dir='ltr'>et</span> <span class='ocrx_word' id='word_1_887' title='bbox 2762 5508 2966 5579; x_wconf 89' lang='lat' dir='ltr'>regnat</span> <span class='ocrx_word' id='word_1_888' title='bbox 3003 5505 3160 5564; x_wconf 89' lang='lat' dir='ltr'>Deus</span> <span class='ocrx_word' id='word_1_889' title='bbox 3215 5520 3318 5579; x_wconf 90' lang='lat' dir='ltr'>per</span> <span class='ocrx_word' id='word_1_890' title='bbox 3346 5502 3548 5565; x_wconf 81' lang='lat' dir='ltr'>omnia</span> 
     </span>
    </p>
   </div>
   <div class='ocr_carea' id='block_1_116' title="bbox 1903 5592 2749 5658">
    <p class='ocr_par' dir='ltr' id='par_1_116' title="bbox 1903 5592 2749 5658">
     <span class='ocr_line' id='line_1_116' title="bbox 1903 5592 2749 5658; baseline -0.005 -1"><span class='ocrx_word' id='word_1_891' title='bbox 1903 5593 2116 5658; x_wconf 69' lang='lat' dir='ltr'>saecula</span> <span class='ocrx_word' id='word_1_892' title='bbox 2146 5592 2512 5655; x_wconf 82' lang='lat' dir='ltr'>saeculorum.</span> <span class='ocrx_word' id='word_1_893' title='bbox 2545 5593 2749 5654; x_wconf 81' lang='lat' dir='ltr'>Amen.</span> 
     </span>
    </p>
   </div>
  </div>
