3974 6076
460 312 619 379 2063

988 447 1296 505 HOMILIA
1331 447 1570 505 XXXIV.

601 553 881 594 DOMINIGA
917 553 1128 595 DECIMA
1166 554 1343 595 SEXTA
1381 555 1520 594 POST
1554 555 1923 594 TRINITATEM.

530 626 755 684 Obsecro
783 642 874 684 vos
900 643 972 684 ne
991 627 1259 700 deﬁciatis
1288 629 1349 684 in
1377 628 1829 684 tribulationibus
1842 629 1975 684 meis
2000 643 2102 701 pro

456 716 632 784 vobis,
662 731 788 788 quae
814 724 891 773 est
917 717 1095 789 gloria
1120 725 1299 773 vestra
1346 717 1564 791 (Ephes.
1598 720 1702 787 III).
1737 722 1846 773 etc.
1880 717 1943 773 In
1992 716 2103 772 hac

457 801 939 873 lectione,fratres
955 805 1307 875 charissimi,
1322 805 1589 863 hortatur
1601 806 1913 879 Apostolus
1924 806 2107 878 Ephe-

460 891 600 959 sios,
633 896 691 950 et
717 910 821 967 per
846 910 946 951 eos
975 894 1267 968 quoslibet
1296 900 1582 964 nostrum,
1607 896 1680 951 ad
1713 895 2103 953 constantiam

462 985 520 1039 et
549 982 952 1040 fortitudinem
972 983 1129 1054 fidei,
1144 983 1268 1057 spei
1290 989 1347 1040 et
1367 984 1689 1053 charitatis,
1708 989 1765 1041 et
1785 984 1893 1040 hoc
1906 985 2101 1040 modo.

462 1072 655 1129 Primo
683 1073 950 1130 obsecrat
977 1090 1078 1131 eos
1110 1090 1182 1130 ne
1211 1074 1483 1130 deﬁciant
1511 1074 1571 1129 in
1603 1073 2101 1130 tribulationibus.

462 1161 731 1239 Secundo
759 1162 1018 1219 ostendit
1044 1179 1109 1220 se
1138 1179 1303 1221 orare
1332 1180 1436 1236 pro
1466 1163 1810 1219 fortitudine
1839 1166 1895 1218 et
1925 1162 2105 1235 perfe-

461 1249 652 1308 ctione
680 1267 904 1309 eorum.
927 1251 1119 1309 Tertio
1166 1252 1386 1326 gratias
1432 1252 1552 1326 agit
1598 1257 1732 1320 Deo,
1766 1252 1865 1324 qui
1897 1256 2104 1325 potens

461 1342 553 1396 est
602 1340 743 1397 dare
780 1340 907 1398 suis
947 1339 1160 1397 melius
1209 1358 1386 1414 quam
1419 1340 1531 1414 ipsi
1563 1340 1758 1397 sciunt
1785 1340 2102 1413 postulare.

459 1428 779 1503 Apostolus
807 1429 1008 1503 igitur,
1021 1432 1258 1503 propter
1275 1428 1653 1504 Evangelium
1675 1429 1901 1503 positus
1914 1430 1975 1486 in
1985 1429 2107 1486 vin-

461 1517 631 1588 culis,
643 1518 860 1577 timens
871 1535 943 1576 ne
952 1519 1360 1576 tribulationes
1381 1518 1553 1576 illatae
1582 1519 1884 1594 magistro,
1900 1519 2106 1576 ﬁerent

458 1607 639 1665 timor
665 1611 722 1666 et
747 1608 1016 1666 debilitas
1044 1608 1487 1683 discipulorum,
1522 1627 1671 1682 quos
1717 1627 1834 1665 non
1881 1613 2106 1682 poterat

459 1698 960 1768 verbo,confortat
989 1698 1227 1771 scripto.
1247 1698 1312 1755 In
1335 1715 1451 1771 quo
1481 1702 1655 1770 certe,
1673 1698 1899 1767 fratres,
1918 1702 2106 1755 osten-

1456 318 1856 379 ADDENDA.
1892 351 1968 361 —
2008 316 2407 377 RADULPHI
2451 286 2903 378 ARDENTISJ

3740 318 3877 378 2064

2132 447 2189 515 Α
2217 452 2357 504 sunt
2377 453 2546 518 Deus,
2580 466 2685 506 nec
2726 449 2913 517 Pater,
2947 449 3061 505 nisi
3113 466 3178 505 ex
3231 450 3418 508 Patre.
3456 451 3522 507 In
3546 455 3728 507 terra
3762 468 3861 506 ver
3958 504 3959 518 ξ

2209 537 2487 593 dicuntur
2514 537 2781 595 homines
2811 541 3006 611 patres
3038 538 3293 595 ﬁliorum
3315 558 3565 597 suorum
3584 558 3701 613 per
3724 558 3881 612 gen-5-

2210 626 2518 695 rationem,
2553 631 2607 682 et
2638 626 2932 683 minorum
2964 645 3067 701 per
3096 628 3371 684 doctrinm
3401 635 3459 685 et
3486 629 3766 703 exempli
3800 648 3883 684 ns-

2210 715 2560 783 ctoritatem,
2592 720 2650 772 et
2695 716 2873 772 etiam
2921 716 3249 773 alienorum
3298 718 3558 775 ﬁliorum
3616 736 3739 791 per
3790 720 3881 772 ari-

2210 804 2528 876 optioncm.
2548 804 2661 860 Sed
2680 804 2795 861 sive
2826 805 2955 872 hoc,
2977 805 3097 862 sive
3128 806 3293 875 illud,
3313 808 3431 863 sive
3464 809 3877 869 tertiummtn

2210 909 2279 948 ex
2300 910 2380 961 se,
2416 894 2516 948 sed
2550 911 2618 949 ex
2649 911 2881 950 summo
2914 895 3078 951 Patre
3111 896 3347 952 habent.
3381 897 3589 970 Itaque
3638 915 3717 954 ex
3774 898 3879 953 De:

2216 985 2381 1039 Patre
2412 981 2604 1038 omnis
2634 982 3049 1055 paternitas,id
3071 989 3159 1041 est
3178 986 3370 1041 omnis
3394 989 3614 1043 modus
3640 987 3875 1043 dicend.

2211 1074 2455 1143 patrem,
2489 1074 2546 1127 et
2576 1076 2667 1128 est
2694 1077 2751 1128 et
2782 1073 3139 1129 nominatur.
3167 1074 3290 1138 Qua
3319 1076 3390 1131 de
3442 1093 3635 1131 causa
3692 1077 3875 1133 flectis

2209 1174 2400 1232 genua
2427 1163 2531 1215 tua
2560 1161 2631 1216 ad
2645 1166 2866 1233 patrem
2880 1162 2907 1218 ‘1’
2922 1167 2991 1220 Ut
3007 1163 3098 1219 dei
3116 1164 3296 1233 vobis,
3310 1164 3523 1237 inquit,
3544 1183 3687 1222 seca
3700 1169 3871 1221 mlum

2212 1249 2467 1305 divitias
2483 1249 2692 1322 gloriae
2718 1266 2855 1306 sum.
2888 1250 3033 1307 Cum
3065 1253 3219 1308 Deus
3251 1251 3467 1310 habeat
3493 1273 3715 1311 omnes
3733 1257 3869 1311 divi-

2212 1336 2324 1393 tias
2356 1355 2481 1410 quae
2513 1344 2653 1395 sunt
2682 1339 2739 1394 in
2771 1338 2912 1396 coelo
2943 1344 3001 1396 et
3032 1358 3158 1414 quae
3184 1347 3324 1398 sunt
3354 1342 3411 1398 in
3460 1348 3646 1411 terra,
3678 1350 3869 1401 tamen

2213 1425 2424 1483 divitiae
2455 1426 2654 1500 gloriae
2683 1429 2961 1485 dicuntur
2990 1429 3084 1486 hic
3113 1430 3355 1488 virtutes
3368 1436 3425 1488 et
3446 1449 3662 1489 earum
3678 1452 3867 1507 opera,

2212 1515 2340 1572 ideo
2366 1515 2506 1589 quia
2544 1516 2840 1573 hominem
2896 1519 3119 1575 faciunt
3148 1537 3277 1577 vere
3319 1521 3679 1595 gloriosum,
3715 1531 3775 1579 et
3804 1527 3865 1581 ad

2210 1608 2488 1661 aeternam
2512 1604 2762 1679 gloriam
2795 1608 3143 1679 perducunt.
3160 1610 3227 1664 Et
3251 1610 3391 1682 quid
3411 1612 3555 1667 det?
3573 1615 3717 1668 Vir!
3728 1620 3865 1669 atem

2210 1695 2592 1751 corroborari
2620 1697 2683 1750 in.
2710 1696 2890 1768 vobis,
2922 1696 2978 1752 id
3004 1701 3094 1753 est
3120 1714 3223 1754 vos
3251 1701 3627 1757 corroborari
3664 1702 3727 1757 in
3759 1705 3864 1758 vir-

461 1787 622 1844 ditur
644 1786 795 1844 mira
825 1786 1570 1861 ch‘aritasApostoli,quide
1588 1788 1916 1843 constantia
1929 1786 2102 1843 disci-
2135 1820 2182 1885 B
2214 1787 2360 1851 tute,
2381 1787 2437 1838 et
2484 1782 2704 1884 scilicet
2747 1784 3030 1885 habeatis.
3060 1786 3335 1844 virtutem
3401 1790 3784 1847 fortitudinis
3818 1800 3861 1848 et

460 1875 737 1950 pulorum
758 1876 950 1950 magis
971 1892 1150 1950 quam
1162 1877 1233 1933 de
1250 1876 1499 1933 vinculis
1518 1877 1643 1934 suis
1657 1876 1944 1933 sollicitus
1957 1880 2098 1933 erat.

459 1965 558 2023 Ait
586 1964 994 2040 ergoz0bsecro
1020 1981 1114 2023 vos
1151 1969 1209 2022 et
1236 1966 1308 2022 de
1334 1966 1603 2033 vobisme
1635 1965 1856 2023 scilicet
1882 1966 2104 2037 deﬁcia-

463 2058 535 2115 tis
565 2058 627 2114 in
655 2055 1105 2113 tribulationibus
1130 2056 1285 2124 meis,
1318 2054 1377 2112 id
1404 2058 1493 2112 est
1512 2060 1749 2129 propter
1776 2054 2104 2112 tribulatio-

462 2159 568 2201 nes
619 2159 803 2213 meas,
835 2159 963 2215 quae
1010 2142 1214 2216 utique
1257 2147 1395 2200 sunt
1425 2160 1529 2216 pro
1558 2144 1741 2213 vobis,
1776 2145 1833 2200 id
1863 2149 1953 2200 est
1983 2162 2108 2218 pro-

459 2238 590 2308 pter
618 2232 795 2289 ﬁdem
836 2230 999 2289 vobis
1052 2231 1447 2306 praedicatum,
1478 2233 1623 2288 mihi
1652 2232 1846 2302 illatae,
1879 2250 2003 2307 quae
2031 2242 2111 2291 est

458 2323 640 2396 gloria
668 2329 864 2389 vestra,
896 2320 956 2377 id
987 2323 1077 2378 est
1104 2337 1223 2377 non
1248 2321 1494 2378 deﬁcere
1520 2321 1581 2377 in
1628 2322 2107 2381 tribulationibus

457 2410 549 2468 vel
579 2409 726 2467 meis
753 2408 844 2466 vel
872 2409 1104 2479 vestris,
1136 2413 1225 2465 est
1252 2408 1438 2482 gloria
1464 2397 1676 2467 vestra.
1711 2412 1911 2468 Fortes
1949 2413 2106 2468 enim

459 2498 521 2554 in
547 2497 864 2554 certamine
893 2496 1115 2554 milites
1153 2502 1297 2554 sunt
1341 2498 1497 2571 apud
1528 2498 1713 2555 Deum
1744 2499 2003 2573 gloriosi.
2037 2503 2109 2558 Et

460 2586 787 2645 econtrario
816 2586 1180 2644 formidolosi
1209 2590 1265 2643 et
1290 2587 1623 2644 deﬁcientes
1651 2594 1823 2644 erunt
1851 2589 2104 2662 inglorii.

461 2676 626 2735 Sicut
654 2676 811 2734 enim
842 2677 1045 2733 fornax
1072 2693 1307 2745 aurum,
1336 2676 1421 2732 ita
1446 2676 1744 2734 tribulatio
1777 2680 1983 2750 probat
2002 2680 2108 2751 ju-

461 2770 643 2823 stum.
684 2765 849 2823 Unde
892 2782 1009 2822 non
1059 2764 1281 2822 debetis
1337 2766 1561 2835 mirari,
1612 2766 1821 2824 fratres
1871 2768 2005 2837 mei,
2058 2769 2107 2825 si

462 2855 750 2913 Dominus
778 2854 921 2912 sinit
948 2853 1215 2911 tribulari
1247 2858 1303 2911 et
1336 2854 1766 2929 ﬂagellarisuos
1785 2857 1844 2911 in
1862 2860 2103 2914 mundo.

460 2946 687 3002 Aurum
718 2943 878 3000 enim
907 2960 1121 3017 purum
1147 2959 1275 3000 esse
1297 2943 1691 3016 nequit,quod
1705 2944 1974 3000 caminus
1991 2962 2107 3001 non

464 3032 755 3107 excoquit.
788 3033 1040 3091 Obsecro
1069 3049 1205 3106 ergo
1224 3036 1281 3088 et
1294 3033 1966 3106 egovoscumApostolo,
2001 3034 2110 3090 fra-

463 3128 585 3181 tres
614 3121 753 3191 mei,
784 3138 858 3179 ne
904 3120 1187 3179 deficiatis
1236 3122 1299 3178 in
1347 3121 1845 3191 tribulationibus,
1879 3123 1929 3179 si
1980 3140 2109 3196 quae

2212 1871 2554 1929 constantiae
2578 1873 2637 1927 in
2664 1872 2999 1930 interiorem
3016 1874 3560 1953 hominem.Magna
3583 1882 3747 1937 enim
3770 1882 3861 1938 for-

2211 1960 2400 2017 titudo
2431 1961 2688 2035 corporis
2721 1980 2835 2019 non
2868 1968 2958 2019 est
2989 1965 3317 2022 necessaria
3339 1967 3864 2043 Christianis,quis

2214 2067 2430 2124 magna
2462 2051 2736 2107 fortitudo
2766 2057 2824 2108 et
2854 2051 3144 2127 pinguedo
3166 2056 3425 2128 corporis
3446 2060 3743 2130 opprimit
3758 2061 3863 2116 ani.

2215 2157 2394 2196 mam.
2427 2139 2574 2196 Cum
2604 2140 2760 2197 enim
2792 2158 2925 2197 caro
2955 2147 3012 2198 et
3040 2144 3284 2217 spiritus
3304 2146 3417 2202 sibi
3449 2147 3861 2206 adinvicemad

2214 2234 2537 2297 versentur,
2570 2234 2789 2302 quanto
2838 2230 3086 2288 alterum
3136 2238 3227 2289 est
3271 2234 3506 2302 fortius,
3538 2242 3712 2294 tanto
3744 2240 3863 2295 reli-

2216 2334 2400 2390 quum
2427 2323 2515 2374 est
2543 2317 2813 2375 debilius.
2844 2319 3009 2376 Unde
3031 2321 3342 2394 Apostolus
3364 2327 3652 2398 :Qaando
3674 2346 3778 2399 ego
3792 2332 3865 2384 is-

2212 2409 2436 2477 ﬁrmor,
2469 2417 2606 2464 tunc
2634 2408 2854 2484 fortior
2877 2426 3005 2465 sum
3035 2416 3091 2466 et
3116 2417 3323 2484 potens
3351 2416 3425 2482 (Il
3454 2416 3581 2471 Cor.
3618 2420 3744 2475 x111.
3766 2419 3863 2474 Et-

2215 2496 2379 2569 ponit
2401 2497 2554 2569 quod
2566 2496 2808 2566 dixerat,
2834 2497 3234 2571 det,inquam,
3250 2502 3547 2560 virtutem.
3567 2506 3643 2560 Et
3666 2510 3864 2578 quam?

2218 2584 2539 2654 Christum,
2570 2585 2670 2657 qui
2702 2585 2923 2642 scilicet
2953 2591 3043 2643 est
3075 2587 3175 2645 Dei
3218 2589 3404 2647 virtus
3448 2596 3507 2647 et
3555 2596 3857 2667 sapientia.

2217 2672 2488 2729 habitare
2530 2691 2639 2746 per
2662 2673 2851 2747 ﬁdem
2886 2677 2950 2732 in
2979 2679 3250 2734 cordibus
3296 2683 3531 2747 vestris,
3559 2698 3743 2755 quem
3773 2686 3860 2757 qui

2215 2760 2411 2817 habet.
2432 2779 2667 2818 omnem
2696 2763 2968 2821 virtutem
2998 2771 3054 2821 et
3082 2767 3331 2840 gratiam
3355 2769 3558 2827 habet.
3576 2772 3858 2829 Detetiam

2216 2853 2283 2906 nt
2315 2850 2445 2907 sitis
2477 2854 2541 2908 in
2571 2852 2863 2909 charitate
2894 2855 3161 2911 radicati
3182 2866 3237 2911 et
3263 2858 3533 2930 fundati,
3552 2866 3623 2915 ut
3655 2863 3862 2919 scilicet

2217 2956 2322 2996 nec
2353 2939 2515 2996 evelli
2549 2958 2654 2997 nec
2688 2943 2905 2998 moveri
2929 2961 2964 2998 a
2993 2944 3274 3002 charitate
3304 2948 3571 3018 possitis.
3612 2951 3789 3007 Eleeti
3816 2960 3863 3008 et

2217 3027 2267 3084 si
2297 3030 2648 3102 quandoque
2670 3030 3103 3104 aliquantulum
3135 3042 3499 3106 moveantur,
3524 3056 3651 3095 non
3680 3046 3859 3098 tamen

2216 3117 2554 3174 evellentur.
2582 3119 2759 3176 David
2791 3120 2893 3193 qui
2922 3124 3198 3195 peccavit,
3230 3129 3426 3182 motus
3456 3127 3596 3194 fuit,
3636 3131 3741 3186 sed
3764 3150 3860 3188 non

462 3211 630 3282 mihi,
660 3210 752 3269 vel
779 3210 966 3281 vobis,
979 3209 1069 3267 vel
1099 3211 1276 3267 etiam
1306 3210 1700 3268 sanctioribus
1729 3211 1869 3268 viris
1883 3194 2107 3268 contin-
2137 3194 2181 3263 C
2219 3206 2474 3278 evulsus,
2509 3211 2565 3265 et
2590 3207 2721 3265 ideo
2754 3227 2869 3266 non
2891 3194 3062 3268 aruit.
3102 3214 3168 3270 Ut
3193 3216 3447 3284 possitis,
3480 3216 3692 3290 inquit
3727 3238 3861 3278 com-

459 3305 623 3376 gant,
654 3299 933 3374 quoniam
958 3299 1212 3357 caelestis
1242 3299 1405 3356 faber
1441 3316 1577 3356 vase
1625 3300 1923 3358 electionis
1969 3318 2101 3357 cum

460 3390 653 3449 inulta
670 3388 1051 3447 tribulatione
1079 3388 1384 3445 consuevit
1403 3387 1663 3446 elimare.

531 3478 809 3555 Sequitur
834 3495 972 3553 pars
997 3478 1276 3546 secunda,
1307 3476 1369 3533 in
1400 3494 1518 3548 qua
1559 3478 1815 3535 ostendit
1860 3480 2105 3553 Aposto-

457 3568 553 3627 lus
583 3585 647 3626 se
674 3584 842 3625 orare
869 3583 974 3641 pro
1004 3565 1329 3623 constaatia
1374 3566 1822 3641 discipulorum,
1854 3569 2054 3626 dicens
2085 3586 2099 3625 :

457 3658 648 3730 Hujus
672 3657 767 3713 rei
791 3657 1029 3730 gratia,
1064 3653 1287 3712 scilicet
1318 3672 1389 3711 nc
1432 3657 1745 3724 deﬁciatis,
1767 3658 1935 3730 [)‘ecto
1988 3675 2103 3715 non

465 3762 623 3820 genu
670 3761 882 3814 unum,
931 3744 1088 3800 sicut
1133 3744 1424 3801 faciebant
1468 3746 1655 3802 Judaei
1705 3751 1839 3803 ante
1875 3747 2102 3813 Jesum,

458 3833 549 3892 vel
596 3833 753 3891 sicut
793 3833 1129 3907 hypocrita,
1162 3834 1262 3907 qui
1311 3850 1568 3907 corpore,
1604 3852 1720 3891 non
1772 3840 1965 3892 mente
1990 3835 2104 3891 hu-

461 3923 787 3994 miliantur,
811 3924 915 3981 sed
963 3940 1158 3997 genua
1205 3940 1360 3992 mea,
1391 3923 1449 3979 id
1501 3928 1590 3980 est
1615 3923 1881 3997 supplico
1912 3929 2105 3981 mente

461 4017 521 4071 et
540 4029 801 4087 corpore,
821 4013 905 4071 ad
940 4017 1177 4070 Patrem
1224 4013 1334 4069 Dei
1377 4017 1435 4068 et
1477 4014 1715 4069 Domini
1738 4014 1936 4069 nostri
1966 4018 2107 4072 Jesu

464 4102 720 4172 Christi,
733 4118 810 4159 ea:
826 4118 936 4177 quo
949 4103 1136 4158 omnis
1148 4101 1490 4175 paternitas
1508 4102 1573 4157 in
1601 4099 1745 4157 coelo
1775 4108 1831 4158 et
1860 4103 1921 4158 in
1940 4108 2108 4159 terra

461 4191 821 4249 nominatur.
852 4191 1015 4248 Sicut
1042 4207 1177 4247 cum
1202 4189 1357 4247 Deus
1391 4189 1469 4246 sit
1499 4189 1659 4246 solus
1702 4191 1912 4261 bonus,
1946 4191 2108 4248 solus

465 4281 544 4339 sit
573 4281 871 4350 dominus,
903 4278 1068 4337 solus
1099 4278 1175 4335 sit
1204 4295 1324 4347 rex,
1356 4282 1555 4336 tamen
1584 4279 1766 4335 voluit
1794 4279 2109 4354 participa-

466 4371 626 4428 tione
663 4370 942 4428 bonitatis
973 4385 1091 4426 sua
1123 4368 1391 4425 homines
1420 4368 1533 4424 dici
1555 4373 1609 4425 et
1632 4369 1816 4425 bonos
1834 4373 1890 4425 et
1919 4368 2111 4426 domi-

464 4477 573 4518 nos
602 4463 776 4533 atque
795 4475 981 4532 reges.
1003 4458 1098 4515 Sic
1117 4474 1252 4514 cum
1281 4458 1407 4530 ipse
1437 4458 1597 4515 solus
1620 4457 1697 4515 sit
1727 4458 1911 4526 Pater,
1930 4458 2113 4515 voluit

2210 3297 2574 3366 prehendere
2602 3314 2734 3356 cum
2764 3301 3034 3357 omnibus
3058 3305 3302 3360 sanctis.
3335 3306 3486 3372 Quia
3520 3306 3639 3363 soli
3693 3313 3861 3366 sancti

2212 3386 2703 3459 comprehendere
2736 3393 3000 3460 possunt,
3017 3408 3269 3463 quorum
3291 3399 3380 3449 est
3403 3412 3585 3452 nosse
3613 3400 3864 3455 ministe—

2213 3474 2368 3530 rium
2400 3476 2561 3550 regni
2583 3476 2685 3534 Dei
2707 3477 2734 3533 ‘I
2766 3478 2835 3534 Et
2866 3479 3045 3552 quid?
3072 3485 3212 3551 Qum
3237 3484 3318 3539 sit
3350 3484 3706 3557 longitudo,
3740 3491 3864 3545 lati-

2212 3565 2785 3631 tudo,sublimitaset
2790 3570 3181 3643 profundum.
3197 3572 3865 3650 Quiacltarilaspalieus

2212 3659 2297 3709 est
2311 3660 2368 3710 et
2385 3654 3072 3729 benigna,quiaomniare
3085 3662 3274 3717 credit
3283 3666 3509 3731 ,omm’a
3526 3676 3865 3738 sper-arpis-

2210 3744 2321 3799 nia
2346 3746 2589 3801 sustinet
2618 3746 2669 3817 (I
2699 3748 2835 3803 Cor.
2866 3747 3161 3821 xm).lpsa
3189 3749 3443 3806 Charitas
3476 3758 3573 3808 est
3606 3754 3861 3829 longani-

2214 3831 2327 3887 mis
2358 3832 2418 3887 in
2447 3832 2747 3905 patientia,
2784 3836 2912 3909 ipsa
2937 3842 3028 3894 est
3054 3836 3176 3893 lata
3216 3839 3273 3893 in
3316 3838 3669 3913 dilectione,
3706 3846 3861 3900 amici

2214 3919 2433 3977 scilicet
2457 3926 2514 3977 et
2541 3922 2787 3993 inimici,
2821 3924 2951 3998 ipsa
2978 3930 3068 3982 est
3100 3924 3218 3983 lata
3245 3926 3303 3983 in
3348 3946 3476 4002 spe,
3513 3938 3858 3990 aeternorum

2214 4008 2437 4065 scilicet
2463 4012 3003 4087 pammiorum,1psa
3028 4020 3115 4071 est
3145 4016 3437 4087 profunda
3468 4018 3534 4074 in
3570 4022 3865 4078 ﬁdeetevi-

2214 4099 2433 4155 tatione
2463 4104 2811 4158 aeternorum
2842 4103 3288 4177 suppliciorum.
3310 4107 3418 4173 Qui
3437 4109 3607 4165 enim
3632 4111 3864 4167 charita-

2216 4191 2333 4244 tem
2365 4206 2482 4245 non
2512 4189 2692 4246 habet
2725 4191 3864 4270 radicatam,inpatientialacessit,etin

2217 4276 2526 4335 dilectione
2546 4280 2823 4347 deficit,et
2838 4281 2897 4337 in
2920 4300 3022 4355 spe
3042 4283 3237 4339 aeterni
3262 4287 3497 4357 prmmii
3522 4287 3865 4362 languescit,

2216 4366 2276 4421 in
2308 4367 2420 4455 ﬁde
2448 4368 2645 4424 aeterni
2675 4370 2949 4443 supplicii
2980 4372 3326 4446 ambigit.Et
3346 4376 3494 4446 quia
3528 4396 3654 4435 non
3686 4397 3870 4453 possu-

2218 4472 2351 4511 mus
2382 4473 2509 4513 esse
2540 4459 2692 4513 firmi
2715 4458 2774 4514 in
2799 4460 2908 4517 fide
2929 4465 2986 4517 et
3009 4461 3294 4518 charitate
3317 4462 3564 4531 Christi,
3582 4486 3711 4524 non
3740 4469 3874 4524 novi-

464 4553 666 4607 tamen
696 4547 967 4606 homines
985 4563 1054 4603 ex
1075 4563 1138 4604 se
1167 4547 1359 4604 vocari
1393 4551 1608 4620 patres.
1640 4548 1817 4603 Porro
1841 4552 1992 4604 Deus
2010 4548 2110 4604 Pa-
2137 4565 2184 4629 D
2218 4561 2351 4601 mus
2382 4550 2664 4617 quantam
2695 4548 3041 4606 charitatem
3072 4550 3197 4624 ipse
3227 4568 3364 4625 erga
3394 4571 3508 4609 nos
3539 4554 3775 4625 habuit,
3792 4558 3868 4613 ad-

463 4643 555 4696 ter
583 4638 799 4695 dicitur
835 4640 1088 4710 quatuor
1133 4637 1204 4694 de
1248 4636 1443 4692 causis
1476 4653 1490 4691 :
1518 4637 1688 4693 Pater
1706 4637 2101 4709 generatione,

466 4726 779 4795 creatione,
811 4725 1079 4783 doctrina
1094 4724 1182 4781 vel
1205 4722 1489 4798 exemplo,
1520 4724 1851 4797 adoptione.
1879 4726 1948 4780 Et
1979 4723 2109 4797 qui-

464 4819 599 4874 dem
637 4814 1011 4893 generatione
1057 4818 1148 4871 est
1194 4814 1367 4870 Pater
1403 4812 1586 4870 solius
1626 4813 1774 4869 Filii.
1808 4812 2108 4869 Creatione

462 4924 596 4964 vero
617 4911 708 4963 est
738 4906 907 4962 Pater
935 4903 1225 4960 ominium
1256 4906 1653 4959 creaturarum
1679 4920 1692 4971 ;
1727 4903 1992 4959 doctrina
2021 4900 2108 4957 vel

466 4995 751 5068 exemplo,
784 4998 1019 5050 tantum
1061 4991 1477 5061 rationalium;
1510 4992 1843 5064 adoptione,
1875 4996 2107 5048 tantum

465 5085 775 5140 bonarum.
807 5083 1150 5155 Quicunque
1171 5088 1365 5139 autem
1398 5080 1611 5137 dicitur
1639 5081 1805 5137 Pater
1856 5081 1915 5136 in
1965 5079 2108 5137 coelo

461 5170 554 5229 vel
596 5171 659 5227 in
705 5176 879 5241 terra,
914 5172 1035 5228 sive
1080 5171 1210 5239 hoc,
1243 5170 1361 5228 sive
1408 5169 1530 5239 illo,
1585 5171 1704 5227 sive
1750 5170 1941 5239 tertio,
1989 5169 2109 5226 sive

466 5265 677 5336 quarto
708 5262 954 5330 modo,a
982 5261 1098 5318 Deo
1128 5265 1298 5317 Patre
1327 5258 1502 5316 habet
1522 5259 1651 5315 hoc.
1672 5259 1731 5314 In
1764 5259 1905 5315 coelo
1924 5259 2103 5328 enim,

463 5355 523 5410 et
561 5350 741 5409 Filius
770 5354 829 5407 et
856 5349 1110 5424 Spiritus
1141 5354 1382 5406 sanctus
1418 5348 1632 5404 dicitur
1663 5349 1848 5417 Pater,
1889 5351 1946 5403 et
1976 5363 2106 5403 om-

461 5441 631 5499 nium
657 5454 859 5497 rerum
910 5437 1199 5495 creatione
1247 5442 1305 5495 et
1352 5437 1726 5495 rationalium
1757 5435 2023 5493 doctrina
2050 5438 2109 5492 et

410 5520 417 5526 ’
460 5528 745 5603 exemplo,
777 5531 837 5585 et
887 5526 1175 5584 bonarum
1224 5527 1556 5601 adoptione,
1589 5527 1689 5584 sed
1721 5543 1756 5582 a
1802 5526 1966 5583 Patre
1993 5525 2105 5582 hoc

459 5618 701 5682 habent.
730 5615 893 5675 Sicut
920 5613 1078 5674 enim
1106 5632 1224 5675 non
1252 5632 1321 5673 ex
1340 5632 1423 5689 se,
1455 5615 1559 5675 sed
1588 5633 1658 5675 ex
1685 5615 1971 5687 Patre,ita
2000 5630 2104 5675 nec

2217 4634 2303 4689 dit
2328 4639 2465 4691 :Det
2483 4637 2673 4693 etiam
2702 4639 2863 4695 vobis
2894 4641 3044 4695 scire
3062 4642 3595 4713 super-eminentem
3629 4649 3869 4703 scientia

2217 4722 2570 4780 charitatem
2602 4725 2836 4783 Christi.
2871 4727 3137 4785 Christus
3169 4730 3388 4803 quippe
3422 4730 3648 4789 habuit
3683 4754 3869 4809 super-

2217 4811 2571 4869 eminentem
2602 4813 2966 4883 charitatem,
3003 4817 3143 4889 quia
3172 4819 3368 4891 posuit
3408 4822 3685 4880 animum
3718 4843 3865 4881 suam

2215 4917 2320 4973 pro
2351 4903 2533 4958 servis
2560 4907 2615 4959 et
2635 4904 2862 4971 amicis,
2887 4909 2953 4961 ut
2981 4922 3079 4964 eos
3110 4907 3323 4964 faceret
3350 4909 3511 4965 filios
3546 4918 3603 4967 et
3638 4916 3865 4970 amicos.

2218 4990 2430 5046 Habuit
2459 4991 2634 5048 etiam
2666 4993 3007 5051 charitatem
3040 4996 3293 5052 scientiae
3315 5001 3371 5052 et
3394 4999 3723 5059 scientiam
3754 5005 3866 5059 rha-

2217 5079 2429 5147 ritatis,
2463 5079 2518 5135 id
2551 5086 2639 5137 est
2667 5081 2877 5137 habuit
2905 5083 3229 5156 sapientem
3262 5085 3681 5162 dilectionem,
3714 5098 3862 5148 etsa‘

2217 5166 2498 5241 pientiam
2531 5170 2888 5244 diligentem.
2914 5173 3162 5239 Quidam
3192 5174 3348 5230 enim
3372 5176 3604 5235 habent
3636 5182 3863 5238 charita-

2217 5262 2356 5323 tem,
2373 5259 2473 5341 sed
2505 5275 2621 5315 non
2639 5261 2963 5317 secundum
2977 5263 3306 5320 scientiam.
3329 5270 3402 5321 De
3425 5268 3858 5344 qualibusApo—

2217 5346 2656 5405 stolus:Zelum
2688 5352 2800 5407 Dai
2829 5351 3186 5420 habent,sed
3204 5370 3321 5410 non
3345 5358 3859 5416 secundumscies-

2213 5436 2360 5493 tiam
2394 5441 2578 5507 (Rom.
2611 5441 2689 5509 Χ).
2723 5439 2836 5495 Alii
2869 5439 3087 5496 habent
3112 5441 3446 5514 scientiam,
3471 5447 3579 5502 sed
3632 5466 3753 5505 non
3788 5463 3855 5504 se-

2215 5527 2476 5583 cundum
2491 5527 2857 5586 charitatem.
2871 5529 2952 5586 De
2963 5530 3240 5603 qualibus
3249 5533 3576 5605 Apostolus
3591 5554 3605 5591 :
3618 5539 3854 5596 Scit-lis

2216 5613 2416 5693 inﬂat,
2435 5615 2697 5676 cliarilas
2727 5635 2861 5677 vero
2892 5618 3220 5697 aedificata
3245 5621 3384 5680 Cor.
3400 5624 3695 5702 vnr).Nos
3723 5642 3851 5703 ergo,
