3974 6076
421 322 581 388 206⁸7
1442 317 1840 383 ADDENDA.
1873 346 1953 361 —-
1983 310 2381 376 BADULPHI
2425 310 2838 374 ARDENTIS.
3718 298 3856 360 2065

423 459 549 514 erat
579 458 867 525 mortuus,
900 452 1112 528 Accepit
1140 463 1321 511 autem
1351 469 1531 510 omnes
1561 453 1816 516 timor,ut
1847 447 2068 504 scilicet
2095 444 2150 512 Α
2177 443 2288 499 hac
2335 443 2602 511 lectione,
2649 444 2857 500 fratres
2905 439 3260 510 charissimi,
3312 437 3594 496 intendit
3620 433 3857 528 conﬁr-

422 546 696 603 timerent
725 543 902 600 simul
933 549 990 600 et
1018 526 1526 617 diligerent,quem
1545 546 1666 596 tam
1689 543 1985 613 potentem
2008 538 2067 592 in
2180 549 2339 589 mare
2387 532 2689 604 Ephesios,
2725 537 2782 588 et
2825 549 2928 605 per
2974 548 3180 588 omnes
3229 531 3544 586 credentes
3613 527 3684 580 in
3743 526 3860 579 uni-

425 649 597 706 opere
629 637 685 688 et
716 649 985 690 sermone
1014 633 1308 699 videbant,
1341 640 1391 687 et
1419 631 1849 700 magniﬁeabaut
1878 630 2066 684 Deum.
2179 625 2296 677 tate
2327 621 2652 689 charitatis,
2688 625 2743 677 et
2783 621 3146 693 hujusmodi.
3182 619 3372 675 Primo
3423 619 3740 674 obsecrat
3783 631 3862 706 eos

425 705 583 789 Quos
615 739 721 777 nos
768 737 998 794 quoque
1044 720 1363 791 imitantes,
1412 719 1593 775 Deum
1637 719 1697 772 in
1743 717 1963 773 sanctis
2015 720 2073 771 et
2179 727 2544 784 perseverare
2575 710 2632 765 in
2665 711 2886 774 ﬁde,ad
2919 726 3095 782 quam
3127 709 3312 764 vocati
3342 711 3539 763 erant.
3585 705 3862 761 Secundo

426 809 594 865 miris
625 809 898 882 operibus
932 809 1076 880 suis,
1097 809 1397 865 discamus
1427 807 1632 862 timere
1653 805 1831 861 simul
1862 810 1919 860 et
1950 805 2072 860 lau-
2181 802 2376 854 monet
2401 815 2499 854 eos
2529 798 2743 854 habere
2774 797 3039 864 virtutes,
3067 815 3194 870 quae
3225 797 3494 853 efﬁciunt
3528 799 3600 852 et
3639 810 3864 848 conser-

428 899 585 954 dare.
619 898 858 971 Mystice
886 915 1020 953 vero
1052 915 1155 971 per
1185 902 1482 954 mortuum
1532 901 1800 951 mortuus
1848 895 1907 950 in
1940 911 2070 967 pec-
2178 892 2318 943 vant
2347 905 2548 960 pacem
2581 891 2638 943 et
2667 887 3032 943 charitatem.
3067 886 3261 943 Tertio
3293 890 3498 942 monet
3533 901 3658 940 eos
3685 887 3757 937 ut
3779 901 3866 954 per

427 991 554 1044 cato
585 986 946 1059 designatur.
967 987 1112 1042 Cum
1144 992 1339 1042 autem
1371 985 1655 1041 Dominus
1686 983 1903 1039 multos
1923 1001 2074 1039 mor-
2181 977 2526 1033 charitatem
2559 976 2677 1031 sint
2709 993 2891 1032 unum
2921 993 3154 1048 corpus,
3179 981 3235 1032 et
3265 993 3417 1031 unus
3439 974 3752 1047 spiritus.
3787 973 3863 1026 Ait

426 1080 561 1131 tuos
591 1075 975 1144 suscitaverit,
1009 1080 1126 1131 tres
1157 1080 1385 1131 tantum
1428 1079 1653 1148 ponunt
1681 1072 2068 1147 evangelista,
2181 1068 2567 1139 ergo,obsecro
2597 1082 2686 1122 vos
2714 1083 2842 1135 ergo
2871 1068 3082 1121 vinetus
3113 1067 3174 1120 in
3197 1066 3440 1121 Domino.
3463 1061 3748 1136 Triplici
3780 1078 3862 1116 ca-

2181 1160 2336 1222 tena,
2365 1155 2573 1211 fratres
2619 1155 2756 1220 mei,
2799 1154 3030 1210 vinctus
3079 1157 3203 1210 erat
3248 1153 3602 1226 Apostolus,
3661 1155 3861 1207 catena

2183 1243 2405 1300 scilicet
2452 1243 2610 1311 ferri,
2670 1247 2874 1299 catena
2919 1242 3198 1316 corporis,
3245 1246 3450 1298 catena
3509 1239 3856 1296 charitatis.

2185 1333 2359 1389 Porro
2391 1337 2596 1389 catena
2626 1333 2762 1388 ferri
2791 1335 2916 1388 erat
2944 1333 3177 1388 vinctus
3228 1336 3464 1404 propter
3518 1331 3855 1388 Christum.

2185 1423 2418 1494 quando
2449 1422 2570 1477 hzec
2599 1421 2906 1478 scribebat.
2919 1421 3082 1476 Unde
3111 1420 3234 1492 ipse
3265 1419 3402 1475 alibi
3436 1421 3560 1476 ait:
3600 1436 3724 1492 ego
3747 1418 3857 1490 qui-

2187 1512 2319 1568 dem
2348 1511 2580 1567 vinctus
2609 1527 2762 1578 sum,
2798 1511 2900 1566 sed
2930 1514 3126 1566 tamen
3155 1510 3396 1566 verbum
3447 1509 3558 1565 Dei
3617 1525 3746 1564 non
3778 1515 3856 1562 est

427 1163 569 1220 certi
600 1181 778 1220 causa
807 1165 1446 1238 mysterii.Stgniﬁcant
1477 1164 1690 1236 quippe
1721 1167 1838 1218 tres
1857 1162 2074 1218 mortui

428 1251 544 1308 tria
572 1268 784 1325 genera
812 1255 1182 1324 peccatorum
1208 1251 1268 1306 in
1299 1252 1550 1324 peccatis
1594 1255 1981 1316 mortuorum,
2013 1249 2072 1304 id

428 1344 520 1396 est
552 1345 850 1396 mortuum
881 1345 1116 1413 peccato
1145 1340 1484 1408 voluntatis,
1509 1345 1808 1396 mortuum
1839 1344 2074 1413 peccato

429 1429 644 1503 operis,
679 1434 737 1485 et
766 1433 1066 1485 mortuum
1098 1433 1330 1502 peccato
1385 1429 1847 1486 consuetudinis.
1879 1429 2075 1485 Susci-

428 1516 573 1573 tavit
603 1517 784 1589 igitur
812 1517 1098 1574 Dominus
1129 1517 1318 1591 primo
1337 1517 1516 1574 ﬁliam
1548 1517 1993 1591 archisynagogi
2016 1517 2076 1572 in

437 1606 611 1661 domo
658 1606 932 1679 privatim
976 1623 1110 1662 cum
1142 1606 1342 1679 paucis
1393 1607 1602 1664 verbis.
1639 1608 1745 1663 Per
1794 1607 1949 1679 quod
1997 1606 2076 1663 si-
2187 1599 2494 1674 alligatum
2545 1601 2617 1672 (II
2672 1602 2805 1656 Tim.
2839 1600 2924 1672 ιι).
2956 1599 3172 1654 Catena
3204 1614 3434 1671 quoque
3485 1596 3777 1670 corporis
3805 1613 3854 1651 se

434 1694 748 1767 gniﬁcatur
807 1696 984 1768 quod,
1039 1697 1276 1768 quando
1322 1700 1523 1768 peccat
1571 1696 1785 1769 aliquis
1841 1695 1902 1751 in
1954 1697 2080 1752 sola
2187 1705 2316 1746 esse
2345 1689 2650 1762 alligatum
2692 1688 3074 1762 recognoscit,
3107 1705 3223 1744 non
3273 1687 3465 1743 solum
3499 1687 3852 1760 Apostolus,

434 1786 650 1855 mente,
704 1783 870 1856 quasi
919 1783 980 1839 in
1033 1789 1276 1851 secreto,
1310 1784 1539 1841 facilius
1590 1789 1646 1840 et
1690 1801 1824 1840 cum
1866 1784 2078 1840 minori
2111 1816 2158 1881 Β
2189 1779 2289 1834 sed
2321 1779 2496 1834 etiam
2528 1779 2721 1834 omnis
2749 1795 2920 1833 verus
2953 1776 3339 1843 Christianus,
3359 1777 3457 1849 qui
3489 1774 3854 1848 intelligit:

433 1871 830 1927 satisfactione
861 1872 1108 1928 Domino
1149 1873 1485 1930 suscitatur.
1520 1873 1832 1929 Suscitavit
1880 1878 1936 1929 et
1981 1891 2075 1929 se-
2111 1864 2158 1881 ι’
2186 1867 2244 1922 in
2277 1885 2517 1940 corpore
2540 1867 2786 1941 gravari,
2821 1866 3106 1936 exsulare,
3140 1871 3196 1922 et
3222 1865 3594 1939 peregrinari
3629 1883 3668 1920 a
3719 1864 3847 1920 Deo.

433 1961 624 2016 eundo
674 1960 982 2032 Dominus,
1016 1966 1078 2017 ut
1127 1961 1221 2017 hic
1267 1961 1539 2035 legimus,
1575 1962 1761 2017 ﬁlium
1800 1962 1984 2018 viduae
2015 1962 2076 2018 in
2185 1956 2350 2013 Unde
2379 1957 2534 2012 idem
2563 1955 2874 2029 Apostolus
2903 1974 2916 2012 :
2950 1959 3131 2028 cupio,
3165 1957 3377 2028 inquit,
3401 1955 3668 2022 dissolvi,
3683 1961 3852 2010 etesse

431 2049 1150 2123 porta,tangensloculum
1173 2055 1229 2106 et
1259 2050 1428 2123 plura
1445 2052 1732 2107 dicens.In
1762 2068 1876 2124 quo
1900 2051 2079 2125 signi-
2183 2064 2308 2102 cum
2339 2047 2544 2102 Christo
2569 2046 2834 2117 (Philipp.
2853 2046 2996 2113 l).Et
3026 2044 3341 2101 Psalmista
3373 2063 3387 2100 :
3429 2044 3608 2107 Educ,
3633 2042 3847 2116 inquit,

428 2138 642 2194 ﬁcatur
670 2139 850 2211 quod,
883 2140 1118 2211 quando
1150 2144 1452 2212 peccatum
1484 2141 1600 2196 exit
1642 2141 1796 2197 foras
1827 2137 1931 2214 per
1962 2142 2072 2196 im-
2182 2135 2248 2191 de
2275 2152 2488 2190 carcere
2514 2137 2759 2190 animam
2788 2151 2991 2201 meam,
3022 2143 3082 2190 ut
3128 2135 3456 2205 conﬁteatur
3485 2135 3720 2189 nomini
3764 2142 3848 2187 tuo

425 2225 738 2298 pletionem
769 2227 981 2300 operis,
1006 2228 1353 2301 egetmajori
1372 2228 1790 2298 satisfactione,
1811 2233 1865 2284 et
1883 2228 2074 2300 operis

423 2319 483 2370 et
511 2315 1015 2371 orationis.Tertio
1045 2333 1178 2372 vero
1207 2317 1508 2372 suscitavit
1527 2318 1807 2372 Lazarum
1839 2317 2074 2390 quadri-

422 2402 684 2458 duanum
718 2419 752 2458 a
781 2407 1184 2470 monumento,
1220 2403 1430 2472 flendo,
1467 2405 1793 2472 clamando,
1816 2403 2069 2477 lapidem

421 2489 701 2561 tollendo,
735 2490 794 2571 in
827 2508 942 2564 quo
992 2491 1258 2548 innuitur
1289 2494 1466 2564 quod,
1501 2495 1736 2566 quando
1784 2493 2072 2566 premitur

421 2584 658 2652 peccato
689 2580 1150 2650 consuetudinis,
1187 2586 1245 2638 et
1265 2583 1394 2653 .jam
1427 2599 1532 2655 per
1561 2583 1861 2655 putridam
1891 2583 2068 2639 vitam

421 2673 478 2724 et
507 2668 812 2725 infamiam
844 2669 997 2739 fecit,
1033 2671 1174 2727 adeo
1203 2675 1294 2726 est
1334 2672 1547 2744 ﬁgatus
1577 2676 1634 2727 et
1663 2689 1900 2744 pressus
1932 2690 2069 2729 con-

329 2817 340 2827 ,
423 2757 825 2814 suetudinario
857 2763 1110 2832 peccato,
1146 2760 1298 2832 quod
1323 2761 1418 2814 vix
1449 2761 2072 2834 resuscitatur.Magna

422 2850 621 2903 tamen
654 2847 1056 2904 misericordia
1073 2849 1170 2904 Dei
1190 2866 1325 2904 eum
1344 2849 2070 2923 respiciente,quandoque

423 2937 807 3010 resurgit,sed
839 2954 987 3009 opus
1017 2942 1107 2994 est
1134 2937 1408 3010 lacrymis
1439 2939 2073 3012 magnis,confessioni-

425 3025 558 3094 bus,
600 3025 962 3083 orationibus
1005 3031 1061 3082 et
1106 3026 1302 3082 labore
1352 3043 1576 3099 magna;
1626 3027 2066 3086 satisfactionis.

425 3114 678 3178 Quartus
705 3132 838 3172 vero
873 3120 1141 3172 mortuus
1171 3116 1418 3171 Domino
1437 3116 1870 3185 nuntiatur,sed
1902 3119 1972 3173 ab
2000 3135 2066 3175 eo

2184 2224 2355 2296 (Psal.
2379 2223 2767 2295 cxu).Catena
2796 2222 2971 2278 etiam
3004 2223 3306 2279 charitatis
3339 2222 3441 2279 Dei
3472 2228 3532 2279 et
3562 2221 3840 2296 proximi,

2182 2331 2298 2368 non
2321 2313 2511 2369 solum
2523 2312 2965 2386 Apostolus,sed
2994 2312 3169 2368 etiam
3193 2311 3660 2384 quilibetﬁdelis
3676 2313 3840 2367 debet

2180 2419 2412 2476 semper
2437 2402 2662 2472 vinciri,
2697 2400 2844 2457 alias
2876 2400 3064 2457 ﬁdelis
3097 2419 3211 2458 non
3243 2406 3350 2457 est.
3385 2402 3570 2457 Porro
3598 2403 3836 2474 Aposto-

2179 2491 2272 2547 lus
2302 2490 2386 2547 sic
2416 2509 2517 2564 per
2547 2490 3160 2547 dilectionemvinctus
3174 2496 3300 2546 erat
3329 2508 3466 2546 cum
3495 2491 3619 2546 Deo
3641 2497 3696 2547 et
3713 2508 3832 2564 pro-

2176 2581 2356 2652 ximo,
2389 2585 2455 2636 ut
2485 2581 2712 2653 positus
2743 2583 2800 2634 et
2847 2580 2906 2634 in
2957 2584 3166 2636 catena
3215 2580 3372 2648 ferri,
3406 2583 3469 2636 et
3517 2580 3582 2635 in
3635 2586 3828 2637 catena

2178 2669 2428 2726 miseriae
2459 2669 2796 2742 corporalis,
2830 2669 2962 2741 plus
3004 2674 3129 2725 erat
3178 2668 3471 2726 sollicitus
3519 2671 3599 2725 de
3649 2669 3826 2725 salute

2179 2759 2510 2815 animarum
2539 2762 2594 2816 et
2611 2758 3214 2831 proximorum,quam
3233 2759 3303 2815 de
3327 2759 3552 2831 duplici
3578 2760 3827 2824 miseria,

2178 2866 2295 2921 qua
2338 2849 2737 2905 circumdatus
2782 2852 2923 2903 erat.
2977 2847 3140 2903 Unde
3187 2852 3246 2904 et
3305 2847 3582 2904 obsecrat
3627 2866 3725 2904 eos
3765 2849 3829 2904 de

2177 2955 2378 2994 eorum
2411 2937 2682 3004 utilitate,
2709 2937 2900 2992 sciens
2933 2937 3134 3009 utique
3166 2937 3496 3009 profectum
3520 2937 3830 3010 discipulo-

2177 3043 2330 3094 rum,
2349 3027 2630 3100 gaudium
2653 3031 2708 3081 el
2733 3043 3007 3082 coronam
3041 3042 3168 3082 esse
3198 3025 3669 3098 magistri.Unde
3687 3028 3826 3081 idem

2179 3115 2316 3172 alibi
2367 3115 2558 3171 dicit:
2603 3120 2792 3187 Itaque
2849 3117 3221 3170 amantissimi
3275 3123 3326 3170 et
3373 3115 3828 3171 desideratissimi

422 3205 806 3261 resuscitatus
844 3222 970 3261 esse
1017 3223 1133 3260 non
1182 3205 1425 3278 legitur;
1462 3207 1562 3261 sed
1611 3205 1690 3260 ait
1722 3207 2018 3263 nuntianti
2051 3225 2064 3264 :
2100 3186 2142 3251 (ἶ
2175 3207 2303 3273 mei,
2336 3204 2601 3277 gaudium
2629 3221 2830 3268 meum,
2863 3213 2914 3260 ct
2947 3221 3145 3260 corona
3175 3221 3314 3272 mea,
3348 3206 3428 3260 sic
3457 3213 3600 3260 state
3635 3208 3692 3260 in
3731 3206 3826 3260 Do-

419 3294 550 3349 Sine
585 3301 826 3350 mortuos
869 3295 1097 3365 sepelire
1143 3301 1380 3350 mort-uos
1425 3311 1550 3349 suos
1597 3296 1747 3364 (Luc.
1783 3295 1877 3368 Ix).
1912 3297 2069 3352 Mor-

418 3385 559 3440 tuus
587 3381 794 3454 sepelit
826 3384 1388 3455 mortuum,quando
1412 3386 1677 3455 peccator
1705 3389 2067 3456 peccatorem

420 3471 715 3527 adulando
764 3473 914 3528 fovet
961 3477 1015 3527 et
1047 3471 1356 3528 demulcet.
1409 3473 1571 3528 Hunc
1621 3474 1906 3531 Dominus
1950 3494 2066 3532 non

421 3561 751 3631 resuscitat,
786 3561 943 3633 quia,
978 3561 1213 3632 quando
1246 3561 1506 3617 laudatur
1538 3571 1785 3633 peccator
1832 3566 1891 3618 in
1922 3565 2068 3620 desi-

421 3649 590 3706 deriis
619 3651 827 3706 anima?
855 3665 992 3716 suae,
1026 3658 1078 3705 et
1119 3651 1342 3720 iniquus
1374 3650 1710 3706 benedicitur
1758 3655 1930 3720 (Psal.
1967 3655 2065 3727 1x).

422 3739 504 3792 ita
533 3737 669 3792 hinc
697 3737 916 3810 ligatur
943 3737 1172 3794 vinculo
1203 3739 1666 3806 consuetudinis,
1689 3745 1744 3796 et
1767 3741 1902 3798 inde
1925 3743 2071 3799 fove-

423 3831 522 3882 tur
551 3825 676 3882 oleo
708 3826 1084 3893 adulationis,
1118 3828 1272 3899 quod
1325 3845 1440 3883 non
1490 3829 1678 3901 surgit
1725 3831 1796 3885 ad
1840 3831 2067 3888 veniam

424 3915 869 3972 emendationis.
902 3916 1122 3987 Itaque,
1158 3917 1365 3972 fratres
1397 3918 1530 3984 mei,
1565 3917 1897 3975 adulatores
1918 3921 2071 3976 devi-

425 4009 561 4061 tate.
596 4003 731 4060 Illos
763 4005 862 4077 qui
893 4023 993 4060 vos
1025 4005 1326 4078 corrigunt
1357 4005 1812 4079 diligite.Cavete
1841 4025 1911 4063 ne
1943 4011 2070 4065 dor-

426 4093 623 4149 miatis
655 4093 713 4149 in
746 4098 981 4166 peccato
1013 4095 1473 4150 consuetudinis.
1501 4095 1580 4150 De
1611 4101 1846 4167 peccato
1878 4099 2070 4170 operis

421 4181 512 4238 vel
537 4181 854 4238 voluntatis
883 4181 1146 4238 celeriter
1176 4182 1514 4252 satisfacite,
1537 4200 1607 4238 ne
1636 4185 2068 4256 praeveniamini

424 4271 728 4344 repentina
760 4275 968 4338 morte,
1001 4271 1139 4343 quia
1168 4289 1276 4344 qua
1317 4273 1448 4328 hora
1486 4289 1598 4328 non
1642 4276 1845 4345 putatis
1889 4276 2069 4332 Filius

419 4360 659 4417 hominis
687 4361 867 4415 veniet
893 4361 1043 4428 (Luc.
1067 4360 1252 4432 xu)ad
1283 4361 1605 4415 vocandum
1621 4365 1678 4416 et
1707 4361 1779 4416 ad
1802 4361 2070 4432 judican-

421 4447 584 4504 dum.
637 4448 964 4520 Propterea,
1014 4449 1239 4514 fratres,
1294 4453 1540 4504 mortem
1604 4454 1865 4506 nostram
1916 4468 2067 4507 sem-

2174 3296 2324 3350 mine
2351 3296 2668 3350 charisszmi
2689 3295 2952 3366 (Philipp.
2978 3293 3076 3365 ιγ).
3101 3297 3180 3348 De
3211 3311 3326 3366 quo
3359 3311 3468 3349 nos
3519 3294 3827 3349 obsecrat?

2181 3384 2244 3441 Ut
2266 3384 2444 3455 digne,
2480 3383 2689 3456 inquit,
2724 3384 3011 3438 ambuletis
3040 3385 3317 3438 vocatione
3347 3401 3455 3455 qua
3476 3387 3668 3439 vocati
3696 3387 3825 3439 estis.

2178 3474 2276 3528 Est
2307 3478 2499 3527 autem
2531 3471 2744 3544 duplex
2775 3471 2995 3527 vocatio
3028 3471 3312 3527 ﬁdelium.
3349 3471 3549 3527 Prima
3603 3479 3698 3528 est
3729 3490 3828 3544 qua

2175 3565 2458 3618 vocantur
2488 3563 2558 3616 ad
2591 3561 3054 3629 ﬁdem;secuuda
3082 3577 3198 3632 qua
3225 3565 3513 3615 vocantur
3534 3577 3650 3633 per
3669 3563 3828 3616 ﬁdem

2177 3652 2249 3706 ad
2281 3651 2460 3706 vitam
2493 3655 2788 3706 aeternam.
2826 3649 3009 3724 Digne
3038 3667 3174 3723 ergo
3218 3649 3483 3704 ambulat
3531 3653 3828 3706 vocatione

2179 3757 2297 3812 qua
2324 3744 2560 3796 vocatus
2585 3739 2801 3811 est,qui
2831 3744 2887 3794 et
2917 3739 3093 3794 ﬁdem
3123 3742 3275 3794 recte
3303 3742 3484 3807 tenet,
3502 3744 3560 3795 et
3586 3757 3698 3813 per
3716 3756 3826 3795 eam

2179 3829 2350 3902 digne
2382 3828 2647 3884 ambulat
2659 3828 2804 3883 bene
2827 3827 3188 3900 operandoin
3205 3827 3384 3883 vitam
3408 3829 3827 3886 zeteruam.$ed

2179 3918 2348 3974 multi
2381 3922 2521 3972 sunt
2550 3917 2915 3988 hodie(unde
2948 3915 3134 3989 magis
3155 3916 3479 3972 dolendum
3511 3923 3631 3987 est)
3653 3919 3824 3991 quiad

2179 4008 2352 4062 ﬁdem
2375 4006 2561 4063 vocati
2591 4011 2750 4070 sunt,
2784 4010 2838 4060 et
2870 4022 2971 4077 per
3000 4022 3127 4060 eam
3163 4022 3278 4061 non
3301 4005 3482 4078 digne
3503 4009 3824 4076 ambulant,

2179 4098 2319 4152 dum
2351 4097 2495 4151 bene
2527 4095 2820 4166 operando
2853 4111 2966 4148 non
3003 4094 3331 4166 proﬁciunt,
3365 4095 3469 4150 sed
3517 4097 3720 4169 magis
3752 4114 3827 4151 re.-

2177 4185 2434 4258 trogradi
2469 4188 2688 4251 sunt,et
2713 4199 2847 4237 cum
2880 4183 3062 4238 Deum
3097 4198 3195 4239 ore
3225 4183 3652 4254 conﬁteantur,
3676 4187 3828 4241 factis

2179 4278 2412 4349 negant.

2249 4362 2525 4435 Sequitur
2555 4378 2690 4434 pars
2720 4361 2994 4428 secunda,
3029 4360 3088 4415 in
3121 4377 3238 4433 qua
3283 4360 3608 4433 Apostolus
3645 4369 3829 4419 monet

2176 4470 2283 4509 nos
2313 4452 2526 4506 habere
2546 4449 2789 4505 virtutes
2820 4467 2923 4522 per
2943 4467 3090 4521 quas
3113 4449 3396 4505 retinetur
3416 4451 3830 4507 etobservatur

418 4554 522 4610 per
550 4541 684 4593 ante
715 4537 912 4592 oculos
946 4541 1176 4593 nostros
1217 4537 1576 4607 habeamus;
1612 4556 1789 4610 quam
1837 4540 2064 4596 terribi-
2099 4554 2146 4618 D
2180 4541 2436 4598 charitas
2467 4544 2522 4595 et
2556 4557 2685 4612 pax,
2721 4555 2855 4593 cum
2887 4539 3085 4594 subdit
3117 4555 3129 4592 :
3166 4539 3300 4594 Cum
3328 4542 3484 4594 omni
3522 4541 3828 4597 humilitate

417 4626 492 4682 lis
521 4630 802 4682 venturus
836 4626 910 4681 sit
933 4627 1116 4697 judex
1164 4643 1455 4698 supernus
1505 4644 1736 4700 semper
1783 4629 2063 4702 recogite-

419 4732 576 4787 mus,
591 4714 863 4787 suspiriis
890 4719 948 4770 et
968 4714 1242 4788 lacrymis
1271 4719 1328 4771 et
1358 4716 1526 4771 bonis
1556 4716 1830 4788 operibus
1861 4718 2064 4774 sordes

418 4809 790 4878 peccatorum
824 4807 1156 4860 nostrorum
1179 4808 1499 4878 tergamus,
1521 4810 1808 4877 quatenus
1837 4807 2066 4862 venien-

416 4897 536 4949 tem
569 4893 864 4950 Christum
907 4893 1172 4963 judicem
1223 4893 1410 4948 securi
1465 4894 1661 4949 videre
1710 4912 2061 4966 mereamur,

419 4981 549 5053 ipso
597 4987 906 5055 prasstante
961 4982 1058 5055 qui
1110 4999 1244 5037 cum
1292 4983 1459 5038 Patre
1509 4987 1565 5037 et
1607 4982 1830 5055 Spiritu
1861 4989 2063 5040 sancto

417 5068 558 5124 vivit
586 5074 642 5125 et
673 5077 876 5143 regnat
905 5072 1059 5128 Deus
1091 5089 1192 5145 per
1222 5070 1419 5128 omnia
1450 5071 1662 5128 saecula
1691 5072 2061 5142 saeculorum,

418 5158 622 5212 Amen.

955 5282 1265 5340 HOMILIA
1302 5283 1539 5340 XXXVI.

544 5401 823 5442 DOMINICA
861 5403 1072 5442 DECIMA
1110 5406 1354 5445 SEPTIMA
1393 5407 1532 5445 POST
1568 5408 1933 5447 TRINITATEM.

487 5512 711 5568 Obsecro
743 5527 833 5566 vos
861 5527 957 5580 ego
986 5513 1195 5568 vinctus
1236 5517 1295 5570 in
1345 5517 1594 5582 Domino,
1629 5525 1690 5572 ut
1736 5517 1899 5586 digne
1945 5535 2060 5574 am-

421 5602 611 5658 buletis
644 5602 918 5656 vocatione
947 5616 1057 5672 qua.
1105 5605 1278 5657 vocati
1323 5607 1451 5658 estis
1482 5605 1692 5675 (Ephes.
1727 5611 1827 5674 Iv),
1861 5611 1970 5662 etc.
1999 5607 2060 5664 In

2171 4640 2222 4689 et
2247 4628 2668 4686 mansuetudine
2695 4635 2745 4682 et
2773 4629 3062 4698 patientia,
3095 4635 3474 4699 supportantes
3507 4630 3747 4685 invicem
3777 4634 3823 4684 in

2173 4721 2454 4775 charitate.
2501 4717 2702 4788 Itaque
2751 4715 3078 4784 humilitas,
3133 4717 3552 4786 mansuetudo,
3607 4721 3823 4791 patien-

2173 4809 2274 4878 tia,
2334 4812 2390 4863 et
2465 4814 2672 4862 mutua
2742 4805 3128 4877 supportatio,
3189 4809 3327 4860 sunt
3389 4805 3651 4863 virtutes
3709 4827 3822 4881 qua

2173 4897 2436 4953 efﬁciunt
2467 4900 2523 4951 et
2555 4897 2902 4950 conservant
2933 4894 3276 4950 charitatem
3307 4898 3361 4949 et
3399 4912 3636 4967 pacem.
3671 4899 3822 4963 Quod

2172 4991 2332 5060 patet
2380 5003 2483 5058 per
2528 4983 2668 5039 vitia
2729 4982 2844 5037 illis
2913 4982 3225 5051 contraria,
3287 5000 3414 5055 qua:
3476 4984 3820 5042 charitatem

2173 5080 2229 5132 et
2270 5091 2472 5148 pacem
2522 5074 2850 5128 destruunt.
2903 5071 3032 5128 Haec
3081 5077 3276 5128 autem
3327 5076 3468 5127 sunt
3525 5077 3819 5148 superbia,

2173 5164 2290 5232 irae,
2324 5161 2708 5236 impatientia,
2742 5165 2799 5216 et
2829 5164 3199 5232 contemptus
3229 5162 3820 5233 proximorum.Qnod

2173 5253 2447 5325 superbia
2480 5268 2682 5325 pacem
2714 5249 2978 5322 dissipet,
3004 5249 3260 5306 ostendit
3291 5250 3570 5307 Salomon
3605 5253 3818 5310 dicens:

2173 5345 2316 5398 inter
2387 5342 2641 5412 superbos
2698 5355 2910 5410 semper
2971 5338 3169 5410 jurgia
3235 5347 3362 5394 sunt
3433 5341 3624 5408 (Prov.
3687 5345 3814 5412 xm}.

2173 5431 2279 5487 Ubi
2313 5431 2468 5486 enim
2515 5427 2923 5500 unusquisque
2955 5443 3058 5498 per
3088 5428 3426 5500 superbiam
3459 5429 3590 5484 vult
3640 5431 3816 5487 domi-

2173 5521 2320 5592 nari,
2355 5517 2610 5574 charitas
2659 5522 2715 5572 et
2764 5533 2875 5588 pax
2923 5532 3052 5572 esse
3083 5534 3198 5573 non
3239 5521 3452 5589 potest.
3487 5519 3812 5577 Econtrario

2171 5627 2303 5665 vero
2333 5606 2636 5664 humilitas
2667 5621 2866 5678 pacem
2901 5603 3104 5673 nutrit,
3140 5606 3277 5680 quia
3301 5605 3558 5666 humilis
3587 5615 3810 5668 conten-
