3988 6072
181 203 300 266 201

1234 209 1488 272 VETUS
1531 209 2086 273 AGANO.—LIB.
2133 212 2180 271 l.
2227 211 2559 274 AGANUS.

3484 209 3602 269 202

181 349 324 390 rum
357 331 696 408 manipulos
728 335 1044 393 sumimus.
1077 337 1455 395 Tcrminatur
1491 339 1690 414 itaque
1721 340 1849 413 ipsa
1877 342 1929 408 Α
1957 340 2161 396 Adhuc
2194 341 2252 395 in
2285 339 2573 396 territorio
2604 341 2979 404 comitis,n0n
3011 338 3179 411 longe
3227 339 3300 394 ab
3344 339 3603 397 aecclesia

179 419 613 480 terra‘duabus
642 424 752 480 viis
781 423 1054 498 publicis,
1079 428 1147 482 ad
1185 427 1846 502 dextram'pergentibus

179 509 257 568 ad
292 515 567 579 boscum,
601 529 718 570 non
749 514 942 572 solum
963 515 1169 586 via,set
1192 516 1367 573 etiam
1393 517 1624 591 magnis
1646 519 1849 591 lapidi-

181 602 299 657 bus
333 620 371 658 a
405 601 584 658 Paulo
617 601 902 660 monacho
933 605 1044 677 (67)
1077 605 1199 661 solo
1231 605 1446 663 inﬁxis.
1479 608 1562 662 Ad
1594 607 1846 664 orienta-

173 689 296 746 lem
332 707 572 764 quoque
607 691 838 766 plagam
869 692 1224 750 terminatur
1252 695 1423 751 terris
1455 696 1628 752 cultis
1655 701 1712 752 et
1757 695 1844 751 in-

176 777 366 836 cultis
397 781 470 836 de
504 785 789 853 potestate
819 781 1046 838 Sanctae
1080 783 1294 839 Mariae.

253 867 547 942 Sequitur
576 869 784 926 Manus
805 869 1042 937 Villare,
1057 875 1227 945 cujus
1250 872 1505 930 maxima
1527 892 1661 946 pars
1682 879 1847 929 terra:

173 958 478 1014 dividitur
509 959 764 1031 quadam
796 959 889 1016 via
919 977 1048 1034 quae
1079 967 1235 1018 meta
1266 977 1393 1019 esse
1421 963 1654 1019 videtur
1683 968 1846 1020 terra;

173 1047 388 1104 Sancti
416 1047 571 1103 Petri
605 1053 887 1121 terraique
907 1049 1103 1107 Sancti
1128 1051 1503 1108 Mauricii.Ex
1523 1069 1641 1108 una
1661 1053 1848 1108 fronte

171 1137 549 1192 terminatur
577 1138 669 1192 via
699 1137 933 1210 publica
961 1156 1092 1212 quae
1115 1140 1301 1214 pergit
1323 1141 1393 1196 ad
1424 1147 1653 1214 portam
1677 1141 1850 1197 Perti-

169 1241 394 1280 canam
420 1243 435 1292 ;
472 1225 590 1281 alia
623 1226 830 1293 fronte,
857 1228 949 1284 via
979 1245 1105 1300 qua:
1129 1229 1292 1285 ducit
1313 1231 1384 1284 ad
1409 1233 1636 1302 portam
1659 1229 1847 1285 sancti

169 1313 483 1370 Johannis
513 1313 745 1372 Valeiaa.
768 1315 854 1371 Ad
888 1315 1228 1372 orientalem
1253 1317 1484 1391 plagam
1509 1317 1730 1391 colligit
1753 1317 1850 1374 do-

173 1419 349 1458 mum
381 1403 858 1472 aurifabrorum;
889 1411 946 1462 et
973 1405 1058 1462 sic
1089 1423 1191 1479 per
1211 1407 1439 1462 sulcum
1464 1407 1765 1463 vinearum
1788 1406 1846 1462 in

171 1497 597 1548 transversum
627 1509 742 1549 non
769 1493 941 1568 longe
984 1495 1057 1551 ab
1106 1494 1366 1552 aecclesia
1395 1496 1594 1552 Sancti
1650 1495 1848 1551 Hilarii

175 1581 378 1654 pergit
409 1581 484 1637 ad
533 1581 683 1637 viam
737 1582 1053 1655 publieam,
1089 1585 1159 1640 de
1209 1601 1325 1658 qua
1371 1602 1529 1642 nunc
1575 1586 1847 1658 superius

173 1670 473 1740 diximus,
501 1675 674 1744 atque
708 1670 788 1728 ibi
819 1673 1170 1730 terminatur
1199 1691 1312 1730 non
1344 1673 1516 1748 longe
1538 1692 1571 1731 a
1591 1675 1845 1746 quodam

173 1759 370 1832 prelo.

249 1849 404 1904 Item
433 1867 550 1904 xxx
582 1849 888 1924 agripenni
920 1850 1220 1907 vinearum
1254 1851 1312 1908 in
1345 1851 1589 1908 Luciaco
1637 1869 1846 1908 secun-

171 1942 296 2004 tur,
331 1953 496 2010 qua,
527 1955 648 1993 una
675 1939 1283 2006 fronte,terminantur
1299 1941 1393 1996 via
1415 1958 1539 2014 qua:
1563 1942 1634 1996 ab
1657 1939 1850 1996 {eccle-

171 2027 264 2082 sia
301 2027 546 2084 Luciaci
575 2028 647 2084 ad
682 2027 1002 2085 ecclesiam
1036 2030 1213 2086 Manu
1233 2029 1466 2086 Villaris
1486 2030 1708 2104 pergit;
1732 2029 1848 2086 alia

177 2116 502 2184 fronte,via
525 2133 653 2190 qua:
676 2117 838 2173 ducit
861 2119 932 2174 ad
955 2116 1160 2186 Seras;
1184 2120 1364 2175 tercia
1383 2135 1613 2193 quoque
1635 2119 1843 2186 fronte,

176 2207 270 2260 via
302 2207 441 2278 qua:
474 2207 753 2262 terminat
784 2206 1023 2262 Manum
1053 2207 1268 2264 Villare
1287 2208 1567 2264 terminat
1585 2212 1642 2264 et
1662 2208 1842 2281 ipsos.

179 2296 370 2350 Frons
400 2311 544 2351 vero
574 2312 702 2368 quae
734 2296 1013 2372 proSpic‘it
1033 2298 1102 2352 ad
1139 2297 1432 2353 civitatem
1482 2297 1612 2354 aliis
1661 2296 1846 2353 vineis

176 2384 570 2441 terminatur.
608 2383 863 2440 Fuerunt
899 2391 1132 2458 “quoque
1180 2386 1301 2442 dati
1351 2387 1422 2443 ad
1457 2386 1844 2463 plantandum

177 2473 504 2529 monachis
551 2474 627 2529 ab
675 2474 948 2548 episcopo
995 2475 1381 2550 Ragenfredo,
1415 2479 1637 2532 remota
1685 2474 1846 2530 omni

179 2562 495 2618 exactione
525 2563 599 2618 ab
629 2563 737 2620 eis.

247 2652 336 2708 Ad
371 2651 687 2708 meridiem
719 2653 956 2726 quidem
988 2653 1077 2710 est
1105 2654 1372 2726 quaedam
1405 2653 1666 2710 aecclesia
1695 2653 1848 2710 inter

177 2741 410 2806 vineas,
445 2740 512 2796 in
540 2741 760 2798 honore
802 2742 989 2798 sancti
1042 2743 1280 2799 Leobini
1329 2747 1684 2811 constructa,
1718 2760 1845 2816 quae

177 2829 325 2886 ‘olim
381 2830 573 2886 fuisse
631 2830 867 2887 abbatia
912 2831 1257 2889 dinoscitur.
1288 2834 1474 2899 Quam
1523 2831 1845 2889 aecclesiam

184 2926 466 2975 matrona
512 2920 802 2992 quaedam,
827 2921 1233 2978 Ermentrudis
1281 2921 1537 2989 nomine,
1574 2937 1718 2977 uxor
1745 2921 1846 2998 Ni-

181 3008 436 3074 velonis,
478 3014 610 3065 voto
667 3009 876 3066 Sancto
930 3009 1096 3066 Petro
1154 3010 1381 3066 dimisit
1431 3010 1686 3066 moriens
1741 3027 1845 3083 pro

182 3097 390 3154 anima
422 3114 557 3163 sua,
587 3115 720 3154 cum
744 3098 915 3156 terris
944 3115 1011 3155 ac
1042 3099 1287 3156 decimis
1313 3099 1740 3172 pertinentibus
1772 3100 1840 3156 ad
1877 3086 1918 3152 C

183 3188 382 3260 ipsam
435 3186 760 3243 aecclesiam
800 3205 814 3256 ;
849 3189 1002 3244 datis
1049 3188 1172 3244 viro
1218 3205 1346 3256 suo,
1381 3205 1484 3261 pro
1533 3205 1844 3258 consensu,

185 3274 521 3332 monilibus
551 3275 678 3332 'suis
706 3280 764 3333 et
792 3277 1037 3333 armillis
1069 3278 1295 3346 aureis;
1329 3281 1452 3333 erat
1473 3277 1628 3333 enim
1651 3277 1846 3334 recole-

187 3366 278 3421 sia
304 3380 378 3422 ex
420 3365 776 3438 patrimonio
823 3369 951 3422 s‘uo.
982 3366 1128 3422 Cum
1175 3383 1310 3422 vero
1358 3359 1512 3422 viam
1567 3365 1847 3422 universae

187 3454 389 3510 carnis
422 3455 667 3526 abisset,
697 3455 788 3511 vir
814 3455 961 3527 ejus,
988 3455 1266 3528 petitione
1316 3455 1583 3529 conjugis
1613 3459 1848 3528 postpo-

185 3544 305 3599 sita
355 3548 538 3616 atque
585 3557 703 3600 sum
753 3543 1160 3616 promissionis
1206 3543 1444 3613 oblitus,
1479 3546 1678 3600 omnia
1725 3543 1848 3599 suis

189 3632 406 3688 usibus
463 3633 712 3689 retinere
766 3633 1007 3701 maluit;
1067 3621 1143 3702 et,
1203 3633 1464 3706 quandiu
1533 3634 1848 3689 mundanis

189 3723 374 3778 rebus
417 3721 507 3776 uti
557 3722 765 3795 potuit,
791 3729 1095 3796 nunquam
1145 3723 1411 3796 resipuit.
1443 3721 1683 3789 Verum,
1715 3737 1848 3778 cum

189 3827 254 3866 se
315 3811 544 3866 videret
600 3812 668 3866 ad
729 3817 984 3868 extrema
1042 3811 1199 3879 duci,
1241 3811 1566 3868 monachus
1623 3811 1684 3867 in
1737 3829 1851 3868 coe-

191 3900 374 3956 nobio
407 3900 608 3956 Sancti
631 3900 786 3957 Petri
818 3901 974 3978 effici~
1003 3899 1220 3969 voluit;
1253 3901 1408 3973 quod
1441 3905 1638 3956 autem
1671 3918 1852 3957 sanus

195 3990 388 4045 facere
449 3989 656 4060 noluit,
723 3999 893 4046 cassa
958 3990 1235 4063 petitione
1301 3989 1440 4059 ﬁliis
1493 3991 1608 4062 (68)
1665 3991 1853 4046 facere

195 4078 458 4134 monuit.
491 4080 614 4146 Quo
645 4083 897 4148 mortuo,
930 4078 1090 4135 ﬁlius
1119 4079 1248 4150 ejus
1298 4081 1592 4151 Paganus,
1627 4077 1852 4135 modico

195 4168 677 4239 tempore,patris
706 4161 986 4224 beneflcio
1017 4157 1314 4241 fungitur;
1340 4183 1476 4223 nam
1500 4183 1632 4223 cum
1659 4167 1852 4223 debel-

195 4255 348 4312 laret
378 4260 642 4312 castrum
675 4257 830 4330 quod
859 4257 1148 4314 vecitatur
1177 4258 1384 4313 Fracta
1413 4255 1615 4328 Vallis,
1640 4242 1789 4328 patri
1819 4273 1855 4312 a

198 4344 520 4400 Gausi'rido
551 4345 812 4403 Martello
832 4345 1218 4414 sublatum,in
1240 4345 1368 4418 ipso
1391 4345 1567 4402 castri
1589 4345 1849 4415 introitu,

1957 447 2138 502 supra
2167 434 2510 496 memorata,
2538 430 2824 502 quasdam
2871 445 3072 483 vmeas
3122 427 3428 490 habemus,
3463 429 3602 485 olim

1956 519 2188 574 cuidam
2215 519 2273 573 in
2306 519 2583 574 beneficio
2617 519 2804 583 datas,
2841 523 3040 590 postea
3070 534 3221 583 vero,
3248 522 3490 588 cogente
3512 534 3606 590 pe-

1956 606 2146 674 nuria,
2182 609 2360 663 Bertae
2392 607 2724 674 comitissze,
2751 624 2816 662 eo
2850 612 3066 673 tenore,
3102 610 3300 660 nostro
3333 623 3600 673 assensu,

1955 697 2240 764 venditas,
2272 700 2355 763 ut,
2389 701 2521 768 post
2567 695 2793 752 obitum
2840 694 3175 764 comitissae,
3213 695 3283 749 ab
3316 695 3474 750 omni
3507 712 3602 751 ex-

1957 784 2184 841 actione
2205 783 2652 853 liberas,usibus
2675 784 3050 857 stipendiaris
3081 782 3454 856 propriis,eas
3478 783 3602 839 sine

1956 873 2218 946 qualibet
2273 873 2655 946 protelatione
2712 873 3031 930 rehabcant
3089 872 3380 941 monachi,
3445 873 3600 944 quod

1957 968 2158 1035 postea
2187 964 2363 1019 frater
2402 963 2735 1031 comitissaz,
2771 979 2965 1018 comes
3016 961 3374 1030 Tedbaldus,
3405 977 3601 1017 coram

1957 1052 2081 1108 suis
2112 1051 2382 1108 fidelibus
2413 1051 2662 1107 amnuit.

2027 1141 2193 1196 Nunc
2225 1141 2294 1196 ad
2320 1139 2830 1213 septentrionalem
2855 1139 3086 1212 plagam
3109 1141 3367 1195 vertatur
3388 1155 3600 1211 penna,

1959 1229 2015 1284 in
2049 1247 2165 1302 qua
2213 1247 2390 1302 super
2419 1229 2658 1294 vallum,
2695 1247 2807 1284 non
2841 1229 3010 1301 longe
3043 1246 3073 1283 a
3105 1233 3274 1301 porta
3307 1228 3598 1294 Drocensi,

1955 1323 2114 1374 tenet
2145 1318 2202 1372 in
2238 1318 2518 1374 beneficio
2543 1318 2700 1373 ﬁlius
2723 1318 2952 1373 Geraldi
2975 1317 3360 1390 negociatoris
3383 1317 3452 1372 de
3474 1333 3604 1372 san-

1957 1415 2048 1464 cto
2082 1408 2246 1464 Petro
2277 1412 2492 1464 terram
2526 1407 2862 1462 reddentem
2897 1405 3167 1463 solidosx
3197 1422 3597 1461 nummorum.

2031 1498 2095 1554 In
2126 1496 2248 1553 vico
2280 1513 2512 1569 quoque
2544 1496 2729 1553 sancti
2755 1497 2987 1552 Andreae
3011 1495 3070 1550 in
3093 1495 3450 1551 dominicatu
3475 1511 3604 1550 san-

1958 1594 2088 1642 ctus
2119 1587 2322 1642 Petrus
2354 1587 2614 1658 possidet
2656 1586 2804 1640 duos
2853 1585 3073 1641 solidos
3122 1600 3500 1640 nummorum
3533 1584 3604 1640 de

1957 1693 2156 1742 censu,
2194 1692 2308 1730 non
2341 1675 2510 1748 longe
2541 1692 2574 1730 a
2605 1679 2781 1747 ponte
2826 1675 2926 1746 qui
2975 1674 3215 1746 respicit
3263 1674 3335 1729 ad
3373 1677 3602 1746 portam

1953 1764 2224 1820 Ainboldi
2256 1763 2388 1836 (69).
2423 1765 2467 1819 A
2499 1781 2614 1836 qua
2661 1767 2828 1835 porta
2875 1780 2990 1818 non
3038 1761 3208 1834 longe
3255 1766 3346 1818 est
3391 1763 3603 1817 domus

1954 1853 2240 1911 Johannis
2273 1870 2406 1909 cum
2439 1852 2608 1909 vinea
2638 1869 2764 1924 quae
2793 1851 3012 1908 solidos
3056 1855 3176 1908 tres
3222 1867 3602 1907 nummorum

1955 1943 2166 1999 reddit.

2026 2032 2326 2098 Quomodo
2356 2035 2552 2087 autem
2597 2047 2839 2104 campus
2869 2029 3050 2086 Fauni
3099 2028 3460 2096 terminetur,
3495 2045 3602 2084 suo

1953 2119 2079 2177 loco
2112 2121 2356 2177 dicetur.
2391 2120 2556 2176 Nunc
2585 2137 2718 2176 vero
2749 2121 2820 2175 ad
2861 2136 2927 2175 ea
2977 2137 3104 2192 quae
3149 2117 3405 2192 capitnla
3453 2135 3603 2191 pra:-

1955 2211 2234 2284 singnant
2260 2210 2589 2265 redeamus.

2515 2315 2927 2372 CAPITULUM
2969 2315 3040 2371 Il.

1952 2409 2028 2464 De
2056 2408 2359 2478 agripenno
2389 2415 2554 2464 terra:
2583 2405 2653 2462 ad
2677 2405 3046 2478 plantandum
3074 2406 3348 2478 vineam,a
3377 2404 3603 2460 canoni-

2318 2479 2398 2534 cis
2429 2480 2490 2534 in
2520 2476 2705 2534 clauso
2735 2477 3062 2533 dominicato
3091 2476 3234 2532 dato.

2523 2568 2573 2635 (1
2611 2566 2841 2622 Octobr.
2884 2565 3037 2637 940.)

2026 2680 2052 2707 ‹‹
2091 2659 2157 2712 In
2189 2657 2426 2712 nomine
2457 2660 2668 2712 sanctae
2697 2660 2754 2711 et
2785 2653 3096 2710 individua:
3137 2653 3461 2710 Trinitatis.
3489 2653 3606 2709 Nos

1955 2747 2220 2802 canonici
2243 2763 2310 2802 ex
2331 2744 2686 2801 monasterio
2708 2744 2896 2800 sancti
2921 2744 3256 2815 Petri,quod
3281 2747 3368 2799 est
3389 2743 3448 2797 in
3475 2742 3609 2798 sub-

1957 2835 2125 2890 urbio
2157 2834 2424 2891 Carnotis
2455 2833 2725 2902 civitatis,
2761 2832 2972 2888 divinis
3002 2832 3278 2888 laudibus
3327 2831 3606 2887 insisten-

1955 2927 2062 2993 tes,
2099 2928 2300 2979 notum
2329 2923 2453 2979 fieri
2483 2922 2756 2978 volumus
2786 2920 3014 2976 cunctis
3046 2926 3259 2977 sanctae
3290 2920 3390 2976 Dei
3417 2919 3608 2976 aaccle—

1958 3013 2056 3069 siaa
2090 3012 2360 3068 ﬁdelibus
2379 3011 2765 3085 prazsentibus
2787 3009 3006 3066 scilicet
3028 3014 3202 3081 atque
3224 3007 3607 3080 futuris,quia

1955 3101 2190 3158 veniens
2238 3101 2480 3173 quidam
2529 3100 2724 3168 homo,
2777 3099 3016 3155 nomine
3063 3098 3434 3164 Teodericus,
3469 3100 3605 3153 ante

1957 3190 2328 3264 praesentiam
2360 3195 2645 3256 nostram,
2680 3188 3023 3261 suppliciter
3053 3186 3367 3260 postulavit
3394 3189 3460 3241 ut
3489 3185 3602 3242 sibi

1958 3284 2015 3336 et
2043 3279 2206 3335 uxori
2242 3296 2381 3346 suae,
2406 3279 2641 3334 nomine
2672 3276 3004 3343 Dominicaz,
3040 3276 3168 3331 filim
3200 3292 3305 3332 nec
3335 3291 3450 3330 non
3481 3291 3601 3330 sua;

1959 3367 2370 3436 Gerois,unum
2395 3367 2742 3440 aripennum
2767 3370 2932 3422 terrae
2955 3365 3064 3421 sub
3083 3382 3262 3421 manu
3284 3365 3454 3420 firma
3476 3379 3606 3419 con-

1959 3458 2301 3514 cederemus
2331 3457 2403 3512 ad
2439 3456 2820 3529 plantandam
2852 3455 2994 3510 inibi
3029 3455 3280 3521 vineam,
3314 3453 3372 3508 in
3405 3453 3604 3510 clauso

1959 3547 2314 3602 dominicato
2347 3547 2612 3610 fratrum,
2637 3545 2708 3600 ab
2740 3544 2947 3600 usibus
2968 3561 3168 3600 eorum
3197 3542 3402 3598 multis
3425 3558 3605 3598 anno-

1960 3653 2090 3690 rum
2123 3634 2430 3690 curriculis
2461 3635 2773 3703 abstracto,
2807 3650 2962 3688 nunc
2990 3649 3143 3699 vero,
3169 3632 3322 3688 sicut
3351 3631 3422 3687 ab
3455 3631 3607 3686 anti-

1960 3725 2254 3797 'quo,juste
2277 3723 2630 3795 reddito,qui
2665 3739 2844 3795 prepe
2875 3722 3061 3778 sancti
3095 3719 3394 3777 Michaelis
3417 3719 3611 3775 aeccle-

1959 3814 2110 3870 siam
2163 3812 2449 3869 consistit.
2494 3813 2610 3868 Nos
2655 3827 2810 3881 vero,
2845 3815 3031 3866 ratam
3091 3811 3218 3882 ejus
3267 3809 3608 3881 petitionem

1961 3903 2416 3968 considerantes,
2451 3901 2737 3973 quidquid
2771 3900 2940 3956 nobis
2971 3899 3319 3972 supplicavit
3358 3898 3607 3971 benigne

1962 3991 2326 4048 assensimus
2355 3994 2411 4046 et
2429 3989 2828 4046 concessimus
2851 3989 3126 4062 praedicto
3150 3987 3374 4044 scilicet
3397 3987 3611 4042 Teode-

1962 4080 2101 4148 rico,
2134 4079 2414 4152 uxorique
2446 4095 2564 4135 suae
2595 4078 2931 4144 Dominicis,
2965 4077 3214 4150 filiaeque
3261 4093 3463 4133 eorum
3494 4076 3607 4132 Ge-

1963 4169 2148 4235 roisa,
2183 4168 2434 4225 eundem
2464 4173 2629 4223 terrae
2656 4167 3004 4240 aripennum
3037 4167 3107 4222 ad
3141 4166 3519 4239 plantandam
3550 4168 3610 4220 et

1963 4258 2415 4316 construendam
2449 4256 2593 4313 inibi
2617 4257 2870 4323 vineam,
2907 4273 3022 4312 una
3052 4273 3187 4312 cum
3233 4271 3518 4311 consensu
3553 4257 3610 4310 et

1962 4348 2253 4421 permissu
2285 4346 2485 4402 domni
2525 4345 2704 4419 Agani
2751 4344 3037 4418 praesulis,
3073 4344 3170 4416 qui
3217 4343 3280 4399 in
3327 4341 3609 4416 regimine

200 4436 272 4489 ab
292 4434 588 4524 hostibus
610 4435 826 4524 gladiis
857 4434 1495 4524 interimit'urfroiquo
1527 4435 1706 4524 frater
1724 4435 1853 4506 ejus
1887 4457 1930 4524 ι)
1960 4439 2192 4494 videtur
2220 4436 2434 4492 habere
2454 4435 2609 4492 idem
2635 4435 2967 4524 coenobium
2986 4431 3612 4524 ;7qui_etiam_termina-

199 4523 722 4596 Fuleberius,jam
781 4523 1050 4591 clericus,
1093 4523 1410 4579 mundanis
1467 4523 1648 4579 armis
1708 4540 1854 4596 prae-

201 4612 785 4680 cinctus,secularem
822 4613 1103 4669 miliciam
1134 4616 1224 4669 est
1253 4617 1511 4668 secutus.
1545 4612 1649 4668 Cui
1687 4629 1855 4669 vene-

199 4701 412 4756 rabilis
447 4701 627 4757 abbas
657 4702 1142 4772 Landricus,vota
1166 4701 1373 4757 matris
1404 4701 1858 4774 petitionemque

201 4790 393 4864 patris
427 4788 1076 4864 replicans,impetravit
1107 4791 1180 4846 ab
1212 4807 1278 4846 eo
1311 4790 1629 4846 azcclesiam
1670 4790 1857 4846 sancti

204 4879 452 4935 Leobini
479 4895 611 4934 cum
644 4879 1001 4952 quibusdam
1035 4879 1372 4952 agripennis
1431 4879 1756 4944 vinearum,
1789 4879 1859 4934 de

203 4968 429 5040 quibus
459 4966 745 5025 habemus
785 4985 1028 5024 censum
1059 4973 1116 5025 et
1144 4968 1454 5023 decimam.
1487 4969 1652 5024 Tunc
1682 4968 1858 5024 etiam

204 5071 454 5112 censum
487 5057 714 5113 remisit
742 5058 1042 5114 vinearum
1074 5057 1226 5114 beati
1269 5057 1594 5124 Siemundi,
1629 5056 1859 5113 decima

205 5145 333 5203 sola
362 5147 610 5202 retenta.

275 5287 674 5362 (767)71pseest
713 5287 1132 5362 hujusgoperis
1179 5290 1518 5362 auctor;.de
1567 5306 1680 5362 quo
1729 5289 1859 5349 vide

229 5359 242 5378 ,
275 5332 674 5372 ιγἰπιννὴον-’ν
713 5332 894 5372 rw"
942 5332 1132 5362 νυνι-ν
1179 5332 1372 5356 “vv”
1425 5332 1518 5358 ιη
1567 5332 1680 5362 ‘1“

205 5359 486 5434 ιΗιβιοιζε
517 5357 783 5426 ιιιιέναινβ
812 5359 958 5424 data
985 5362 1212 5434 France,
1237 5366 1280 5419 t.
1313 5332 1463 5429 VIlI,
1497 5378 1556 5434 p.
1589 5363 1713 5418 225.

274 5433 388 5506 (es)
420 5431 766 5506 gert-sctum
794 5440 929 5506 vero
957 5433 1076 5506 ﬁlio
1105 5447 1226 5490 suo.

273 5502 392 5576 (69}
421 5502 657 5562 Portam
689 5502 993 5580 antiquam
1015 5521 1145 5579 qua:
1165 5502 1482 5562 vocabatur
1500 5503 1555 5560 ια
1569 5512 1723 5578 parte
1742 5503 1867 5562 Am-

525 5630 793 5698 ΡΑινιιοι..
837 5630 1010 5698 CLV.

1962 4530 2060 4582 tur
2089 4526 2158 4582 ab
2190 4541 2307 4581 uno
2339 4524 2536 4593 latere,
2569 4529 2723 4580 terra
2773 4523 2956 4579 sancti
3001 4522 3168 4589 Piati,
3197 4525 3255 4577 et
3283 4519 3396 4576 alia
3423 4524 3608 4592 parte,

1965 4620 2120 4672 terra
2148 4615 2334 4670 sancti
2367 4615 2550 4682 Petri;
2582 4614 2653 4668 ab
2683 4629 2803 4668 una
2829 4613 3036 4678 fronte,
3069 4611 3161 4666 via
3201 4609 3436 4682 publica
3483 4625 3610 4681 quae

1967 4704 2128 4759 ducit
2157 4704 2227 4758 ad
2261 4703 2446 4759 sancti
2481 4702 2714 4759 Martini
2743 4700 3200 4770 monasterium;
3235 4698 3348 4755 alio
3379 4715 3613 4771 quoque

1966 4792 2146 4848 latere
2175 4798 2232 4848 et
2260 4794 2468 4860 fronte,
2499 4797 2653 4847 terra
2684 4790 2871 4863 ipsius
2915 4789 3134 4856 clausi;
3168 4805 3234 4844 eo
3265 4786 3487 4844 scilicet
3515 4804 3615 4842 ra--

1968 4881 2144 4937 tionis
2172 4885 2371 4937 tenore
2399 4881 2670 4936 dedimus
2699 4879 2840 4946 illis,
2874 4884 2940 4934 ut
2966 4877 3271 4934 annuatim
3305 4875 3614 4933 festivitate

1968 4971 2167 5025 Sancti
2192 4969 2360 5037 Petri,
2386 4987 2510 5041 qua:
2540 4969 2730 5025 evenit
2750 4986 2847 5024 vm
2870 4967 3149 5023 kalendas
3177 4965 3445 5033 marcias,
3479 4980 3613 5020 cen-

1965 5057 2209 5115 sualiter
2224 5058 2478 5114 solidum
2493 5075 2512 5112 Ι
2527 5058 2744 5114 solvere
2769 5057 3046 5112 studeant
3063 5056 3328 5129 partibus
3345 5055 3614 5110 fratrum.

1951 5135 2129 5216 Duod
2162 5147 2212 5203 si
2243 5164 2313 5204 ex
2342 5147 2452 5203 hoc
2481 5163 2662 5203 censu
2689 5145 2840 5201 tardi
2873 5149 2975 5200 aut
3005 5144 3366 5217 negligentes
3413 5141 3622 5198 extite-

1970 5289 2135 5356 baud,
2169 5289 2352 5347 fuisse
2382 5304 2562 5372 prope
2605 5291 2839 5362 pontem
2883 5284 3079 5343 Sancti
3127 5285 3650 5408 Andreaahﬁosteg

1970 5361 2043 5408 du
2072 5366 2360 5408 Mannnm-
2393 5363 2548 5408 inter
2588 5366 2783 5408 nnrtas
2830 5358 3181 5408 Drocensem
3213 5363 3272 5408 et
3302 5355 3413 5408 Gul
3461 5352 3650 5408 elmx-

1969 5352 2548 5434 dupM'assacreLinter
2588 5352 2783 5434 portas
2830 5358 3181 5415 Drocensem
3213 5363 3272 5416 et
3302 5352 3660 5432 Guillelmi,

1972 5449 2006 5489 a
2034 5431 2101 5490 D.
2134 5433 2326 5510 Muley
2359 5430 2669 5490 discimus.

3280 5622 3324 5685 Ἰ
