3974 6076
217 292 376 355 2085

857 292 1215 356 HOMILUE
1256 291 1335 354 IN
1380 290 1626 354 EPIST.
1675 290 1777 352 ET
1820 287 2108 352 EVANG.
2156 289 2504 352 DOMINIC.
2537 325 2613 335 —-
2640 291 2842 354 PARS
2886 293 2962 354 II.

3459 291 3619 356 2086

218 442 335 482 non
366 429 432 481 ut
461 424 801 495 honoretur,
823 442 937 482 non
966 430 1032 482 ut
1058 426 1109 482 ei
1140 424 1527 493 ministretur,
1548 424 1649 480 sed
1670 420 1867 496 potius
1894 422 1946 489 Α
1976 423 2096 476 Hac
2126 419 2378 477 novitate
2404 420 2714 495 Apostolus
2733 426 3044 481 renovatus
3063 423 3178 480 ait:
3206 426 3344 483 Vivo
3371 442 3484 500 ego,
3497 428 3621 500 jam

217 519 287 571 ut
310 516 435 589 ipse
456 514 840 584 ministret,et
858 515 1117 571 animam
1140 531 1310 571 suam
1333 517 1514 588 ponat
1535 529 1639 588 pro
1659 509 1863 568 subdi-

217 604 298 661 tis
329 603 664 660 animabus.
690 605 829 660 Nam
857 605 973 678 qui,
998 603 1209 677 inquit,
1231 620 1289 661 se
1316 605 1542 672 exattat,
1573 606 1865 674 tempora-

216 692 371 762 liter,
393 694 784 750 humiliabitur
800 692 1166 750 eternaliter.
1186 693 1302 750 Nos
1323 709 1480 766 ergo,
1505 692 1713 747 fratres
1734 688 1866 746 cha-

217 781 464 851 rissimi,
486 784 799 855 sequentes
838 798 1043 838 verum
1073 785 1131 839 et
1159 798 1461 838 summum
1492 779 1863 853 magistrum,

220 887 554 944 quaramus
583 871 642 927 in
673 870 781 927 hoc
806 870 1038 939 saeculo,
1062 887 1179 927 non
1204 870 1397 941 ditari,
1422 886 1539 927 non
1568 866 1863 938 honorari,

219 977 338 1018 non
363 959 788 1030 delectari,non
806 959 1150 1031 ministrari,
1169 961 1268 1017 sed
1293 959 1489 1033 potius
1510 957 1863 1027 ministrare,

222 1050 427 1107 docere
467 1053 527 1106 et
573 1049 852 1123 professe,
875 1046 1011 1105 cu'm
1058 1052 1420 1123 paupertate,
1443 1065 1579 1105 cum
1627 1043 1867 1104 humili-

219 1141 361 1208 tate,
384 1154 520 1194 cum
569 1137 849 1211 patientia
878 1143 935 1195 et
960 1137 1178 1210 labore,
1201 1142 1493 1211 quatenus
1542 1137 1601 1192 in
1649 1133 1867 1192 caelesti

221 1243 400 1301 regno
430 1243 763 1283 mereamur
797 1226 995 1296 ditari,
1019 1226 1293 1284 honorari
1336 1232 1394 1283 et
1439 1225 1731 1284 delectari.
1766 1225 1872 1281 Per

222 1315 541 1373 Dominum
568 1318 838 1372 nostrum
858 1316 1062 1373 Jesum
1082 1315 1513 1389 Christum,qui
1538 1332 1673 1372 cum
1704 1315 1871 1370 Patre

222 1409 282 1461 et
312 1404 535 1477 Spiritu
565 1408 767 1461 sancto
796 1404 936 1460 vivit
985 1409 1043 1462 et
1084 1409 1288 1479 regnat
1315 1405 1492 1475 Deus,
1526 1421 1630 1476 per
1675 1403 1872 1460 omnia

223 1492 437 1550 saecula
466 1491 835 1549 saeculorum.
867 1495 1072 1551 Amen.

820 1599 1124 1657 HOMILIA
1159 1600 1273 1657 XL.

401 1686 681 1728 DOMINICA
718 1687 931 1728 DECIMA
969 1690 1121 1729 NONA
1160 1690 1299 1729 POST
1332 1689 1700 1729 TRINI’I‘ATEM.

296 1761 656 1818 Renovamini
680 1762 885 1833 spiritu
909 1763 1108 1818 mentis
1126 1770 1333 1830 vestra},
1358 1770 1409 1818 et
1435 1761 1646 1818 induite
1674 1777 1875 1817 novum

224 1851 499 1908 hominem
526 1850 625 1922 qui
650 1849 948 1906 secundum
965 1850 1136 1907 Deum
1157 1859 1371 1907 creatus
1391 1859 1468 1907 est
1497 1852 1557 1907 in
1584 1851 1875 1906 sanctitate

224 1947 277 1997 et
302 1940 521 2012 justitia
548 1939 798 1994 veritatis
826 1939 1038 2011 (Ephes.
1072 1938 1171 2013 ιν),
1196 1943 1304 1996 etc.
1338 1940 1403 1996 In
1448 1939 1559 1996 hac
1604 1939 1870 2009 lectione,

223 2028 434 2085 fratres
455 2025 809 2097 charissimi,
838 2044 946 2084 nos
975 2027 1246 2084 hortatur
1266 2028 1577 2103 Apostolus
1609 2029 1677 2084 ad
1714 2027 1872 2084 novi-

221 2121 404 2175 tatem
433 2116 763 2174 innocentis
791 2117 940 2173 vitm.
964 2117 1033 2173 Et
1061 2118 1170 2175 hoc
1203 2119 1413 2174 modo:
1438 2118 1653 2186 Primo,
1679 2120 1876 2174 monet

224 2224 333 2264 nos
354 2205 569 2263 mutari
586 2206 658 2262 de
679 2205 835 2263 malo
854 2205 916 2262 in
936 2206 1478 2275 bonum.8ecundo,
1494 2206 1658 2278 ponit
1680 2211 1873 2279 partes

222 2295 551 2364 vetustatis,
566 2311 715 2368 quas
746 2295 945 2369 fugere
966 2296 1270 2365 debemus,
1286 2300 1344 2353 et
1372 2311 1550 2369 opera
1577 2295 1872 2363 novitatis,

227 2401 356 2458 quis
384 2384 572 2441 facere
615 2384 918 2442 debemus.
939 2383 1135 2441 Prima
1180 2385 1361 2459 igitur
1388 2388 1587 2442 monet
1616 2402 1722 2441 nos
1752 2402 1876 2440 mu-

224 2473 339 2531 tari
369 2474 441 2530 de
470 2471 625 2530 malo
649 2472 710 2529 in
732 2473 974 2544 bonum,
999 2491 1133 2530 cum
1157 2474 1335 2531 dicit:
1360 2476 1737 2545 Renovamini,
1760 2477 1871 2531 etc.

226 2562 402 2620 Porro
422 2560 714 2619 renovatio
735 2562 803 2618 fit
826 2563 1062 2636 quando
1084 2567 1341 2621 vetustas
1363 2563 1614 2633 exuitur,
1639 2567 1697 2620 et
1718 2563 1875 2619 novi-

224 2655 318 2708 tas
348 2651 567 2708 amissa
596 2655 989 2724 recuperatur.
1008 2652 1126 2708 Nos
1156 2657 1374 2722 autem,
1393 2652 1624 2721 fratres,
1652 2652 1873 2708 fuimus

228 2739 360 2796 novi
393 2739 624 2796 formati
656 2738 718 2794 in
747 2740 953 2807 Adam,
971 2741 1095 2810 sed,
1122 2739 1249 2813 ipso
1271 2745 1715 2814 peccante,cum
1746 2741 1874 2815 ipso

227 2827 544 2884 incidimus
600 2827 661 2882 in
700 2830 1072 2884 vetustatem.
1096 2829 1248 2886 Sane
1300 2830 1455 2902 quod
1513 2845 1730 2886 novum
1787 2833 1877 2886 est

229 2933 466 2991 purum,
491 2916 729 2972 firmum
776 2919 835 2972 et
879 2916 1026 2973 forte
1056 2920 1163 2974 est.
1197 2918 1359 2985 Quod
1389 2935 1521 2975 vero
1549 2922 1718 2975 vetus
1764 2923 1872 2987 est,

227 3008 589 3078 corruptum,
609 3004 912 3061 infirmum
933 3009 991 3061 et
1010 3004 1198 3063 debile
1223 3009 1331 3063 est.
1350 3007 1453 3063 Est
1472 3011 1668 3064 autem
1687 3008 1769 3063 Ad
1779 3024 1874 3063 am
1892 3022 1903 3033 '

226 3098 458 3153 creatus
487 3111 693 3162 novus,
715 3093 855 3167 quia
878 3111 1085 3168 purus,
1113 3095 1253 3168 quia
1272 3095 1503 3164 ﬁrmus,
1525 3097 1666 3169 quia
1686 3097 1871 3154 fortis.

1970 526 2083 566 non
2111 526 2229 580 ego,
2254 512 2389 567 vivit
2430 518 2611 568 autem
2639 514 2702 568 in
2731 529 2815 569 me
2855 513 3102 570 Christus
3130 514 3271 585 (Gal.
3300 522 3382 584 ιι).
3410 518 3471 572 In
3502 535 3618 589 quo

1972 603 2170 654 autem
2197 598 2317 654 haec
2343 600 2660 673 renovatio,
2682 606 2741 658 et
2767 603 3058 674 quomodo
3088 607 3145 658 et
3173 620 3277 676 per
3296 622 3470 677 quem
3496 608 3615 675 ﬁat,

1972 692 2030 742 et
2057 704 2125 742 ex
2155 688 2372 760 quibus
2402 688 2702 757 consistat,
2725 691 3154 764 subsequenter
3187 693 3442 750 ostendit
3467 695 3618 767 Apo-

1975 775 2183 833 stolus.
2210 779 2274 833 In
2306 794 2422 850 quo
2452 778 2555 833 ﬁat
2573 780 2826 836 ostendit
2847 796 2980 836 cum
3008 781 3091 837 ait
3115 798 3127 836 :
3152 786 3218 838 In
3244 785 3447 855 spiritu
3472 801 3621 840 men-

1974 867 2044 921 tis
2072 874 2285 935 vestrae,
2311 865 2367 922 id
2401 871 2492 923 est
2515 867 2575 923 in
2612 868 2822 941 spiritu
2842 873 2900 925 et
2928 875 3121 926 mente
3141 877 3348 928 vestra.
3372 873 3481 929 Per
3500 874 3621 946 spi-

1974 954 2177 1023 ritum,
2195 954 2531 1013 inferiorem
2551 957 2668 1013 vim
2692 956 2920 1028 animae,
2948 958 3006 1014 id
3039 963 3128 1016 est
3156 961 3621 1032 sensualitatem,

1974 1047 2033 1100 et
2060 1060 2164 1116 per
2194 1049 2472 1112 mentem,
2506 1046 2864 1119 superiorem
2888 1048 3246 1105 intellectum
3266 1049 3620 1125 intelligens.

1975 1133 2078 1188 Est
2107 1136 2302 1189 autem
2328 1134 2680 1191 sensualitas
2700 1134 2802 1192 illa
2818 1135 2906 1193 vis
2927 1137 3156 1207 animai,
3173 1155 3301 1212 qua;
3325 1156 3429 1212 per
3447 1141 3627 1197 offici-

1978 1239 2085 1278 nas
2106 1222 2386 1296 corporis,
2402 1223 2727 1297 corporalia
2745 1226 3207 1299 comprehendit.
3229 1229 3423 1286 Monet
3450 1229 3628 1303 igitur

1978 1327 2086 1372 nos
2106 1311 2438 1385 Apostolus,
2452 1316 2517 1368 ut
2545 1312 2606 1369 in
2633 1313 3012 1372 sensualitate
3042 1322 3262 1386 nostra,
3283 1316 3629 1375 innovemur

1978 1404 2045 1455 ut
2074 1417 2286 1457 sensus
2317 1400 2505 1458 nostri
2536 1419 2651 1458 non
2682 1407 2991 1460 exarentur
3020 1410 3085 1460 ut
3112 1406 3279 1478 prius
3309 1407 3382 1463 ad
3411 1412 3628 1480 vetera,

1980 1490 2082 1546 sed
2115 1489 2311 1564 potius
2342 1490 2414 1547 ad
2443 1507 2618 1564 opera
2645 1492 2776 1548 novi
2800 1492 3056 1551 hominis
3075 1494 3359 1565 facienda,
3383 1500 3449 1553 ut
3477 1495 3632 1553 scili-

1981 1582 2072 1636 cet
2101 1578 2308 1635 oculus
2351 1596 2467 1635 non
2496 1580 2688 1636 videat
2734 1583 3079 1655 temporalia
3107 1585 3179 1641 ad
3211 1586 3631 1659 concupiscen-

1981 1669 2148 1736 dum,
2172 1668 2273 1725 sed
2298 1667 2492 1741 potius
2515 1670 2584 1725 ad
2605 1672 3193 1743 contemnendum,et
3212 1692 3496 1748 pauperes
3513 1693 3630 1732 non

1983 1759 2053 1815 ad
2077 1758 2602 1830 spernendum,sed
2624 1758 2822 1832 potius
2841 1762 2912 1817 ad
2937 1762 3408 1836 compatiendum
3426 1783 3440 1835 ;
3460 1781 3632 1821 aures

1982 1864 2098 1904 non
2123 1847 2367 1903 audiant
2396 1846 2619 1916 illicita,
2637 1849 2735 1904 sed
2769 1866 2936 1906 sacra
2963 1851 3193 1907 Domini
3223 1853 3427 1922 verba;
3460 1870 3632 1910 nares

1983 1953 2097 1993 non
2130 1936 2377 1992 odorant
2414 1936 2806 1994 meretricales
2837 1939 3065 2008 odores,
3091 1940 3192 1997 sed
3234 1941 3429 2013 potius
3460 1941 3634 2015 spiri-

1981 2024 2231 2082 tualium
2255 2024 2537 2080 virtutum
2560 2027 2940 2097 suavitatem;
2963 2033 3177 2101 gustus
3197 2047 3311 2086 non
3335 2030 3636 2088 irretiatur

1980 2113 2356 2172 lenociniosis
2403 2113 2736 2186 saporibus,
2768 2117 2869 2173 sed
2910 2117 3160 2189 jejunio,
3184 2124 3242 2175 et
3270 2119 3430 2176 omni
3459 2121 3633 2177 verbo

1980 2205 2135 2278 quod
2158 2201 2418 2276 procedit
2438 2202 2510 2258 de
2530 2220 2628 2260 ore
2649 2204 2781 2274 Dei;
2814 2209 3010 2262 tactus
3042 2224 3158 2263 non
3189 2207 3511 2265 delectetur
3528 2209 3637 2265 illi-

1981 2293 2094 2349 cito
2126 2295 2418 2361 contactu,
2453 2292 2554 2349 sed
2600 2293 2969 2350 castimonia.
2996 2295 3359 2354 Intellectum
3400 2314 3636 2371 quoque

1980 2381 2245 2455 praecipit
2264 2380 2548 2449 innovari,
2572 2385 2638 2437 ut
2656 2382 2785 2453 jam
2809 2399 2924 2439 non
2948 2384 3186 2441 studeat
3205 2385 3265 2441 in
3288 2384 3549 2454 malitiis,
3573 2386 3633 2442 in

1981 2470 2153 2541 dolis,
2177 2470 2235 2526 in
2270 2469 2580 2538 fraudibis,
2601 2469 2660 2524 in
2695 2469 2867 2528 malis
2909 2473 3173 2530 consiliis
3200 2477 3259 2531 et
3288 2473 3462 2532 malis
3491 2475 3633 2532 arti-

1981 2561 2114 2627 bus,
2138 2558 2239 2616 sed
2267 2558 2462 2632 potius
2494 2559 2551 2614 in
2577 2558 2986 2631 spiritualibus
3007 2562 3220 2619 studiis
3240 2568 3297 2619 et
3317 2564 3539 2620 sanctis
3557 2563 3637 2620 le-

1981 2648 2295 2716 ctionibus,
2320 2650 2379 2704 in
2410 2650 2684 2720 sapientia
2716 2651 2839 2718 Dei,
2864 2649 2923 2704 in
2954 2650 3443 2723 contemplatione
3471 2652 3634 2709 coele-

1982 2738 2184 2803 stium,
2217 2741 2285 2792 ut
2313 2736 2395 2792 ita
2422 2736 2617 2809 imago
2648 2737 2771 2803 Dei,
2803 2737 2862 2792 in
2893 2738 3063 2795 nobis
3096 2740 3439 2811 deformata,
3462 2742 3635 2798 refor-

1983 2829 2195 2883 metur.
2219 2825 2520 2891 Quomodo
2550 2841 2684 2881 vero
2714 2825 2836 2882 haec
2866 2826 3200 2884 reformatio
3230 2828 3350 2895 fiat,
3379 2829 3637 2887 ostendit

1983 2932 2117 2972 cum
2143 2914 2254 2970 ait:
2274 2914 2338 2970 Et
2360 2913 2574 2970 induite
2594 2930 2795 2971 novum
2815 2916 3107 2985 hominem,
3130 2916 3188 2973 id
3210 2921 3299 2974 est
3320 2918 3633 2975 novitatem

1983 3004 2116 3061 novi
2138 3003 2394 3060 hominis
2411 3002 2719 3071 Christi,ut
2740 3003 3271 3077 scilicet,quantum
3291 3023 3631 3080 possumus,

1984 3094 2172 3150 simus
2202 3092 2563 3161 innocentes,
2596 3091 2749 3149 sicut
2789 3092 2915 3166 ipse
2956 3094 3238 3152 innocens
3283 3099 3401 3166 est;
3443 3096 3634 3155 simus

227 3184 417 3241 Purus
445 3184 572 3241 sine
619 3164 1110 3258 peccato,vﬁrmus
1131 3164 1223 3240 ad
1272 3164 1665 3242 resistendum
1710 3185 1869 3255 vitio,
1904 3164 1948 3233 ο
1985 3182 2192 3251 sancti,
2225 3181 2381 3238 sicut
2408 3180 2535 3255 ipse
2565 3185 2807 3238 sanctus
2836 3185 2957 3251 est;
2986 3183 3177 3240 simus
3203 3184 3630 3257 misericordes,

227 3273 396 3332 fortis
425 3273 499 3330 ad
527 3273 1016 3347 perseverandum
1058 3271 1118 3328 in
1152 3273 1324 3330 bono.
1357 3273 1470 3331 Sed
1500 3275 1640 3348 quia
1668 3279 1875 3348 sponte

228 3362 870 3437 peccavit,vetustatem
892 3360 1161 3433 incurrit,
1184 3362 1373 3420 factus
1401 3363 1691 3436 impurus,
1715 3364 1875 3420 inﬁr-

227 3467 362 3511 mus
392 3454 451 3508 et
477 3449 706 3508 debilis.
726 3450 1000 3524 Impurue
1023 3450 1160 3524 quia
1190 3452 1582 3526 corrumpitur
1608 3452 1769 3525 vitio,
1791 3452 1876 3510 in-

223 3540 433 3598 firmus
454 3540 527 3597 ad
550 3538 946 3597 resistendum
964 3539 1125 3597 vitio.
1141 3540 1288 3607 Quia
1311 3541 1638 3609 enim,cum
1659 3542 1873 3600 evitare

221 3633 421 3703 posset
447 3633 773 3702 peccatum,
797 3627 985 3685 noluit
1011 3628 1298 3686 inﬂictum
1331 3635 1419 3687 est
1447 3635 1531 3700 ut,
1548 3647 1682 3688 cum
1713 3630 1871 3699 velit,

221 3735 339 3776 non
368 3718 573 3792 possit.
598 3717 816 3774 Debilis
835 3718 1012 3774 etiam
1038 3717 1148 3774 fuit
1171 3720 1243 3775 ad
1275 3720 1419 3776 bene
1439 3721 1752 3794 agendum,
1771 3738 1875 3794 per

220 3823 284 3865 se
313 3808 470 3864 enim
499 3807 647 3863 bene
668 3823 839 3881 agere
868 3824 984 3864 non
1014 3811 1224 3880 potest,
1248 3808 1362 3864 nisi
1383 3809 1572 3883 gratia
1594 3810 1687 3867 Dei
1711 3811 1874 3883 adju-

215 3899 338 3954 tus.
357 3896 583 3955 Dicitur
612 3895 794 3971 igitur
810 3897 995 3952 Adam
1026 3901 1192 3954 vetus
1222 3896 1417 3955 homo.
1436 3898 1714 3956 Vetustas
1743 3901 1872 3972 ejus

217 3990 307 4044 cst
326 3985 429 4042 illa
449 3985 744 4058 corruptio
761 3988 818 4042 et
834 3984 1148 4043 infirmitas
1166 4002 1341 4058 quam
1366 3988 1657 4060 peccando
1679 3988 1875 4045 incur-

218 4073 333 4129 rit:
358 4090 486 4145 quae
516 4073 767 4146 languor
794 4076 1039 4144 natura;
1063 4073 1183 4130 sive
1210 4073 1488 4131 stimulus
1517 4077 1730 4147 carnis,
1751 4079 1872 4136 sive

220 4161 486 4235 pronitas
523 4162 596 4217 ad
637 4162 999 4233 peccandum
1027 4166 1288 4218 vocatur.
1315 4164 1441 4220 Hac
1470 4168 1562 4221 est
1589 4166 1872 4239 originale

220 4253 551 4323 peccatum.
602 4249 722 4306 Hoc
761 4249 938 4307 etiam
986 4267 1236 4324 peccans
1283 4258 1586 4325 peccatum
1635 4254 1867 4327 dicitur,

220 4338 360 4413 quia
388 4355 492 4413 per
520 4354 672 4407 eam,
693 4337 944 4396 velimus
972 4338 1252 4412 nolimus,
1279 4357 1609 4414 peccamus.
1636 4343 1873 4418 Propter

217 4427 371 4486 hanc
391 4426 675 4485 exclamat
697 4427 1008 4502 Apostolus
1030 4445 1045 4484 :
1068 4431 1303 4502 Infeliee,
1332 4430 1543 4502 inquit,
1566 4448 1659 4504 ego
1679 4434 1869 4505 homo;

1981 3273 2137 3330 sicut
2166 3269 2292 3344 ipse
2321 3269 2654 3326 misericors
2685 3275 2797 3339 est,
2824 3274 2882 3327 et
2912 3276 3200 3344 quantum
3230 3271 3357 3346 ipse
3386 3274 3632 3343 dederit,

1982 3360 2172 3418 simus
2199 3360 2328 3430 ejus
2368 3358 2713 3415 imitatores.
2742 3359 2846 3415 Per
2873 3376 3049 3432 quem
3107 3364 3301 3417 autem
3353 3362 3456 3418 ﬁat
3510 3361 3633 3419 haec

1981 3449 2294 3517 renovatio,
2319 3447 2574 3505 ostendit
2615 3464 2751 3504 cum
2781 3448 2960 3519 subit,
2984 3451 3084 3522 qui
3118 3450 3418 3506 secundum
3457 3455 3633 3509 Deum

1980 3546 2192 3596 creatus
2213 3537 2373 3604 est,id
2396 3540 2485 3593 est
2503 3536 2729 3593 novitas
2745 3537 2875 3609 ejus
2890 3538 3217 3594 secundum
3237 3538 3422 3596 Deum
3439 3544 3635 3599 creata

1979 3632 2087 3685 est.
2110 3629 2189 3684 Ac
2217 3626 2265 3683 si
2297 3627 2515 3682 diceret
2546 3642 2560 3681 :
2598 3625 2727 3681 Haec
2757 3625 2983 3683 novitas
3031 3643 3149 3683 non
3192 3631 3383 3700 potest
3410 3645 3539 3686 esse
3568 3629 3630 3686 in

1981 3718 2151 3774 nobis
2179 3734 2249 3773 ex
2298 3714 2488 3783 nobis,
2515 3715 2617 3771 sed
2649 3731 2718 3771 ex
2746 3732 2813 3771 eo
2845 3716 2943 3789 qui
2976 3716 3059 3772 ait
3087 3732 3101 3771 :
3136 3721 3270 3773 Ecce
3310 3733 3451 3774 nova
3486 3720 3632 3791 facio

1978 3808 2167 3864 omnia
2183 3807 2363 3878 (Apoc.
2386 3805 2522 3875 xxx).
2548 3806 2733 3870 Quam
2761 3804 3071 3861 novitatem
3098 3805 3314 3862 mentis
3346 3806 3634 3880 Propheta

1979 3900 2183 3969 petens
2213 3911 2248 3950 a
2275 3893 2390 3949 Deo
2421 3893 2504 3948 ait
2534 3908 2547 3947 :
2585 3893 2688 3948 Cor
2714 3893 2982 3949 mundum
3008 3911 3135 3950 creo
3164 3897 3223 3950 in
3255 3911 3358 3963 me,
3389 3896 3550 3964 Deus,
3581 3905 3635 3954 et

1977 3986 2237 4056 spiritum
2276 3989 2483 4037 rectum
2530 3982 2735 4037 innoca
2765 3982 2825 4036 in
2853 3983 3153 4037 visceribus
3180 3985 3318 4039 meis
3348 3984 3518 4055 (Psal.
3555 3985 3628 4057 ι).

1979 4072 2091 4128 Sed
2123 4074 2181 4126 et
2212 4087 2336 4136 nos,
2372 4069 2582 4124 fratres
2641 4067 2776 4136 mei,
2810 4068 2911 4141 qui
2969 4069 3114 4124 nihil
3163 4086 3233 4126 ex
3291 4070 3479 4140 nobis,
3513 4072 3630 4129 nisi

1978 4163 2282 4234 peccatum
2323 4157 2631 4224 habemus,
2657 4173 2893 4214 oremus
2937 4174 3073 4213 cum
3120 4157 3363 4233 gemitu,
3395 4177 3632 4219 oremus

1979 4247 2241 4322 quotidie
2261 4264 2396 4305 cum
2417 4245 2692 4319 lacrymis
2713 4250 2769 4302 et
2790 4246 3083 4322 suspiriis,
3107 4263 3364 4318 oremus,
3388 4248 3630 4322 inquam

1977 4320 2111 4394 cum
2156 4336 2486 4410 Propheta:
2519 4320 2878 4392 Vetustatem
2937 4335 3159 4408 peccati
3205 4338 3373 4394 aufer
3423 4320 3629 4407 a—me,

1976 4426 2306 4494 Domine,et
2332 4426 2593 4498 spiritum
2616 4432 2824 4481 rectum
2847 4427 3049 4482 innova
3078 4427 3139 4482 in
3167 4428 3466 4483 visceribus
3492 4430 3631 4486 meis

217 4519 344 4593 quis
369 4533 458 4575 me
486 4517 743 4606 liberabit
763 4518 830 4574 de
855 4534 1075 4591 corpore
1095 4522 1285 4576 mortis
1311 4521 1474 4592 hujus
1493 4523 1521 4576 ?
1551 4521 1738 4579 Gratia
1764 4524 1866 4581 Dei
1891 4536 1939 4602 Ι)
1964 4515 2288 4606 (ibid).qu
2335 4513 2552 4606 quibus
2607 4529 2742 4606 vero
2800 4512 2922 4606 hec
2978 4515 3276 4606 renovatio
3326 4516 3628 4586 consistat,

209 4623 313 4680 per
338 4609 527 4664 Iesum
555 4605 831 4663 Christum
859 4608 1032 4678 (Rom.
1055 4611 1174 4678 vn).
1199 4608 1467 4666 Christus
1514 4627 1647 4668 vero
1695 4629 1865 4669 econ-

212 4694 394 4753 trario
423 4695 642 4751 dicitur
669 4712 854 4752 novus
892 4695 1091 4765 homo,
1124 4696 1263 4770 quia
1311 4715 1427 4755 non
1477 4714 1546 4755 ex
1593 4701 1869 4774 concupi-

213 4783 442 4842 scentia
468 4787 786 4857 conceptus
807 4788 915 4854 est,
941 4786 1039 4841 sed
1072 4802 1141 4841 ex
1172 4786 1393 4860 Spiritu
1424 4794 1647 4845 sancto.
1670 4791 1740 4846 Et
1769 4809 1874 4865 pu-

214 4889 339 4943 rus,
365 4875 574 4932 firmus
604 4878 662 4930 et
691 4874 853 4932 fsrtis
882 4879 1112 4932 creatus
1172 4880 1279 4946 est,
1312 4881 1370 4934 et
1424 4879 1767 4950 permansit.
1800 4882 1871 4938 Et

215 4963 345 5034 ejus
388 4962 727 5020 innocentia
784 4966 841 5020 et
898 4964 1202 5037 sanctitas,
1235 4965 1466 5023 novitas
1521 4968 1867 5041 appellatur.

216 5049 433 5107 Omnes
481 5052 663 5126 igitur
711 5053 865 5110 sicut
920 5054 1222 5110 nascimur
1248 5072 1317 5112 ex
1346 5061 1619 5130 corrupta
1675 5076 1873 5117 massa

215 5138 374 5206 Adae,
396 5137 481 5195 ita
506 5143 806 5198 nascimur
844 5159 914 5199 ex
958 5147 1229 5216 corrupto
1279 5146 1561 5218 corrupti,
1585 5164 1653 5203 ex
1683 5152 1871 5205 vetere

212 5231 467 5295 veteres;
491 5228 594 5284 sed
625 5246 728 5302 per
754 5231 1004 5305 gratiam
1027 5230 1159 5288 novi
1188 5231 1445 5289 hominis
1468 5235 1678 5292 Christi
1702 5254 1871 5293 reno-

209 5332 439 5384 vamur,
467 5315 608 5372 dum
639 5317 700 5373 in
732 5319 844 5377 ﬁde
866 5324 925 5376 et
954 5320 1251 5394 baptismo
1282 5322 1411 5395 ejus
1427 5322 1709 5397 originale
1732 5341 1869 5398 pec-

211 5408 404 5461 catum
437 5405 609 5462 nobis
629 5405 970 5480 dimittitur,
992 5413 1050 5465 et
1082 5409 1415 5466 innocentia
1447 5413 1617 5470 nobis
1645 5414 1869 5471 confer-

206 5495 335 5562 tur;
366 5496 443 5558 et,
466 5492 639 5563 juxta
676 5493 1040 5566 Apostolum,
1064 5496 1134 5553 de
1164 5496 1259 5553 die
1296 5496 1356 5553 in
1390 5497 1546 5555 diem
1579 5499 1771 5573 magis
1799 5515 1867 5556 ac

210 5580 402 5660 magis
428 5580 730 5640 Christum
758 5580 1042 5644 imitando
1071 5585 1132 5644 in
1163 5586 1472 5648 sanctitate
1496 5588 1859 5665 proficimus.

1965 4600 2231 4662 .ostendit
2276 4620 2411 4660 cum
2469 4602 2573 4675 ait,
2606 4604 2668 4659 in
2706 4605 2996 4659 sanctitate
3022 4611 3073 4660 et
3088 4604 3311 4676 justitia
3360 4607 3627 4663 veritatis.
3738 4600 3749 4617 ’

1981 4695 2045 4750 In
2078 4694 2384 4751 sanctitate
2412 4692 2473 4748 in
2506 4709 2635 4759 nos,
2668 4696 2725 4748 et
2752 4691 2813 4748 in
2841 4691 3076 4764 justitia
3104 4693 3162 4748 in
3195 4694 3490 4766 proximos
3523 4711 3537 4750 :
3573 4699 3632 4751 et

1981 4787 2046 4839 ut
2074 4788 2193 4839 tam
2226 4782 2508 4840 sanctitas
2539 4798 2715 4854 quam
2752 4781 2989 4854 justitia
3021 4782 3101 4838 sit
3135 4782 3417 4851 veritatis,
3447 4787 3506 4839 et
3530 4800 3630 4840 ve-

1979 4873 2149 4930 ritate
2201 4871 2423 4929 scilicet
2452 4871 2665 4944 operis,
2690 4874 2747 4927 et
2776 4871 3019 4928 veritate
3074 4870 3230 4928 finis.
3263 4872 3413 4928 Sunt
3468 4873 3627 4930 enim

1980 4962 2162 5036 (unde
2189 4961 2505 5018 dolendum
2536 4961 2645 5033 est)
2687 4959 2927 5032 quidam
2973 4959 3365 5032 simulatores,
3390 4960 3492 5034 qui
3520 4979 3627 5020 nec

1980 5050 2188 5119 sancti,
2207 5067 2313 5107 nec
2334 5050 2479 5122 justi
2510 5053 2648 5105 sunt
2678 5048 2989 5122 opere,sed
3021 5048 3320 5106 simulant.
3341 5049 3445 5107 Alii
3467 5068 3623 5122 vero,

1980 5144 2037 5195 et
2066 5140 2113 5197 si
2145 5156 2319 5213 opera
2349 5137 2677 5196 sanctitatis
2706 5137 2793 5194 vel
2830 5137 3079 5210 justitia;
3118 5138 3394 5209 habeant,
3426 5144 3625 5198 tamen

1976 5228 2037 5285 in
2070 5230 2184 5285 ﬁne
2214 5229 2590 5303 degenerant,
2622 5243 2757 5283 cum
2790 5227 2860 5284 de
2888 5226 2973 5283 eis
3010 5226 3256 5301 gloriam
3286 5229 3624 5287 saecularem

1976 5322 2332 5391 exspectant.

2047 5407 2326 5480 Sequitur
2372 5423 2508 5479 pars
2556 5405 2834 5471 secunda,
2866 5404 2927 5461 in
2958 5422 3077 5479 qua
3104 5405 3268 5481 ponit
3312 5403 3625 5479 Apostolus

1976 5500 2172 5570 partes
2200 5497 2528 5562 vetustatis,
2554 5510 2703 5567 quas
2733 5510 2841 5552 nos
2884 5494 3084 5570 fugere
3120 5497 3307 5564 docet,
3341 5499 3401 5551 et
3430 5496 3628 5567 partes

1974 5584 2267 5657 novitatis,
2301 5602 2451 5663 quas
2503 5600 2611 5643 nos
2670 5583 2836 5661 sequi
2887 5583 3079 5661 jubet,
3113 5582 3314 5643 dicens
3346 5599 3361 5642 :
3399 5585 3631 5661 Propter
