3974 6076
397 259 554 321 2087

1399 252 1793 315 ADDENDA.
1829 285 1906 339 -τ
1942 251 2342 314 RADULPHI
2385 253 2799 315 ARDENTlS.

3704 252 3864 311 2088

388 391 529 463 quod
564 392 883 463 abjicientcs
910 403 1069 444 omne
1106 386 1472 449 mendacium,
1516 386 1810 456 loquimini
1849 385 2065 447 verilas
2074 385 2127 452 Α
2156 384 2227 439 tit
2257 384 2432 449 dicat,
2466 386 2567 441 sed
2608 403 2723 441 non
2768 386 2884 443 ﬁne
2912 387 3129 455 debito,
3161 387 3221 443 id
3251 390 3349 443 est
3392 404 3521 444 non
3600 388 3865 457 prepte:

387 492 511 549 tem,
547 484 659 536 etc.
689 479 830 534 Tres
861 481 1058 549 partes
1087 474 1394 532 vetustatis
1426 478 1582 539 sunt,
1614 476 1875 528 vetustas
1906 473 2044 540 oris,

384 572 643 626 Vetustas
674 567 895 632 cordis,
918 570 1180 620 vetustas
1208 564 1421 636 operis.
1448 564 1590 618 Tres
1622 578 1854 633 quoque
1884 578 2048 616 econ-

386 657 563 714 trario
606 660 800 729 partes
853 654 1129 710 novitatis
1186 658 1343 718 sunt,
1378 652 1605 707 novitas
1651 650 1789 719 oris,
1824 650 2048 704 novitas

386 746 601 814 cordis,
628 750 685 801 et
709 743 937 800 novitas
958 742 1172 815 operis.
1196 742 1561 797 Vetustatem
1593 740 1771 811 igitur
1798 739 1917 794 oris
1940 756 2046 794 nos

386 834 646 908 praecipit
678 833 951 903 abjicere,
982 848 1117 886 cum
1150 830 1251 901 ait,
1291 838 1511 901 propter
1540 828 1679 900 quod
1728 829 2044 899 abjz’cz’cntcs

385 941 543 981 omne
570 922 941 978 mendacium.
971 920 1071 975 Est
1102 923 1295 974 autem
1328 916 1699 972 mendacium
1727 916 1872 971 falsa
1892 914 2044 987 signi

385 1013 582 1068 ﬁcatio
613 1010 769 1066 vocis
802 1026 936 1065 cum
984 1007 1306 1063 intentione
1340 1005 1598 1061 fallendi.
1634 1004 1863 1060 Mentiri
1910 1022 2043 1059 vero

386 1100 620 1165 dicitur,
647 1098 815 1170 quasi
875 1101 1078 1152 contra
1136 1099 1414 1161 mentem,
1456 1095 1627 1165 juxta
1673 1093 1842 1159 illud,
1872 1093 2043 1147 Labia

384 1189 572 1245 dolosa
609 1205 678 1244 ex
723 1187 880 1243 corde
906 1195 956 1241 et
986 1184 1143 1242 corde
1174 1186 1339 1240 locuti
1366 1192 1495 1239 sunt
1525 1183 1700 1252 (l’sal.
1730 1186 1812 1250 ιι),
1848 1182 1904 1237 id
1954 1185 2045 1235 est

391 1296 461 1335 ex
493 1276 834 1349 duplicitate
865 1274 1076 1332 cordis.
1103 1275 1253 1329 Sunt
1281 1278 1476 1328 autem
1505 1290 1603 1327 sex
1633 1271 1856 1344 Species
1886 1287 2043 1325 men-

392 1367 716 1423 daciorum.
744 1364 1005 1420 Primum
1038 1368 1126 1418 est
1154 1364 1305 1434 quod
1341 1364 1577 1434 prodest
1608 1366 1664 1416 et
1692 1358 1912 1415 nemini
1943 1375 2042 1414 no-

388 1460 498 1527 cet,
522 1459 587 1510 ut
635 1454 873 1526 quando
904 1452 1120 1524 aliquis
1152 1452 1450 1518 mentitur,
1482 1468 1587 1523 pro
1635 1449 1753 1505 vita
1801 1447 2041 1504 alterius

383 1544 801 1601 conservanda.
829 1543 1164 1599 Secundum
1198 1546 1288 1597 est
1326 1541 1479 1613 quod
1523 1556 1628 1594 nec
1668 1538 1904 1611 prodest
1936 1553 2041 1592 nec

382 1635 568 1701 obest,
596 1637 662 1689 ut
692 1632 928 1705 quando
960 1632 1213 1704 jocando
1263 1630 1398 1702 quis
1449 1627 1748 1684 mentitur.
1779 1626 2039 1681 Tertium

381 1727 471 1779 est
499 1721 654 1794 quod
686 1720 861 1777 alicui
913 1722 1151 1792 prodest
1179 1724 1236 1775 et
1264 1718 1438 1774 alicui
1488 1721 1674 1784 nocet,
1705 1719 1771 1770 ut
1799 1716 2033 1787 quando

383 1812 666 1868 mentitur
685 1809 954 1865 venditor
972 1808 1246 1881 emptori.
1268 1810 1551 1874 Quartum
1581 1810 1668 1860 est
1689 1806 1842 1876 quod
1867 1803 2041 1860 alicui

382 1904 552 1957 nocet
581 1904 638 1956 et
666 1897 813 1955 nulli
846 1899 1102 1971 prodest,
1128 1902 1192 1953 ut
1224 1897 1459 1969 quando
1492 1894 1708 1966 aliquis
1738 1892 1862 1949 vult
1893 1893 2044 1957 deci_

380 2007 517 2064 pere
546 1988 853 2044 inimicum
887 2004 1082 2044 suum.
1112 1986 1390 2053 Quintum
1424 1980 1513 2041 est
1540 1983 1692 2055 quod
1727 1984 1793 2037 ﬁt
1826 1982 1951 2038 sola
1978 1981 2040 2037 li.

381 2078 582 2134 hidinc
614 2075 1127 2147 mentiendi,quod
1160 2074 1377 2129 mirum
1422 2074 1724 2145 peccatum
1757 2075 1863 2125 est.
1898 2070 2034 2124 Sex-

382 2172 510 2224 tum
537 2171 627 2223 est
674 2164 909 2222 mentiri
943 2164 1000 2219 in
1030 2163 1269 2220 veritate
1303 2161 1458 2227 ﬁdei,
1488 2160 1643 2233 quod
1674 2163 1762 2215 est
1807 2158 2034 2215 ha‘reti-

382 2273 607 2312 eorum.
632 2252 1220 2326 Comprehenduntur
1250 2256 1444 2306 autem
1473 2250 1581 2306 sub
1607 2247 1908 2304 mendacio
1939 2247 2035 2303 de-

380 2344 609 2407 tractio,
654 2341 935 2409 adulatio,
980 2340 1328 2402 susurratio.
1364 2338 1674 2395 incusatio.
1708 2340 1842 2404 Quae
1881 2341 1939 2392 et
1982 2336 2029 2392 si

381 2433 736 2505 quandoque
767 2430 1022 2485 habeant
1040 2429 1168 2484 vitae
1192 2428 1513 2496 veritatem,
1539 2426 1677 2496 quia
1696 2429 1890 2481 tamen
1915 2442 2033 2481 ma-

378 2521 435 2578 lo
469 2520 582 2577 ﬁne
622 2519 918 2585 dicuntur,
953 2517 1258 2573 mendacia
1301 2522 1459 2572 sunt.
1492 2516 1589 2571 Est
1628 2519 1820 2571 autem
1859 2532 2031 2570 omne

381 2607 755 2665 mendacium
788 2607 1156 2679 fugiendum.
1176 2605 1338 2661 Unde
1370 2610 1425 2661 et
1447 2604 1540 2661 hic
1568 2605 1666 2671 ait,
1688 2605 2031 2676 proﬁcientes

380 2716 537 2756 omne
589 2697 956 2753 mendacium.
1016 2697 1088 2752 Et
1148 2695 1427 2768 Propheta
1472 2712 1486 2750 :
1542 2694 1759 2761 Pcrdes,
1810 2692 2025 2765 inquit,

380 2805 562 2845 omnes
606 2789 702 2860 qui
760 2788 1060 2858 loquuntur
1114 2784 1460 2840 mendacium
1491 2783 1660 2855 (Psat.
1690 2784 1765 2854 v).
1800 2780 2030 2837 Nemini

378 2878 560 2951 igitur
583 2874 719 2931 licet
750 2874 1003 2931 mentiri.
1032 2873 1189 2929 Licet
1215 2877 1411 2929 tamen
1434 2871 1485 2927 ei
1506 2889 1704 2928 verum
1729 2870 2028 2938 tacere,vel

379 2965 598 3024 modali
652 2964 1067 3038 propositione,
1128 2962 1413 3019 malitiam
1473 2962 1726 3017 eludere.
1792 2960 2027 3032 Episco-

377 3075 490 3130 pus
524 3056 786 3128 quidam,
824 3059 889 3110 ut
922 3054 1096 3109 refert
1134 3052 1339 3108 beatus
1378 3050 1759 3123 Augustinus,
1793 3049 2028 3105 nomine

2154 472 2360 541 Deum,
2395 475 2644 530 mendax
2672 480 2780 531 est.
2820 476 2961 535 ll-inc
2992 480 3079 532 est
3110 477 3261 549 quod
3298 476 3497 543 testis,
3537 473 3601 529 si
3642 489 3859 528 verum

2156 561 2503 616 testiﬁcetur
2548 568 2783 635 propter
2831 565 3164 636 pecuniam,
3200 566 3453 620 mendax
3505 567 3645 620 est.
3690 562 3858 623 Eone,

2156 650 2364 705 fratres
2394 651 2571 719 (unde
2602 644 2919 708 dolendum
2951 658 3064 723 est)
3095 670 3273 726 quam
3306 653 3422 708 rari
3456 658 3629 708 sunt
3680 650 3859 705 hodie

2154 755 2410 807 veraces,
2433 739 2732 810 quoniam,
2757 742 2865 796 etsi
2897 748 3035 797 sunt
3067 742 3249 814 aliqui
3282 740 3381 813 qui
3414 742 3657 796 dicunt
3694 740 3853 810 quod

2154 827 2435 895 sentiunt,
2469 834 2665 884 tamen
2697 831 2813 884 fere
2844 847 3046 886 omnes
3090 848 3203 887 non
3246 832 3315 886 ad
3359 830 3589 896 Deum,
3634 830 3748 883 sed
3784 829 3851 881 ad

2152 916 2534 987 temporalem
2560 919 2738 973 ﬁnem
2770 917 3149 974 intentionem
3172 918 3459 990 dirigunt.
3489 918 3683 981 Quod
3714 934 3847 971 vero

2153 1005 2419 1076 adjunxit
2438 1006 3045 1078 Apostolus,quoniam
3069 1025 3255 1063 minus
3282 1010 3525 1062 invicem
3554 1008 3842 1063 mcmtra.

2150 1092 2696 1166 itaintelligendum
2717 1101 2805 1151 est
2821 1114 2833 1151 :
2851 1096 3065 1153 Omnes
3087 1096 3288 1152 ﬁdeles
3308 1113 3529 1151 sumus
3556 1096 3841 1150 membra

2151 1182 2383 1250 Christi,
2418 1191 2474 1237 ct
2503 1184 2784 1239 debemus
2836 1203 2942 1241 nos
2992 1191 3275 1258 tanquam
3326 1185 3617 1239 membra
3663 1184 3839 1239 eoad-

2141 1270 2368 1342 juvare.
2392 1276 2534 1327 Cum
2565 1290 2699 1345 ergo
2733 1273 2911 1331 frater
2940 1275 3106 1329 fratri
3138 1275 3443 1342 mentitur,
3470 1274 3631 1345 quid
3670 1272 3833 1328 aliud
3924 1290 3925 1345 ἦ

2151 1368 2327 1431 qnam
2368 1360 2607 1417 sinistra
2652 1363 2936 1418 mentitur
2965 1363 3255 1418 dexterae?
3285 1364 3350 1417 Et
3398 1380 3545 1418 cum
3580 1362 3834 1417 sinistra

2150 1449 2394 1504 dextera:
2434 1450 2733 1520 mentitur,
2759 1451 2898 1524 quid
2959 1452 3117 1507 aliud
3149 1456 3239 1507 est
3269 1469 3447 1523 quam
3516 1458 3745 1507 contra
3924 1449 3925 1524 ξ

2148 1540 2461 1611 operatur?
2502 1541 2587 1594 Ita
2643 1514 2733 1596 est
2774 1514 2991 1613 .procul
3025 1541 3227 1609 dubio,
3262 1514 3476 1596 fratres
3508 1542 3661 1605 mei,
3697 1543 3829 1613 qui-
3924 1514 3925 1577 θ

2148 1644 2379 1700 cunque
2409 1629 2692 1684 mentitur
2713 1628 2833 1698 alii,
2858 1630 3116 1702 primum
3149 1634 3317 1685 nocet
3337 1629 3451 1685 sibi
3486 1628 3635 1701 ipsi.
3654 1629 3827 1684 Vetu-

2147 1721 2357 1773 statem
2394 1734 2527 1773 vero
2568 1719 2786 1774 mentis
2825 1718 3097 1791 abjioere,
3122 1723 3179 1775 et
3209 1718 3532 1775 novitatem
3570 1720 3823 1775 induere

2148 1822 2255 1861 nos
2311 1811 2528 1873 monet,
2556 1823 2691 1862 cum
2751 1808 2969 1863 subdit.
3003 1809 3338 1873 Irascimini,
3370 1816 3424 1863 et
3452 1808 3642 1864 nolite
3695 1826 3820 1880 pec-

2145 1911 2290 1950 care.
2326 1895 2487 1962 Quod
2520 1894 2613 1950 hic
2642 1896 2952 1968 Apostolus
2995 1898 3066 1953 de
3121 1897 3209 1953 ira
3256 1896 3419 1961 dicit,
3450 1896 3529 1952 de
3590 1898 3819 1952 car-teris

2147 1983 2541 2055 passionihus,
2565 1984 2685 2040 sive
2715 1985 3256 2057 perturbationibus
3283 1986 3503 2041 mentis
3532 1985 3818 2058 intelligit

2145 2088 2274 2143 qua:
2305 2077 2444 2128 sunt
2472 2073 2650 2129 timor
2675 2078 2732 2129 et
2760 2073 3018 2141 tristitia,
3047 2073 3401 2147 cupiditates
3432 2079 3487 2130 et
3518 2076 3813 2148 gaudium

2144 2160 2231 2216 ira
2261 2166 2319 2217 et
2349 2161 2570 2216 odium.
2597 2162 2692 2217 Hae
2722 2179 2855 2218 vero
2886 2163 3189 2235 passiones
3219 2162 3525 2219 naturales
3559 2172 3730 2227 sunt,
3758 2170 3813 2218 et

2143 2267 2178 2305 a
2207 2250 2377 2305 bonis
2406 2251 2555 2307 bene
2607 2257 2876 2323 utuntur,
2908 2256 2966 2307 et
2993 2270 3028 2308 a
3059 2251 3232 2309 malis
3279 2251 3456 2308 male.
3482 2252 3597 2316 Qui
3648 2254 3803 2309 enim

2140 2338 2310 2393 timet
2347 2340 2640 2396 offendere
2685 2340 2890 2406 Deum,
2926 2342 3072 2397 bene
3100 2342 3298 2409 timet;
3331 2346 3393 2397 et
3422 2342 3527 2414 qui
3582 2344 3801 2398 offenso

2138 2426 2429 2497 tristatur,
2480 2429 2625 2485 bene
2684 2429 2972 2487 tristatur.
3007 2432 3048 2486 E
3078 2435 3302 2496 contra,
3335 2430 3441 2502 qui
3497 2431 3674 2487 timet
3732 2448 3797 2485 ne

2121 2533 2256 2573 .non
2286 2517 2474 2588 possit
2501 2534 2672 2573 suam
2707 2518 2921 2574 malam
2950 2518 3195 2591 implere
3224 2518 3617 2581 voluntatem,
3648 2521 3792 2574 male

2138 2605 2334 2674 timet;
2368 2610 2425 2660 et
2454 2606 2555 2677 qui
2582 2605 2869 2675 tristatur,
2895 2606 3033 2679 quia
3054 2625 3169 2663 non
3192 2607 3481 2679 implevit,
3504 2608 3659 2663 male
3694 2609 3791 2662 tri-

2137 2698 2346 2750 statur.
2364 2694 2646 2750 Similiter
2660 2695 2757 2767 qui
2777 2695 3052 2751 irascitur
3066 2700 3267 2752 contra
3288 2702 3605 2768 peccatum
3622 2714 3789 2752 suum

2134 2783 2223 2839 vel
2268 2783 2549 2852 alienum,
2580 2783 2725 2839 bene
2784 2784 3077 2842 irascitur.
3111 2785 3391 2840 Hortatur
3446 2785 3639 2858 igitur
3689 2803 3791 2841 nos

2133 2872 2575 2945 Apostolus,sed
2596 2879 2965 2945 praepostere,
2981 2874 3073 2928 ind
3087 2891 3219 2929 uere
3237 2874 3561 2929 novitatem
3585 2876 3792 2930 mentis

2135 2978 2262 3017 cvm
2296 2962 2378 3017 ait
2409 2979 2422 3017 :
2457 2964 2788 3029 irascimini,
2822 2962 3106 3018 subaudis
3148 2966 3351 3018 contra
3390 2963 3557 3019 vitia.
3596 2964 3792 3019 Horta-

2135 3055 2233 3106 tur
2262 3055 2320 3106 et
2351 3067 2455 3107 nos
2487 3050 2738 3122 abjicere
2767 3056 3115 3107 vetustatem
3148 3052 3361 3108 mentis
3385 3070 3527 3108 cum
3552 3055 3675 3109 ait:
3698 3055 3789 3109 Νο-

377 3125 432 3202 et
463 3125 576 3200 ﬁde
608 3144 834 3212 ﬁrmus,
865 3142 1181 3215 quemdam
1228 3158 1389 3196 reum
1422 3139 1576 3212 apud
1608 3155 1670 3195 se
1699 3138 2024 3193 abscondit.
2058 3125 2100 3191 C
2139 3141 2235 3195 lite
2257 3156 2500 3211 peccare,
2533 3141 2817 3197 subaudis
2864 3158 2966 3213 per
2996 3142 3165 3211 iram,
3196 3142 3283 3197 vel
3334 3140 3527 3197 alium
3580 3143 3789 3198 mentis

378 3234 483 3301 Qui
526 3250 661 3290 cum
712 3236 1090 3305 quareretur,
1124 3231 1206 3285 ait
1238 3247 1251 3285 :
1284 3253 1304 3280 α
1340 3229 1466 3285 Non
1519 3227 1656 3283 licet
1713 3226 1859 3282 mihi
1920 3243 2024 3282 nec

258 3365 279 3373 -
378 3324 643 3397 prodere,
678 3338 784 3377 nec
815 3319 1109 3377 mentiri.»
1135 3320 1381 3375 Tractus
1411 3322 1544 3373 ante
1592 3333 1788 3388 regem
1836 3315 2025 3389 genti-

374 3413 512 3480 lem,
536 3429 671 3468 cum
703 3411 761 3466 in
794 3411 901 3466 hoc
930 3410 1058 3482 ipso
1093 3425 1278 3481 usque
1309 3408 1380 3463 ad
1414 3410 1662 3462 mortem
1694 3421 2024 3479 persevera-

373 3508 481 3568 ret,
510 3502 699 3557 factus
731 3504 823 3556 est
864 3498 1154 3554 mirabilis
1187 3498 1245 3552 in
1277 3496 1514 3552 veritate
1573 3499 1631 3551 et
1679 3494 1938 3566 justitia,
1970 3496 2027 3549 et

372 3591 653 3647 liberatur
707 3587 896 3662 gratia
952 3589 1082 3659 ejus
1139 3585 1315 3641 etiam
1372 3601 1526 3640 reus.
1581 3584 1743 3651 Ecce,
1794 3583 2023 3649 fratres,

371 3679 664 3752 quomodo
693 3678 908 3733 veritas
950 3682 1006 3730 et
1045 3674 1282 3747 justitia
1312 3674 1491 3729 etiam
1546 3672 1701 3745 apud
1759 3670 2024 3726 inﬁdeles

370 3768 664 3823 habentur
691 3764 1092 3821 admirabiles.
1120 3762 1520 3835 PrOpositione
1540 3778 1673 3816 vero
1696 3759 1913 3816 modali
1943 3759 2027 3815 in-

372 3856 701 3928 quirentem
733 3853 964 3910 eludere
1006 3852 1160 3919 licet,
1188 3856 1252 3907 ut
1282 3868 1417 3907 cum
1451 3850 1657 3923 quaerit
1687 3849 1976 3923 gladiator
2007 3866 2021 3905 :

372 3945 481 4001 Ubi
512 3947 602 4001 est
633 3942 773 3999 ille?
802 3942 1245 4014 Respondemus
1277 3956 1292 3996 :
1326 3939 1551 4007 Nescio,
1587 3937 2027 4012 subintel‘ligen-

373 4038 485 4101 tes,
517 4032 643 4089 tibi.
678 4030 849 4088 Tales
879 4031 1034 4087 enim
1078 4030 1404 4087 locutiones
1434 4029 1495 4084 in
1527 4045 1695 4084 sacra
1725 4028 2028 4100 Scriptura

372 4120 726 4189 invenimus,
769 4124 836 4175 ut
891 4119 972 4175 ibi
1004 4138 1018 4176 :
1052 4119 1299 4177 Morieris
1330 4127 1409 4185 tu,
1455 4125 1507 4173 et
1559 4134 1670 4173 non
1724 4118 1867 4172 vives
1895 4117 2022 4185 (lsa.

370 4214 626 4279 XXXVIII),
646 4207 1105 4281 subintelligitur
1145 4208 1302 4263 enim
1336 4206 1449 4263 nisi
1492 4204 1745 4261 ﬂeveris.
1774 4210 1905 4260 Haec
1938 4210 2025 4261 est

333 4298 348 4309 '
374 4297 688 4372 duplicitas
721 4315 846 4370 qua:
878 4297 1172 4353 neminem
1204 4296 1437 4369 decipit,
1474 4296 1573 4350 sed
1616 4294 1811 4366 potius
1832 4294 2023 4366 juvat.

372 4388 461 4443 Ad
493 4386 793 4443 veritatem
825 4403 958 4441 vero
998 4385 1116 4442 oris
1148 4402 1254 4441 nos
1286 4385 1493 4440 invitat
1522 4382 1856 4455 Apostolus,
1891 4399 2025 4438 cum

2133 3233 2381 3284 motum.
2406 3228 2506 3285 Vel
2534 3235 2705 3296 certe,
2733 3234 2798 3284 ut
2823 3230 3063 3302 quidam
3084 3230 3306 3291 volunt,
3328 3230 3567 3302 primus
3600 3236 3785 3286 motus

2132 3317 2252 3385 iraa,
2286 3316 2385 3390 qui
2428 3316 2489 3373 in
2536 3321 2740 3374 nostra
2785 3322 3071 3391 potestate
3119 3336 3237 3375 non
3284 3323 3395 3387 est,
3426 3321 3788 3391 permittitur

2134 3406 2303 3462 nobis
2333 3424 2467 3462 cum
2516 3406 2752 3474 dicitur,
2786 3409 3115 3464 irascimini.
3150 3409 3242 3464 Ira
3268 3425 3402 3464 vero
3436 3414 3579 3481 post
3627 3410 3784 3465 illum

2134 3501 2383 3563 motum,
2416 3499 2697 3568 tanquam
2727 3512 2898 3569 grave
2929 3501 3230 3569 peccatum
3262 3497 3635 3570 prohibetur,
3659 3517 3787 3554 cum

2134 3585 2368 3655 dicitur,
2393 3586 2563 3642 nolite
2586 3602 2830 3657 peccare.
2863 3586 2974 3653 Sol,
3007 3586 3219 3659 inquit,
3250 3604 3359 3643 non
3388 3588 3609 3644 occidat
3634 3606 3791 3661 super

2134 3673 2482 3730 iracundiam
2530 3683 2784 3730 vestram.
2820 3674 2936 3730 Hoc
2963 3674 3052 3730 vel
3101 3676 3176 3730 ad
3234 3674 3497 3731 litteram
3559 3676 3793 3749 legitur,

2135 3765 2201 3818 ut
2228 3762 2451 3818 scilicet
2480 3767 2599 3818 tam
2632 3763 2821 3820 brevis
2851 3762 2927 3818 sit
2977 3762 3066 3818 ira
3112 3765 3266 3836 quod
3298 3782 3490 3837 usque
3520 3766 3602 3821 ad
3634 3783 3791 3822 occa-

2135 3868 2268 3908 sum
2297 3849 2440 3906 solis
2486 3868 2601 3906 non
2642 3852 2935 3924 perduret.
2971 3851 3135 3908 Unde
3166 3852 3226 3907 in
3254 3852 3403 3908 Vitis
3438 3852 3683 3909 Patrum
3714 3854 3793 3911 le-

2135 3941 2331 4014 gimus
2361 3940 2432 3996 de
2463 3940 2713 4009 duobus,
2749 3957 3001 4013 quorum
3045 3941 3294 3997 alterum
3345 3940 3434 3998 sol
3484 3959 3791 4014 nunquam

2133 4029 2357 4087 viderat
2376 4028 2746 4098 irascentem,
2766 4028 3021 4085 alterum
3055 4047 3359 4103 nunquam
3384 4030 3619 4086 viderat
3642 4048 3797 4086 com-

2135 4119 2424 4175 edentem.
2454 4117 2557 4174 Vel
2607 4117 2716 4187 sol,
2749 4120 2809 4174 id
2853 4122 2943 4175 est
2970 4118 3228 4175 charitas
3256 4119 3355 4174 Dei
3404 4123 3467 4175 et
3514 4121 3791 4191 proximi,

2135 4225 2251 4263 non
2273 4208 2498 4263 occidat
2516 4208 2577 4261 in
2596 4207 2871 4263 cordibus
2890 4207 3120 4275 vestris,
3145 4212 3383 4281 propter
3402 4207 3657 4264 nimiam
3679 4209 3795 4264 ira-

2136 4296 2434 4361 cundiam,
2460 4299 2526 4350 ut
2566 4295 2790 4352 scilicet
2832 4296 2914 4351 ita
2959 4295 3285 4353 irascamur
3331 4300 3537 4352 contra
3580 4298 3795 4352 vitium

2136 4384 2524 4456 fratris,quod
2546 4384 2889 4463 charitatem
2936 4386 3064 4457 ejus
3113 4390 3334 4441 naturae
3377 4386 3643 4442 debitam
3674 4404 3795 4443 non

375 4476 578 4534 subdit
610 4493 623 4531 :
656 4477 972 4547 Loquimini
1018 4477 1301 4535 veritatem
1330 4475 1704 4546 unusquisque
1731 4489 1855 4527 cum
1898 4488 2024 4544 pro-
2059 4495 2102 4560 Ι)
2134 4473 2651 4531 amittamus.Cum
2671 4474 2827 4530 enim
2853 4474 3224 4546 superatira,
3250 4473 3601 4530 charitatem
3636 4492 3797 4531 mea.

371 4569 524 4623 animo
553 4581 673 4632 suo,
704 4564 764 4620 id
795 4568 885 4621 est
916 4582 1049 4620 cum
1097 4562 1257 4619 omni
1304 4562 1559 4619 homine.
1593 4562 1821 4617 Veritas
1868 4560 2026 4617 enim

374 4660 464 4713 est
491 4672 627 4712 vera
655 4653 1003 4727 signiﬁcatio
1035 4653 1192 4709 vocis
1235 4669 1368 4708 cum
1400 4653 1515 4707 ﬁne
1561 4650 1776 4717 debito,
1810 4654 1867 4706 et
1893 4668 2029 4706 vera

376 4745 613 4819 quidem
644 4748 733 4799 est
772 4741 1140 4815 signiﬁcatio,
1165 4742 1399 4814 quando
1431 4741 1586 4813 quod
1632 4741 1804 4796 corde
1833 4740 2026 4795 conci-

376 4835 553 4907 pitur,
577 4849 714 4889 voce
758 4832 1145 4903 signiﬁcatur,
1169 4829 1697 4902 quomodocumque
1729 4846 1789 4885 se
1818 4829 2029 4884 haheat

377 4941 490 4979 res.
516 4923 655 4978 Inde
685 4925 773 4978 est
803 4922 957 4994 quod
992 4919 1227 4987 Paulus,
1252 4919 1489 4991 quando
1521 4918 1792 4991 promisit
1810 4936 1880 4985 ,so
1912 4918 2026 4973 itu-

378 5027 509 5066 rum
542 5011 613 5066 ad
643 5010 989 5077 Corinthios,
1014 5009 1155 5081 quia
1186 5012 1250 5064 ut
1290 5013 1484 5062 mente
1526 5007 1797 5074 habebat,
1830 5007 1914 5062 ita
1944 5006 2027 5062 lo-

379 5103 550 5154 cutus
580 5104 902 5167 est,verum
936 5098 1097 5166 dixit,
1127 5096 1374 5169 quamvis
1405 5112 1521 5152 non
1552 5094 1738 5150 iverit.
1762 5096 1832 5151 Et
1857 5112 2027 5151 econ-

378 5192 489 5255 tra,
504 5186 552 5243 si
576 5184 707 5258 quis
725 5186 878 5242 dicat
900 5192 1100 5244 contra
1122 5190 1374 5243 mentem
1392 5202 1454 5241 se
1470 5183 1690 5257 aliquid
1709 5185 2025 5254 facturum,

381 5281 439 5333 et
468 5280 599 5350 post
629 5273 773 5329 illud
802 5275 993 5339 iaciat,
1017 5281 1213 5331 tamen
1236 5274 1376 5348 quia
1401 5278 1603 5329 contra
1633 5273 1690 5329 id
1724 5275 1877 5346 quod
1903 5291 2032 5330 sen-

380 5366 561 5424 tiebat
612 5363 776 5433 dixit,
811 5364 1091 5421 mentitus
1141 5369 1249 5422 est.
1283 5364 1342 5422 Si
1373 5367 1569 5421 autem
1599 5366 1655 5421 et
1685 5363 1843 5438 quod
1901 5380 2029 5421 sen-

453 5544 565 5631 (62)
594 5541 725 5602 Vid.
759 5544 881 5603 not.
913 5541 1004 5601 61.

2134 4564 2212 4620 tis
2241 4563 2563 4636 perturbat,
2586 4565 2651 4618 ut
2670 4563 2799 4635 jam
2828 4580 2942 4620 non
2974 4563 3161 4634 possit
3178 4563 3509 4619 discernere
3532 4565 3681 4636 quid
3706 4565 3801 4620 de-

2135 4651 2451 4709 ceat.Unde
2476 4656 2665 4724 poeta,
2686 4674 2713 4701 ‹‹
2740 4653 2847 4720 Ira,
2868 4651 3284 4724 inquit,brevis
3311 4652 3475 4707 furor
3494 4659 3590 4707 est
3612 4654 3751 4722 {6'2};
3772 4676 3799 4702 η

2135 4746 2192 4799 et
2222 4742 2517 4809 Salomon,
2554 4741 2663 4807 Ira,
2696 4740 2906 4812 inquit,
2932 4740 3355 4811 virijustitiam
3378 4742 3475 4797 Dei
3502 4758 3626 4797 non
3657 4758 3801 4814 ope-

2136 4836 2300 4887 ratur
2329 4833 2510 4899 (Prov.
2541 4829 2678 4900 xxr).
2713 4829 2931 4885 Litotes
2968 4833 3077 4897 est,
3114 4830 3173 4884 id
3203 4834 3294 4886 est
3321 4835 3605 4901 operatur
3632 4830 3807 4902 inju~

2137 4920 2377 4976 stitiam.
2411 4920 2535 4974 Non
2569 4919 2725 4973 enim
2758 4918 2915 4977 novit
2953 4920 3114 4991 juste
3155 4918 3424 4990 judicare
3475 4935 3654 4991 quem
3715 4922 3809 4976 ira

2137 5009 2464 5064 conturbat.
2490 5008 2797 5079 Propterea
2826 5024 2961 5062 cum
2986 5006 3350 5062 Theodosius
3378 5006 3717 5079 imperator
3738 5027 3809 5065 ex

2136 5097 2358 5170 impetu
2380 5096 2497 5162 irae,
2514 5096 2827 5168 plusquam
2850 5096 3047 5152 decem
3067 5096 3253 5151 millia
3272 5095 3587 5153 hominum
3612 5099 3809 5154 occidi

2128 5187 2431 5260 jussisset,
2466 5184 2855 5258 reprehensus
2885 5202 2916 5240 a
2948 5185 3115 5240 beato
3148 5185 3482 5251 Ambrosio,
3516 5186 3685 5241 dedit
3715 5186 3809 5243 le-

2136 5292 2270 5350 gem
2301 5280 2367 5331 ut
2396 5275 2465 5331 de
2497 5280 2702 5331 caetero
2743 5291 2877 5330 cum
2918 5274 3239 5346 imperator
3266 5274 3357 5330 vel
3379 5276 3563 5348 judex
3595 5282 3814 5333 contra

2137 5365 2393 5441 aliquem
2416 5381 2583 5422 reum
2600 5367 2752 5422 esset
2768 5366 3117 5433 commotus,
3133 5380 3252 5420 non
3271 5363 3474 5422 statim
3488 5380 3630 5422 eum
3646 5366 3816 5440 judi-
