3974 6076
119 295 294 357 2089

121 523 194 574 ut
227 519 534 592 mitigatus
563 518 1048 591 animusjudicis,
1080 525 1220 576 tunc
1245 520 1454 576 melius
1483 521 1790 593 possetju-

123 609 351 664 dicare.
383 607 607 676 Nolite,
631 608 842 681 inquit,
881 609 1072 665 locum
1095 611 1243 666 dare
1265 610 1535 666 diabolo.
1561 610 1668 674 Qui
1689 611 1790 666 dat

119 697 326 754 locum
359 701 592 770 peccato
619 699 720 753 dat
748 698 939 753 locum
963 697 1214 755 diabolo.
1251 700 1413 755 Sicut
1443 698 1542 772 qui
1575 699 1674 754 dat
1704 699 1789 754 lo-

16 819 20 822 -
120 803 267 842 cum
299 773 522 856 virtuti,
558 787 658 843 dat
689 787 881 843 locum
904 788 1146 860 Spiritui
1169 793 1390 845 sancto.
1423 772 1786 844 Vetustatem

119 875 324 948 operis
347 893 454 932 nos
477 875 736 948 praecipit
767 877 1075 949 Apostolus
1097 878 1188 950 ahj
1199 877 1346 934 icere
1376 894 1511 934 cum
1545 878 1746 933 subdit
1769 895 1782 932 :

16 969 18 972 ’
118 969 245 1036 Qui
269 966 610 1037 furabatur,
617 970 757 1037 jam
788 984 904 1022 non
933 966 1189 1040 furetur,
1216 983 1318 1038 per
1339 968 1558 1022 furtum
1580 965 1787 1022 intelli-

118 1070 272 1127 gens
323 1059 380 1110 et
430 1053 722 1127 rapinam,
768 1061 825 1111 et
863 1054 1088 1125 dolum,
1122 1060 1179 1111 et
1229 1058 1418 1112 fmnus
1449 1060 1506 1111 et
1550 1071 1785 1112 omnem

119 1144 509 1200 exactionem.
543 1144 623 1200 De
649 1143 868 1216 quibus
899 1144 1054 1200 idem
1087 1145 1254 1201 alibi:
1284 1150 1364 1210 Ne
1393 1146 1524 1218 quis
1545 1146 1788 1200 circum-

117 1234 329 1288 veniat
352 1232 448 1288 vel
465 1234 969 1306 supergrediatur
983 1235 1046 1289 in
1072 1235 1306 1306 negotio
1321 1233 1570 1308 fratrem
1595 1250 1784 1305 suum,

119 1323 411 1395 quoniam
431 1323 646 1377 vindex
664 1327 746 1377 est
772 1324 1054 1378 Dominus
1076 1339 1278 1378 eorum
1297 1325 1399 1395 qui
1416 1321 1581 1378 talia
1600 1331 1788 1396 agunt

121 1413 174 1480 (I
193 1415 384 1467 Thess.
415 1413 512 1475 IV).
541 1410 600 1466 Si
617 1411 797 1478 enim,
821 1410 1030 1467 fratres
1053 1411 1188 1479 mei,
1215 1412 1529 1468 damnatur
1549 1413 1649 1484 qui
1669 1429 1784 1467 non

122 1500 230 1556 dat
280 1498 538 1572 propria,
591 1497 730 1571 quid
763 1499 861 1554 fiet
892 1501 962 1556 de
1009 1500 1092 1556 eis
1124 1501 1225 1572 qui
1273 1501 1508 1573 rapiunt
1548 1500 1787 1556 aliena?

121 1588 454 1645 Novitatem
486 1603 622 1644 vero
654 1589 846 1660 operis
868 1606 974 1645 nos
1002 1590 1266 1662 praecipit
1295 1605 1614 1658 assumere,
1649 1606 1783 1644 cum

122 1677 366 1734 subdit:
398 1679 586 1748 Magis
612 1683 810 1733 autem
835 1677 1068 1734 laboret
1099 1681 1484 1752 unusquisque
1513 1680 1787 1734 manibus

119 1769 249 1822 suis
260 1767 410 1839 quod
422 1767 634 1822 bonum
645 1766 811 1837 est,id
827 1772 914 1822 est
926 1766 1291 1823 honestatem
1305 1772 1360 1823 et
1373 1768 1574 1823 utilem
1589 1784 1787 1839 opera-
1812 1808 1861 1874 Β

123 1855 368 1923 tionem,
401 1871 506 1927 per
536 1855 690 1926 quod
723 1855 935 1928 accipit
981 1855 1283 1928 quodlibet
1326 1861 1512 1930 genus
1543 1856 1782 1924 laboris,

119 1943 213 2001 vel
247 1943 392 2000 artis
421 1944 696 2011 honestae,
719 1948 784 2000 ut
813 1944 1255 2018 agriculturam,
1278 1945 1584 2014 sutoriam,
1607 1945 1785 2002 fabri-

125 2032 265 2104 lem,
299 2037 357 2088 et
385 2037 623 2090 caateras
662 2033 1004 2104 hujusmodi
1037 2039 1212 2100 artes,
1247 2035 1319 2090 de
1348 2035 1564 2106 quibus
1595 2038 1786 2106 potest

127 2121 348 2194 aliquis
369 2122 482 2178 sibi
514 2125 570 2178 et
601 2121 732 2178 allis
763 2121 1005 2178 honeste
1025 2123 1344 2195 providere.
1369 2123 1552 2189 Quod,
1577 2124 1785 2178 fratres

130 2211 274 2279 mei,
305 2215 508 2266 contra
536 2211 825 2283 quosdam
873 2216 982 2278 est,
1013 2211 1112 2282 qui
1146 2211 1327 2268 otiose
1358 2216 1416 2268 et
1446 2212 1673 2268 curiose
1700 2211 1785 2266 vi—

129 2303 353 2364 ventes,
406 2299 478 2353 ad
530 2315 742 2354 manus
773 2314 1004 2370 semper
1045 2298 1365 2370 respiciunt
1392 2300 1636 2366 alienas,
1669 2316 1783 2356 non

133 2387 503 2443 attendentes
525 2403 587 2442 se
631 2387 800 2458 plura
828 2387 964 2442 inde
1008 2387 1147 2443 vitia
1176 2388 1492 2456 incurrere,
1519 2387 1788 2445 videlicet

134 2475 382 2532 otiosam
414 2475 699 2531 desidiam
729 2480 788 2531 et
833 2476 1288 2534 inexcusabilem
1327 2478 1784 2546 mendicitatem,

131 2566 367 2637 turpem
385 2564 814 2637 impudentiam
837 2569 1012 2638 atque
1033 2565 1290 2622 debitam
1313 2567 1637 2622 alienorum
1661 2583 1786 2640 pec-

133 2657 398 2709 catorum
454 2653 976 2726 supportationem.
1029 2655 1241 2711 Contra
1286 2672 1436 2728 quos
1473 2655 1787 2727 Apostolus

133 2742 244 2798 ait:
279 2744 396 2811 Qui
421 2758 536 2797 non
570 2741 829 2810 laborat,
856 2759 974 2798 non
1001 2746 1320 2800 manducet
1349 2748 1427 2813 (II
1459 2746 1647 2801 Thess.
1678 2749 1782 2812 111):

132 2833 189 2886 et
218 2829 310 2886 lex
338 2830 758 2902 imperatorum
792 2831 1054 2903 praecipit
1085 2836 1151 2887 ut
1179 2832 1357 2888 fortes
1387 2832 1787 2890 mendicantes

133 2919 400 2976 servituti
474 2918 901 2991 mancipentur.
962 2921 1321 2989 Econtrario,
1383 2923 1591 2978 fratres
1647 2921 1783 2988 mei,

133 3024 313 3080 quam
345 3008 629 3065 honestus
661 3013 750 3064 est
775 3009 987 3066 modus
1012 3009 1240 3065 vivendi
1273 3009 1470 3066 labore
1502 3011 1784 3077 manuali,

134 3096 182 3153 si
207 3098 367 3168 juste
409 3097 511 3152 ﬁat
539 3101 598 3153 et
627 3100 784 3152 recta
813 3097 1134 3154 intentione
1165 3102 1222 3153 et
1251 3115 1384 3154 cum
1418 3099 1604 3155 multa
1634 3100 1786 3155 bona

133 3186 346 3242 habeat
374 3186 432 3241 in
466 3203 526 3242 se
554 3186 566 3241 !
617 3185 832 3255 Primo,
865 3187 1006 3259 quia
1035 3188 1107 3242 de
1157 3205 1262 3243 suo
1281 3189 1444 3259 justo
1475 3188 1672 3244 labore
1701 3189 1784 3244 vi-
1813 3173 1856 3242 Ο

131 3276 251 3343 vit;
284 3277 560 3343 secundo,
603 3276 743 3347 quia
773 3275 1000 3332 debitas
1030 3276 1372 3345 oblationes,
1406 3279 1476 3333 de
1509 3295 1636 3343 suo,
1671 3277 1786 3334 Deo

136 3365 362 3432 reddit;
418 3364 608 3431 tertio,
654 3365 793 3436 quia
845 3363 1043 3433 habet,
1100 3367 1254 3421 unde
1310 3368 1498 3438 possit
1553 3371 1788 3438 peccata

134 3453 420 3509 redimere
443 3455 682 3525 ;quarto
705 3453 864 3524 quia,
875 3453 1046 3523 juxta
1067 3455 1221 3525 quod
1241 3453 1474 3520 dicitur,
1496 3454 1591 3509 hic
1615 3454 1788 3510 habet

136 3543 289 3598 unde
328 3541 547 3598 tribuat
595 3541 1003 3598 necessitatem
1053 3539 1319 3614 patienti.
1379 3543 1537 3598 Hanc
1585 3543 1784 3615 igitur,

135 3631 342 3687 fratres
391 3629 748 3697 charissimi,
799 3629 1086 3702 triplicem
1118 3631 1258 3697 oris,
1292 3631 1486 3687 cordis
1511 3635 1568 3687 et
1597 3631 1788 3704 operis

135 3719 449 3775 novitatem
480 3719 694 3776 habere
715 3721 1090 3776 studeamus:
1118 3725 1186 3776 ut
1201 3720 1330 3776 novi
1354 3719 1612 3776 hominis
1629 3721 1790 3776 Chri-

137 3808 210 3864 sti
241 3825 389 3864 nova
428 3809 694 3864 membra
747 3824 874 3865 esse
927 3825 1278 3876 mereamur,
1311 3809 1437 3882 ipso
1483 3808 1786 3882 largiente,

139 3897 404 3969 quicum
463 3902 636 3954 Patre
683 3901 740 3953 et
787 3898 1009 3971 Spiritu
1059 3903 1260 3955 sancto
1297 3899 1435 3954 vivit
1481 3904 1534 3954 et
1586 3903 1792 3972 regnat

141 3985 293 4043 Deus
322 4003 426 4060 per
455 3985 654 4043 omnia
684 3987 898 4044 saecula
917 3987 1288 4044 saeculorum.
1320 3989 1524 4043 Amen.

722 4093 1028 4148 HOMILIA
1065 4093 1204 4148 XLI.

317 4161 603 4218 DOMINICA
632 4179 843 4222 DECIMA
871 4180 1024 4218 NONA
1062 4180 1201 4220 pos'r
1229 4165 1608 4220 TRINITATEM.

208 4250 510 4306 Ascendens
530 4252 690 4307 Iesus
709 4251 770 4306 iu
781 4251 1137 4321 naviculam,
1162 4255 1595 4325 transfretavit,
1615 4264 1672 4311 et
1695 4270 1790 4310 ve-

139 4340 223 4394 nit
250 4341 314 4394 in
343 4340 650 4396 civitatem
689 4357 880 4409 suam.
907 4313 1135 4413 (Matth:
1164 4343 1263 4413 Ix).
1309 4313 1485 4399 iuxta
1513 4313 1789 4411 litteram,

145 4429 351 4484 fratres
381 4428 736 4498 charissimi,
773 4431 1030 4487 ostendit
1058 4431 1344 4488 Dominus
1374 4432 1433 4486 in
1465 4433 1572 4488 hac
1603 4434 1791 4490 sancti

677 345 680 348 .
781 297 1134 360 HOMILLE
1177 299 1255 359 ΙΝ
1302 298 1552 360 EPIST.
1600 301 1699 360 ET
1743 299 2038 361 EVANG.
2087 301 2433 363 DOMINlC.
2473 334 2548 348 —-
2580 304 2782 364 PARS
2828 303 2905 364 Ιῐ.

16 461 22 480 .~
119 434 309 497 caret,
343 431 444 485 sed
477 445 579 502 per
606 429 849 503 triginta
884 431 1009 488 dies
1037 437 1192 488 esset
1222 449 1355 488 reus
1387 432 1447 487 in
1497 432 1784 500 custodia,
1817 432 1870 498 Α
1901 435 2178 506 quoniam
2211 437 2329 490 tam
2361 435 2433 490 de
2484 433 2784 491 divinitate
2813 450 2993 508 quam
3025 434 3391 495 humanitate
3419 439 3548 511 ejus

3387 303 3550 369 2090

1897 541 2131 580 eramus
2158 524 2504 591 instruendi,
2529 542 2684 580 nunc
2705 541 2882 596 super
2903 541 3088 596 aquas
3105 526 3266 582 vadit
3283 531 3350 582 ut
3368 528 3543 595 Deus,

1897 630 2054 670 nunc
2083 630 2227 670 nove
2256 615 2597 670 transfretat
2615 617 2682 668 ut
2701 613 2896 682 homo,
2929 631 3087 670 nunc
3117 615 3188 670 de
3216 615 3420 687 paucis
3449 635 3546 690 pa-

1897 703 2072 759 nibus
2105 701 2293 758 multa
2336 701 2522 758 millia
2569 702 2756 775 pascit
2785 706 2850 757 ut
2877 703 3052 771 Deus,
3092 719 3249 760 nunc
3278 705 3463 770 esurit
3489 710 3548 762 et

1897 791 2025 846 sitit
2044 794 2111 846 ut
2142 790 2336 856 homo,
2368 807 2524 846 nunc
2556 789 2702 846 alios
2728 794 2896 846 sanat
2917 795 2982 846 ut
3007 791 3181 860 Deus,
3216 809 3372 849 nunc
3401 794 3547 866 pati—

1893 884 1992 936 tur
2021 884 2086 936 ut
2115 880 2310 936 homo.
2345 883 2556 935 Veram
2575 896 2709 936 vero
2740 896 2803 935 se
2832 880 3046 936 habere
3067 880 3428 937 divinitatem
3451 881 3547 939 hic

1895 970 2259 1025 demonstrat
2287 969 2348 1024 in
2380 973 2660 1041 quatuor:
2696 968 2888 1024 Primo
2923 968 2980 1024 in
3014 968 3256 1026 alterius
3283 970 3417 1026 ﬁdei
3449 987 3546 1027 co-

1894 1058 2178 1132 gnitione.
2229 1058 2390 1114 Unde
2436 1062 2492 1113 et
2540 1057 2634 1113 hic
2684 1057 2917 1125 dicitur,
2966 1058 3154 1114 videns
3194 1061 3347 1116 Iesus
3386 1061 3547 1131 ﬁdem

1893 1149 2140 1204 illorum.
2177 1148 2419 1204 Possent
2449 1145 2684 1219 quidem
2709 1163 2825 1202 non
2856 1163 2925 1203 ex
2963 1147 3096 1213 fide,
3129 1147 3232 1204 sed
3263 1147 3458 1220 potius
3477 1167 3547 1206 ex

1893 1237 2216 1293 tentatione
2264 1241 2322 1292 et
2363 1235 2652 1292 derisione
2696 1235 2747 1291 ei
2791 1235 3177 1309 paralyticum
3217 1239 3544 1294 curandum

1893 1327 2118 1395 offerre,
2141 1327 2242 1383 sed
2270 1325 2608 1392 Dominum,
2634 1325 2732 1398 qui
2755 1329 3054 1382 scrutatur
3074 1342 3242 1382 renes
3263 1330 3318 1382 et
3348 1327 3542 1396 corda,

1894 1415 2091 1470 fallere
2124 1432 2237 1470 non
2270 1417 2605 1486 potuerunt.
2643 1414 2931 1479 Secundo,
2965 1413 3026 1468 in
3057 1418 3427 1487 peccatorum
3455 1413 3545 1471 di-

1895 1503 2208 1562 missione:
2260 1503 2418 1559 unde
2447 1507 2506 1558 et
2552 1503 2720 1558 dicit:
2774 1502 3010 1574 Con-ﬁde,
3041 1504 3146 1574 ﬁli,
3192 1503 3548 1561 dimittuntur

1893 1596 1998 1649 tibi
2020 1601 2238 1665 peccata
2288 1601 2402 1649 tua.
2451 1591 2559 1648 Ubi
2612 1593 2937 1649 notandum
2994 1597 3103 1662 est,
3164 1593 3374 1650 fratres
3406 1592 3542 1662 mei,

1893 1683 2171 1755 quoniam
2205 1699 2321 1738 non
2353 1681 2434 1738 ait
2475 1680 2849 1754 evangelista,
2873 1681 3078 1738 videns
3107 1683 3283 1738 ﬁnem
3315 1682 3545 1756 paraly-

1891 1771 2014 1838 tici,
2046 1773 2146 1827 sed
2176 1771 2351 1826 fidem
2383 1770 2619 1826 illorum
2651 1770 2752 1842 qui
2785 1787 2918 1826 eum
2951 1771 3287 1828 offerebant.
3319 1771 3376 1827 Si
3408 1787 3545 1846 ergo

1895 1865 2125 1917 tantum
2153 1859 2338 1916 valuit
2384 1859 2700 1932 paralytico
2732 1859 2878 1916 ﬁdes
2924 1859 3135 1928 aliena,
3167 1864 3234 1916 ut
3263 1865 3458 1918 mente
3488 1849 3548 1918 et

1895 1967 2134 2024 corpore
2180 1955 2504 2018 sanaretur,
2555 1953 2840 2021 quantum
2887 1949 3107 2020 putatis
3133 1949 3286 2007 valet
3314 1950 3545 2007 unicui-

1895 2057 2007 2114 que
2039 2041 2184 2096 ﬁdes
2205 2038 2476 2112 propria?
2506 2038 2615 2094 Sed
2657 2038 2855 2094 dices:
2887 2038 3164 2111 Nunquid
3196 2038 3421 2095 homini
3451 2038 3542 2096 in-

1894 2127 2052 2184 ﬁdeli
2102 2127 2371 2182 Christus
2419 2129 2656 2198 peccata
2694 2126 2964 2182 dimisit?
2991 2127 3396 2200 Nequaquam.
3429 2127 3542 2184 Sed

1893 2216 2180 2274 Dominus
2211 2217 2446 2288 propter
2476 2214 2652 2270 ﬁdem
2683 2215 3072 2284 offerentium,
3104 2217 3281 2272 ﬁdem
3313 2215 3540 2291 paraly-

1893 2307 2008 2362 tico
2038 2304 2362 2376 inspiravit,
2381 2307 2445 2358 et
2474 2303 2554 2358 ita
2575 2304 2831 2359 credenti
2863 2307 3101 2376 peccata
3130 2304 3374 2362 dimisit.
3402 2307 3543 2362 Ter-

1894 2396 1975 2451 tio
2006 2412 2068 2450 se
2085 2397 2278 2450 veram
2311 2392 2674 2448 divinitatem
2698 2393 2956 2448 ostendit
2977 2393 3210 2463 habere,
3234 2395 3295 2449 in
3331 2393 3544 2452 aliena-

1896 2502 2026 2540 rum
2077 2483 2497 2556 cogitationum
2546 2481 2894 2555 cognitione.
2950 2482 3112 2539 Unde
3137 2482 3362 2540 Scribis
3389 2484 3546 2541 intra

1895 2590 1958 2632 se
1987 2573 2318 2630 dicentibus
2345 2587 2358 2627 :
2392 2573 2491 2627 Hic
2521 2573 2873 2644 btasphemat,
2905 2571 3076 2628 dixit:
3131 2573 3196 2630 Ut
3220 2573 3363 2644 quid
3390 2574 3544 2643 cogi-

1895 2666 2024 2720 tatis
2052 2662 2203 2717 mala
2233 2663 2296 2716 in
2325 2660 2573 2716 cordibus
2621 2663 2848 2716 vestris?
2879 2660 3062 2732 (Marc.
3094 2663 3183 2729 Π.)
3215 2662 3450 2730 Quarto,
3479 2661 3544 2717 in

1895 2751 2198 2824 paralytici
2251 2766 2354 2820 per
2409 2748 2601 2804 solum
2649 2749 2962 2821 imperium
3020 2749 3336 2806 curatione.
3397 2749 3548 2806 Sunt

1895 2839 2077 2906 enim,
2125 2839 2331 2893 fratres
2385 2837 2521 2904 mei,
2575 2836 2670 2892 hic
2715 2841 2984 2910 quatuor,
3017 2836 3240 2894 scilicet
3293 2837 3546 2911 cognitio

1896 2927 2138 2984 alterius
2188 2926 2341 2990 fidei,
2375 2929 2746 2998 peccatorum
2778 2926 3068 2994 dimissio,
3095 2925 3423 2983 alienarum
3451 2942 3546 2984 co-

1895 3015 2241 3090 gitationum
2287 3014 2595 3087 inspectio,
2629 3013 2752 3071 solo
2783 3019 2931 3071 nutu
2965 3016 3118 3071 facta
3141 3015 3370 3072 sanatio
3411 3031 3546 3088 pro-

1896 3105 2024 3180 pria
2052 3104 2234 3160 solius
2263 3103 2385 3159 Dei.
2428 3106 2563 3170 Quae
2592 3108 2788 3159 tamen
2819 3120 2924 3176 per
2952 3103 3274 3173 ministros,
3307 3104 3543 3176 quando

1893 3194 2039 3262 vult,
2075 3197 2140 3248 ut
2187 3197 2390 3249 auctor
2436 3195 2728 3263 operatur.
2759 3192 2867 3248 Sed
2900 3191 3178 3264 quoniam
3210 3191 3402 3265 prima
3428 3192 3544 3250 tria

1894 3282 2265 3338 invisibiliter
2293 3285 2637 3352 operaturus
2685 3283 2828 3346 erat,
2863 3280 2991 3336 ideo
3022 3296 3125 3352 per
3153 3283 3428 3352 quartum
3459 3280 3540 3336 vi-

1895 3371 2064 3428 sibile
2095 3372 2328 3443 signum
2356 3387 2424 3425 ea
2444 3371 2772 3425 confirmat.
2793 3369 2955 3425 Unde
2985 3373 3041 3424 et
3063 3370 3239 3426 dixit:
3277 3372 3341 3428 Ut
3361 3379 3546 3428 autem

1893 3463 2079 3517 sciatis
2137 3460 2277 3532 quod
2333 3460 2508 3515 Filius
2539 3461 2646 3514 Dei
2694 3460 2975 3530 [hominis]
3035 3459 3195 3516 habet
3229 3468 3547 3532 potestatem

1896 3551 2134 3606 interra
2164 3549 2476 3604 dimittendi
2497 3556 2738 3620 peccata,
2771 3547 3054 3604 subaudis
3083 3552 3141 3604 et
3159 3549 3549 3622 cognoscendi

1897 3639 2071 3694 ﬁdem
2121 3642 2178 3694 et
2207 3635 2588 3710 cogitationes
2635 3637 2921 3705 cordium,
2953 3653 3086 3694 ecce
3113 3637 3280 3696 vobis
3309 3637 3420 3695 hoc
3445 3653 3551 3712 per

1893 3726 2123 3784 visibile
2156 3726 2391 3800 signum
2424 3727 2780 3782 demonstro.
2812 3725 2976 3782 Unde
3004 3729 3061 3782 et
3089 3726 3290 3784 subdit
3309 3743 3550 3802 evange-

1897 3816 2069 3873 lista:
2109 3818 2254 3872 Tunc
2281 3817 2362 3871 ait
2385 3815 2697 3888 paratytico
2717 3833 2736 3872 :
2763 3818 2961 3888 Surge,
2991 3816 3120 3873 tolle
3149 3816 3346 3873 lectum
3373 3823 3548 3886 tuum,

1897 3915 1950 3964 et
1976 3905 2111 3961 vade
2140 3907 2202 3960 in
2249 3905 2470 3961 domum
2513 3913 2683 3960 tuam.
2715 3905 2780 3960 Et
2807 3907 3056 3962 surrexit
3102 3913 3152 3962 et
3179 3907 3321 3963 abiit
3363 3907 3428 3962 in
3455 3905 3553 3963 do-

1896 4011 2051 4050 mum
2095 4010 2270 4049 suam.
2324 3993 2502 4049 Juxta
2531 3991 2919 4064 tropologiam
2975 4009 3110 4049 vero
3156 3993 3462 4050 erudimur
3487 3992 3550 4050 in

1899 4083 2009 4139 hac
2039 4081 2286 4138 lectione
2316 4081 2376 4136 in
2427 4085 2697 4153 quatuor.
2732 4081 2926 4138 Primo
2973 4080 3131 4137 enim
3161 4081 3224 4137 in
3254 4081 3367 4138 hoc
3394 4082 3550 4154 quod

1899 4170 2184 4228 Dominus
2217 4187 2421 4226 navem
2454 4171 2777 4226 ascendens
2798 4169 3194 4226 transfretavit
3221 4175 3280 4226 et
3305 4170 3464 4228 venit
3490 4169 3552 4226 in

1901 4260 2189 4317 civitatem
2219 4275 2411 4328 suam,
2433 4258 2739 4314 erudimur
2758 4258 3022 4332 exemplo
3039 4260 3169 4330 ejus
3187 4263 3256 4315 ut
3284 4275 3392 4316 nos
3411 4273 3554 4332 quo-

1901 4365 2014 4422 que
2047 4347 2375 4405 naviculam
2400 4347 2788 4404 ascendamus
2813 4348 2958 4404 etab
2981 4347 3158 4420 hujus
3180 4349 3387 4404 mundi
3407 4348 3556 4406 exsi-

1900 4437 1978 4494 lio
2009 4438 2078 4493 ad
2112 4442 2386 4494 aeternam
2419 4435 2888 4493 transfretemus.
2921 4435 3201 4494 Navicula
3229 4437 3446 4510 quippe
3475 4436 3556 4492 si-

139 4515 431 4609 Evangelii
457 4516 710 4609 lectione
743 4535 805 4576 se
836 4524 893 4575 et
920 4536 1115 4576 veram
1145 4521 1574 4577 humanitatem
1609 4526 1667 4578 et
1695 4539 1792 4579 ve-
1821 4543 1869 4609 Ι)
1901 4526 2142 4601 gniﬁcat
2171 4529 2433 4582 sanctam
2487 4523 2827 4593 Ecclesiam,
2858 4543 3010 4598 quae,
3059 4525 3327 4598 quamvis
3355 4524 3418 4581 in
3447 4524 3557 4582 hoc

141 4622 262 4660 ram
293 4605 654 4662 divinitatem
677 4608 908 4665 habere.
943 4611 1012 4665 Et
1040 4627 1238 4666 veram
1260 4611 1496 4682 quidem
1516 4611 1792 4668 humani-

141 4697 316 4750 tatem
367 4711 430 4751 se
462 4695 677 4753 habere
709 4697 1091 4770 demonstrat,
1123 4700 1266 4754 dum
1300 4717 1460 4755 more
1486 4699 1795 4756 hominum

143 4799 342 4839 navem
375 4785 640 4840 ascendit
667 4789 724 4840 et
752 4788 1113 4854 transfretat,
1145 4793 1202 4844 et
1222 4788 1472 4860 patriam
1501 4793 1795 4845 terrenam

144 4870 352 4928 visitat.
387 4874 590 4930 Posset
619 4875 858 4947 quidem
891 4877 1261 4949 omnipotens
1292 4881 1347 4933 et
1380 4894 1652 4934 summus
1684 4879 1794 4934 Do-

145 4959 358 5026 minus,
393 4966 460 5018 ut
489 4967 622 5035 pote
653 4965 747 5020 cui
793 4964 1066 5022 universa
1095 4965 1458 5022 famulantur
1486 4966 1791 5036 elementa,

146 5063 303 5103 mare
349 5049 636 5122 divisisse,
669 5053 758 5110 vel
811 5071 988 5126 super
1029 5072 1233 5127 aquas,
1269 5055 1423 5110 sicut
1479 5055 1794 5129 aliquando

16 5131 38 5212 ﬂ
145 5135 296 5203 fecit,
329 5136 505 5194 siccis
535 5141 784 5211 pedibus
813 5142 1169 5210 ambulasse,
1204 5145 1303 5199 sed
1337 5149 1653 5218 assumpta:
1685 5145 1794 5200 hu-

35 5237 38 5240 '
146 5225 442 5281 manitatis
463 5244 598 5283 vera
613 5229 674 5285 in
705 5247 768 5287 se
791 5232 1194 5289 demonstrare
1223 5232 1407 5289 voluit
1427 5238 1794 5308 argumenta.

147 5312 287 5368 Cum
313 5313 469 5369 enim
505 5314 756 5389 legimus
778 5321 1073 5378 Christum
1095 5322 1394 5390 esuriisse,
1415 5323 1653 5390 sitiisse,
1673 5323 1802 5378 fati-

147 5405 343 5474 gatum
375 5402 577 5474 fuisse,
601 5408 767 5464 navis
788 5411 1052 5468 vehiculo
1081 5410 1510 5480 transfretasse,
1547 5413 1797 5484 patriam

35 5503 40 5510 '
148 5494 205 5546 et
231 5496 499 5563 parentes
529 5493 828 5566 habuisse,
861 5501 1158 5557 credimus
1198 5517 1332 5557 eum
1375 5517 1507 5556 vere
1537 5505 1799 5557 nostram

148 5579 571 5639 humanitatem
601 5587 659 5639 et
687 5584 1090 5647 infirmitatem
1127 5589 1478 5665 suscepisse.
1513 5589 1798 5649 Caeterum

464 5709 732 5776 PATROL.
780 5713 950 5778 CLV.
1244 5697 1246 5700 ’

1902 4615 2114 4671 saeculo
2144 4613 2422 4686 malignis
2453 4613 2759 4686 spiritibus
2789 4613 3118 4681 infestetur,
3152 4613 3424 4686 quamvis
3451 4611 3556 4668 tri-

1905 4703 2273 4760 bulationum
2325 4701 2499 4758 undis
2550 4703 2940 4771 concutiatur,
2973 4701 3242 4776 quamvis
3270 4718 3427 4758 nunc
3455 4716 3562 4774 per

1905 4791 2350 4866 prosperitatem
2369 4791 2642 4858 elevetur,
2665 4808 2824 4848 nunc
2844 4809 2946 4865 per
2977 4791 3387 4848 adversitatem
3412 4805 3560 4864 pene

1907 4882 2340 4953 submergatur,
2393 4884 2610 4947 tamen,
2662 4882 2774 4936 Deo
2823 4885 3058 4954 regente
3089 4885 3146 4937 et
3175 4879 3397 4954 Spiritu
3422 4895 3561 4935 san-

1905 4975 1998 5028 cto
2029 4969 2383 5041 impellente,
2417 4987 2514 5025 eos
2546 4969 2646 5041 qui
2678 4969 2738 5024 in
2771 4987 2839 5027 ea
2869 4974 3008 5026 sunt
3039 4987 3142 5042 per
3171 4969 3305 5026 ﬁdei
3336 4972 3393 5026 et
3421 4967 3559 5024 cha-

1907 5059 2099 5115 ritatis
2131 5059 2416 5115 unitatem
2441 5060 2511 5114 ad
2531 5063 2765 5132 portum
2794 5059 3005 5116 salutis
3021 5063 3248 5114 aeterna
3267 5062 3562 5131 transpor-

1905 5152 2010 5203 tat.
2043 5147 2156 5204 Sed
2191 5147 2364 5219 (quod
2389 5147 2516 5203 sine
2546 5147 2769 5220 gemitu
2797 5148 2988 5204 dicere
3011 5164 3126 5204 non
3149 5147 3415 5220 possum)
3433 5145 3563 5219 plu-

1910 5254 2002 5293 res
2042 5241 2182 5292 sunt
2207 5235 2397 5304 hodie,
2433 5237 2531 5308 qui
2565 5253 2698 5292 cum
2731 5236 2792 5292 in
2824 5235 3081 5293 Ecclesia
3105 5237 3414 5294 videantur
3432 5250 3563 5293 esse

1910 5341 2175 5393 numero,
2209 5329 2372 5380 extra
2399 5329 2538 5381 sunt
2586 5326 2794 5381 merito
2844 5325 3061 5398 plures,
3093 5326 3195 5399 qui
3248 5325 3457 5384 nolunt
3483 5323 3559 5379 ad

1910 5413 2074 5470 illam
2123 5413 2376 5486 patriam
2431 5414 2982 5485 transfretare;sed
3041 5416 3237 5489 potius
3265 5414 3327 5470 in
3381 5411 3565 5484 hujus

1911 5504 2122 5560 mundi
2144 5503 2449 5577 naufragio
2481 5507 2682 5560 amant
2704 5520 2961 5574 manere,
2994 5508 3053 5561 et
3072 5504 3296 5562 nollent
3320 5515 3573 5575 praesen-

1908 5597 2026 5652 tem
2061 5593 2218 5651 ﬁniri
2249 5592 2698 5664 miseriam,.sed
2723 5609 2958 5672 semper
2983 5593 3081 5652 hic
3107 5591 3342 5650 durare.
3371 5589 3576 5650 Plures

3166 5715 3248 5780 66
