3974 6076
425 261 579 327 2091

433 394 608 450 etiam
640 393 741 465 qui
774 394 949 465 (quod
980 394 1217 467 gravius
1244 394 1360 465 est)
1399 394 1589 466 ipsam
1620 393 1890 450 Ecclesiae
1922 391 2079 447 navi-
2111 394 2163 458 Α

436 482 629 539 culam
661 498 777 554 qua
804 486 1044 554 possent
1060 483 1459 551 transfretare,
1484 483 1828 553 haeresibus,
1856 486 2088 539 conten-

436 572 720 639 tionibus,
751 570 1007 641 insidiis,
1038 576 1096 628 et
1124 572 1631 645 persecutionibus
1650 575 2089 645 persequuntur

437 666 494 716 et
522 660 819 729 scindunt,
851 664 929 727 et,
963 666 1248 732 quantum
1271 662 1329 716 in
1358 661 1504 734 ipsis
1526 666 1633 729 est,
1666 662 2081 734 submergunt;

438 749 540 806 sed
572 749 705 821 ipsi,
738 754 803 804 ut
832 766 1115 819 meruere,
1141 751 1622 824 submerguntur.
1656 749 1934 806 Navicula
1951 767 2085 807 vero

437 854 572 894 cum
604 838 876 894 ﬁdelibus
916 839 1042 896 suis
1089 840 1163 895 ad
1211 843 1446 912 portum
1496 839 1705 896 salutis
1736 839 2082 912 applicatur.

437 927 907 984 Transfretemus
957 942 1116 1001 ergo,
1167 928 1395 1000 fratres,
1435 946 1538 1002 spe
1586 933 1644 985 et
1688 929 1998 997 desiderio,
2031 932 2087 984 et

435 1016 751 1072 tendamus
798 1016 859 1071 in
909 1016 1200 1073 civitatem
1249 1023 1534 1085 nostram,
1567 1022 1825 1075 nostram
1860 1017 2082 1090 utique,

437 1105 737 1177 quoniam,
770 1109 837 1161 ut
864 1104 945 1162 ait
970 1106 1305 1178 Apostolus,
1335 1110 1459 1165 Jam
1485 1124 1596 1164 non
1634 1124 1823 1164 sumus
1851 1109 2086 1179 hospites

433 1201 487 1249 et
512 1194 758 1261 advenae,
788 1194 881 1251 sed
929 1211 1119 1251 sumus
1176 1196 1317 1252 cives
1371 1205 1682 1253 sanctorum
1711 1205 1764 1253 et
1805 1197 2089 1254 domestici

432 1282 534 1337 Dei
561 1283 774 1353 (Ephes.
809 1282 893 1354 ιι),
926 1283 1167 1341 heredes
1194 1285 1414 1357 quidem
1439 1285 1558 1352 Dei,
1579 1285 1879 1343 coha’redes
1906 1294 2087 1342 autem

438 1370 651 1427 Christi
681 1372 852 1443 (Rom.
883 1376 1030 1442 νιιι.)

507 1459 774 1517 Secundo
803 1477 958 1530 vero,
992 1462 1132 1534 quia
1159 1479 1277 1519 non
1299 1463 1489 1520 solum
1521 1463 1774 1520 salutem
1797 1468 2081 1534 nostram,

436 1547 539 1604 sed
568 1547 743 1605 etiam
788 1550 1187 1621 proximorum
1220 1568 1478 1624 quaerere
1507 1553 1810 1621 debemus,
1842 1553 2083 1610 instrui-

435 1652 572 1692 mur
598 1638 671 1693 ab
701 1637 787 1695 eis
816 1639 919 1711 qui
967 1639 1351 1713 paralyticum
1381 1641 1443 1697 in
1472 1641 1620 1697 lecto
1645 1643 1939 1714 jacentem
1972 1642 2083 1698 Do-

435 1725 596 1782 mino
626 1727 955 1783 sanandum
979 1729 1315 1799 offerebant,
1350 1734 1413 1785 ut
1442 1748 1548 1786 nos
1579 1748 1813 1803 quoque
1834 1730 2084 1788 inﬁrmis
2112 1764 2161 1830 Β

435 1813 555 1871 sive
573 1820 767 1897 mente
786 1816 906 1873 sive
925 1834 1164 1891 corpore
1178 1818 1625 1892 compatiamur,
1646 1823 1702 1876 et
1720 1836 1818 1876 eos
1839 1820 2083 1877 Domino

435 1905 731 1962 sanandos
760 1922 865 1979 per
908 1907 1230 1964 orationem
1259 1911 1316 1964 et
1360 1908 1716 1965 desiderium
1748 1910 2079 1967 offeramus.

436 1992 562 2049 Non
593 1994 783 2050 simus
813 1995 884 2051 de
910 2012 1155 2053 numero
1180 1996 1417 2053 illorum
1450 1999 1573 2070 qui,
1605 1998 1773 2070 quasi
1805 2000 1962 2056 saxei
1993 1999 2084 2056 vel

436 2081 607 2138 ferrei
636 2089 853 2152 essent,
886 2102 1065 2158 super
1084 2085 1426 2143 afflictiones
1454 2091 1512 2143 et
1539 2086 1769 2144 dolores
1798 2090 2084 2160 proximo-

434 2187 567 2226 rum
603 2171 763 2229 nulla
797 2174 1200 2246 compassione
1232 2180 1556 2245 moventur,
1589 2177 1689 2232 sed
1721 2178 1918 2248 potius
1950 2178 2079 2233 imi-

431 2261 627 2314 temur
655 2260 823 2316 illum
846 2263 917 2317 de
939 2280 1055 2335 quo
1075 2262 1392 2336 loquimur,
1411 2265 1615 2321 Jesum
1636 2265 1956 2335 Christum,
1981 2268 2079 2340 qui

424 2346 746 2405 visceribus
777 2350 1186 2409 misericordias
1231 2368 1462 2426 semper
1492 2353 1681 2410 afﬂuit
1710 2373 1888 2427 super
1916 2357 2079 2413 inﬁr-

422 2452 552 2492 mos
581 2442 638 2493 et
665 2443 1017 2509 peccatores,
1050 2440 1206 2496 sicut
1233 2442 1304 2497 de
1335 2459 1401 2498 eo
1431 2459 1536 2515 per
1565 2443 1909 2516 prophetam
1932 2445 2077 2502 dici-

420 2528 547 2580 tur:
588 2531 722 2583 Vere
778 2527 1067 2597 languores
1122 2538 1334 2586 nostros
1393 2533 1506 2603 ipse
1562 2533 1711 2600 tulit,
1756 2541 1807 2589 et
1857 2542 2078 2605 peccata

421 2622 607 2670 nostra
637 2616 751 2687 ipse
774 2619 1012 2688 portavit
1038 2620 1196 2687 (Isai.
1230 2619 1368 2691 Lm.)
1403 2619 1708 2677 Imitemur
1735 2622 1913 2678 etiam
1945 2623 2077 2680 imi-

420 2705 670 2759 tatorem
700 2704 829 2776 ejus
856 2704 1126 2774 Paulum,
1160 2707 1261 2779 qui
1293 2708 1364 2764 de
1396 2724 1460 2764 se
1485 2708 1669 2764 dixit:
1712 2715 1909 2768 Factus
1954 2730 2075 2769 sum

422 2791 662 2862 inﬁrmis
691 2793 968 2864 inﬁmus,
1000 2802 1064 2850 ut
1084 2811 1173 2852 eos
1222 2797 1601 2869 lucri/acerem
1639 2799 1689 2867 (Ι
1719 2798 1840 2855 Cor.
1874 2801 1974 2873 ix.)
2005 2803 2075 2858 Et

421 2878 591 2936 alibi:
628 2881 759 2950 Quis
803 2884 1140 2954 inﬁrmatur,
1173 2893 1225 2941 et
1259 2901 1354 2957 ego
1384 2902 1495 2943 non
1519 2887 1810 2959 inﬁrmor?
1837 2891 1921 2959 (11
1947 2890 2068 2946 Cor.

420 2967 505 3041 ιι.)
540 2970 733 3027 Tertio
755 2987 989 3043 quoque
1015 2972 1075 3029 in
1098 2973 1207 3030 hoc
1238 2974 1396 3046 quod
1416 2964 1701 3032 Dominus
1726 2977 1977 3050 respexit
1996 2980 2068 3035 ad

420 3056 598 3113 ﬁdem
628 3059 999 3117 offerentium
1031 3062 1438 3136 paralyticum,
1466 3064 1820 3122 instruimur
1841 3068 1994 3139 quod
2018 3067 2068 3125 si

416 3162 523 3218 pro
554 3148 725 3204 nobis
752 3153 809 3204 et
854 3148 986 3206 aliis
1032 3131 1431 3225 supplicantes
1461 3170 1495 3209 a
1531 3153 1779 3211 Domino
1808 3131 2068 3213 eaaudiri
2098 3131 2142 3198 (ἶ

416 3233 709 3305 volumus,
758 3238 934 3295 ﬁdem
980 3240 1318 3312 perfectam,
1350 3240 1407 3297 id
1441 3245 1531 3298 est
1576 3259 1680 3314 per
1720 3242 2063 3302 cbaritatem

415 3330 753 3396 cperantem
785 3327 925 3399 (Gal.
950 3331 1054 3397 IV,)
1078 3328 1291 3385 habere
1313 3330 1676 3387 studeamus.
1696 3332 2064 3405 Impossibile

412 3416 502 3469 est
528 3414 687 3471 enim
716 3415 1037 3473 orationem
1067 3417 1159 3474 vel
1188 3417 1348 3476 aliud
1381 3418 1604 3492 aliquid
1634 3420 1761 3477 sine
1794 3422 1907 3480 ﬁde
1938 3423 2061 3496 pla-

411 3517 539 3558 cere
569 3504 705 3561 Deo.
740 3505 903 3562 Unde
930 3506 1186 3564 Jacobus
1211 3524 1224 3564 :
1252 3507 1315 3564 Si
1341 3510 1465 3580 quis
1516 3510 1727 3580 indiget
1764 3514 2058 3584 sapientia,

403 3599 637 3662 postutet
665 3610 698 3648 a
728 3595 833 3651 Deo
861 3597 959 3667 qui
984 3595 1079 3651 dat
1111 3598 1362 3652 omnibus
1398 3600 1711 3669 afﬂuenter,
1741 3607 1795 3655 et
1819 3617 1931 3657 non
1960 3603 2061 3658 im-

402 3689 679 3751 properat.
711 3683 953 3739 Postulat
1000 3692 1183 3739 autem
1212 3686 1272 3740 in
1298 3685 1404 3756 ﬁde
1429 3687 1577 3742 nihil
1612 3688 1891 3745 haesitans.
1920 3690 2061 3746 Nam

408 3768 508 3839 qui
560 3769 799 3838 hwsitat,
848 3772 1051 3828 similis
1106 3780 1187 3829 est
1236 3774 1432 3843 ﬂuctui
1456 3777 1650 3841 maris,
1682 3779 1778 3849 qui
1819 3795 1854 3834 α
1900 3789 2058 3836 vento

407 3857 812 3930 circumfertur.
842 3859 962 3916 Non
978 3863 1212 3919 mstimet
1241 3870 1423 3919 autem
1450 3864 1546 3920 ille
1575 3865 1729 3921 homo
1758 3883 1814 3922 se
1843 3868 2059 3940 aliquid

404 3954 752 4018 accepturum
787 3966 820 4005 α
849 3949 953 4006 Deo
998 3950 1129 4023 (Jac.
1163 3952 1225 4023 1).
1261 3950 1320 4009 Si
1352 3968 1488 4025 ergo
1519 3969 1624 4010 nec
1654 3953 1752 4011 ille
1783 3957 1884 4029 qui
1914 3974 2054 4030 sup-

403 4034 603 4107 plicat,
636 4052 740 4094 nec
770 4037 867 4095 ille
888 4054 994 4112 pro
1028 4056 1144 4112 quo
1177 4041 1560 4114 supplicatur,
1592 4047 1682 4101 est
1711 4049 1823 4101 Deo
1853 4047 2052 4120 cogni-

402 4127 521 4192 tus,
556 4128 847 4198 quomodo
877 4128 1241 4186 audiuntur?
1267 4131 1500 4189 Scimus
1520 4133 1674 4188 enim
1696 4133 1835 4206 quia
1855 4152 2050 4207 pecca-

398 4216 557 4270 tores
580 4215 737 4273 Deus
765 4233 881 4273 non
914 4219 1098 4285 audit,
1130 4219 1232 4275 sed
1262 4220 1313 4276 si
1343 4220 1479 4292 quis
1499 4224 1589 4277 est
1614 4238 1786 4279 verus
1808 4223 1907 4279 Dei
1932 4223 2051 4280 cul-

397 4304 511 4366 tor.
541 4302 700 4361 hunc
728 4307 964 4362 exaudit
1019 4308 1169 4365 Deus
1219 4310 1395 4378 (Joan.
1429 4310 1529 4381 1x).
1577 4311 1724 4375 Quin
1771 4312 1967 4384 potius
1998 4313 2048 4370 si

396 4389 495 4447 ille
520 4393 623 4464 qui
668 4411 771 4467 per
800 4395 1204 4454 inﬁdelitatem
1234 4397 1324 4455 vel
1355 4398 1714 4472 impietatem
1747 4417 1917 4457 suam
1959 4406 2050 4458 est

396 4480 514 4538 Deo
541 4481 800 4553 odiosus,
833 4502 937 4558 pro
967 4502 1064 4542 reo
1095 4485 1425 4559 supplicare
1456 4489 1780 4560 praesumit,
1813 4506 1928 4546 non
1960 4508 2048 4548 so-
2076 4500 2124 4565 Β

394 4568 520 4626 lum
552 4571 706 4628 Deus
734 4589 851 4629 non
882 4573 1167 4646 placatur,
1198 4576 1298 4633 sed
1322 4576 1497 4633 etiam
1519 4579 1912 4637 exacerbatur.
1939 4580 2048 4636 Ita-

396 4675 530 4732 que,
564 4660 774 4719 fratres
804 4662 939 4732 mei,
974 4665 1318 4722 stu'deamus
1350 4683 1453 4738 per
1487 4684 1683 4723 veram
1731 4669 1904 4724 ﬁdem
1938 4686 2045 4725 nos

396 4753 565 4806 notos
595 4754 653 4806 et
694 4750 1012 4809 familiares
1040 4754 1157 4810 Deo
1195 4753 1402 4824 facere,
1444 4759 1510 4811 ut
1540 4756 1621 4812 ita
1646 4756 1839 4813 locum
1864 4758 2044 4814 inter-

393 4838 676 4896 cessionis
696 4841 852 4913 apud
874 4858 1008 4898 eum
1032 4842 1244 4899 habere
1264 4860 1611 4901 mereamur.
1631 4846 1846 4912 Quarto
1868 4847 2044 4903 etiam

391 4926 453 4982 in
500 4928 609 4985 hoc
653 4931 807 5003 quod
855 4931 1142 4989 Dominus
1189 4934 1526 5007 paralytico,
1576 4951 1692 4991 non
1742 4936 1815 4991 ob
1866 4936 2042 4992 ﬁdem

392 5031 582 5084 suam,
617 5020 718 5075 sed
773 5020 846 5076 ob
877 5020 1054 5077 ﬁdem
1085 5021 1455 5078 offerentium
1509 5026 1747 5095 peccata
1775 5022 2039 5092 dimittit,

388 5105 644 5160 ostendit
667 5112 956 5179 quantum
988 5109 1182 5166 locum
1205 5110 1600 5167 intercedendi
1631 5111 1888 5167 habeant
1906 5112 2044 5169 ﬁde-

382 5189 471 5248 les
501 5194 656 5265 apud
689 5195 905 5266 ipsum,
940 5214 1055 5253 non
1100 5197 1292 5255 solum
1324 5215 1429 5270 pro
1461 5216 1542 5266 se,
1590 5200 1691 5256 sed
1723 5199 1903 5256 etiam
1934 5217 2039 5273 pro

382 5280 536 5354 aliis,
567 5285 625 5339 et
671 5288 961 5354 quantum
1008 5286 1134 5359 ipse
1182 5287 1259 5344 sit
1304 5303 1526 5360 pronus
1557 5289 1629 5345 ad
1678 5288 2037 5346 audiendum

375 5386 580 5444 preces
625 5387 852 5429 eorum.
884 5372 1002 5431 Vos
1049 5392 1206 5449 ergo,
1261 5377 1490 5446 fratres,
1524 5377 1625 5450 qui
1656 5394 1788 5434 vere
1832 5378 2035 5436 ﬁdeles

377 5460 540 5529 estis,
566 5460 669 5533 qui
688 5459 885 5519 locum
903 5462 1322 5523 familiaritatis
1344 5470 1401 5523 et
1420 5466 1856 5525 intercessionis
1876 5468 2034 5541 apud

380 5552 566 5614 Deum
597 5548 895 5624 obtinetis,
919 5550 1099 5613 nolite
1125 5552 1499 5615 dissimulare
1520 5554 1607 5614 vel
1629 5572 1841 5634 negare
1869 5556 2031 5616 auxi-

1423 261 1824 324 ADDENDA.
1855 292 1937 304 —
1966 254 2367 320 RADULPHI
2415 254 2832 319 ARDENTIS.
2868 330 2877 335 η

3728 252 3881 314 2m:

2193 389 2339 444 lium
2368 389 2806 445 intercessionis
2825 393 3050 454 vestrae,
3084 388 3200 443 reis
3221 390 3279 444 et
3298 386 3774 461 peccatoribus,
3799 404 3869 459 qu

2195 478 2303 534 etsi
2336 496 2439 535 vos
2468 496 2583 535 non
2628 482 2850 551 petant,
2894 482 3092 535 tamen
3120 494 3222 534 vos
3252 494 3357 550 pro
3387 478 3477 534 eis
3511 479 3745 550 petere
3778 494 3878 532 nos

2195 567 2602 636 contemnatis,
2634 568 2921 624 talentum
2948 567 3116 624 vobis
3147 566 3537 624 commissum
3574 583 3721 622 non
3758 568 3881 623 aiIS'
3936 620 3937 625 η

2195 657 2482 724 condatis,
2515 658 2615 713 sed
2646 661 2806 713 orate
2836 674 2939 729 pro
2986 656 3284 723 omnibus,
3317 661 3481 712 orate
3512 673 3637 729 pro
3675 656 3881 728 singu-

2194 744 2290 812 lis,
2323 746 2604 818 quoniam
2626 746 2780 802 Deus
2800 762 3000 819 preces
3021 744 3285 801 ﬁdelium
3308 762 3557 803 suorum
3584 762 3879 818 spernens

2195 852 2311 891 non
2341 839 2552 907 potest,
2587 836 2687 890 sed
2720 835 2792 890 ob
2821 851 3022 908 preces
3051 838 3307 901 nostras,
3336 851 3443 891 nos
3476 834 3587 906 qui
3628 834 3703 889 in
3739 834 3875 889 lectr

2192 925 2523 997 torquentis
2551 923 2917 981 conscientiae
2946 923 3165 980 inﬁrmi
3205 926 3498 997 jacemus,
3535 923 3657 996 qui
3710 940 3885 996 para-

2192 1012 2375 1087 lytici,
2406 1013 2463 1069 id
2495 1017 2583 1069 est
2612 1012 2896 1070 membris
2943 1013 3238 1081 dissoluti,
3271 1016 3330 1069 et
3357 1014 3752 1086 impotentes
3784 1031 3881 1069 su-

2194 1119 2350 1173 mus,
2384 1102 2483 1175 qui
2506 1119 2611 1159 nec
2642 1103 2788 1159 bene
2816 1101 2986 1171 velle,
3016 1119 3124 1159 nec
3152 1102 3299 1159 bene
3328 1102 3513 1176 loqui,
3549 1119 3676 1159 nec
3733 1102 3877 1176 bene

2193 1174 2421 1264 operari
2448 1191 2734 1260 valemus,
2767 1209 2872 1264 per
2899 1192 3363 1248 misericordiam
3394 1209 3571 1248 suam
3608 1193 3697 1248 ad
3734 1174 3874 1248 bene

2192 1282 2486 1354 agendum
2537 1282 2744 1354 erigat,
2774 1286 2840 1337 ut
2885 1282 3217 1356 grabatum,
3250 1281 3309 1337 id
3358 1286 3451 1338 est
3488 1298 3755 1339 carnem
3790 1282 3873 1337 ia~

2192 1369 2491 1427 ﬁrmitatis
2538 1374 2772 1439 nostrae,
2834 1369 3131 1444 possimus
3165 1387 3201 1426 a
3242 1370 3385 1427 vitio
3432 1370 3793 1439 sublevare,
3823 1378 3871 1427 et

2191 1459 2265 1515 ad
2297 1458 2592 1516 caelestem
2641 1460 2863 1515 donum
2912 1463 3279 1532 supportare.
3323 1460 3487 1526 Quod
3532 1459 3675 1532 ipse
3728 1478 3869 1534 pra-

2193 1552 2347 1604 stare
2377 1547 2671 1621 dignetur,
2728 1548 2828 1620 qui
2878 1565 3014 1604 cum
3055 1547 3223 1604 Patre
3251 1552 3311 1605 et
3363 1548 3595 1620 Spiritu
3662 1558 3868 1606 sancto

2190 1637 2329 1694 vivit
2357 1642 2415 1693 et
2444 1641 2650 1711 regnat
2677 1638 2835 1694 Deus
2872 1654 2975 1710 per
3004 1636 3207 1693 omnia
3234 1636 3449 1693 saecula
3473 1636 3865 1695 saeculorum.

2189 1728 2393 1783 Amen.

2763 1852 3069 1909 HOMILIA
3106 1852 3271 1908 XLII.

2417 1959 2705 2016 DOMINICA
2744 1976 3014 2015 VIGESIMA
3053 1975 3191 2016 pos'r
3227 1961 3618 2016 Tnmrrxrsu.

2268 2084 2443 2141 Videte
2497 2084 2763 2155 quomodo
2818 2091 2974 2140 caute
3021 2084 3312 2141 ambuletis
3349 2084 3581 2157 (Ephcs.
3614 2090 3703 2152 γ),
3753 2091 3857 2143 etc.

2190 2172 2250 2228 In
2284 2172 2392 2229 hac
2439 2173 2706 2242 lectione,
2740 2173 2951 2229 fratres
3009 2172 3365 2241 charissimi,
3417 2173 3707 2230 hortatur
3757 2192 3857 2231 nos

2187 2261 2505 2335 Apostolus
2560 2266 2627 2317 ut
2673 2266 2840 2318 caute
2895 2261 3269 2318 ambulemus
3324 2262 3485 2318 viam
3538 2265 3857 2320 mundana:

2188 2350 2696 2424 peregrinationis,
2724 2356 2789 2406 ut
2816 2351 2898 2406 ita
2917 2368 3021 2423 per
3041 2367 3171 2407 eam
3194 2352 3265 2407 ad
3288 2355 3575 2408 aeternam
3608 2354 3853 2425 patriam

2187 2439 2485 2510 pervenire
2531 2456 2881 2496 mereamur.
2935 2440 3086 2497 Sunt
3130 2444 3328 2496 autem
3365 2440 3562 2512 hujus
3591 2441 3853 2498 lectionis

2186 2532 2440 2599 quatuor
2481 2533 2699 2601 partes.
2751 2528 2944 2585 Primo
2986 2528 3147 2585 enim
3180 2546 3288 2585 nos
3335 2534 3547 2586 monet
3593 2534 3661 2586 ut
3689 2536 3850 2587 caute

2184 2616 2555 2673 ambulemus
2581 2635 2595 2686 ;
2629 2618 2907 2686 secundo,
2940 2621 3006 2675 ut
3035 2618 3109 2674 ab
3137 2617 3589 2690 impedimentis
3618 2624 3847 2693 tempo-

2183 2703 2404 2761 ralibus
2435 2723 2541 2761 nos
2570 2705 2971 2775 redimamus;
3012 2706 3204 2774 textio,
3250 2709 3337 2776 ut,
3367 2723 3490 2763 non
3524 2708 3843 2775 mundana,

2183 2793 2283 2849 sed
2314 2792 2606 2866 spirituali
2628 2795 2907 2851 ebrietate
2936 2795 3325 2865 inebriemur;
3358 2800 3603 2869 quarto,
3636 2804 3708 2852 ut
3724 2814 3845 2871 pro-

2180 2885 2309 2954 pter
2337 2882 2634 2939 Christum
2665 2883 2912 2954 subjecti
2961 2901 3070 2941 nos
3099 2885 3349 2941 invicem
3395 2892 3840 2958 supportemus.

2179 2969 2422 3028 Monens
2452 2971 2633 3046 igitur
2660 2989 2767 3029 nos
2795 2972 3110 3045 Apostolus
3137 2977 3202 3029 ut
3227 2973 3383 3030 viam
3414 2974 3605 3047 hujus
3636 2976 3839 3032 mundi

2177 3060 2472 3131 sapienter
2521 3060 2916 3131 ambulemus,
2977 3063 3086 3118 ait:
3120 3062 3298 3120 Videte
3354 3063 3630 3135 quomodo
3684 3073 3836 3120 caute

2172 3151 2484 3206 ambuletis.
2526 3150 2723 3217 Caute,
2777 3152 2985 3208 fratres
3014 3150 3371 3219 charissimi,
3404 3152 3705 3223 ambulat,
3739 3154 3831 3226 qni

2174 3237 2442 3295 ambulat
2469 3256 2585 3311 quo
2615 3239 2806 3307 debet,
2853 3244 2912 3297 et
2939 3257 3059 3312 qua
3096 3241 3192 3296 via
3219 3241 3412 3308 debet,
3447 3247 3505 3298 et
3540 3242 3831 3314 quomodo

2173 3325 2363 3384 debet.
2397 3328 2520 3392 Quo
2570 3328 2856 3385 debemus
2904 3330 3302 3397 ambulamus,
3334 3329 3385 3385 si
3428 3330 3505 3385 ad
3556 3336 3831 3387 aeternam

2170 3416 2422 3488 patriam
2452 3420 2575 3473 toto
2604 3417 2891 3474 desiderio
2918 3418 3284 3488 festinamus,
3319 3422 3387 3474 ut
3411 3418 3495 3475 ibi
3524 3419 3831 3476 videamus

2170 3504 2355 3560 Deum
2388 3506 2631 3562 deorum
2654 3506 2715 3561 in
2742 3506 2903 3579 Sion,
2932 3507 3231 3580 quoniam,
3258 3508 3433 3579 juxta
3458 3507 3827 3581 Apostolnm:

2169 3598 2291 3651 Non
2319 3595 2578 3651 habemus
2624 3595 2715 3651 hic
2740 3605 3051 3653 manentem
3095 3598 3391 3665 civitatem,
3436 3597 3533 3653 sed
3582 3604 3827 3671 futuram

2167 3683 2506 3755 inquirimus
2555 3685 2736 3753 (Hebr.
2768 3689 2916 3754 xm).
2965 3685 3210 3758 Semper
3257 3701 3417 3759 ergo,
3471 3686 3709 3755 fratres,
3757 3688 3823 3742 ad

2166 3771 2463 3828 Christum
2510 3773 2611 3845 qui
2656 3789 2764 3830 nos
2811 3774 3127 3846 praecessit,
3159 3773 3360 3831 oculos
3412 3775 3823 3848 erigamus,et

2165 3877 2282 3933 qua
2301 3862 2394 3917 via
2422 3862 2549 3933 ipse
2573 3863 2892 3934 praecessit,
2924 3880 3060 3920 eum
3090 3880 3431 3935 sequamur.
3463 3864 3637 3921 Oculi
3668 3865 3818 3920 enim

2164 3949 2443 4023 sapientis
2470 3949 2532 4006 in
2579 3951 2769 4023 capite
2797 3952 2948 4023 ejus.
2979 3951 3089 4008 Via
3116 3970 3235 4025 qua
3277 3952 3567 4009 debemus
3616 3954 3818 4009 ambu-

2163 4036 2376 4108 lamus,
2410 4038 2460 4095 si
2486 4039 2544 4094 in
2564 4039 2701 4096 ﬁdei
2730 4039 2821 4096 via
2849 4041 2921 4097 de
2953 4041 3104 4098 bono
3124 4041 3187 4097 in
3209 4040 3422 4098 melius
3453 4041 3815 4114 proﬁcimus.

2160 4127 2286 4184 Non
2317 4128 2473 4184 enim
2504 4129 2742 4201 prodest
2763 4129 2907 4186 ﬁdes
2931 4129 3057 4187 sine
3086 4131 3363 4204 operibus
3392 4130 3645 4187 babenti
3674 4136 3817 4187 tem-

2159 4233 2292 4288 pus,
2325 4232 2431 4272 nec
2450 4232 2626 4288 opera
2647 4217 2774 4273 sine
2802 4216 2936 4273 ﬁde.
2962 4217 3189 4274 Habent
3207 4217 3365 4274 enim
3386 4217 3581 4273 Judaei
3604 4221 3665 4273 et
3682 4233 3817 4290 gen-

2156 4304 2293 4362 tiles
2313 4305 2466 4361 bona
2481 4321 2659 4378 opera
2678 4304 2936 4378 pietatis,
2958 4307 3058 4363 sed
3081 4307 3221 4379 quia
3242 4305 3415 4362 ﬁdem
3436 4322 3554 4362 non
3576 4305 3817 4373 habent,

2156 4412 2260 4467 per
2273 4411 2342 4451 ea
2362 4395 2434 4450 ad
2456 4398 2729 4450 aeternam
2745 4395 2995 4467 patriam
3014 4395 3314 4468 pervenire
3335 4412 3451 4451 non
3472 4394 3692 4451 valent.
3715 4394 3819 4451 Ha-

2154 4483 2311 4552 bent,
2346 4483 2555 4540 fratres
2601 4483 2737 4551 mei,
2768 4487 2827 4539 et
2874 4483 3055 4556 aliqui
3102 4482 3233 4540 falsi
3284 4483 3609 4541 Christiani
3664 4483 3819 4539 viam

2154 4573 2310 4641 ﬁdei,
2345 4573 2447 4629 sed
2479 4571 2618 4645 quia
2647 4571 2798 4628 male
2828 4576 3163 4645 operantur,
3197 4590 3301 4646 per
3327 4573 3482 4629 viam
3525 4572 3673 4628 ﬁdei
3702 4589 3816 4629 non

2153 4661 2480 4731 ambulant,
2527 4661 2647 4718 imo
2695 4666 3083 4717 revertuntur.
3116 4662 3236 4719 Nos
3263 4677 3420 4734 ergo,
3476 4661 3719 4729 fratres,
3766 4662 3815 4717 si

2152 4767 2256 4823 per
2283 4750 2459 4806 ﬁdem
2501 4750 2574 4806 ad
2625 4754 2807 4806 Deum
2838 4750 3138 4823 pervenire
3180 4751 3475 4819 volumus,
3520 4750 3600 4806 de
3644 4748 3815 4805 bonis

2152 4840 2425 4913 operibus
2477 4840 2551 4896 ad
2608 4838 2852 4895 meliora
2897 4857 3004 4897 nos
3052 4841 3455 4897 extendamus.
3504 4839 3812 4904 Quomodo

2149 4946 2283 4986 vero
2315 4929 2596 4985 debemus
2625 4927 3027 4998 ambulamus,
3053 4930 3105 4985 si
3127 4934 3301 5002 recte,
3324 4928 3373 4986 si
3394 4928 3594 5002 plane,
3616 4928 3673 4984 si
3690 4945 3815 4985 mo-

2150 5019 2312 5075 deste
2370 5016 2765 5074 ambulamus.
2812 5018 3008 5087 Recte,
3060 5018 3109 5075 si
3160 5035 3278 5075 non
3334 5017 3813 5075 declinamusad

2151 5108 2445 5163 dexteram
2477 5123 2580 5179 per
2609 5105 3080 5179 prosperitatem,
3113 5123 3219 5164 nec
3248 5107 3322 5163 ad
3364 5104 3677 5163 sinistram
3710 5121 3814 5179 per

2147 5196 2556 5253 adversitatem
2583 5212 2596 5263 ;
2629 5193 2823 5267 plane,
2856 5194 2908 5251 si
2936 5195 3222 5252 evitamus
3254 5198 3487 5252 montes
3517 5193 3813 5267 superbi:

2145 5289 2204 5344 et
2232 5283 2732 5357 praesumptionis,
2765 5287 2824 5339 et
2860 5283 3040 5341 valles
3070 5282 3324 5342 tristitie
3353 5288 3412 5341 et
3437 5282 3815 5355 desperatio-

2144 5375 2277 5445 nis;
2327 5374 2610 5443 modeste,
2655 5372 2707 5430 si
2752 5390 2860 5431 nec
2887 5372 3068 5430 nimis
3106 5374 3243 5442 cito,
3277 5391 3383 5431 nec
3412 5371 3595 5429 nimis
3654 5371 3815 5429 lente

2143 5481 2368 5522 eamus.
2402 5462 2508 5531 Qui
2558 5462 2716 5520 enim
2748 5461 2927 5520 nimis
2953 5462 3015 5519 in
3044 5461 3332 5537 principio
3377 5461 3647 5529 festinat,
3676 5464 3814 5518 ante

2139 5558 2376 5632 tempus
2423 5550 2693 5613 lassessit
2723 5554 2782 5612 et
2829 5551 3045 5612 deﬁcit.
3078 5553 3240 5624 Quod
3289 5552 3517 5612 faciunt
3558 5550 3811 5627 quidam
