3974 6076
149 291 308 352 2093

802 292 1156 354 HOMILLE
1198 292 1276 354 IN
1319 292 1571 355 EPIST.
1619 293 1720 354 ET
1764 290 2053 355 EVANG.
2101 291 2448 355 DOMINIC.
2482 327 2557 337 —
2589 292 2793 355 PARS
2837 292 2916 354 ΙΙ.

3398 292 3558 355 2094

22 418 45 455 ει
149 422 251 495 qui
280 422 339 477 in
358 419 1047 495 principioconversionis
1060 440 1178 480 suae
1198 427 1426 480 tantum
1447 441 1596 480 onus
1620 424 1803 480 susci-
1829 425 1886 493 Α
1914 427 2003 481 est
2030 423 2148 481 vini
2180 424 2570 492 immoderati,
2601 423 2859 480 secunda
2902 422 3300 480 immoderata:
3328 423 3558 496 cupidi-

26 508 45 547 ί
150 510 341 583 piunt,
373 510 529 582 quod
558 514 694 567 ante
743 514 979 585 tempus
1009 512 1088 568 sit
1130 530 1367 569 necesse
1399 530 1499 569 eos
1529 513 1795 569 deficere.

149 599 257 664 Qui
286 615 417 656 vero
446 598 626 656 nimis
656 600 811 656 lente
841 601 1128 673 graditur,
1162 601 1459 675 pigrescit,
1483 606 1541 658 et
1570 602 1642 657 ad
1676 618 1798 658 me-

147 692 270 744 tam
300 688 360 743 in
392 692 653 760 tempore
683 706 799 745 non
830 690 1113 763 pervenit.
1148 690 1311 755 Quod
1342 690 1565 747 faciunt
1586 690 1686 763 qui
1708 690 1797 746 vel

148 777 475 851 parum,vel
508 777 653 833 nihil
685 777 744 833 in
784 780 1077 852 operando
1124 779 1457 852 proficiunt.
1492 781 1607 836 Nos
1638 796 1796 853 ergo,

149 858 549 935 fratres,.cum
579 867 1077 937 moderatione,de
1106 868 1457 937 minoribus,
1473 869 1543 924 ad
1576 869 1799 941 majora

150 973 259 1012 nos
290 958 765 1026 extendamus,ut
788 974 1094 1031 nunquam
1122 957 1595 1026 deﬁciamus,sed
1614 973 1801 1030 usque

12 1052 39 1089 i5
149 1045 225 1100 ad
256 1046 578 1118 perlectum
610 1045 1006 1118 proficiamus.
1032 1045 1143 1102 Sed
1190 1046 1469 1118 quoniam
1500 1060 1641 1101 sunt
1669 1045 1799 1118 qui-

12 2142 17 2177 Ι

12 2232 21 2267 ῐ

12 2414 19 2451 ῐ

12 2506 19 2541 ι

12 2956 17 3009 τ

12 3046 21 3085 ι

14 3138 19 3175 ι

14 3230 21 3267 ι

149 1134 309 1203 dam,
343 1134 443 1206 qui
494 1135 604 1191 sub
636 1138 917 1207 praetextu
975 1134 1351 1209 eleemosynae
1411 1152 1473 1191 se
1524 1135 1801 1208 ingerunt

147 1222 669 1290 sollicitudinibus,
725 1228 784 1280 et
831 1224 1083 1297 negotiis
1139 1222 1537 1289 saecularibus,
1601 1223 1802 1279 subdit

145 1311 486 1385 Apostolus,
544 1328 655 1368 non
712 1314 873 1385 quasi
944 1314 1291 1386 insipientes,
1347 1314 1440 1370 sed
1495 1314 1655 1386 quasi
1708 1330 1800 1370 sa-

145 1402 377 1474 pientes.

225 1489 325 1547 Est
354 1493 552 1546 autem
582 1489 705 1546 haec
745 1507 882 1563 pars
914 1490 1191 1559 secunda,
1222 1489 1282 1546 in
1313 1507 1432 1564 qua
1486 1490 1800 1564 Apostolus

147 1582 330 1635 nonet
360 1595 468 1634 nos
498 1578 756 1651 expediri
786 1583 843 1635 et
881 1578 1090 1636 redimi
1121 1597 1155 1636 a
1199 1579 1622 1653 temporalibus
1648 1578 1803 1637 solli-

145 1666 689 1740 citudinibus,quas
711 1668 953 1741 quidam
975 1666 1318 1740 insipienter
1344 1668 1798 1741 amplectuntur,

141 1757 405 1814 dicentes
436 1773 498 1813 se
542 1756 652 1813 hoc
710 1756 898 1814 facere
953 1761 1020 1813 ut
1066 1758 1323 1813 habeant
1352 1757 1508 1814 unde
1561 1761 1803 1832 erogent

144 1844 527 1920 pauperibus.
559 1845 671 1901 Sed
696 1845 1008 1918 Apostolus
1037 1845 1162 1903 vult
1191 1862 1390 1902 servos
1420 1845 1519 1902 Dei
1552 1862 1681 1902 esse
1710 1863 1803 1902 ex-

145 1935 398 2008 peditos.
434 1933 596 1991 Unde
650 1933 776 2007 ipse
820 1934 959 1990 alibi
1016 1935 1135 1992 ait:
1168 1938 1339 1991 Nemo
1384 1936 1636 1991 militans
1666 1939 1797 2004 Deo,

142 2024 404 2096 implicat
434 2041 492 2080 se
545 2024 907 2081 saecularibus
952 2025 1190 2095 negotiis
1231 2024 1300 2098 (Il
1355 2026 1490 2081 Tim.
1525 2024 1605 2097 ιι).
1639 2023 1803 2080 Unde

146 2117 209 2169 et
238 2112 332 2168 hic
363 2113 707 2187 subjungit:
757 2113 1090 2170 Redimentes
1149 2122 1356 2186 tempus
1399 2115 1659 2187 quoniam
1687 2113 1802 2169 dies

150 2203 298 2258 mali
325 2203 740 2275 sunt.Tempus
771 2201 1539 2275 redimit,quiuttranquille
1568 2206 1626 2258 et
1646 2202 1802 2274 paci-

151 2290 264 2347 tice
293 2290 542 2347 transire
571 2290 776 2364 possit,
805 2291 982 2346 etiam
1013 2291 1085 2347 de
1114 2308 1221 2347 suo
1251 2289 1803 2363 derelinquit.Unde

148 2379 311 2436 idem
340 2379 656 2452 Apostolus
703 2378 1035 2436 Corinthios
1084 2380 1539 2453 reprehendens,
1573 2379 1712 2451 quia
1742 2379 1803 2435 in

140 2468 370 2542 judicio
410 2468 859 2535 contendebant,
893 2468 1012 2524 ait:
1049 2470 1231 2537 Quare
1284 2484 1397 2524 non
1441 2470 1617 2540 magis
1660 2468 1805 2540 inju-

149 2560 299 2614 riam
323 2557 633 2631 patimini?
663 2557 712 2631 (Ι
740 2558 860 2614 Cor.
894 2558 993 2629 v1.)
1026 2558 1095 2613 Et
1120 2557 1405 2614 Dominus
1454 2557 1513 2612 in
1544 2557 1802 2631 Evange-

152 2645 266 2701 lio:
299 2646 363 2702 Si
387 2648 532 2719 quis,
564 2645 776 2719 inquit,
828 2647 946 2702 vult
993 2653 1168 2702 tecum
1209 2647 1529 2702 contendere
1572 2655 1623 2702 et
1651 2648 1792 2702 tuni-

151 2751 279 2790 cam
306 2737 513 2801 tollere,
545 2735 692 2791 diei
719 2744 770 2791 et
795 2736 1034 2809 patlium
1066 2735 1273 2808 (Matth.
1304 2753 1379 2791 v1.
1414 2737 1482 2790 Et
1530 2735 1669 2790 alibi
1696 2753 1709 2791 :
1743 2736 1805 2791 Si

155 2825 284 2897 quis
308 2823 448 2895 quod
478 2833 636 2879 tuum
664 2832 741 2880 est
779 2826 989 2889 tulerit,
1020 2841 1090 2880 ne
1146 2833 1352 2896 repetas
1377 2824 1526 2897 (Luc.
1552 2828 1651 2893 Vl).
1688 2824 1804 2879 Hoc

156 2919 355 2969 tamen
388 2917 478 2970 est
507 2911 821 2970 consilium
869 2931 986 2970 non
1047 2919 1421 2988 praeceptum.
1463 2915 1610 2969 Nam
1644 2913 1806 2969 omni

156 3000 385 3058 homini
408 3001 542 3058 licet
570 3019 679 3060 sua
718 3007 998 3076 repetere,
1040 3003 1141 3060 sed
1192 3002 1339 3060 nulli
1397 3020 1531 3059 cum
1565 3006 1805 3059 conten-

156 3090 338 3148 tione.
369 3091 489 3147 Sub
510 3091 737 3163 judicio
795 3109 930 3149 vero
974 3109 1084 3148 sua
1112 3096 1372 3166 repetere
1418 3091 1574 3158 licet,
1609 3091 1807 3149 minus

158 3179 452 3253 perfectis,
488 3179 678 3254 magis
705 3197 838 3238 vero
886 3182 1156 3255 perfectis
1213 3199 1327 3239 non
1375 3180 1807 3238 licet.Divinum
1839 3170 1882 3238 C

158 3284 299 3343 ergo
329 3268 639 3326 consilium
668 3274 776 3337 est,
808 3274 874 3326 ut
905 3287 977 3327 ne
1032 3270 1345 3344 aliquando
1394 3272 1455 3327 in
1487 3268 1806 3328 contentio—

159 3374 298 3415 nem
343 3357 708 3427 decidamus,
757 3359 1133 3416 contendenti
1180 3360 1479 3428 cedamus,
1529 3364 1586 3416 et
1632 3359 1808 3415 etiam

162 3448 321 3520 quod
352 3451 623 3505 nostrum
655 3451 763 3514 est,
798 3448 1007 3505 fratres
1062 3450 1197 3520 mei,
1233 3449 1624 3506 dimittamus.
1658 3453 1809 3522 Quo-

158 3537 340 3605 niam,
371 3537 585 3611 inquit,
615 3537 730 3594 dies
758 3538 898 3594 mali
923 3546 1071 3605 sunt,
1124 3554 1240 3595 non
1290 3538 1350 3594 in
1409 3538 1499 3595 sui
1535 3537 1808 3604 essentia,

164 3626 270 3682 sed
300 3625 361 3682 in
392 3642 566 3699 prave
597 3626 889 3683 utentium
906 3625 1150 3696 malitia,
1185 3626 1286 3700 qui
1324 3644 1422 3683 eos
1455 3644 1602 3700 quos
1631 3626 1691 3682 in
1720 3625 1814 3682 via

162 3714 347 3786 huius
377 3715 584 3771 mundi
615 3722 864 3772 cernunt
892 3715 1111 3773 divitiis
1150 3720 1421 3772 oneratos
1451 3732 1812 3788 persequun-

164 3808 284 3859 tur.
319 3803 438 3860 Nos
468 3820 626 3879 ergo,
660 3805 890 3873 fratres,
918 3804 1059 3862 solis
1076 3804 1427 3862 necessariis
1456 3821 1665 3861 sumus
1684 3821 1815 3861 con-

168 3891 337 3960 tenti,
371 3896 439 3949 ut
492 3894 733 3967 pacifice
762 3898 821 3951 et
866 3894 1131 3968 expedite
1184 3892 1338 3950 viam
1394 3892 1723 3949 latronibus
1760 3898 1818 3950 et

166 3980 544 4054 pradonibus
588 3982 840 4040 obsitam
894 3986 1292 4041 transeamus.
1324 3981 1474 4037 Hinc
1504 3981 1813 4037 subditur:

167 4070 461 4141 Propterea
488 4079 652 4129 estote
700 4071 1013 4144 prudentes,
1070 4072 1432 4143 intelligentes
1471 4085 1596 4143 qua’
1623 4072 1699 4126 sit
1724 4085 1815 4126 vo-

171 4158 357 4214 luntas
385 4160 510 4215 Dei.
539 4158 680 4215 Vult
706 4160 864 4215 enim
896 4160 1052 4217 Deus
1072 4177 1270 4217 servos
1296 4177 1435 4217 suos
1466 4163 1821 4234 contempto-

172 4262 268 4303 res
298 4263 428 4304 esse
458 4248 687 4317 mundi,
722 4252 781 4304 et
808 4248 893 4305 sic
918 4249 1181 4322 expedite
1228 4251 1301 4307 ad
1350 4266 1485 4307 eum
1517 4249 1816 4307 festinare.

173 4336 316 4393 Inde
346 4340 436 4393 est
464 4337 617 4410 quod
653 4337 1026 4411 cupientibus
1053 4338 1272 4406 ditari,.
1289 4338 1547 4413 gloriari,
1578 4343 1636 4397 et
1665 4338 1820 4396 dele-

173 4425 320 4483 ctari
350 4425 460 4483 hoc
490 4424 724 4493 saeculo,
756 4428 999 4499 opponit
1027 4427 1183 4484 Deus
1231 4428 1593 4485 adversarios
1623 4432 1680 4485 et
1710 4428 1821 4484 im-

173 4514 606 4589 pedimenta,ut
634 4532 769 4572 cum
799 4515 1052 4572 viderint
1079 4533 1141 4574 se
1170 4533 1285 4573 non
1310 4534 1481 4590 posse
1493 4516 1823 4590 prosperari

174 4604 236 4661 in
267 4604 376 4661 hoc
406 4603 640 4673 saeculo,
674 4605 745 4661 ad
777 4609 961 4661 Deum
984 4610 1416 4663 convertantur.
1440 4606 1605 4662 Unde
1638 4606 1825 4663 Domi-

177 4710 292 4750 nus
312 4694 425 4751 sub
456 4692 647 4767 specie
677 4693 876 4750 uxoris
924 4693 1269 4751 fornicantis
1324 4693 1588 4767 loquitur
1616 4696 1687 4751 ad
1720 4695 1830 4751 Ju-

178 4783 364 4839 deam
397 4782 636 4840 dicens:
690 4784 911 4856 Lepiam
954 4785 1105 4839 viam
1160 4792 1316 4840 tuam
1360 4786 1554 4857 spinis,
1613 4799 1829 4857 quaeres

180 4881 450 4929 amatores
479 4878 625 4943 tuos,
666 4880 723 4930 et
766 4888 878 4928 nvn
926 4873 1190 4930 invenies.
1235 4876 1313 4929 Et
1364 4873 1542 4929 dices:
1578 4873 1832 4930 Reveer

181 4960 253 5016 ad
278 4963 461 5017 virum
485 4978 669 5018 meum
688 4963 961 5035 priorem,
990 4964 1128 5033 guia
1152 4963 1350 5019 melius
1389 4970 1508 5019 erat
1535 4970 1664 5018 tunc
1692 4963 1833 5019 mihi

184 5065 351 5122 quam
372 5066 522 5106 nunc
547 5051 688 5122 (Ose.
722 5050 806 5123 ιι).

257 5137 535 5210 Sequitur
560 5155 696 5212 pars
724 5138 983 5208 tertia,in
1007 5156 1143 5213 qua,
1177 5144 1243 5197 ut
1266 5139 1518 5198 alacrius
1545 5140 1699 5198 viam
1731 5141 1831 5198 Dei

185 5241 526 5300 pergamus,
540 5230 739 5283 monet
758 5243 867 5284 nos
882 5226 1195 5301 Apostolus
1214 5227 1636 5296 inebriari,non
1653 5228 1836 5286 ebrie-

186 5318 308 5373 tate
339 5313 660 5381 mundana,
692 5315 794 5371 sed
827 5315 1119 5390 spirituali
1150 5316 1352 5373 dicens
1377 5317 1534 5373 :Noli
1562 5318 1835 5374 inebriari

184 5405 314 5462 vino
333 5405 395 5459 in
423 5418 530 5476 quo
557 5410 637 5459 est
663 5403 915 5473 luxuria,
944 5405 1039 5464 ml
1086 5405 1435 5469 impleamini
1460 5407 1675 5478 Spiritu
1700 5423 1830 5464 san-

186 5499 288 5562 cto,
324 5496 435 5549 etc.
467 5492 616 5550 Sunt
653 5490 814 5548 enim
860 5496 979 5552 tres
1022 5493 1354 5551 ebrietates.
1407 5493 1604 5551 Prima
1630 5499 1721 5553 est
1748 5495 1831 5551 vi-

188 5597 354 5654 nosa,
386 5581 646 5643 secunda
690 5581 994 5642 mundana
1035 5582 1209 5646 tertia
1261 5582 1605 5661 spiritualis.
1639 5584 1835 5646 Prima

1908 514 2068 582 tatis,
2115 514 2287 571 tertia
2340 513 2696 569 abundantis
2753 512 3076 569 charitatis.
3126 512 3322 569 Prima
3377 512 3562 586 igitur

1907 604 2159 660 ebrietas
2191 602 2345 659 mala
2374 607 2482 672 est,
2515 602 2655 675 quia
2683 619 2894 658 sensus
2936 601 3195 659 hominis
3243 601 3557 671 disturbat,

1909 696 2168 749 mentem
2201 691 2439 763 alienat,
2472 692 2545 747 ad
2604 691 2916 747 inhonesta
2969 696 3028 747 et
3080 689 3279 764 turpia
3323 689 3555 747 excitat.

1909 782 2125 837 Vinum
2158 780 2374 854 quippe
2402 779 2681 854 genitalia
2710 780 2829 836 Noe
2857 780 3117 849 nudavit,
3144 779 3292 835 Loth
3322 777 3558 835 filiabus

1910 871 2038 928 suis
2069 870 2326 927 miscuit.
2363 871 2454 928 Vae
2482 869 2651 937 vobis,
2699 869 2841 925 dicit
2897 868 3201 942 propheta,
3245 869 3340 942 qui
3390 870 3558 941 fortes

1908 963 2040 1016 estis
2070 960 2139 1015 ad
2164 960 2464 1033 potandum
2489 961 2704 1025 vinum,
2734 968 2785 1014 et
2831 958 2902 1014 ad
2942 956 3279 1014 miscendum
3323 957 3557 1013 ebrieta-

1909 1057 2017 1105 tem
2045 1048 2297 1119 (Isai.v).
2326 1048 2589 1103 Ebrietas
2629 1064 2766 1103 vero
2824 1046 3086 1103 secunda
3139 1048 3230 1102 est
3276 1044 3554 1118 pessima,

1911 1137 2050 1211 quia
2079 1154 2183 1210 per
2212 1154 2471 1194 amorem
2494 1135 2691 1193 saeculi
2712 1152 2924 1192 sensus
2944 1134 3293 1191 disturbata
3321 1132 3556 1190 servitio

1909 1226 2033 1296 Dei,
2059 1231 2315 1283 mentem
2347 1226 2563 1282 alienat
2590 1242 2625 1281 a
2680 1224 2969 1298 sapientia
3007 1227 3065 1280 et
3102 1238 3301 1280 amore
3329 1221 3454 1289 Dei,
3483 1223 3557 1279 ad

1910 1315 2133 1389 ﬂagitia
2162 1319 2220 1372 et
2250 1315 2508 1372 facinora
2529 1313 2730 1370 trahit.
2764 1313 2868 1369 Hic
2915 1316 3006 1370 est
3042 1311 3195 1371 calix
3224 1310 3556 1385 Babylonis,

1911 1404 1982 1461 de
2011 1420 2126 1476 quo
2158 1402 2522 1460 inebriantur
2549 1419 2754 1459 omnes
2784 1404 3115 1475 peccatores
3144 1405 3334 1458 terrae.
3365 1398 3561 1458 Tertia

1911 1492 2162 1549 ebrietas
2190 1497 2281 1549 est
2310 1490 2857 1564 sanctissima,quia
2884 1507 2988 1564 per
3008 1506 3267 1547 amorem
3302 1488 3401 1546 Dei
3430 1505 3561 1545 sen-

1912 1599 2016 1639 sus
2046 1581 2294 1638 retrahit
2322 1581 2395 1638 ab
2426 1580 2703 1653 operibus
2756 1578 2948 1647 malis,
2982 1596 3193 1636 sensus
3241 1578 3458 1636 alienat
3484 1578 3558 1635 ab

1910 1688 2107 1728 amore
2138 1671 2368 1740 mundi,
2398 1669 2684 1726 desiderio
2713 1670 2786 1725 ad
2835 1667 3127 1726 caelestem
3159 1667 3410 1741 patriam
3438 1671 3559 1725 tra-

1910 1760 2016 1817 hit.
2049 1761 2167 1817 Hac
2197 1760 2384 1816 sancti
2434 1758 2820 1816 inebriantur.
2859 1758 3020 1815 Unde
3078 1757 3403 1831 Propheta:
3436 1759 3558 1814 Ine-

1911 1851 2246 1906 briabuntur
2272 1849 2340 1905 ab
2376 1848 2618 1905 ubertate
2664 1847 2857 1904 domus
2899 1854 3030 1914 tuae,
3062 1854 3115 1904 et
3149 1853 3384 1904 torrente
3410 1847 3560 1903 volu-

1905 1941 2073 2011 ptatis
2099 1943 2219 1996 tuae
2244 1939 2457 2011 potabis
2501 1954 2588 1994 eos
2622 1937 2802 2009 (Psal.
2834 1937 3022 2006 xxxv).
3053 1936 3124 1991 Et
3179 1934 3319 1992 alibi
3364 1934 3557 1992 Domi-

1909 2044 2023 2084 nus
2051 2043 2155 2100 per
2182 2025 2571 2099 Prophetam:
2608 2025 2769 2082 Catii:
2806 2040 2977 2092 meus,
3009 2023 3221 2096 inquit,
3253 2024 3556 2094 inebrians,

1909 2133 2076 2189 quam
2099 2115 2405 2189 praeclarus
2440 2114 2554 2171 estl
2587 2114 2760 2185 (Psal.
2789 2113 2951 2186 xxu.)
2983 2112 3164 2170 Nobis
3208 2111 3408 2187 igitur,
3441 2112 3558 2170 fra-

1908 2210 2050 2273 tres,
2083 2205 2143 2259 in
2173 2205 2268 2260 via
2296 2203 2477 2276 hujus
2526 2203 2756 2270 mundi,
2780 2202 2930 2258 inter
2971 2200 3354 2259 adversitates
3382 2200 3561 2259 lasse-

1911 2294 2232 2361 scentibus,
2286 2292 2685 2349 necessarium
2737 2295 2828 2348 est
2883 2294 2949 2347 ut
3003 2290 3386 2361 inebriemur,
3439 2307 3558 2347 non

1911 2382 2190 2440 ebrietate
2219 2382 2541 2448 mundana,
2576 2398 2704 2454 quae
2756 2379 2896 2436 facit
2922 2379 3109 2435 Deum
3140 2382 3199 2436 et
3226 2379 3559 2453 proximum

1910 2471 2195 2541 oblivisci,
2228 2472 2330 2528 sed
2362 2469 2655 2544 spirituali
2685 2486 2813 2542 qua;
2861 2467 3035 2524 faciat
3082 2466 3252 2525 nobis
3294 2467 3561 2525 oblivisci

1912 2562 2233 2627 mundana,
2264 2564 2322 2616 et
2365 2564 2489 2616 toto
2531 2558 2818 2628 desiderio
2875 2557 3154 2613 festinare
3206 2557 3279 2613 ad
3323 2560 3558 2614 eterna.

1911 2650 2277 2723 Impleamini
2309 2665 2468 2720 ergo,
2504 2649 2732 2715 fratres,
2766 2646 2988 2719 Spiritu
3019 2645 3356 2717 sancto,qui
3389 2645 3560 2700 nobis

1912 2741 1971 2795 in
2002 2741 2095 2795 via
2125 2740 2225 2796 Dei
2240 2738 2456 2793 multas
2478 2735 2906 2793 consolationes
2926 2739 2984 2790 et
3002 2733 3220 2790 auxilia
3239 2733 3557 2807 przestabit,

1913 2828 2193 2902 quoniam
2225 2827 2352 2900 ipso
2398 2826 2740 2899 inspirante,
2786 2823 2949 2882 eritis
3003 2824 3309 2897 loquentes
3367 2822 3561 2879 vobis-
3596 2842 3613 2853 κ

1914 2901 2183 2991 metip'sis
2215 2917 2273 2972 in
2307 2914 2574 2990 psalmis.
2609 2915 2705 2972 Sic
2736 2914 2961 2971 faciunt
2997 2914 3269 2982 viatores,
3303 2910 3444 2984 quia
3460 2927 3562 2969 va-

1914 3008 2002 3064 rio
2034 3023 2305 3064 sermone
2356 3005 2612 3062 laborem
2652 3004 2757 3060 vite
2815 3002 3110 3061 alleviant.
3165 3000 3230 3058 In
3253 2999 3350 3057 via
3401 2999 3560 3058 enim

1913 3097 2094 3169 hujus
2124 3093 2332 3164 exsilii,
2365 3094 2580 3167 psalmi
2628 3094 2840 3151 debent
2881 3108 3012 3150 esse
3059 3088 3475 3149 collocutiones
3503 3093 3562 3146 et

1917 3184 2315 3243 alleviationes
2341 3187 2530 3238 terrae.
2564 3182 2728 3239 Unde
2758 3185 2815 3238 et
2843 3181 2905 3238 in
2935 3180 3019 3238 eis
3047 3183 3356 3238 cantamus
3380 3195 3395 3235 :
3421 3178 3563 3236 Can-

1918 3275 2108 3332 tabiles
2135 3273 2276 3329 miht
2302 3280 2461 3329 erant
2481 3272 2905 3345 justiﬁcationes
2934 3278 3047 3328 tuae
3090 3271 3152 3326 in
3180 3269 3292 3326 loco
3313 3268 3564 3341 peregri-

1915 3365 2162 3420 nationis
2189 3377 2329 3420 meze
2359 3362 2533 3434 (Psal.
2564 3362 2779 3430 cxvm).
2811 3359 3010 3417 Simus
3054 3358 3566 3416 etiam'cantantes

1917 3470 2077 3520 voce,
2107 3455 2165 3508 et
2190 3449 2509 3524 psallentes
2540 3449 2599 3506 in
2631 3450 2908 3507 cordibus
2955 3448 3176 3505 nostris
3202 3445 3473 3514 Domino,
3504 3445 3566 3502 in

1919 3539 2158 3615 hymnis
2186 3543 2244 3596 et
2272 3538 2515 3595 canticis
2559 3537 2993 3611 spiritualibus,
3023 3552 3186 3593 more
3233 3533 3566 3611 peregrino-

1920 3647 2075 3701 rum,
2108 3628 2209 3702 qui
2240 3631 2516 3701 superata
2544 3630 2707 3700 parte
2737 3625 2955 3684 laboris
2985 3625 3353 3682 cantant.Est
3371 3626 3568 3681 autem

1921 3719 2178 3792 hymnus
2210 3717 2340 3773 laus
2372 3716 2475 3773 Dei
2497 3733 2632 3772 cum
2682 3715 2930 3773 cantico.
2963 3714 3271 3771 Canticum
3318 3729 3453 3770 vero
3482 3714 3574 3769 est

1922 3807 2232 3865 exsultatio
2264 3804 2480 3863 mentis
2509 3805 2712 3862 habita
2731 3806 2802 3862 de
2830 3803 3480 3877 aeternls,prorumpens
3508 3800 3571 3858 in

1921 3913 2144 3954 vocem.
2178 3893 2515 3969 Spiritualis
2565 3910 2702 3969 ergo
2744 3894 2995 3952 ebrietas
3046 3894 3270 3951 confert
3298 3890 3573 3949 fidelibus

1924 3985 1985 4041 in
2016 3984 2422 4054 adversis,non
2453 3983 2646 4041 solum
2667 3982 3096 4040 consolationes
3116 3981 3176 4037 in
3196 3978 3573 4055 psalmis,sed

1926 4074 2105 4130 etiam
2152 4072 2685 4147 congratulationes
2743 4071 2804 4128 in
2855 4071 3092 4146 hymnis
3145 4067 3467 4138 vocalibus,
3516 4070 3576 4124 et

1926 4162 2171 4220 canticis
2201 4160 2610 4235 spiritualibus
2640 4160 2701 4216 in
2758 4160 2951 4217 corde.
2984 4157 3144 4216 Facit
3198 4157 3375 4214 etiam
3405 4171 3576 4230 agere

1927 4267 2027 4308 eos
2055 4251 2276 4325 gratias
2303 4250 2441 4318 Deo,
2474 4250 2628 4307 sicut
2673 4249 2899 4305 faciunt
2945 4251 3136 4326 nauta:
3164 4250 3295 4320 post
3338 4244 3575 4303 naufra-

1928 4339 2092 4413 gium
2122 4338 2471 4411 pallidonias
2497 4337 2890 4411 (palidonias).

2001 4427 2280 4501 Sequitur
2304 4445 2441 4501 pars
2471 4432 2702 4501 quarta,
2733 4426 2795 4483 in
2825 4443 2944 4500 qua
2971 4428 3173 4483 monet
3202 4441 3310 4482 nos
3336 4424 3577 4498 Aposto-

1854 4539 1900 4604 D
1930 4516 2045 4585 lus,
2079 4520 2145 4572 ut
2172 4517 2316 4571 dum
2349 4533 2558 4572 sumus
2589 4516 2649 4571 in
2668 4514 2761 4572 via
2790 4515 2971 4589 hujus
3001 4512 3415 4584 saculi,simus
3444 4510 3581 4604 sub-

1925 4606 2065 4679 jecti
2098 4603 2345 4661 invicem
2376 4604 2437 4660 in
2495 4604 2705 4662 timore
2735 4604 2973 4674 Christi,
3006 4607 3073 4660 ut
3102 4602 3327 4661 scilicet
3353 4601 3427 4658 de
3456 4597 3584 4657 sola

1934 4686 2268 4750 humilitate
2296 4696 2355 4749 et
2383 4693 2667 4767 obsequio
2697 4694 3144 4763 contendamus,
3166 4691 3583 4765 supportantes

1936 4782 2206 4850 invicem,
2236 4798 2398 4839 more
2427 4782 2715 4840 viatorum
2756 4783 2925 4840 fortis
2980 4781 3256 4849 debilem,
3277 4779 3422 4837 levis
3449 4794 3585 4852 gra-

1936 4887 2087 4938 vem,
2118 4869 2283 4928 velox
2307 4872 2565 4928 tardum.
2606 4871 2680 4929 Ut
2708 4872 3063 4945 impleamus
3108 4870 3253 4928 illud
3278 4865 3581 4942 Apostoli:

1937 4962 2099 5017 Alter
2125 4960 2356 5017 alterius
2385 4976 2557 5017 onera
2579 4968 2867 5032 portate,et
2906 4964 2987 5019 sic
3015 4959 3385 5034 adimplebitis
3415 4957 3587 5029 legem

1941 5050 2145 5108 Christi
2172 5048 2315 5120 (Gal.
2345 5049 2445 5122 v1),
2478 5049 2581 5121 qui
2610 5048 2924 5122 languores
2954 5054 3186 5108 nostros
3215 5048 3342 5123 ipse
3361 5044 3517 5114 tulit,
3530 5047 3589 5102 et

1941 5136 2170 5195 dolores
2201 5142 2435 5195 nostros
2463 5137 2589 5210 ipse
2635 5138 2888 5210 portavit
2914 5138 3064 5211 (Isai.
3123 5140 3261 5211 uti).
3293 5136 3475 5209 cuius
3509 5133 3586 5191 ti-

1941 5243 2102 5284 more
2122 5227 2340 5300 pariter
2367 5229 2425 5283 et
2452 5242 2672 5296 amore,
2706 5242 2813 5283 nos
2859 5242 3095 5298 quoque
3149 5226 3401 5285 aliorum
3429 5223 3589 5281 infir-

1941 5316 2175 5372 mitates
2203 5316 2488 5373 debemus
2534 5319 2787 5389 portare.
2841 5314 2913 5370 Et
2953 5314 3005 5371 si
3053 5314 3162 5386 sic,
3193 5315 3401 5373 fratres
3448 5311 3589 5383 mei,

1941 5409 2109 5463 caute
2132 5404 2648 5474 ambulaverimus,
2679 5403 2730 5462 si
2762 5420 2871 5461 nos
2900 5403 2973 5461 ab
3012 5402 3452 5477 impedimentis
3481 5418 3589 5461 saa-

1942 5494 2243 5552 cularibus
2272 5495 2717 5564 redemerimus,
2747 5494 2798 5552 si
2817 5511 2922 5568 per
2949 5490 3318 5568 spiritualem
3349 5491 3594 5550 ebrieta-

1941 5588 2061 5646 tem
2091 5583 2499 5647 obliviscentes
2543 5583 2892 5665 temporalia
2936 5582 3010 5644 ad
3055 5585 3271 5644 eterna
3315 5595 3451 5642 cum
3471 5584 3593 5645 toto
