3974 6076
18 5372 25 5413 Ι

18 5464 25 5503 ε

18 5554 25 5595 ε

18 5646 23 5683 l

202 253 371 329 2097
865 252 1222 319 HOMILLIE
1260 255 1340 319 IN
1383 253 1638 319 EPIST.
1680 254 1782 317 ET
1822 252 2111 318 EVANG.
2157 250 2512 317 DOMINIC.
2542 286 2621 299 -
2649 252 2850 317 PARS
2893 253 2974 317 ΙΙ.
3459 251 3621 319 2098

202 388 427 458 animo,
461 405 579 464 qua
614 379 917 449 devotione
962 406 1072 447 nos
1117 388 1441 446 habeamus
1488 388 1769 446 discernit
1797 390 1856 445 et
1882 389 1942 459 Α
1969 387 2295 445 secundum
2342 387 2646 461 passiones
2695 404 2858 458 suas,
2886 387 3143 446 caecitate
3171 392 3230 447 et
3261 389 3614 464 ignorantia,

202 479 564 552 speculatur,
589 481 765 553 juxta
793 480 960 549 illud,
995 502 1024 530 «
1056 477 1396 553 Speculator
1423 481 1577 535 astat
1606 479 1859 551 desuper
1966 476 2327 535 conscientia
2358 477 2514 535 mala
2534 482 2592 536 et
2611 477 2949 553 pcenitentia
2969 477 3184 549 inutili,
3209 479 3405 536 dolore
3437 486 3492 538 et
3512 500 3616 556 pu-

202 568 309 641 qui
327 568 1851 643 nosdiebusomnibus,actusquenostrosprospicit.»
1964 567 2123 637 dore,
2156 567 2245 623 ira
2277 571 2334 623 et
2370 567 2590 625 invidia
2645 568 2948 624 vexabitur
3000 568 3061 623 in
3119 572 3422 626 aeternum.
3455 572 3613 629 Inter

205 658 384 729 Vidit,
415 657 629 731 inquit,
661 660 948 716 hominem
975 675 1089 715 non
1119 658 1382 715 vestitum
1409 666 1563 714 veste
1582 658 1850 728 nuptiali.
1962 656 2085 712 haec
2106 660 2163 713 et
2191 660 2354 713 tanta
2382 656 2557 727 mala,
2574 661 2639 713 ut
2657 657 2838 713 tradit
2864 658 3119 714 Joannes
3148 658 3208 713 in
3237 658 3605 733 Apocalypsi,

195 746 392 804 Vestis
415 747 847 822 nuptialis,qua
865 746 1456 821 discernunturdigni
1477 747 1548 803 ab
1569 746 1848 821 indignis,
1962 746 2249 819 optabunt
2304 745 2503 803 miseri
2561 749 2829 815 mortem,
2862 749 2920 802 et
2969 763 3128 803 mors
3180 747 3366 820 fugiet
3412 749 3483 804 ab
3523 748 3607 807 eis

197 839 291 892 est
320 836 597 893 Charitas.
632 837 767 903 Qua:
799 837 1015 893 dicitur
1041 837 1240 907 vestis,
1274 835 1413 909 quia
1461 852 1633 892 omne
1666 835 1851 910 frigus
1961 836 2139 909 (Apoc.
2172 837 2270 909 Ix).
2304 837 2479 893 Pauci
2533 853 2668 893 vero
2725 839 2866 893 sunt
2912 834 3100 905 electi,
3138 836 3239 909 qui
3288 837 3348 892 in
3381 838 3605 911 nuptiis

196 924 341 980 mali
400 924 673 996 excludit,
706 930 763 983 et
818 926 1031 983 retinet
1085 942 1318 983 omnem
1379 924 1631 981 calorem
1688 923 1845 981 boni.
1958 925 2171 982 Christi
2198 926 2258 983 in
2287 930 2570 983 aeternum
2619 925 3032 999 epulabantur.
3066 929 3143 981 De
3190 926 3404 997 quibus
3443 926 3604 983 Psal-

195 1013 424 1070 Dicitur
461 1015 761 1089 nuptialis,
795 1015 934 1089 quia
990 1016 1257 1072 Christus
1305 1031 1559 1087 sponsus
1606 1013 1848 1070 veniens
1955 1014 2154 1083 mista,
2185 1017 2391 1083 Nimis,
2424 1015 2635 1088 inquit,
2669 1015 2923 1072 honorati
2943 1022 3073 1071 sunt
3100 1016 3272 1070 amici
3300 1016 3403 1082 tui,
3438 1021 3600 1084 Deus,

196 1102 313 1161 sibi
344 1105 700 1179 conjungere
728 1104 1071 1174 Ecclesiam,
1102 1105 1212 1162 hac
1240 1104 1483 1161 indutus
1513 1102 1690 1159 venit.
1715 1103 1846 1160 Haec
1952 1105 2124 1160 nimis
2189 1107 2523 1177 confortatus
2604 1112 2684 1161 est
2759 1106 3104 1178 principatus
3185 1119 3373 1160 eorum
3426 1104 3597 1173 (Psal.

192 1196 285 1247 est
305 1192 504 1249 tunica
519 1192 734 1250 Christi
754 1193 1148 1263 inconsutilis,
1172 1211 1289 1251 non
1312 1192 1497 1249 divisa
1518 1209 1623 1266 per
1643 1191 1842 1248 odium
1952 1196 2244 1263 cxxxvm).
2279 1194 2392 1250 Sed
2434 1210 2568 1250 cum
2617 1194 3013 1267 subiungatur
3045 1210 3059 1249 :
3092 1192 3460 1249 Dinumerabo
3488 1209 3595 1263 eos,

187 1279 282 1336 vel
311 1280 614 1349 invidiam,
646 1299 753 1339 nec
782 1282 970 1339 scissa
996 1300 1102 1355 per
1141 1282 1412 1339 haeresim
1441 1281 1531 1337 vel
1562 1280 1839 1337 schisma.

189 1368 325 1426 Haec
355 1374 445 1426 est
470 1370 674 1428 tunica
700 1371 916 1446 Joseph
947 1372 1174 1440 talaris,
1205 1372 1263 1427 id
1297 1375 1406 1441 est,
1440 1388 1837 1444 perseverans,

1949 1289 2003 1338 et
2034 1299 2196 1355 super
2244 1299 2471 1340 arenam
2515 1283 3033 1355 multiplicabuntur
3061 1281 3270 1356 (Ibid),
3304 1282 3597 1354 quomodo

1949 1375 2091 1427 sunt
2115 1371 2336 1446 pauci?
2364 1372 2507 1446 quia
2534 1372 2720 1441 electi,
2755 1371 2895 1445 quia
2940 1369 3201 1444 pretiosi,
3236 1370 3374 1443 quia
3410 1370 3593 1426 chari.

188 1457 331 1530 quia
361 1458 615 1517 charitas
653 1478 959 1535 nunquam
1006 1459 1217 1518 excidit
1248 1461 1294 1533 (ι
1326 1462 1446 1518 Cor.
1477 1459 1617 1534 xm).
1653 1461 1756 1517 Est
1784 1463 1841 1516 et
1947 1458 2121 1516 Electi
2143 1461 2215 1518 de
2236 1460 2609 1517 multitudine
2638 1461 2927 1518 malorum
2950 1461 3104 1517 sicut
3123 1476 3307 1533 grana
3336 1460 3407 1515 de
3437 1458 3595 1516 mul-

186 1546 471 1621 polymita
502 1553 739 1622 propter
792 1550 1079 1606 virtutum
1125 1549 1489 1618 varietatem,
1522 1565 1650 1622 quae
1680 1548 1741 1605 in
1771 1566 1838 1606 ea

186 1636 581 1695 continentur.
616 1639 747 1695 Haec
776 1643 833 1697 et
862 1640 1063 1696 eadem
1093 1643 1182 1697 est
1210 1640 1413 1695 tunica
1440 1655 1834 1713 sponsze,quae

185 1724 375 1783 astitit
385 1744 419 1783 a
432 1726 649 1785 dextris
665 1729 866 1802 sponsi
880 1729 938 1785 iu
950 1729 1162 1786 vestitu
1183 1729 1462 1785 deaurato
1475 1728 1645 1797 (Psal.
1659 1728 1831 1798 xuv).

184 1813 334 1879 Quia
367 1832 504 1875 vera
534 1816 790 1875 charitas
821 1818 1043 1892 fulgore
1073 1817 1370 1892 sapientiae
1399 1820 1488 1874 est
1518 1820 1743 1885 ornata,
1777 1819 1836 1872 et

183 1901 547 1962 circumdata
564 1906 842 1965 varietate
855 1907 1163 1964 virtutum.
1184 1906 1289 1975 Qui
1310 1906 1463 1962 hanc
1483 1909 1700 1962 vestem
1722 1904 1832 1963 ha-

182 1991 304 2067 bet,
327 2010 572 2051 securus
594 1996 653 2053 in
677 1996 901 2070 nuptiis
921 1997 1258 2067 discumbit.
1282 1997 1409 2052 Non
1433 1995 1670 2052 habenti
1694 2009 1830 2051 vero

181 2079 326 2138 dicit
353 2087 528 2153 Deus,
548 2083 636 2141 vel
666 2102 770 2159 per
797 2085 1128 2159 Scripturas
1155 2084 1246 2141 vel
1268 2102 1371 2159 per
1399 2084 1826 2158 praedicatores,

176 2169 268 2227 vel
285 2169 622 2231 interiorem
651 2173 937 2232 rationem
964 2191 977 2232 :
1010 2174 1283 2246 Quomodo
1309 2175 1415 2230 huc
1444 2174 1665 2230 intrasti
1691 2189 1827 2230 cum

178 2258 477 2330 fidelibus,
502 2262 603 2334 qui
625 2263 698 2320 ab
720 2264 805 2321 eis
825 2280 889 2321 es
919 2263 1171 2321 discolor
1188 2280 1293 2337 per
1323 2263 1631 2331 malitiam,
1646 2262 1828 2321 etdis—

178 2362 308 2404 cors
320 2365 425 2422 per
434 2350 658 2418 odium,
672 2355 728 2408 et
745 2351 1026 2411 invidiam
1043 2352 1373 2416 PQuomodo
1387 2352 1521 2409 talis
1537 2356 1594 2408 et
1605 2351 1738 2409 talis
1750 2352 1822 2408 ad

175 2451 444 2495 mensam
475 2438 696 2509 altaris,
729 2444 787 2498 et
813 2441 887 2497 ad
921 2445 1126 2499 caetera
1154 2444 1521 2499 sacramenta
1548 2441 1822 2498 accedere

169 2527 521 2598 presumis?
534 2533 612 2585 Αι
622 2529 717 2586 ille
729 2530 1385 2588 obmutuit.0bmutescit
1396 2547 1571 2604 quem
1586 2530 1823 2605 propria

168 2615 531 2673 conscientia
559 2619 877 2692 redarguit.
892 2620 1257 2677 Obmutescit
1287 2621 1386 2693 qui
1419 2619 1551 2676 silet
1571 2637 1605 2676 a
1625 2637 1822 2693 pecca-

167 2706 366 2760 torum
398 2722 641 2763 suorum
671 2708 1037 2765 confessione
1068 2713 1124 2764 et
1152 2708 1656 2765 emendatione.Et
1676 2710 1823 2766 dixit

169 2806 274 2848 rex
301 2794 579 2850 ministris
606 2797 744 2864 suis,
776 2796 998 2853 scilicet
1026 2796 1251 2870 angelis
1284 2812 1298 2852 :
1332 2797 1539 2869 Ligatis
1562 2799 1819 2854 manibus

165 2888 223 2939 et
244 2881 492 2955 pedibus,
520 2885 721 2941 mittite
745 2901 872 2941 eum
901 2886 963 2940 in
990 2884 1236 2942 tenebras
1265 2886 1579 2942 exteriores.
1612 2885 1683 2940 Et
1708 2884 1818 2941 hoc

168 2971 403 3041 merito,
437 2971 577 3045 quia
616 2972 807 3029 noluit
849 2972 1030 3030 vitare
1061 2973 1387 3031 interiores.
1420 2974 1505 3029 Ibi
1528 2975 1638 3030 erit
1660 2975 1817 3045 ﬂetus

1944 1548 2197 1605 titudine
2219 1549 2538 1622 palearum,
2554 1567 2762 1606 aurum
2776 1551 2847 1606 de
2860 1548 3237 1605 multitudine
3257 1566 3589 1618 arenarum,

1945 1637 2262 1711 margarita
2290 1640 2362 1695 de
2393 1639 2768 1696 multitudine
2797 1638 3082 1712 lapidum.
3115 1637 3381 1706 Pretiosi,
3405 1638 3589 1710 pretio

1941 1726 2245 1797 virtutum,
2270 1727 2453 1801 pretio
2483 1732 2819 1785 sanctorum
2842 1744 3106 1801 operum,
3129 1727 3314 1800 pretio
3346 1733 3587 1785 aeterno-

1942 1832 2075 1871 rum
2107 1817 2477 1889 praamiorum
2512 1834 2525 1874 :
2559 1817 2743 1884 chari,
2775 1817 2916 1891 quia
2944 1816 3137 1882 amici,
3163 1817 3301 1890 quia
3317 1814 3589 1890 ﬁlii,quia

1940 1903 2199 1961 heredes
2218 1906 2339 1976 Dei,
2355 1907 2683 1963 coheredes
2694 1910 2891 1963 autem
2913 1905 3148 1973 Christi,
3166 1905 3492 1963 cohaaredes
3504 1907 3586 1961 vi-

1940 1992 2149 2050 delicet
2177 1994 2392 2052 Christi
2420 1995 2637 2069 glorias,
2672 1995 2888 2052 Christi
2916 1994 3175 2064 honoris,
3207 1994 3421 2051 Christi
3445 1996 3584 2052 bea-

1937 2081 2228 2153 titudinis,
2261 2089 2320 2141 et
2349 2085 2563 2143 Christi
2594 2084 2946 2159 gaudii.Nos
2977 2101 3132 2158 ergo,
3168 2084 3394 2154 fratres,
3428 2082 3585 2143 labo-

1936 2187 2134 2230 remus
2164 2188 2294 2230 esse
2311 2174 2382 2231 de
2402 2191 2648 2231 numero
2677 2190 2996 2247 paucorum
3020 2173 3357 2230 electorum.
3373 2174 3585 2230 Indua-

1935 2274 2069 2316 mus
2099 2261 2443 2319 charitatem
2491 2262 2593 2319 Dei
2641 2266 2698 2318 et
2726 2261 2975 2336 proximi
3011 2280 3023 2317 :
3058 2261 3336 2318 uniamur
3361 2261 3579 2319 caelesti

1933 2364 2149 2421 sponso
2161 2353 2218 2406 et
2228 2367 2456 2423 sponsaa
2481 2351 2635 2407 sicut
2653 2354 3155 2407 sacramentorum
3177 2350 3581 2423 participatio-

1931 2453 2023 2507 ne,
2056 2437 2137 2494 ita
2167 2437 2493 2496 dilectionis
2515 2443 2573 2497 et
2592 2439 2865 2514 puritatis
2898 2439 3150 2495 unione:
3182 2442 3473 2511 quatenus
3504 2441 3578 2497 ad

1930 2529 2175 2585 aiternas
2192 2528 2427 2602 nuptias
2444 2529 2631 2587 securi
2651 2546 2881 2603 semper
2896 2528 3234 2585 recumbere
3253 2526 3575 2596 valeamus,

1926 2612 2210 2690 largiente
2242 2618 2357 2674 Deo
2388 2622 2445 2674 et
2468 2618 2716 2675 Domino
2741 2621 2940 2674 nostro
2959 2618 3101 2673 Jesu
3123 2616 3471 2686 Christo,cui
3487 2621 3577 2674 est

1925 2702 2115 2761 honor
2127 2710 2185 2762 et
2197 2705 2401 2780 gloria,
2420 2723 2525 2781 per
2543 2706 2741 2763 omnia
2761 2705 2972 2763 saecula
2990 2705 3570 2764 saeculorum.Amen.

2480 2813 2787 2869 HOMILIA
2823 2811 3015 2868 XLIV.

2156 2882 2444 2941 DOMINICA
2478 2900 2749 2941 VIGESIMA
2786 2901 2924 2940 POST
2961 2884 3334 2940 TRINITATEM.

1997 2972 2401 3046 Confortamini
2454 2975 2518 3030 in
2565 2975 2819 3040 Domino,
2849 2981 2900 3029 et
2948 2975 3007 3029 in
3049 2975 3297 3047 potentia
3355 2976 3576 3032 virtutis

166 3067 223 3118 et
250 3060 456 3118 stridor
481 3061 744 3118 dentium.
777 3061 942 3119 Sicut
984 3061 1218 3136 singula
1248 3062 1531 3131 membra,
1565 3062 1815 3136 singulis
1919 3060 2035 3132 ejus
2067 3061 2276 3135 (Ephes.
2298 3062 2398 3135 v1).
2432 3063 2495 3119 In
2527 3062 2637 3118 hac
2665 3062 2931 3134 lectione,
2965 3063 3173 3118 fratres
3214 3063 3568 3132 charissimi,

169 3148 333 3207 vitiis
363 3148 647 3207 delectata
676 3156 834 3220 sunt,
848 3152 930 3208 ita
958 3151 1211 3227 singulis
1238 3152 1427 3225 poenis
1457 3151 1814 3209 cruciantur.
1847 3139 1891 3206 C
1928 3154 2127 3205 monet
2150 3154 2207 3205 et
2226 3151 2393 3207 docet
2413 3169 2519 3208 nos
2542 3151 2859 3225 Apostolus
2880 3151 3172 3224 quomodo
3190 3150 3446 3208 inimicis
3471 3169 3573 3208 no-

172 3237 358 3295 Pedes
415 3238 630 3315 quippe
680 3240 783 3313 qui
830 3241 903 3297 ad
952 3239 1177 3298 malum
1225 3242 1556 3308 currebant,
1597 3245 1654 3298 et
1701 3259 1823 3298 ma-

172 3343 289 3383 nus
340 3343 467 3400 quae
523 3326 744 3385 scelera
792 3329 1123 3402 patrabant,
1180 3328 1368 3403 igneis
1419 3330 1640 3387 catenis
1694 3331 1820 3387 vin-

172 3412 434 3473 ciuntur.
468 3416 653 3486 Oculi,
688 3416 789 3490 qui
837 3417 966 3475 luce
1014 3418 1211 3476 divina
1243 3418 1315 3475 ad
1345 3418 1498 3475 male
1527 3420 1820 3494 agendum

172 3503 589 3574 abutebantur,
648 3507 902 3564 exterius
987 3507 1244 3564 tenebris
1325 3513 1706 3579 excaecantur,
1766 3513 1824 3566 et

173 3591 275 3665 qui
297 3593 357 3651 in
376 3594 603 3651 visione
633 3596 1111 3653 desiderabilium
1141 3597 1476 3672 gaudebant
1505 3602 1562 3654 et
1577 3597 1823 3655 delecta-

172 3682 409 3753 bantur,
433 3683 783 3742 aaternaliter
804 3686 1043 3741 ﬂebunt.
1067 3686 1279 3742 Dentes
1301 3687 1662 3760 quoque,qui
1684 3688 1820 3744 eda-

172 3770 347 3828 citate
366 3773 720 3845 gaudebant,
740 3791 856 3846 prae
873 3773 1174 3831 nimietate
1205 3775 1437 3849 frigoris
1467 3776 1816 3833 stridebant.

175 3859 403 3933 Lingua
432 3860 633 3931 etiam,
659 3880 786 3935 quae
816 3863 1120 3920 detrahere
1150 3866 1207 3920 et
1234 3863 1581 3922 maledicere
1610 3867 1822 3939 gaude-

174 3948 294 4019 bat,
318 3949 471 4006 sicut
492 3950 563 4007 de
584 3951 763 4009 divite
782 3955 1103 4024 purpurato
1123 3952 1292 4026 legis,
1313 3953 1371 4008 in
1389 3957 1669 4010 aeternum
1694 3955 1821 4012 sine

174 4034 293 4092 ullo
329 4038 629 4111 refrigerio
678 4040 925 4096 ardebit.
959 4040 1180 4097 Gustus
1211 4057 1462 4113 quoque,
1497 4042 1595 4114 qui
1628 4043 1687 4098 in
1721 4061 1820 4100 co-

174 4125 634 4183 messationibus
654 4131 711 4183 et
721 4127 1102 4185 ebrietatibus
1114 4128 1477 4185 delectabatu
1484 4131 1566 4199 r,f
1561 4147 1753 4188 amem
1766 4137 1824 4188 et

175 4211 359 4284 sitim,
394 4213 546 4271 sicut
576 4215 636 4271 in
677 4215 1007 4291 Evangelio,
1037 4221 1097 4273 et
1139 4217 1199 4272 in
1256 4218 1598 4293 Apocalypsi
1651 4220 1819 4295 legis,

175 4302 525 4360 teternaliter
551 4304 825 4377 patietur.
848 4305 1030 4362 Nares
1051 4323 1283 4380 quoque
1300 4307 1479 4381 quiin
1504 4307 1822 4367 luxuriosis

174 4390 454 4451 odoribus
485 4392 946 4462 delectabantur,
979 4395 1175 4452 faetore
1204 4395 1553 4454 intolerabili
1576 4397 1638 4454 in
1662 4403 1821 4455 aeter-

1930 3236 2068 3293 stris
2098 3238 2365 3296 resistere
2395 3239 2732 3310 valeamus;
2765 3242 2822 3296 et
2849 3239 2959 3295 hoc
2991 3240 3164 3297 modo
3190 3256 3203 3295 :
3230 3239 3423 3296 Primo
3453 3246 3578 3297 mo-

1930 3329 2030 3382 net
2054 3344 2161 3384 nos
2190 3328 2499 3385 confortari
2521 3329 2581 3384 in
2604 3329 2742 3396 Deo,
2767 3332 2825 3384 et
2852 3327 3069 3385 armari
3099 3331 3400 3385 armatura
3427 3329 3577 3400 ejus.

1929 3414 2196 3472 Secundo
2220 3418 2475 3473 ostendit
2497 3421 2700 3474 contra
2716 3434 2864 3490 quos
2880 3416 3079 3473 hostes
3095 3433 3357 3490 pugnare
3377 3417 3582 3473 debea-

1930 3520 2083 3560 mus.
2108 3505 2302 3561 Tertio
2325 3506 2579 3562 ostendit
2598 3505 2815 3578 quibus
2838 3505 3020 3562 armis
3051 3521 3369 3579 possumus
3384 3506 3470 3562 eis
3490 3522 3579 3561 re-

1929 3590 2137 3648 sistere
2157 3597 2216 3648 et
2243 3610 2341 3650 eos
2374 3593 2745 3668 impugnare.
2772 3593 2967 3650 Primo
2989 3611 3125 3667 ergo
3152 3594 3422 3650 hortatur
3440 3610 3577 3649 con-

1929 3679 2129 3738 fortari
2163 3699 2270 3738 nos
2298 3683 2359 3738 in
2382 3683 2520 3753 Deo,
2553 3700 2688 3739 cum
2718 3683 2801 3738 ait
2831 3701 2844 3739 :
2879 3683 3280 3755 Confortamini
3307 3685 3370 3738 in
3392 3683 3576 3739 Domi-

1926 3784 2017 3825 no.
2050 3771 2129 3825 Ac
2159 3770 2207 3826 si
2233 3772 2451 3828 diceret
2483 3789 2496 3828 :
2533 3773 2785 3839 Fratres,
2810 3771 2990 3828 nolite
3018 3772 3310 3828 conﬁdere
3331 3770 3392 3826 in
3411 3770 3578 3827 vobis

1928 3874 2034 3913 nec
2055 3858 2115 3914 in
2138 3858 2337 3933 aliqua
2352 3878 2412 3916 re
2434 3860 2739 3933 temporali
2766 3878 2781 3929 ;
2815 3861 2916 3917 sed
2947 3860 3007 3915 in
3038 3860 3162 3917 solo
3190 3860 3324 3916 Deo.
3349 3860 3412 3915 In
3439 3876 3573 3931 quo,

1929 3947 2158 4019 fratres,
2190 3948 2498 4004 confundit
2527 3950 2859 4004 mundanos
2908 3948 3197 4019 homines,
3231 3947 3331 4020 qui
3360 3947 3421 4002 in
3451 3946 3578 4003 suis

1927 4034 2016 4091 vel
2050 4036 2371 4092 amicorum
2431 4053 2675 4093 suorum
2731 4036 2974 4104 viribus,
3009 4036 3097 4092 vel
3128 4036 3188 4090 in
3219 4035 3458 4103 divitiis,
3487 4033 3576 4091 vel

1930 4123 1991 4179 in
2019 4123 2305 4198 sapientia
2334 4142 2442 4181 sua
2471 4125 2793 4193 confidunt,
2809 4123 3007 4181 etideo
3026 4123 3399 4196 decipiuntur
3414 4127 3470 4179 et
3485 4138 3580 4195 pe-

1931 4217 2121 4269 reunt.
2155 4211 2272 4270 Vos
2302 4218 2520 4282 autem,
2554 4213 2781 4281 fratres,
2810 4211 2857 4270 si
2897 4212 3018 4269 veri
3067 4211 3382 4268 Christiani
3412 4211 3574 4281 estis,

1930 4301 1991 4357 in
2022 4302 2160 4369 Deo,
2192 4318 2308 4358 non
2341 4300 2476 4369 alio,
2509 4318 2672 4375 spem
2716 4300 3002 4368 habeatis,
3030 4317 3145 4358 non
3177 4299 3485 4357 confidatis
3514 4299 3575 4355 in

1926 4389 2152 4448 viribus
2202 4391 2430 4448 vestris.
2463 4391 2754 4463 Scriptum
2813 4394 2904 4447 est
2957 4389 3114 4446 enim
3150 4407 3162 4445 :
3196 4389 3366 4459 Gigas
3393 4389 3575 4444 salva-

175 4495 318 4573 num
348 4480 698 4573 afﬁcientur.
721 4482 784 4538 In
804 4482 1149 4558 Apocalypsi
1183 4485 1338 4541 enim
1366 4484 1510 4560 legis
1528 4487 1599 4543 de
1614 4490 1820 4560 stagno
1848 4508 1897 4573 Ι)
1933 4480 2081 4573 bitur
2101 4479 2543 4573 multitudine
2570 4481 2815 4573 (virtutis
2870 4478 3417 4573 suta-(Psatsxsxu).
3448 4476 3574 4573 Non

175 4568 331 4653 ignis
359 4573 417 4626 et
445 4569 770 4644 sulphuris,
801 4572 863 4628 in
893 4589 1009 4645 quo
1040 4574 1269 4648 reprobi
1306 4574 1607 4647 jacientur
1634 4576 1816 4650 (Apoc.

173 4658 289 4732 xx).
321 4659 506 4716 Aures
537 4676 791 4733 quoque,
828 4678 954 4734 qua:
986 4663 1057 4718 ad
1105 4680 1316 4720 sonum
1365 4664 1737 4738 cytherarum
1768 4670 1825 4723 et

174 4747 609 4807 luxuriosarum
640 4749 1068 4807 cantilenarum
1098 4752 1557 4821 delectabantur,
1576 4754 1825 4814 stridore

177 4852 501 4908 pcenarum,
535 4836 735 4912 rugitu
765 4838 1207 4905 daemoniorum,
1233 4846 1289 4897 et
1320 4841 1549 4898 ulutatu
1580 4843 1822 4901 misero-

178 4941 308 4981 rum
326 4929 712 4994 vexabuntur,
732 4928 886 4985 sicut
909 4928 967 4983 in
990 4930 1289 5002 prophetis
1309 4935 1365 4987 et
1388 4931 1447 4986 in
1476 4932 1824 5007 Apocalypsi

176 5013 342 5087 legis.
359 5013 621 5073 Membra
639 5016 813 5073 etiam
839 5033 966 5090 quae
986 5016 1301 5075 luxuriosis
1313 5024 1370 5075 et
1381 5020 1661 5077 suavibus
1682 5038 1823 5078 con-

178 5100 433 5159 tactibus
446 5103 1206 5175 delectabantur,vermibus
1224 5112 1283 5164 et
1298 5109 1566 5166 incendio
1582 5110 1641 5164 in
1663 5115 1824 5167 aeter-

179 5208 320 5248 num
351 5192 700 5264 puniuntur.
734 5195 896 5252 Unde
921 5195 982 5251 in
1014 5195 1299 5269 propheta
1328 5201 1385 5254 et
1420 5198 1479 5257 in
1511 5199 1821 5272 Evangelio

180 5279 323 5354 legis
356 5297 371 5336 :
404 5280 550 5346 Quia
594 5284 810 5341 vermis
858 5302 1060 5341 eorum
1110 5302 1226 5341 non
1282 5287 1549 5355 moritur,
1583 5293 1639 5345 et
1670 5289 1822 5362 ignis

180 5386 294 5427 non
325 5368 717 5444 exstinguitur
745 5375 896 5442 (Isai.
942 5392 1108 5444 LXVI;
1157 5374 1319 5431 Marc.
1364 5376 1460 5449 1x),
1493 5381 1552 5433 et
1581 5378 1665 5433 sic
1696 5395 1820 5434 cor—

181 5476 319 5534 pora
348 5458 666 5533 impiorum
712 5464 1033 5520 secundum
1086 5481 1289 5520 omnes
1335 5482 1545 5521 sensus
1574 5470 1630 5522 et
1659 5470 1824 5522 actus

182 5565 316 5613 suos
345 5550 795 5622 torquebuntur.
828 5550 1219 5613 Nihilominus
1251 5557 1308 5611 et
1336 5553 1533 5612 anima
1575 5554 1822 5613 interius

1930 4568 2239 4625 confidatis
2266 4568 2326 4624 in
2356 4566 2643 4640 sapientia
2669 4571 2881 4633 vestra,
2914 4566 3053 4639 quia
3103 4566 3388 4638 scriptum
3436 4568 3525 4621 est
3558 4581 3571 4619 :

1929 4658 2165 4714 Perdam
2212 4659 2543 4730 sapientiam
2595 4658 2928 4730 sapientium
2971 4663 3023 4712 et
3062 4654 3417 4728 prudentiam
3447 4670 3581 4725 pru~

1933 4747 2179 4803 dentium
2206 4748 2503 4820 reprobabo
2526 4747 2574 4815 (Ι
2599 4748 2723 4804 Cor.
2758 4748 2820 4816 1).
2850 4745 2976 4802 Non
3007 4743 3316 4801 conﬁdatis
3345 4742 3405 4798 in
3437 4741 3578 4797 divi-

1931 4837 2032 4894 tiis
2049 4836 2277 4906 vestris,
2311 4834 2449 4909 quia
2473 4835 2757 4908 scriptum
2778 4838 2900 4890 est:
2925 4835 3043 4905 Qui
3059 4831 3303 4906 conﬁdit
3324 4834 3389 4889 in
3409 4831 3575 4887 divi-

1932 4928 2037 4985 tiis
2064 4929 2188 4983 suis
2216 4936 2446 4984 corruet
2471 4927 2662 4999 (Prov.
2685 4928 2767 4994 ιι).
2800 4924 2926 4979 Non
2957 4921 3265 4979 conﬁdatis
3294 4921 3352 4976 in
3384 4919 3575 4976 homi-

1934 5033 2005 5073 ne
2038 5035 2051 5074 ε
2087 5033 2224 5072 nam
2255 5014 2534 5088 scriptum
2566 5017 2655 5070 est
2684 5030 2695 5069 :
2729 5011 3094 5069 Maledictus
3125 5012 3298 5067 homo
3326 5010 3429 5082 qui
3447 5025 3579 5066 con-

1927 5106 2067 5179 lidit
2090 5107 2153 5161 in
2176 5106 2489 5172 homine,et
2504 5103 2667 5176 ponit
2678 5118 2913 5159 carnem
2927 5101 3235 5157 brachium
3252 5116 3418 5156 suum
3430 5100 3572 5172 (Jer.

1930 5196 2090 5267 xvu).
2124 5195 2248 5251 Non
2283 5192 2592 5250 conﬁdatis
2624 5193 2680 5247 in
2712 5191 2935 5248 viribus
2982 5189 3151 5245 liberi
3198 5188 3422 5245 arbitrii
3471 5204 3576 5246 vos

1930 5302 2103 5359 posse
2132 5284 2410 5339 mandata
2434 5282 2533 5339 Dei
2565 5280 2903 5355 adimplere.
2929 5280 3225 5352 Scriptum
3257 5281 3345 5334 est
3373 5278 3531 5334 cnim
3555 5295 3569 5332 :

1927 5376 2135 5433 Juravi
2147 5382 2202 5430 et
2222 5374 2413 5429 statui
2431 5372 2730 5429 custodire
2735 5371 2979 5444 judicia
2982 5370 3248 5443 jus-tiliae
3263 5377 3375 5423 tum
3392 5364 3571 5439 (Psal.

1931 5463 2142 5535 cxvm).
2177 5463 2287 5519 Sed
2322 5478 2385 5518 se
2423 5462 2483 5516 in
2515 5461 2622 5517 hoc
2652 5458 3099 5533 prmsumpsisse
3129 5454 3407 5524 ostendit,
3437 5470 3574 5509 cum

1932 5553 2169 5612 subdit:
2203 5551 2568 5608 Humiliatus
2591 5567 2715 5609 sum
2744 5562 3139 5624 usquequaque
3169 5543 3323 5617 (Ibid
3347 5546 3389 5613 ).
3414 5543 3573 5601 Idem
