3974 6076
337 260 500 328 2099

1347 258 1745 323 ADDENDA.
1780 292 1858 302 —
1886 256 2283 322 RADULPHI
2326 255 2739 322 ARDENTIS.

3632 251 3827 316 2100

339 378 574 472 quoque
626 394 709 453 ait
740 411 755 453 :
804 394 916 466 Ego
969 393 1094 452 dixi
1146 395 1209 451 in
1254 393 1597 452 abundantia
1644 410 1767 451 mea
1792 412 1811 449 :
1861 396 1986 450 Non
2012 398 2067 462 Α
2095 400 2200 449 tote
2228 394 2360 465 quia
2386 410 2471 450 me
2493 395 2732 467 priorem
2762 392 2913 450 vobis
2941 391 3063 449 odio
3091 391 3285 449 habuit
3313 388 3825 465 (Joan.xv).Eta‘

336 487 589 545 movebar
614 488 675 544 in
702 493 991 545 teternum.
1015 485 1125 541 Sed
1157 486 1403 542 avertisti
1425 486 1626 557 faciem
1644 494 1795 540 tuam
1813 501 1849 540 a
1877 500 1983 552 me,

340 585 394 636 et
424 580 605 651 factus
634 592 758 631 sum
803 574 1155 631 conturbatus
1195 574 1368 647 (Psal.
1401 577 1577 643 xxxx).
1609 574 1815 630 Petrus
1846 589 1987 645 quo-

343 682 456 741 que
486 664 666 721 nimis
686 664 757 720 de
778 681 841 721 se
859 664 1256 737 praesumpsit,
1280 663 1481 720 dicens
1505 680 1517 717 :
1552 664 1617 719 Et
1643 664 1693 719 si
1708 670 1989 734 opportue—

341 757 422 812 rit
445 770 532 811 me
548 755 694 810 mori
714 760 911 821 tecum,
931 770 1041 808 non
1073 761 1123 809 te
1151 752 1358 822 negabo
1388 753 1592 825 (Matth.
1616 769 1749 807 xxvx
1773 770 1787 821 ;
1819 752 1985 807 Marc.

343 843 460 917 xxv)
486 859 500 899 :
525 843 628 899 sed
649 846 844 898 tamen
866 840 1117 915 negavit.
1139 841 1172 898 J
1180 842 1325 897 udas
1355 857 1588 913 quoque
1618 839 1989 896 Machabzeus

346 932 490 988 dum
506 930 565 987 in
582 929 705 988 solo
721 934 835 985 Deo
856 929 1114 986 conﬁsus
1135 933 1242 995 est,
1267 946 1497 1002 semper
1516 927 1698 984 victor
1727 927 1950 984 exstitit
1974 945 1988 996 ;

347 1024 414 1076 ut
428 1023 623 1077 autem
638 1017 877 1075 conﬁdit
888 1018 945 1074 in
961 1018 1260 1087 Romanis,
1278 1018 1515 1074 corruit.
1530 1017 1990 1090 ltaque,fratres,

348 1110 410 1165 in
432 1107 556 1165 solo
576 1108 692 1164 Deo
715 1124 882 1181 spem
902 1110 960 1163 et
979 1106 1462 1163 confortationem
1482 1111 1743 1162 nostram
1774 1105 1994 1182 habea-

348 1215 504 1266 mus,
536 1201 594 1253 et
622 1213 758 1253 cum
790 1195 1079 1269 Propheta
1107 1196 1412 1264 dicamus;
1447 1196 1691 1267 Diligam
1718 1203 1785 1261 te,
1819 1197 1999 1251 Domi-

346 1304 435 1355 ne,
458 1282 635 1345 virtus
663 1303 807 1353 mea,
830 1287 1091 1342 Dominus
1119 1286 1527 1356 ﬁrmamentum
1554 1301 1756 1352 meum,
1771 1292 1823 1341 et
1852 1287 1999 1358 refu-

348 1379 503 1451 gium
529 1392 731 1445 meum,
763 1383 814 1432 et
835 1376 1103 1431 liberator
1128 1391 1282 1431 meus
1314 1374 1485 1446 (Psal.
1506 1375 1664 1447 xvn).
1696 1375 1767 1430 Et
1797 1372 1942 1429 illud
1980 1389 1994 1428 :

349 1466 486 1523 Hihi
530 1473 713 1522 autem
767 1465 1049 1522 adhaerere
1103 1465 1207 1520 Deo
1259 1464 1459 1519 bonum
1503 1471 1601 1537 est,
1632 1472 1683 1520 et
1705 1480 1910 1536 ponere
1938 1465 2001 1519 in

352 1556 582 1612 Domino
616 1558 727 1612 Deo
754 1570 905 1627 spem
930 1569 1110 1610 meam
1138 1554 1299 1622 (Eccl.
1326 1556 1410 1623 ιι),
1434 1553 1736 1626 quoniam,
1761 1558 1827 1609 ut
1850 1552 1999 1609 scri-

353 1644 517 1701 bitur
540 1660 552 1700 :
575 1645 710 1715 Quis
736 1644 982 1716 speravit
1000 1644 1063 1698 in
1089 1644 1337 1710 Domino,
1361 1651 1412 1699 et
1431 1645 1690 1715 confusus
1719 1646 1843 1698 est?
1873 1643 2001 1713 Spes

2093 481 2159 538 de
2177 483 2276 538 hoc
2292 483 2496 539 mundo
2516 482 2968 549 essetis,mundus
2989 481 3130 555 quod
3148 498 3311 537 suum
3330 490 3461 538 erat
3479 481 3820 550 diligeret,

2093 571 2186 627 sed
2209 573 2341 644 quia
2359 571 2423 628 de
2438 573 2536 628 hoc
2560 572 2759 628 mundo
2780 588 2889 628 non
2909 574 3036 628 estis
3052 579 3336 644 propterea
3356 571 3479 627 odit
3490 586 3611 626 vos
3630 586 3821 624 mun-
3916 626 3917 653 1

2095 661 2197 717 dus
2230 665 2412 731 (Joan.
2446 660 2561 733 xv).
2612 662 2683 717 Et
2710 662 2967 717 Joannes
2997 678 3011 717 :
3045 661 3240 727 Nolite,
3273 660 3495 734 inquit,
3538 659 3823 726 diligere
3916 672 3917 683 ι

2094 750 2363 806 mundum
2390 767 2565 823 neque
2591 768 2655 807 ea
2685 766 2811 824 qua:
2840 751 2900 806 in
2932 750 3135 806 mundo
3163 758 3311 822 sunt,
3325 751 3465 823 quia
3494 734 3820 823 quidquid

2097 847 2177 896 est
2212 842 2273 895 in
2318 839 2521 896 mundo
2567 849 2665 896 aut
2710 847 2789 896 est
2836 842 3273 913 concupiscentia
3318 839 3671 905 oculorum,
3713 848 3821 892 aut
3916 890 3917 913 ἰ

2098 931 2535 1001 concupiscentia
2580 931 2767 985 carnis
2816 936 2913 985 aut
2950 929 3207 1001 superbia
3244 930 3374 985 vitae
3404 928 3457 1000 (I
3481 929 3681 984 Joan.
3722 932 3815 994 Ii).

2100 1018 2267 1074 Hunc
2297 1018 2526 1074 hostem
2560 1022 2722 1075 notat
2751 1018 2846 1074 hic
2866 1017 3201 1091 Apostolus,
3227 1034 3361 1073 cum
3385 1017 3569 1085 dicit,
3598 1016 3817 1072 adver-

2100 1124 2193 1163 sus
2221 1108 2383 1181 hujus
2411 1107 2608 1164 mundi
2652 1116 2901 1175 rectores,
2936 1124 3039 1180 per
3067 1107 3225 1163 hunc
3256 1107 3573 1163 mundum
3616 1105 3813 1161 mali-

2104 1196 2248 1252 tiam
2280 1197 2718 1252 mundanorum
2744 1197 3077 1264 hominum,
3109 1213 3236 1270 qua:
3267 1214 3303 1252 a
3329 1194 3685 1251 daemoniis
3714 1210 3811 1250 re-

2104 1284 2263 1357 gitur
2298 1284 2653 1360 intelligens.
2687 1290 2899 1342 Contra
2930 1285 3135 1342 mundi
3168 1284 3462 1341 malitiam
3495 1300 3811 1357 pugnan-

2106 1374 2247 1430 dum
2270 1379 2358 1430 est
2378 1392 2481 1447 per
2500 1375 2868 1447 patientiam,
2888 1391 2992 1448 per
3010 1378 3418 1447 contemptum
3454 1373 3723 1442 mundi,
3748 1377 3811 1428 et

2107 1463 2466 1519 desiderium
2518 1463 2770 1521 caelestis
2803 1463 2988 1537 regni.
3021 1462 3253 1520 Tertius
3278 1479 3414 1520 vero
3449 1462 3671 1518 hostis
3713 1466 3805 1517 est

2108 1552 2504 1627 malignorum
2535 1553 2853 1626 spirituum
2885 1552 3194 1619 exercitus,
3218 1558 3425 1608 contra
3458 1568 3663 1624 quem
3690 1568 3803 1607 nos

2109 1646 2310 1697 monet
2339 1642 2651 1715 Apostolus
2680 1643 2885 1699 Petrus
2905 1642 3138 1699 dicens:
3164 1644 3340 1698 Estote
3365 1640 3714 1714 prudentes,
3748 1648 3802 1697 et

354 1732 511 1790 enim
526 1733 696 1805 juxta
712 1730 1076 1805 Apostolum,
1090 1747 1203 1788 non
1222 1733 1507 1805 confundit
1529 1733 1699 1805 (Rom.
1713 1732 1790 1803 v).
1813 1733 2000 1798 Quare
2033 1767 2081 1832 Β
2110 1732 2335 1802 vigilate
2356 1733 2416 1786 in
2436 1734 2812 1800 orationious;
2842 1734 2973 1804 quia
2993 1732 3340 1787 adversarius
3370 1739 3553 1787 vester
3587 1730 3798 1787 diabo-

356 1825 553 1880 autem
599 1821 660 1878 in
690 1820 938 1877 Domino
968 1837 1201 1893 sperare
1231 1825 1288 1878 et
1316 1821 1627 1877 confortari
1660 1821 2002 1887 debeamus,

357 1910 616 1969 ostendit
641 1909 955 1983 Apostolus
985 1926 1116 1965 cum
1150 1909 1371 1977 subdit,
1404 1918 1456 1967 et
1484 1912 1544 1966 in
1564 1912 1805 1982 potentia
1832 1912 2006 1966 virtu-

358 2001 429 2057 tis
454 2001 591 2074 ejus.
624 1998 890 2055 Potentia
917 2003 1008 2055 est
1038 1998 1097 2054 in
1124 1999 1531 2068 exterioribus,
1565 1999 1753 2054 virtus
1781 2015 1915 2055 vero
1943 1998 2004 2053 in

358 2087 758 2146 interioribus.
811 2090 877 2144 In
910 2092 1021 2144 Deo
1051 2104 1183 2144 vero
1216 2089 1371 2145 idem
1403 2092 1493 2144 est
1521 2088 1779 2161 potentia
1808 2092 1865 2143 et
1890 2086 2005 2142 vir-

358 2182 477 2234 tus.
509 2177 697 2242 Quare
726 2193 862 2250 ergo
905 2176 1006 2245 ait,
1039 2179 1101 2232 in
1122 2179 1367 2249 potentia
1409 2178 1633 2233 virtutis
1662 2177 1780 2249 ejus
1800 2179 1825 2231 ?
1855 2178 2005 2242 Quo-

361 2266 523 2337 niam
555 2265 726 2321 multi
754 2265 973 2321 habent
998 2266 1317 2338 potentiam
1360 2265 1486 2321 sine
1514 2266 1749 2321 virtute.
1783 2266 2009 2321 Habent

360 2353 682 2427 potentiam
727 2352 1000 2421 exterius,
1033 2354 1133 2409 sed
1167 2370 1283 2409 non
1315 2353 1580 2410 interius.
1614 2354 1880 2410 Exterius
1907 2354 2006 2410 do-

362 2442 666 2500 minantur
694 2441 1171 2509 hominibus,sed
1202 2441 1448 2498 interius
1473 2441 1586 2498 sibi
1618 2459 1733 2498 non
1761 2445 2011 2515 possunt

363 2530 676 2590 dominari.
708 2531 859 2588 Sunt
887 2529 1141 2587 exterius
1168 2529 1391 2587 domini
1422 2530 1752 2600 hominum,
1786 2531 1889 2587 sed
1918 2531 2008 2586 in-

362 2620 547 2678 terius
577 2623 718 2677 sunt
746 2619 896 2676 servi
926 2619 1225 2675 vitiorum.
1256 2619 1514 2675 Vincunt
1542 2621 1796 2677 exterius
1826 2619 2013 2676 homi-

365 2723 493 2780 nes,
524 2710 626 2765 sed
663 2708 980 2765 vincuntur
1024 2708 1270 2765 interius
1300 2708 1375 2764 ab
1404 2708 1512 2777 ira,
1544 2726 1579 2764 a
1605 2709 1944 2782 cupiditate,
1978 2726 2013 2765 a

367 2797 663 2870 superbia,
681 2801 739 2853 et
768 2815 803 2855 a
828 2797 1052 2853 caeteris
1080 2797 1256 2854 vitiis.
1280 2798 1416 2853 Inde
1442 2802 1533 2853 est
1560 2815 1675 2870 quo
1704 2797 2010 2854 dominan-

367 2890 465 2943 tur
496 2886 770 2955 exterius,
804 2887 907 2942 sed
954 2885 1080 2944 sine
1127 2886 1386 2955 ratione;
1412 2887 1704 2959 judicant,
1737 2888 1839 2944 sed
1888 2887 2014 2941 sine

363 2975 634 3048 justitia;
664 2974 975 3048 imperant,
990 2976 1091 3031 sed
1122 2975 1251 3032 sine
1279 2975 1653 3043 discretione;
1674 2975 2015 3048 potestative

369 3069 573 3141 agunt,
604 3066 703 3122 sed
735 3065 864 3123 sine
895 3064 1200 3121 modestia.
1216 3064 1297 3120 Ne
1323 3081 1458 3120 vero
1487 3064 1710 3137 aliquid
1744 3063 1859 3121 tale
1889 3080 2015 3121 sus-

2113 1822 2218 1887 lus,
2235 1828 2498 1893 tanquam
2519 1821 2599 1877 leo
2616 1823 2842 1892 rugiens
2857 1823 3054 1878 circuit
3069 1836 3319 1894 quaerens
3340 1836 3506 1893 quem
3537 1819 3795 1888 devoret,

2111 1911 2206 1965 cui
2250 1912 2486 1966 resistite
2538 1914 2706 1983 fortes
2764 1912 2823 1967 in
2877 1911 2983 1983 ﬁde
3012 1912 3059 1983 (I
3087 1912 3227 1967 Petr.
3263 1911 3363 1982 1v).
3396 1908 3482 1965 De
3515 1925 3648 1982 quo
3696 1908 3793 1964 hic

2114 1998 2430 2071 Apostolus
2445 1998 2667 2071 largius
2685 1999 3061 2072 prosequitur
3076 1997 3297 2066 dicens,
3312 1989 3599 2054 Adversus
3614 2000 3788 2071 prin-

2113 2088 2323 2159 cipatus
2352 2095 2405 2143 et
2447 2096 2752 2159 potestates,
2785 2088 3044 2144 adversus
3086 2089 3250 2160 hujus
3294 2087 3501 2143 mundi
3546 2095 3790 2143 rectores

2115 2176 2460 2233 tenebrarum
2485 2177 2685 2232 harum
2711 2185 2899 2234 contra
2926 2177 3208 2249 spiritalia
3228 2177 3496 2249 nequitia
3528 2178 3593 2231 in
3623 2176 3787 2231 cale-

2114 2266 2306 2322 stibus.
2340 2265 2441 2321 His
2471 2265 2683 2332 verbis,
2717 2266 2927 2323 fratres
2971 2264 3106 2335 mei,
3140 2264 3429 2322 malitiam
3480 2264 3785 2339 maligno-

2118 2372 2249 2411 rum
2307 2355 2624 2427 spirituum
2682 2359 2992 2429 exaggerat
3045 2353 3383 2428 Apostolus,
3430 2358 3502 2408 ut
3557 2359 3783 2426 quanto

2116 2443 2315 2500 hostes
2347 2444 2529 2499 nostri
2557 2447 2699 2500 sunt
2727 2444 2954 2517 pejores
2974 2444 3046 2500 ad
3072 2443 3432 2509 nocendum,
3455 2448 3626 2498 tanto
3656 2443 3782 2499 efﬁ-

2118 2533 2347 2589 ciamur
2378 2532 2766 2605 promptiores
2797 2533 2868 2588 ad
2890 2532 3510 2589 resistendum.Vocat
3526 2548 3666 2606 ergo
3681 2548 3780 2589 eos

2115 2625 2479 2695 principatus,
2514 2621 2650 2695 quia
2683 2639 2790 2679 nec
2821 2621 3061 2696 singuli,
3096 2639 3202 2678 nec
3232 2621 3407 2678 divisi
3442 2639 3558 2678 nos
3585 2638 3781 2695 ρει-εε-

2120 2716 2404 2786 quuntur,
2419 2713 2520 2768 sed
2543 2713 2614 2767 ad
2637 2710 2968 2784 exemplum
2993 2715 3329 2767 sanctorum
3355 2711 3711 2784 angelorum
3730 2714 3783 2767 et

2120 2799 2625 2874 archangelorum,
2650 2797 2750 2854 alii
2780 2803 2921 2855 sunt
2943 2800 3215 2872 majores,
3237 2797 3339 2854 alii
3366 2802 3513 2855 sunt
3531 2798 3781 2854 minores

2122 2889 2416 2962 principes
2439 2888 2537 2962 qui
2558 2905 2690 2943 cum
2726 2888 3001 2945 omnibus
3033 2888 3157 2944 suis
3188 2887 3632 2960 subjectis,nos
3652 2904 3785 2943 uua-

2122 2977 2361 3034 nimiter
2388 2980 2841 3050 persequuntur.
2877 2977 3058 3032 Vocat
3110 2977 3286 3032 etiam
3341 2993 3449 3033 eos
3477 2984 3778 3048 potestates,

2127 3065 2405 3139 quoniam
2431 3083 2501 3123 ex
2542 3069 2753 3122 natura
2802 3083 2919 3122 suae
2951 3064 3216 3138 originis,
3244 3065 3452 3138 magni
3482 3065 3704 3139 vigoris
3731 3068 3781 3121 et

368 3137 662 3230 picaretur
676 3154 747 3210 de
762 3152 1182 3226 omnipotentis
1199 3151 2012 3226 Dei,adjunxit,virtutis,quoo
2043 3137 2086 3203 C
2122 3137 2427 3229 potestatis
2458 3158 2615 3223 sunt,
2650 3171 2755 3211 nec
2784 3155 2959 3210 homo
2990 3137 3072 3229 eis
3107 3137 3381 3210 resistere
3412 3137 3640 3227 posset,
3674 3153 3777 3209 nisi

369 3243 529 3302 niam
560 3241 984 3316 omnipotentia
1020 3242 1149 3313 ejus
1178 3240 1362 3297 virtus
1392 3245 1501 3297 est.
1535 3241 1824 3314 Quidquid
1853 3242 2010 3298 enim

364 3335 503 3409 agit,
545 3333 861 3407 sapienter,
904 3333 1085 3405 juste,
1138 3331 1382 3403 fortiter,
1437 3334 1494 3387 et
1549 3331 1811 3387 modeste
1867 3332 2007 3405 agit.

360 3423 660 3492 Quomodo
682 3426 877 3478 autem
902 3419 962 3475 in
988 3420 1106 3476 Deo
1136 3419 1313 3475 fortes
1330 3435 1457 3475 esse
1479 3418 1797 3492 possimus,
1821 3425 2012 3476 osten-

355 3512 442 3569 dit
471 3528 606 3569 cum
634 3509 835 3568 subdit
865 3527 879 3565 :
911 3511 978 3565 Et
1008 3509 1226 3565 induite
1253 3516 1598 3564 armaturam
1626 3510 1743 3565 Dei.

428 3601 705 3674 Sequitur
723 3615 859 3672 pars
880 3597 1159 3666 secunda,
1183 3597 1243 3652 in
1267 3614 1387 3668 qua
1410 3596 1664 3653 ostendit
1692 3596 2008 3670 Apostolus

358 3694 563 3748 contra
579 3705 728 3761 quos
747 3687 945 3743 hostes
968 3701 1227 3759 pugnare
1245 3685 1584 3753 debeamus,
1609 3703 1744 3742 cum
1767 3687 2004 3743 subdit':

357 3778 624 3836 Adversus
671 3774 901 3831 insidias
934 3774 1163 3829 diaboli.
1204 3775 1323 3829 Non
1349 3781 1426 3829 est
1451 3775 1600 3830 enim
1622 3776 1780 3830 nobis
1807 3776 2009 3831 colluc-

359 3868 498 3926 tatio
545 3864 804 3922 adversus
847 3879 1069 3920 carnem
1096 3870 1149 3919 et
1170 3864 1525 3932 sanguinem,
1560 3863 1848 3920 subaudis
1884 3869 2011 3921 tan-

360 3958 513 4012 tum.
533 3956 682 4009 Sunt
704 3950 858 4008 enim
885 3951 1053 4008 nobis
1083 3954 1201 4007 tres
1232 3950 1476 4020 inimici,
1500 3954 1702 4007 contra
1729 3969 1874 4024 quos
1906 3969 2009 4008 no-

363 4044 458 4101 bis
473 4046 564 4101 est
587 4040 972 4116 pugnandum
997 4057 1012 4109 ;
1037 4057 1169 4097 caro
1191 4043 1413 4105 nostra,
1438 4041 1717 4109 mundus,
1740 4045 1797 4096 et
1817 4041 2012 4097 diabo-

364 4131 477 4189 lus.
537 4132 617 4188 De
673 4145 846 4186 carne
903 4128 1045 4185 dicit
1099 4127 1457 4202 Apostolus:
1492 4128 1629 4185 Caro
1683 4132 2013 4202 concupiscit

365 4220 624 4278 adversus
651 4220 912 4292 spiritum
944 4217 1084 4291 (Gal.
1118 4221 1196 4285 v).
1230 4217 1328 4272 Est
1348 4217 1528 4290 igitur
1551 4216 1883 4274 colluctatio
1907 4235 2010 4274 no-

365 4309 478 4378 bis,
503 4327 619 4366 non
656 4309 936 4365 adversus
962 4311 1257 4373 naturam,
1278 4307 1379 4362 sed
1410 4307 1688 4364 adversus
1718 4307 1857 4364 vitia
1886 4324 2011 4365 car-

366 4399 460 4456 nis
491 4403 548 4455 et
574 4397 904 4472 sanguinis.
934 4400 1217 4451 Naturam
1249 4395 1406 4451 enim
1439 4400 1701 4452 nostram
1734 4414 1850 4453 non
1881 4397 2011 4454 des-

2119 3245 2273 3301 Deus
2302 3243 2589 3301 malitiam
2620 3260 2823 3300 eorum
2870 3244 3209 3300 refrenaret.
3240 3242 3411 3299 Unde
3443 3249 3503 3299 et
3535 3242 3776 3317 legimus

2119 3334 2272 3407 quod
2306 3320 2549 3407 angelus
2575 3350 2694 3388 una
2715 3336 2880 3389 nocte
2908 3331 3551 3406 primogenita/Egypti
3575 3331 3775 3387 occidit

2120 3422 2306 3496 (Exod.
2342 3422 2460 3495 xu).
2494 3423 2605 3479 Sed
2638 3426 2703 3477 ut
2732 3422 2813 3478 ait
2841 3422 2998 3477 idem
3028 3419 3365 3494 Apostolus,
3403 3426 3564 3476 Deus
3594 3419 3773 3475 ﬁdelis

2117 3517 2227 3579 est,
2250 3528 2356 3567 nec
2386 3512 2640 3584 patietur
2668 3510 2928 3583 aliquem
2960 3509 3173 3566 tentari
3200 3509 3272 3564 ab
3296 3508 3404 3577 eis,
3421 3508 3586 3564 ultra
3607 3525 3773 3581 quam

2116 3603 2309 3672 potest
2338 3602 2387 3669 (Ι
2403 3601 2526 3658 Cor.
2551 3600 2629 3671 Χ).
2664 3599 2844 3655 Vocat
2873 3598 3051 3655 etiam
3080 3615 3180 3654 eos
3208 3605 3447 3654 rectores
3474 3598 3680 3654 mundi
3702 3606 3773 3653 te-

2115 3691 2415 3745 nebrarum
2444 3689 2661 3754 harum,
2695 3705 2811 3744 non
2844 3688 3084 3760 quidem
3118 3688 3435 3742 mundanae
3468 3687 3772 3751 machinae,

2118 3793 2296 3850 quam
2328 3776 2491 3834 solus
2522 3778 2676 3833 Deus
2706 3781 2764 3833 et
2793 3775 3056 3833 condidit
3083 3779 3140 3832 et
3168 3776 3350 3849 regit;
3378 3776 3485 3831 sed
3516 3776 3775 3832 tenebra-

2118 3883 2251 3922 rum
2278 3866 2450 3923 istius
2482 3867 2707 3933 mundi,
2733 3865 2791 3921 id
2819 3870 2909 3921 est
2939 3865 3252 3921 mundanae
3278 3863 3771 3933 malitiaa,caecita-

2117 3957 2194 4011 tis
2224 3958 2282 4011 et
2309 3954 2673 4028 ignorantiae,
2693 3971 2873 4027 quam
2906 3953 2966 4008 in
2998 3952 3340 4009 hominibus
3368 3957 3429 4008 et
3458 3969 3567 4025 per
3595 3951 3771 4008 homi-

2118 4060 2222 4101 nes
2253 4061 2461 4118 pravos
2490 4048 2733 4100 exercet.
2763 4043 2825 4098 In
2856 4059 2972 4114 quo
3004 4043 3371 4098 demonstrat
3399 4042 3651 4097 nimiam
3682 4058 3769 4097 eo-

2118 4150 2247 4189 rum
2281 4133 2684 4202 calliditatem,
2717 4132 2999 4205 quoniam
3044 4135 3172 4187 tum
3223 4147 3292 4187 ex
3331 4130 3630 4203 spirituali
3671 4147 3771 4187 sua

2118 4220 2363 4293 origine,
2384 4226 2512 4277 tum
2533 4239 2601 4277 ex
2621 4238 2731 4277 usu
2756 4220 2943 4295 longae
2966 4219 3550 4293 experientiae,vivaci
3565 4217 3768 4276 callent

2119 4311 2407 4378 acumine,
2440 4327 2544 4383 per
2590 4310 2745 4382 quod
2799 4309 3064 4383 magicas
3112 4313 3289 4375 artes,
3321 4308 3764 4375 incantationes,

2118 4399 2354 4455 fraudes
2370 4404 2428 4455 et
2443 4399 2690 4455 insidias
2710 4398 3019 4454 inveniunt
3039 4397 3109 4453 ad
3131 4397 3573 4469 decipiendum.
3594 4396 3767 4452 Vocat

363 4492 579 4557 truere,
606 4488 709 4545 sed
735 4487 957 4543 nutrire
978 4486 1282 4552 debemus,
1301 4486 1419 4542 sive
1440 4486 1499 4541 in
1522 4501 1773 4559 persona
1788 4492 2005 4556 nostra,
2040 4504 2087 4569 Ι)
2118 4489 2294 4544 etiam
2307 4488 2737 4560 eosspiritualia
2749 4488 3035 4559 nequitiae,
3050 4485 3108 4542 id
3125 4490 3215 4542 est
3227 4485 3473 4558 spiritus
3488 4486 3766 4558 nequitia-

363 4577 483 4637 sive
528 4577 591 4633 in
638 4576 923 4649 proximo.
954 4575 1120 4632 Unde
1174 4573 1488 4647 Apostolus
1514 4592 1533 4629 :
1566 4578 1736 4633 Nemo
1789 4592 2012 4633 carnem

360 4683 522 4724 snam
550 4665 672 4723 odio
700 4665 913 4733 habuit,
960 4663 1055 4721 sed
1078 4665 1256 4719 nutrit
1282 4668 1337 4719 et
1365 4665 1509 4735 fovet
1535 4680 1656 4720 eam
1683 4664 1895 4737 (Ephes.
1928 4668 2007 4735 v).

362 4757 428 4813 ln
460 4772 577 4829 quo
608 4754 1050 4812 confunduntur
1076 4751 1161 4807 illi
1188 4752 1289 4825 qui
1320 4755 1614 4824 naturam,
1627 4752 1789 4809 velin
1807 4771 1890 4826 se,
1911 4771 2014 4826 per

363 4843 608 4901 nimiam
641 4842 1116 4910 macerationem,
1148 4841 1235 4897 vel
1263 4840 1323 4895 in
1356 4840 1619 4913 proximo
1666 4859 1769 4914 per
1811 4842 2011 4899 odium

364 4938 816 5005 persequuntur,
848 4930 937 4988 vel
968 4930 1069 5003 qui
1099 4929 1422 4987 econtrario
1453 4934 1687 5002 propter
1717 4934 2010 5000 naturam,

364 5018 454 5076 vel
476 5020 600 5076 suis
620 5019 707 5076 vel
730 5019 936 5077 alienis
954 5018 1110 5074 vitiis
1141 5017 1319 5073 nimis
1349 5017 1672 5090 indulgent.
1707 5019 1801 5075 Sic
1832 5019 2009 5089 enim,

366 5108 577 5164 fratres
608 5108 745 5176 mei,
779 5108 1078 5182 diligenda
1107 5110 1163 5164 et
1191 5106 1505 5163 nutrienda
1546 5112 1635 5163 est
1682 5112 1912 5175 natura,
1946 5113 2012 5164 ut

363 5195 507 5253 vitia
535 5196 933 5265 destruantur,
965 5200 1023 5252 et
1050 5195 1134 5253 sic
1165 5199 1306 5253 sunt
1350 5194 1491 5251 vitia
1540 5195 1913 5264 destruenda,
1945 5201 2012 5253 ut

364 5287 577 5342 natura
596 5282 912 5340 nutriatur.
942 5283 1090 5339 Vitia
1116 5301 1249 5340 vero
1280 5282 1472 5340 carnis
1503 5287 1561 5339 et
1590 5284 1897 5357 sanguinis
1918 5287 2010 5357 je-

357 5373 649 5447 junando,
672 5371 991 5429 laborando
1012 5375 1069 5427 et
1090 5373 1384 5443 operando
1406 5389 1774 5445 superamus.
1797 5379 2012 5430 Secun-

363 5464 476 5519 dus
508 5462 695 5519 hostis
720 5465 812 5519 est
830 5458 1181 5523 mundus,id
1212 5465 1303 5516 est
1331 5460 1556 5517 malitia
1576 5463 2009 5519 mundanorum

362 5550 691 5607 hominum.
715 5551 797 5606 De
817 5565 934 5620 quo
954 5547 1270 5604 Dominus:
1293 5550 1356 5604 Si
1385 5550 1620 5605 mundus
1648 5567 1737 5607 vos
1765 5553 1883 5608 odit
1902 5556 2011 5609 sci-

2121 4594 2273 4632 rum.
2300 4575 2447 4642 Quia
2470 4575 2627 4632 enim
2650 4575 2893 4648 spiritus
2919 4579 3060 4632 sunt
3084 4573 3405 4630 invisibiles
3428 4573 3624 4641 nobis,
3648 4574 3764 4630 ideo

2120 4665 2350 4721 facilius
2382 4682 2488 4721 nos
2519 4664 2785 4739 decipere
2818 4668 3087 4737 possunt,
3112 4664 3252 4736 quia
3272 4662 3488 4719 melius
3516 4662 3764 4719 visibiles

2120 4771 2297 4827 quam
2320 4753 2641 4811 invisibiles
2657 4754 2858 4810 hostes
2880 4769 3174 4809 cavemus.
3202 4753 3266 4809 In
3288 4768 3354 4808 eo
3386 4756 3589 4807 autem
3620 4750 3761 4825 quod

2120 4844 2204 4900 ait
2222 4843 2774 4915 nequitixjnnatam
2797 4843 3132 4897 daemonum
3148 4844 3309 4897 notat
3320 4840 3762 4914 malignitatem.

2121 4932 2386 5005 Nequam
2416 4932 2576 4988 enim
2608 4935 2716 4999 est,
2750 4931 2851 5003 qui
2904 4930 3255 4987 naturaliter
3298 4928 3638 4985 malitiosus
3665 4934 3759 4985 est.

2121 5020 2248 5076 Non
2278 5019 2417 5093 quia
2447 5019 2672 5076 malitia
2692 5018 2978 5076 naturalis
3000 5020 3098 5090 sit,
3123 5019 3225 5075 sed
3258 5016 3398 5091 quia
3426 5017 3640 5073 vitium
3670 5033 3761 5091 pro

2120 5112 2329 5165 natura
2354 5107 2614 5165 inolevit.
2641 5106 2919 5165 Diabolus
2940 5111 3137 5164 autem
3160 5106 3536 5180 exigentibus
3554 5105 3760 5162 meritis

2119 5197 2266 5262 suis,
2296 5198 2380 5253 ita
2407 5197 2467 5251 in
2501 5195 2728 5252 malitia
2758 5213 2866 5252 sua
2904 5200 2995 5252 est
3024 5195 3379 5252 obstinatus.
3417 5200 3484 5250 ut
3511 5212 3628 5250 non
3658 5195 3758 5250 nisi

2110 5274 2342 5343 malum
2372 5284 2510 5341 velit
2540 5290 2597 5342 et
2626 5285 2831 5358 possit.
2867 5285 3109 5357 Semper
3158 5285 3317 5340 enim
3366 5282 3496 5341 vult
3525 5300 3755 5351 nocere;

2118 5393 2235 5432 non
2268 5376 2423 5448 quod
2462 5374 2598 5430 inde
2647 5373 2759 5431 sibi
2810 5373 3032 5447 aliquid
3081 5373 3377 5430 commodi
3424 5378 3641 5446 speret,
3669 5373 3756 5429 sed

2120 5463 2257 5538 quia
2289 5479 2520 5536 semper
2548 5479 2754 5520 nocere
2776 5463 3098 5520 consuevit.
3128 5465 3563 5520 Conversantur
3582 5467 3753 5518 autem

2119 5555 2413 5610 daemones
2443 5554 2503 5608 in
2529 5553 2852 5620 ccelestibus,
2883 5551 2943 5608 id
2975 5556 3066 5608 est
3102 5552 3161 5608 in
3212 5567 3367 5619 aere,
3401 5552 3564 5608 unde
3592 5555 3647 5608 et
3670 5568 3752 5625 po-
