3974 6076
252 269 414 333 2105

917 271 1270 335 HOMILL/E
1311 272 1389 333 IN
1433 272 1683 335 EPlST.
1731 272 1831 334 ET
1875 269 2161 336 EVANG.
2207 270 2560 335 DOMINIC.
2590 304 2643 314 —
2697 269 2895 333 PARS
2937 270 3014 332 II.

3501 265 3663 338 2106

253 403 565 461 Psalmista
595 419 609 461 :
641 404 796 462 Mihi
842 408 1039 461 autem
1087 407 1354 462 adcerere
1400 409 1516 462 Deo
1558 407 1766 462 bonum
1791 411 1901 473 est,
1932 406 1986 472 Α
2015 403 2109 460 lus
2139 405 2413 461 affectum
2445 421 2619 461 suum
2649 420 2787 478 erga
2816 402 2968 471 illos,
3003 403 3211 476 probat
3237 402 3380 476 quia
3425 420 3658 476 (equum

253 499 310 550 et
335 510 552 565 ponere
584 496 647 550 in
675 493 922 550 Domino
952 500 1067 550 Deo
1094 512 1250 566 spem
1280 513 1469 552 meum
1503 497 1680 568 (Psal.
1709 498 1898 569 Lxxu).

253 581 332 638 De
366 599 502 654 quo,
539 582 732 651 Paule,
767 583 825 638 in
857 584 971 640 Deo
1003 584 1248 640 conﬁdis
1267 584 1294 640 ?
1313 587 1469 655 Quia
1491 587 1593 657 qui
1619 587 1788 657 coepit
1807 588 1901 641 bo-

254 688 395 726 num
426 689 569 742 opus
582 673 643 728 in
660 672 836 740 vobis,
857 673 1121 743 perﬁciet
1143 691 1316 747 usque
1339 677 1396 730 in
1409 676 1568 730 diem
1583 681 1719 731 Jesu
1731 676 1900 732 Chri-

255 761 358 816 sti.
393 760 526 816 Tria
551 762 715 834 ponit
743 762 1064 834 apostolus,
1097 766 1269 835 coepit
1304 764 1512 820 bonum
1538 781 1681 834 opus
1710 767 1770 820 in
1803 781 1901 820 vo-

254 849 338 904 bis
371 854 430 904 et
463 849 716 922 per/icit,
750 855 805 907 et
855 854 918 906 in.
965 853 1124 907 diem
1173 857 1308 908 Jesu
1358 853 1588 910 Christi.
1621 855 1726 910 Per
1773 871 1898 926 quze

252 937 368 993 tria
397 943 680 995 notantur
700 944 818 996 tres
845 941 1063 1012 gratiae.
1101 941 1293 997 Prima
1332 947 1422 997 est
1468 942 1773 1014 incipiens,
1809 961 1899 1000 se-

255 1027 448 1083 cunda
494 1028 826 1100 perﬁciens,
873 1031 1042 1086 tertia
1085 1032 1314 1086 salvans
1365 1036 1421 1086 et
1459 1049 1764 1088 coronans.
1796 1034 1901 1089 Per

253 1115 508 1188 primam
579 1117 829 1189 gratiam
870 1119 1157 1191 justiﬁcat
1204 1121 1358 1176 Deus
1403 1122 1587 1194 gratis
1625 1121 1894 1192 impium,

253 1204 489 1276 quando
522 1207 622 1260 dat
653 1206 704 1261 ei
735 1207 928 1263 cordis
968 1209 1394 1276 contritionem,
1429 1227 1532 1282 per
1577 1211 1897 1266 secundam

253 1307 392 1349 eum
421 1294 650 1366 perﬁcit
680 1295 738 1350 in
769 1296 1011 1363 bonum,
1046 1314 1148 1368 per
1175 1298 1406 1354 tertiam
1443 1299 1635 1354 reddit
1665 1301 1715 1355 ei
1747 1317 1896 1371 prae-

255 1381 465 1437 mium.
499 1382 694 1440 Prima
725 1383 941 1440 dicitur
969 1386 1158 1457 gratia
1187 1403 1456 1458 operans.
1475 1388 1635 1444 Unde
1659 1391 1898 1462 Aposto-

251 1468 348 1526 lus
383 1471 570 1526 :Deus
610 1481 891 1546 operatur
937 1476 998 1530 in
1043 1477 1206 1531 nobis
1233 1481 1289 1532 et
1332 1476 1481 1532 velle
1536 1483 1592 1533 et
1621 1479 1897 1550 per/icere

253 1559 540 1632 (Philipp.
603 1564 688 1630 Π).
737 1564 1001 1618 Secunda
1074 1564 1287 1620 dicitur
1352 1583 1685 1638 eooperans.
1734 1569 1896 1624 Undc

253 1647 444 1704 idem:
481 1651 601 1705 Non
632 1650 1296 1724 ego,inquit,solws,sed
1323 1657 1528 1727 gratia
1557 1657 1662 1711 Dei
1675 1675 1894 1714 mecum

256 1736 300 1809 (I
326 1741 457 1794 Cor.
489 1739 602 1810 xv).
637 1741 835 1796 Tertia
865 1741 1079 1796 dicitur
1107 1741 1538 1799 salvans.Unde
1571 1745 1895 1802 idemzNon

252 1841 328 1880 ex
355 1829 644 1898 operibus,
678 1829 887 1901 inquit,
909 1830 1153 1900 justitiw
1194 1848 1320 1904 quae
1363 1833 1605 1903 fecimus
1645 1850 1766 1901 nos,
1799 1837 1900 1890 sed

250 1916 560 1972 secundum
583 1933 750 1974 suam
780 1920 1250 1976 misericordiam
1274 1922 1460 1978 salvos
1482 1940 1582 1978 nos
1606 1925 1744 1994 fecit
1761 1925 1894 1992 (Tit.

251 2004 357 2075 III).
395 2004 614 2077 Itaque,
647 2008 876 2076 fratres,
908 2013 1026 2064 tam
1063 2009 1278 2082 prima,
1310 2029 1486 2083 quam
1532 2014 1808 2080 secunda,
1842 2020 1900 2069 et

250 2109 429 2164 quam
452 2094 624 2150 tertia
652 2095 870 2152 dicitur
896 2098 1104 2169 gratia,
1125 2099 1263 2171 quia
1285 2099 1465 2172 gratis
1495 2101 1649 2156 data.
1672 2102 1781 2157 Sed
1797 2117 1900 2174 per

250 2179 504 2253 primam
536 2183 655 2255 agit
676 2184 830 2241 Deus
861 2185 918 2240 in
935 2186 1102 2242 nobis
1116 2187 1241 2243 sine
1259 2188 1446 2258 nobis,
1465 2191 1896 2262 pcrsecundam

251 2269 374 2342 agit
403 2271 733 2338 nobiscum,
752 2291 855 2345 per
873 2275 1103 2332 tertiam
1134 2282 1469 2333 remunerat
1491 2277 1714 2334 Deusin
1729 2281 1898 2334 nobis

252 2359 407 2431 quod
441 2364 565 2416 erat
597 2361 656 2416 in
684 2362 852 2418 nobis
883 2381 952 2419 ex
983 2365 1118 2433 Deo,
1139 2382 1254 2420 non
1289 2382 1357 2421 ex
1386 2367 1899 2438 nobis.fUndeGre-

251 2447 451 2520 gorius
485 2465 497 2502 :
533 2473 560 2500 «
597 2450 808 2519 Primo,
844 2452 1056 2525 inquit,
1085 2454 1206 2527 agit
1245 2455 1400 2511 Deus
1443 2457 1504 2511 in
1554 2457 1722 2512 nobis
1769 2457 1896 2513 sine

252 2537 441 2606 nobis,
475 2542 540 2593 ut
568 2545 772 2612 postea
795 2547 930 2614 agat
958 2543 1286 2612 nobiscum,
1321 2548 1378 2600 et
1405 2561 1508 2617 per
1543 2545 1894 2602 immensam

253 2626 713 2684 misericordiam
745 2636 1078 2688 remunerat
1109 2633 1166 2687 in
1192 2633 1360 2692 nobis
1381 2633 1627 2702 illud,ac
1641 2636 1688 2690 si
1704 2635 1895 2691 solum

251 2716 633 2786 processisset
673 2735 742 2773 ex
791 2720 974 2776 nobis.
1017 2743 1042 2769 ››
1077 2721 1320 2777 Multum
1353 2739 1509 2795 ergo,
1543 2724 1772 2790 fratres,
1807 2741 1895 2780 er-

251 2807 386 2859 rant
415 2805 512 2876 qui
546 2810 755 2877 putant
786 2824 848 2862 se
878 2813 1183 2880 peccatum
1217 2828 1390 2865 suum
1424 2827 1595 2882 posse
1616 2829 1790 2883 perse
1805 2815 1898 2868 dc-

251 2908 461 2960 serere,
494 2894 592 2966 qui
623 2900 914 2967 putantse
947 2896 1170 2970 aliquid
1189 2899 1899 2974 boniposseincipereper

249 2997 328 3036 se.
368 2985 578 3038 Contra
608 2985 716 3040 hos
745 2985 1007 3059 loquitur
1034 2989 1287 3044 Jacobus
1319 2989 1519 3045 dicens
1551 3006 1564 3044 :
1597 2995 1738 3047 Ecce
1761 2993 1898 3048 dici-

249 3071 324 3126 tis
351 3089 370 3126 :
405 3072 544 3128 Cras
575 3074 782 3130 ibimus
813 3077 871 3131 in
895 3078 1110 3145 villam,
1145 3087 1200 3133 et
1231 3079 1311 3134 ibi
1335 3080 1617 3149 faciemus
1654 3097 1894 3147 annum,

249 3165 318 3216 Et
347 3178 472 3233 qua:
497 3173 578 3219 est
610 3164 730 3221 cita
753 3166 992 3222 nostra?
1027 3171 1220 3236 Vapor
1247 3168 1329 3223 ad
1348 3169 1638 3224 modicum
1659 3185 1894 3241 parens,

249 3265 359 3320 pro
388 3267 455 3307 eo
491 3261 556 3308 ut
607 3254 814 3310 dicatis
845 3271 856 3310 :
884 3255 948 3310 Si
992 3257 1234 3313 voluerit
1285 3259 1574 3314 Dominus.
1608 3260 1892 3330 faciemus

251 3339 384 3412 (Jac.
421 3345 518 3410 IV).
543 3341 937 3400 Nihilominus
968 3349 1024 3399 et
1054 3344 1134 3399 illi
1169 3344 1332 3400 stulti
1363 3350 1522 3414 sunt,
1542 3349 1639 3419 qui
1660 3348 1718 3402 in
1743 3349 1896 3405 bono

254 3428 364 3484 sibi
399 3429 608 3487 collato
640 3447 701 3487 se
733 3449 836 3504 per
865 3449 926 3489 se
956 3437 1165 3505 putant
1194 3439 1349 3490 stare
1370 3451 1562 3506 posse,
1601 3436 1688 3491 vel
1720 3439 1894 3508 proﬁ-

253 3533 402 3573 cere.
437 3517 599 3574 Unde
626 3525 682 3576 et
699 3521 1427 3595 David:Ego,inquit,dixi
1455 3525 1513 3580 in
1537 3527 1895 3582 abundantia

248 3622 380 3662 mea
408 3625 426 3662 :
457 3613 581 3665 Non
609 3613 875 3668 movebar
913 3613 971 3668 in
1011 3621 1290 3670 sternam
1317 3615 1488 3682 (Psal.
1523 3615 1694 3687 xxix).
1732 3616 1892 3679 Quod

249 3693 385 3752 inde
415 3714 478 3754 se
500 3699 932 3771 reprehendens
961 3702 1043 3758 ait
1077 3719 1088 3757 :
1119 3703 1391 3760 'Avertisti
1408 3705 1619 3775 facicm
1661 3713 1825 3760 tuam
1857 3723 1893 3761 a

245 3801 356 3852 me,
389 3796 444 3843 et
467 3788 657 3858 factus
683 3806 811 3846 sum
840 3795 1232 3850 conturbatus.
1267 3794 1350 3849 Ad
1380 3803 1456 3861 te,
1489 3795 1890 3862 Dominc,cla-

179 3945 186 3948 _
242 3877 412 3932 mabo
439 3878 645 3947 (ibido,
679 3883 789 3936 etc.
825 3880 1057 3937 Similes
1076 3881 1232 3938 enim
1265 3900 1493 3950 sumus,
1529 3884 1736 3940 fratres
1751 3885 1886 3952 mei,

241 3981 421 4035 puero
453 3967 829 4041 parvulo,qui
860 3986 1098 4042 surgere
1130 3988 1232 4040 per
1262 3987 1324 4026 se
1356 3988 1468 4026 non
1497 3975 1707 4042 potest,
1730 3972 1892 4028 nisia

237 4055 553 4130 paedagogo
584 4057 866 4128 erigatur.
899 4058 1141 4112 Erectus
1170 4057 1345 4113 etiam
1378 4075 1484 4113 nec
1515 4063 1668 4115 stare
1699 4065 1890 4132 potest

237 4158 342 4213 per
370 4159 451 4214 se,
471 4160 576 4199 nec
603 4145 911 4216 proﬁcisci,
932 4145 1044 4201 nisi
1079 4163 1258 4201 manu
1279 4147 1577 4219 paedagogi
1602 4153 1886 4204 sustente-

238 4233 354 4286 tur.
389 4231 484 4287 Sic
513 4249 764 4305 quoque,
793 4234 1026 4300 fratres,
1057 4233 1232 4290 homo
1269 4235 1476 4305 jacens
1525 4235 1584 4290 in
1625 4242 1882 4308 peccato,

238 4336 478 4392 surgere
508 4337 543 4375 ο.
572 4327 805 4392 peccato
836 4339 952 4378 non
985 4326 1194 4395 potest,
1217 4321 1330 4378 nisi
1353 4339 1388 4378 a
1417 4324 1604 4395 gratia
1635 4324 1732 4380 Dei
1750 4343 1888 4397 prm-

235 4405 503 4464 veniente
545 4409 818 4482 erigatur,
870 4410 1112 4465 Erectus
1159 4409 1338 4466 etiam
1390 4427 1426 4466 a
1472 4416 1728 4482 peccato,
1781 4430 1884 4469 nec

2013 499 2102 550 est
2133 511 2266 550 eum
2299 495 2589 550 conﬁdere
2614 495 2684 550 de
2715 493 2904 549 salute
2934 493 3192 562 illorum,
3227 509 3331 566 per
3358 493 3473 549 duo
3509 509 3522 548 :
3557 511 3660 566 per

2011 584 2153 651 haec,
2189 583 2326 656 quia
2349 600 2444 639 eos
2471 583 2683 655 diligit,
2719 587 2774 637 et
2815 581 2953 654 quia
3001 581 3176 636 habet
3227 597 3324 637 eos
3376 582 3563 637 socios
3599 582 3659 637 in

2012 673 2344 729 defensione
2375 677 2432 728 et
2461 671 2902 727 conﬁrmatione
2927 669 3246 745 Evangelii.
3282 669 3363 725 De
3393 671 3479 726 eis
3501 671 3658 726 enim

2012 780 2160 834 quos
2191 762 2494 834 diligimus
2525 766 2581 816 et
2615 777 2762 832 quos
2793 761 2852 815 in
2885 761 3035 816 bono
3068 763 3224 816 statu
3265 759 3554 824 videmus,
3588 761 3660 815 de

2010 868 2212 907 eorum
2244 850 2674 924 perseverantia
2703 853 2762 904 et
2781 849 2969 904 salute
2987 848 3046 902 in
3071 850 3186 904 Deo
3199 849 3572 904 confidimus.
3593 849 3661 904 Et

2010 941 2117 996 hoc
2148 946 2238 996 est
2267 941 2421 1013 quod
2454 939 2795 996 dicit:Sicut
2827 939 3042 1010 inquit,
3067 954 3292 1010 azquum
3316 946 3402 994 est
3431 955 3660 994 mesen-

2010 1031 2122 1087 tire
2140 1047 2248 1100 pro
2277 1031 2537 1086 omnibus
2569 1030 2742 1100 vobis,
2756 1045 2821 1085 eo
2836 1028 2985 1100 quod
3020 1030 3261 1083 habeam
3281 1043 3376 1083 vos
3406 1027 3464 1082 in
3486 1028 3662 1084 corde

2006 1137 2154 1184 meo,
2188 1121 2246 1176 in
2275 1120 2515 1176 vinculis
2544 1118 2700 1186 meis,
2733 1127 2789 1174 et
2820 1119 2878 1172 in
2903 1117 3234 1188 defensione
3269 1125 3326 1172 et
3353 1119 3658 1187 conﬁrma-

2007 1211 2160 1267 tione
2194 1208 2496 1280 Evangelii
2523 1208 2704 1264 socios
2727 1207 2928 1278 gaudii
2951 1207 3066 1261 mei
3097 1207 3361 1261 omnibus
3391 1221 3486 1261 vos
3513 1222 3654 1261 esse.

2006 1301 2084 1354 Ac
2117 1299 2163 1354 si
2197 1298 2353 1354 dicat
2384 1315 2396 1353 :
2433 1297 2526 1353 Sic
2560 1298 2630 1352 de
2659 1295 2822 1352 vobis
2852 1296 2910 1350 in
2943 1296 3059 1372 Deo
3090 1295 3341 1361 conﬁdo,
3375 1294 3531 1350 sicut
3572 1298 3662 1350 est

2007 1403 2238 1460 aequum
2274 1404 2368 1442 me
2399 1385 2614 1442 sentire
2645 1403 2747 1458 pro
2779 1385 3054 1440 omnibus
3102 1384 3288 1449 vobis,
3319 1383 3378 1438 id
3421 1387 3528 1451 est,
3562 1399 3656 1439 me

2007 1476 2310 1533 sentiendo
2351 1477 2422 1530 de
2463 1475 2739 1531 omnibus
2776 1473 2962 1540 vobis,
3005 1473 3295 1529 conﬁdere
3326 1489 3530 1528 omnes
3551 1487 3653 1528 vos

2006 1581 2134 1620 esse
2157 1564 2346 1621 socios
2374 1563 2571 1636 gaudii
2603 1562 2737 1631 mei,
2770 1562 2857 1619 vel
2879 1562 3096 1629 aeterni,
3133 1561 3217 1618 vel
3271 1561 3445 1617 etiam
3497 1577 3652 1616 nunc

2005 1653 2434 1726 Spiritualis.Et
2462 1671 2640 1726 quare
2673 1652 2756 1708 sic
2786 1653 2858 1707 de
2888 1652 3057 1708 nobis
3089 1650 3371 1707 conﬁdis?
3400 1655 3480 1708 Eo
3509 1649 3660 1723 quod

2005 1747 2242 1800 habeam
2272 1760 2368 1800 vos
2398 1744 2455 1798 in
2483 1743 2658 1800 corde
2687 1759 2811 1798 meo
2843 1759 2946 1814 per
2977 1744 3332 1807 amorem,et
3361 1739 3469 1795 hoc
3483 1739 3659 1795 etiam

2008 1835 2068 1888 in
2097 1833 2242 1906 ipsis
2263 1834 2521 1890 vinculis.
2556 1834 2620 1888 In
2649 1849 2764 1904 quo
2793 1831 3049 1888 ostendit
3076 1848 3137 1887 se
3167 1830 3310 1886 adeo
3341 1828 3584 1902 diligere
3598 1827 3661 1883 il-

2007 1922 2114 1988 los,
2147 1923 2302 1995 quod
2334 1940 2438 1978 nec
2470 1923 2648 1979 etiam
2683 1922 2741 1976 in
2775 1919 3036 1976 adversis
3067 1923 3261 1992 potest
3281 1935 3481 1975 eorum
3507 1920 3654 1977 obli-

2005 2011 2145 2066 visci
2174 2030 2186 2080 ;
2220 2011 2540 2068 adversitas
2572 2012 2730 2067 enim
2758 2027 2962 2065 verum
2995 2025 3256 2064 amorem
3288 2009 3659 2082 exstinguere

2009 2117 2122 2156 non
2154 2105 2362 2173 potest.
2389 2106 2467 2158 Eo
2496 2101 2673 2156 etiam
2705 2099 2861 2172 quod
2886 2099 3133 2154 habeam
3163 2115 3265 2154 vos
3295 2097 3354 2152 in
3385 2098 3653 2168 vinculis,

2005 2205 2108 2261 per
2136 2189 2622 2262 compassionem,
2637 2199 2691 2244 et
2711 2190 2770 2245 in
2797 2189 3124 2258 defensione
3142 2196 3197 2244 et
3215 2189 3658 2258 conﬁrmatione

2007 2279 2322 2350 Evangelii,
2356 2279 2494 2352 quia
2525 2278 2747 2334 scilicet
2776 2294 3008 2333 mecum
3039 2277 3352 2333 defenditis
3392 2277 3652 2349 Evange-

2005 2367 2150 2423 lium
2182 2373 2385 2424 contra
2415 2367 2701 2436 inﬁdeles,
2734 2371 2938 2422 contra
2967 2365 3288 2434 haereticos,
3324 2369 3526 2422 contra
3558 2382 3658 2423 so-

2005 2457 2287 2530 phisticas
2312 2455 2728 2524 cavillationes,
2745 2461 2801 2512 ct
2819 2473 3048 2511 mecum
3071 2455 3246 2512 etiam
3271 2454 3654 2514 conﬁrmatis.

2005 2546 2425 2618 Prophetarum
2458 2545 2822 2612 auctoritate,
2860 2545 3154 2600 rationum
3181 2544 3442 2609 veritate,
3477 2543 3656 2600 miras

2005 2635 2272 2691 culorum
2307 2634 2698 2700 attestatione,
2732 2639 2789 2690 et
2819 2633 2954 2688 boni
2985 2631 3233 2704 exempli
3276 2632 3652 2688 exhibitione.

2002 2725 2254 2796 .quuum
2287 2724 2488 2797 utique
2519 2727 2622 2789 est,
2657 2724 2862 2779 fratres
2894 2721 3250 2788 charissimi,
3282 2724 3346 2776 ut
3375 2720 3658 2794 quiinvia

2005 2812 2146 2867 socii
2179 2817 2318 2867 sunt
2365 2812 2688 2879 charitatis,
2723 2811 3166 2884 persecutionis,
3201 2810 3652 2882 prmdicationis,

2006 2901 2148 2957 socii
2174 2902 2348 2957 etiam
2377 2901 2496 2957 sint
2522 2901 2581 2956 in
2614 2901 2804 2974 patria
2834 2900 3031 2956 aeterni
3053 2900 3275 2972 gaudii.
3297 2899 3653 2956 Hincsuma—

2005 3007 2138 3046 mus
2169 2990 2497 3063 exemplum
2552 2995 2608 3046 et
2655 3008 2762 3047 nos
2793 2990 3223 3062 pradicatores,
3259 2989 3436 3046 etiam
3468 2994 3524 3046 et
3552 3007 3655 3046 vos

2008 3080 2248 3136 subditi.
2276 3081 2606 3136 Habeamus
2638 3097 2746 3136 nos
2779 3096 2917 3152 erga
2946 3096 3048 3135 vos
3079 3079 3232 3135 sicut
3261 3077 3476 3135 Paulus
3517 3095 3656 3151 erga

1927 3147 1969 3212 (ἶ
2009 3168 2328 3242 discipulos
2361 3186 2520 3225 suos.
2556 3169 2775 3225 Paulus
2806 3167 2982 3224 etiam
3014 3167 3074 3224 in
3103 3167 3354 3225 vinculis
3385 3168 3442 3223 in
3481 3168 3652 3225 corde

2008 3275 2113 3314 suo
2144 3258 2356 3314 habeat
2381 3258 2703 3331 discipulos
2751 3274 2855 3330 per
2900 3275 3159 3313 amorem
3189 3274 3202 3312 :
3238 3274 3345 3313 nos
3397 3271 3651 3330 quoque,

2008 3349 2236 3412 fratres,
2269 3347 2554 3402 debemus
2582 3363 2682 3402 vos
2714 3347 2927 3402 habere
2955 3346 3016 3402 in
3047 3347 3218 3402 corde
3249 3349 3448 3402 nostro
3497 3361 3654 3402 sem-

2007 3453 2128 3508 per,
2144 3435 2262 3490 sive
2294 3435 2528 3507 quando
2553 3451 2810 3504 oramus,
2831 3435 2948 3490 sive
2966 3436 3200 3506 quando
3222 3435 3652 3508 eleemosynam

2007 3525 2236 3591 damus,
2270 3525 2388 3580 sive
2419 3525 2654 3596 quando
2685 3524 2757 3579 ad
2791 3524 3145 3580 sacriﬁcium
3180 3523 3380 3580 altaris
3421 3523 3652 3580 accedi-

2005 3630 2157 3668 mus.
2192 3613 2336 3668 Hinc
2368 3617 2456 3668 est
2486 3614 2640 3685 quod
2665 3613 2949 3668 Dominus
2981 3614 3252 3686 praecepit
3279 3613 3433 3685 quod
3465 3612 3654 3686 ponti-

2004 3702 2092 3757 fex
2122 3701 2326 3775 legalis
2355 3701 2570 3758 habere
2598 3700 2657 3756 in
2690 3705 2920 3774 pectore
2961 3702 3245 3757 rationale
3294 3701 3646 3774 inscriptum

2003 3791 2341 3847 nominibus
2373 3791 2680 3846 duodecim
2703 3789 2959 3846 ﬁliorum
2973 3789 3171 3855 Israel,
3189 3791 3422 3862 quando
3436 3791 3651 3847 sacriﬁ-

2002 3880 2174 3936 cabat
2203 3880 2419 3952 (Exod.
2451 3881 2670 3947 xxvm).
2705 3880 2821 3934 Nos
2853 3895 3106 3950 quoque,
3130 3880 3365 3951 quando
3397 3879 3550 3936 Patri
3566 3879 3651 3935 Fi-

1999 3969 2145 4024 lium
2179 3968 2598 4035 sacriﬁcamus,
2635 3967 2876 4022 nomina
2903 3971 3103 4021 nostra
3134 3967 3192 4022 in
3243 3969 3416 4023 corde
3448 3973 3648 4022 nostro

2000 4057 2217 4129 scripta
2237 4057 2450 4111 habere
2475 4056 2777 4122 debemus,
2809 4059 3041 4111 orantes
3075 4056 3250 4110 ﬁdem
3281 4055 3648 4128 imperfecto-

2000 4163 2130 4201 rum
2163 4143 2938 4211 conﬁrmari,fortitudinem
2964 4146 3301 4200 sanctorum
3332 4144 3522 4216 magis
3553 4161 3651 4200 au-

1998 4235 2141 4308 geri,
2175 4233 2384 4288 delicia
2411 4237 2784 4304 peccatorum
2818 4232 3060 4288 dimitti.
3085 4233 3338 4288 Econtra
3377 4232 3648 4305 discipuli

1997 4323 2244 4378 Paulum
2267 4326 2549 4393 tanquam
2574 4325 2798 4393 patrem
2822 4321 3168 4395 diligebant,
3186 4326 3243 4378 et
3259 4322 3308 4378 ei
3329 4321 3385 4376 in
3399 4321 3649 4379 vinculis

1996 4412 2350 4468 assistebant
2363 4410 3030 4482 percompassionem,et
3042 4411 3646 4467 subministrationem

237 4499 394 4552 stare
422 4513 527 4552 nec
555 4497 902 4570 proﬁcerein
935 4500 1086 4555 bono
1108 4503 1318 4571 potest,
1341 4499 1452 4556 nisi
1475 4501 1664 4573 gratia
1683 4519 1886 4574 coope—
1915 4516 1962 4581 D
1994 4505 2051 4556 et
2076 4517 2232 4568 eum,
2267 4503 2553 4570 quantum
2587 4498 2951 4570 poterant,in
2983 4497 3319 4553 defensione
3349 4503 3406 4554 et
3435 4500 3646 4554 conﬁr-

238 4589 404 4641 rante
433 4590 810 4643 sustentetur.
846 4587 1062 4660 Itaque,
1096 4588 1303 4644 fratres
1333 4589 1469 4655 mei,
1505 4594 1765 4646 nostram
1795 4591 1881 4646 in-

235 4673 574 4730 ﬁrmitatem
604 4690 1046 4748 cognoscamus,
1061 4681 1116 4732 et
1145 4677 1229 4732 nil
1261 4695 1431 4750 posse
1463 4694 1569 4734 nos
1597 4694 1664 4733 ex
1689 4680 1875 4748 nobis,

234 4761 349 4819 nisi
381 4767 704 4838 peccatum,
738 4763 1159 4838 intelligamus,
1191 4771 1249 4822 et
1279 4783 1516 4824 oremus
1567 4766 1826 4824 dicentes
1862 4786 1874 4824 :

236 4857 360 4908 Tua
379 4869 500 4921 nos,
527 4853 787 4921 Domine,
818 4855 1008 4926 gratia
1031 4871 1258 4925 semper
1287 4865 1342 4912 et
1368 4857 1686 4928 praeveniat
1713 4865 1770 4913 et
1784 4873 1878 4913 se-

235 4951 535 5013 quatur,et
563 4943 962 5000 misericordia
993 4953 1094 5000 tua
1120 4947 1500 5016 subsequatur
1514 4948 1878 5003 meomnibus

236 5028 429 5085 diebus
458 5031 586 5087 vita
611 5034 1192 5102 mete(Psal.Lvm).Et
1223 5034 1293 5089 ad
1328 5034 1509 5106 quid?
1546 5040 1615 5090 Ut
1649 5034 1874 5091 inhabi-

240 5128 354 5174 tem
365 5119 424 5174 in
434 5121 599 5178 domo
611 5123 916 5179 Domini‘in
928 5123 1344 5193 longitudinem
1357 5124 1586 5178 dierum
1601 5124 1804 5194 (ibid).
1816 5125 1882 5180 Et

239 5208 346 5264 hoc
369 5211 457 5263 est
473 5209 627 5280 quod
650 5210 744 5267 hic
757 5212 991 5278 dicitur,
1006 5212 1066 5266 in
1081 5212 1234 5267 diem
1248 5213 1378 5268 Iesu
1395 5213 1636 5268 Christi.
1659 5213 1882 5268 Dicitur

239 5302 434 5353 autem
465 5297 590 5354 dies
613 5299 841 5369 judicii,
874 5301 998 5357 dies
1028 5300 1262 5369 Christi,
1296 5301 1435 5372 quia
1463 5305 1604 5356 tunc
1634 5302 1878 5373 gloriam

238 5401 404 5441 suam
437 5386 998 5462 manifestabit,quia
1023 5395 1164 5446 tunc
1188 5388 1415 5445 occulta
1443 5389 1705 5445 cordium
1730 5408 1880 5446 reve-

235 5473 398 5541 labit,
414 5475 553 5548 quia
582 5479 720 5532 tunc
750 5478 948 5535 ﬁdeles
980 5497 1118 5536 suos
1133 5478 1487 5534 cternaluce
1509 5477 1874 5551 gloriﬁcahit.

305 5563 581 5636 Sequitur
611 5583 746 5639 pars
777 5569 1124 5638 secunda,in
1157 5586 1274 5642 qua
1303 5567 1615 5624 ostendens
1640 5568 1879 5640 Aposto-

1995 4589 2250 4645 matione
2281 4586 2576 4660 Evangelii
2600 4587 2910 4658 juvabant.
2948 4588 3034 4640 Ita
3077 4590 3134 4642 et
3163 4603 3286 4654 vos,
3319 4587 3549 4655 fratres,
3586 4587 3646 4642 in

1989 4677 2353 4734 orationibus
2386 4681 2444 4731 et
2472 4676 2859 4748 eleemosynis
2887 4674 3096 4731 vestris
3127 4675 3354 4732 debetis
3402 4693 3505 4731 vos
3538 4675 3641 4732 ha-

1989 4766 2145 4839 bere,
2163 4765 2378 4822 nostris
2404 4765 2850 4820 inﬁrmitatibus
2883 4764 3161 4836 compati,
3191 4769 3246 4819 et
3276 4765 3494 4820 nostris
3512 4783 3645 4838 pro-

1989 4855 2371 4928 speritatibus
2393 4854 2779 4927 congaudere,
2801 4857 2857 4909 et
2879 4857 3140 4908 nostram
3165 4852 3642 4925 preedicattonem

1987 4945 2161 5001 verbo
2191 4948 2247 5000 et
2276 4941 2536 5014 exemplo
2570 4942 2879 4998 defendere
2909 4945 2966 4996 et
3007 4942 3372 4997 conﬁrmare.
3407 4941 3487 4997 Ne
3538 4959 3646 4997 au-

1987 5038 2106 5090 tem
2138 5031 2352 5103 aliquis
2383 5034 2616 5103 putaret
2644 5028 3012 5103 Apostolum,
3048 5046 3164 5084 non
3199 5046 3301 5102 per
3340 5030 3643 5086 veritatem

1989 5121 2110 5176 haec
2142 5121 2376 5186 dixisse,
2397 5120 2499 5175 sed
2532 5136 2634 5191 per
2661 5116 3422 5191 assentationem,producit
3450 5119 3637 5174 Deum

1989 5209 2045 5264 in
2081 5214 2289 5264 testem
2323 5209 2523 5264 dicens
2557 5224 2570 5262 :
2613 5209 2790 5262 Testis
2829 5212 2913 5262 est
2961 5208 3114 5262 mihi
3165 5209 3333 5276 Deus,
3361 5209 3642 5280 quomodo

1988 5300 2222 5372 cupiam
2252 5313 2348 5352 vos
2379 5298 2441 5352 in
2461 5297 2776 5352 visceribus
2789 5301 2930 5352 Jesu
2964 5296 3182 5353 Christi
3193 5297 3250 5352 id
3273 5302 3362 5352 est
3392 5297 3451 5351 in
3483 5294 3644 5349 Chri-

1988 5393 2098 5444 sto.
2137 5388 2197 5442 ln
2225 5385 2548 5442 visceribus
2580 5384 2869 5457 siquidem
2902 5385 3138 5454 estvita,
3172 5390 3230 5440 et
3259 5384 3388 5455 ipsa
3416 5383 3642 5438 viscera

1986 5477 2197 5532 intima
2228 5479 2385 5541 sunt,
2401 5479 2455 5530 et
2488 5474 2549 5528 in
2579 5473 2802 5530 viscera
2831 5479 3032 5530 nostra
3061 5474 3257 5530 cibum
3279 5472 3640 5544 trajicimus.

1989 5567 2088 5624 Il'le
2121 5583 2256 5640 ergo
2306 5565 2366 5620 in
2417 5564 2738 5621 visceribus
2768 5564 2982 5620 Christi
3013 5567 3123 5630 est,
3158 5561 3259 5636 qui
3289 5560 3349 5619 in
3381 5576 3448 5619 eo
3477 5559 3641 5632 vivit,
