  <div class='ocr_page' id='page_1' title='image "/cluster/home/n/w/nwhite01/storage/ocr_20150623/155/hvd.32044054760137/1057.png"; bbox 0 0 3974 6076; ppageno 0'>
   <div class='ocr_carea' id='block_1_1' title="bbox 280 244 439 309">
    <p class='ocr_par' dir='ltr' id='par_1_1' title="bbox 280 244 439 309">
     <span class='ocr_line' id='line_1_1' title="bbox 280 244 439 309; baseline -0.013 0"><span class='ocrx_word' id='word_1_1' title='bbox 280 244 439 309; x_wconf 73' lang='grc'><strong>2107</strong></span> 
     </span>
    </p>
   </div>
   <div class='ocr_carea' id='block_1_2' title="bbox 1291 243 2696 309">
    <p class='ocr_par' dir='ltr' id='par_1_2' title="bbox 1291 243 2696 309">
     <span class='ocr_line' id='line_1_2' title="bbox 1291 243 2696 309; baseline -0.002 0"><span class='ocrx_word' id='word_1_2' title='bbox 1291 245 1688 309; x_wconf 81' lang='lat' dir='ltr'><strong>ADDENDA.</strong></span> <span class='ocrx_word' id='word_1_3' title='bbox 1721 276 1801 290; x_wconf 91' lang='lat'><strong>—-</strong></span> <span class='ocrx_word' id='word_1_4' title='bbox 1830 243 2231 309; x_wconf 79' lang='lat' dir='ltr'><strong>BADULPHI</strong></span> <span class='ocrx_word' id='word_1_5' title='bbox 2271 244 2696 308; x_wconf 81' lang='lat' dir='ltr'><strong>ARDENTIS.</strong></span> 
     </span>
    </p>
   </div>
   <div class='ocr_carea' id='block_1_3' title="bbox 3558 239 3763 306">
    <p class='ocr_par' dir='ltr' id='par_1_3' title="bbox 3558 239 3763 306">
     <span class='ocr_line' id='line_1_3' title="bbox 3558 239 3763 306; baseline -0.01 0"><span class='ocrx_word' id='word_1_6' title='bbox 3558 239 3763 306; x_wconf 61' lang='lat' dir='ltr'><strong>21m</strong></span> 
     </span>
    </p>
   </div>
   <div class='ocr_carea' id='block_1_4' title="bbox 287 350 3757 456">
    <p class='ocr_par' dir='ltr' id='par_1_4' title="bbox 287 350 3757 456">
     <span class='ocr_line' id='line_1_4' title="bbox 287 350 3757 456; baseline -0 -19"><span class='ocrx_word' id='word_1_7' title='bbox 287 380 390 456; x_wconf 85' lang='lat' dir='ltr'><strong>qui</strong></span> <span class='ocrx_word' id='word_1_8' title='bbox 419 379 469 438; x_wconf 87' lang='lat' dir='ltr'><strong>ei</strong></span> <span class='ocrx_word' id='word_1_9' title='bbox 501 395 607 455; x_wconf 88' lang='lat' dir='ltr'><strong>per</strong></span> <span class='ocrx_word' id='word_1_10' title='bbox 635 377 979 437; x_wconf 88' lang='lat' dir='ltr'><strong>cbarltatem</strong></span> <span class='ocrx_word' id='word_1_11' title='bbox 1011 378 1255 437; x_wconf 90' lang='lat' dir='ltr'><strong>intimus</strong></span> <span class='ocrx_word' id='word_1_12' title='bbox 1287 384 1396 450; x_wconf 88' lang='lat' dir='ltr'><strong>est,</strong></span> <span class='ocrx_word' id='word_1_13' title='bbox 1431 384 1488 436; x_wconf 90' lang='lat' dir='ltr'><strong>et</strong></span> <span class='ocrx_word' id='word_1_14' title='bbox 1517 353 1619 453; x_wconf 85' lang='lat' dir='ltr'><strong>qui</strong></span> <span class='ocrx_word' id='word_1_15' title='bbox 1651 396 1754 453; x_wconf 90' lang='lat' dir='ltr'><strong>per</strong></span> <span class='ocrx_word' id='word_1_16' title='bbox 1767 379 1941 436; x_wconf 92' lang='lat' dir='ltr'><strong>unio-</strong></span> <span class='ocrx_word' id='word_1_17' title='bbox 1969 379 2025 446; x_wconf 78' lang='grc' dir='ltr'><strong>Α</strong></span> <span class='ocrx_word' id='word_1_18' title='bbox 2053 382 2202 448; x_wconf 89' lang='lat' dir='ltr'><strong>rent,</strong></span> <span class='ocrx_word' id='word_1_19' title='bbox 2218 381 2276 435; x_wconf 88' lang='lat' dir='ltr'><strong>et</strong></span> <span class='ocrx_word' id='word_1_20' title='bbox 2304 395 2473 436; x_wconf 88' lang='lat' dir='ltr'><strong>suam</strong></span> <span class='ocrx_word' id='word_1_21' title='bbox 2503 350 2761 437; x_wconf 67' lang='lat' dir='ltr'><strong>facerent</strong></span> <span class='ocrx_word' id='word_1_22' title='bbox 2786 376 3170 435; x_wconf 83' lang='lat' dir='ltr'><strong>voluntatem.</strong></span> <span class='ocrx_word' id='word_1_23' title='bbox 3190 377 3259 435; x_wconf 87' lang='lat' dir='ltr'><strong>Hi</strong></span> <span class='ocrx_word' id='word_1_24' title='bbox 3282 381 3484 435; x_wconf 87' lang='lat' dir='ltr'><strong>autem</strong></span> <span class='ocrx_word' id='word_1_25' title='bbox 3500 394 3757 436; x_wconf 82' lang='lat' dir='ltr'><strong>omnes</strong></span> 
     </span>
    </p>
   </div>
   <div class='ocr_carea' id='block_1_5' title="bbox 285 469 1939 544">
    <p class='ocr_par' dir='ltr' id='par_1_5' title="bbox 285 469 1939 544">
     <span class='ocr_line' id='line_1_5' title="bbox 285 469 1939 544; baseline -0.002 -17"><span class='ocrx_word' id='word_1_26' title='bbox 285 486 423 528; x_wconf 89' lang='lat' dir='ltr'><strong>nem</strong></span> <span class='ocrx_word' id='word_1_27' title='bbox 454 471 506 528; x_wconf 92' lang='lat' dir='ltr'><strong>ei</strong></span> <span class='ocrx_word' id='word_1_28' title='bbox 538 471 965 544; x_wconf 90' lang='lat' dir='ltr'><strong>incorporatnr,</strong></span> <span class='ocrx_word' id='word_1_29' title='bbox 988 470 1143 543; x_wconf 91' lang='lat' dir='ltr'><strong>quod</strong></span> <span class='ocrx_word' id='word_1_30' title='bbox 1174 470 1429 525; x_wconf 81' lang='lat' dir='ltr'><strong>maxime</strong></span> <span class='ocrx_word' id='word_1_31' title='bbox 1457 469 1939 542; x_wconf 82' lang='lat' dir='ltr'><strong>signiﬁcaturper</strong></span> 
     </span>
    </p>
   </div>
   <div class='ocr_carea' id='block_1_6' title="bbox 291 558 1938 631">
    <p class='ocr_par' dir='ltr' id='par_1_6' title="bbox 291 558 1938 631">
     <span class='ocr_line' id='line_1_6' title="bbox 291 558 1938 631; baseline -0.001 -15"><span class='ocrx_word' id='word_1_32' title='bbox 291 560 767 617; x_wconf 85' lang='lat' dir='ltr'><strong>communionem</strong></span> <span class='ocrx_word' id='word_1_33' title='bbox 796 559 1181 616; x_wconf 81' lang='lat' dir='ltr'><strong>encharistiae.</strong></span> <span class='ocrx_word' id='word_1_34' title='bbox 1214 558 1456 623; x_wconf 83' lang='lat' dir='ltr'>Quando</span> <span class='ocrx_word' id='word_1_35' title='bbox 1495 559 1651 613; x_wconf 90' lang='lat' dir='ltr'><strong>enim</strong></span> <span class='ocrx_word' id='word_1_36' title='bbox 1699 575 1938 631; x_wconf 86' lang='lat' dir='ltr'><strong>corpore</strong></span> 
     </span>
    </p>
   </div>
   <div class='ocr_carea' id='block_1_7' title="bbox 289 647 1934 717">
    <p class='ocr_par' dir='ltr' id='par_1_7' title="bbox 289 647 1934 717">
     <span class='ocr_line' id='line_1_7' title="bbox 289 647 1934 717; baseline 0 -13"><span class='ocrx_word' id='word_1_37' title='bbox 289 648 503 705; x_wconf 80' lang='lat' dir='ltr'><strong>Christi</strong></span> <span class='ocrx_word' id='word_1_38' title='bbox 548 649 1077 717; x_wconf 89' lang='lat' dir='ltr'><strong>communicamus,</strong></span> <span class='ocrx_word' id='word_1_39' title='bbox 1126 665 1244 703; x_wconf 91' lang='lat' dir='ltr'><strong>non</strong></span> <span class='ocrx_word' id='word_1_40' title='bbox 1283 647 1553 704; x_wconf 80' lang='lat' dir='ltr'><strong>Christus</strong></span> <span class='ocrx_word' id='word_1_41' title='bbox 1593 648 1785 716; x_wconf 92' lang='lat' dir='ltr'><strong>nobis,</strong></span> <span class='ocrx_word' id='word_1_42' title='bbox 1834 648 1934 704; x_wconf 89' lang='lat' dir='ltr'><strong>sed</strong></span> 
     </span>
    </p>
   </div>
   <div class='ocr_carea' id='block_1_8' title="bbox 287 736 1216 809">
    <p class='ocr_par' dir='ltr' id='par_1_8' title="bbox 287 736 1216 809">
     <span class='ocr_line' id='line_1_8' title="bbox 287 736 1216 809; baseline 0 -18"><span class='ocrx_word' id='word_1_43' title='bbox 287 753 396 792; x_wconf 90' lang='lat' dir='ltr'><strong>nos</strong></span> <span class='ocrx_word' id='word_1_44' title='bbox 426 736 654 793; x_wconf 84' lang='lat' dir='ltr'><strong>Christo</strong></span> <span class='ocrx_word' id='word_1_45' title='bbox 685 737 1149 809; x_wconf 85' lang='lat' dir='ltr'><strong>incorporamur.</strong></span> <span class='ocrx_word' id='word_1_46' title='bbox 1206 759 1216 769; x_wconf 82' lang='lat'><strong>-</strong></span> 
     </span>
    </p>
   </div>
   <div class='ocr_carea' id='block_1_9' title="bbox 357 824 1935 900">
    <p class='ocr_par' dir='ltr' id='par_1_9' title="bbox 357 824 1935 900">
     <span class='ocr_line' id='line_1_9' title="bbox 357 824 1935 900; baseline 0.001 -19"><span class='ocrx_word' id='word_1_47' title='bbox 357 825 635 898; x_wconf 86' lang='lat' dir='ltr'><strong>Sequitur</strong></span> <span class='ocrx_word' id='word_1_48' title='bbox 679 843 817 899; x_wconf 90' lang='lat' dir='ltr'><strong>pars</strong></span> <span class='ocrx_word' id='word_1_49' title='bbox 860 825 1051 894; x_wconf 86' lang='lat' dir='ltr'><strong>tertia,</strong></span> <span class='ocrx_word' id='word_1_50' title='bbox 1086 824 1145 880; x_wconf 93' lang='lat' dir='ltr'><strong>in</strong></span> <span class='ocrx_word' id='word_1_51' title='bbox 1197 842 1313 898; x_wconf 89' lang='lat' dir='ltr'><strong>qua</strong></span> <span class='ocrx_word' id='word_1_52' title='bbox 1342 830 1468 882; x_wconf 86' lang='lat' dir='ltr'><strong>orat</strong></span> <span class='ocrx_word' id='word_1_53' title='bbox 1491 826 1806 900; x_wconf 81' lang='lat' dir='ltr'><strong>Apostolus</strong></span> <span class='ocrx_word' id='word_1_54' title='bbox 1837 843 1935 883; x_wconf 90' lang='lat' dir='ltr'><strong>eos</strong></span> 
     </span>
    </p>
   </div>
   <div class='ocr_carea' id='block_1_10' title="bbox 284 914 1938 988">
    <p class='ocr_par' dir='ltr' id='par_1_10' title="bbox 284 914 1938 988">
     <span class='ocr_line' id='line_1_10' title="bbox 284 914 1938 988; baseline 0.001 -19"><span class='ocrx_word' id='word_1_55' title='bbox 284 915 564 987; x_wconf 82' lang='lat' dir='ltr'><strong>proficere</strong></span> <span class='ocrx_word' id='word_1_56' title='bbox 585 932 776 987; x_wconf 90' lang='lat' dir='ltr'><strong>usque</strong></span> <span class='ocrx_word' id='word_1_57' title='bbox 803 915 873 970; x_wconf 88' lang='lat' dir='ltr'><strong>ad</strong></span> <span class='ocrx_word' id='word_1_58' title='bbox 899 914 1121 987; x_wconf 68' lang='lat' dir='ltr'><strong>prmmii</strong></span> <span class='ocrx_word' id='word_1_59' title='bbox 1148 914 1584 988; x_wconf 83' lang='lat' dir='ltr'><strong>perceptionem</strong></span> <span class='ocrx_word' id='word_1_60' title='bbox 1614 915 1938 971; x_wconf 81' lang='lat' dir='ltr'><strong>dicenszEt</strong></span> 
     </span>
    </p>
   </div>
   <div class='ocr_carea' id='block_1_11' title="bbox 289 1003 1933 1079">
    <p class='ocr_par' dir='ltr' id='par_1_11' title="bbox 289 1003 1933 1079">
     <span class='ocr_line' id='line_1_11' title="bbox 289 1003 1933 1079; baseline -0.001 -19"><span class='ocrx_word' id='word_1_61' title='bbox 289 1003 399 1060; x_wconf 77' lang='lat' dir='ltr'><strong>hoc</strong></span> <span class='ocrx_word' id='word_1_62' title='bbox 422 1020 546 1070; x_wconf 87' lang='lat' dir='ltr'><strong>ora,</strong></span> <span class='ocrx_word' id='word_1_63' title='bbox 562 1011 624 1058; x_wconf 82' lang='lat' dir='ltr'><strong>ut</strong></span> <span class='ocrx_word' id='word_1_64' title='bbox 641 1004 909 1059; x_wconf 81' lang='lat' dir='ltr'><strong>charitas</strong></span> <span class='ocrx_word' id='word_1_65' title='bbox 932 1010 1125 1059; x_wconf 79' lang='lat' dir='ltr'><strong>vestra</strong></span> <span class='ocrx_word' id='word_1_66' title='bbox 1139 1005 1331 1078; x_wconf 77' lang='lat' dir='ltr'><strong>magis</strong></span> <span class='ocrx_word' id='word_1_67' title='bbox 1344 1022 1413 1061; x_wconf 89' lang='lat' dir='ltr'><strong>ac</strong></span> <span class='ocrx_word' id='word_1_68' title='bbox 1439 1006 1637 1079; x_wconf 82' lang='lat' dir='ltr'><strong>magis</strong></span> <span class='ocrx_word' id='word_1_69' title='bbox 1654 1005 1933 1060; x_wconf 82' lang='lat' dir='ltr'><strong>abundet.</strong></span> 
     </span>
    </p>
   </div>
   <div class='ocr_carea' id='block_1_12' title="bbox 285 1092 1935 1167">
    <p class='ocr_par' dir='ltr' id='par_1_12' title="bbox 285 1092 1935 1167">
     <span class='ocr_line' id='line_1_12' title="bbox 285 1092 1935 1167; baseline 0 -19"><span class='ocrx_word' id='word_1_70' title='bbox 285 1092 555 1149; x_wconf 88' lang='lat' dir='ltr'><strong>Charitas</strong></span> <span class='ocrx_word' id='word_1_71' title='bbox 587 1092 744 1148; x_wconf 90' lang='lat' dir='ltr'><strong>enim</strong></span> <span class='ocrx_word' id='word_1_72' title='bbox 775 1093 964 1149; x_wconf 88' lang='lat' dir='ltr'><strong>otiosa</strong></span> <span class='ocrx_word' id='word_1_73' title='bbox 985 1098 1039 1148; x_wconf 88' lang='lat' dir='ltr'><strong>et</strong></span> <span class='ocrx_word' id='word_1_74' title='bbox 1070 1093 1282 1167; x_wconf 84' lang='lat' dir='ltr'><strong>frigida</strong></span> <span class='ocrx_word' id='word_1_75' title='bbox 1311 1110 1439 1150; x_wconf 89' lang='lat' dir='ltr'><strong>esse</strong></span> <span class='ocrx_word' id='word_1_76' title='bbox 1461 1110 1577 1150; x_wconf 91' lang='lat' dir='ltr'><strong>non</strong></span> <span class='ocrx_word' id='word_1_77' title='bbox 1610 1096 1818 1166; x_wconf 85' lang='lat' dir='ltr'><strong>potest,</strong></span> <span class='ocrx_word' id='word_1_78' title='bbox 1835 1093 1935 1149; x_wconf 91' lang='lat' dir='ltr'><strong>sed</strong></span> 
     </span>
    </p>
   </div>
   <div class='ocr_carea' id='block_1_13' title="bbox 296 1181 1940 1256">
    <p class='ocr_par' dir='ltr' id='par_1_13' title="bbox 296 1181 1940 1256">
     <span class='ocr_line' id='line_1_13' title="bbox 296 1181 1940 1256; baseline 0.001 -20"><span class='ocrx_word' id='word_1_79' title='bbox 296 1198 457 1237; x_wconf 89' lang='lat' dir='ltr'><strong>more</strong></span> <span class='ocrx_word' id='word_1_80' title='bbox 488 1182 642 1256; x_wconf 84' lang='lat' dir='ltr'><strong>ignis</strong></span> <span class='ocrx_word' id='word_1_81' title='bbox 678 1182 738 1238; x_wconf 92' lang='lat' dir='ltr'><strong>in</strong></span> <span class='ocrx_word' id='word_1_82' title='bbox 769 1181 953 1238; x_wconf 88' lang='lat' dir='ltr'><strong>altum</strong></span> <span class='ocrx_word' id='word_1_83' title='bbox 984 1187 1041 1238; x_wconf 88' lang='lat' dir='ltr'><strong>et</strong></span> <span class='ocrx_word' id='word_1_84' title='bbox 1070 1182 1130 1237; x_wconf 91' lang='lat' dir='ltr'><strong>in</strong></span> <span class='ocrx_word' id='word_1_85' title='bbox 1161 1188 1547 1255; x_wconf 82' lang='lat' dir='ltr'>augmentum</span> <span class='ocrx_word' id='word_1_86' title='bbox 1605 1199 1668 1238; x_wconf 86' lang='lat' dir='ltr'><strong>se</strong></span> <span class='ocrx_word' id='word_1_87' title='bbox 1706 1199 1940 1254; x_wconf 87' lang='lat' dir='ltr'><strong>semper</strong></span> 
     </span>
    </p>
   </div>
   <div class='ocr_carea' id='block_1_14' title="bbox 286 1270 1935 1344">
    <p class='ocr_par' dir='ltr' id='par_1_14' title="bbox 286 1270 1935 1344">
     <span class='ocr_line' id='line_1_14' title="bbox 286 1270 1935 1344; baseline 0.001 -20"><span class='ocrx_word' id='word_1_88' title='bbox 286 1270 490 1326; x_wconf 85' lang='lat' dir='ltr'><strong>tendit.</strong></span> <span class='ocrx_word' id='word_1_89' title='bbox 511 1271 618 1326; x_wconf 90' lang='lat' dir='ltr'><strong>Sed</strong></span> <span class='ocrx_word' id='word_1_90' title='bbox 645 1271 922 1344; x_wconf 84' lang='lat' dir='ltr'><strong>quoniam</strong></span> <span class='ocrx_word' id='word_1_91' title='bbox 955 1271 1194 1344; x_wconf 90' lang='lat' dir='ltr'><strong>quidam</strong></span> <span class='ocrx_word' id='word_1_92' title='bbox 1208 1270 1427 1327; x_wconf 90' lang='lat' dir='ltr'><strong>habent</strong></span> <span class='ocrx_word' id='word_1_93' title='bbox 1452 1271 1818 1341; x_wconf 85' lang='lat' dir='ltr'><strong>charitatem,</strong></span> <span class='ocrx_word' id='word_1_94' title='bbox 1835 1271 1935 1327; x_wconf 92' lang='lat' dir='ltr'><strong>sed</strong></span> 
     </span>
    </p>
   </div>
   <div class='ocr_carea' id='block_1_15' title="bbox 286 1359 1935 1429">
    <p class='ocr_par' dir='ltr' id='par_1_15' title="bbox 286 1359 1935 1429">
     <span class='ocr_line' id='line_1_15' title="bbox 286 1359 1935 1429; baseline 0.001 -16"><span class='ocrx_word' id='word_1_95' title='bbox 286 1375 401 1414; x_wconf 90' lang='lat' dir='ltr'><strong>non</strong></span> <span class='ocrx_word' id='word_1_96' title='bbox 435 1360 758 1415; x_wconf 82' lang='lat' dir='ltr'><strong>secundum</strong></span> <span class='ocrx_word' id='word_1_97' title='bbox 792 1359 1123 1429; x_wconf 82' lang='lat' dir='ltr'><strong>scientiam,</strong></span> <span class='ocrx_word' id='word_1_98' title='bbox 1158 1377 1292 1416; x_wconf 90' lang='lat' dir='ltr'><strong>cum</strong></span> <span class='ocrx_word' id='word_1_99' title='bbox 1322 1359 1591 1416; x_wconf 86' lang='lat' dir='ltr'><strong>videlicet</strong></span> <span class='ocrx_word' id='word_1_100' title='bbox 1634 1360 1935 1415; x_wconf 90' lang='lat' dir='ltr'><strong>hominem</strong></span> 
     </span>
    </p>
   </div>
   <div class='ocr_carea' id='block_1_16' title="bbox 288 1444 1939 1523">
    <p class='ocr_par' dir='ltr' id='par_1_16' title="bbox 288 1444 1939 1523">
     <span class='ocr_line' id='line_1_16' title="bbox 288 1444 1939 1523; baseline 0.001 -21"><span class='ocrx_word' id='word_1_101' title='bbox 288 1446 561 1522; x_wconf 90' lang='lat' dir='ltr'><strong>diligunt,</strong></span> <span class='ocrx_word' id='word_1_102' title='bbox 577 1448 633 1503; x_wconf 91' lang='lat' dir='ltr'><strong>in</strong></span> <span class='ocrx_word' id='word_1_103' title='bbox 668 1466 783 1521; x_wconf 89' lang='lat' dir='ltr'><strong>quo</strong></span> <span class='ocrx_word' id='word_1_104' title='bbox 813 1444 947 1505; x_wconf 82' lang='lat' dir='ltr'><strong>eum</strong></span> <span class='ocrx_word' id='word_1_105' title='bbox 970 1448 1209 1523; x_wconf 90' lang='lat' dir='ltr'><strong>diligere</strong></span> <span class='ocrx_word' id='word_1_106' title='bbox 1224 1466 1337 1505; x_wconf 91' lang='lat' dir='ltr'><strong>non</strong></span> <span class='ocrx_word' id='word_1_107' title='bbox 1353 1450 1650 1517; x_wconf 85' lang='lat' dir='ltr'><strong>deberent,</strong></span> <span class='ocrx_word' id='word_1_108' title='bbox 1670 1447 1939 1521; x_wconf 87' lang='lat' dir='ltr'><strong>adjnngit</strong></span> 
     </span>
    </p>
   </div>
   <div class='ocr_carea' id='block_1_17' title="bbox 288 1537 1935 1611">
    <p class='ocr_par' dir='ltr' id='par_1_17' title="bbox 288 1537 1935 1611">
     <span class='ocr_line' id='line_1_17' title="bbox 288 1537 1935 1611; baseline 0 -18"><span class='ocrx_word' id='word_1_109' title='bbox 288 1538 353 1593; x_wconf 79' lang='lat' dir='ltr'><strong>in</strong></span> <span class='ocrx_word' id='word_1_110' title='bbox 380 1540 655 1607; x_wconf 80' lang='lat' dir='ltr'><strong>scientia,</strong></span> <span class='ocrx_word' id='word_1_111' title='bbox 671 1537 1297 1611; x_wconf 88' lang='lat' dir='ltr'><strong>scilicetspiritnalium</strong></span> <span class='ocrx_word' id='word_1_112' title='bbox 1321 1538 1736 1595; x_wconf 81' lang='lat' dir='ltr'><strong>beneﬁciorum</strong></span> <span class='ocrx_word' id='word_1_113' title='bbox 1753 1542 1935 1594; x_wconf 84' lang='lat' dir='ltr'><strong>etcor-</strong></span> 
     </span>
    </p>
   </div>
   <div class='ocr_carea' id='block_1_18' title="bbox 288 1625 1935 1701">
    <p class='ocr_par' dir='ltr' id='par_1_18' title="bbox 288 1625 1935 1701">
     <span class='ocr_line' id='line_1_18' title="bbox 288 1625 1935 1701; baseline -0.001 -19"><span class='ocrx_word' id='word_1_114' title='bbox 288 1625 600 1699; x_wconf 87' lang='lat' dir='ltr'><strong>poralium,</strong></span> <span class='ocrx_word' id='word_1_115' title='bbox 626 1627 765 1700; x_wconf 89' lang='lat' dir='ltr'><strong>quia</strong></span> <span class='ocrx_word' id='word_1_116' title='bbox 792 1627 853 1682; x_wconf 90' lang='lat' dir='ltr'><strong>in</strong></span> <span class='ocrx_word' id='word_1_117' title='bbox 887 1627 1175 1700; x_wconf 88' lang='lat' dir='ltr'><strong>utrisque,</strong></span> <span class='ocrx_word' id='word_1_118' title='bbox 1200 1628 1301 1699; x_wconf 90' lang='lat' dir='ltr'><strong>qui</strong></span> <span class='ocrx_word' id='word_1_119' title='bbox 1333 1627 1524 1701; x_wconf 82' lang='lat' dir='ltr'><strong>diligit</strong></span> <span class='ocrx_word' id='word_1_120' title='bbox 1569 1644 1702 1683; x_wconf 89' lang='lat' dir='ltr'><strong>vere</strong></span> <span class='ocrx_word' id='word_1_121' title='bbox 1744 1627 1935 1699; x_wconf 82' lang='lat' dir='ltr'><strong>proxi-</strong></span> 
     </span>
    </p>
   </div>
   <div class='ocr_carea' id='block_1_19' title="bbox 292 1716 1938 1790">
    <p class='ocr_par' dir='ltr' id='par_1_19' title="bbox 292 1716 1938 1790">
     <span class='ocr_line' id='line_1_19' title="bbox 292 1716 1938 1790; baseline 0.001 -20"><span class='ocrx_word' id='word_1_122' title='bbox 292 1731 479 1779; x_wconf 89' lang='lat' dir='ltr'><strong>mum,</strong></span> <span class='ocrx_word' id='word_1_123' title='bbox 512 1716 684 1772; x_wconf 90' lang='lat' dir='ltr'><strong>debet</strong></span> <span class='ocrx_word' id='word_1_124' title='bbox 714 1733 848 1772; x_wconf 91' lang='lat' dir='ltr'><strong>eum</strong></span> <span class='ocrx_word' id='word_1_125' title='bbox 874 1718 1101 1789; x_wconf 90' lang='lat' dir='ltr'><strong>juvare.</strong></span> <span class='ocrx_word' id='word_1_126' title='bbox 1140 1723 1214 1775; x_wconf 84' lang='lat' dir='ltr'><strong>Ut</strong></span> <span class='ocrx_word' id='word_1_127' title='bbox 1240 1718 1392 1784; x_wconf 80' lang='lat' dir='ltr'><strong>silis,</strong></span> <span class='ocrx_word' id='word_1_128' title='bbox 1424 1716 1938 1790; x_wconf 76' lang='lat' dir='ltr'><strong>inquit,sinceriel</strong></span> 
     </span>
    </p>
   </div>
   <div class='ocr_carea' id='block_1_20' title="bbox 286 1803 1938 1879">
    <p class='ocr_par' dir='ltr' id='par_1_20' title="bbox 286 1803 1938 1879">
     <span class='ocr_line' id='line_1_20' title="bbox 286 1803 1938 1879; baseline 0 -20"><span class='ocrx_word' id='word_1_129' title='bbox 286 1805 415 1860; x_wconf 79' lang='lat' dir='ltr'><strong>sine</strong></span> <span class='ocrx_word' id='word_1_130' title='bbox 443 1804 686 1879; x_wconf 66' lang='grc' dir='ltr'><strong>οῇὶνηεα.</strong></span> <span class='ocrx_word' id='word_1_131' title='bbox 704 1806 927 1862; x_wconf 91' lang='lat' dir='ltr'><strong>Sinceri</strong></span> <span class='ocrx_word' id='word_1_132' title='bbox 946 1810 1085 1862; x_wconf 89' lang='lat' dir='ltr'><strong>sunt</strong></span> <span class='ocrx_word' id='word_1_133' title='bbox 1107 1823 1356 1879; x_wconf 91' lang='lat' dir='ltr'><strong>quorum</strong></span> <span class='ocrx_word' id='word_1_134' title='bbox 1373 1806 1549 1862; x_wconf 90' lang='lat' dir='ltr'><strong>vitam</strong></span> <span class='ocrx_word' id='word_1_135' title='bbox 1581 1803 1938 1861; x_wconf 88' lang='lat' dir='ltr'><strong>nullaadmi-</strong></span> 
     </span>
    </p>
   </div>
   <div class='ocr_carea' id='block_1_21' title="bbox 290 1892 1934 1968">
    <p class='ocr_par' dir='ltr' id='par_1_21' title="bbox 290 1892 1934 1968">
     <span class='ocr_line' id='line_1_21' title="bbox 290 1892 1934 1968; baseline 0 -19"><span class='ocrx_word' id='word_1_136' title='bbox 290 1892 644 1950; x_wconf 76' lang='lat' dir='ltr'><strong>stionevanas</strong></span> <span class='ocrx_word' id='word_1_137' title='bbox 661 1895 856 1968; x_wconf 68' lang='lat' dir='ltr'><strong>gloriae</strong></span> <span class='ocrx_word' id='word_1_138' title='bbox 872 1895 958 1951; x_wconf 85' lang='lat' dir='ltr'><strong>vel</strong></span> <span class='ocrx_word' id='word_1_139' title='bbox 975 1896 1226 1952; x_wconf 67' lang='lat' dir='ltr'><strong>sinistra:</strong></span> <span class='ocrx_word' id='word_1_140' title='bbox 1240 1894 1578 1951; x_wconf 86' lang='lat' dir='ltr'><strong>intentionis</strong></span> <span class='ocrx_word' id='word_1_141' title='bbox 1594 1894 1934 1966; x_wconf 89' lang='lat' dir='ltr'><strong>corrumpit.</strong></span> 
     </span>
    </p>
   </div>
   <div class='ocr_carea' id='block_1_22' title="bbox 289 1982 1940 2057">
    <p class='ocr_par' dir='ltr' id='par_1_22' title="bbox 289 1982 1940 2057">
     <span class='ocr_line' id='line_1_22' title="bbox 289 1982 1940 2057; baseline 0.001 -20"><span class='ocrx_word' id='word_1_142' title='bbox 289 1982 423 2038; x_wconf 85' lang='lat' dir='ltr'><strong>Sine</strong></span> <span class='ocrx_word' id='word_1_143' title='bbox 454 1983 675 2040; x_wconf 72' lang='lat' dir='ltr'><strong>offensa</strong></span> <span class='ocrx_word' id='word_1_144' title='bbox 695 1988 837 2040; x_wconf 87' lang='lat' dir='ltr'><strong>sunt</strong></span> <span class='ocrx_word' id='word_1_145' title='bbox 865 1984 965 2057; x_wconf 90' lang='lat' dir='ltr'><strong>qui</strong></span> <span class='ocrx_word' id='word_1_146' title='bbox 1000 1984 1685 2057; x_wconf 81' lang='lat' dir='ltr'><strong>proximiinﬂrmitatem,</strong></span> <span class='ocrx_word' id='word_1_147' title='bbox 1706 2001 1811 2039; x_wconf 90' lang='lat' dir='ltr'><strong>nec</strong></span> <span class='ocrx_word' id='word_1_148' title='bbox 1837 1999 1940 2055; x_wconf 92' lang='lat' dir='ltr'><strong>per</strong></span> 
     </span>
    </p>
   </div>
   <div class='ocr_carea' id='block_1_23' title="bbox 290 2072 1934 2146">
    <p class='ocr_par' dir='ltr' id='par_1_23' title="bbox 290 2072 1934 2146">
     <span class='ocr_line' id='line_1_23' title="bbox 290 2072 1934 2146; baseline -0.001 -18"><span class='ocrx_word' id='word_1_149' title='bbox 290 2076 618 2143; x_wconf 89' lang='lat' dir='ltr'><strong>peccatum,</strong></span> <span class='ocrx_word' id='word_1_150' title='bbox 649 2089 755 2129; x_wconf 90' lang='lat' dir='ltr'><strong>nec</strong></span> <span class='ocrx_word' id='word_1_151' title='bbox 784 2090 889 2146; x_wconf 89' lang='lat' dir='ltr'><strong>per</strong></span> <span class='ocrx_word' id='word_1_152' title='bbox 920 2073 1305 2129; x_wconf 85' lang='lat' dir='ltr'><strong>indiscretum</strong></span> <span class='ocrx_word' id='word_1_153' title='bbox 1356 2074 1576 2129; x_wconf 90' lang='lat' dir='ltr'>bonum</span> <span class='ocrx_word' id='word_1_154' title='bbox 1610 2072 1934 2128; x_wconf 77' lang='lat' dir='ltr'><strong>offendunt.</strong></span> 
     </span>
    </p>
   </div>
   <div class='ocr_carea' id='block_1_24' title="bbox 291 2159 1934 2235">
    <p class='ocr_par' dir='ltr' id='par_1_24' title="bbox 291 2159 1934 2235">
     <span class='ocr_line' id='line_1_24' title="bbox 291 2159 1934 2235; baseline 0 -20"><span class='ocrx_word' id='word_1_155' title='bbox 291 2159 451 2216; x_wconf 89' lang='lat' dir='ltr'><strong>Idem</strong></span> <span class='ocrx_word' id='word_1_156' title='bbox 480 2178 616 2235; x_wconf 89' lang='lat' dir='ltr'><strong>ergo</strong></span> <span class='ocrx_word' id='word_1_157' title='bbox 646 2166 737 2218; x_wconf 91' lang='lat' dir='ltr'><strong>est</strong></span> <span class='ocrx_word' id='word_1_158' title='bbox 767 2163 923 2235; x_wconf 90' lang='lat' dir='ltr'><strong>quod</strong></span> <span class='ocrx_word' id='word_1_159' title='bbox 954 2163 1036 2218; x_wconf 89' lang='lat' dir='ltr'><strong>ait</strong></span> <span class='ocrx_word' id='word_1_160' title='bbox 1066 2161 1277 2219; x_wconf 88' lang='lat' dir='ltr'><strong>sinceri</strong></span> <span class='ocrx_word' id='word_1_161' title='bbox 1311 2166 1368 2218; x_wconf 92' lang='lat' dir='ltr'><strong>et</strong></span> <span class='ocrx_word' id='word_1_162' title='bbox 1397 2162 1525 2219; x_wconf 88' lang='lat' dir='ltr'><strong>sine</strong></span> <span class='ocrx_word' id='word_1_163' title='bbox 1555 2160 1934 2228; x_wconf 80' lang='lat' dir='ltr'><strong>oti&#39;ensaillic,</strong></span> 
     </span>
    </p>
   </div>
   <div class='ocr_carea' id='block_1_25' title="bbox 292 2250 1938 2320">
    <p class='ocr_par' dir='ltr' id='par_1_25' title="bbox 292 2250 1938 2320">
     <span class='ocr_line' id='line_1_25' title="bbox 292 2250 1938 2320; baseline 0.001 -16"><span class='ocrx_word' id='word_1_164' title='bbox 292 2250 445 2320; x_wconf 93' lang='lat' dir='ltr'><strong>quod</strong></span> <span class='ocrx_word' id='word_1_165' title='bbox 479 2250 617 2306; x_wconf 84' lang='lat' dir='ltr'><strong>alibi</strong></span> <span class='ocrx_word' id='word_1_166' title='bbox 646 2250 1139 2309; x_wconf 81' lang='lat' dir='ltr'><strong>ait:Providenles</strong></span> <span class='ocrx_word' id='word_1_167' title='bbox 1162 2252 1461 2320; x_wconf 83' lang='lat' dir='ltr'><strong>bona,non</strong></span> <span class='ocrx_word' id='word_1_168' title='bbox 1491 2257 1938 2307; x_wconf 79' lang='lat' dir='ltr'><strong>tantumeoram</strong></span> 
     </span>
    </p>
   </div>
   <div class='ocr_carea' id='block_1_26' title="bbox 292 2339 1935 2412">
    <p class='ocr_par' dir='ltr' id='par_1_26' title="bbox 292 2339 1935 2412">
     <span class='ocr_line' id='line_1_26' title="bbox 292 2339 1935 2412; baseline 0.001 -19"><span class='ocrx_word' id='word_1_169' title='bbox 292 2342 434 2403; x_wconf 89' lang='lat' dir='ltr'><strong>Deo,</strong></span> <span class='ocrx_word' id='word_1_170' title='bbox 465 2339 571 2394; x_wconf 80' lang='lat' dir='ltr'><strong>sed</strong></span> <span class='ocrx_word' id='word_1_171' title='bbox 587 2341 982 2396; x_wconf 73' lang='lat' dir='ltr'><strong>etiamcoram</strong></span> <span class='ocrx_word' id='word_1_172' title='bbox 995 2340 1797 2412; x_wconf 74' lang='lat' dir='ltr'><strong>omnibushominibus(ﬂom.</strong></span> <span class='ocrx_word' id='word_1_173' title='bbox 1813 2340 1935 2411; x_wconf 80' lang='grc' dir='ltr'><strong>χιι).</strong></span> 
     </span>
    </p>
   </div>
   <div class='ocr_carea' id='block_1_27' title="bbox 290 2426 1937 2498">
    <p class='ocr_par' dir='ltr' id='par_1_27' title="bbox 290 2426 1937 2498">
     <span class='ocr_line' id='line_1_27' title="bbox 290 2426 1937 2498; baseline 0.001 -16"><span class='ocrx_word' id='word_1_174' title='bbox 290 2426 363 2482; x_wconf 87' lang='lat' dir='ltr'><strong>Et</strong></span> <span class='ocrx_word' id='word_1_175' title='bbox 401 2426 501 2495; x_wconf 87' lang='lat' dir='ltr'><strong>ita,</strong></span> <span class='ocrx_word' id='word_1_176' title='bbox 533 2427 760 2497; x_wconf 82' lang='lat' dir='ltr'><strong>fratres,</strong></span> <span class='ocrx_word' id='word_1_177' title='bbox 810 2429 1090 2498; x_wconf 87' lang='lat' dir='ltr'><strong>viventes,</strong></span> <span class='ocrx_word' id='word_1_178' title='bbox 1137 2429 1382 2486; x_wconf 84' lang='lat' dir='ltr'><strong>venietis</strong></span> <span class='ocrx_word' id='word_1_179' title='bbox 1429 2445 1631 2485; x_wconf 88' lang='lat' dir='ltr'><strong>secure</strong></span> <span class='ocrx_word' id='word_1_180' title='bbox 1677 2428 1738 2483; x_wconf 91' lang='lat' dir='ltr'><strong>in</strong></span> <span class='ocrx_word' id='word_1_181' title='bbox 1779 2428 1937 2483; x_wconf 85' lang='lat' dir='ltr'><strong>diem</strong></span> 
     </span>
    </p>
   </div>
   <div class='ocr_carea' id='block_1_28' title="bbox 283 2514 1936 2591">
    <p class='ocr_par' dir='ltr' id='par_1_28' title="bbox 283 2514 1936 2591">
     <span class='ocr_line' id='line_1_28' title="bbox 283 2514 1936 2591; baseline 0.002 -22"><span class='ocrx_word' id='word_1_182' title='bbox 283 2514 519 2587; x_wconf 89' lang='lat' dir='ltr'><strong>judicii,</strong></span> <span class='ocrx_word' id='word_1_183' title='bbox 552 2520 609 2573; x_wconf 90' lang='lat' dir='ltr'><strong>et</strong></span> <span class='ocrx_word' id='word_1_184' title='bbox 631 2520 770 2574; x_wconf 90' lang='lat' dir='ltr'><strong>tunc</strong></span> <span class='ocrx_word' id='word_1_185' title='bbox 801 2518 963 2575; x_wconf 89' lang='lat' dir='ltr'><strong>eritis</strong></span> <span class='ocrx_word' id='word_1_186' title='bbox 991 2518 1193 2591; x_wconf 85' lang='lat' dir='ltr'><strong>repleti</strong></span> <span class='ocrx_word' id='word_1_187' title='bbox 1224 2519 1416 2574; x_wconf 87' lang='lat' dir='ltr'><strong>fructu</strong></span> <span class='ocrx_word' id='word_1_188' title='bbox 1440 2517 1685 2590; x_wconf 66' lang='lat' dir='ltr'><strong>jnstitiaa</strong></span> <span class='ocrx_word' id='word_1_189' title='bbox 1712 2533 1816 2590; x_wconf 90' lang='lat' dir='ltr'><strong>per</strong></span> <span class='ocrx_word' id='word_1_190' title='bbox 1842 2517 1936 2573; x_wconf 90' lang='lat' dir='ltr'><strong>Je-</strong></span> 
     </span>
    </p>
   </div>
   <div class='ocr_carea' id='block_1_29' title="bbox 292 2604 1936 2681">
    <p class='ocr_par' dir='ltr' id='par_1_29' title="bbox 292 2604 1936 2681">
     <span class='ocr_line' id='line_1_29' title="bbox 292 2604 1936 2681; baseline 0.001 -22"><span class='ocrx_word' id='word_1_191' title='bbox 292 2619 425 2660; x_wconf 90' lang='lat' dir='ltr'><strong>sum</strong></span> <span class='ocrx_word' id='word_1_192' title='bbox 446 2604 739 2662; x_wconf 88' lang='lat' dir='ltr'><strong>Christum</strong></span> <span class='ocrx_word' id='word_1_193' title='bbox 770 2606 831 2662; x_wconf 89' lang='lat' dir='ltr'><strong>in</strong></span> <span class='ocrx_word' id='word_1_194' title='bbox 861 2606 1095 2664; x_wconf 89' lang='lat' dir='ltr'><strong>laudem</strong></span> <span class='ocrx_word' id='word_1_195' title='bbox 1127 2611 1183 2664; x_wconf 87' lang='lat' dir='ltr'><strong>et</strong></span> <span class='ocrx_word' id='word_1_196' title='bbox 1213 2606 1458 2681; x_wconf 85' lang='lat' dir='ltr'><strong>gloriam</strong></span> <span class='ocrx_word' id='word_1_197' title='bbox 1490 2606 1614 2663; x_wconf 91' lang='lat' dir='ltr'><strong>Dei.</strong></span> <span class='ocrx_word' id='word_1_198' title='bbox 1639 2606 1802 2663; x_wconf 91' lang='lat' dir='ltr'><strong>Sicut</strong></span> <span class='ocrx_word' id='word_1_199' title='bbox 1833 2605 1936 2662; x_wconf 89' lang='lat' dir='ltr'><strong>sti-</strong></span> 
     </span>
    </p>
   </div>
   <div class='ocr_carea' id='block_1_30' title="bbox 292 2693 1940 2768">
    <p class='ocr_par' dir='ltr' id='par_1_30' title="bbox 292 2693 1940 2768">
     <span class='ocr_line' id='line_1_30' title="bbox 292 2693 1940 2768; baseline 0.001 -19"><span class='ocrx_word' id='word_1_200' title='bbox 292 2693 504 2766; x_wconf 85' lang='lat' dir='ltr'><strong>pendia</strong></span> <span class='ocrx_word' id='word_1_201' title='bbox 533 2696 757 2767; x_wconf 89' lang='lat' dir='ltr'><strong>peccati</strong></span> <span class='ocrx_word' id='word_1_202' title='bbox 784 2713 962 2765; x_wconf 90' lang='lat' dir='ltr'><strong>mors,</strong></span> <span class='ocrx_word' id='word_1_203' title='bbox 980 2695 1061 2753; x_wconf 91' lang='lat' dir='ltr'><strong>ita</strong></span> <span class='ocrx_word' id='word_1_204' title='bbox 1090 2697 1315 2753; x_wconf 84' lang='lat' dir='ltr'><strong>fructus</strong></span> <span class='ocrx_word' id='word_1_205' title='bbox 1332 2695 1576 2768; x_wconf 71' lang='lat' dir='ltr'><strong>justitiaa</strong></span> <span class='ocrx_word' id='word_1_206' title='bbox 1606 2699 1695 2752; x_wconf 89' lang='lat' dir='ltr'><strong>est</strong></span> <span class='ocrx_word' id='word_1_207' title='bbox 1721 2696 1843 2751; x_wconf 88' lang='lat' dir='ltr'><strong>vita</strong></span> <span class='ocrx_word' id='word_1_208' title='bbox 1871 2713 1940 2751; x_wconf 67' lang='grc' dir='ltr'><strong>ω-</strong></span> 
     </span>
    </p>
   </div>
   <div class='ocr_carea' id='block_1_31' title="bbox 291 2784 1940 2860">
    <p class='ocr_par' dir='ltr' id='par_1_31' title="bbox 291 2784 1940 2860">
     <span class='ocr_line' id='line_1_31' title="bbox 291 2784 1940 2860; baseline 0.002 -23"><span class='ocrx_word' id='word_1_209' title='bbox 291 2786 478 2850; x_wconf 88' lang='lat' dir='ltr'><strong>terna,</strong></span> <span class='ocrx_word' id='word_1_210' title='bbox 502 2799 620 2855; x_wconf 92' lang='lat' dir='ltr'><strong>qua</strong></span> <span class='ocrx_word' id='word_1_211' title='bbox 638 2785 787 2856; x_wconf 84' lang='lat' dir='ltr'><strong>justi</strong></span> <span class='ocrx_word' id='word_1_212' title='bbox 818 2786 879 2840; x_wconf 90' lang='lat' dir='ltr'><strong>in</strong></span> <span class='ocrx_word' id='word_1_213' title='bbox 909 2787 1106 2842; x_wconf 84' lang='lat' dir='ltr'><strong>futuro</strong></span> <span class='ocrx_word' id='word_1_214' title='bbox 1134 2789 1307 2842; x_wconf 88' lang='lat' dir='ltr'><strong>erunt</strong></span> <span class='ocrx_word' id='word_1_215' title='bbox 1335 2784 1716 2860; x_wconf 90' lang='lat' dir='ltr'><strong>repleti,quia</strong></span> <span class='ocrx_word' id='word_1_216' title='bbox 1731 2801 1940 2841; x_wconf 90' lang='lat' dir='ltr'><strong>unum-</strong></span> 
     </span>
    </p>
   </div>
   <div class='ocr_carea' id='block_1_32' title="bbox 295 2873 1937 2949">
    <p class='ocr_par' dir='ltr' id='par_1_32' title="bbox 295 2873 1937 2949">
     <span class='ocr_line' id='line_1_32' title="bbox 295 2873 1937 2949; baseline 0.001 -22"><span class='ocrx_word' id='word_1_217' title='bbox 295 2886 589 2944; x_wconf 89' lang='lat' dir='ltr'><strong>quemque</strong></span> <span class='ocrx_word' id='word_1_218' title='bbox 619 2873 956 2931; x_wconf 82' lang='lat' dir='ltr'><strong>suﬁcienter</strong></span> <span class='ocrx_word' id='word_1_219' title='bbox 984 2875 1230 2949; x_wconf 88' lang='lat' dir='ltr'><strong>replebit</strong></span> <span class='ocrx_word' id='word_1_220' title='bbox 1258 2874 1405 2931; x_wconf 92' lang='lat' dir='ltr'><strong>illud</strong></span> <span class='ocrx_word' id='word_1_221' title='bbox 1438 2875 1732 2931; x_wconf 91' lang='lat' dir='ltr'><strong>modicum</strong></span> <span class='ocrx_word' id='word_1_222' title='bbox 1783 2874 1937 2947; x_wconf 92' lang='lat' dir='ltr'><strong>quod</strong></span> 
     </span>
    </p>
   </div>
   <div class='ocr_carea' id='block_1_33' title="bbox 294 2959 1942 3037">
    <p class='ocr_par' dir='ltr' id='par_1_33' title="bbox 294 2959 1942 3037">
     <span class='ocr_line' id='line_1_33' title="bbox 294 2959 1942 3037; baseline 0.002 -21"><span class='ocrx_word' id='word_1_223' title='bbox 294 2959 550 3029; x_wconf 84' lang='lat' dir='ltr'><strong>habebit,</strong></span> <span class='ocrx_word' id='word_1_224' title='bbox 567 2963 887 3035; x_wconf 70' lang='lat' dir='ltr'><strong>praesertim</strong></span> <span class='ocrx_word' id='word_1_225' title='bbox 910 2981 1043 3020; x_wconf 91' lang='lat' dir='ltr'><strong>cum</strong></span> <span class='ocrx_word' id='word_1_226' title='bbox 1074 2965 1257 3037; x_wconf 86' lang='lat' dir='ltr'><strong>gloria</strong></span> <span class='ocrx_word' id='word_1_227' title='bbox 1278 2963 1646 3037; x_wconf 85' lang='lat' dir='ltr'><strong>singulorum</strong></span> <span class='ocrx_word' id='word_1_228' title='bbox 1672 2979 1942 3037; x_wconf 88' lang='lat' dir='ltr'><strong>peramo-</strong></span> 
     </span>
    </p>
   </div>
   <div class='ocr_carea' id='block_1_34' title="bbox 2045 467 3757 543">
    <p class='ocr_par' dir='ltr' id='par_1_34' title="bbox 2045 467 3757 543">
     <span class='ocr_line' id='line_1_34' title="bbox 2045 467 3757 543; baseline 0.001 -20"><span class='ocrx_word' id='word_1_229' title='bbox 2045 467 2207 525; x_wconf 89' lang='lat' dir='ltr'><strong>illius</strong></span> <span class='ocrx_word' id='word_1_230' title='bbox 2239 472 2380 525; x_wconf 89' lang='lat' dir='ltr'><strong>sunt</strong></span> <span class='ocrx_word' id='word_1_231' title='bbox 2409 468 3016 543; x_wconf 90' lang='lat' dir='ltr'><strong>debitores,qnoniam</strong></span> <span class='ocrx_word' id='word_1_232' title='bbox 3038 467 3099 523; x_wconf 91' lang='lat' dir='ltr'><strong>in</strong></span> <span class='ocrx_word' id='word_1_233' title='bbox 3124 467 3326 525; x_wconf 88' lang='lat' dir='ltr'><strong>multis</strong></span> <span class='ocrx_word' id='word_1_234' title='bbox 3342 468 3757 525; x_wconf 77' lang='lat' dir='ltr'><strong>offendimus</strong></span> 
     </span>
    </p>
   </div>
   <div class='ocr_carea' id='block_1_35' title="bbox 2047 556 3755 631">
    <p class='ocr_par' dir='ltr' id='par_1_35' title="bbox 2047 556 3755 631">
     <span class='ocr_line' id='line_1_35' title="bbox 2047 556 3755 631; baseline -0.002 -17"><span class='ocrx_word' id='word_1_235' title='bbox 2047 574 2250 615; x_wconf 90' lang='lat' dir='ltr'><strong>omnes</strong></span> <span class='ocrx_word' id='word_1_236' title='bbox 2282 560 2425 627; x_wconf 86' lang='lat' dir='ltr'><strong>(Jac.</strong></span> <span class='ocrx_word' id='word_1_237' title='bbox 2462 561 2565 628; x_wconf 86' lang='grc' dir='ltr'><strong>ιιι).</strong></span> <span class='ocrx_word' id='word_1_238' title='bbox 2599 558 2733 623; x_wconf 69' lang='lat' dir='ltr'><strong>Quae</strong></span> <span class='ocrx_word' id='word_1_239' title='bbox 2764 558 3002 631; x_wconf 89' lang='lat' dir='ltr'><strong>quidem</strong></span> <span class='ocrx_word' id='word_1_240' title='bbox 3035 557 3235 613; x_wconf 88' lang='lat' dir='ltr'><strong>debita</strong></span> <span class='ocrx_word' id='word_1_241' title='bbox 3270 557 3447 613; x_wconf 91' lang='lat' dir='ltr'><strong>nobis</strong></span> <span class='ocrx_word' id='word_1_242' title='bbox 3486 556 3755 613; x_wconf 83' lang='lat' dir='ltr'><strong>dimitti</strong></span> 
     </span>
    </p>
   </div>
   <div class='ocr_carea' id='block_1_36' title="bbox 2046 644 3757 721">
    <p class='ocr_par' dir='ltr' id='par_1_36' title="bbox 2046 644 3757 721">
     <span class='ocr_line' id='line_1_36' title="bbox 2046 644 3757 721; baseline -0.001 -19"><span class='ocrx_word' id='word_1_243' title='bbox 2046 663 2343 721; x_wconf 86' lang='lat' dir='ltr'><strong>rogamus,</strong></span> <span class='ocrx_word' id='word_1_244' title='bbox 2376 664 2512 703; x_wconf 92' lang='lat' dir='ltr'><strong>cum</strong></span> <span class='ocrx_word' id='word_1_245' title='bbox 2545 646 2806 720; x_wconf 90' lang='lat' dir='ltr'><strong>quotidie</strong></span> <span class='ocrx_word' id='word_1_246' title='bbox 2835 645 2894 701; x_wconf 92' lang='lat' dir='ltr'><strong>in</strong></span> <span class='ocrx_word' id='word_1_247' title='bbox 2926 645 3201 703; x_wconf 83' lang='lat' dir='ltr'><strong>Oratione</strong></span> <span class='ocrx_word' id='word_1_248' title='bbox 3229 645 3551 701; x_wconf 80' lang='lat' dir='ltr'><strong>Dominiea</strong></span> <span class='ocrx_word' id='word_1_249' title='bbox 3582 644 3757 701; x_wconf 80' lang='lat' dir='ltr'><strong>dici—</strong></span> 
     </span>
    </p>
   </div>
   <div class='ocr_carea' id='block_1_37' title="bbox 2046 734 3754 807">
    <p class='ocr_par' dir='ltr' id='par_1_37' title="bbox 2046 734 3754 807">
     <span class='ocr_line' id='line_1_37' title="bbox 2046 734 3754 807; baseline -0.001 -16"><span class='ocrx_word' id='word_1_250' title='bbox 2046 753 2208 793; x_wconf 90' lang='lat' dir='ltr'><strong>mus:</strong></span> <span class='ocrx_word' id='word_1_251' title='bbox 2232 739 2482 793; x_wconf 76' lang='lat' dir='ltr'><strong>Dimitte</strong></span> <span class='ocrx_word' id='word_1_252' title='bbox 2493 735 2659 792; x_wconf 78' lang='lat' dir='ltr'><strong>nobis</strong></span> <span class='ocrx_word' id='word_1_253' title='bbox 2686 736 2887 792; x_wconf 79' lang='lat' dir='ltr'><strong>debita</strong></span> <span class='ocrx_word' id='word_1_254' title='bbox 2908 734 3362 807; x_wconf 72' lang='lat' dir='ltr'><strong>nostraUlIatlh.</strong></span> <span class='ocrx_word' id='word_1_255' title='bbox 3384 734 3487 806; x_wconf 82' lang='lat' dir='ltr'><strong>vl).</strong></span> <span class='ocrx_word' id='word_1_256' title='bbox 3503 734 3754 791; x_wconf 83' lang='lat' dir='ltr'><strong>Osten-</strong></span> 
     </span>
    </p>
   </div>
   <div class='ocr_carea' id='block_1_38' title="bbox 2045 823 3748 899">
    <p class='ocr_par' dir='ltr' id='par_1_38' title="bbox 2045 823 3748 899">
     <span class='ocr_line' id='line_1_38' title="bbox 2045 823 3748 899; baseline -0.002 -17"><span class='ocrx_word' id='word_1_257' title='bbox 2045 825 2459 899; x_wconf 89' lang='lat' dir='ltr'><strong>dunturigitur</strong></span> <span class='ocrx_word' id='word_1_258' title='bbox 2470 826 2529 880; x_wconf 91' lang='lat' dir='ltr'><strong>in</strong></span> <span class='ocrx_word' id='word_1_259' title='bbox 2542 824 2651 881; x_wconf 89' lang='lat' dir='ltr'><strong>hac</strong></span> <span class='ocrx_word' id='word_1_260' title='bbox 2664 823 2910 881; x_wconf 88' lang='lat' dir='ltr'><strong>lectione</strong></span> <span class='ocrx_word' id='word_1_261' title='bbox 2922 824 3091 880; x_wconf 91' lang='lat' dir='ltr'><strong>nobis</strong></span> <span class='ocrx_word' id='word_1_262' title='bbox 3105 826 3387 896; x_wconf 85' lang='lat' dir='ltr'><strong>quatuor:</strong></span> <span class='ocrx_word' id='word_1_263' title='bbox 3405 824 3748 897; x_wconf 87' lang='lat' dir='ltr'><strong>quomodo</strong></span> 
     </span>
    </p>
   </div>
   <div class='ocr_carea' id='block_1_39' title="bbox 2045 913 3751 988">
    <p class='ocr_par' dir='ltr' id='par_1_39' title="bbox 2045 913 3751 988">
     <span class='ocr_line' id='line_1_39' title="bbox 2045 913 3751 988; baseline -0.002 -17"><span class='ocrx_word' id='word_1_264' title='bbox 2045 915 2199 971; x_wconf 89' lang='lat' dir='ltr'><strong>Deus</strong></span> <span class='ocrx_word' id='word_1_265' title='bbox 2232 915 2396 988; x_wconf 91' lang='lat' dir='ltr'><strong>ponit</strong></span> <span class='ocrx_word' id='word_1_266' title='bbox 2426 915 2715 971; x_wconf 88' lang='lat' dir='ltr'><strong>rationem</strong></span> <span class='ocrx_word' id='word_1_267' title='bbox 2747 930 2882 969; x_wconf 92' lang='lat' dir='ltr'><strong>cum</strong></span> <span class='ocrx_word' id='word_1_268' title='bbox 2905 913 3225 970; x_wconf 89' lang='lat' dir='ltr'><strong>servissuis</strong></span> <span class='ocrx_word' id='word_1_269' title='bbox 3255 916 3313 969; x_wconf 90' lang='lat' dir='ltr'><strong>et</strong></span> <span class='ocrx_word' id='word_1_270' title='bbox 3342 913 3430 969; x_wconf 89' lang='lat' dir='ltr'><strong>eis</strong></span> <span class='ocrx_word' id='word_1_271' title='bbox 3461 914 3751 969; x_wconf 80' lang='lat' dir='ltr'><strong>commi-</strong></span> 
     </span>
    </p>
   </div>
   <div class='ocr_carea' id='block_1_40' title="bbox 2046 1001 3743 1077">
    <p class='ocr_par' dir='ltr' id='par_1_40' title="bbox 2046 1001 3743 1077">
     <span class='ocr_line' id='line_1_40' title="bbox 2046 1001 3743 1077; baseline -0.001 -18"><span class='ocrx_word' id='word_1_272' title='bbox 2046 1008 2241 1070; x_wconf 84' lang='lat' dir='ltr'><strong>natur,</strong></span> <span class='ocrx_word' id='word_1_273' title='bbox 2277 1004 2571 1077; x_wconf 91' lang='lat' dir='ltr'><strong>quomodo</strong></span> <span class='ocrx_word' id='word_1_274' title='bbox 2602 1002 3083 1076; x_wconf 89' lang='lat' dir='ltr'><strong>promittentibus</strong></span> <span class='ocrx_word' id='word_1_275' title='bbox 3109 1001 3602 1058; x_wconf 86' lang='lat' dir='ltr'><strong>emendationem</strong></span> <span class='ocrx_word' id='word_1_276' title='bbox 3638 1002 3743 1058; x_wconf 84' lang='lat' dir='ltr'><strong>fa-</strong></span> 
     </span>
    </p>
   </div>
   <div class='ocr_carea' id='block_1_41' title="bbox 2047 1091 3737 1166">
    <p class='ocr_par' dir='ltr' id='par_1_41' title="bbox 2047 1091 3737 1166">
     <span class='ocr_line' id='line_1_41' title="bbox 2047 1091 3737 1166; baseline -0.003 -16"><span class='ocrx_word' id='word_1_277' title='bbox 2047 1092 2157 1150; x_wconf 90' lang='lat' dir='ltr'><strong>cile</strong></span> <span class='ocrx_word' id='word_1_278' title='bbox 2186 1093 2515 1162; x_wconf 90' lang='lat' dir='ltr'><strong>miseretur,</strong></span> <span class='ocrx_word' id='word_1_279' title='bbox 2530 1098 2587 1149; x_wconf 90' lang='lat' dir='ltr'><strong>et</strong></span> <span class='ocrx_word' id='word_1_280' title='bbox 2615 1095 2840 1166; x_wconf 89' lang='lat' dir='ltr'><strong>quanta</strong></span> <span class='ocrx_word' id='word_1_281' title='bbox 2855 1091 2931 1148; x_wconf 87' lang='lat' dir='ltr'><strong>sit</strong></span> <span class='ocrx_word' id='word_1_282' title='bbox 2954 1091 3458 1148; x_wconf 67' lang='lat' dir='ltr'><strong>immisericordiae</strong></span> <span class='ocrx_word' id='word_1_283' title='bbox 3490 1096 3737 1147; x_wconf 65' lang='lat' dir='ltr'><strong>nostra</strong></span> 
     </span>
    </p>
   </div>
   <div class='ocr_carea' id='block_1_42' title="bbox 2046 1179 3732 1256">
    <p class='ocr_par' dir='ltr' id='par_1_42' title="bbox 2046 1179 3732 1256">
     <span class='ocr_line' id='line_1_42' title="bbox 2046 1179 3732 1256; baseline -0.004 -15"><span class='ocrx_word' id='word_1_284' title='bbox 2046 1183 2457 1252; x_wconf 88' lang='lat' dir='ltr'><strong>crudelitas,et</strong></span> <span class='ocrx_word' id='word_1_285' title='bbox 2486 1186 2709 1256; x_wconf 88' lang='lat' dir='ltr'><strong>quanta</strong></span> <span class='ocrx_word' id='word_1_286' title='bbox 2739 1181 2817 1238; x_wconf 89' lang='lat' dir='ltr'><strong>sit</strong></span> <span class='ocrx_word' id='word_1_287' title='bbox 2844 1185 3050 1237; x_wconf 90' lang='lat' dir='ltr'><strong>contra</strong></span> <span class='ocrx_word' id='word_1_288' title='bbox 3075 1197 3183 1237; x_wconf 89' lang='lat' dir='ltr'><strong>nos</strong></span> <span class='ocrx_word' id='word_1_289' title='bbox 3213 1180 3429 1236; x_wconf 73' lang='lat' dir='ltr'><strong>divinae</strong></span> <span class='ocrx_word' id='word_1_290' title='bbox 3452 1179 3732 1252; x_wconf 75' lang='lat' dir='ltr'><strong>justitia:</strong></span> 
     </span>
    </p>
   </div>
   <div class='ocr_carea' id='block_1_43' title="bbox 2046 1269 3733 1344">
    <p class='ocr_par' dir='ltr' id='par_1_43' title="bbox 2046 1269 3733 1344">
     <span class='ocr_line' id='line_1_43' title="bbox 2046 1269 3733 1344; baseline -0.003 -16"><span class='ocrx_word' id='word_1_291' title='bbox 2046 1272 2343 1330; x_wconf 86' lang='lat' dir='ltr'><strong>severitas.</strong></span> <span class='ocrx_word' id='word_1_292' title='bbox 2379 1270 2546 1327; x_wconf 90' lang='lat' dir='ltr'><strong>Ponit</strong></span> <span class='ocrx_word' id='word_1_293' title='bbox 2593 1270 2774 1344; x_wconf 89' lang='lat' dir='ltr'><strong>igitur</strong></span> <span class='ocrx_word' id='word_1_294' title='bbox 2822 1271 2972 1326; x_wconf 88' lang='lat' dir='ltr'><strong>Dens</strong></span> <span class='ocrx_word' id='word_1_295' title='bbox 3022 1270 3310 1326; x_wconf 88' lang='lat' dir='ltr'><strong>rationem</strong></span> <span class='ocrx_word' id='word_1_296' title='bbox 3360 1285 3501 1324; x_wconf 90' lang='lat' dir='ltr'><strong>cum</strong></span> <span class='ocrx_word' id='word_1_297' title='bbox 3536 1269 3733 1324; x_wconf 76' lang='lat' dir='ltr'><strong>nobis</strong></span> 
     </span>
    </p>
   </div>
   <div class='ocr_carea' id='block_1_44' title="bbox 2047 1356 3729 1433">
    <p class='ocr_par' dir='ltr' id='par_1_44' title="bbox 2047 1356 3729 1433">
     <span class='ocr_line' id='line_1_44' title="bbox 2047 1356 3729 1433; baseline -0.004 -13"><span class='ocrx_word' id='word_1_298' title='bbox 2047 1362 2229 1420; x_wconf 84' lang='lat' dir='ltr'><strong>servis</strong></span> <span class='ocrx_word' id='word_1_299' title='bbox 2259 1359 2404 1428; x_wconf 87' lang='lat' dir='ltr'><strong>suis,</strong></span> <span class='ocrx_word' id='word_1_300' title='bbox 2425 1360 2659 1433; x_wconf 87' lang='lat' dir='ltr'><strong>quando</strong></span> <span class='ocrx_word' id='word_1_301' title='bbox 2688 1377 2795 1416; x_wconf 88' lang='lat' dir='ltr'><strong>nos</strong></span> <span class='ocrx_word' id='word_1_302' title='bbox 2825 1359 3111 1432; x_wconf 88' lang='lat' dir='ltr'><strong>dijudieat</strong></span> <span class='ocrx_word' id='word_1_303' title='bbox 3139 1363 3197 1414; x_wconf 92' lang='lat' dir='ltr'><strong>et</strong></span> <span class='ocrx_word' id='word_1_304' title='bbox 3228 1356 3535 1415; x_wconf 87' lang='lat' dir='ltr'><strong>discernit.</strong></span> <span class='ocrx_word' id='word_1_305' title='bbox 3555 1357 3729 1413; x_wconf 81' lang='lat' dir='ltr'><strong>Sunt</strong></span> 
     </span>
    </p>
   </div>
   <div class='ocr_carea' id='block_1_45' title="bbox 2047 1446 3725 1524">
    <p class='ocr_par' dir='ltr' id='par_1_45' title="bbox 2047 1446 3725 1524">
     <span class='ocr_line' id='line_1_45' title="bbox 2047 1446 3725 1524; baseline -0.004 -16"><span class='ocrx_word' id='word_1_306' title='bbox 2047 1456 2244 1509; x_wconf 88' lang='lat' dir='ltr'><strong>autem</strong></span> <span class='ocrx_word' id='word_1_307' title='bbox 2275 1452 2393 1506; x_wconf 91' lang='lat' dir='ltr'><strong>duo</strong></span> <span class='ocrx_word' id='word_1_308' title='bbox 2414 1449 2641 1524; x_wconf 86' lang='lat' dir='ltr'><strong>judicia</strong></span> <span class='ocrx_word' id='word_1_309' title='bbox 2670 1449 2770 1505; x_wconf 91' lang='lat' dir='ltr'><strong>Dei</strong></span> <span class='ocrx_word' id='word_1_310' title='bbox 2806 1465 3029 1504; x_wconf 89' lang='lat' dir='ltr'><strong>:unum</strong></span> <span class='ocrx_word' id='word_1_311' title='bbox 3056 1448 3428 1505; x_wconf 86' lang='lat' dir='ltr'><strong>discretionis</strong></span> <span class='ocrx_word' id='word_1_312' title='bbox 3463 1446 3725 1503; x_wconf 78' lang='lat' dir='ltr'><strong>merito-</strong></span> 
     </span>
    </p>
   </div>
   <div class='ocr_carea' id='block_1_46' title="bbox 2047 1536 3725 1611">
    <p class='ocr_par' dir='ltr' id='par_1_46' title="bbox 2047 1536 3725 1611">
     <span class='ocr_line' id='line_1_46' title="bbox 2047 1536 3725 1611; baseline -0.002 -16"><span class='ocrx_word' id='word_1_313' title='bbox 2047 1557 2175 1596; x_wconf 90' lang='lat' dir='ltr'><strong>rum</strong></span> <span class='ocrx_word' id='word_1_314' title='bbox 2188 1582 2201 1606; x_wconf 91' lang='lat'><strong>,</strong></span> <span class='ocrx_word' id='word_1_315' title='bbox 2221 1539 2473 1596; x_wconf 89' lang='lat' dir='ltr'><strong>alterum</strong></span> <span class='ocrx_word' id='word_1_316' title='bbox 2488 1537 2857 1594; x_wconf 83' lang='lat' dir='ltr'><strong>discretionis</strong></span> <span class='ocrx_word' id='word_1_317' title='bbox 2870 1536 3262 1611; x_wconf 66' lang='lat' dir='ltr'><strong>praemiorum.</strong></span> <span class='ocrx_word' id='word_1_318' title='bbox 3282 1536 3554 1592; x_wconf 88' lang='lat' dir='ltr'><strong>Primum</strong></span> <span class='ocrx_word' id='word_1_319' title='bbox 3570 1552 3725 1608; x_wconf 90' lang='lat' dir='ltr'><strong>quo-</strong></span> 
     </span>
    </p>
   </div>
   <div class='ocr_carea' id='block_1_47' title="bbox 2044 1624 3723 1699">
    <p class='ocr_par' dir='ltr' id='par_1_47' title="bbox 2044 1624 3723 1699">
     <span class='ocr_line' id='line_1_47' title="bbox 2044 1624 3723 1699; baseline -0.002 -16"><span class='ocrx_word' id='word_1_320' title='bbox 2044 1628 2186 1685; x_wconf 90' lang='lat' dir='ltr'><strong>tidie</strong></span> <span class='ocrx_word' id='word_1_321' title='bbox 2216 1630 2281 1684; x_wconf 78' lang='lat' dir='ltr'><strong>fit</strong></span> <span class='ocrx_word' id='word_1_322' title='bbox 2309 1628 2370 1684; x_wconf 89' lang='lat' dir='ltr'><strong>in</strong></span> <span class='ocrx_word' id='word_1_323' title='bbox 2401 1627 2680 1693; x_wconf 85' lang='lat' dir='ltr'><strong>Ecclesia,</strong></span> <span class='ocrx_word' id='word_1_324' title='bbox 2705 1628 2845 1682; x_wconf 91' lang='lat' dir='ltr'><strong>dum</strong></span> <span class='ocrx_word' id='word_1_325' title='bbox 2868 1626 3023 1682; x_wconf 91' lang='lat' dir='ltr'><strong>Deus</strong></span> <span class='ocrx_word' id='word_1_326' title='bbox 3054 1625 3213 1681; x_wconf 91' lang='lat' dir='ltr'><strong>hunc</strong></span> <span class='ocrx_word' id='word_1_327' title='bbox 3239 1642 3344 1699; x_wconf 89' lang='lat' dir='ltr'><strong>per</strong></span> <span class='ocrx_word' id='word_1_328' title='bbox 3372 1624 3723 1680; x_wconf 81' lang='lat' dir='ltr'><strong>misericor-</strong></span> 
     </span>
    </p>
   </div>
   <div class='ocr_carea' id='block_1_48' title="bbox 2045 1713 3715 1789">
    <p class='ocr_par' dir='ltr' id='par_1_48' title="bbox 2045 1713 3715 1789">
     <span class='ocr_line' id='line_1_48' title="bbox 2045 1713 3715 1789; baseline -0.002 -16"><span class='ocrx_word' id='word_1_329' title='bbox 2045 1718 2202 1774; x_wconf 91' lang='lat' dir='ltr'><strong>diam</strong></span> <span class='ocrx_word' id='word_1_330' title='bbox 2233 1716 2550 1784; x_wconf 89' lang='lat' dir='ltr'><strong>illuminat,</strong></span> <span class='ocrx_word' id='word_1_331' title='bbox 2584 1715 2748 1772; x_wconf 88' lang='lat' dir='ltr'><strong>illum</strong></span> <span class='ocrx_word' id='word_1_332' title='bbox 2786 1732 2889 1789; x_wconf 91' lang='lat' dir='ltr'><strong>per</strong></span> <span class='ocrx_word' id='word_1_333' title='bbox 2908 1714 3207 1787; x_wconf 86' lang='lat' dir='ltr'><strong>justitiam</strong></span> <span class='ocrx_word' id='word_1_334' title='bbox 3238 1717 3511 1781; x_wconf 64' lang='lat' dir='ltr'><strong>excaecat,</strong></span> <span class='ocrx_word' id='word_1_335' title='bbox 3537 1713 3715 1769; x_wconf 87' lang='lat' dir='ltr'><strong>hunc</strong></span> 
     </span>
    </p>
   </div>
   <div class='ocr_carea' id='block_1_49' title="bbox 2046 1802 3717 1875">
    <p class='ocr_par' dir='ltr' id='par_1_49' title="bbox 2046 1802 3717 1875">
     <span class='ocr_line' id='line_1_49' title="bbox 2046 1802 3717 1875; baseline -0.003 -12"><span class='ocrx_word' id='word_1_336' title='bbox 2046 1807 2188 1863; x_wconf 83' lang='lat' dir='ltr'><strong>facit</strong></span> <span class='ocrx_word' id='word_1_337' title='bbox 2217 1808 2288 1863; x_wconf 90' lang='lat' dir='ltr'><strong>de</strong></span> <span class='ocrx_word' id='word_1_338' title='bbox 2317 1807 2532 1862; x_wconf 88' lang='lat' dir='ltr'><strong>virtute</strong></span> <span class='ocrx_word' id='word_1_339' title='bbox 2560 1805 2622 1861; x_wconf 93' lang='lat' dir='ltr'><strong>in</strong></span> <span class='ocrx_word' id='word_1_340' title='bbox 2650 1805 2926 1861; x_wconf 86' lang='lat' dir='ltr'><strong>virtutem</strong></span> <span class='ocrx_word' id='word_1_341' title='bbox 2977 1804 3316 1870; x_wconf 88' lang='lat' dir='ltr'><strong>ascendere,</strong></span> <span class='ocrx_word' id='word_1_342' title='bbox 3349 1802 3521 1859; x_wconf 92' lang='lat' dir='ltr'><strong>illum</strong></span> <span class='ocrx_word' id='word_1_343' title='bbox 3576 1820 3717 1875; x_wconf 89' lang='lat' dir='ltr'><strong>per-</strong></span> 
     </span>
    </p>
   </div>
   <div class='ocr_carea' id='block_1_50' title="bbox 2047 1892 3715 1965">
    <p class='ocr_par' dir='ltr' id='par_1_50' title="bbox 2047 1892 3715 1965">
     <span class='ocr_line' id='line_1_50' title="bbox 2047 1892 3715 1965; baseline -0.002 -13"><span class='ocrx_word' id='word_1_344' title='bbox 2047 1896 2229 1952; x_wconf 84' lang='lat' dir='ltr'><strong>mittit</strong></span> <span class='ocrx_word' id='word_1_345' title='bbox 2258 1897 2329 1952; x_wconf 88' lang='lat' dir='ltr'><strong>de</strong></span> <span class='ocrx_word' id='word_1_346' title='bbox 2356 1895 2496 1952; x_wconf 90' lang='lat' dir='ltr'><strong>vitio</strong></span> <span class='ocrx_word' id='word_1_347' title='bbox 2516 1896 2576 1951; x_wconf 89' lang='lat' dir='ltr'><strong>in</strong></span> <span class='ocrx_word' id='word_1_348' title='bbox 2605 1894 2813 1950; x_wconf 91' lang='lat' dir='ltr'><strong>vitium</strong></span> <span class='ocrx_word' id='word_1_349' title='bbox 2841 1911 3029 1950; x_wconf 88' lang='lat' dir='ltr'><strong>ruere.</strong></span> <span class='ocrx_word' id='word_1_350' title='bbox 3053 1893 3393 1950; x_wconf 90' lang='lat' dir='ltr'><strong>Secundum</strong></span> <span class='ocrx_word' id='word_1_351' title='bbox 3402 1892 3715 1965; x_wconf 88' lang='lat' dir='ltr'><strong>judicium</strong></span> 
     </span>
    </p>
   </div>
   <div class='ocr_carea' id='block_1_51' title="bbox 2048 1981 3715 2057">
    <p class='ocr_par' dir='ltr' id='par_1_51' title="bbox 2048 1981 3715 2057">
     <span class='ocr_line' id='line_1_51' title="bbox 2048 1981 3715 2057; baseline -0.002 -16"><span class='ocrx_word' id='word_1_352' title='bbox 2048 1985 2144 2042; x_wconf 82' lang='lat' dir='ltr'><strong>ﬁet</strong></span> <span class='ocrx_word' id='word_1_353' title='bbox 2173 1985 2234 2041; x_wconf 91' lang='lat' dir='ltr'><strong>in</strong></span> <span class='ocrx_word' id='word_1_354' title='bbox 2265 1984 2563 2052; x_wconf 82' lang='lat' dir='ltr'><strong>extremis,</strong></span> <span class='ocrx_word' id='word_1_355' title='bbox 2583 1983 2819 2057; x_wconf 90' lang='lat' dir='ltr'><strong>quando</strong></span> <span class='ocrx_word' id='word_1_356' title='bbox 2850 1982 2989 2039; x_wconf 90' lang='lat' dir='ltr'><strong>mali</strong></span> <span class='ocrx_word' id='word_1_357' title='bbox 3020 1983 3193 2039; x_wconf 89' lang='lat' dir='ltr'><strong>ibunt</strong></span> <span class='ocrx_word' id='word_1_358' title='bbox 3222 1981 3283 2039; x_wconf 91' lang='lat' dir='ltr'><strong>in</strong></span> <span class='ocrx_word' id='word_1_359' title='bbox 3312 1982 3515 2057; x_wconf 81' lang='lat' dir='ltr'><strong>ignem</strong></span> <span class='ocrx_word' id='word_1_360' title='bbox 3537 1986 3715 2038; x_wconf 71' lang='lat' dir='ltr'><strong>aster-</strong></span> 
     </span>
    </p>
   </div>
   <div class='ocr_carea' id='block_1_52' title="bbox 2046 2070 3713 2148">
    <p class='ocr_par' dir='ltr' id='par_1_52' title="bbox 2046 2070 3713 2148">
     <span class='ocr_line' id='line_1_52' title="bbox 2046 2070 3713 2148; baseline -0.001 -19"><span class='ocrx_word' id='word_1_361' title='bbox 2046 2091 2214 2143; x_wconf 87' lang='lat' dir='ltr'><strong>nnm,</strong></span> <span class='ocrx_word' id='word_1_362' title='bbox 2232 2075 2382 2148; x_wconf 89' lang='lat' dir='ltr'><strong>justi</strong></span> <span class='ocrx_word' id='word_1_363' title='bbox 2402 2090 2537 2131; x_wconf 87' lang='lat' dir='ltr'><strong>vero</strong></span> <span class='ocrx_word' id='word_1_364' title='bbox 2567 2072 2627 2128; x_wconf 94' lang='lat' dir='ltr'><strong>in</strong></span> <span class='ocrx_word' id='word_1_365' title='bbox 2657 2072 2836 2129; x_wconf 86' lang='lat' dir='ltr'><strong>vitam</strong></span> <span class='ocrx_word' id='word_1_366' title='bbox 2869 2076 3148 2128; x_wconf 67' lang='lat' dir='ltr'><strong>aeternam</strong></span> <span class='ocrx_word' id='word_1_367' title='bbox 3176 2071 3407 2145; x_wconf 78' lang='lat' dir='ltr'><strong>(Matth.</strong></span> <span class='ocrx_word' id='word_1_368' title='bbox 3425 2073 3591 2141; x_wconf 74' lang='lat' dir='ltr'><strong>xxv).</strong></span> <span class='ocrx_word' id='word_1_369' title='bbox 3627 2070 3713 2127; x_wconf 87' lang='lat' dir='ltr'><strong>De</strong></span> 
     </span>
    </p>
   </div>
   <div class='ocr_carea' id='block_1_53' title="bbox 2046 2149 3713 2237">
    <p class='ocr_par' dir='ltr' id='par_1_53' title="bbox 2046 2149 3713 2237">
     <span class='ocr_line' id='line_1_53' title="bbox 2046 2149 3713 2237; baseline -0.002 -18"><span class='ocrx_word' id='word_1_370' title='bbox 2046 2164 2235 2237; x_wconf 88' lang='lat' dir='ltr'><strong>primo</strong></span> <span class='ocrx_word' id='word_1_371' title='bbox 2256 2162 2729 2220; x_wconf 76' lang='lat' dir='ltr'><strong>dicitnrzludica</strong></span> <span class='ocrx_word' id='word_1_372' title='bbox 2757 2149 2869 2230; x_wconf 73' lang='lat' dir='ltr'><strong>me,</strong></span> <span class='ocrx_word' id='word_1_373' title='bbox 2902 2163 3143 2227; x_wconf 82' lang='lat' dir='ltr'><strong>Deus,et</strong></span> <span class='ocrx_word' id='word_1_374' title='bbox 3170 2161 3439 2218; x_wconf 68' lang='lat' dir='ltr'><strong>discerne</strong></span> <span class='ocrx_word' id='word_1_375' title='bbox 3454 2176 3713 2217; x_wconf 77' lang='lat' dir='ltr'><strong>causam</strong></span> 
     </span>
    </p>
   </div>
   <div class='ocr_carea' id='block_1_54' title="bbox 2045 2249 3710 2325">
    <p class='ocr_par' dir='ltr' id='par_1_54' title="bbox 2045 2249 3710 2325">
     <span class='ocr_line' id='line_1_54' title="bbox 2045 2249 3710 2325; baseline -0.002 -16"><span class='ocrx_word' id='word_1_376' title='bbox 2045 2268 2240 2309; x_wconf 84' lang='lat' dir='ltr'><strong>meam</strong></span> <span class='ocrx_word' id='word_1_377' title='bbox 2271 2251 2458 2325; x_wconf 79' lang='lat' dir='ltr'><strong>(Psal.</strong></span> <span class='ocrx_word' id='word_1_378' title='bbox 2491 2251 2649 2325; x_wconf 81' lang='lat' dir='ltr'><strong>xm).</strong></span> <span class='ocrx_word' id='word_1_379' title='bbox 2669 2251 2751 2308; x_wconf 90' lang='lat' dir='ltr'><strong>De</strong></span> <span class='ocrx_word' id='word_1_380' title='bbox 2782 2251 3039 2307; x_wconf 89' lang='lat' dir='ltr'><strong>secundo</strong></span> <span class='ocrx_word' id='word_1_381' title='bbox 3066 2253 3262 2306; x_wconf 85' lang='lat' dir='ltr'><strong>autem</strong></span> <span class='ocrx_word' id='word_1_382' title='bbox 3290 2249 3710 2306; x_wconf 80' lang='lat' dir='ltr'><strong>diciturzDens</strong></span> 
     </span>
    </p>
   </div>
   <div class='ocr_carea' id='block_1_55' title="bbox 2047 2339 3712 2414">
    <p class='ocr_par' dir='ltr' id='par_1_55' title="bbox 2047 2339 3712 2414">
     <span class='ocr_line' id='line_1_55' title="bbox 2047 2339 3712 2414; baseline -0.001 -16"><span class='ocrx_word' id='word_1_383' title='bbox 2047 2343 2108 2399; x_wconf 91' lang='lat' dir='ltr'><strong>in</strong></span> <span class='ocrx_word' id='word_1_384' title='bbox 2130 2342 2356 2414; x_wconf 92' lang='lat' dir='ltr'><strong>judicio</strong></span> <span class='ocrx_word' id='word_1_385' title='bbox 2368 2341 2572 2397; x_wconf 85' lang='lat' dir='ltr'><strong>reddet</strong></span> <span class='ocrx_word' id='word_1_386' title='bbox 2593 2340 2911 2412; x_wconf 87' lang='lat' dir='ltr'><strong>unicuique</strong></span> <span class='ocrx_word' id='word_1_387' title='bbox 2924 2339 3247 2396; x_wconf 91' lang='lat' dir='ltr'><strong>secundum</strong></span> <span class='ocrx_word' id='word_1_388' title='bbox 3261 2355 3439 2413; x_wconf 87' lang='lat' dir='ltr'><strong>opera</strong></span> <span class='ocrx_word' id='word_1_389' title='bbox 3471 2355 3618 2395; x_wconf 86' lang='lat' dir='ltr'><strong>sua:</strong></span> <span class='ocrx_word' id='word_1_390' title='bbox 3639 2342 3712 2396; x_wconf 79' lang='lat' dir='ltr'><strong>Et</strong></span> 
     </span>
    </p>
   </div>
   <div class='ocr_carea' id='block_1_56' title="bbox 2046 2426 3711 2503">
    <p class='ocr_par' dir='ltr' id='par_1_56' title="bbox 2046 2426 3711 2503">
     <span class='ocr_line' id='line_1_56' title="bbox 2046 2426 3711 2503; baseline -0.002 -15"><span class='ocrx_word' id='word_1_391' title='bbox 2046 2431 2278 2488; x_wconf 83' lang='lat' dir='ltr'><strong>oblatus</strong></span> <span class='ocrx_word' id='word_1_392' title='bbox 2300 2436 2405 2498; x_wconf 73' lang='lat' dir='ltr'><strong>est,</strong></span> <span class='ocrx_word' id='word_1_393' title='bbox 2436 2428 3249 2503; x_wconf 74' lang='lat' dir='ltr'><strong>inquit,unusquidebeba1ei</strong></span> <span class='ocrx_word' id='word_1_394' title='bbox 3275 2429 3480 2485; x_wconf 81' lang='lat' dir='ltr'><strong>decem</strong></span> <span class='ocrx_word' id='word_1_395' title='bbox 3490 2426 3711 2485; x_wconf 80' lang='lat' dir='ltr'><strong>miliia</strong></span> 
     </span>
    </p>
   </div>
   <div class='ocr_carea' id='block_1_57' title="bbox 2046 2517 3703 2591">
    <p class='ocr_par' dir='ltr' id='par_1_57' title="bbox 2046 2517 3703 2591">
     <span class='ocr_line' id='line_1_57' title="bbox 2046 2517 3703 2591; baseline -0.005 -11"><span class='ocrx_word' id='word_1_396' title='bbox 2046 2522 2294 2580; x_wconf 70' lang='lat' dir='ltr'><strong>talenta.</strong></span> <span class='ocrx_word' id='word_1_397' title='bbox 2314 2522 2520 2577; x_wconf 90' lang='lat' dir='ltr'><strong>Decem</strong></span> <span class='ocrx_word' id='word_1_398' title='bbox 2542 2518 2706 2576; x_wconf 91' lang='lat' dir='ltr'><strong>milia</strong></span> <span class='ocrx_word' id='word_1_399' title='bbox 2734 2517 2956 2575; x_wconf 87' lang='lat' dir='ltr'><strong>talenta</strong></span> <span class='ocrx_word' id='word_1_400' title='bbox 2989 2519 3105 2575; x_wconf 90' lang='lat' dir='ltr'><strong>Deo</strong></span> <span class='ocrx_word' id='word_1_401' title='bbox 3130 2518 3320 2585; x_wconf 89' lang='lat' dir='ltr'><strong>debet,</strong></span> <span class='ocrx_word' id='word_1_402' title='bbox 3355 2517 3561 2591; x_wconf 87' lang='lat' dir='ltr'><strong>quide</strong></span> <span class='ocrx_word' id='word_1_403' title='bbox 3594 2518 3703 2572; x_wconf 85' lang='lat' dir='ltr'><strong>De-</strong></span> 
     </span>
    </p>
   </div>
   <div class='ocr_carea' id='block_1_58' title="bbox 2046 2604 3705 2685">
    <p class='ocr_par' dir='ltr' id='par_1_58' title="bbox 2046 2604 3705 2685">
     <span class='ocr_line' id='line_1_58' title="bbox 2046 2604 3705 2685; baseline -0.005 -16"><span class='ocrx_word' id='word_1_404' title='bbox 2046 2611 2247 2685; x_wconf 88' lang='lat' dir='ltr'><strong>calogo</strong></span> <span class='ocrx_word' id='word_1_405' title='bbox 2260 2627 2374 2666; x_wconf 91' lang='lat' dir='ltr'>non</span> <span class='ocrx_word' id='word_1_406' title='bbox 2395 2608 2637 2683; x_wconf 87' lang='lat' dir='ltr'><strong>impleto</strong></span> <span class='ocrx_word' id='word_1_407' title='bbox 2659 2607 3121 2665; x_wconf 86' lang='lat' dir='ltr'><strong>satisfactionem</strong></span> <span class='ocrx_word' id='word_1_408' title='bbox 3143 2607 3260 2663; x_wconf 92' lang='lat' dir='ltr'><strong>Deo</strong></span> <span class='ocrx_word' id='word_1_409' title='bbox 3284 2607 3480 2675; x_wconf 85' lang='lat' dir='ltr'><strong>debet,</strong></span> <span class='ocrx_word' id='word_1_410' title='bbox 3498 2604 3705 2679; x_wconf 78' lang='lat' dir='ltr'><strong>quales</strong></span> 
     </span>
    </p>
   </div>
   <div class='ocr_carea' id='block_1_59' title="bbox 2047 2694 3711 2768">
    <p class='ocr_par' dir='ltr' id='par_1_59' title="bbox 2047 2694 3711 2768">
     <span class='ocr_line' id='line_1_59' title="bbox 2047 2694 3711 2768; baseline -0.004 -11"><span class='ocrx_word' id='word_1_411' title='bbox 2047 2717 2257 2757; x_wconf 90' lang='lat' dir='ltr'><strong>sumus</strong></span> <span class='ocrx_word' id='word_1_412' title='bbox 2286 2715 2394 2755; x_wconf 94' lang='lat' dir='ltr'><strong>nos</strong></span> <span class='ocrx_word' id='word_1_413' title='bbox 2407 2698 2525 2755; x_wconf 83' lang='lat' dir='ltr'><strong>fere</strong></span> <span class='ocrx_word' id='word_1_414' title='bbox 2554 2696 3010 2765; x_wconf 88' lang='lat' dir='ltr'><strong>omnes,fratres</strong></span> <span class='ocrx_word' id='word_1_415' title='bbox 3045 2696 3345 2753; x_wconf 89' lang='lat' dir='ltr'><strong>mei.Nam</strong></span> <span class='ocrx_word' id='word_1_416' title='bbox 3376 2694 3711 2768; x_wconf 82' lang='lat' dir='ltr'><strong>quisandet</strong></span> 
     </span>
    </p>
   </div>
   <div class='ocr_carea' id='block_1_60' title="bbox 2045 2784 3702 2863">
    <p class='ocr_par' dir='ltr' id='par_1_60' title="bbox 2045 2784 3702 2863">
     <span class='ocr_line' id='line_1_60' title="bbox 2045 2784 3702 2863; baseline -0.005 -16"><span class='ocrx_word' id='word_1_417' title='bbox 2045 2789 2238 2847; x_wconf 90' lang='lat' dir='ltr'><strong>dicere</strong></span> <span class='ocrx_word' id='word_1_418' title='bbox 2271 2805 2285 2844; x_wconf 92' lang='lat'>:</span> <span class='ocrx_word' id='word_1_419' title='bbox 2319 2790 2439 2863; x_wconf 87' lang='lat' dir='ltr'><strong>Ego</strong></span> <span class='ocrx_word' id='word_1_420' title='bbox 2467 2787 2657 2861; x_wconf 84' lang='lat' dir='ltr'><strong>legem</strong></span> <span class='ocrx_word' id='word_1_421' title='bbox 2678 2785 2952 2860; x_wconf 84' lang='lat' dir='ltr'><strong>implevi?</strong></span> <span class='ocrx_word' id='word_1_422' title='bbox 2982 2785 3088 2842; x_wconf 88' lang='lat' dir='ltr'><strong>Hic</strong></span> <span class='ocrx_word' id='word_1_423' title='bbox 3116 2784 3253 2842; x_wconf 91' lang='lat' dir='ltr'><strong>talis</strong></span> <span class='ocrx_word' id='word_1_424' title='bbox 3278 2785 3525 2841; x_wconf 68' lang='lat' dir='ltr'><strong>offertur</strong></span> <span class='ocrx_word' id='word_1_425' title='bbox 3564 2784 3702 2840; x_wconf 87' lang='lat' dir='ltr'><strong>Deo.</strong></span> 
     </span>
    </p>
   </div>
   <div class='ocr_carea' id='block_1_61' title="bbox 2044 2872 3708 2951">
    <p class='ocr_par' dir='ltr' id='par_1_61' title="bbox 2044 2872 3708 2951">
     <span class='ocr_line' id='line_1_61' title="bbox 2044 2872 3708 2951; baseline -0.005 -16"><span class='ocrx_word' id='word_1_426' title='bbox 2044 2878 2133 2935; x_wconf 85' lang='lat' dir='ltr'><strong>vel</strong></span> <span class='ocrx_word' id='word_1_427' title='bbox 2166 2894 2271 2951; x_wconf 89' lang='lat' dir='ltr'><strong>per</strong></span> <span class='ocrx_word' id='word_1_428' title='bbox 2299 2874 3057 2950; x_wconf 89' lang='lat' dir='ltr'><strong>angelos,quisingulornm</strong></span> <span class='ocrx_word' id='word_1_429' title='bbox 3071 2872 3708 2930; x_wconf 86' lang='lat' dir='ltr'><strong>meritaDeodicnntur</strong></span> 
     </span>
    </p>
   </div>
   <div class='ocr_carea' id='block_1_62' title="bbox 2047 2961 3702 3038">
    <p class='ocr_par' dir='ltr' id='par_1_62' title="bbox 2047 2961 3702 3038">
     <span class='ocr_line' id='line_1_62' title="bbox 2047 2961 3702 3038; baseline -0.004 -14"><span class='ocrx_word' id='word_1_430' title='bbox 2047 2966 2274 3035; x_wconf 73' lang='lat' dir='ltr'><strong>offerre,</strong></span> <span class='ocrx_word' id='word_1_431' title='bbox 2301 2965 2389 3023; x_wconf 92' lang='lat' dir='ltr'><strong>vel</strong></span> <span class='ocrx_word' id='word_1_432' title='bbox 2422 2983 2525 3038; x_wconf 91' lang='lat' dir='ltr'><strong>per</strong></span> <span class='ocrx_word' id='word_1_433' title='bbox 2568 2964 2886 3021; x_wconf 89' lang='lat' dir='ltr'><strong>clamorem</strong></span> <span class='ocrx_word' id='word_1_434' title='bbox 2936 2980 3287 3037; x_wconf 88' lang='lat' dir='ltr'><strong>pauperum,</strong></span> <span class='ocrx_word' id='word_1_435' title='bbox 3321 2961 3545 3036; x_wconf 88' lang='lat' dir='ltr'><strong>quibus</strong></span> <span class='ocrx_word' id='word_1_436' title='bbox 3585 2979 3702 3018; x_wconf 93' lang='lat' dir='ltr'><strong>non</strong></span> 
     </span>
    </p>
   </div>
   <div class='ocr_carea' id='block_1_63' title="bbox 294 3049 3703 3127">
    <p class='ocr_par' dir='ltr' id='par_1_63' title="bbox 294 3049 3703 3127">
     <span class='ocr_line' id='line_1_63' title="bbox 294 3049 3703 3127; baseline 0 -22"><span class='ocrx_word' id='word_1_437' title='bbox 294 3065 415 3105; x_wconf 88' lang='lat' dir='ltr'><strong>rem</strong></span> <span class='ocrx_word' id='word_1_438' title='bbox 440 3049 517 3106; x_wconf 89' lang='lat' dir='ltr'><strong>sit</strong></span> <span class='ocrx_word' id='word_1_439' title='bbox 547 3053 877 3110; x_wconf 88' lang='lat' dir='ltr'><strong>communis</strong></span> <span class='ocrx_word' id='word_1_440' title='bbox 908 3053 1313 3110; x_wconf 85' lang='lat' dir='ltr'><strong>universorum</strong></span> <span class='ocrx_word' id='word_1_441' title='bbox 1346 3070 1361 3109; x_wconf 88' lang='lat'><strong>:</strong></span> <span class='ocrx_word' id='word_1_442' title='bbox 1397 3058 1453 3109; x_wconf 90' lang='lat' dir='ltr'><strong>et</strong></span> <span class='ocrx_word' id='word_1_443' title='bbox 1481 3052 1589 3108; x_wconf 91' lang='lat' dir='ltr'><strong>hoc</strong></span> <span class='ocrx_word' id='word_1_444' title='bbox 1618 3070 1721 3126; x_wconf 90' lang='lat' dir='ltr'><strong>per</strong></span> <span class='ocrx_word' id='word_1_445' title='bbox 1737 3051 1936 3108; x_wconf 89' lang='lat' dir='ltr'><strong>Jesum</strong></span> <span class='ocrx_word' id='word_1_446' title='bbox 2048 3059 2376 3112; x_wconf 86' lang='lat' dir='ltr'><strong>cessaverat</strong></span> <span class='ocrx_word' id='word_1_447' title='bbox 2404 3054 2797 3127; x_wconf 88' lang='lat' dir='ltr'><strong>injuriare.Et</strong></span> <span class='ocrx_word' id='word_1_448' title='bbox 2825 3070 2954 3110; x_wconf 84' lang='lat' dir='ltr'><strong>cum</strong></span> <span class='ocrx_word' id='word_1_449' title='bbox 2982 3070 3099 3108; x_wconf 73' lang='lat' dir='ltr'><strong>non</strong></span> <span class='ocrx_word' id='word_1_450' title='bbox 3119 3051 3555 3119; x_wconf 75' lang='lat' dir='ltr'><strong>haberet,unde</strong></span> <span class='ocrx_word' id='word_1_451' title='bbox 3574 3051 3703 3106; x_wconf 78' lang='lat' dir='ltr'><strong>red-</strong></span> 
     </span>
    </p>
   </div>
   <div class='ocr_carea' id='block_1_64' title="bbox 294 3126 3701 3217">
    <p class='ocr_par' dir='ltr' id='par_1_64' title="bbox 294 3126 3701 3217">
     <span class='ocr_line' id='line_1_64' title="bbox 294 3126 3701 3217; baseline 0.001 -25"><span class='ocrx_word' id='word_1_452' title='bbox 294 3137 591 3195; x_wconf 89' lang='lat' dir='ltr'><strong>Christum</strong></span> <span class='ocrx_word' id='word_1_453' title='bbox 625 3146 923 3199; x_wconf 88' lang='lat' dir='ltr'><strong>auctorem</strong></span> <span class='ocrx_word' id='word_1_454' title='bbox 941 3141 1867 3211; x_wconf 55' lang='lat' dir='ltr'><strong>etfremuneratoremﬁnlaudem</strong></span> <span class='ocrx_word' id='word_1_455' title='bbox 1881 3144 1939 3197; x_wconf 90' lang='lat' dir='ltr'><strong>et</strong></span> <span class='ocrx_word' id='word_1_456' title='bbox 1967 3126 2010 3194; x_wconf 88' lang='lat' dir='ltr'>C</span> <span class='ocrx_word' id='word_1_457' title='bbox 2049 3146 2237 3214; x_wconf 72' lang='lat' dir='ltr'><strong>deret,</strong></span> <span class='ocrx_word' id='word_1_458' title='bbox 2268 3148 2377 3201; x_wconf 82' lang='lat' dir='ltr'><strong>etc.</strong></span> <span class='ocrx_word' id='word_1_459' title='bbox 2409 3142 2565 3200; x_wconf 86' lang='lat' dir='ltr'><strong>Nihil</strong></span> <span class='ocrx_word' id='word_1_460' title='bbox 2615 3143 2793 3199; x_wconf 81' lang='lat' dir='ltr'><strong>habet</strong></span> <span class='ocrx_word' id='word_1_461' title='bbox 2838 3146 3109 3217; x_wconf 82' lang='lat' dir='ltr'><strong>peccator</strong></span> <span class='ocrx_word' id='word_1_462' title='bbox 3152 3141 3307 3197; x_wconf 90' lang='lat' dir='ltr'><strong>unde</strong></span> <span class='ocrx_word' id='word_1_463' title='bbox 3332 3140 3564 3207; x_wconf 85' lang='lat' dir='ltr'><strong>reddat,</strong></span> <span class='ocrx_word' id='word_1_464' title='bbox 3596 3140 3701 3213; x_wconf 90' lang='lat' dir='ltr'><strong>qui</strong></span> 
     </span>
    </p>
   </div>
   <div class='ocr_carea' id='block_1_65' title="bbox 296 3224 1940 3306">
    <p class='ocr_par' dir='ltr' id='par_1_65' title="bbox 296 3224 1940 3306">
     <span class='ocr_line' id='line_1_65' title="bbox 296 3224 1940 3306; baseline 0.002 -25"><span class='ocrx_word' id='word_1_465' title='bbox 296 3224 542 3300; x_wconf 83' lang='lat' dir='ltr'><strong>gloriam</strong></span> <span class='ocrx_word' id='word_1_466' title='bbox 576 3229 692 3299; x_wconf 91' lang='lat' dir='ltr'><strong>Dei,</strong></span> <span class='ocrx_word' id='word_1_467' title='bbox 714 3230 803 3287; x_wconf 88' lang='lat' dir='ltr'><strong>vel</strong></span> <span class='ocrx_word' id='word_1_468' title='bbox 836 3249 948 3304; x_wconf 90' lang='lat' dir='ltr'><strong>qua</strong></span> <span class='ocrx_word' id='word_1_469' title='bbox 980 3232 1135 3288; x_wconf 87' lang='lat' dir='ltr'><strong>Deus</strong></span> <span class='ocrx_word' id='word_1_470' title='bbox 1165 3231 1519 3306; x_wconf 82' lang='lat' dir='ltr'><strong>glorificabit</strong></span> <span class='ocrx_word' id='word_1_471' title='bbox 1547 3230 1607 3286; x_wconf 94' lang='lat' dir='ltr'><strong>in</strong></span> <span class='ocrx_word' id='word_1_472' title='bbox 1638 3231 1836 3287; x_wconf 88' lang='lat' dir='ltr'><strong>anima</strong></span> <span class='ocrx_word' id='word_1_473' title='bbox 1882 3234 1940 3285; x_wconf 90' lang='lat' dir='ltr'><strong>et</strong></span> 
     </span>
    </p>
   </div>
   <div class='ocr_carea' id='block_1_66' title="bbox 297 3318 1939 3394">
    <p class='ocr_par' dir='ltr' id='par_1_66' title="bbox 297 3318 1939 3394">
     <span class='ocr_line' id='line_1_66' title="bbox 297 3318 1939 3394; baseline 0.003 -24"><span class='ocrx_word' id='word_1_474' title='bbox 297 3331 535 3389; x_wconf 90' lang='lat' dir='ltr'><strong>corpore</strong></span> <span class='ocrx_word' id='word_1_475' title='bbox 566 3318 688 3387; x_wconf 92' lang='lat' dir='ltr'><strong>Dei,</strong></span> <span class='ocrx_word' id='word_1_476' title='bbox 718 3319 806 3376; x_wconf 88' lang='lat' dir='ltr'><strong>vel</strong></span> <span class='ocrx_word' id='word_1_477' title='bbox 830 3338 948 3393; x_wconf 89' lang='lat' dir='ltr'><strong>qua</strong></span> <span class='ocrx_word' id='word_1_478' title='bbox 976 3321 1131 3377; x_wconf 89' lang='lat' dir='ltr'><strong>Deus</strong></span> <span class='ocrx_word' id='word_1_479' title='bbox 1159 3320 1508 3394; x_wconf 83' lang='lat' dir='ltr'><strong>gloriﬁcabit</strong></span> <span class='ocrx_word' id='word_1_480' title='bbox 1544 3321 1604 3375; x_wconf 90' lang='lat' dir='ltr'><strong>in</strong></span> <span class='ocrx_word' id='word_1_481' title='bbox 1655 3320 1853 3375; x_wconf 90' lang='lat' dir='ltr'><strong>anima</strong></span> <span class='ocrx_word' id='word_1_482' title='bbox 1882 3323 1939 3375; x_wconf 90' lang='lat' dir='ltr'><strong>et</strong></span> 
     </span>
    </p>
   </div>
   <div class='ocr_carea' id='block_1_67' title="bbox 298 3408 1938 3478">
    <p class='ocr_par' dir='ltr' id='par_1_67' title="bbox 298 3408 1938 3478">
     <span class='ocr_line' id='line_1_67' title="bbox 298 3408 1938 3478; baseline 0.003 -19"><span class='ocrx_word' id='word_1_483' title='bbox 298 3420 556 3478; x_wconf 88' lang='lat' dir='ltr'><strong>corpore,</strong></span> <span class='ocrx_word' id='word_1_484' title='bbox 580 3412 637 3464; x_wconf 93' lang='lat' dir='ltr'><strong>et</strong></span> <span class='ocrx_word' id='word_1_485' title='bbox 663 3408 930 3465; x_wconf 88' lang='lat' dir='ltr'><strong>laudabit</strong></span> <span class='ocrx_word' id='word_1_486' title='bbox 959 3427 1347 3478; x_wconf 87' lang='lat' dir='ltr'><strong>suos,vocans</strong></span> <span class='ocrx_word' id='word_1_487' title='bbox 1377 3427 1476 3466; x_wconf 90' lang='lat' dir='ltr'><strong>eos</strong></span> <span class='ocrx_word' id='word_1_488' title='bbox 1507 3409 1938 3478; x_wconf 87' lang='lat' dir='ltr'><strong>benedietos,et</strong></span> 
     </span>
    </p>
   </div>
   <div class='ocr_carea' id='block_1_68' title="bbox 293 3493 1940 3573">
    <p class='ocr_par' dir='ltr' id='par_1_68' title="bbox 293 3493 1940 3573">
     <span class='ocr_line' id='line_1_68' title="bbox 293 3493 1940 3573; baseline 0.002 -25"><span class='ocrx_word' id='word_1_489' title='bbox 293 3493 470 3550; x_wconf 86' lang='lat' dir='ltr'><strong>etiam</strong></span> <span class='ocrx_word' id='word_1_490' title='bbox 492 3496 665 3565; x_wconf 84' lang='lat' dir='ltr'><strong>ﬁlios,</strong></span> <span class='ocrx_word' id='word_1_491' title='bbox 696 3498 783 3555; x_wconf 90' lang='lat' dir='ltr'><strong>vel</strong></span> <span class='ocrx_word' id='word_1_492' title='bbox 813 3516 930 3572; x_wconf 91' lang='lat' dir='ltr'><strong>qua</strong></span> <span class='ocrx_word' id='word_1_493' title='bbox 945 3499 1107 3556; x_wconf 87' lang='lat' dir='ltr'><strong>electi</strong></span> <span class='ocrx_word' id='word_1_494' title='bbox 1124 3498 1940 3573; x_wconf 81' lang='lat' dir='ltr'><strong>gloriﬁcabnntetlaudabunt</strong></span> 
     </span>
    </p>
   </div>
   <div class='ocr_carea' id='block_1_69' title="bbox 295 3583 1940 3662">
    <p class='ocr_par' dir='ltr' id='par_1_69' title="bbox 295 3583 1940 3662">
     <span class='ocr_line' id='line_1_69' title="bbox 295 3583 1940 3662; baseline 0.002 -23"><span class='ocrx_word' id='word_1_495' title='bbox 295 3583 552 3640; x_wconf 89' lang='lat' dir='ltr'><strong>Deumin</strong></span> <span class='ocrx_word' id='word_1_496' title='bbox 584 3588 1065 3659; x_wconf 65' lang='lat' dir='ltr'><strong>mternum,juxta</strong></span> <span class='ocrx_word' id='word_1_497' title='bbox 1091 3587 1237 3644; x_wconf 89' lang='lat' dir='ltr'><strong>illud</strong></span> <span class='ocrx_word' id='word_1_498' title='bbox 1259 3590 1570 3662; x_wconf 84' lang='lat' dir='ltr'><strong>:Bealiqui</strong></span> <span class='ocrx_word' id='word_1_499' title='bbox 1594 3587 1940 3644; x_wconf 68' lang='lat' dir='ltr'><strong>habitantia</strong></span> 
     </span>
    </p>
   </div>
   <div class='ocr_carea' id='block_1_70' title="bbox 295 3675 1937 3757">
    <p class='ocr_par' dir='ltr' id='par_1_70' title="bbox 295 3675 1937 3757">
     <span class='ocr_line' id='line_1_70' title="bbox 295 3675 1937 3757; baseline 0.002 -30"><span class='ocrx_word' id='word_1_500' title='bbox 295 3677 355 3757; x_wconf 74' lang='lat' dir='ltr'><strong>te</strong></span> <span class='ocrx_word' id='word_1_501' title='bbox 382 3676 559 3741; x_wconf 87' lang='lat' dir='ltr'><strong>(Psal.</strong></span> <span class='ocrx_word' id='word_1_502' title='bbox 589 3678 734 3744; x_wconf 86' lang='lat' dir='ltr'><strong>vm).</strong></span> <span class='ocrx_word' id='word_1_503' title='bbox 766 3676 948 3746; x_wconf 90' lang='lat' dir='ltr'><strong>Cujus</strong></span> <span class='ocrx_word' id='word_1_504' title='bbox 978 3677 1362 3732; x_wconf 88' lang='lat' dir='ltr'><strong>beatitudinis</strong></span> <span class='ocrx_word' id='word_1_505' title='bbox 1392 3681 1448 3732; x_wconf 87' lang='lat' dir='ltr'><strong>et</strong></span> <span class='ocrx_word' id='word_1_506' title='bbox 1471 3675 1824 3732; x_wconf 88' lang='lat' dir='ltr'><strong>laudationis</strong></span> <span class='ocrx_word' id='word_1_507' title='bbox 1856 3676 1937 3731; x_wconf 86' lang='lat' dir='ltr'><strong>fa-</strong></span> 
     </span>
    </p>
   </div>
   <div class='ocr_carea' id='block_1_71' title="bbox 298 3761 1941 3837">
    <p class='ocr_par' dir='ltr' id='par_1_71' title="bbox 298 3761 1941 3837">
     <span class='ocr_line' id='line_1_71' title="bbox 298 3761 1941 3837; baseline 0.001 -19"><span class='ocrx_word' id='word_1_508' title='bbox 298 3761 415 3818; x_wconf 89' lang='lat' dir='ltr'><strong>ciat</strong></span> <span class='ocrx_word' id='word_1_509' title='bbox 444 3778 551 3818; x_wconf 91' lang='lat' dir='ltr'><strong>nos</strong></span> <span class='ocrx_word' id='word_1_510' title='bbox 582 3763 914 3837; x_wconf 90' lang='lat' dir='ltr'><strong>participes,</strong></span> <span class='ocrx_word' id='word_1_511' title='bbox 947 3766 1047 3837; x_wconf 89' lang='lat' dir='ltr'><strong>qui</strong></span> <span class='ocrx_word' id='word_1_512' title='bbox 1076 3764 1135 3820; x_wconf 92' lang='lat' dir='ltr'><strong>in</strong></span> <span class='ocrx_word' id='word_1_513' title='bbox 1165 3765 1453 3821; x_wconf 89' lang='lat' dir='ltr'><strong>Trinitate</strong></span> <span class='ocrx_word' id='word_1_514' title='bbox 1503 3765 1756 3837; x_wconf 88' lang='lat' dir='ltr'><strong>perfecta</strong></span> <span class='ocrx_word' id='word_1_515' title='bbox 1800 3764 1941 3820; x_wconf 92' lang='lat' dir='ltr'><strong>vivit</strong></span> 
     </span>
    </p>
   </div>
   <div class='ocr_carea' id='block_1_72' title="bbox 298 3851 1936 3925">
    <p class='ocr_par' dir='ltr' id='par_1_72' title="bbox 298 3851 1936 3925">
     <span class='ocr_line' id='line_1_72' title="bbox 298 3851 1936 3925; baseline 0.002 -19"><span class='ocrx_word' id='word_1_516' title='bbox 298 3854 356 3907; x_wconf 88' lang='lat' dir='ltr'><strong>et</strong></span> <span class='ocrx_word' id='word_1_517' title='bbox 393 3853 599 3924; x_wconf 85' lang='lat' dir='ltr'><strong>regnat</strong></span> <span class='ocrx_word' id='word_1_518' title='bbox 645 3851 823 3923; x_wconf 85' lang='lat' dir='ltr'><strong>Deus,</strong></span> <span class='ocrx_word' id='word_1_519' title='bbox 874 3868 977 3925; x_wconf 89' lang='lat' dir='ltr'><strong>per</strong></span> <span class='ocrx_word' id='word_1_520' title='bbox 1033 3854 1232 3909; x_wconf 89' lang='lat' dir='ltr'><strong>omnia</strong></span> <span class='ocrx_word' id='word_1_521' title='bbox 1294 3853 1507 3910; x_wconf 77' lang='lat' dir='ltr'><strong>saecula</strong></span> <span class='ocrx_word' id='word_1_522' title='bbox 1569 3853 1936 3910; x_wconf 80' lang='lat' dir='ltr'><strong>saeculorum.</strong></span> 
     </span>
    </p>
   </div>
   <div class='ocr_carea' id='block_1_73' title="bbox 246 3942 501 3997">
    <p class='ocr_par' dir='ltr' id='par_1_73' title="bbox 246 3942 501 3997">
     <span class='ocr_line' id='line_1_73' title="bbox 246 3942 501 3997; baseline -0.012 1"><span class='ocrx_word' id='word_1_523' title='bbox 246 3966 254 3974; x_wconf 91' lang='lat'><strong>-</strong></span> <span class='ocrx_word' id='word_1_524' title='bbox 296 3942 501 3997; x_wconf 89' lang='lat' dir='ltr'><strong>Amen.</strong></span> 
     </span>
    </p>
   </div>
   <div class='ocr_carea' id='block_1_74' title="bbox 830 4030 1388 4088">
    <p class='ocr_par' dir='ltr' id='par_1_74' title="bbox 830 4030 1388 4088">
     <span class='ocr_line' id='line_1_74' title="bbox 830 4030 1388 4088; baseline 0.004 -2"><span class='ocrx_word' id='word_1_525' title='bbox 830 4030 1138 4088; x_wconf 85' lang='lat' dir='ltr'><strong>HOMILIA</strong></span> <span class='ocrx_word' id='word_1_526' title='bbox 1172 4031 1388 4088; x_wconf 87' lang='lat' dir='ltr'><strong>XLVII.</strong></span> 
     </span>
    </p>
   </div>
   <div class='ocr_carea' id='block_1_75' title="bbox 368 4134 1830 4177">
    <p class='ocr_par' dir='ltr' id='par_1_75' title="bbox 368 4134 1830 4177">
     <span class='ocr_line' id='line_1_75' title="bbox 368 4134 1830 4177; baseline 0.001 -3"><span class='ocrx_word' id='word_1_527' title='bbox 368 4134 647 4176; x_wconf 80' lang='lat' dir='ltr'><strong>DOMINICA</strong></span> <span class='ocrx_word' id='word_1_528' title='bbox 682 4136 955 4176; x_wconf 78' lang='lat' dir='ltr'><strong>VIGESIMA</strong></span> <span class='ocrx_word' id='word_1_529' title='bbox 991 4136 1255 4177; x_wconf 75' lang='lat' dir='ltr'><strong>SlCUNDA</strong></span> <span class='ocrx_word' id='word_1_530' title='bbox 1292 4137 1431 4177; x_wconf 78' lang='lat' dir='ltr'><strong>POST</strong></span> <span class='ocrx_word' id='word_1_531' title='bbox 1467 4136 1830 4176; x_wconf 76' lang='lat' dir='ltr'><strong>TRINI‘I‘ATEM.</strong></span> 
     </span>
    </p>
   </div>
   <div class='ocr_carea' id='block_1_76' title="bbox 369 4207 1943 4284">
    <p class='ocr_par' dir='ltr' id='par_1_76' title="bbox 369 4207 1943 4284">
     <span class='ocr_line' id='line_1_76' title="bbox 369 4207 1943 4284; baseline -0.001 -20"><span class='ocrx_word' id='word_1_532' title='bbox 369 4207 585 4264; x_wconf 84' lang='lat' dir='ltr'><strong>Simile</strong></span> <span class='ocrx_word' id='word_1_533' title='bbox 595 4213 683 4265; x_wconf 79' lang='lat' dir='ltr'><strong>est</strong></span> <span class='ocrx_word' id='word_1_534' title='bbox 691 4226 941 4284; x_wconf 82' lang='lat' dir='ltr'><strong>regnum</strong></span> <span class='ocrx_word' id='word_1_535' title='bbox 953 4209 1236 4267; x_wconf 75' lang='lat' dir='ltr'><strong>caelorum</strong></span> <span class='ocrx_word' id='word_1_536' title='bbox 1249 4215 1375 4266; x_wconf 80' lang='lat' dir='ltr'><strong>hom</strong></span> <span class='ocrx_word' id='word_1_537' title='bbox 1384 4210 1470 4265; x_wconf 86' lang='lat' dir='ltr'><strong>ini</strong></span> <span class='ocrx_word' id='word_1_538' title='bbox 1478 4226 1582 4283; x_wconf 85' lang='lat' dir='ltr'><strong>reg</strong></span> <span class='ocrx_word' id='word_1_539' title='bbox 1590 4211 1631 4280; x_wconf 90' lang='lat' dir='ltr'><strong>i,</strong></span> <span class='ocrx_word' id='word_1_540' title='bbox 1639 4211 1741 4282; x_wconf 84' lang='lat' dir='ltr'><strong>qui</strong></span> <span class='ocrx_word' id='word_1_541' title='bbox 1752 4225 1818 4263; x_wconf 83' lang='grc' dir='ltr'><strong>υο</strong></span> <span class='ocrx_word' id='word_1_542' title='bbox 1828 4207 1943 4265; x_wconf 81' lang='lat' dir='ltr'><strong>luit</strong></span> 
     </span>
    </p>
   </div>
   <div class='ocr_carea' id='block_1_77' title="bbox 300 4296 1943 4371">
    <p class='ocr_par' dir='ltr' id='par_1_77' title="bbox 300 4296 1943 4371">
     <span class='ocr_line' id='line_1_77' title="bbox 300 4296 1943 4371; baseline 0.001 -19"><span class='ocrx_word' id='word_1_543' title='bbox 300 4296 594 4354; x_wconf 72' lang='lat' dir='ltr'><strong>rationem</strong></span> <span class='ocrx_word' id='word_1_544' title='bbox 618 4314 832 4371; x_wconf 81' lang='lat' dir='ltr'><strong>ponere</strong></span> <span class='ocrx_word' id='word_1_545' title='bbox 861 4315 991 4355; x_wconf 86' lang='lat' dir='ltr'><strong>cum</strong></span> <span class='ocrx_word' id='word_1_546' title='bbox 1018 4299 1199 4355; x_wconf 82' lang='lat' dir='ltr'><strong>servis</strong></span> <span class='ocrx_word' id='word_1_547' title='bbox 1211 4300 1336 4355; x_wconf 82' lang='lat' dir='ltr'><strong>suis</strong></span> <span class='ocrx_word' id='word_1_548' title='bbox 1354 4298 1584 4369; x_wconf 73' lang='lat' dir='ltr'><strong>(Matth.</strong></span> <span class='ocrx_word' id='word_1_549' title='bbox 1608 4302 1783 4367; x_wconf 84' lang='lat' dir='ltr'><strong>xvnl).</strong></span> <span class='ocrx_word' id='word_1_550' title='bbox 1801 4298 1943 4364; x_wconf 88' lang='lat' dir='ltr'><strong>Quis</strong></span> 
     </span>
    </p>
   </div>
   <div class='ocr_carea' id='block_1_78' title="bbox 302 4387 1947 4461">
    <p class='ocr_par' dir='ltr' id='par_1_78' title="bbox 302 4387 1947 4461">
     <span class='ocr_line' id='line_1_78' title="bbox 302 4387 1947 4461; baseline 0.002 -21"><span class='ocrx_word' id='word_1_551' title='bbox 302 4390 392 4442; x_wconf 88' lang='lat' dir='ltr'><strong>est</strong></span> <span class='ocrx_word' id='word_1_552' title='bbox 422 4387 533 4442; x_wconf 89' lang='lat' dir='ltr'><strong>iste</strong></span> <span class='ocrx_word' id='word_1_553' title='bbox 576 4404 694 4457; x_wconf 85' lang='lat' dir='ltr'><strong>rex,</strong></span> <span class='ocrx_word' id='word_1_554' title='bbox 728 4388 935 4444; x_wconf 85' lang='lat' dir='ltr'><strong>fratres</strong></span> <span class='ocrx_word' id='word_1_555' title='bbox 966 4387 1320 4459; x_wconf 71' lang='lat' dir='ltr'><strong>charissimi,</strong></span> <span class='ocrx_word' id='word_1_556' title='bbox 1354 4388 1466 4444; x_wconf 90' lang='lat' dir='ltr'><strong>nisi</strong></span> <span class='ocrx_word' id='word_1_557' title='bbox 1499 4387 1617 4443; x_wconf 86' lang='lat' dir='ltr'><strong>Rex</strong></span> <span class='ocrx_word' id='word_1_558' title='bbox 1647 4403 1851 4461; x_wconf 86' lang='lat' dir='ltr'><strong>regum</strong></span> <span class='ocrx_word' id='word_1_559' title='bbox 1888 4391 1947 4444; x_wconf 89' lang='lat' dir='ltr'><strong>et</strong></span> 
     </span>
    </p>
   </div>
   <div class='ocr_carea' id='block_1_79' title="bbox 2045 3229 3696 3307">
    <p class='ocr_par' dir='ltr' id='par_1_79' title="bbox 2045 3229 3696 3307">
     <span class='ocr_line' id='line_1_79' title="bbox 2045 3229 3696 3307; baseline -0.005 -16"><span class='ocrx_word' id='word_1_560' title='bbox 2045 3234 2193 3292; x_wconf 91' lang='lat' dir='ltr'><strong>nihil</strong></span> <span class='ocrx_word' id='word_1_561' title='bbox 2219 3232 2709 3307; x_wconf 88' lang='lat' dir='ltr'><strong>compunctionis,</strong></span> <span class='ocrx_word' id='word_1_562' title='bbox 2741 3231 2829 3289; x_wconf 88' lang='lat' dir='ltr'><strong>vel</strong></span> <span class='ocrx_word' id='word_1_563' title='bbox 2855 3230 3231 3288; x_wconf 87' lang='lat' dir='ltr'><strong>correctionis</strong></span> <span class='ocrx_word' id='word_1_564' title='bbox 3275 3230 3334 3285; x_wconf 91' lang='lat' dir='ltr'><strong>in</strong></span> <span class='ocrx_word' id='word_1_565' title='bbox 3388 3246 3453 3285; x_wconf 89' lang='lat' dir='ltr'><strong>se</strong></span> <span class='ocrx_word' id='word_1_566' title='bbox 3502 3229 3696 3297; x_wconf 84' lang='lat' dir='ltr'><strong>habet,</strong></span> 
     </span>
    </p>
   </div>
   <div class='ocr_carea' id='block_1_80' title="bbox 2046 3319 3702 3392">
    <p class='ocr_par' dir='ltr' id='par_1_80' title="bbox 2046 3319 3702 3392">
     <span class='ocr_line' id='line_1_80' title="bbox 2046 3319 3702 3392; baseline -0.005 -11"><span class='ocrx_word' id='word_1_567' title='bbox 2046 3324 2203 3381; x_wconf 89' lang='lat' dir='ltr'><strong>unde</strong></span> <span class='ocrx_word' id='word_1_568' title='bbox 2234 3322 2576 3379; x_wconf 81' lang='lat' dir='ltr'><strong>satisfaciat.</strong></span> <span class='ocrx_word' id='word_1_569' title='bbox 2590 3320 3133 3392; x_wconf 87' lang='lat' dir='ltr'><strong>Hunctalemjubet</strong></span> <span class='ocrx_word' id='word_1_570' title='bbox 3161 3319 3446 3375; x_wconf 89' lang='lat' dir='ltr'><strong>Dominus</strong></span> <span class='ocrx_word' id='word_1_571' title='bbox 3458 3334 3702 3374; x_wconf 81' lang='lat' dir='ltr'><strong>venum-</strong></span> 
     </span>
    </p>
   </div>
   <div class='ocr_carea' id='block_1_81' title="bbox 2046 3407 3701 3481">
    <p class='ocr_par' dir='ltr' id='par_1_81' title="bbox 2046 3407 3701 3481">
     <span class='ocr_line' id='line_1_81' title="bbox 2046 3407 3701 3481; baseline -0.005 -12"><span class='ocrx_word' id='word_1_572' title='bbox 2046 3413 2194 3480; x_wconf 91' lang='lat' dir='ltr'><strong>dari,</strong></span> <span class='ocrx_word' id='word_1_573' title='bbox 2227 3417 2284 3469; x_wconf 92' lang='lat' dir='ltr'><strong>et</strong></span> <span class='ocrx_word' id='word_1_574' title='bbox 2311 3428 2573 3481; x_wconf 85' lang='lat' dir='ltr'><strong>uxorem,</strong></span> <span class='ocrx_word' id='word_1_575' title='bbox 2607 3414 2663 3467; x_wconf 89' lang='lat' dir='ltr'><strong>et</strong></span> <span class='ocrx_word' id='word_1_576' title='bbox 2694 3409 2845 3466; x_wconf 83' lang='lat' dir='ltr'><strong>filios</strong></span> <span class='ocrx_word' id='word_1_577' title='bbox 2876 3413 2935 3465; x_wconf 90' lang='lat' dir='ltr'><strong>ct</strong></span> <span class='ocrx_word' id='word_1_578' title='bbox 2954 3409 3228 3465; x_wconf 88' lang='lat' dir='ltr'><strong>universa</strong></span> <span class='ocrx_word' id='word_1_579' title='bbox 3263 3424 3391 3481; x_wconf 65' lang='grc' dir='ltr'><strong>(ιιιω</strong></span> <span class='ocrx_word' id='word_1_580' title='bbox 3420 3407 3622 3474; x_wconf 85' lang='lat' dir='ltr'><strong>habet,</strong></span> <span class='ocrx_word' id='word_1_581' title='bbox 3646 3412 3701 3462; x_wconf 90' lang='lat' dir='ltr'><strong>et</strong></span> 
     </span>
    </p>
   </div>
   <div class='ocr_carea' id='block_1_82' title="bbox 2046 3494 3705 3573">
    <p class='ocr_par' dir='ltr' id='par_1_82' title="bbox 2046 3494 3705 3573">
     <span class='ocr_line' id='line_1_82' title="bbox 2046 3494 3705 3573; baseline -0.004 -16"><span class='ocrx_word' id='word_1_582' title='bbox 2046 3501 2232 3559; x_wconf 89' lang='lat' dir='ltr'><strong>reddi.</strong></span> <span class='ocrx_word' id='word_1_583' title='bbox 2256 3500 2542 3568; x_wconf 87' lang='lat' dir='ltr'><strong>Quoniam</strong></span> <span class='ocrx_word' id='word_1_584' title='bbox 2560 3498 2662 3573; x_wconf 91' lang='lat' dir='ltr'><strong>qui</strong></span> <span class='ocrx_word' id='word_1_585' title='bbox 2692 3499 2763 3556; x_wconf 90' lang='lat' dir='ltr'><strong>de</strong></span> <span class='ocrx_word' id='word_1_586' title='bbox 2794 3497 3143 3572; x_wconf 86' lang='lat' dir='ltr'><strong>perpetratis</strong></span> <span class='ocrx_word' id='word_1_587' title='bbox 3169 3497 3427 3571; x_wconf 83' lang='lat' dir='ltr'><strong>peccatis</strong></span> <span class='ocrx_word' id='word_1_588' title='bbox 3448 3494 3705 3552; x_wconf 80' lang='lat' dir='ltr'><strong>nonvnlt</strong></span> 
     </span>
    </p>
   </div>
   <div class='ocr_carea' id='block_1_83' title="bbox 2048 3586 3699 3661">
    <p class='ocr_par' dir='ltr' id='par_1_83' title="bbox 2048 3586 3699 3661">
     <span class='ocr_line' id='line_1_83' title="bbox 2048 3586 3699 3661; baseline -0.004 -15"><span class='ocrx_word' id='word_1_589' title='bbox 2048 3589 2406 3658; x_wconf 81' lang='lat' dir='ltr'><strong>satisfacere,</strong></span> <span class='ocrx_word' id='word_1_590' title='bbox 2428 3589 2600 3661; x_wconf 89' lang='lat' dir='ltr'><strong>jubet</strong></span> <span class='ocrx_word' id='word_1_591' title='bbox 2626 3589 2783 3645; x_wconf 90' lang='lat' dir='ltr'><strong>Deus</strong></span> <span class='ocrx_word' id='word_1_592' title='bbox 2812 3592 2872 3643; x_wconf 90' lang='lat' dir='ltr'><strong>et</strong></span> <span class='ocrx_word' id='word_1_593' title='bbox 2891 3586 3167 3660; x_wconf 88' lang='lat' dir='ltr'><strong>spiritum</strong></span> <span class='ocrx_word' id='word_1_594' title='bbox 3197 3586 3349 3658; x_wconf 86' lang='lat' dir='ltr'><strong>ejus,</strong></span> <span class='ocrx_word' id='word_1_595' title='bbox 3363 3589 3699 3650; x_wconf 86' lang='lat' dir='ltr'><strong>etnxorem,</strong></span> 
     </span>
    </p>
   </div>
   <div class='ocr_carea' id='block_1_84' title="bbox 2046 3671 3697 3749">
    <p class='ocr_par' dir='ltr' id='par_1_84' title="bbox 2046 3671 3697 3749">
     <span class='ocr_line' id='line_1_84' title="bbox 2046 3671 3697 3749; baseline -0.004 -15"><span class='ocrx_word' id='word_1_596' title='bbox 2046 3679 2106 3735; x_wconf 91' lang='lat' dir='ltr'><strong>id</strong></span> <span class='ocrx_word' id='word_1_597' title='bbox 2138 3682 2228 3735; x_wconf 88' lang='lat' dir='ltr'><strong>est</strong></span> <span class='ocrx_word' id='word_1_598' title='bbox 2255 3693 2491 3733; x_wconf 90' lang='lat' dir='ltr'><strong>carnem</strong></span> <span class='ocrx_word' id='word_1_599' title='bbox 2522 3677 2718 3749; x_wconf 86' lang='lat' dir='ltr'><strong>(cujus</strong></span> <span class='ocrx_word' id='word_1_600' title='bbox 2744 3674 2990 3731; x_wconf 86' lang='lat' dir='ltr'><strong>mollitie</strong></span> <span class='ocrx_word' id='word_1_601' title='bbox 3020 3672 3311 3747; x_wconf 89' lang='lat' dir='ltr'><strong>utebatur)</strong></span> <span class='ocrx_word' id='word_1_602' title='bbox 3337 3677 3397 3729; x_wconf 92' lang='lat' dir='ltr'><strong>et</strong></span> <span class='ocrx_word' id='word_1_603' title='bbox 3431 3671 3607 3739; x_wconf 83' lang='lat' dir='ltr'><strong>ﬁlios,</strong></span> <span class='ocrx_word' id='word_1_604' title='bbox 3638 3671 3697 3727; x_wconf 92' lang='lat' dir='ltr'><strong>id</strong></span> 
     </span>
    </p>
   </div>
   <div class='ocr_carea' id='block_1_85' title="bbox 2048 3764 3703 3839">
    <p class='ocr_par' dir='ltr' id='par_1_85' title="bbox 2048 3764 3703 3839">
     <span class='ocr_line' id='line_1_85' title="bbox 2048 3764 3703 3839; baseline -0.005 -16"><span class='ocrx_word' id='word_1_605' title='bbox 2048 3771 2137 3824; x_wconf 91' lang='lat' dir='ltr'><strong>est</strong></span> <span class='ocrx_word' id='word_1_606' title='bbox 2166 3783 2401 3834; x_wconf 87' lang='lat' dir='ltr'><strong>sensus,</strong></span> <span class='ocrx_word' id='word_1_607' title='bbox 2433 3766 2535 3839; x_wconf 92' lang='lat' dir='ltr'><strong>qui</strong></span> <span class='ocrx_word' id='word_1_608' title='bbox 2565 3783 2634 3822; x_wconf 84' lang='lat' dir='ltr'><strong>ex</strong></span> <span class='ocrx_word' id='word_1_609' title='bbox 2661 3764 2875 3838; x_wconf 87' lang='lat' dir='ltr'><strong>spiritu</strong></span> <span class='ocrx_word' id='word_1_610' title='bbox 2901 3768 2960 3820; x_wconf 90' lang='lat' dir='ltr'><strong>ct</strong></span> <span class='ocrx_word' id='word_1_611' title='bbox 2987 3780 3161 3819; x_wconf 89' lang='lat' dir='ltr'><strong>carne</strong></span> <span class='ocrx_word' id='word_1_612' title='bbox 3209 3765 3616 3835; x_wconf 82' lang='lat' dir='ltr'><strong>procreantur,</strong></span> <span class='ocrx_word' id='word_1_613' title='bbox 3645 3764 3703 3816; x_wconf 90' lang='lat' dir='ltr'><strong>et</strong></span> 
     </span>
    </p>
   </div>
   <div class='ocr_carea' id='block_1_86' title="bbox 2046 3847 3695 3926">
    <p class='ocr_par' dir='ltr' id='par_1_86' title="bbox 2046 3847 3695 3926">
     <span class='ocr_line' id='line_1_86' title="bbox 2046 3847 3695 3926; baseline -0.005 -15"><span class='ocrx_word' id='word_1_614' title='bbox 2046 3854 2247 3911; x_wconf 88' lang='lat' dir='ltr'><strong>omnia</strong></span> <span class='ocrx_word' id='word_1_615' title='bbox 2278 3853 2544 3909; x_wconf 90' lang='lat' dir='ltr'><strong>membra</strong></span> <span class='ocrx_word' id='word_1_616' title='bbox 2567 3869 2671 3925; x_wconf 93' lang='lat' dir='ltr'><strong>pro</strong></span> <span class='ocrx_word' id='word_1_617' title='bbox 2709 3851 2982 3926; x_wconf 88' lang='lat' dir='ltr'><strong>peccatis,</strong></span> <span class='ocrx_word' id='word_1_618' title='bbox 3010 3855 3238 3907; x_wconf 68' lang='lat' dir='ltr'><strong>aeterna</strong></span> <span class='ocrx_word' id='word_1_619' title='bbox 3282 3867 3467 3923; x_wconf 66' lang='lat' dir='ltr'><strong>paenae</strong></span> <span class='ocrx_word' id='word_1_620' title='bbox 3516 3847 3695 3914; x_wconf 88' lang='lat' dir='ltr'><strong>tradi,</strong></span> 
     </span>
    </p>
   </div>
   <div class='ocr_carea' id='block_1_87' title="bbox 2047 3937 3701 4016">
    <p class='ocr_par' dir='ltr' id='par_1_87' title="bbox 2047 3937 3701 4016">
     <span class='ocr_line' id='line_1_87' title="bbox 2047 3937 3701 4016; baseline -0.005 -16"><span class='ocrx_word' id='word_1_621' title='bbox 2047 3949 2105 4001; x_wconf 89' lang='lat' dir='ltr'><strong>et</strong></span> <span class='ocrx_word' id='word_1_622' title='bbox 2132 3943 2216 4000; x_wconf 89' lang='lat' dir='ltr'><strong>ita</strong></span> <span class='ocrx_word' id='word_1_623' title='bbox 2243 3941 2485 4016; x_wconf 87' lang='lat' dir='ltr'><strong>dignam</strong></span> <span class='ocrx_word' id='word_1_624' title='bbox 2506 3940 2792 3998; x_wconf 90' lang='lat' dir='ltr'><strong>ultionem</strong></span> <span class='ocrx_word' id='word_1_625' title='bbox 2835 3942 2909 3997; x_wconf 88' lang='lat' dir='ltr'><strong>de</strong></span> <span class='ocrx_word' id='word_1_626' title='bbox 2947 3957 3013 3997; x_wconf 91' lang='lat' dir='ltr'><strong>eo</strong></span> <span class='ocrx_word' id='word_1_627' title='bbox 3058 3938 3242 3996; x_wconf 86' lang='lat' dir='ltr'><strong>reddi.</strong></span> <span class='ocrx_word' id='word_1_628' title='bbox 3267 3938 3437 4005; x_wconf 87' lang='lat' dir='ltr'><strong>Ecce,</strong></span> <span class='ocrx_word' id='word_1_629' title='bbox 3467 3937 3701 4004; x_wconf 80' lang='lat' dir='ltr'><strong>fratres,</strong></span> 
     </span>
    </p>
   </div>
   <div class='ocr_carea' id='block_1_88' title="bbox 2050 4027 3706 4106">
    <p class='ocr_par' dir='ltr' id='par_1_88' title="bbox 2050 4027 3706 4106">
     <span class='ocr_line' id='line_1_88' title="bbox 2050 4027 3706 4106; baseline -0.005 -18"><span class='ocrx_word' id='word_1_630' title='bbox 2050 4050 2228 4106; x_wconf 88' lang='lat' dir='ltr'><strong>quam</strong></span> <span class='ocrx_word' id='word_1_631' title='bbox 2257 4030 2759 4088; x_wconf 85' lang='lat' dir='ltr'><strong>terribiliterDens</strong></span> <span class='ocrx_word' id='word_1_632' title='bbox 2791 4029 3053 4086; x_wconf 88' lang='lat' dir='ltr'><strong>minatur</strong></span> <span class='ocrx_word' id='word_1_633' title='bbox 3072 4027 3192 4084; x_wconf 86' lang='lat' dir='ltr'><strong>illis</strong></span> <span class='ocrx_word' id='word_1_634' title='bbox 3222 4027 3325 4101; x_wconf 92' lang='lat' dir='ltr'><strong>qui</strong></span> <span class='ocrx_word' id='word_1_635' title='bbox 3338 4043 3456 4084; x_wconf 92' lang='lat' dir='ltr'><strong>non</strong></span> <span class='ocrx_word' id='word_1_636' title='bbox 3470 4040 3706 4082; x_wconf 84' lang='lat' dir='ltr'><strong>conver-</strong></span> 
     </span>
    </p>
   </div>
   <div class='ocr_carea' id='block_1_89' title="bbox 2050 4125 2277 4178">
    <p class='ocr_par' dir='ltr' id='par_1_89' title="bbox 2050 4125 2277 4178">
     <span class='ocr_line' id='line_1_89' title="bbox 2050 4125 2277 4178; baseline -0.009 0"><span class='ocrx_word' id='word_1_637' title='bbox 2050 4125 2277 4178; x_wconf 87' lang='lat' dir='ltr'><strong>tuntur.</strong></span> 
     </span>
    </p>
   </div>
   <div class='ocr_carea' id='block_1_90' title="bbox 2121 4203 3703 4282">
    <p class='ocr_par' dir='ltr' id='par_1_90' title="bbox 2121 4203 3703 4282">
     <span class='ocr_line' id='line_1_90' title="bbox 2121 4203 3703 4282; baseline -0.005 -16"><span class='ocrx_word' id='word_1_638' title='bbox 2121 4208 2398 4282; x_wconf 90' lang='lat' dir='ltr'><strong>Sequitur</strong></span> <span class='ocrx_word' id='word_1_639' title='bbox 2425 4224 2562 4281; x_wconf 89' lang='lat' dir='ltr'><strong>pars</strong></span> <span class='ocrx_word' id='word_1_640' title='bbox 2610 4207 2887 4273; x_wconf 86' lang='lat' dir='ltr'><strong>secunda,</strong></span> <span class='ocrx_word' id='word_1_641' title='bbox 2920 4207 2981 4262; x_wconf 89' lang='lat' dir='ltr'><strong>in</strong></span> <span class='ocrx_word' id='word_1_642' title='bbox 3013 4224 3131 4280; x_wconf 90' lang='lat' dir='ltr'><strong>qua</strong></span> <span class='ocrx_word' id='word_1_643' title='bbox 3158 4203 3493 4262; x_wconf 82' lang='lat' dir='ltr'><strong>ostenditur</strong></span> <span class='ocrx_word' id='word_1_644' title='bbox 3522 4219 3703 4275; x_wconf 87' lang='lat' dir='ltr'><strong>quam</strong></span> 
     </span>
    </p>
   </div>
   <div class='ocr_carea' id='block_1_91' title="bbox 2051 4292 3697 4371">
    <p class='ocr_par' dir='ltr' id='par_1_91' title="bbox 2051 4292 3697 4371">
     <span class='ocr_line' id='line_1_91' title="bbox 2051 4292 3697 4371; baseline -0.005 -16"><span class='ocrx_word' id='word_1_645' title='bbox 2051 4298 2218 4356; x_wconf 88' lang='lat' dir='ltr'><strong>facile</strong></span> <span class='ocrx_word' id='word_1_646' title='bbox 2253 4300 2401 4355; x_wconf 90' lang='lat' dir='ltr'><strong>Deus</strong></span> <span class='ocrx_word' id='word_1_647' title='bbox 2431 4296 2848 4371; x_wconf 69' lang='lat' dir='ltr'><strong>paenitentibus</strong></span> <span class='ocrx_word' id='word_1_648' title='bbox 2860 4296 3227 4363; x_wconf 88' lang='lat' dir='ltr'><strong>misereatur,</strong></span> <span class='ocrx_word' id='word_1_649' title='bbox 3241 4310 3377 4351; x_wconf 90' lang='lat' dir='ltr'><strong>cum</strong></span> <span class='ocrx_word' id='word_1_650' title='bbox 3389 4292 3697 4350; x_wconf 89' lang='lat' dir='ltr'><strong>subditur:</strong></span> 
     </span>
    </p>
   </div>
   <div class='ocr_carea' id='block_1_92' title="bbox 2050 4380 3697 4459">
    <p class='ocr_par' dir='ltr' id='par_1_92' title="bbox 2050 4380 3697 4459">
     <span class='ocr_line' id='line_1_92' title="bbox 2050 4380 3697 4459; baseline -0.007 -13"><span class='ocrx_word' id='word_1_651' title='bbox 2050 4387 2365 4446; x_wconf 81' lang='lat' dir='ltr'><strong>Procidens</strong></span> <span class='ocrx_word' id='word_1_652' title='bbox 2393 4392 2596 4444; x_wconf 78' lang='lat' dir='ltr'><strong>autem</strong></span> <span class='ocrx_word' id='word_1_653' title='bbox 2623 4401 2821 4442; x_wconf 82' lang='lat' dir='ltr'><strong>servus</strong></span> <span class='ocrx_word' id='word_1_654' title='bbox 2849 4384 2986 4454; x_wconf 78' lang='lat' dir='ltr'><strong>ille,</strong></span> <span class='ocrx_word' id='word_1_655' title='bbox 3014 4384 3275 4459; x_wconf 73' lang='lat' dir='ltr'><strong>rogabat</strong></span> <span class='ocrx_word' id='word_1_656' title='bbox 3303 4398 3437 4439; x_wconf 82' lang='lat' dir='ltr'><strong>eum</strong></span> <span class='ocrx_word' id='word_1_657' title='bbox 3466 4380 3697 4438; x_wconf 71' lang='lat' dir='ltr'><strong>dicens.-</strong></span> 
     </span>
    </p>
   </div>
   <div class='ocr_carea' id='block_1_93' title="bbox 302 4470 3709 4566">
    <p class='ocr_par' dir='ltr' id='par_1_93' title="bbox 302 4470 3709 4566">
     <span class='ocr_line' id='line_1_93' title="bbox 302 4470 3709 4566; baseline -0.002 -34"><span class='ocrx_word' id='word_1_658' title='bbox 302 4476 588 4533; x_wconf 89' lang='lat' dir='ltr'><strong>Dominus</strong></span> <span class='ocrx_word' id='word_1_659' title='bbox 618 4476 1469 4550; x_wconf 87' lang='lat' dir='ltr'><strong>dominantinm,quiuniversa</strong></span> <span class='ocrx_word' id='word_1_660' title='bbox 1498 4481 1672 4547; x_wconf 87' lang='lat' dir='ltr'><strong>creat,</strong></span> <span class='ocrx_word' id='word_1_661' title='bbox 1687 4476 1947 4549; x_wconf 88' lang='lat' dir='ltr'><strong>possidet</strong></span> <span class='ocrx_word' id='word_1_662' title='bbox 1975 4499 2022 4566; x_wconf 73' lang='grc' dir='ltr'>Β</span> <span class='ocrx_word' id='word_1_663' title='bbox 2054 4473 2849 4542; x_wconf 75' lang='lat' dir='ltr'><strong>Patientiamhabeinme,et</strong></span> <span class='ocrx_word' id='word_1_664' title='bbox 2866 4470 3709 4566; x_wconf 68' lang='lat' dir='ltr'><strong>omniareddamtibiJliser-</strong></span> 
     </span>
    </p>
   </div>
   <div class='ocr_carea' id='block_1_94' title="bbox 302 4557 3708 4639">
    <p class='ocr_par' dir='ltr' id='par_1_94' title="bbox 302 4557 3708 4639">
     <span class='ocr_line' id='line_1_94' title="bbox 302 4557 3708 4639; baseline -0.003 -17"><span class='ocrx_word' id='word_1_665' title='bbox 302 4570 359 4622; x_wconf 91' lang='lat' dir='ltr'><strong>et</strong></span> <span class='ocrx_word' id='word_1_666' title='bbox 386 4566 718 4638; x_wconf 82' lang='lat' dir='ltr'><strong>gubernat?</strong></span> <span class='ocrx_word' id='word_1_667' title='bbox 765 4565 873 4630; x_wconf 91' lang='lat' dir='ltr'><strong>Qui</strong></span> <span class='ocrx_word' id='word_1_668' title='bbox 922 4571 1075 4623; x_wconf 89' lang='lat' dir='ltr'><strong>recte</strong></span> <span class='ocrx_word' id='word_1_669' title='bbox 1113 4584 1211 4623; x_wconf 85' lang='lat' dir='ltr'><strong>rex</strong></span> <span class='ocrx_word' id='word_1_670' title='bbox 1253 4566 1489 4636; x_wconf 90' lang='lat' dir='ltr'><strong>dicitur,</strong></span> <span class='ocrx_word' id='word_1_671' title='bbox 1536 4566 1814 4639; x_wconf 87' lang='lat' dir='ltr'><strong>quoniam</strong></span> <span class='ocrx_word' id='word_1_672' title='bbox 1864 4566 1948 4622; x_wconf 89' lang='lat' dir='ltr'><strong>ita</strong></span> <span class='ocrx_word' id='word_1_673' title='bbox 1975 4557 2016 4566; x_wconf 74' lang='grc'><strong>’”</strong></span> <span class='ocrx_word' id='word_1_674' title='bbox 2054 4572 2148 4622; x_wconf 85' lang='lat' dir='ltr'><strong>tus</strong></span> <span class='ocrx_word' id='word_1_675' title='bbox 2172 4563 2658 4623; x_wconf 82' lang='lat' dir='ltr'><strong>autemdominus</strong></span> <span class='ocrx_word' id='word_1_676' title='bbox 2673 4564 2827 4620; x_wconf 80' lang='lat' dir='ltr'><strong>servi</strong></span> <span class='ocrx_word' id='word_1_677' title='bbox 2846 4562 3043 4632; x_wconf 81' lang='lat' dir='ltr'><strong>illius,</strong></span> <span class='ocrx_word' id='word_1_678' title='bbox 3063 4562 3299 4619; x_wconf 81' lang='lat' dir='ltr'><strong>dimisit</strong></span> <span class='ocrx_word' id='word_1_679' title='bbox 3320 4577 3450 4616; x_wconf 82' lang='lat' dir='ltr'><strong>eum</strong></span> <span class='ocrx_word' id='word_1_680' title='bbox 3472 4557 3708 4615; x_wconf 63' lang='lat' dir='ltr'><strong>sedebi-</strong></span> 
     </span>
    </p>
   </div>
   <div class='ocr_carea' id='block_1_95' title="bbox 303 4654 1951 4730">
    <p class='ocr_par' dir='ltr' id='par_1_95' title="bbox 303 4654 1951 4730">
     <span class='ocr_line' id='line_1_95' title="bbox 303 4654 1951 4730; baseline 0 -18"><span class='ocrx_word' id='word_1_681' title='bbox 303 4658 515 4712; x_wconf 87' lang='lat' dir='ltr'><strong>cuncta</strong></span> <span class='ocrx_word' id='word_1_682' title='bbox 544 4655 711 4729; x_wconf 89' lang='lat' dir='ltr'><strong>regit,</strong></span> <span class='ocrx_word' id='word_1_683' title='bbox 734 4656 888 4729; x_wconf 91' lang='lat' dir='ltr'><strong>quod</strong></span> <span class='ocrx_word' id='word_1_684' title='bbox 922 4655 1067 4711; x_wconf 89' lang='lat' dir='ltr'><strong>nihil</strong></span> <span class='ocrx_word' id='word_1_685' title='bbox 1096 4655 1497 4712; x_wconf 89' lang='lat' dir='ltr'><strong>inordinatum</strong></span> <span class='ocrx_word' id='word_1_686' title='bbox 1529 4654 1782 4730; x_wconf 90' lang='lat' dir='ltr'><strong>reliquit.</strong></span> <span class='ocrx_word' id='word_1_687' title='bbox 1801 4656 1871 4712; x_wconf 90' lang='lat' dir='ltr'><strong>Et</strong></span> <span class='ocrx_word' id='word_1_688' title='bbox 1901 4656 1951 4712; x_wconf 89' lang='lat' dir='ltr'><strong>si</strong></span> 
     </span>
    </p>
   </div>
   <div class='ocr_carea' id='block_1_96' title="bbox 303 4744 1953 4819">
    <p class='ocr_par' dir='ltr' id='par_1_96' title="bbox 303 4744 1953 4819">
     <span class='ocr_line' id='line_1_96' title="bbox 303 4744 1953 4819; baseline -0.001 -17"><span class='ocrx_word' id='word_1_689' title='bbox 303 4745 458 4802; x_wconf 89' lang='lat' dir='ltr'><strong>enim</strong></span> <span class='ocrx_word' id='word_1_690' title='bbox 492 4744 647 4801; x_wconf 91' lang='lat' dir='ltr'><strong>mala</strong></span> <span class='ocrx_word' id='word_1_691' title='bbox 673 4744 763 4802; x_wconf 90' lang='lat' dir='ltr'><strong>vel</strong></span> <span class='ocrx_word' id='word_1_692' title='bbox 794 4745 853 4801; x_wconf 91' lang='lat' dir='ltr'><strong>in</strong></span> <span class='ocrx_word' id='word_1_693' title='bbox 885 4746 1127 4815; x_wconf 92' lang='lat' dir='ltr'><strong>mundo,</strong></span> <span class='ocrx_word' id='word_1_694' title='bbox 1155 4744 1245 4801; x_wconf 91' lang='lat' dir='ltr'><strong>vel</strong></span> <span class='ocrx_word' id='word_1_695' title='bbox 1275 4744 1334 4800; x_wconf 93' lang='lat' dir='ltr'><strong>in</strong></span> <span class='ocrx_word' id='word_1_696' title='bbox 1368 4745 1597 4801; x_wconf 90' lang='lat' dir='ltr'><strong>inferno</strong></span> <span class='ocrx_word' id='word_1_697' title='bbox 1649 4745 1774 4801; x_wconf 84' lang='lat' dir='ltr'><strong>fieri</strong></span> <span class='ocrx_word' id='word_1_698' title='bbox 1820 4762 1953 4819; x_wconf 88' lang='lat' dir='ltr'><strong>per-</strong></span> 
     </span>
    </p>
   </div>
   <div class='ocr_carea' id='block_1_97' title="bbox 303 4833 1953 4906">
    <p class='ocr_par' dir='ltr' id='par_1_97' title="bbox 303 4833 1953 4906">
     <span class='ocr_line' id='line_1_97' title="bbox 303 4833 1953 4906; baseline -0.001 -15"><span class='ocrx_word' id='word_1_699' title='bbox 303 4835 506 4902; x_wconf 88' lang='lat' dir='ltr'><strong>mittit,</strong></span> <span class='ocrx_word' id='word_1_700' title='bbox 536 4838 733 4891; x_wconf 90' lang='lat' dir='ltr'><strong>tamen</strong></span> <span class='ocrx_word' id='word_1_701' title='bbox 764 4837 835 4891; x_wconf 90' lang='lat' dir='ltr'><strong>ad</strong></span> <span class='ocrx_word' id='word_1_702' title='bbox 864 4835 1062 4903; x_wconf 82' lang='lat' dir='ltr'><strong>ﬁnem,</strong></span> <span class='ocrx_word' id='word_1_703' title='bbox 1091 4833 1178 4890; x_wconf 92' lang='lat' dir='ltr'><strong>vel</strong></span> <span class='ocrx_word' id='word_1_704' title='bbox 1210 4833 1643 4905; x_wconf 66' lang='lat' dir='ltr'><strong>misericordiae,</strong></span> <span class='ocrx_word' id='word_1_705' title='bbox 1674 4833 1761 4891; x_wconf 92' lang='lat' dir='ltr'><strong>vel</strong></span> <span class='ocrx_word' id='word_1_706' title='bbox 1768 4833 1953 4906; x_wconf 89' lang='lat' dir='ltr'><strong>justi-</strong></span> 
     </span>
    </p>
   </div>
   <div class='ocr_carea' id='block_1_98' title="bbox 303 4922 1954 4997">
    <p class='ocr_par' dir='ltr' id='par_1_98' title="bbox 303 4922 1954 4997">
     <span class='ocr_line' id='line_1_98' title="bbox 303 4922 1954 4997; baseline 0 -18"><span class='ocrx_word' id='word_1_707' title='bbox 303 4923 397 4979; x_wconf 71' lang='lat' dir='ltr'><strong>tiae</strong></span> <span class='ocrx_word' id='word_1_708' title='bbox 422 4941 561 4992; x_wconf 73' lang='lat' dir='ltr'><strong>suae,</strong></span> <span class='ocrx_word' id='word_1_709' title='bbox 595 4941 663 4980; x_wconf 88' lang='lat' dir='ltr'><strong>ea</strong></span> <span class='ocrx_word' id='word_1_710' title='bbox 691 4924 913 4997; x_wconf 87' lang='lat' dir='ltr'><strong>dirigit.</strong></span> <span class='ocrx_word' id='word_1_711' title='bbox 945 4924 1108 4988; x_wconf 85' lang='lat' dir='ltr'><strong>Quod</strong></span> <span class='ocrx_word' id='word_1_712' title='bbox 1140 4922 1295 4980; x_wconf 91' lang='lat' dir='ltr'><strong>enim</strong></span> <span class='ocrx_word' id='word_1_713' title='bbox 1329 4922 1559 4995; x_wconf 82' lang='lat' dir='ltr'><strong>legitur,</strong></span> <span class='ocrx_word' id='word_1_714' title='bbox 1593 4923 1749 4996; x_wconf 91' lang='lat' dir='ltr'><strong>quod</strong></span> <span class='ocrx_word' id='word_1_715' title='bbox 1772 4922 1828 4978; x_wconf 91' lang='lat' dir='ltr'><strong>in</strong></span> <span class='ocrx_word' id='word_1_716' title='bbox 1862 4923 1954 4979; x_wconf 92' lang='lat' dir='ltr'><strong>in-</strong></span> 
     </span>
    </p>
   </div>
   <div class='ocr_carea' id='block_1_99' title="bbox 307 5010 1953 5080">
    <p class='ocr_par' dir='ltr' id='par_1_99' title="bbox 307 5010 1953 5080">
     <span class='ocr_line' id='line_1_99' title="bbox 307 5010 1953 5080; baseline 0 -13"><span class='ocrx_word' id='word_1_717' title='bbox 307 5012 469 5068; x_wconf 88' lang='lat' dir='ltr'><strong>ferno</strong></span> <span class='ocrx_word' id='word_1_718' title='bbox 499 5012 697 5069; x_wconf 90' lang='lat' dir='ltr'><strong>nullus</strong></span> <span class='ocrx_word' id='word_1_719' title='bbox 729 5017 818 5070; x_wconf 88' lang='lat' dir='ltr'><strong>est</strong></span> <span class='ocrx_word' id='word_1_720' title='bbox 846 5013 1092 5080; x_wconf 88' lang='lat' dir='ltr'><strong>ordo,de</strong></span> <span class='ocrx_word' id='word_1_721' title='bbox 1113 5012 1316 5069; x_wconf 89' lang='lat' dir='ltr'><strong>ordine</strong></span> <span class='ocrx_word' id='word_1_722' title='bbox 1332 5010 1953 5068; x_wconf 86' lang='lat' dir='ltr'><strong>renovationisintelli-</strong></span> 
     </span>
    </p>
   </div>
   <div class='ocr_carea' id='block_1_100' title="bbox 306 5100 1950 5175">
    <p class='ocr_par' dir='ltr' id='par_1_100' title="bbox 306 5100 1950 5175">
     <span class='ocr_line' id='line_1_100' title="bbox 306 5100 1950 5175; baseline 0 -18"><span class='ocrx_word' id='word_1_723' title='bbox 306 5100 565 5175; x_wconf 90' lang='lat' dir='ltr'><strong>gendum</strong></span> <span class='ocrx_word' id='word_1_724' title='bbox 580 5101 817 5158; x_wconf 89' lang='lat' dir='ltr'><strong>est.Non</strong></span> <span class='ocrx_word' id='word_1_725' title='bbox 835 5103 988 5157; x_wconf 92' lang='lat' dir='ltr'><strong>enim</strong></span> <span class='ocrx_word' id='word_1_726' title='bbox 1004 5101 1157 5159; x_wconf 90' lang='lat' dir='ltr'><strong>sicut</strong></span> <span class='ocrx_word' id='word_1_727' title='bbox 1170 5101 1227 5157; x_wconf 94' lang='lat' dir='ltr'><strong>in</strong></span> <span class='ocrx_word' id='word_1_728' title='bbox 1242 5100 1572 5168; x_wconf 89' lang='lat' dir='ltr'><strong>mundo,ita</strong></span> <span class='ocrx_word' id='word_1_729' title='bbox 1584 5100 1950 5157; x_wconf 90' lang='lat' dir='ltr'><strong>etininferno</strong></span> 
     </span>
    </p>
   </div>
   <div class='ocr_carea' id='block_1_101' title="bbox 306 5188 1946 5264">
    <p class='ocr_par' dir='ltr' id='par_1_101' title="bbox 306 5188 1946 5264">
     <span class='ocr_line' id='line_1_101' title="bbox 306 5188 1946 5264; baseline -0.001 -18"><span class='ocrx_word' id='word_1_730' title='bbox 306 5190 574 5247; x_wconf 87' lang='lat' dir='ltr'><strong>laborum</strong></span> <span class='ocrx_word' id='word_1_731' title='bbox 606 5188 830 5261; x_wconf 90' lang='lat' dir='ltr'><strong>[labori]</strong></span> <span class='ocrx_word' id='word_1_732' title='bbox 856 5192 1118 5247; x_wconf 90' lang='lat' dir='ltr'><strong>succedit</strong></span> <span class='ocrx_word' id='word_1_733' title='bbox 1138 5191 1393 5264; x_wconf 90' lang='lat' dir='ltr'><strong>requies,</strong></span> <span class='ocrx_word' id='word_1_734' title='bbox 1415 5189 1666 5246; x_wconf 75' lang='lat' dir='ltr'><strong>miseriae</strong></span> <span class='ocrx_word' id='word_1_735' title='bbox 1680 5189 1946 5259; x_wconf 89' lang='lat' dir='ltr'><strong>felicitas,</strong></span> 
     </span>
    </p>
   </div>
   <div class='ocr_carea' id='block_1_102' title="bbox 308 5277 1950 5352">
    <p class='ocr_par' dir='ltr' id='par_1_102' title="bbox 308 5277 1950 5352">
     <span class='ocr_line' id='line_1_102' title="bbox 308 5277 1950 5352; baseline -0.001 -17"><span class='ocrx_word' id='word_1_736' title='bbox 308 5278 463 5336; x_wconf 90' lang='lat' dir='ltr'><strong>nocti</strong></span> <span class='ocrx_word' id='word_1_737' title='bbox 493 5278 640 5346; x_wconf 90' lang='lat' dir='ltr'><strong>dies,</strong></span> <span class='ocrx_word' id='word_1_738' title='bbox 663 5277 849 5333; x_wconf 91' lang='lat' dir='ltr'><strong>dolori</strong></span> <span class='ocrx_word' id='word_1_739' title='bbox 878 5278 1262 5352; x_wconf 81' lang='lat' dir='ltr'><strong>refrigerium,</strong></span> <span class='ocrx_word' id='word_1_740' title='bbox 1288 5280 1388 5336; x_wconf 91' lang='lat' dir='ltr'><strong>sed</strong></span> <span class='ocrx_word' id='word_1_741' title='bbox 1420 5277 1734 5335; x_wconf 86' lang='lat' dir='ltr'><strong>continuus</strong></span> <span class='ocrx_word' id='word_1_742' title='bbox 1764 5277 1950 5347; x_wconf 89' lang='lat' dir='ltr'><strong>labor,</strong></span> 
     </span>
    </p>
   </div>
   <div class='ocr_carea' id='block_1_103' title="bbox 308 5365 1955 5437">
    <p class='ocr_par' dir='ltr' id='par_1_103' title="bbox 308 5365 1955 5437">
     <span class='ocr_line' id='line_1_103' title="bbox 308 5365 1955 5437; baseline -0.001 -12"><span class='ocrx_word' id='word_1_743' title='bbox 308 5368 588 5425; x_wconf 88' lang='lat' dir='ltr'><strong>continua</strong></span> <span class='ocrx_word' id='word_1_744' title='bbox 616 5365 873 5435; x_wconf 89' lang='lat' dir='ltr'><strong>miseria,</strong></span> <span class='ocrx_word' id='word_1_745' title='bbox 895 5367 1171 5423; x_wconf 88' lang='lat' dir='ltr'><strong>continua</strong></span> <span class='ocrx_word' id='word_1_746' title='bbox 1200 5386 1332 5437; x_wconf 83' lang='lat' dir='ltr'><strong>nox,</strong></span> <span class='ocrx_word' id='word_1_747' title='bbox 1357 5368 1763 5424; x_wconf 90' lang='lat' dir='ltr'><strong>continunsibi</strong></span> <span class='ocrx_word' id='word_1_748' title='bbox 1784 5367 1955 5424; x_wconf 85' lang='lat' dir='ltr'><strong>habe-</strong></span> 
     </span>
    </p>
   </div>
   <div class='ocr_carea' id='block_1_104' title="bbox 309 5455 1956 5531">
    <p class='ocr_par' dir='ltr' id='par_1_104' title="bbox 309 5455 1956 5531">
     <span class='ocr_line' id='line_1_104' title="bbox 309 5455 1956 5531; baseline 0.001 -19"><span class='ocrx_word' id='word_1_749' title='bbox 309 5461 407 5512; x_wconf 89' lang='lat' dir='ltr'><strong>tur</strong></span> <span class='ocrx_word' id='word_1_750' title='bbox 437 5455 959 5529; x_wconf 86' lang='lat' dir='ltr'><strong>cruciatus.Hujus</strong></span> <span class='ocrx_word' id='word_1_751' title='bbox 989 5461 1184 5512; x_wconf 90' lang='lat' dir='ltr'><strong>autem</strong></span> <span class='ocrx_word' id='word_1_752' title='bbox 1213 5458 1432 5513; x_wconf 90' lang='lat' dir='ltr'><strong>summi</strong></span> <span class='ocrx_word' id='word_1_753' title='bbox 1464 5457 1619 5531; x_wconf 89' lang='lat' dir='ltr'><strong>regis</strong></span> <span class='ocrx_word' id='word_1_754' title='bbox 1647 5456 1795 5513; x_wconf 89' lang='lat' dir='ltr'><strong>servi</strong></span> <span class='ocrx_word' id='word_1_755' title='bbox 1815 5460 1956 5513; x_wconf 86' lang='lat' dir='ltr'><strong>sunt</strong></span> 
     </span>
    </p>
   </div>
   <div class='ocr_carea' id='block_1_105' title="bbox 309 5544 1954 5618">
    <p class='ocr_par' dir='ltr' id='par_1_105' title="bbox 309 5544 1954 5618">
     <span class='ocr_line' id='line_1_105' title="bbox 309 5544 1954 5618; baseline 0.001 -17"><span class='ocrx_word' id='word_1_756' title='bbox 309 5544 600 5615; x_wconf 87' lang='lat' dir='ltr'><strong>homines,</strong></span> <span class='ocrx_word' id='word_1_757' title='bbox 634 5545 911 5618; x_wconf 90' lang='lat' dir='ltr'><strong>quoniam</strong></span> <span class='ocrx_word' id='word_1_758' title='bbox 947 5546 1018 5601; x_wconf 90' lang='lat' dir='ltr'><strong>ad</strong></span> <span class='ocrx_word' id='word_1_759' title='bbox 1050 5545 1159 5601; x_wconf 92' lang='lat' dir='ltr'><strong>hoc</strong></span> <span class='ocrx_word' id='word_1_760' title='bbox 1190 5561 1289 5602; x_wconf 90' lang='lat' dir='ltr'><strong>eos</strong></span> <span class='ocrx_word' id='word_1_761' title='bbox 1318 5545 1550 5615; x_wconf 88' lang='lat' dir='ltr'><strong>creavit,</strong></span> <span class='ocrx_word' id='word_1_762' title='bbox 1582 5549 1649 5603; x_wconf 89' lang='lat' dir='ltr'><strong>ut</strong></span> <span class='ocrx_word' id='word_1_763' title='bbox 1676 5545 1729 5603; x_wconf 91' lang='lat' dir='ltr'><strong>ei</strong></span> <span class='ocrx_word' id='word_1_764' title='bbox 1777 5546 1954 5604; x_wconf 87' lang='lat' dir='ltr'><strong>servi-</strong></span> 
     </span>
    </p>
   </div>
   <div class='ocr_carea' id='block_1_106' title="bbox 2060 4649 3709 4726">
    <p class='ocr_par' dir='ltr' id='par_1_106' title="bbox 2060 4649 3709 4726">
     <span class='ocr_line' id='line_1_106' title="bbox 2060 4649 3709 4726; baseline -0.005 -16"><span class='ocrx_word' id='word_1_765' title='bbox 2060 4660 2185 4710; x_wconf 82' lang='lat' dir='ltr'><strong>tum</strong></span> <span class='ocrx_word' id='word_1_766' title='bbox 2213 4654 2444 4711; x_wconf 70' lang='lat' dir='ltr'><strong>dimisit</strong></span> <span class='ocrx_word' id='word_1_767' title='bbox 2473 4652 2788 4711; x_wconf 84' lang='lat' dir='ltr'><strong>illi.Porro</strong></span> <span class='ocrx_word' id='word_1_768' title='bbox 2820 4655 3089 4726; x_wconf 88' lang='lat' dir='ltr'><strong>peccator</strong></span> <span class='ocrx_word' id='word_1_769' title='bbox 3112 4649 3444 4723; x_wconf 87' lang='lat' dir='ltr'><strong>intelligens</strong></span> <span class='ocrx_word' id='word_1_770' title='bbox 3458 4662 3709 4721; x_wconf 78' lang='lat' dir='ltr'><strong>propee-</strong></span> 
     </span>
    </p>
   </div>
   <div class='ocr_carea' id='block_1_107' title="bbox 2061 4735 3712 4815">
    <p class='ocr_par' dir='ltr' id='par_1_107' title="bbox 2061 4735 3712 4815">
     <span class='ocr_line' id='line_1_107' title="bbox 2061 4735 3712 4815; baseline -0.006 -15"><span class='ocrx_word' id='word_1_771' title='bbox 2061 4744 2206 4800; x_wconf 89' lang='lat' dir='ltr'><strong>catis</strong></span> <span class='ocrx_word' id='word_1_772' title='bbox 2232 4742 2567 4800; x_wconf 90' lang='lat' dir='ltr'><strong>commissis</strong></span> <span class='ocrx_word' id='word_1_773' title='bbox 2598 4741 2711 4799; x_wconf 90' lang='lat' dir='ltr'><strong>sibi</strong></span> <span class='ocrx_word' id='word_1_774' title='bbox 2744 4741 3074 4815; x_wconf 89' lang='lat' dir='ltr'><strong>gehennam</strong></span> <span class='ocrx_word' id='word_1_775' title='bbox 3114 4738 3333 4814; x_wconf 89' lang='lat' dir='ltr'><strong>parari,</strong></span> <span class='ocrx_word' id='word_1_776' title='bbox 3363 4735 3617 4811; x_wconf 82' lang='lat' dir='ltr'><strong>procidit</strong></span> <span class='ocrx_word' id='word_1_777' title='bbox 3654 4738 3712 4791; x_wconf 87' lang='lat' dir='ltr'><strong>et</strong></span> 
     </span>
    </p>
   </div>
   <div class='ocr_carea' id='block_1_108' title="bbox 2060 4826 3714 4907">
    <p class='ocr_par' dir='ltr' id='par_1_108' title="bbox 2060 4826 3714 4907">
     <span class='ocr_line' id='line_1_108' title="bbox 2060 4826 3714 4907; baseline -0.006 -17"><span class='ocrx_word' id='word_1_778' title='bbox 2060 4836 2228 4907; x_wconf 84' lang='lat' dir='ltr'><strong>rogat</strong></span> <span class='ocrx_word' id='word_1_779' title='bbox 2255 4832 2594 4899; x_wconf 90' lang='lat' dir='ltr'><strong>Dominum,</strong></span> <span class='ocrx_word' id='word_1_780' title='bbox 2618 4834 2685 4887; x_wconf 89' lang='lat' dir='ltr'><strong>ut</strong></span> <span class='ocrx_word' id='word_1_781' title='bbox 2715 4831 3062 4904; x_wconf 86' lang='lat' dir='ltr'><strong>patientiam</strong></span> <span class='ocrx_word' id='word_1_782' title='bbox 3101 4829 3159 4885; x_wconf 92' lang='lat' dir='ltr'><strong>in</strong></span> <span class='ocrx_word' id='word_1_783' title='bbox 3206 4845 3342 4885; x_wconf 92' lang='lat' dir='ltr'><strong>eum</strong></span> <span class='ocrx_word' id='word_1_784' title='bbox 3389 4826 3624 4893; x_wconf 85' lang='lat' dir='ltr'><strong>habeat,</strong></span> <span class='ocrx_word' id='word_1_785' title='bbox 3655 4827 3714 4881; x_wconf 80' lang='lat' dir='ltr'><strong>et</strong></span> 
     </span>
    </p>
   </div>
   <div class='ocr_carea' id='block_1_109' title="bbox 2062 4921 3715 4993">
    <p class='ocr_par' dir='ltr' id='par_1_109' title="bbox 2062 4921 3715 4993">
     <span class='ocr_line' id='line_1_109' title="bbox 2062 4921 3715 4993; baseline -0.005 -15"><span class='ocrx_word' id='word_1_786' title='bbox 2062 4923 2261 4979; x_wconf 89' lang='lat' dir='ltr'><strong>omnia</strong></span> <span class='ocrx_word' id='word_1_787' title='bbox 2289 4921 2482 4978; x_wconf 90' lang='lat' dir='ltr'><strong>reddit</strong></span> <span class='ocrx_word' id='word_1_788' title='bbox 2508 4921 2559 4977; x_wconf 89' lang='lat' dir='ltr'><strong>ei</strong></span> <span class='ocrx_word' id='word_1_789' title='bbox 2592 4922 2827 4993; x_wconf 90' lang='lat' dir='ltr'><strong>quando</strong></span> <span class='ocrx_word' id='word_1_790' title='bbox 2874 4923 3181 4993; x_wconf 86' lang='lat' dir='ltr'><strong>peccatum</strong></span> <span class='ocrx_word' id='word_1_791' title='bbox 3228 4932 3403 4975; x_wconf 90' lang='lat' dir='ltr'><strong>suum</strong></span> <span class='ocrx_word' id='word_1_792' title='bbox 3435 4930 3715 4988; x_wconf 86' lang='lat' dir='ltr'><strong>recogno-</strong></span> 
     </span>
    </p>
   </div>
   <div class='ocr_carea' id='block_1_110' title="bbox 2064 5003 3715 5082">
    <p class='ocr_par' dir='ltr' id='par_1_110' title="bbox 2064 5003 3715 5082">
     <span class='ocr_line' id='line_1_110' title="bbox 2064 5003 3715 5082; baseline -0.004 -14"><span class='ocrx_word' id='word_1_793' title='bbox 2064 5027 2233 5069; x_wconf 89' lang='lat' dir='ltr'><strong>scens</strong></span> <span class='ocrx_word' id='word_1_794' title='bbox 2265 5027 2328 5066; x_wconf 90' lang='lat' dir='ltr'><strong>se</strong></span> <span class='ocrx_word' id='word_1_795' title='bbox 2358 5007 2660 5078; x_wconf 89' lang='lat' dir='ltr'><strong>humiliat,</strong></span> <span class='ocrx_word' id='word_1_796' title='bbox 2693 5013 2750 5066; x_wconf 91' lang='lat' dir='ltr'><strong>et</strong></span> <span class='ocrx_word' id='word_1_797' title='bbox 2777 5007 3036 5082; x_wconf 89' lang='lat' dir='ltr'><strong>spatium</strong></span> <span class='ocrx_word' id='word_1_798' title='bbox 3058 5006 3408 5081; x_wconf 62' lang='lat' dir='ltr'><strong>poenitentiae</strong></span> <span class='ocrx_word' id='word_1_799' title='bbox 3434 5004 3549 5061; x_wconf 89' lang='lat' dir='ltr'><strong>sibi</strong></span> <span class='ocrx_word' id='word_1_800' title='bbox 3589 5003 3715 5061; x_wconf 82' lang='lat' dir='ltr'><strong>dari</strong></span> 
     </span>
    </p>
   </div>
   <div class='ocr_carea' id='block_1_111' title="bbox 2060 5092 3711 5174">
    <p class='ocr_par' dir='ltr' id='par_1_111' title="bbox 2060 5092 3711 5174">
     <span class='ocr_line' id='line_1_111' title="bbox 2060 5092 3711 5174; baseline -0.005 -17"><span class='ocrx_word' id='word_1_801' title='bbox 2060 5099 2342 5174; x_wconf 88' lang='lat' dir='ltr'><strong>postulat,</strong></span> <span class='ocrx_word' id='word_1_802' title='bbox 2375 5102 2432 5155; x_wconf 91' lang='lat' dir='ltr'><strong>et</strong></span> <span class='ocrx_word' id='word_1_803' title='bbox 2452 5097 2686 5171; x_wconf 84' lang='lat' dir='ltr'><strong>plenam</strong></span> <span class='ocrx_word' id='word_1_804' title='bbox 2715 5098 3007 5173; x_wconf 87' lang='lat' dir='ltr'><strong>promittit</strong></span> <span class='ocrx_word' id='word_1_805' title='bbox 3028 5096 3513 5154; x_wconf 87' lang='lat' dir='ltr'><strong>satisfactionem.</strong></span> <span class='ocrx_word' id='word_1_806' title='bbox 3547 5092 3711 5159; x_wconf 86' lang='lat' dir='ltr'><strong>Quod</strong></span> 
     </span>
    </p>
   </div>
   <div class='ocr_carea' id='block_1_112' title="bbox 2061 5183 3717 5259">
    <p class='ocr_par' dir='ltr' id='par_1_112' title="bbox 2061 5183 3717 5259">
     <span class='ocr_line' id='line_1_112' title="bbox 2061 5183 3717 5259; baseline -0.004 -14"><span class='ocrx_word' id='word_1_807' title='bbox 2061 5189 2111 5246; x_wconf 91' lang='lat' dir='ltr'><strong>si</strong></span> <span class='ocrx_word' id='word_1_808' title='bbox 2142 5187 2315 5245; x_wconf 86' lang='lat' dir='ltr'><strong>fuerit</strong></span> <span class='ocrx_word' id='word_1_809' title='bbox 2336 5204 2471 5244; x_wconf 91' lang='lat' dir='ltr'><strong>vera</strong></span> <span class='ocrx_word' id='word_1_810' title='bbox 2500 5187 2825 5257; x_wconf 89' lang='lat' dir='ltr'><strong>humilitas,</strong></span> <span class='ocrx_word' id='word_1_811' title='bbox 2858 5192 2917 5244; x_wconf 92' lang='lat' dir='ltr'><strong>et</strong></span> <span class='ocrx_word' id='word_1_812' title='bbox 2946 5204 3083 5244; x_wconf 87' lang='lat' dir='ltr'><strong>vera</strong></span> <span class='ocrx_word' id='word_1_813' title='bbox 3130 5184 3525 5259; x_wconf 86' lang='lat' dir='ltr'><strong>compunetio,</strong></span> <span class='ocrx_word' id='word_1_814' title='bbox 3560 5183 3717 5239; x_wconf 86' lang='lat' dir='ltr'><strong>Deus</strong></span> 
     </span>
    </p>
   </div>
   <div class='ocr_carea' id='block_1_113' title="bbox 2062 5272 3717 5348">
    <p class='ocr_par' dir='ltr' id='par_1_113' title="bbox 2062 5272 3717 5348">
     <span class='ocr_line' id='line_1_113' title="bbox 2062 5272 3717 5348; baseline -0.005 -13"><span class='ocrx_word' id='word_1_815' title='bbox 2062 5278 2305 5335; x_wconf 88' lang='lat' dir='ltr'><strong>dimittit</strong></span> <span class='ocrx_word' id='word_1_816' title='bbox 2333 5280 2572 5343; x_wconf 90' lang='lat' dir='ltr'><strong>eum,nt</strong></span> <span class='ocrx_word' id='word_1_817' title='bbox 2598 5276 2658 5332; x_wconf 94' lang='lat' dir='ltr'><strong>in</strong></span> <span class='ocrx_word' id='word_1_818' title='bbox 2686 5277 2901 5334; x_wconf 90' lang='lat' dir='ltr'><strong>melius</strong></span> <span class='ocrx_word' id='word_1_819' title='bbox 2929 5276 3105 5344; x_wconf 89' lang='lat' dir='ltr'><strong>vivat,</strong></span> <span class='ocrx_word' id='word_1_820' title='bbox 3123 5279 3181 5332; x_wconf 91' lang='lat' dir='ltr'><strong>et</strong></span> <span class='ocrx_word' id='word_1_821' title='bbox 3201 5279 3441 5348; x_wconf 87' lang='lat' dir='ltr'><strong>peccata</strong></span> <span class='ocrx_word' id='word_1_822' title='bbox 3454 5272 3717 5346; x_wconf 82' lang='lat' dir='ltr'><strong>indulget</strong></span> 
     </span>
    </p>
   </div>
   <div class='ocr_carea' id='block_1_114' title="bbox 2062 5363 3715 5440">
    <p class='ocr_par' dir='ltr' id='par_1_114' title="bbox 2062 5363 3715 5440">
     <span class='ocr_line' id='line_1_114' title="bbox 2062 5363 3715 5440; baseline -0.003 -17"><span class='ocrx_word' id='word_1_823' title='bbox 2062 5366 2134 5434; x_wconf 93' lang='lat' dir='ltr'><strong>ei,</strong></span> <span class='ocrx_word' id='word_1_824' title='bbox 2159 5368 2330 5439; x_wconf 86' lang='lat' dir='ltr'><strong>juxta</strong></span> <span class='ocrx_word' id='word_1_825' title='bbox 2375 5365 2533 5437; x_wconf 91' lang='lat' dir='ltr'><strong>quod</strong></span> <span class='ocrx_word' id='word_1_826' title='bbox 2578 5366 2707 5440; x_wconf 90' lang='lat' dir='ltr'><strong>ipse</strong></span> <span class='ocrx_word' id='word_1_827' title='bbox 2754 5383 2857 5439; x_wconf 90' lang='lat' dir='ltr'><strong>per</strong></span> <span class='ocrx_word' id='word_1_828' title='bbox 2905 5365 3255 5439; x_wconf 86' lang='lat' dir='ltr'><strong>prophetam</strong></span> <span class='ocrx_word' id='word_1_829' title='bbox 3287 5363 3413 5419; x_wconf 91' lang='lat' dir='ltr'><strong>ait:</strong></span> <span class='ocrx_word' id='word_1_830' title='bbox 3448 5363 3583 5419; x_wconf 80' lang='lat' dir='ltr'><strong>Nolo</strong></span> <span class='ocrx_word' id='word_1_831' title='bbox 3622 5378 3715 5433; x_wconf 77' lang='lat' dir='ltr'><strong>ego</strong></span> 
     </span>
    </p>
   </div>
   <div class='ocr_carea' id='block_1_115' title="bbox 2060 5454 3719 5529">
    <p class='ocr_par' dir='ltr' id='par_1_115' title="bbox 2060 5454 3719 5529">
     <span class='ocr_line' id='line_1_115' title="bbox 2060 5454 3719 5529; baseline -0.003 -17"><span class='ocrx_word' id='word_1_832' title='bbox 2060 5463 2287 5513; x_wconf 80' lang='lat' dir='ltr'><strong>mortem</strong></span> <span class='ocrx_word' id='word_1_833' title='bbox 2310 5456 2627 5528; x_wconf 75' lang='lat' dir='ltr'><strong>peccatoris,</strong></span> <span class='ocrx_word' id='word_1_834' title='bbox 2657 5455 2751 5512; x_wconf 83' lang='lat' dir='ltr'><strong>sed</strong></span> <span class='ocrx_word' id='word_1_835' title='bbox 2796 5464 2859 5512; x_wconf 82' lang='lat' dir='ltr'><strong>ut</strong></span> <span class='ocrx_word' id='word_1_836' title='bbox 2901 5456 3082 5529; x_wconf 85' lang='lat' dir='ltr'><strong>magis</strong></span> <span class='ocrx_word' id='word_1_837' title='bbox 3108 5461 3461 5512; x_wconf 78' lang='lat' dir='ltr'><strong>convertatur</strong></span> <span class='ocrx_word' id='word_1_838' title='bbox 3495 5459 3549 5509; x_wconf 72' lang='lat' dir='ltr'><strong>et</strong></span> <span class='ocrx_word' id='word_1_839' title='bbox 3572 5454 3719 5507; x_wconf 70' lang='lat' dir='ltr'><strong>visat</strong></span> 
     </span>
    </p>
   </div>
   <div class='ocr_carea' id='block_1_116' title="bbox 2062 5542 3715 5620">
    <p class='ocr_par' dir='ltr' id='par_1_116' title="bbox 2062 5542 3715 5620">
     <span class='ocr_line' id='line_1_116' title="bbox 2062 5542 3715 5620; baseline -0.003 -18"><span class='ocrx_word' id='word_1_840' title='bbox 2062 5545 2488 5620; x_wconf 66' lang='lat' dir='ltr'><strong>(Ezech.xv1n).</strong></span> <span class='ocrx_word' id='word_1_841' title='bbox 2538 5543 2679 5609; x_wconf 90' lang='lat' dir='ltr'><strong>Quis</strong></span> <span class='ocrx_word' id='word_1_842' title='bbox 2729 5544 2983 5603; x_wconf 75' lang='lat' dir='ltr'><strong>sufficiat</strong></span> <span class='ocrx_word' id='word_1_843' title='bbox 3027 5559 3275 5618; x_wconf 86' lang='lat' dir='ltr'><strong>pensare</strong></span> <span class='ocrx_word' id='word_1_844' title='bbox 3318 5543 3531 5600; x_wconf 81' lang='lat' dir='ltr'><strong>fratres</strong></span> <span class='ocrx_word' id='word_1_845' title='bbox 3579 5542 3715 5608; x_wconf 88' lang='lat' dir='ltr'><strong>mei,</strong></span> 
     </span>
    </p>
   </div>
  </div>
