3988 6072
118 277 240 338 205

1169 275 1426 339 VETUS
1471 275 1762 336 AGANO.
1799 308 1876 316 —
1904 275 2052 337 LIB.
2098 276 2146 334 Ι.
2192 275 2531 337 AGANUS.

3429 281 3547 340 206

121 411 338 464 nostro
373 407 637 464 dominio
669 409 728 462 in
759 424 961 464 eorum
993 407 1274 464 ditionem
1296 407 1790 479 transfundimus,
1819 409 1875 475 Α
1905 425 2083 463 manu
2115 409 2352 481 propria
2379 426 2508 465 eam
2558 410 3094 467 subterﬁmavimus
3143 415 3200 466 et
3244 414 3547 468 venerabi~

119 497 346 553 usibus
379 497 621 552 illorum
654 496 1052 570 stipendiariis
1074 497 1430 571 delegantes,
1483 502 1540 553 et
1587 514 1789 569 perpe-

121 585 381 641 tualiter
407 585 529 641 illis
547 585 881 642 habendam
905 586 1603 642 decernent-esDonamus
1616 587 1790 641 etiam

121 675 296 743 illiis,
335 676 414 730 ad
448 676 684 732 eosdem
719 692 883 743 usus,
916 675 975 729 in
1009 674 1136 748 ipso
1167 692 1314 748 pago
1335 676 1655 747 eademque
1685 693 1793 748 pa-

125 764 364 832 rochia,
401 764 728 821 mcclesiam
757 763 905 820 villae
936 781 1063 836 quae
1095 764 1310 819 dicitur
1345 764 1529 820 Ursus
1560 763 1794 819 Villaris

123 871 261 910 cum
296 853 558 910 decimis
587 857 645 909 et
674 852 884 910 ceteris
912 852 1360 908 redibitionibus
1391 853 1614 909 suis.In
1646 869 1793 925 pago

124 960 372 1016 quoque
402 942 752 999 Carnotensi
785 941 1159 998 concedimus
1188 941 1461 998 eisaliam
1474 941 1794 997 aecclesiam

125 1033 180 1087 in
215 1031 355 1087 loco
390 1032 498 1104 qui
528 1035 769 1088 vocatur
795 1031 1039 1087 Ymonis
1069 1030 1220 1086 Villa
1247 1047 1380 1086 cum
1412 1035 1540 1086 octo
1572 1031 1798 1086 mansis

127 1121 194 1176 de
225 1126 421 1176 terra.
449 1121 596 1177 Item
627 1121 684 1176 in
717 1121 921 1176 eodem
953 1135 1124 1193 pago,
1148 1119 1207 1174 in
1239 1119 1460 1176 Bedasi.
1477 1119 1648 1188 Villa,
1668 1119 1796 1175 red-

128 1211 334 1266 dimus
353 1210 448 1266 eis
479 1210 723 1265 terciam
754 1209 1076 1266 aecclesiam
1109 1226 1285 1282 quam
1299 1209 1573 1282 praefatus
1589 1208 1798 1264 Alveus

127 1299 320 1372 ipsius
365 1298 717 1355 monasterii
749 1302 926 1366 tenet,
959 1315 1025 1354 eo
1056 1303 1225 1370 pacto
1258 1314 1372 1370 quo
1421 1296 1682 1370 quandiu
1713 1297 1799 1351 vi-

127 1388 276 1444 xerit
303 1405 448 1444 eam
477 1392 836 1460 teneat,post
865 1387 1089 1443 obitum
1123 1404 1356 1460 quoque
1377 1387 1536 1442 illius
1561 1386 1620 1441 in
1653 1403 1797 1442 usus

129 1477 372 1533 illorum
408 1476 542 1534 sine
569 1476 1032 1533 contradictione
1065 1476 1314 1548 alicujus
1358 1475 1797 1532 calumniatoris

93 1629 98 1632 _
129 1567 214 1622 vel
247 1566 646 1639 refragatoris
675 1567 892 1622 redeat.
929 1568 991 1621 In
1023 1565 1308 1622 Ginnonis
1349 1582 1582 1638 quoque
1622 1564 1795 1632 Villa,

131 1657 188 1711 in
223 1657 436 1712 eodem
473 1672 627 1728 pago
665 1654 933 1712 videlicet
980 1654 1344 1725 Carnotensi,
1375 1655 1664 1711 donamus
1709 1654 1796 1710 eis

129 1747 278 1802 duos
309 1761 566 1800 mansos
609 1745 680 1800 de
728 1747 903 1844 terra.
949 1744 1230 1800 Praeterea
1271 1745 1343 1800 ad
1396 1744 1790 1843 peragendum
1826 1781 1873 1845 B

127 1835 308 1906 hujus
371 1833 568 1889 nostri
601 1832 876 1888 desiderii
911 1833 1235 1906 negotium,
1269 1833 1585 1904 perducere
1632 1832 1796 1904 cupi-

129 1941 261 1980 mus
311 1923 568 1978 omnino
617 1921 677 1976 in
729 1922 1071 1978 memoriam
1117 1928 1173 1978 et
1223 1921 1498 1977 noticiam
1531 1921 1797 1976 omnium

130 2028 560 2069 successorum
594 2016 926 2066 nostrorum
942 2009 1648 2082 reliquorumqueChristi
1665 2010 1800 2065 fide-

127 2101 473 2174 lium,quod
509 2104 727 2156 terram
739 2101 936 2172 quand
962 2118 1036 2155 :m
1057 2117 1234 2172 quam
1257 2101 1458 2156 crebro
1476 2099 1615 2154 dicti
1632 2116 1800 2154 cano-

129 2192 243 2246 nici
277 2191 399 2246 sibi
438 2188 867 2256 reclamabant,
895 2193 1222 2245 asserentes
1251 2205 1380 2244 eam
1412 2205 1447 2243 a
1475 2188 1599 2244 suis
1631 2193 1795 2243 ante-

127 2281 500 2346 cessoribus,
543 2278 756 2351 priscis
803 2277 1166 2351 temporibus
1211 2277 1392 2334 fuisse
1439 2293 1793 2350 possessam,

129 2375 335 2442 postea
368 2385 613 2441 qusque
641 2366 796 2423 malo
826 2368 1029 2424 ordine
1058 2367 1170 2423 sibi
1190 2367 1794 2432 subtractam,eisdem

129 2456 762 2528 reddimus,quatinus
792 2456 872 2512 ita
900 2456 1062 2512 iliam
1085 2457 1249 2528 juste
1269 2461 1325 2512 et
1354 2455 1601 2528 pleniter
1617 2454 1799 2526 possi-

129 2549 330 2616 deant,
365 2546 556 2602 veluti
587 2545 822 2601 illorum
857 2546 1314 2617 praedecessores
1361 2561 1490 2600 eam
1535 2544 1796 2600 tenuisse

130 2637 470 2693 multorum
503 2634 859 2691 testimoniis
890 2634 1320 2706 comprobatur.
1354 2634 1488 2707 Ipsa
1516 2651 1648 2689 vero
1679 2637 1793 2688 ter-

129 2744 192 2782 ra
218 2727 506 2798 conjacet
535 2723 690 2779 infra
719 2739 921 2778 muros
949 2723 1215 2779 Carnotis
1255 2727 1468 2778 nostra:
1519 2722 1794 2787 civitatis,

122 2817 292 2886 juxta
321 2819 563 2887 portam
595 2812 952 2880 Cinerosam,
985 2812 1294 2868 terminata
1345 2828 1462 2867 uno
1503 2811 1680 2866 latere
1707 2809 1796 2865 vel

131 2905 324 2960 fronte
355 2903 454 2958 via
487 2901 726 2974 publica
755 2919 882 2973 quae
912 2900 1074 2957 ducit
1102 2901 1174 2957 ad
1204 2918 1384 2973 supra
1415 2901 1630 2956 dictam
1663 2917 1796 2971 por-

132 2991 500 3061 tam;altero
528 3007 664 3046 vero
695 2989 873 3046 latere
903 2989 1082 3046 haeret
1110 3007 1278 3045 muro
1309 2989 1586 3057 civitatis;
1611 2989 1799 3044 fronte

132 3097 266 3138 vero
299 3079 576 3137 secunda
602 3079 954 3135 terminatur
983 3083 1140 3135 terra
1181 3083 1394 3134 sanctaa
1443 3077 1797 3133 Pictavensis

1899 497 2042 552 lium
2075 497 2481 570 episcoporum
2513 500 2805 567 manibus,
2827 505 3266 572 ceterorumque
3283 502 3544 557 ﬁdelium

1902 587 2178 642 manibus
2209 586 2551 643 clericorum
2584 589 2972 644 roborandam
3014 589 3389 646 tradidimus.
3423 592 3546 646 Hil-

1902 676 2208 745 demanus,
2251 676 2723 749 archiepiscopus
2772 679 3138 734 Senonensis.
3192 679 3428 752 Joseph,
3465 697 3547 735 ar-

1903 763 2311 836 chiepiscopus
2361 767 2751 822 Turonorum.
2797 767 3193 833 Constantius,
3240 769 3550 841 episcopus

1905 853 2280 909 Parisiorum.
2335 856 2755 927 Ragenl‘redus,
2808 855 3114 928 episcopus
3164 858 3548 913 Carnotorum

1904 944 2036 1014 (70).
2075 964 2102 992 )›

1977 1033 2216 1088 Terram
2249 1033 2500 1105 denique
2532 1050 2658 1104 quae
2689 1033 2746 1088 in
2781 1035 3024 1090 Ymonis
3053 1035 3204 1090 Villa
3251 1053 3284 1090 a
3315 1037 3551 1108 praefato

1907 1120 2178 1194 episcopo
2212 1123 2346 1177 data
2376 1139 2440 1177 ac
2473 1123 2701 1178 reddita
2731 1123 2860 1190 fuit,
2885 1123 3036 1179 sicut
3067 1124 3339 1196 superius
3369 1125 3556 1196 praeli-

1907 1209 2194 1278 bavimus,
2231 1228 2345 1266 non
2400 1211 2648 1283 pleniter
2691 1213 3082 1284 possidemus,
3116 1230 3304 1285 neque
3335 1217 3552 1269 terram

1909 1298 2160 1354 civitatis
2191 1299 2250 1353 in
2279 1316 2396 1370 qua
2426 1300 2606 1356 turris
2635 1305 2692 1356 et
2721 1306 2920 1356 cetera:
2953 1302 3103 1357 aedes
3149 1302 3382 1357 comitis
3413 1307 3555 1357 sunt

1907 1392 2273 1456 constructa};
2302 1406 2405 1460 pro
2439 1407 2556 1461 qua
2584 1406 2798 1457 comes,
2832 1389 3012 1446 turris
3044 1394 3428 1461 constructor,
3462 1391 3556 1447 de-

1907 1476 1993 1531 dit
2023 1477 2326 1533 monachis
2358 1477 2416 1532 in
2451 1495 2654 1550 campo
2688 1478 2856 1533 Fabri
2897 1496 3082 1534 unum
3128 1480 3390 1535 modium
3434 1479 3554 1535 vini

1908 1565 2160 1638 singulis
2190 1566 2359 1622 annis
2390 1566 2449 1622 in
2481 1584 2743 1623 censum.
2774 1569 2885 1624 Sed
2917 1568 3145 1624 vineam
3187 1569 3554 1641 possidentes

1904 1672 2008 1726 per
2027 1654 2398 1711 insolentiam
2433 1657 2491 1710 in
2524 1657 2716 1712 dando
2739 1657 3101 1729 negligentes
3127 1657 3553 1726 existunt,dum

1905 1761 2021 1799 non
2055 1743 2132 1800 sit
2153 1746 2335 1816 judex
2365 1745 2464 1816 qui
2514 1749 2769 1800 sectetur
2808 1745 3112 1816 justiciam
3163 1763 3228 1801 ac
3274 1746 3554 1818 reprimat

1907 1839 2324 1904 usurpatorum
2356 1833 2980 1906 violatiam(7l)neque
3013 1835 3236 1890 habens
3266 1835 3556 1906 aequitatis

1909 1922 2142 1987 libram,
2178 1921 2495 1978 ulciscatur
2523 1927 2734 1978 sanctae
2767 1923 3035 1978 Ecclesiae
3081 1923 3400 1994 injuriam;
3435 1923 3556 1996 epi-

1907 2011 2067 2082 scopi
2119 2011 2274 2067 enim
2326 2012 2560 2066 desidia:
2621 2028 2824 2067 somno
2885 2013 3216 2083 SOpiuntur,
3270 2013 3555 2085 superbiae

1904 2100 2061 2155 visco
2094 2100 2332 2167 tumidi,
2363 2099 2727 2155 adulantium
2759 2105 2926 2156 vento
2970 2102 3040 2156 de
3071 2101 3438 2156 rectitudinis
3464 2102 3560 2157 via

1906 2189 2436 2259 exorbitati,instar
2463 2190 2954 2245 mercenariorum
2973 2195 3329 2254 ,sanctarum
3361 2191 3559 2245 edium

1905 2278 2257 2333 detrimenta
2285 2277 2694 2350 villipondunt,
2727 2283 2805 2346 et,
2839 2283 2904 2332 ut
2933 2279 3014 2333 ait
3044 2296 3197 2351 papa
3218 2279 3554 2352 Gregorius,

1906 2389 1933 2417 «
1969 2367 2200 2438 Lupum
2230 2367 2556 2422 venientem
2589 2367 2823 2440 fugiunt
2867 2384 2981 2422 non
3019 2368 3302 2423 mutando
3342 2367 3558 2439 locum,

1829 2529 1834 2533 '
1905 2478 1933 2506 κ
1969 2459 2057 2511 set
2088 2456 2485 2512 subtrahendo
2517 2456 2814 2523 solatium,
2847 2457 2917 2511 de
2948 2457 3164 2529 quibus
3201 2457 3418 2512 dicitur
3455 2475 3560 2531 per

1911 2567 1934 2596 ι
1966 2544 2308 2616 prophetam
2346 2561 2357 2600 :
2395 2545 2460 2600 Ve
2483 2547 2795 2617 pastoribus
2841 2547 3032 2614 Israel,
3066 2562 3162 2617 qut
3209 2562 3279 2602 ea:
3329 2546 3553 2604 adverso

1907 2657 1935 2684 κ
1966 2641 2112 2689 stare
2139 2635 2452 2702 noluerunt,
2489 2651 2660 2706 neque
2696 2651 2754 2690 se
2798 2636 3046 2706 obposuci
3063 2643 3162 2690 unt
3211 2652 3430 2690 murum
3454 2653 3556 2708 pro

1913 2742 1936 2770 α
1967 2723 2122 2778 domo
2151 2724 2387 2779 Domini.
2425 2745 2453 2773 η
2490 2723 2592 2779 His
2617 2728 2674 2778 et
2703 2723 2832 2778 aliis
2873 2725 3044 2779 modo
3096 2728 3298 2779 sancta
3345 2724 3557 2781 Eccle-

1907 2810 1994 2866 sia
2023 2811 2228 2866 diatim
2255 2812 2755 2880 decrescens,suis
2785 2811 3058 2867 viduatur
3087 2812 3427 2884 honoribus,
3452 2830 3556 2870 nec

1909 2904 1998 2956 est
2047 2917 2162 2967 rex,
2198 2917 2386 2972 neque
2437 2901 2709 2973 princeps
2759 2901 2860 2972 qui
2908 2901 2960 2956 ei
3007 2900 3311 2956 condoleat
3338 2901 3426 2957 vel
3459 2901 3558 2974 qui

1907 2989 2035 3060 ejus
2065 2988 2424 3062 singultibus
2454 2989 2893 3045 sivecotidianis
2911 2989 3146 3044 ﬂetibus
3168 2990 3376 3061 quovis
3393 2990 3558 3045 auxi-

1907 3077 1984 3133 lio
2016 3077 2304 3149 respirare
2334 3079 2630 3133 concedat.
2667 3081 2852 3143 Quare
2886 3077 3166 3148 flagiciosi
3197 3077 3558 3149 quique,im-

135 3168 581 3227 ecclesiamﬂaac
611 3171 806 3224 autem
837 3167 1037 3223 omnia
1063 3167 1511 3240 praelibata,tam
1542 3167 1599 3220 in
1631 3165 1802 3222 terris
1831 3151 1874 3218 C
1911 3166 2176 3238 punitate
2210 3165 2362 3234 freti,
2386 3166 2488 3221 Dei
2519 3164 2844 3221 cultoribus
2875 3166 3220 3236 invidentes,
3253 3167 3323 3222 de
3352 3183 3555 3222 eorum

135 3277 322 3332 quam
358 3259 418 3313 in
453 3256 977 3329 supramemoratis
1006 3255 1284 3312 aecclesiis
1305 3272 1622 3327 earumque
1654 3253 1800 3310 deci-

135 3349 250 3405 mis
283 3347 547 3418 aliisque
580 3345 886 3413 reditibus,
922 3361 1057 3417 sepe
1089 3345 1190 3400 fati
1231 3345 1569 3401 monasterii
1602 3344 1799 3399 fratri-

131 3438 246 3494 bus
277 3438 582 3492 donamus
613 3439 672 3490 et
701 3433 1024 3501 reddimus,
1059 3451 1124 3490 eo
1153 3439 1322 3506 pacto
1363 3439 1429 3489 ut
1458 3433 1529 3488 ab
1560 3432 1802 3488 odierna

133 3527 224 3582 die
251 3530 316 3582 et
342 3525 406 3580 in
440 3523 686 3579 relicum
717 3522 947 3578 nullum
977 3523 1238 3578 debitum
1260 3521 1348 3578 vel
1368 3521 1672 3578 servitium
1696 3521 1801 3576 cir-

131 3616 324 3680 cadis,
355 3612 622 3686 synodis,
656 3611 930 3668 censibus
956 3615 1014 3668 et
1041 3611 1200 3666 omni
1241 3627 1452 3683 genere
1496 3609 1799 3666 redibitio-

132 3721 280 3760 num
311 3703 460 3757 inde
490 3700 1059 3774 exigatur,nullaque
1093 3700 1359 3772 repetitio
1382 3700 1455 3755 ab
1473 3699 1591 3754 ullo
1609 3715 1803 3754 succe-

131 3791 411 3848 dentium
445 3790 550 3845 ﬁat
579 3789 724 3862 ipsis
755 3788 1072 3856 canonicis,
1107 3789 1307 3844 devote
1351 3790 1535 3844 nostri
1567 3805 1632 3843 ac
1663 3803 1800 3843 suc-

133 3897 450 3937 cessorum
491 3883 758 3934 nostrum
805 3879 866 3934 in
911 3877 1178 3950 psalmis,
1210 3876 1406 3950 ymnis
1452 3881 1509 3932 et
1557 3876 1802 3932 canticis

133 3967 518 4043 Spiritalibus
556 3967 900 4023 memoriam
922 3967 1254 4039 agentibus,
1290 3971 1346 4021 et
1372 3965 1585 4021 divinis
1610 3964 1800 4020 laudi-

133 4059 245 4114 bus
258 4057 516 4113 liberius
529 4054 1265 4112 desudantibus.Utautem
1277 4055 1457 4126 hujus
1471 4053 1606 4110 facti
1619 4053 1801 4109 nostri

134 4145 468 4202 auctoritas
498 4162 531 4200 a
555 4145 771 4201 nostris
801 4144 1240 4200 successoribus
1269 4143 1515 4216 aliisque
1538 4143 1803 4216 personis

139 4236 394 4290 minime
424 4233 696 4299 violetur,
715 4231 1070 4290 omnimodis
1099 4231 1528 4298 interdicimus,
1561 4236 1619 4287 et
1647 4232 1800 4304 quod

138 4341 171 4379 a
201 4323 382 4380 nobis
415 4323 816 4379 coadunatum
836 4322 1039 4378 datum
1057 4338 1288 4394 quoque
1312 4338 1379 4378 ac
1407 4320 1702 4376 redditum
1715 4324 1804 4376 est

136 4430 252 4485 quo
285 4411 636 4468 nullomodo
668 4410 999 4480 dirimatur,
1020 4410 1105 4467 eis
1135 4409 1524 4466 anathematis
1557 4426 1801 4482 repagu-

135 4501 260 4558 lum
291 4501 594 4574 obponere
623 4499 969 4573 satagimus.
1002 4499 1062 4556 Si
1094 4499 1226 4573 quis
1269 4517 1404 4570 ergo
1456 4497 1802 4555 temerarius

139 4596 347 4663 raptor
374 4595 435 4646 et
477 4588 1022 4645 ecclesiasticarum
1073 4587 1444 4646 sanctionum
1497 4587 1801 4660 improbus

139 4679 389 4735 violator
439 4678 775 4734 donationis
819 4677 939 4734 sive
985 4677 1326 4734 redditionis
1369 4677 1550 4750 hujus
1580 4681 1802 4733 statuta

142 4767 573 4840 contempserit
601 4771 658 4822 et
687 4783 756 4822 ea
784 4766 1074 4822 adnullari
1108 4767 1275 4823 nisus
1289 4767 1640 4839 fuerit,quod
1663 4783 1800 4838 pra:-

145 4856 477 4928 sumpserit
514 4855 842 4912 evindicare
872 4873 987 4912 non
1017 4855 1231 4921 valeat,
1262 4855 1362 4911 sed
1393 4861 1608 4911 zs'terna
1636 4855 1800 4910 dam-

149 4947 594 5018 pnatione,cum
626 4944 854 5000 Datban
883 4949 940 5000 et
965 4944 1561 5016 Abiron,dampnatus
1583 4947 1802 5016 pereat,

151 5051 286 5089 cum
319 5031 559 5088 Diabolo
590 5050 824 5105 quoque
853 5037 910 5088 et
940 5033 1162 5105 angelis
1192 5035 1319 5105 ejus
1359 5032 1594 5088 ultrices
1625 5032 1802 5088 scele-

152 5140 282 5177 rum
317 5121 593 5177 ﬂammas
624 5121 751 5177 sine
799 5123 914 5178 ﬁne
945 5123 1252 5179 sustineat.
1285 5121 1571 5187 Quatinus
1611 5125 1804 5178 autem

149 5211 268 5268 haec
299 5210 523 5285 pagina
547 5209 849 5268 validioris
871 5211 1170 5268 ﬁrmitatis
1202 5211 1458 5267 anchora
1478 5211 1803 5280 roboretur,

221 5499 337 5568 (70)
368 5498 724 5572 confthanc
753 5498 1013 5562 chartam
1044 5518 1184 5560 cum
1223 5497 1338 5560 alia
1383 5499 1646 5572 ejusdem
1697 5500 1808 5561 Ra-

163 5571 447 5646 genl'redi,
478 5570 593 5630 col.
619 5573 744 5630 219.

1909 3255 2278 3310 detrimentis
2309 3255 2652 3326 temporalia
2681 3254 2793 3310 sibi
2825 3255 2988 3310 lucra
3018 3255 3560 3332 comparant,dolis-

1909 3359 2023 3415 que
2054 3343 2241 3399 colore
2272 3343 2550 3399 mendatii
2583 3343 2944 3416 compositis,
2977 3361 3178 3400 eorum
3210 3345 3363 3400 bona
3393 3362 3559 3400 usur-

1908 3433 2099 3504 pando
2130 3433 2404 3488 auferunt
2435 3437 2490 3488 et
2519 3449 2646 3504 quaa
2676 3438 2994 3504 nequeunt,
3026 3432 3354 3488 insaciabili
3385 3433 3560 3490 avidi-

1909 3526 2027 3576 tate
2057 3520 2744 3594 depopulando,vastant.
2777 3521 2994 3576 Verum
3028 3522 3165 3594 quia
3193 3521 3434 3595 longum
3466 3527 3558 3580 est

1909 3627 2296 3666 rememorare
2325 3611 2524 3666 omnia
2553 3610 2709 3665 mala
2739 3628 2886 3682 qum,
2921 3611 3138 3667 Satana
3186 3616 3554 3684 suggerente,

1910 3703 2110 3754 nostra
2139 3699 2400 3754 aacclesia
2431 3699 2766 3771 pertulit,de
2795 3699 2997 3754 multis
3028 3715 3320 3772 perpauca
3347 3701 3550 3755 subin-

1910 3787 2092 3842 feram
2121 3805 2134 3842 :
2169 3788 2324 3843 sicut
2370 3788 2440 3843 de
2488 3787 2732 3843 ecclesia
2781 3787 3016 3843 Baliolis
3049 3788 3192 3844 Vitae
3225 3806 3403 3860 quam
3437 3790 3556 3844 Ra-

1909 3875 2107 3931 dulfus
2139 3875 2446 3949 episc0pus
2478 3877 2549 3932 de
2578 3876 2838 3932 dominio
2860 3876 3283 3933 monachorum
3315 3878 3386 3933 ad
3420 3895 3559 3934 suos

1911 3982 2056 4020 usus
2087 3969 2433 4037 retorquens
2463 3982 2598 4020 cum
2629 3964 2759 4020 aliis
2813 3967 3006 4032 rebus,
3034 3966 3270 4022 beatum
3323 3967 3556 4022 Petrum

1911 4053 2242 4126 apostolum
2273 4053 2579 4126 vilipendit
2603 4055 2914 4110 offendere.
2945 4055 3272 4128 Agobertus
3303 4072 3558 4127 quoque,

1911 4147 2111 4199 nostra
2139 4147 2486 4215 tempestate
2511 4142 2722 4214 praesul
2755 4143 2889 4215 (72),
2923 4143 3218 4200 canonicis
3250 4161 3560 4201 assensum

1911 4249 2025 4304 pra:
2035 4231 2160 4286 buit
2186 4231 2510 4304 usurpandi
2543 4249 2657 4287 non
2678 4232 2970 4287 modicam
2986 4237 3210 4305 partem
3225 4237 3390 4289 terra:
3404 4251 3560 4289 cam-

1911 4320 1969 4392 pi
2003 4320 2418 4378 Fauni.versus
2439 4320 2932 4393 orientem;quam
2957 4325 3353 4378 antecessores
3371 4321 3559 4378 nostri

1912 4409 2039 4466 sine
2071 4408 2192 4465 ulla
2220 4409 2516 4465 calumnia
2543 4413 2600 4464 et
2629 4427 2736 4465 nos
2766 4409 3027 4465 moderni
3071 4409 3340 4466 monachi
3389 4410 3561 4482 longo

1913 4517 2024 4554 usu
2054 4497 2446 4571 possedimus.
2481 4497 2798 4553 Gauslinus
2827 4497 3077 4570 denique
3107 4499 3177 4554 de
3210 4497 3563 4571 Leugis,non

1910 4587 2080 4660 longe
2106 4605 2140 4644 a
2173 4587 2344 4642 ﬂuvio
2376 4587 2626 4642 Audurae
2659 4586 3033 4658 pertinaciter
3063 4587 3174 4643 sibi
3208 4587 3418 4643 retinet
3434 4605 3562 4644 cen-

1909 4694 2040 4733 sum
2073 4677 2242 4733 nobis
2295 4677 2602 4732 annuatim
2653 4676 3039 4742 reddendum,
3073 4677 3145 4731 de
3197 4677 3558 4748 quibusdam

1909 4765 2094 4822 vineis
2143 4766 2216 4821 ab
2265 4766 2535 4838 episcopo
2587 4766 2826 4838 Hugone
2877 4764 2985 4820 sibi
3033 4763 3268 4822 relictis.
3307 4766 3564 4823 Herveus

1911 4854 2087 4910 etiam
2121 4856 2190 4910 de
2227 4854 2588 4909 Gualardone
2620 4872 2734 4910 non
2784 4853 2954 4926 longe
3006 4872 3036 4909 a
3089 4871 3192 4910 suo
3241 4855 3559 4923 domicilio,

1913 4945 2210 5016 quandam
2243 4948 2456 4998 terram
2489 4944 2670 4998 nostri
2713 4942 2868 5015 juris
2919 4943 3241 5015 usurpavit,
3281 4961 3407 5015 quae
3460 4944 3563 5000 uni

1913 5033 2042 5088 bovi
2075 5032 2290 5088 dicitur
2321 5033 2607 5087 sufﬁcere.
2642 5033 2760 5100 Set,
2795 5031 2887 5087 his
2921 5033 3092 5088 modo
3124 5031 3443 5102 relictis,ad
3477 5050 3567 5089 as-

1916 5121 2235 5195 signandas
2266 5137 2357 5177 res
2387 5124 2648 5176 vertatur
2675 5119 2933 5194 pennula
2976 5139 3103 5193 quae
3152 5121 3320 5179 nobis
3372 5121 3566 5180 divino

1915 5217 2064 5268 nutu
2094 5215 2333 5270 manent
2363 5215 2420 5266 et
2453 5213 2783 5268 manebunt
2807 5210 2867 5266 in
2893 5211 3107 5268 secula.

1989 5499 2072 5572 (74
2084 5505 2107 5576 )
2141 5499 2270 5576 Leg.
2302 5497 2648 5576 violentiam.

1991 5566 2100 5651 (72)
2131 5566 2341 5635 Abvan.
2376 5572 2521 5631 1052
2555 5575 2631 5632 ad
2661 5589 2756 5632 an.
2785 5566 2944 5630 1053.
