3974 6076
225 278 384 340 2117

866 275 1221 340 HOMILUE
1259 277 1340 338 IN
1382 276 1630 341 EPIST.
1677 277 1778 339 E'l‘
1820 273 2108 339 EVANG.
2155 276 2508 341 DOMINIC.
2547 313 2625 322 —
2666 278 2865 341 PARS
2910 279 2989 341 II.

3470 283 3631 344 2118

227 409 372 466 dotes
393 410 783 481 ignoraverunt
812 409 1238 479 intelligentiam
1261 410 1387 480 (lsa.
1403 408 1656 481 LVI).Qui
1672 412 1869 464 tamen
1904 409 1959 474 Α
1988 407 2118 479 ipsa
2159 425 2361 465 eorum
2413 409 2789 482 responsione
2827 409 2910 466 eis
2941 409 3270 467 concludat.
3302 413 3500 470 Dicunt
3528 417 3584 470 ei
3614 431 3629 470 :

230 498 500 572 quamvis
531 497 591 553 in
614 514 678 555 se
698 514 842 571 pure
858 498 1072 567 vivant,
1096 503 1293 556 tamen
1315 498 1455 571 quia
1483 498 1617 554 caeci
1633 497 1692 553 in
1715 497 1874 555 Scri-

228 587 440 661 pturis,
473 604 656 644 caecos
686 587 897 644 ducere
927 590 1311 661 praesumunt,
1331 586 1509 644 simul
1535 604 1671 644 cum
1700 587 1786 643 eis
1816 585 1877 641 in

229 677 453 733 foveam
475 677 696 733 cadunt
721 677 941 749 (Matth.
965 678 1079 750 xv).
1111 676 1223 732 Alii
1252 693 1386 733 vero
1417 681 1574 746 sunt,
1610 676 1710 750 qui
1740 680 1797 732 et
1827 675 1877 731 si

229 771 384 823 recte
422 766 652 833 docent,
688 782 805 821 non
852 770 1048 823 tamen
1098 771 1250 823 recte
1298 767 1518 822 vivunt.
1554 771 1631 821 De
1660 766 1878 839 quibus

231 855 518 913 Dominus
550 871 562 910 :
596 855 796 912 Dicunt
833 857 982 912 enim
1010 863 1061 912 et
1089 872 1199 912 non
1225 858 1442 929 faciunt
1461 856 1663 928 (Matth.
1696 855 1875 927 xxiii).

232 943 422 1013 Tales,
459 945 612 1017 quod
644 945 769 1000 sine
798 943 1020 1018 gemitu
1047 944 1237 1001 dicere
1258 962 1504 1018 nequeo,
1532 962 1741 1002 sumus
1772 961 1880 1002 nos

234 1033 406 1091 hodie
435 1034 663 1109 indigni
691 1033 1123 1108 praedicatores,
1141 1034 1241 1107 qui
1262 1035 1401 1091 vitia
1416 1051 1544 1107 qua:
1564 1051 1702 1091 voce
1717 1034 1881 1090 dam-

235 1140 468 1193 namus,
501 1124 688 1180 facere
721 1140 837 1180 non
864 1124 1307 1192 erubescimus;
1354 1123 1579 1181 similes
1626 1122 1879 1180 candelae

234 1212 616 1286 ardenti,qua3
637 1211 769 1269 aliis
783 1213 1020 1286 quidem
1035 1212 1490 1271 ministratlucis
1506 1212 1878 1282 beneﬁcium,

235 1300 347 1358 sibi
374 1306 570 1358 autem
601 1301 1041 1358 detrimentum.
1067 1301 1178 1357 Alii
1206 1305 1404 1358 autem
1437 1306 1596 1369 sunt,
1628 1301 1725 1374 qui
1750 1307 1809 1358 et
1832 1300 1882 1359 si

234 1389 295 1446 in
326 1390 591 1455 veritate.
622 1394 680 1447 et
708 1390 895 1446 vivere
937 1394 995 1447 et
1038 1391 1243 1447 docere
1272 1391 1562 1457 videntur,
1595 1394 1791 1447 tamen
1823 1390 1883 1446 in

235 1479 346 1537 hoc
364 1483 625 1552 peccant,
640 1480 795 1552 quod
814 1479 874 1535 in
895 1479 1071 1536 rebus
1093 1478 1474 1537 saecularibus
1492 1479 1729 1536 solliciti
1746 1483 1887 1538 sunt

237 1569 430 1642 magis
459 1584 637 1642 quam
666 1569 964 1625 deberent.
997 1568 1206 1634 Quales
1229 1569 1408 1640 (unde
1429 1568 1746 1627 dolendum
1773 1568 1883 1642 est)

238 1673 347 1713 nos
370 1656 540 1715 hodie
560 1673 791 1723 sumus,
814 1656 915 1731 qui
946 1657 1218 1728 orationi,
1250 1657 1506 1727 lectioni,
1531 1658 1885 1731 contempla-

238 1744 404 1813 tioni,
422 1745 820 1818 praedicationi
853 1746 1191 1820 casterisque
1220 1747 1627 1821 spiritualibus
1649 1748 1885 1815 studiis,

237 1832 327 1890 vel
350 1833 712 1906 parvam,vel
732 1833 957 1892 nullam
981 1852 1217 1909 operam
1238 1837 1473 1905 damus,
1487 1840 1544 1893 et
1557 1826 1889 1904 causis,'ne-

238 1921 435 1995 gotiis,
450 1922 1059 1997 sollicitudinibusque
1074 1924 1454 1982 sacularibus
1468 1942 1888 1995 vacamus,non

240 2012 610 2069 attendentes
621 2012 774 2085 quod
790 2012 1076 2070 Dominus
1087 2013 1239 2071 hanc
1250 2013 1705 2071 sollicitudinem
1719 2015 1889 2074 nobis

241 2098 547 2173 prohibeat
575 2100 813 2157 dicens:
844 2102 1021 2159 Nolite
1046 2103 1274 2159 solliciti
1298 2120 1412 2160 esse
1429 2103 1667 2160 dicentes
1686 2122 1704 2158 :
1739 2103 1890 2178 Quid

237 2188 695 2245 manducabimus
726 2188 938 2262 (Matth.
974 2194 1075 2261 ιν),
1105 2195 1215 2247 etc.
1261 2193 1330 2247 Et
1385 2192 1699 2265 Apostolus
1733 2210 1745 2247 :
1801 2195 1886 2251 Vi-

239 2283 405 2346 ctum,
438 2277 653 2350 inquit,
685 2286 738 2334 et
762 2281 1013 2336 vestitum
1039 2280 1313 2349 habentes,
1342 2280 1429 2337 his
1453 2284 1692 2338 contenti
1717 2285 1888 2339 simus

238 2368 289 2437 (Ι
310 2367 444 2422 Tim.
468 2370 568 2437 v1).
602 2366 709 2422 Alii
739 2384 873 2423 vero
904 2371 1062 2435 sunt,
1085 2369 1189 2440 qui
1220 2374 1277 2425 et
1296 2369 1346 2425 si
1369 2386 1474 2425 nec
1496 2370 1626 2436 hoc,
1651 2387 1757 2426 nec
1790 2370 1888 2426 illo

237 2454 378 2511 vitio
409 2459 702 2524 tenentur,
733 2460 930 2513 tamen
963 2462 1297 2530 acceptores
1321 2464 1463 2515 sunt
1482 2475 1887 2532 personarum,

240 2543 381 2600 dum
412 2541 655 2617 palpant
681 2542 768 2600 vel
799 2543 1072 2613 molliter,
1088 2545 1174 2601 vel
1198 2563 1501 2619 nunquam
1532 2550 1789 2621 arguunt
1809 2547 1891 2603 di-

236 2631 403 2689 vites.
425 2632 493 2687 Et
512 2631 621 2688 hoc
651 2637 889 2705 propter
917 2632 1211 2701 timorem,
1234 2633 1323 2691 vel
1345 2638 1581 2708 propter
1608 2636 1885 2692 favorem.

242 2719 406 2775 Unde
437 2736 610 2776 canes
641 2721 791 2775 muti
836 2737 952 2776 non
996 2720 1258 2778 valentes
1304 2722 1516 2779 latrare
1545 2740 1581 2778 a
1609 2724 1893 2795 propheta

240 2810 523 2864 vocantur
549 2811 683 2878 (Isa.
708 2810 838 2875 LVI),
861 2811 918 2864 et
943 2808 1177 2864 interim
1206 2809 1386 2867 nimis
1416 2811 1562 2867 dure
1592 2810 1893 2885 corrigunt

244 2913 533 2970 pauperes
562 2900 802 2970 propter
829 2900 1227 2971 contemptum
1282 2898 1446 2957 Unde
1474 2898 1758 2956 Dominus
1790 2917 1895 2974 per

244 2985 590 3060 prophetam
621 3001 633 3041 :
669 2984 803 3041 Cum
830 2988 1171 3054 austeritate,
1197 2987 1407 3060 inquit,
1441 2989 1810 3061 imperabatis,
1842 2998 1893 3046 et

244 3091 369 3131 cum
399 3075 644 3147 potentia
674 3074 887 3148 (Ezech.
918 3078 1109 3143 xxxw)
1140 3107 1207 3117 —
1235 3078 1403 3145 Licet,
1438 3077 1738 3150 inquiunt,
1768 3095 1890 3135 cen-

1984 499 2242 554 Caesaris.
2276 498 2500 554 Reddite
2537 514 2666 568 ergo
2713 513 2839 570 quae
2868 506 2999 555 sunt
3052 499 3288 557 Caesaris
3339 502 3557 571 Ccesari,
3585 510 3637 559 et

1984 602 2112 658 qua:
2137 595 2267 644 sunt
2308 589 2408 644 Dei
2444 588 2568 645 Deo.
2606 587 2692 643 Ita
2719 605 3067 661 responsum
3102 593 3404 661 temperat,
3440 597 3504 646 ut
3528 608 3635 647 nec

1986 680 2190 732 contra
2219 675 2425 749 legem,
2446 693 2550 732 nec
2581 680 2784 732 contra
2814 675 3153 733 saecularem
3185 682 3533 750 potestatem
3552 681 3638 737 di-

1987 769 2099 821 cat.
2136 765 2199 820 In
2231 782 2346 837 quo
2378 764 2637 837 praecipit
2666 765 2822 837 quod
2852 765 3071 821 tributa
3102 767 3495 837 potestatibus
3514 769 3639 824 red-

1987 854 2293 920 didebent,
2308 853 2461 910 sicut
2491 854 2728 910 decimae
2758 859 2814 910 et
2843 854 3169 911 oblationes
3192 856 3641 931 Deo.Ipsequip-

1988 959 2060 1015 pe
2101 941 2390 999 ordinavit
2447 946 2763 1015 potestates
2813 948 2871 999 et
2910 944 3051 1016 jura
3105 961 3441 1018 regnorum.
3474 946 3639 1003 Unde

1988 1034 2045 1086 et
2076 1031 2347 1102 praecepit
2376 1029 2633 1086 Samueli
2667 1034 2733 1086 ut
2761 1030 2978 1086 diceret
3017 1030 3297 1088 Israelitis
3320 1032 3424 1104 jus
3452 1033 3639 1105 regni.

1991 1119 2141 1184 Quin
2172 1119 2298 1192 ipse
2326 1119 2505 1175 etiam
2535 1136 2669 1175 cum
2702 1118 2868 1175 Petro
2899 1119 3153 1175 reddidit
3199 1118 3485 1176 tributum
3517 1121 3644 1177 Cte-

1990 1208 2131 1281 sari,
2146 1226 2281 1264 cum
2295 1213 2531 1281 propter
2550 1208 2856 1265 vitandum
2875 1208 3240 1278 scandalum,
3253 1213 3382 1266 tum
3406 1214 3644 1283 propter

1991 1296 2347 1371 exemplum,
2372 1297 2687 1354 ostendens
2712 1298 2858 1354 bene
2889 1298 3127 1354 reddere
3151 1314 3251 1355 eos
3281 1299 3379 1371 qui
3406 1299 3640 1372 debent,

1993 1403 2128 1443 cum
2157 1386 2284 1459 ipse
2312 1386 2586 1455 reddidit,
2611 1387 2711 1460 qui
2744 1404 2861 1443 non
2892 1386 3157 1443 debebat.
3183 1389 3253 1443 Et
3278 1388 3590 1461 Apostolus
3625 1407 3639 1447 :

1992 1478 2106 1546 Qui
2117 1476 2368 1548 potestati
2386 1476 2608 1539 resistit,
2632 1476 2730 1532 Dei
2755 1475 3099 1533 ordinationi
3122 1478 3328 1533 resistit
3345 1478 3515 1550 (Rom.
3539 1481 3640 1548 rx).

1994 1565 2063 1621 Et
2083 1563 2221 1621 alibi
2249 1581 2261 1620 :
2289 1564 2508 1620 Reddite
2527 1565 2619 1619 cui
2636 1565 2912 1630 honorem,
2935 1566 3221 1635 honorem;
3240 1568 3334 1622 cui
3353 1569 3642 1638 tributum,

1981 1651 2410 1723 ’tributum;cui
2440 1654 2685 1723 vectigal,
2718 1654 2943 1725 vectigal
2974 1654 3146 1726 (Rom.
3179 1656 3322 1727 xm).
3356 1655 3458 1712 Est
3485 1655 3643 1712 enim

1996 1742 2255 1798 officium
2280 1741 2875 1814 justitiae,unicuique
2896 1743 3051 1815 quod
3074 1760 3248 1799 suum
3275 1748 3364 1800 est
3384 1745 3641 1817 reddere,

2000 1836 2112 1888 Deo
2142 1831 2503 1904 religionem,
2536 1830 2649 1887 sibi
2682 1831 3056 1899 munditiam,
3090 1834 3432 1905 parentibus
3460 1833 3644 1891 hono-

1999 1936 2143 1987 rem,
2159 1919 2549 1976 familiaribus
2572 1920 3018 1993 providentiam,
3033 1920 3173 1979 ﬁliis
3203 1923 3644 1993 correctionem,

1997 2009 2277 2065 fratribus
2306 2026 2589 2078 amorem,
2609 2009 2866 2066 dominis
2896 2011 3343 2083 subjectionem,
3364 2013 3644 2085 subjectis

1997 2098 2415 2172 benignitatem
2427 2098 3237 2172 ,omnibusaequitatem.Cum
3250 2105 3445 2158 autem
3461 2105 3646 2159 Cessa-

1998 2188 2045 2243 ri
2062 2204 2170 2244 sua
2189 2187 2492 2243 reddimus
2516 2192 2752 2261 prOpter
2771 2188 2976 2256 Deum,
2991 2188 3050 2244 in
3065 2188 3173 2245 hoc
3189 2190 3366 2246 etiam
3388 2194 3501 2247 Deo
3523 2190 3647 2246 red-

1999 2276 2195 2332 dimus
2226 2293 2354 2347 sua,
2387 2277 2529 2332 dum
2561 2276 2670 2332 hoc
2702 2276 2950 2333 facimus
2979 2281 3216 2351 pr0pter
3242 2279 3371 2350 ejus
3402 2279 3647 2336 manda-

1998 2369 2147 2420 tum.
2182 2364 2345 2420 Sicut
2391 2383 2525 2421 vero
2572 2365 2782 2421 Caesari
2830 2367 3132 2422 reddimus
3176 2367 3484 2424 denarium
3516 2368 3647 2440 ejus

1997 2452 2317 2525 imaginem
2348 2453 2680 2523 habentem,
2716 2454 2796 2511 ita
2842 2454 2959 2511 Deo
3016 2455 3299 2512 debemus
3356 2456 3562 2513 all‘erre
3591 2460 3650 2512 et

1999 2542 2239 2598 reddere
2270 2542 2529 2598 animam
2562 2546 2847 2610 nostram,
2879 2544 2951 2599 ad
2982 2545 3110 2616 eius
3142 2544 3458 2618 imaginem
3488 2550 3547 2602 et
3567 2545 3647 2602 si-

1999 2629 2395 2686 militudinem
2426 2631 2661 2687 factam.
2696 2632 2845 2687 Sunt
2891 2636 3097 2688 autem.
3136 2632 3196 2688 in
3243 2632 3481 2690 denario
3514 2633 3646 2702 tria,

1998 2718 2193 2791 imago
2215 2724 2271 2774 et
2291 2718 2614 2775 similitudo
2641 2718 3133 2792 regis,inscriptio
3164 2719 3440 2790 nominis,
3461 2720 3651 2777 forma

2000 2805 2398 2862 rotunditatis.
2428 2806 2640 2862 Anima
2671 2823 2904 2880 quoque
2933 2811 3021 2863 est
3048 2808 3118 2864 ad
3150 2807 3469 2882 imaginem
3500 2814 3559 2865 et
3572 2810 3650 2867 si-

2001 2893 2395 2950 militudinem
2424 2894 2525 2950 Dei
2556 2901 2772 2964 creata,
2793 2896 3030 2952 nomine
3059 2914 3166 2953 suo
3197 2897 3499 2971 inscripta,
3529 2904 3595 2955 ut
3615 2916 3651 2955 a

2001 2982 2153 3039 bono
2185 2982 2357 3051 bona,
2390 3000 2426 3038 a
2448 2983 2678 3039 Christo
2725 2983 3075 3052 Christiana,
3100 2986 3272 3057 juxta
3310 2984 3457 3043 illud
3490 3004 3504 3043 :
3536 2989 3647 3043 Ha-

2004 3072 2181 3128 bentes
2210 3088 2404 3128 nomen
2433 3072 2550 3144 ejus
2594 3080 2645 3129 et
2679 3090 2877 3129 nomen
2918 3076 3104 3131 Patris
3144 3077 3261 3148 ejus
3287 3074 3552 3148 scriptum
3588 3078 3651 3133 in

245 3180 369 3220 sum
395 3163 523 3220 dari
554 3164 782 3231 Cwsari,
796 3181 867 3219 an
884 3166 1302 3221 non?Cornuto
1332 3149 1694 3239 scphismate
1713 3166 1898 3223 inten-
1928 3149 1971 3216 C
2000 3161 2273 3233 frontibus
2300 3163 2415 3217 suis
2445 3164 2637 3234 (.4poc.
2660 3165 2818 3233 xxn).
2844 3163 3134 3230 Rotunda,
3164 3163 3224 3219 id
3254 3168 3345 3221 est
3372 3165 3650 3237 perfecta,

248 3252 397 3308 dunt
410 3268 615 3325 capere
630 3251 1131 3310 Dominum.'l‘unc
1142 3253 1299 3310 enim
1314 3253 1370 3309 in
1380 3254 1507 3311 terJ
1512 3255 1709 3311 udaeos
1721 3272 1898 3328 super

248 3339 359 3396 hoc
389 3344 515 3396 erat
544 3340 862 3409 contentio,
895 3340 1026 3398 aliis
1073 3341 1402 3400 dicentibus
1450 3344 1669 3400 tributa
1700 3344 1897 3401 deberi

250 3428 550 3498 Romanis,
572 3445 638 3486 eo
669 3430 826 3502 quod
857 3446 962 3503 pro
990 3447 1133 3503 pace
1160 3435 1218 3487 et
1246 3431 1436 3489 salute
1466 3432 1730 3488 omnium
1748 3433 1900 3489 mili-

248 3519 474 3585 tabant,
506 3518 637 3575 aliis
667 3518 889 3575 tributa
929 3519 1054 3576 dari
1086 3520 1295 3578 Caesari
1327 3521 1798 3595 prohibentibus,
1831 3538 1898 3579 eo

250 3608 407 3680 quod
429 3606 489 3664 in
520 3606 646 3682 lege
675 3607 784 3664 soli
815 3612 928 3665 Deo
958 3609 1193 3673 servire,
1216 3614 1274 3665 et
1300 3610 1351 3666 ei
1384 3610 1675 3683 primitias
1705 3615 1763 3668 et
1792 3611 1898 3667 de-

250 3695 433 3752 cimas
463 3697 602 3753 dare
623 3697 1005 3770 jubebantur.
1041 3697 1099 3754 Si
1132 3715 1268 3771 ergo
1310 3700 1633 3756 affirmaret
1678 3700 1900 3757 tributa

249 3784 447 3841 deberi
475 3783 705 3854 Caesari,
737 3786 1006 3843 doctores
1035 3787 1107 3843 de
1136 3786 1263 3862 lege
1292 3804 1425 3844 eum
1459 3790 1897 3859 accusarent;si

247 3889 381 3929 vero
404 3880 658 3947 negaret,
684 3874 993 3931 Herodiani
1011 3892 1146 3932 eum
1166 3880 1448 3933 tenerent.
1468 3877 1582 3934 Sed
1605 3877 1895 3947 Christus,

248 3962 511 4035 cordgum
533 3962 847 4036 inspector,
871 3964 1105 4036 cognita
1123 3980 1327 4021 eorum
1350 3964 1614 4037 nequitia
1634 3965 1743 4021 ait:
1759 3967 1901 4034 Quid

247 4066 334 4105 me
363 4053 600 4119 tentatis,
634 4051 980 4123 hypocrita?

322 4137 425 4192 Est
453 4143 649 4193 autem
699 4138 822 4194 haec
869 4155 1007 4211 pars
1063 4141 1340 4209 secunda,
1376 4141 1437 4197 in
1469 4157 1587 4214 qua
1616 4141 1900 4201 Dominus

253 4242 455 4282 eorum
477 4224 722 4282 insidias
742 4226 1027 4284 dissolvit.
1052 4227 1245 4285 Primo
1266 4229 1667 4302 duplicitatem
1696 4247 1900 4289 eorum

252 4314 570 4387 arguendo,
604 4330 738 4370 cum
766 4314 909 4372 dicit
940 4331 954 4370 :
988 4316 1131 4385 Quid
1170 4333 1257 4373 me
1284 4320 1523 4386 tentatis,
1556 4319 1903 4392 hypocrita?

251 4400 587 4475 hypocritas
616 4402 773 4460 enim
804 4421 904 4462 eos
933 4411 1117 4475 vocat,
1150 4408 1290 4478 quia
1320 4406 1382 4463 in
1411 4407 1603 4465 verbis
1631 4408 1900 4464 ostende-

252 4490 396 4548 bant
415 4492 875 4565 simplicitatem,
907 4498 964 4550 et
992 4493 1053 4550 in
1086 4496 1259 4551 corde
1290 4496 1565 4570 tegebant
1587 4495 1900 4570 duplicita-

253 4581 393 4637 tem.
429 4580 743 4655 Sophisma
773 4599 977 4639 eorum
1008 4583 1292 4653 dissolvit,
1311 4600 1448 4641 cum
1470 4584 1696 4641 subdit:
1722 4584 1904 4642 Osten-

251 4666 384 4735 dite,
417 4667 630 4742 inquit,
659 4672 802 4727 mihi
836 4672 1117 4728 numisma
1161 4688 1350 4729 census
1370 4671 1401 4728 ?
1426 4673 1642 4730 Etcum
1671 4674 1901 4730 obtulis-

251 4765 371 4814 sent
398 4759 452 4814 ei
487 4758 799 4826 denarium,
833 4761 1009 4833 Cujus
1054 4769 1151 4829 est,
1198 4760 1413 4835 inquit,
1473 4764 1649 4835 imago
1695 4764 1814 4820 haec
1852 4770 1905 4819 et

252 4850 678 4921 superscriptio?
706 4853 1035 4924 Interrogat
1059 4854 1253 4907 autem
1287 4851 1444 4925 quod
1475 4851 1720 4922 sciebat,
1752 4855 1817 4908 ut
1835 4868 1905 4909 ex

2004 3253 2197 3306 creata
2227 3248 2492 3306 videlicet
2538 3250 2665 3306 sine
2712 3250 2969 3307 fractura
3014 3250 3156 3322 vitii,
3188 3257 3246 3309 et
3275 3253 3401 3310 sine
3432 3254 3652 3311 ﬂexura

2003 3337 2245 3411 peccati.
2280 3337 2441 3394 Unde
2471 3339 2803 3411 Propheta:
2863 3340 3154 3410 Signatum
3203 3350 3283 3398 est
3335 3359 3501 3415 super
3550 3360 3650 3400 nos

2006 3427 2190 3482 lumen
2218 3427 2401 3483 vultus
2430 3428 2513 3483 lui
2541 3428 2768 3484 Domine
2795 3429 2967 3501 (Psal.
3000 3429 3099 3503 ιν).
3122 3429 3335 3488 Vultus
3365 3432 3467 3488 Dei
3500 3433 3649 3490 ratio

2004 3520 2112 3585 est,
2145 3532 2249 3588 per
2277 3532 2457 3588 quam
2487 3516 2755 3574 voluntas
2784 3517 2885 3574 Dei
2916 3520 3308 3593 cognoscitur,
3328 3519 3550 3591 lumen,
3569 3521 3651 3578 di-

2003 3604 2141 3660 vina
2160 3605 2350 3678 gratia
2371 3609 2479 3673 est,
2502 3621 2680 3677 quam
2704 3607 2850 3663 ratio
2872 3607 3145 3666 illustrat.
3172 3611 3299 3665 Hec
3314 3614 3406 3666 est
3421 3609 3652 3684 signata

2006 3710 2183 3767 super
2210 3710 2337 3763 nos,
2370 3694 2508 3766 quia
2537 3699 2756 3768 quanto
2788 3713 2998 3753 sumus
3024 3698 3287 3771 puriores
3312 3703 3371 3756 et
3400 3700 3652 3757 sanctio-

2006 3787 2296 3850 res,tanto
2327 3782 2515 3857 magis
2545 3784 2691 3841 ratio
2724 3784 3072 3857 illustratur,
3105 3792 3164 3843 et
3191 3788 3308 3845 Deo
3337 3788 3651 3846 similiores

2006 3871 2315 3928 efﬁcimur.
2350 3871 2532 3940 Unde,
2566 3872 2794 3940 fratres,
2826 3876 2945 3930 toto
2981 3874 3195 3944 studio,
3229 3877 3484 3950 totisque
3507 3878 3650 3933 viri-

2006 3959 2119 4016 bus
2148 3959 2221 4014 ad
2251 3958 2359 4014 hoc
2381 3959 2816 4031 laboremus,ut
2832 3961 3025 4036 imago
3045 3967 3104 4019 et
3128 3963 3451 4021 similitudo
3472 3965 3573 4021 Dei
3590 3966 3650 4021 in

2008 4047 2179 4102 nobis
2207 4062 2311 4118 per
2337 4047 2546 4102 vitium
2576 4047 2921 4117 deformata,
2944 4067 3048 4122 per
3078 4051 3341 4109 studium
3367 4054 3653 4110 virtutum

2008 4136 2466 4192 reformetur.Ac
2485 4134 2612 4207 ipso
2633 4135 2693 4192 in
2724 4138 2892 4193 nobis
2919 4144 3192 4211 operante
3222 4141 3412 4198 simus
3442 4143 3650 4211 sancti,

2008 4225 2162 4282 sicut
2192 4224 2315 4297 ipse
2346 4228 2585 4305 sanctus
2606 4229 2991 4296 est;veraces,
3015 4227 3168 4284 sicut
3188 4230 3313 4303 ipse
3339 4247 3513 4287 verax
3529 4236 3650 4302 est;

2007 4313 2435 4381 misericordes,
2469 4311 2623 4370 sicut
2680 4314 2806 4387 ipse
2861 4316 3196 4375 misericors
3253 4324 3383 4390 est;
3418 4324 3482 4376 ut
3518 4337 3655 4377 cum

2007 4401 2321 4459 Psalmista
2348 4401 2644 4459 dicamus:
2682 4404 2802 4460 Tibi
2827 4404 2974 4461 dixit
3000 4422 3094 4462 cor
3121 4423 3324 4477 meum,
3343 4410 3658 4481 Exquisivit

1931 4518 1977 4582 ι)
2007 4501 2058 4549 te
2085 4493 2253 4564 facies
2279 4507 2437 4582 mea,
2450 4493 2651 4564 faciem
2678 4500 2850 4561 tuam,
2885 4496 3137 4564 Domine,
3169 4498 3450 4568 requiram
3476 4498 3654 4567 (Psal.

2011 4581 2180 4654 xxvx),
2214 4585 2280 4636 ut
2306 4580 2539 4636 tandem
2587 4597 2716 4637 eam
2766 4582 2938 4640 nobis
2986 4583 3133 4641 facie
3162 4585 3234 4640 ad
3267 4585 3474 4642 faciem
3518 4603 3657 4643 con-

2011 4668 2280 4744 templari
2299 4672 2363 4724 tu
2382 4667 2509 4742 ipse
2529 4671 2831 4741 concedas,
2860 4672 2958 4744 qui
2988 4689 3123 4729 cum
3156 4672 3322 4730 Patre
3351 4677 3407 4730 et
3437 4673 3658 4747 Spiritu

2011 4764 2213 4816 sancto
2242 4758 2385 4814 vivis
2415 4762 2472 4815 et
2500 4774 2708 4833 regnas
2739 4760 2892 4818 Deus
2912 4779 3015 4835 per
3029 4762 3229 4820 omnia
3257 4765 3472 4820 saecula
3484 4780 3661 4823 saecu-

2009 4849 2222 4908 lorum.
2255 4850 2460 4905 Amen.
