3968 6080
167 229 283 318 26.9

1200 239 1456 318 VETUS
1499 255 1889 316 AGANO.-—
1922 254 2069 316 1.113.
2116 255 2163 314 1.
2215 256 2556 317 AGANUS.

3463 217 3610 316 elo

165 389 368 457 latere,
405 394 563 447 terra
609 358 836 446 sanctas
886 388 1078 446 Maria
1105 407 1119 457 ;
1154 387 1354 457 altero,
1389 391 1675 461 potestate
1708 387 1821 443 fra-
1851 388 1906 456 Α
1937 405 2186 460 quorum
2219 392 2418 444 custos
2437 389 2506 443 de
2533 388 2763 444 duobus
2780 386 3119 443 melioribus
3145 368 3581 460 singulisannis

166 485 322 535 trum
358 479 559 535 Sancti
595 479 842 535 Carauni
870 497 884 548 ;
915 479 1143 535 duabus
1189 495 1322 534 vero
1372 478 1682 546 frontibus,
1715 477 1826 532 viis

165 568 440 641 publicis.
478 569 630 624 Infra
661 568 768 623 has
815 569 1011 640 itaque
1060 566 1523 633 terminationes,
1558 567 1826 638 praefatae

161 657 360 713 vineas
390 657 771 713 concedimus
807 656 1222 729 perpetualiter
1249 657 1549 721 tenendas,
1567 659 1630 710 ut
1658 656 1827 710 desu-

163 764 262 818 per
292 747 492 801 securi
525 747 814 812 ediﬁcent,
841 751 898 801 et
927 746 1178 800 habeant
1211 745 1520 800 licentiam'
1538 744 1821 799 vendendi

159 835 240 890 vel
273 836 464 890 dandi
500 852 602 890 eas
628 835 960 906 cuicunque
989 833 1600 899 voluerint.Quatinus
1622 837 1820 888 autem

158 924 386 980 cartula
417 924 544 979 haec
581 924 804 979 firmior
832 924 928 990 sit,
965 924 1236 978 manibus
1281 922 1531 996 propriis
1561 938 1688 978 eam
1722 923 1822 976 ﬁr-

158 1013 481 1079 mavimus,
522 1017 580 1068 et
610 1012 907 1068 canonicis
939 1013 1163 1067 Sanctae
1194 1013 1386 1067 Maria:
1419 1017 1594 1083 atque
1625 1011 1821 1067 Sancti

157 1103 411 1157 Carauni
479 1102 868 1156 roborandam
928 1100 1270 1156 obtulimus.
1298 1103 1504 1155 Actum
1555 1100 1822 1156 Carnotis

157 1191 410 1264 publice.
449 1191 701 1264 Signum
762 1190 1001 1258 Graulli,
1035 1189 1284 1245 abbatis.
1311 1189 1558 1262 Sugerii,
1593 1189 1816 1244 decani.

153 1280 426 1346 Arduini,
491 1279 825 1336 archiclavi.
886 1278 1111 1346 Marini,
1202 1278 1525 1351 presbiteri.
1585 1278 1816 1345 Alcarii,

153 1369 493 1441 presbiteri.
528 1368 851 1436 Teodorici,
886 1367 1210 1440 presbiteri.
1245 1367 1458 1438 Algeri,
1491 1366 1814 1438 presbiteri.

150 1458 432 1525 Josberti,
471 1457 802 1530 presbiteri.
853 1457 1108 1522 Odberti,
1170 1456 1496 1529 presbiteri.
1554 1456 1814 1522 Leobini,

149 1546 492 1618 presbiteri.
529 1546 778 1614 Girardi,
813 1545 1062 1602 diaconi.
1097 1545 1352 1615 Evrardi,
1387 1545 1635 1601 diaconi.
1667 1546 1814 1600 Ade-

142 1637 311 1698 lardi,
347 1635 615 1692 diaconi.
640 1658 668 1686 »

204 1727 350 1792 (Res
393 1726 515 1796 (76)
558 1724 812 1796 denique
839 1720 1267 1796 quas'scriptas
1300 1723 1490 1778 inveni
1525 1726 1583 1778 et
1613 1723 1682 1778 ad
1716 1739 1812 1777 ca-

139 1815 380 1870 nonicos
443 1814 742 1886 pertinere
800 1812 1167 1879 videbantur,
1203 1811 1414 1867 deinde
1453 1829 1545 1867 res
1577 1828 1703 1882 quae
1737 1812 1809 1866 ad

134 1903 460 1958 luminaria
518 1901 792 1958 aecclesize
825 1906 883 1957 et
913 1902 983 1956 ad
1013 1902 1231 1957 victum
1293 1900 1474 1957 editui
1535 1900 1808 1972 delegata:

131 1999 314 2060 erant,
350 1997 414 2048 et
450 2010 588 2063 qua:
640 1995 845 2063 postea
904 1991 975 2046 ab
1025 1990 1321 2063 episcopis
1377 1989 1588 2045 additae
1649 1994 1806 2056 sunt,

131 2089 332 2154 Agano
364 2080 653 2136 videlicet
681 2085 855 2152 atque
908 2079 1292 2152 Ragenfredo,
1328 2078 1601 2134 monachi
1633 2079 1806 2134 modo

133 2187 519 2243 nequaquam
554 2169 880 2242 possident.
914 2169 1059 2224 Nam
1093 2168 1360 2240 quaedam
1413 2167 1538 2223 loca
1588 2167 1809 2240 scripta

133 2259 319 2315 inveni
345 2275 618 2331 quorum
643 2275 800 2312 nunc
831 2257 1073 2313 nomina
1101 2257 1183 2312 ita
1214 2261 1353 2313 sunt
1383 2256 1601 2312 abolita
1630 2260 1686 2312 et
1717 2257 1806 2312 in-

131 2353 282 2413 nota,
317 2353 388 2402 ut
421 2349 504 2403 ab
554 2346 895 2402 hominibus
926 2346 1160 2418 penitus
1191 2347 1552 2418 ignorentur,
1589 2346 1804 2400 nedum

134 2438 492 2493 habeantur.
521 2437 673 2491 Sunt
697 2453 823 2508 qua:
855 2435 1124 2490 sciuntur
1146 2440 1203 2491 et
1225 2441 1423 2490 tamen
1449 2451 1561 2490 non
1584 2434 1803 2490 haben-

132 2532 240 2590 tur,
268 2526 435 2581 sicut
474 2525 536 2579 in
582 2524 773 2580 Verno
822 2529 978 2580 terra
1034 2523 1247 2590 Odulfi,
1303 2540 1481 2596 quam
1533 2523 1805 2596 promisit

133 2614 342 2687 praesul
378 2613 798 2686 Ragenfredus
829 2619 959 2686 post
987 2618 1237 2668 mortem
1265 2611 1457 2668 0dulf1
1489 2612 1713 2681 haberi,
1746 2617 1804 2668 et

134 2705 279 2759 sicut
311 2701 709 2759 Gundrevilla
738 2719 872 2757 cum
904 2702 1125 2775 brogilo
1157 2706 1213 2757 et
1244 2702 1448 2774 pratis,
1483 2702 1699 2774 quibus
1715 2719 1804 2756 ca-

134 2810 251 2848 rere
284 2792 599 2857 videntur,
622 2798 678 2847 et
700 2791 854 2846 sicut
880 2790 939 2845 in
973 2790 1190 2846 [monis
1205 2791 1356 2846 Villa
1378 2791 1476 2846 ubi
1508 2794 1648 2846 sunt
1679 2790 1798 2845 dati

133 2888 253 2937 octo
285 2880 521 2946 mansi,
555 2884 646 2935 set
700 2879 943 2935 minime
999 2880 1392 2952 possidentur.
1428 2880 1577 2935 Sunt
1622 2878 1798 2934 etiam

135 2987 254 3042 qua:
291 2969 690 3042 possidentur
718 2973 773 3023 et
805 2985 1078 3042 possessa
1125 2972 1264 3024 sunt
1313 2969 1384 3024 ab
1418 2967 1696 3040 antiquis,
1730 2969 1798 3022 de

135 3060 348 3131 quibus
411 3058 640 3113 noticia
695 3057 1020 3133 litterarum
1077 3057 1268 3130 periit,
1300 3057 1454 3113 sicut
1502 3057 1572 3112 de
1623 3058 1796 3112 Bosco

1935 494 1967 532 c
1985 477 2209 532 modios
2234 477 2424 532 mixtae
2447 495 2690 533 annona
2714 477 2974 532 solvedat
2993 475 3292 541 fratribus,
3318 477 3582 548 duosque

1934 567 2209 622 frumenti
2246 572 2302 623 et
2330 567 2492 624 xucim
2525 585 2734 634 avenae,
2768 567 2838 621 ad
2872 565 3173 621 cervisiam
3209 564 3533 619 faciendam
3565 581 3578 632 ;

1935 656 2228 726 anguillas
2253 675 2307 718 c.
2340 674 2544 728 porcos
2603 673 2834 711 crassos
2892 666 3040 720 11110”,
3073 652 3320 725 gallinas
3360 671 3415 707 vx
3446 669 3580 708 cum

1933 745 2074 810 ovis,
2100 745 2257 800 omni
2283 762 2480 800 mense
2499 745 2588 800 bis
2609 743 2868 815 eulogias
2894 761 2907 810 ;
2933 740 3140 812 reliqui
3172 741 3286 795 duo
3320 739 3580 794 farinarii

1932 835 2273 905 praebendas
2303 835 2547 888 fratrum
2582 832 2877 888 molebant
2897 837 2953 886 et
2974 830 3133 904 ligna
3161 829 3580 902 comparabant

1931 923 2002 977 ad
2035 940 2244 995 panem
2274 924 2663 995 coquendum.
3428 995 3431 998 _

2000 1014 2052 1067 3.
2088 1017 2163 1068 De
2193 1014 2392 1068 Bodasi
2426 1013 2582 1067 Villa.
2617 1013 2679 1066 In
2711 1011 2918 1066 Bodasi
2950 1009 3103 1065 Villa
3131 1014 3253 1065 erat
3311 1025 3446 1064 casa
3476 1009 3577 1063 do-

1931 1102 2147 1158 minica
2177 1120 2310 1157 cum
2344 1103 2547 1157 horreo
2580 1106 2636 1156 et
2666 1101 2852 1166 horto,
2888 1100 3078 1155 cincta
3123 1099 3400 1153 moderno
3432 1101 3576 1151 tem-

1930 1207 2066 1262 pore
2099 1193 2170 1246 ab
2205 1192 2424 1246 Ursone
2455 1191 2740 1245 monacho
2793 1206 2959 1244 muro
3011 1205 3178 1250 ncvo,
3203 1188 3373 1257 juxta
3403 1203 3576 1257 quem

1929 1282 2000 1336 ad
2032 1281 2372 1336 orientalem
2406 1279 2638 1352 plagam
2696 1285 2784 1334 cst
2827 1279 3003 1334 vineze
3037 1278 3296 1343 clausus,
3328 1293 3362 1330 v
3392 1275 3579 1330 conti-

1928 1387 2073 1424 nens
2123 1370 2454 1442 aripennos.
2490 1371 2590 1424 Est
2645 1373 2701 1423 et
2757 1367 3014 1423 aecclesia
3070 1366 3221 1422 beati
3281 1363 3576 1420 Laurentii

1928 1459 2218 1532 martyris,
2269 1458 2461 1530 lapide
2518 1463 2895 1527 cementoque
2955 1459 3307 1512 constructa.
3358 1454 3573 1508 Eadem

1925 1546 2060 1602 villa
2108 1547 2262 1602 inter
2308 1563 2440 1602 1m°r
2468 1547 2613 1610 loca,
2647 1547 2898 1601 habebat
2949 1547 3020 1600 de
3079 1551 3233 1600 terra
3292 1542 3574 1597 bonuaria

1924 1640 2091 1703 Xs‘cim,
2173 1636 2457 1708 agricolas
2512 1653 2606 1692 v:
2670 1635 3048 1707 Teogrinum,
3107 1631 3570 1705 Ragcnbaldum,

1894 1743 1899 1750 ·
1925 1726 2341 1793 Frodoardum,
2375 1725 2750 1791 Teotradum,
2787 1723 3102 1778 Riculfum.
3129 1721 3397 1777 Faciebat
3417 1720 3574 1792 quis-

1920 1830 2032 1885 que
2057 1814 2265 1885 rigam,
2291 1815 2361 1869 ad
2396 1814 2698 1868 hibernam
2724 1820 2804 1867 110‘
2836 1812 3108 1884 perticas,
3134 1811 3205 1866 ad
3235 1810 3568 1865 tramissem

1920 1903 2201 1974 perticam
2236 1919 2252 1957 1
2287 1907 2344 1957 et
2374 1902 2699 1968 dimidiam,
2735 1902 2791 1956 in
2843 1901 3147 1956 corvedam
3198 1899 3568 1954 tantundem.

1921 1993 2024 2048 Pro
2055 2010 2172 2064 qua
2200 1997 2436 2047 aratura
2465 1991 2643 2046 dabat
2701 1990 2952 2063 quisque
3007 1989 3234 2044 modios
3293 1987 3569 2042 frumenti

1916 2087 2018 2147 110',
2047 2082 2120 2136 ad
2171 2081 2401 2136 hostem
2436 2079 2690 2136 solidum
2717 2097 2755 2146 1,
2802 2079 3015 2151 caplim
3065 2079 3189 2133 dies
3217 2075 3365 2133 xvcim
3396 2075 3569 2132 facie-

1916 2169 2036 2232 bat,
2060 2175 2117 2225 et
2135 2170 2452 2225 carridium
2476 2171 2614 2239 (78),
2638 2185 2920 2224 manuum
2943 2184 3119 2238 opera
3140 2166 3248 2222 sibi
3281 2167 3566 2238 injuncta.

1917 2259 2281 2330 Requisitam
2343 2275 2555 2324 avenae,
2610 2257 2870 2312 modium
2902 2275 2940 2321 1,
2974 2256 3252 2320 solvebat,
3287 2259 3342 2310 et
3377 2254 3569 2326 pullos

1913 2352 2031 2403 tres
2063 2365 2196 2403 cum
2230 2347 2372 2403 ovis.
2407 2347 2578 2403 Solus
2625 2347 2888 2401 Ricullus
2922 2351 3022 2418 pro
3056 2345 3178 2418 riga
3209 2345 3321 2412 (79)
3353 2350 3409 2399 et
3437 2361 3567 2399 cor-

1912 2437 2058 2492 veda
2090 2447 2218 2492 1111”r
2249 2437 2525 2492 frumenti
2572 2435 2799 2491 modios
2830 2436 3024 2501 dabat,
3060 2436 3130 2489 ad
3161 2435 3389 2490 hostem
3425 2433 3564 2489 soli-

1913 2527 2019 2582 dos
2069 2534 2171 2594 11",
2224 2525 2415 2598 pullos
2448 2543 2524 2587 v1,
2581 2523 2924 2596 requisitam
2958 2541 3148 2579 avenae
3180 2523 3406 2578 modios
3440 2529 3559 2590 110‘;

1912 2615 2164 2671 faciebat
2193 2613 2425 2686 caplim.
2455 2615 2590 2669 Erat
2611 2630 2843 2686 quoque
2865 2630 3108 2669 mansus
3135 2629 3290 2668 unus
3311 2616 3369 2667 et
3389 2611 3560 2667 dilmi-

1911 2705 2044 2760 dius
2075 2704 2155 2760 ibi
2188 2702 2515 2759 absolutus.
3315 2763 3317 2765 ,

1979 2795 2031 2848 4.
2065 2795 2138 2849 De
2164 2795 2399 2849 Domani
2430 2793 2571 2848 Villa
2600 2800 2651 2848 et
2695 2792 2759 2847 de
2814 2791 2975 2848 Moris
3035 2792 3178 2847 Villa
3233 2807 3360 2862 qua?
3389 2792 3554 2863 juxta

1911 2883 2168 2939 Bodasem
2222 2899 2334 2938 esse
2390 2880 2660 2937 videntur.
2697 2885 2759 2934 In
2794 2880 3040 2936 Domani
3067 2880 3219 2935 Villa
3249 2898 3402 2936 unus
3432 2885 3556 2936 erat

1907 2989 2153 3027 mansus
2184 2987 2359 3042 quem
2393 2970 2732 3041 Frogaudus
2765 2969 2863 3024 illo
2893 2969 2951 3023 in
2983 2974 3241 3041 tempore
3299 2969 3551 3035 tenebat,

1867 3117 1870 3121 ,
1906 3062 2060 3116 unde
2092 3060 2339 3115 faciebat
2388 3060 2638 3130 perticas
2672 3067 2800 3114 1m“r
2828 3059 2896 3113 ad
2933 3059 3258 3126 hibernam,
3294 3075 3395 3129 pro
3427 3075 3554 3113 cor-

136 3147 318 3221 Medio
345 3149 405 3202 in
432 3147 730 3202 territorio
753 3131 1033 3213 Dunensi,
1059 3150 1114 3201 et
1137 3146 1290 3202 sicut
1315 3147 1386 3202 de
1416 3151 1573 3201 terra
1602 3145 1797 3201 Sancti
1829 3131 1871 3197 C
1911 3150 2055 3204 veda
2086 3149 2473 3204 tantumdem.
2508 3152 2615 3202 Pro
2646 3147 2774 3219 ipsa
2805 3153 3039 3201 aratura
3069 3147 3246 3201 dabat
3275 3146 3554 3201 frumenti

136 3236 280 3292 Petri
316 3235 706 3302 Pictavensis,
727 3252 853 3308 quae
885 3239 975 3290 est
1006 3234 1158 3290 intra
1187 3235 1479 3290 civitatem
1513 3234 1795 3301 Carnotis,

136 3342 310 3396 quam
347 3325 598 3397 quidam
633 3323 823 3390 miles,
845 3324 1098 3396 quodam
1109 3324 1245 3394 jure
1263 3323 1798 3395 possidens,sancto

137 3414 299 3469 Petro
346 3413 700 3468 Carnotensi
753 3429 819 3468 eo
866 3417 1064 3468 tenore
1121 3413 1429 3479 concessit,
1465 3416 1530 3466 ut
1561 3411 1616 3466 in
1652 3413 1798 3466 atrio

138 3503 334 3558 Sancti
357 3501 524 3557 Petri
544 3500 866 3557 ecclesiam
891 3501 950 3555 in
971 3501 1190 3557 honore
1220 3501 1406 3556 sancti
1439 3499 1640 3556 Hilarii
1663 3518 1798 3556 con-

138 3593 480 3658 struerent;
516 3590 670 3662 quod
702 3595 758 3645 et
789 3591 1006 3644 factum
1055 3594 1164 3657 est,
1197 3594 1286 3646 set
1327 3590 1379 3644 vi
1413 3593 1713 3662 potentum
1745 3593 1803 3644 et

139 3682 399 3736 militum
435 3681 498 3734 in
533 3697 603 3735 ea
630 3679 1026 3734 habitantium
1060 3680 1354 3735 detinetur
1382 3696 1593 3735 census
1614 3679 1684 3734 de
1705 3696 1799 3734 ea-

139 3771 268 3826 dem
304 3777 490 3834 terra,
527 3773 595 3823 ut
622 3768 714 3822 vix
746 3772 906 3823 sexta
933 3785 1070 3840 pars
1096 3769 1392 3824 reddatur.
1433 3769 1595 3824 Dedit
1623 3768 1800 3823 etiam

141 3861 420 3932 prefatus
444 3857 619 3912 miles
642 3857 854 3912 Sancto
878 3861 1066 3924 Petro,
1092 3858 1163 3913 de
1190 3858 1466 3929 praedicta
1497 3862 1799 3929 potestate,

140 3947 193 4002 in
226 3948 408 4002 Manu
444 3946 664 4000 Villare
695 3935 977 4017 grandem
1019 3946 1467 4017 amplitudinem
1501 3952 1664 4001 terrae
1697 3963 1802 4018 pro

139 4053 251 4107 qua
282 4034 567 4091 monachi
603 4034 656 4088 in
705 4034 924 4089 honore
981 4035 1166 4089 sancti
1225 4033 1423 4089 Hilarii
1484 4036 1802 4090 secundam

139 4124 465 4179 ecclesiam
492 4123 926 4178 edificaverunt.
947 4154 1012 4164 —
1029 4123 1061 4179 J
1068 4140 1160 4178 am
1185 4139 1341 4178 nunc
1364 4123 1603 4195 expletis
1624 4125 1804 4180 cartis

143 4218 195 4267 et
222 4214 401 4267 rebus
454 4211 894 4277 canonicorum,
929 4213 1284 4267 currendum
1319 4213 1388 4267 ad
1421 4217 1612 4267 cartas
1643 4217 1700 4268 et
1731 4213 1802 4268 ad

144 4318 230 4357 res
263 4301 510 4357 redivivi
545 4300 790 4366 ordinis,
817 4301 1241 4356 monachorum
1277 4301 1496 4357 scilicet
1544 4301 1642 4372 qui
1695 4303 1802 4357 sub

145 4389 463 4446 venerab'li
499 4388 860 4460 Ragenfredo
917 4388 1188 4462 episcopo
1247 4390 1541 4445 reformati
1575 4394 1713 4446 sunt
1745 4390 1802 4444 in

148 4479 410 4534 canobio
444 4477 643 4533 Sancti
675 4476 870 4548 Petri.)

689 4566 1106 4622 CAPITULUM
1145 4566 1267 4622 VII.

145 4657 215 4712 De
242 4656 407 4712 rebus
440 4658 687 4728 fratrum
706 4659 1030 4712 monasterii
1050 4658 1245 4712 Sancti
1259 4659 1414 4713 Petri
1434 4661 1802 4715 Carnotensis.

213 4747 267 4800 1.
301 4747 378 4800 De
441 4746 616 4799 vineis
655 4745 823 4816 juxta
880 4747 1100 4800 vineam
1154 4747 1531 4817 episcopalem.
1595 4747 1805 4802 Priscis

146 4834 543 4907 temporibus,
576 4834 718 4904 quia
746 4851 874 4889 raro
903 4834 1231 4890 habebatur
1261 4825 1522 4890 Carnotis
1555 4852 1699 4890 usus
1730 4835 1806 4889 vi-

148 4941 413 4990 nearum,
434 4923 608 4992 juxta
631 4921 859 4978 vineam
882 4921 1270 4995 episcopalem
1289 4924 1494 4979 fratres
1516 4923 1810 4979 habebant

147 5001 559 5068 tantummodo
583 5015 701 5066 tres
723 5010 1034 5084 aripennos
1055 5012 1255 5079 vineae,
1279 5011 1390 5068 sibi
1411 5012 1576 5068 datos
1598 5031 1631 5068 a
1663 5030 1808 5085 quo-

149 5101 284 5157 dam
318 5099 610 5156 Bernoino
640 5101 876 5156 nomine
905 5103 1040 5170 (77).

213 5193 270 5246 2.
307 5189 382 5244 De
414 5197 651 5260 quatuor
676 5190 998 5260 farinariis.
1052 5191 1229 5245 Erant
1258 5189 1342 5246 eis
1365 5201 1498 5246 1111or
1527 5190 1811 5260 farinarii,

220 5334 334 5404 (76)
369 5334 517 5404 Quae
543 5332 711 5387 uncis
742 5331 972 5404 inclusa
1002 5332 1124 5388 solo
1156 5333 1211 5388 in
1239 5333 1437 5388 codice
1461 5334 1499 5388 B
1521 5333 1814 5404 leguntur.

227 5408 341 5475 (77)
370 5403 551 5458 Addit
582 5404 707 5459 cod.
743 5404 786 5458 Β
806 5421 818 5458 :
838 5403 902 5459 de
931 5406 1128 5476 quibus
1158 5406 1209 5460 si
1237 5414 1444 5460 curttua
1471 5408 1816 5474 inrum’ssmn,

163 5477 396 5533 scribere
425 5491 540 5530 non
567 5477 852 5547 piguisset.

236 5548 350 5619 (78)
379 5547 546 5604 Idem
576 5546 806 5603 videtur
833 5563 900 5604 ac
930 5547 1252 5616 corrigiam.

1908 3239 2135 3294 modios
2159 3251 2305 3304 imor,
2341 3239 2411 3292 ad
2445 3237 2671 3292 hostem
2704 3244 2834 3290 1111“?
2865 3235 3102 3302 solidos,
3127 3239 3253 3290 octo
3285 3235 3555 3290 denarios

1909 3345 2010 3401 pro
2034 3327 2316 3397 multone,
2339 3344 2442 3398 pro
2465 3325 2726 3397 pastione
2751 3324 3024 3379 frumenti
3051 3323 3313 3378 modium
3337 3341 3376 3394 1,
3396 3323 3556 3379 ordei

1908 3418 2172 3474 modium
2195 3435 2233 3483 1,
2256 3419 2327 3472 de
2357 3416 2533 3487 lignis
2566 3432 2731 3470 carra
2760 3413 3095 3478 11°.Claudit
3123 3413 3276 3467 circa
3307 3419 3554 3482 curtem,

1907 3507 1994 3562 vel
2026 3507 2096 3562 de
2150 3507 2366 3562 fossato
2399 3503 2675 3576 perticam
2709 3521 2746 3558 1.
2781 3503 2941 3558 Facit
2996 3519 3280 3556 manuum
3340 3519 3551 3575 opera;

1910 3596 2168 3652 solvebat
2196 3613 2261 3650 cc
2283 3600 2418 3650 etxx
2451 3592 2757 3659 scintulos,
2783 3591 2974 3663 pullos
3007 3596 3125 3647 tres
3155 3591 3395 3646 vestitos
3419 3592 3554 3664 (80),

1910 3684 2255 3756 requisitam
2298 3700 2487 3737 avenzn
2541 3681 2802 3735 modium
2836 3698 2873 3745 1,
2909 3681 3154 3735 faciebat
3185 3679 3436 3750 caplim;
3470 3680 3556 3734 vi-

1911 3773 2128 3828 nericia
2146 3773 2214 3826 de
2245 3789 2407 3826 carro
2439 3769 2698 3824 dimidio.
2729 3774 2792 3823 In
2816 3768 2992 3823 Moris
3013 3768 3162 3822 Villa
3182 3767 3360 3823 simili
3385 3769 3556 3824 modo

1912 3862 2232 3917 reddebant
2262 3857 2527 3931 agricola:
2571 3857 2908 3923 Balduinus,
2941 3855 3302 3920 Vintharius,
3334 3855 3556 3910 Archa-

1912 3950 2054 4017 rius,
2091 3939 2452 4014 P‘ulcherius,
2481 3945 2878 4017 Adalgrimus.

1981 4040 2035 4093 5.
2066 4041 2142 4094 Dc
2171 4037 2468 4094 Cri-vannis.
2503 4035 2565 4090 In
2620 4033 2908 4089 Cavannis
2938 4032 3089 4087 Villa
3119 4037 3284 4088 erant
3313 4033 3372 4087 hi
3406 4033 3558 4106 agri-

1913 4127 2079 4183 colae:
2109 4125 2472 4192 Teodradus,
2496 4124 2885 4190 Winebertus,
2922 4121 3316 4190 Amalbcrtus,
3350 4122 3562 4178 Godul-

1912 4217 2133 4281 bertus,
2166 4214 2577 4280 Arehenarius,
2611 4214 2991 4279 Godefredus,
3027 4213 3408 4279 Beneventus,
3442 4213 3561 4268 Ma-

1913 4305 2274 4377 dalgaudus,
2298 4302 2599 4368 Beraldus,
2627 4301 3298 4369 llildeboldus,Sadrius,
3334 4301 3562 4366 Petrus,

1911 4393 2275 4466 Guaningus,
2337 4390 2666 4455 Raduinus,
2741 4390 3104 4455 Adalcarius,
3170 4390 3562 4452 Ricbrannus,

1835 4501 1880 4564 D
1914 4477 2206 4549 Odocnus,
2241 4480 2528 4546 Electeus,
2564 4478 2926 4550 Ingeraldus,
2962 4479 3315 4544 Bernardus,
3348 4475 3562 4532 Guine-

1912 4573 2133 4638 bertus,
2175 4569 2274 4642 qui
2327 4585 2532 4624 omnes
2584 4568 2886 4624 solvebant
2945 4567 3097 4622 sicut
3152 4565 3326 4621 ceteri
3386 4581 3566 4636 supra

1915 4660 2142 4733 scripti.

1984 4753 2038 4805 6.
2071 4751 2144 4806 De
2177 4748 2400 4821 Cipedo.
2436 4747 2496 4802 In
2531 4747 2740 4818 Cipedo
2791 4744 3055 4816 agricolae
3087 4748 3254 4800 erant
3287 4761 3300 4799 :
3336 4743 3565 4800 Adelar-

1918 4837 2048 4905 dus,
2083 4836 2491 4902 Erchenarius,
2526 4836 2751 4900 Petrus,
2784 4833 3113 4905 Agifredus,
3144 4831 3566 4898 Guineboldus,

1916 4928 2342 4999 Angenbertus,
2376 4925 2832 4991 Gandremarus,
2877 4923 3282 4994 Bernegarius,
3315 4922 3567 4978 Goduir-

1917 5015 2066 5082 leus,
2104 5015 2504 5081 lluncbertus;
2541 5012 2844 5067 solvebant
2908 5011 3060 5068 sicut
3115 5029 3296 5085 supra
3343 5010 3568 5082 scripti.

1923 5105 2053 5160 Haec
2071 5102 2208 5158 villa
2239 5102 2517 5156 moderno
2541 5106 2800 5172 tempore
2827 5100 3110 5156 translata
3132 5106 3219 5156 est
3237 5118 3268 5156 a
3286 5099 3573 5155 monacho

1923 5194 2144 5250 Ursone
2174 5191 2233 5246 in
2266 5190 2389 5246 loco
2423 5189 2522 5262 qui
2555 5194 2793 5246 vocatur
2813 5191 2968 5245 Nova
2989 5190 3158 5256 Villa,
3194 5206 3327 5244 nam
3357 5178 3576 5243 vicaria

1998 5338 2110 5403 (79)
2143 5335 2359 5390 Deinde
2392 5334 2854 5405 superscriptum
2889 5351 2904 5388 1
2936 5341 3180 5388 aratum.

2001 5400 2111 5474 (δυ’)
2151 5407 2344 5461 l‘ullus
2375 5400 2611 5469 vestitus,
2636 5400 2728 5460 cui
2759 5422 2986 5476 nempe,
3021 5400 3576 5476 opinorg(Du_cangi_o

1932 5479 2028 5535 hic
2059 5479 2308 5544 silente),
2342 5495 2466 5544 ova,
2501 5494 2743 5532 nurnero
2777 5473 3120 5549 plerumque
3153 5474 3440 5547 quinario,
3477 5473 3576 5528 ad-

1927 5552 2280 5622 junguntur.
