3988 6072
376 184 490 247 211

1268 188 1364 248 ΡΑ
1421 188 1496 248 LI
1543 189 1609 250 S.
1654 189 1888 249 PETRI
1933 187 2480 251 CARNOTENSIS
2525 189 2904 252 MONACHI.

3667 186 3793 249 212

380 335 510 374 eam
540 317 793 390 graviter
824 317 1138 392 affligebat.
1172 320 1272 375 Est
1331 324 1525 376 autem
1559 319 1672 376 sita
1704 337 1820 376 non
1855 318 2025 391 longe
2057 319 2108 384 Α
2141 319 2210 374 de
2241 319 2456 391 quibus
2486 320 2661 392 periit
2688 320 3016 377 litterarum
3046 318 3281 387 noticia,
3315 322 3417 375 aut
3435 317 3802 393 negligentia

382 425 415 464 a
444 407 652 464 Bodasi
681 407 854 476 Villa,
891 409 963 463 ad
993 409 1345 464 orientalum
1378 409 1632 482 plagam.

449 500 505 553 7.
541 503 622 553 De
653 498 903 554 Camenis
936 499 1095 554 Villa.
1130 503 1196 553 In
1229 500 1500 554 Comonis
1527 498 1681 554 Villa
1717 497 2027 564 Albuinus,

383 587 484 658 qui
515 587 750 643 tenebat
780 587 851 660 de
883 592 1036 642 terra
1065 588 1355 643 bunuaria
1393 607 1448 655 ν,
1485 587 1743 644 solvebat
1795 603 1857 642 III
1907 604 2030 642 mo-

385 676 512 731 dios
544 676 820 731 frumenti
850 679 909 732 et
928 676 1073 732 alios
1104 694 1269 743 usus,
1305 677 1457 732 sicut
1477 695 1656 749 supra
1677 676 1901 732 dictum
1923 681 2029 732 est.

386 765 707 820 Rainaldus
739 767 1143 835 tantumdem;
1176 766 1465 822 Adalveus
1508 785 1563 822 Vl
1617 765 1906 821 bunuaria
1963 767 2034 820 de

386 858 561 922 terra,
596 858 652 910 et
673 855 849 910 dabat
879 873 963 910 IIII
996 856 1272 911 frumenti
1304 857 1414 928 (81)
1467 855 1715 925 modios,
1774 861 1832 910 et
1889 853 2035 910 alios

389 961 565 1011 usus;
602 943 957 1000 Gindbertus
988 944 1278 1000 similiter.

459 1035 513 1087 8.
545 1035 620 1088 De
649 1033 847 1089 Moenis
881 1035 1038 1088 Villa.
1074 1034 1136 1088 In
1161 1034 1382 1089 Moenis
1413 1033 1562 1089 Villa
1601 1033 1946 1090 habitabant
1976 1051 2036 1089 ιιι

389 1122 785 1190 Erembertus,
823 1122 1186 1188 Benedictus,
1223 1122 1578 1179 Amaltrudis
1607 1141 1620 1192 ;
1654 1127 1710 1178 et
1739 1121 2040 1178 solvebant

390 1228 431 1266 ιι
462 1211 741 1266 frumenti
773 1212 1000 1266 modios
1032 1217 1087 1268 et
1117 1212 1344 1284 reliqua
1374 1213 1526 1268 sicut
1557 1229 1754 1284 supra.

462 1301 516 1354 9.
543 1305 624 1355 De
653 1301 887 1356 Abba-nis
919 1301 1078 1356 Villa.
1117 1302 1178 1356 In
1205 1302 1465 1357 Abbonis
1496 1301 1647 1357 Villa
1703 1319 1876 1358 scura
1934 1302 2042 1357 do-

395 1389 612 1444 minica
642 1395 802 1458 erat;
828 1391 899 1445 de
931 1394 1082 1446 terra
1112 1391 1263 1446 inter
1293 1392 1522 1447 diversa
1582 1391 1709 1448 loca
1759 1391 2044 1447 bonuaria

392 1497 484 1533 xv.
520 1479 726 1551 Ignoro
758 1479 1042 1535 bonuaria
1075 1480 1215 1552 quid
1247 1481 1402 1550 sint;
1438 1485 1545 1545 set,
1582 1481 1734 1537 sicut
1765 1481 1942 1536 didici
1978 1480 2037 1534 in

395 1567 504 1622 hac
535 1567 690 1635 villa,
726 1568 975 1624 habetur
1005 1572 1158 1625 terra
1202 1574 1498 1626 aratorum
1558 1587 1784 1626 novem.
1843 1570 2041 1625 Miror.

2139 407 2411 464 oblivioni
2446 410 2708 478 tradidit,
2745 427 2812 465 ea
2843 410 3083 482 quidem
3116 408 3369 466 scribere
3425 408 3798 481 ﬂoccipendi.

2139 499 2574 554 Tantummodo
2619 499 2688 553 de
2717 499 2937 571 quibus
2994 497 3326 554 litterarum
3359 499 3540 554 series
3568 502 3800 554 certum

2143 603 2236 642 me
2267 587 2542 651 reddidit,
2574 587 2664 643 vel
2694 605 2928 660 semper
2956 605 2990 643 a
3021 587 3363 643 substitutis
3394 586 3621 642 clericis
3657 589 3804 641 sunt

2145 693 2554 749 possessa,pro
2584 677 2818 733 modulo
2847 677 3009 732 tenui
3038 676 3256 750 ingenii
3289 675 3405 732 mei
3436 675 3802 731 membranis

2144 765 2399 821 inserere
2431 765 2652 837 studui,
2684 783 2757 820 ne
2796 766 2944 821 forte
3001 765 3183 822 lector
3234 765 3392 820 hunc
3443 764 3637 820 locum
3695 768 3804 819 aut

2144 855 2329 911 fuisse
2358 854 2592 928 inopem
2625 872 2825 921 censu,
2859 855 3051 911 fallaci
3083 855 3332 910 aestimet
3361 855 3654 927 opinione.
3689 853 3802 908 Lo-

2148 960 2252 999 cus
2282 945 2533 1017 denique
2565 943 2664 1018 qui
2695 945 2914 1001 Boscus
2947 944 3172 1000 Medius
3203 948 3579 1015 nuncupatur
3601 947 3657 998 et
3674 941 3803 998 cin-

2149 1033 2308 1106 gitur
2327 1050 2361 1088 a
2380 1033 2822 1106 septentrionali
2843 1038 3006 1106 parte
3026 1032 3180 1100 saltu
3211 1051 3328 1089 non
3359 1033 3609 1098 modico,
3623 1037 3804 1104 atque

2150 1123 2222 1178 ab
2253 1122 2496 1178 australi
2555 1131 2720 1196 parte
2777 1122 2961 1179 rivulo
3005 1123 3223 1191 Ederae,
3257 1138 3491 1195 semper
3519 1121 3807 1177 habuisse

2151 1212 2336 1267 fertur
2365 1212 2436 1268 ab
2483 1211 2576 1268 his
2617 1213 2717 1284 qui
2749 1213 2906 1268 hunc
2935 1211 3129 1268 locum
3162 1215 3488 1268 noscuntur
3517 1211 3803 1266 tenuisse.

2153 1302 2495 1357 Tenuerunt
2524 1301 2700 1357 etiam
2723 1302 2782 1356 in
2805 1301 3097 1357 territorio
3127 1299 3409 1356 Vilcasini
3435 1300 3618 1357 Genet
3639 1298 3807 1354 Villae

2153 1391 2394 1446 terciam
2428 1395 2674 1462 partem,
2709 1408 2885 1464 quam
2919 1390 3120 1464 regina
3149 1389 3544 1458 sanctissima,
3568 1387 3810 1444 nomine

2155 1479 2442 1545 Baltildis,
2461 1481 2519 1534 in
2538 1481 2730 1536 tribus
2746 1480 3013 1553 partibus
3035 1479 3306 1545 divisam,
3329 1496 3509 1534 unam
3541 1478 3805 1551 quidem,

2155 1585 2258 1641 pro
2291 1568 2476 1641 gloria
2505 1576 2728 1625 aeternae
2759 1569 2886 1624 vita:
2919 1568 3316 1642 adipiscenda,
3352 1568 3489 1624 huic
3532 1566 3806 1623 mcclesiaa

398 1674 631 1757 quoque
663 1659 842 1729 quod,
879 1676 987 1714 usu
1020 1659 1376 1715 dissociabili
1407 1661 1477 1715 ab
1510 1659 1641 1714 aliis
1691 1677 1870 1731 supra
1899 1658 2037 1714 scri-
2077 1691 2126 1757 B
2157 1658 2310 1713 beati
2344 1658 2493 1713 Petri
2527 1657 2922 1730 apostolorum
2977 1658 3257 1730 principis
3316 1656 3594 1757 contulit;
3628 1655 3807 1756 aliam

398 1745 536 1818 ptis,
569 1746 629 1801 in
663 1747 946 1802 reditibus
979 1748 1290 1804 reddendis
1339 1753 1505 1804 erant
1553 1748 1818 1822 agricola:
1865 1748 2047 1819 hujus
2078 1745 2124 1757 ”
2157 1747 3136 1819 quoqueGemmeticensiecclesiae
3154 1747 3318 1802 almae
3337 1745 3808 1810 MatrisDomini,

397 1834 546 1890 villae
577 1853 821 1892 numero
850 1855 1024 1891 xxxm
1058 1854 1071 1892 :
1106 1838 1527 1909 Bertegaudus,
1563 1837 1873 1909 Leobinus,
1903 1837 2050 1892 Gar—
2159 1842 2334 1908 atque
2365 1837 2604 1893 terciam
2649 1837 2804 1893 beati
2854 1837 3125 1910 Remigii,
3161 1837 3474 1892 Remorum
3517 1834 3810 1907 archiepi-

401 1923 643 1992 nuinus,
675 1925 1066 1998 Godulgarius
1097 1944 1231 1982 cum
1257 1927 1514 1993 Dadone,
1537 1926 1877 1994 Rainaldus,
1903 1927 2049 1982 Leo-

401 2013 625 2080 tardus,
653 2014 988 2082 Radfulsus,
1009 2016 1326 2083 Johannes,
1344 2016 1638 2088 Sigaldus,
1655 2014 2047 2080 Godobaldus,

404 2101 754 2169 Gualterius,
780 2103 1112 2169 Rainarius,
1133 2104 1503 2171 Adalmarus,
1527 2105 1875 2168 Electrudis,
1894 2104 2049 2159 Gau-

405 2191 753 2257 rembertus,
788 2191 995 2260 Guido,
1047 2192 1434 2260 Christianus,
1463 2195 1788 2260 Adoardus,
1841 2194 2050 2248 Reme-

407 2278 559 2345 dius,
595 2280 963 2347 Guillelmus,
1009 2283 1374 2339 \Vatraldus.
1416 2281 1676 2356 Singulis
1723 2283 1975 2338 solidum
2009 2299 2046 2337 ι.

407 2367 733 2425 solvebant.
759 2370 1118 2426 Municarius
1141 2390 1201 2426 ιιι
1229 2371 1481 2442 solidos;
1506 2373 1838 2445 Agedardus
1857 2377 1913 2428 et
1934 2373 2048 2427 Ra-

406 2459 661 2514 doardus
693 2459 946 2515 solidum
979 2479 994 2516 ι
1027 2466 1083 2516 et
1113 2461 1444 2516 dimidium.
1479 2462 1758 2518 Similiter
1795 2463 2049 2518 Godoar-

407 2547 540 2602 dus.
575 2549 923 2606 Benedictus
982 2550 1200 2606 solidos
1223 2568 1298 2618 ιι;
1333 2551 1679 2607 Raincarius
1723 2556 1780 2606 et
1812 2550 2050 2606 Benedi-

407 2642 536 2692 ctus
569 2638 840 2694 denarios
870 2655 998 2707 vm;
1034 2640 1390 2696 Godovertus
1440 2640 1689 2696 solidum
1722 2659 1734 2696 ι
1777 2645 1832 2696 et
1873 2642 2049 2696 dena-

408 2725 525 2781 rios
557 2741 703 2794 "11°",
739 2727 1043 2783 Goduinus
1075 2747 1173 2784 νιιι
1195 2730 1762 2798 denarios;Natalis,
1785 2729 2047 2797 Aloinus,

409 2815 733 2884 Raduinus,
766 2833 823 2873 v1
855 2817 1142 2874 denarios.
1177 2819 1412 2874 Decima
1441 2819 1618 2891 hujus
1647 2819 1794 2875 villae
1854 2824 2054 2874 nostra

408 2909 514 2971 est,
551 2907 818 2976 quamvis
850 2908 922 2962 ad
955 2906 1130 2964 aliam
1166 2908 1486 2964 aecclesiam
1509 2913 1772 2982 pergant,
1811 2926 1923 2964 non
1956 2909 2054 2964 ha-

408 2993 614 3050 bentes
645 2996 960 3068 propriam.

2159 1926 2340 1999 scepi,
2365 1925 2616 1982 basilicae
2648 1927 2856 1982 usibus
2887 1927 3133 1981 fratrum
3157 1924 3556 1998 stipendiariis
3579 1923 3811 1996 delega-

2155 2016 2259 2070 vit.
2295 2016 2433 2071 Pars
2463 2032 2595 2071 vero
2629 2015 2797 2070 beato
2847 2016 3008 2071 Petro
3043 2015 3198 2081 data,
3232 2032 3266 2070 a
3296 2015 3571 2070 Guiberto
3603 2012 3815 2068 abbate

2159 2105 2454 2177 quondam
2487 2104 2810 2176 improvide
2841 2103 3074 2159 cuidam
3107 2103 3277 2158 militi
3303 2107 3361 2159 et
3391 2103 3623 2159 duobus
3654 2101 3817 2158 here-

2158 2195 2331 2250 dibus
2361 2193 2485 2249 suis
2508 2193 2567 2248 in
2591 2211 2768 2248 manu
2800 2193 2972 2248 firma
3000 2209 3278 2249 concessa
3305 2209 3432 2248 esse
3463 2191 3808 2247 dinoscitur.

2159 2285 2238 2339 De
2261 2301 2396 2355 qua,
2417 2282 2666 2356 singulis
2689 2282 2929 2348 annis,v
2951 2281 3120 2337 solidi
3140 2297 3518 2337 nummorum
3533 2284 3810 2336 consuete

2159 2373 2572 2428 reddebantur.
2605 2372 2723 2438 Set,
2756 2370 2874 2427 illis
2904 2372 2974 2427 de
3005 2371 3113 2427 hoc
3145 2370 3340 2427 seculo
3366 2369 3803 2436 decedentibus,

2157 2479 2227 2518 ex
2247 2479 2456 2535 genere
2479 2477 2680 2516 eorum
2704 2460 2970 2533 quaadam
2996 2465 3282 2528 matrona,
3304 2459 3540 2516 nomine
3562 2457 3807 2525 Addela,

2155 2552 2378 2607 viribus
2417 2554 2820 2622 potestateque
2868 2549 3139 2618 subnixa,
3170 2566 3274 2622 per
3300 2549 3416 2603 vim
3449 2565 3576 2604 eam
3609 2553 3806 2603 tenere

2158 2658 2345 2713 usque
2367 2641 2437 2695 ad
2461 2644 2758 2696 senectam
2777 2656 2890 2694 non
2913 2639 3135 2706 timuit;
3161 2639 3342 2694 donec
3356 2637 3610 2712 obligata
3631 2636 3803 2710 longo

2159 2728 2780 2787 excommunicationis
2807 2727 3058 2795 vinculo,
3084 2727 3360 2801 gehennae
3391 2727 3544 2802 ignis
3573 2725 3804 2792 timore,

2160 2837 2293 2875 cum
2326 2817 2690 2892 cirographo,
2727 2818 2886 2873 omni
2936 2821 3229 2873 annuente
3287 2816 3602 2890 parentela,
3637 2816 3806 2871 beato

2161 2910 2325 2970 Petro
2351 2909 2632 2964 redderet.
2660 2909 2844 2973 Quam
2878 2924 3014 2962 cum
3045 2906 3324 2978 ecclesia,
3349 2908 3486 2978 jure
3515 2903 3808 2961 heredita-

2160 2999 2266 3065 rio,
2295 2999 2413 3053 fere
2444 2996 2845 3070 quinquennio
2877 2997 3219 3068 possideret,
3255 2995 3508 3051 surrexit
3563 2993 3810 3066 quidam

478 3083 564 3138 -ΙΟ,
602 3063 673 3139 Dc
705 3063 970 3157 Alzz'ldulﬁ
1005 3086 1169 3142 Villa.
1204 3087 1266 3142 In
1324 3088 1600 3144 Ahildulﬁ
1651 3089 1820 3157 Villa,
1873 3105 2048 3160 quam
2081 3063 2124 3130 (δ
2164 3063 2350 3155 miles,
2377 3063 2702 3143 Gaubertus
2727 3063 2962 3142 nomine
2985 3087 3118 3155 (82),
3143 3063 3367 3141 habens
3401 3063 3637 3156 neptam
3670 3101 3814 3155 prae-

404 3172 600 3228 nescio
646 3173 747 3229 ubi
805 3175 902 3240 sit,
937 3175 1197 3231 ruricola:
1248 3195 1382 3232 vero
1413 3184 1620 3234 erant:
1664 3177 2048 3245 'I‘eodoaldus,

406 3261 827 3330 Municharius,
861 3265 1257 3336 Adalgandus,
1289 3267 1678 3339 Adalguinus,
1706 3267 1806 3339 qui
1831 3265 2050 3340 singuli

406 3349 658 3405 solidum
691 3369 707 3406 1
741 3351 1075 3421 solvebant;
1113 3355 1386 3427 Frodegis
1418 3373 1549 3411 vero
1596 3356 1812 3412 solidos
1843 3371 1948 3412 ιιθε.
1983 3356 2052 3411 Hi

407 3454 610 3494 omnes
641 3439 936 3496 habebant
965 3443 1035 3497 de
1071 3447 1222 3498 terra
1251 3445 1535 3500 bonuaria
1582 3445 1714 3516 tria,
1773 3450 1830 3500 et
1887 3445 2053 3500 facie-

407 3527 547 3582 bant
580 3530 854 3585 corvedas
885 3531 1125 3603 diesque
1155 3550 1210 3588 Vl
1243 3531 1300 3587 in
1330 3533 1522 3589 blado.
1557 3535 1740 3589 Dabat
1771 3553 1830 3590 ιιι
1861 3534 2053 3608 pullos

409 3632 540 3670 cum
575 3617 696 3672 ovis
719 3635 732 3684 ;
767 3618 1106 3690 requisitam
1131 3639 1321 3676 avenae
1349 3623 1719 3678 medietatem
1743 3624 1975 3689 modiis,
1999 3629 2056 3679 et

409 3704 715 3760 denarium
747 3725 784 3762 ι.
825 3709 884 3762 In
918 3707 1042 3764 loco
1067 3709 1166 3780 qui
1199 3715 1436 3766 vocatur
1463 3713 1636 3781 Absa,
1668 3713 1782 3767 tria
1822 3717 2053 3768 tantum

408 3799 576 3848 erant
605 3794 867 3867 hospicia
899 3814 910 3851 :
947 3816 1120 3870 quem
1155 3799 1348 3855 locum
1400 3801 1634 3872 penitus
1665 3801 1866 3873 ignoro
1893 3819 1906 3870 ;
1941 3806 2050 3870 set,

411 3883 548 3953 quia
577 3884 860 3955 scriptum
893 3887 1132 3957 reperio,
1167 3889 1295 3944 ideo
1329 3889 1508 3945 fuisse
1537 3908 1650 3946 non
1685 3891 1907 3947 dubito.

478 3973 567 4026 41.
597 3973 670 4028 De
701 3975 924 4029 Buxeto.
960 3976 1022 4030 In
1054 3976 1178 4032 loco
1209 3977 1338 4044 hoc,
1373 3996 1488 4050 quo
1539 3996 1806 4036 caremus
1857 3981 2052 4050 modo,

410 4077 584 4131 quem
607 4061 781 4116 etiam
815 4064 1035 4135 ignoro,
1070 4071 1193 4120 erat
1251 4067 1435 4122 saltus
1493 4069 1792 4136 fratribus,
1853 4069 1924 4124 ad
1959 4087 2052 4125 sa-

409 4148 734 4220 ginandum
767 4153 1116 4226 quingentos
1151 4172 1394 4226 porcos;
1429 4157 1499 4212 de
1547 4163 1702 4212 terra
1762 4158 2055 4214 dominica

408 4239 522 4292 tria
551 4239 836 4296 bonuaria
866 4243 935 4296 de
965 4249 1127 4314 prato
1157 4244 1308 4300 inter
1337 4246 1450 4300 duo
1509 4245 1652 4314 loca,
1688 4248 1840 4302 unde
1888 4249 2053 4303 exhi-

322 4376 324 4378 ,
410 4327 552 4382 bant
582 4339 664 4382 ιιι·
689 4346 853 4384 carra
883 4331 1018 4386 feni.
1053 4333 1374 4406 Agricolae:
1409 4337 1768 4402 Teodardus,
1810 4338 2052 4394 Bernar-

2160 3177 2324 3232 dictw
2357 3181 2655 3243 matrona,
2681 3176 2752 3232 ab
2777 3193 2887 3231 usu
2919 3191 3216 3230 servorum
3248 3173 3348 3230 Dei
3380 3173 3634 3244 retorsit,
3655 3173 3809 3229 suis-

2159 3283 2272 3338 que
2300 3265 2506 3322 usibus
2535 3264 2776 3338 impune
2806 3263 3138 3336 mancipare
3171 3281 3285 3319 non
3315 3263 3532 3318 timuit.
3565 3263 3690 3318 Non
3723 3279 3813 3318 so-

2160 3355 2282 3410 lum
2313 3355 2456 3422 hac,
2489 3359 2576 3410 set
2603 3357 2661 3409 et
2691 3353 2807 3409 alia
2838 3352 3092 3426 plurima
3121 3353 3192 3408 ab
3225 3353 3434 3409 usibus
3489 3351 3706 3408 nostris
3747 3352 3810 3406 in

2161 3444 2407 3500 aliorum
2431 3443 2637 3499 usibus
2659 3442 3052 3498 transierunt:
3079 3441 3232 3498 sicut
3251 3441 3488 3498 Gundre
3503 3439 3654 3496 Villa
3672 3457 3810 3497 cum

2161 3541 2288 3590 oclo
2311 3532 2553 3601 mansis,
2577 3531 2802 3604 brogilo
2821 3535 2879 3586 et
2903 3531 3088 3603 patris
3111 3530 3502 3603 omnibusque
3532 3530 3814 3602 appendi-

2161 3624 2268 3679 ciis
2295 3641 2307 3691 ;
2339 3639 2516 3695 quam
2545 3620 2784 3693 quidam
2807 3620 2989 3676 abbas
3017 3619 3198 3691 hujus
3219 3619 3329 3676 loci
3347 3621 3580 3675 cuidam
3604 3636 3809 3692 puero,

2162 3729 2338 3785 quem
2369 3712 2438 3767 de
2469 3727 2632 3767 sacro
2666 3710 2822 3766 fonte
2853 3709 3281 3782 susceperat,in
3314 3714 3694 3765 aucmentum
3715 3709 3814 3765 de-

2163 3803 2286 3869 dit;
2319 3803 2488 3873 cujus
2518 3799 2859 3872 genealogia
2888 3815 3076 3871 usque
3100 3798 3173 3853 ad
3203 3798 3356 3854 hanc
3398 3797 3574 3866 diem,
3610 3797 3812 3853 invitis

2161 3890 2462 3956 fratribus,
2497 3893 2689 3943 tenere
2718 3889 2965 3943 videtur.
3001 3893 3066 3952 In
3122 3887 3479 3943 Normannia
3533 3885 3810 3958 denique,

2154 3981 2324 4052 juxta
2355 3995 2534 4045 mare,
2568 3977 2742 4032 Tedis
2773 3977 2986 4031 Villam
3017 3976 3306 4032 Robertus
3352 3993 3547 4032 comes
3595 3977 3813 4032 Sancto

2161 4070 2326 4125 Petro
2350 4067 2593 4122 abstulit
2615 4070 2670 4122 et
2690 4066 2924 4121 cuidam
2947 4065 3118 4121 militi
3141 4064 3650 4121 tradidit.Sublata
3671 4070 3817 4122 sunt

2163 4158 2334 4213 nobis
2364 4157 2422 4211 in
2455 4157 2659 4212 eadem
2702 4154 2889 4227 patria
2919 4159 2974 4210 et
3006 4153 3119 4210 alia
3148 4153 3338 4227 plura,
3370 4159 3489 4210 tam
3521 4153 3581 4210 in
3609 4153 3815 4210 aaccle-

2163 4247 2265 4304 siis
2296 4263 2471 4318 quam
2506 4245 2564 4300 in
2606 4244 2955 4317 piseatoriis,
2991 4261 3117 4316 quae
3176 4244 3337 4299 dedit
3393 4244 3816 4300 memorandus

2161 4353 2356 4393 comes
2390 4333 2737 4401 Richardus,
2754 4349 2882 4405 qua»
2904 4332 3224 4388 ecclesiam
3248 4334 3473 4388 Sanctae
3503 4332 3818 4390 Trinitatis

411 4417 540 4484 dus,
577 4418 969 4487 Teodbaldus,
1003 4421 1390 4491 Mammenus,
1424 4424 1755 4497 Adalgislli
1779 4427 2066 4484 faciebant
2093 4432 2140 4496 Ι)
2173 4425 2443 4499 regaliter
2473 4421 2808 4478 sublimavit
2837 4426 2894 4477 et
2922 4421 2982 4476 in
3014 4421 3274 4478 Periculo
3323 4421 3503 4478 maris
3551 4427 3816 4478 montem

411 4507 597 4578 rigam
630 4508 701 4562 ad
733 4507 1037 4564 hibernam
1073 4513 1322 4583 perticas
1353 4531 1434 4580 ιιι,
1470 4515 1540 4568 ad
1571 4515 1901 4572 tramissem
1935 4522 2058 4573 tan-

410 4598 698 4662 tumdem,
732 4603 788 4653 et
809 4601 1134 4655 corvedam.
1161 4601 1470 4657 Solvebant
1497 4603 1748 4659 solidum
1773 4623 1788 4660 ι
1811 4611 1865 4660 et
1886 4607 2059 4662 dena-

415 4685 589 4752 rium,
649 4686 872 4758 Caplim
918 4689 1077 4743 omni
1132 4707 1324 4758 anno;
1359 4693 1601 4746 carrada
1643 4711 1762 4748 una
1789 4699 1847 4749 et
1876 4696 2056 4750 carri-

413 4773 576 4845 gium
603 4793 616 4842 ;
650 4775 844 4847 pullos
874 4780 992 4833 tres
1023 4795 1157 4833 cum
1191 4778 1330 4834 ovis.
1365 4780 1526 4835 Rada
1554 4798 1687 4837 vero
1727 4781 1982 4838 solidum
2013 4803 2053 4852 ι,

415 4863 737 4918 Teotardus
771 4877 906 4920 nu"
936 4867 1226 4922 denarios.
1280 4869 1644 4925 Leotrannus
1687 4873 2054 4928 tantundem.

418 4951 522 5006 Pro
555 4952 680 5024 riga
737 4952 1098 5010 hibernatica
1145 4955 1438 5012 solidumt
1482 4963 1538 5012 et
1598 4959 1928 5017 dimidium.
1995 4962 2056 5017 In

416 5046 612 5095 monte
643 5044 860 5096 Cenoso
892 5044 1083 5098 mansi
1112 5044 1226 5100 duo
1257 5050 1314 5101 et
1343 5051 1498 5102 terra
1529 5048 1756 5103 arabili.

487 5132 572 5185 12.
611 5129 737 5184 Hmc
769 5131 967 5186 omnia
989 5150 1113 5204 qua:
1139 5137 1410 5206 proposui
1444 5141 1499 5191 et
1519 5135 1632 5193 alia
1659 5137 1782 5194 loca
1805 5138 2061 5212 plurima

414 5218 487 5273 ab
520 5217 776 5290 antiquis
810 5221 1110 5277 monachis
1135 5227 1272 5278 sunt
1303 5241 1575 5295 possessa
1602 5231 1658 5282 et
1703 5227 1922 5298 habita,
1957 5229 2060 5285 sed

491 5422 606 5500 (Si)
637 5422 776 5500 god.
810 5423 973 5500 dabat
999 5427 1688 5500 frumenlizmiifrumenti.

2166 4514 2360 4572 Sancti
2396 4511 2696 4568 Michaelis
2727 4510 3088 4583 regulariter,
3113 4511 3266 4566 datis
3283 4509 3638 4583 sumptibus,
3664 4512 3821 4567 ordi-

2165 4605 2341 4660 navit.
2375 4602 2557 4673 Cujus
2601 4601 2829 4656 bonitas
2861 4600 2916 4654 in
2950 4617 3120 4655 evum
3180 4599 3412 4655 laudem
3471 4600 3817 4671 adquirens,

2165 4700 2375 4749 mterne
2402 4691 2532 4744 vitae
2568 4687 2815 4762 gloriam
2847 4706 2982 4744 cum
3014 4689 3289 4746 omnibus
3319 4687 3537 4744 sanctis
3570 4689 3822 4746 feliciter

2167 4779 2504 4854 adquisivit.

2689 4865 3104 4922 CAPITULIJM
3143 4866 3292 4922 VIII.

2484 4957 2753 5014 Secuntur
2782 4971 2865 5012 res
2894 4955 3068 5011 editui
3107 4954 3298 5011 Sancti
3322 4957 3494 5011 Petri.

2240 5050 2291 5104 1.
2337 5053 2412 5104 De
2464 5047 2743 5118 farinario
2794 5060 2963 5117 prope
3020 5045 3229 5100 urbem.
3293 5043 3500 5100 Edituo
3547 5044 3824 5101 ecclesiae

2167 5139 2347 5209 hujus
2379 5135 2694 5192 farinarius
2721 5151 2877 5190 unus
2927 5150 3106 5207 prope
3163 5133 3392 5200 urbem,
3426 5133 3495 5188 ad
3531 5134 3822 5204 majorem

2167 5243 2528 5294 mensuram,
2564 5223 2816 5298 singulis
2869 5223 3039 5280 annis
3092 5223 3369 5280 reddebat
3422 5239 3532 5278 xxx
3592 5221 3824 5279 modios

491 5497 604 5565 (82)
638 5493 773 5551 Post
806 5493 1102 5556 Gauberlus
1134 5493 1355 5556 nomine
1379 5493 1509 5555 cod.
1543 5502 1582 5557 Β
1617 5502 1794 5570 addit,
1829 5503 1892 5560 de
1920 5502 2112 5561 Calido
2137 5501 2327 5558 Monte.
