3968 6080
179 257 280 320 213

1166 255 1420 319 VETUS
1466 256 1754 317 AGANO.
1795 256 2043 317 —LIB.
2092 254 2139 317 Ι.
2187 257 2528 321 AGANUS.

3435 216 3554 319 2'14

179 408 416 458 annona,
446 386 613 445 tritici
670 387 933 445 modium
965 405 1004 457 ι,
1038 387 1332 462 anguillas
1359 372 1491 457 xxx,
1544 405 1786 463 porcum
1818 391 1874 457 Α
1903 389 2258 462 Magdalense
2280 391 2340 446 in
2367 390 2586 447 honore
2619 391 2883 462 fundata,
2906 391 3124 448 ibidem
3142 392 3467 464 pertinebat
3483 394 3554 450 ad

179 499 338 537 unum
366 484 462 535 aut
489 495 589 551 pro
621 494 797 551 porco
827 496 863 535 v
894 477 1112 534 solidos
1138 497 1151 548 ;
1186 496 1542 551 unoquoque
1591 495 1792 535 mense

179 570 392 644 fogatias
424 587 455 623 ιι
488 572 543 624 et
565 566 886 624 sextarium
915 566 1052 635 vini,
1086 566 1278 640 pullos
1310 584 1373 624 ιιι
1406 585 1541 624 eum
1572 568 1716 624 ovis.

234 664 279 715 2.
311 663 382 715 De
410 658 581 715 Giaco.
616 656 702 712 Ibi
757 662 884 713 erat
941 656 1250 730 pratellum
1304 658 1375 713 de
1406 674 1519 730 quo
1551 656 1792 730 collige-

179 749 361 805 bantur
389 763 448 804 uo
474 764 636 803 carra
695 747 832 803 feni.
897 746 1178 819 Agricolae
1234 759 1417 802 uum‘:
1465 745 1792 814 Elisardus,

178 837 434 904 Aceulfus,
465 834 818 894 Gualbertus
839 839 898 892 et
918 835 1214 901 Salomon,
1239 835 1340 907 qui
1361 854 1397 892 v
1417 835 1635 891 solidos
1658 852 1791 891 cum

179 926 388 1000 eulogiis
417 925 475 981 in
501 926 685 981 missa
713 926 900 981 sancti
933 924 1082 981 Petri
1132 926 1455 982 reddebant
1490 924 1638 980 xvcim
1666 923 1791 980 dies

178 1022 403 1088 tempore
458 1014 709 1082 messis;
741 1014 1085 1087 requisitam
1118 1031 1330 1082 avenae,
1365 1014 1649 1071 sextarios
1677 1031 1789 1082 xv;

178 1111 224 1162 et
244 1123 277 1162 v
300 1104 581 1160 denarios.

232 1197 279 1251 3.
306 1196 374 1252 De
401 1194 676 1250 Cortrone.
740 1194 926 1266 Hujus
983 1193 1093 1249 loci
1156 1192 1517 1250 habitatores
1575 1196 1790 1248 erant:

178 1281 771 1348 Walterius,Aclardus
791 1286 850 1339 et
878 1281 1145 1339 Aclulfus
1171 1301 1184 1350 ;
1212 1282 1513 1339 solvebant
1534 1282 1592 1337 in
1614 1299 1794 1338 censu

181 1372 362 1429 solidos
389 1382 522 1428 ml"
547 1376 607 1428 et
637 1372 908 1429 denarios
926 1367 1102 1429 νιιιιοξ
1119 1373 1334 1428 Eorum
1360 1371 1628 1445 quisque,
1648 1376 1796 1426 tem-

182 1479 291 1535 pore
315 1461 536 1529 messis,
567 1460 816 1517 faciebat
872 1462 996 1518 dies
1024 1460 1183 1517 Χιιοίω
1214 1465 1317 1517 aut
1346 1460 1668 1516 redimebat
1698 1460 1796 1516 de-

183 1551 342 1607 narios
367 1568 461 1619 v1;
493 1550 754 1606 solvebat
795 1550 990 1623 pullos
1021 1537 1153 1607 ιιῆον
1182 1567 1316 1607 cum
1348 1550 1510 1619 ovis;
1542 1549 1799 1605 donabat

184 1640 487 1713 requisitum
518 1647 654 1696 Imor
684 1640 922 1696 denario
949 1641 1082 1713 (83).

239 1731 375 1785 $.03
416 1732 608 1799 gereni
665 1730 890 1786 Villare.
949 1730 1329 1786 Habebantur
1382 1730 1452 1785 de
1508 1733 1683 1797 terra,
1735 1728 1794 1783 in

185 1818 521 1887 dominicatu,
568 1819 744 1890 juxta
800 1819 1254 1886 estimationem,
1306 1818 1590 1874 bon‘uaria
1615 1825 1787 1887 nx",

184 1908 238 1963 de
255 1907 444 1964 silvula
473 1908 767 1964 bunuaria
796 1921 964 1974 liuor;
990 1907 1252 1980 agricolae
1277 1905 1794 1974 Adelulfus,Godeo

184 2014 301 2053 neus
324 2002 377 2053 et
425 1999 662 2064 llernes,
697 1997 997 2053 solvebant
1025 1997 1084 2052 in
1118 2013 1298 2052 censu
1330 1996 1547 2052 solidos
1575 2013 1614 2051 ιι
1642 2014 1654 2063 ;
1688 1996 1796 2051 da-

182 2086 260 2142 bat
284 2087 517 2159 quisque
548 2085 746 2160 pullos
777 2102 914 2142 ιιιισν
939 2086 1177 2142 vestitos
1227 2103 1332 2158 per
1380 2086 1537 2141 focos
1563 2104 1576 2154 ;
1611 2085 1798 2141 dona-

182 2175 260 2230 bat
285 2176 596 2248 requistum
631 2193 822 2232 avenae
854 2175 1117 2232 modium
1148 2191 1279 2243 lnam,
1316 2176 1387 2230 ad
1443 2191 1784 2231 mensuram

182 2264 426 2335 venalem,
457 2270 514 2320 et
540 2266 817 2323 denarios
847 2276 952 2322 11".

234 2356 280 2409 5.
311 2360 379 2411 De
412 2355 603 2412 Tilido.
640 2354 955 2421 Quintinus
976 2359 1031 2410 et
1055 2354 1404 2409 Adalbertus
1428 2353 1507 2409 ibi
1534 2351 1801 2408 habitan-

183 2447 269 2509 tes,
289 2444 341 2498 in
364 2461 537 2500 censu
570 2443 1119 2500 solvebant'solidos
1141 2451 1291 2499 ιιιιοτ.
1309 2442 1566 2514 Quisque
1595 2458 1798 2497 eorum

185 2532 404 2589 solvebat
431 2533 626 2606 pullos
657 2527 740 2588 ιἰοί
767 2533 1026 2601 vestitos,
1048 2533 1226 2588 dabat
1255 2532 1585 2604 requistum
1608 2547 1799 2585 avenae

188 2622 412 2677 modium
441 2622 780 2692 dimidium,
805 2623 878 2678 ad
900 2620 1162 2677 venalem
1193 2638 1555 2689 mensuram,
1572 2627 1623 2676 el
1644 2629 1797 2687 1m“,

186 2710 434 2768 denarios.

244 2800 290 2853 6.
317 2801 384 2856 De
408 2802 699 2857 Pincionis
736 2801 906 2857 Villa.
955 2801 1327 2869 Adrevertus,
1387 2799 1469 2854 ibi
1529 2796 1803 2854 habitans

191 2887 412 2945 solvebat
438 2890 496 2945 in
525 2907 711 2946 censu
766 2889 987 2946 solidos
1016 2900 1122 2959 110',
1163 2890 1339 2945 dabat
1389 2888 1717 2960 requistum
1748 2891 1805 2942 et

192 2975 425 3033 denarios
454 2984 556 3035 110'.

241 3067 289 3120 7.
318 3067 383 3123 De
412 3070 766 3125 Manliae/lis.
803 3068 966 3124 Unus
999 3067 1313 3124 farinarius
1367 3066 1644 3133 solvebat,
1679 3064 1799 3120 sin-

1903 477 2222 536 luminaria
2247 480 2519 537 aecclesiae
2550 481 2748 537 Sancti
2782 481 2949 548 Petri,
2975 484 3031 536 et
3055 481 3322 553 ejusdem
3352 481 3555 538 830013-

1901 567 1999 624 size
2048 570 2337 642 presbiter
2385 569 2663 635 solvebat,
2700 587 3052 643 unoquoque
3113 587 3288 638 anno,
3320 587 3385 626 IlI
3415 570 3555 627 soli-

1902 660 2028 715 dos.
2064 659 2124 714 In
2156 660 2356 714 eodem
2414 659 2553 715 villa
2609 658 2963 732 Capitiarius
3012 659 3267 716 habebat
3299 660 3369 715 de
3399 664 3555 717 terra

1903 747 2108 804 arabili
2141 747 2425 804 bonuaria
2455 766 2519 805 υ.

1974 838 2059 893 16.
2092 839 2167 893 De
2195 838 2543 895 Walardone.
2603 838 2779 894 Juxta
2840 838 3085 894 eandem
3140 837 3337 893 villam
3399 841 3555 894 terra

1901 931 1990 982 est
2021 927 2217 983 Sancti
2251 927 2422 995 Petri,
2455 945 2581 999 quae
2630 945 2817 983 unum
2863 927 3118 983 solidum
3168 926 3390 983 solebat
3421 928 3553 983 red-

1901 1016 2073 1083 dere;
2107 1033 2265 1071 nunc
2293 1034 2426 1072 vero
2460 1017 2733 1084 Herveus,
2769 1017 2899 1088 ejus
2928 1016 3039 1072 loci
3088 1016 3388 1084 dominus,
3425 1016 3551 1072 suis

1899 1105 2123 1161 viribus
2180 1106 2502 1175 confidens,
2556 1106 2657 1161 Dei
2716 1106 2926 1161 timore
2985 1105 3331 1178 postposito,
3364 1121 3553 1178 neque

1902 1194 2140 1251 solitum
2175 1195 2427 1251 solidum
2462 1212 2650 1267 neque
2681 1194 2861 1251 ullam
2910 1195 3397 1251 consuetudinem
3428 1193 3553 1250 vult

1904 1285 2164 1341 reddere.

1978 1377 2063 1430 17.
2096 1376 2170 1430 De
2198 1375 2336 1431 Νίάο
2364 1375 2614 1431 Corbino.
2650 1374 2735 1430 Ibi
2780 1374 2851 1430 de
2910 1374 3164 1447 quadam
3218 1378 3373 1429 terra
3419 1390 3551 1428 ara-

1905 1464 2007 1521 bili
2042 1465 2277 1520 exibant
2325 1466 2396 1520 ad
2456 1463 2655 1520 lumen
2716 1464 2970 1520 ecclesiae
3027 1463 3249 1519 denarii
3278 1472 3446 1531 νιιιιο,
3479 1462 3553 1517 ad

1906 1571 2053 1626 opus
2083 1555 2330 1609 fratrum
2362 1553 2583 1609 denarii
2620 1566 2766 1609 m1".

1979 1646 2063 1699 18.
2102 1649 2179 1699 De
2226 1645 2376 1700 Joiri
2424 1643 2583 1698 Villa.
2620 1643 2703 1696 lbi
2764 1641 3086 1698 mansellus
3146 1658 3320 1706 unus,
3377 1657 3551 1713 quem

1903 1734 2137 1788 tenebat
2191 1732 2558 1799 Adalbertus,
2620 1731 2880 1786 solvebat
2933 1730 3151 1787 solidos
3204 1736 3347 1795 tres,
3379 1747 3554 1802 quem

1905 1822 2114 1877 fratres
2145 1820 2562 1888 reclamabant,
2588 1820 2740 1875 sicut
2769 1825 2825 1875 et
2855 1819 3021 1875 illum
3054 1820 3123 1875 de
3154 1819 3479 1876 Wadriaco.

1978 1912 2063 1966 19.
2100 1916 2181 1967 De
2211 1911 2463 1981 beneﬁcio
2526 1910 2832 1966 Winemari
2887 1911 3159 1965 canonici.
3197 1908 3553 1964 Beneﬁcium

1868 1999 1876 2006 ’
1906 2001 2058 2073 quod
2081 1999 2278 2055 vivens
2299 1999 2677 2054 Winemarus
2707 1998 2895 2054 tenuit
2924 1996 3556 2065 cauonicus,moriens—

1905 2106 2017 2162 que
2030 2090 2241 2145 Sancto
2256 2093 2424 2144 Petro
2443 2087 2679 2160 reliquit
2701 2088 2771 2143 ad
2794 2087 3110 2142 luminaria
3130 2086 3551 2152 concinnenda,

1905 2196 2249 2235 concessum
2307 2195 2375 2233 ea
2426 2181 2774 2250 tempestate
2833 2177 2963 2231 fuit.
3001 2181 3073 2231 De
3103 2193 3217 2247 quo
3268 2174 3549 2231 beneficio

1897 2270 2069 2340 juxta
2098 2267 2314 2323 atrium
2365 2267 2559 2323 Sancti
2608 2266 2759 2321 Petri
2819 2269 2985 2321 erant
3012 2281 3091 2321 vn
3123 2281 3288 2334 areae,
3323 2262 3549 2319 solven-

1904 2362 1994 2413 tes
2023 2357 2240 2412 solidos
2269 2374 2347 2412 vn
2374 2374 2387 2423 ;
2421 2373 2669 2428 quorum
2703 2355 3025 2411 incolarum
3058 2353 3297 2409 nomina
3328 2354 3551 2426 paginae

1908 2447 2119 2503 addere
2149 2462 2461 2519 operosum
2493 2445 2619 2511 fuit,
2655 2445 2972 2517 prmsertim
3008 2461 3140 2499 cum
3173 2441 3440 2498 utilitatis
3470 2440 3553 2496 nil

1909 2536 2220 2603 attulisset,
2247 2551 2436 2607 neque
2458 2552 2559 2607 per
2580 2551 2780 2589 eorum
2810 2532 3092 2589 vocabula
3124 2531 3223 2587 ﬁlii
3256 2530 3344 2587 vel
3377 2547 3552 2603 nepo-

1908 2628 1996 2681 tes
2027 2624 2349 2698 quivissent
2386 2622 2645 2697 agnosci.
2676 2624 2851 2678 Juxta
2881 2621 3239 2677 dominicum
3270 2620 3554 2675 vivarium

1910 2732 1979 2771 ex
2003 2715 2204 2770 eodem
2236 2713 2515 2769 beneﬁcio
2545 2717 2711 2768 erant
2748 2713 2863 2768 duo
2895 2710 3157 2784 aripenni
3189 2714 3247 2765 et
3274 2708 3556 2764 dimidius

1909 2804 2088 2859 vinea;
2119 2820 2254 2859 cum
2285 2801 2539 2874 praetello
2571 2802 2681 2857 sibi
2705 2802 2934 2872 juncto,
2961 2800 3114 2855 unde
3142 2818 3177 2856 v
3202 2797 3372 2855 solidi
3403 2796 3557 2852 exire

1913 2892 2199 2949 solebant.
2233 2892 2313 2947 De
2343 2891 2545 2946 eodem
2580 2907 2811 2962 quoque
2855 2888 3135 2945 beneﬁcio
3168 2892 3301 2943 ante
3326 2890 3554 2959 portam

1912 2982 2181 3049 fratrum,
2215 2998 2395 3053 supra
2453 2980 2695 3034 ﬂuvium
2750 2979 3019 3043 Auduraa,
3056 2980 3182 3032 erat
3237 2976 3554 3047 aripennus

1912 3088 2069 3126 unus
2099 3070 2327 3125 solvens
2359 3069 2612 3124 solidum
2640 3085 2845 3122 unum.
2866 3066 3322 3122 Possidebantur
3350 3062 3463 3118 alio
3493 3063 3553 3117 in

189 3154 313 3225 gulis
370 3158 556 3225 annis,
621 3158 771 3214 xvcim
799 3157 1055 3221 solidos;
1089 3156 1375 3213 Gislarius
1421 3162 1477 3212 et
1514 3154 1794 3211 Guauzel-

1926 3176 2058 3228 ,oco,
2090 3159 2160 3214 ad
2193 3159 2386 3230 ipsum
2416 3157 2613 3212 lumen
2647 3156 2846 3212 altaris
2879 3154 3254 3226 pertinentes,
3288 3153 3403 3208 duo
3435 3151 3554 3207 ari-

189 3259 297 3299 mus
334 3250 445 3302 tres
501 3247 727 3303 solidos
774 3245 1075 3302 solvebant
1103 3246 1159 3301 in
1193 3262 1410 3310 censu;
1443 3250 1499 3299 et
1529 3244 1798 3316 quaedam

189 3331 378 3390 vineola
403 3353 580 3409 quam
631 3335 867 3391 tenebat
913 3334 1275 3408 Hildegildis,
1308 3333 1558 3389 solidum
1589 3349 1795 3388 unum.

242 3424 286 3478 8.
314 3425 380 3480 De
403 3425 637 3482 Haireni
668 3425 827 3481 Villa.
859 3424 1125 3481 Electeus
1157 3429 1213 3480 et
1250 3422 1611 3496 Ercatringa,
1645 3421 1799 3494 agri-

188 3510 391 3579 cola,in
410 3531 590 3571 censu
624 3514 928 3571 solvebant
953 3514 1171 3571 solidos
1218 3526 1302 3568 ιιω
1319 3517 1375 3568 et
1416 3511 1686 3568 denarios
1719 3518 1801 3565 11⁸⁸

189 3604 233 3654 et
249 3608 320 3655 11°“
345 3602 530 3675 pullos
560 3620 704 3659 cum
732 3604 874 3660 ovis.

241 3688 288 3744 9.
318 3696 388 3747 De
415 3693 627 3749 Seresii
658 3693 818 3748 Villa.
850 3693 987 3747 Erat
1013 3690 1096 3747 ibi
1125 3691 1196 3747 de
1225 3695 1381 3747 terra
1409 3687 1613 3745 arabili
1645 3687 1801 3744 unde

188 3777 386 3834 exibant
409 3799 506 3837 VIII
539 3780 791 3837 denarii.

246 3869 320 3922 10.
350 3875 423 3925 De
448 3879 597 3926 terra
630 3885 757 3942 quae
784 3878 859 3925 est
889 3871 948 3925 in
978 3870 1191 3942 Berqvu
1214 3868 1347 3941 (84).
1384 3868 1459 3923 De
1488 3870 1645 3922 terra
1673 3882 1799 3938 quae

191 3960 260 4008 est
286 3956 336 4011 in
365 3960 566 4015 eodem
597 3959 727 4015 loco
758 3971 820 4016 ιιο
848 3958 1071 4014 denarii
1103 3957 1390 4015 exiebant.

244 4044 320 4100 lt.
350 4052 429 4104 De
454 4057 606 4104 terra
657 4064 775 4121 quas
822 4056 901 4104 est
931 4050 992 4103 in
1022 4048 1252 4103 Duabus
1280 4049 1458 4103 Casis.
1485 4047 1588 4101 Est
1618 4045 1698 4100 ibi
1730 4045 1800 4100 de

172 4134 314 4188 terra
338 4137 534 4192 arabili
569 4138 727 4193 unde
756 4154 811 4193 v1
841 4137 1063 4194 denarii
1093 4137 1380 4192 exiebant.

246 4222 318 4278 12.
351 4229 425 4281 De
458 4227 765 4285 Wadriaco.
792 4227 1013 4282 Ibidem
1044 4230 1169 4282 erat
1198 4243 1352 4281 unus
1376 4242 1618 4281 mansus
1647 4224 1743 4298 qui
1766 4243 1802 4280 ν

191 4310 372 4368 solidos
392 4314 447 4369 in
467 4332 650 4371 censu
682 4316 979 4372 reddebat.
1004 4315 1082 4371 De
1105 4332 1218 4387 quo
1242 4332 1445 4371 manso
1475 4313 1799 4385 proclama-

192 4396 305 4455 bant
331 4405 586 4460 canonici
620 4405 886 4475 ejusdem
914 4403 1203 4473 aecclesiee,
1237 4404 1389 4476 quod
1424 4402 1540 4458 illis
1569 4401 1800 4458 Wenilo

1906 3248 2082 3321 penni
2114 3248 2345 3303 obtimaa
2374 3247 2574 3301 vineae.

1977 3339 2067 3392 20.
2100 3339 2172 3392 De
2203 3337 2493 3408 Capaticis.
2530 3333 2628 3389 Isti
2677 3350 2881 3388 omnes
2924 3329 3258 3403 subscripti,
3293 3330 3363 3385 de
3393 3329 3555 3401 capi-

1908 3425 2067 3481 tibus
2107 3425 2357 3498 propriis
2408 3424 2730 3479 reddebant
2778 3421 3185 3493 unusquisque
3215 3432 3347 3475 ιιιιοι·
3377 3420 3555 3474 dena-

1910 3516 2054 3571 rios:
2092 3513 2442 3587 Banegildis,
2474 3512 2830 3584 Ansgundis,
2865 3510 3251 3575 Christianus,
3287 3508 3558 3580 Flodega—

1911 3604 2053 3670 rius,
2116 3602 2462 3668 Saxenildis,
2523 3600 2897 3672 Rainburgis.
2957 3599 3304 3665 Lanbertus,
3367 3597 3557 3654 Gode-

1910 3691 2108 3758 nildis,
2143 3690 2469 3757 Dominica,
2501 3688 2872 3756 Frotlandus,
2921 3687 3237 3757 Acchildis,
3292 3688 3556 3743 Isentru-

1910 3782 2021 3848 dis,
2055 3782 2241 3846 Berta,
2285 3781 2625 3845 Bertranna,
2674 3777 3002 3850 Bertingus,
3054 3776 3415 3843 Dominicus,
3448 3776 3556 3830 Er-

1910 3869 2219 3925 menaldus
2249 3873 2304 3923 et
2333 3886 2497 3924 soror
2546 3868 2694 3938 ejus,
2750 3865 3052 3939 Widlegis,
3089 3864 3402 3933 Aintrudis,
3451 3864 3559 3920 Do-

1910 3959 2186 4025 minicus,
2218 3958 2578 4030 Agenardus,
2610 3955 2974 4029 Wandalgis,
3007 3955 3373 4022 Lambertus,
3408 3954 3557 4009 Leo-

1910 4049 2187 4118 doardus,
2218 4045 2551 4113 Anstrudis,
2594 4046 2919 4114 Landrada,
2953 4042 3283 4107 Anstru'dis,
3317 4044 3555 4116 Bracca,

1911 4139 2141 4194 Savera.

1979 4228 2069 4282 21.
2106 4228 2239 4291 Quae
2264 4224 2379 4279 huc
2400 4239 2585 4295 usque
2609 4223 2770 4277 novis
2792 4222 3023 4294 paginis
3053 4221 3249 4277 curavi
3281 4222 3557 4291 intexere,

1910 4334 1977 4372 ex
2007 4314 2421 4371 canonicorum
2474 4312 2651 4383 hujus
2710 4311 2816 4367 loci
2866 4311 3043 4366 cartis
3086 4311 3337 4366 nimium
3369 4328 3561 4383 perve-

1910 4404 2086 4461 tustis
2118 4402 2334 4474 accepi,
2371 4402 2427 4455 in
2461 4401 2678 4473 quibus
2710 4401 2885 4455 etiam
2948 4417 3120 4455 usum
3169 4399 3558 4455 fructuarium

193 4494 584 4581 concanonicus
614 4509 839 4563 eorum,
869 4509 973 4565 pro
1003 4492 1211 4547 animae
1239 4510 1356 4547 suae
1402 4492 1679 4556 remedio,
1712 4508 1798 4546 re-
1831 4518 1877 4581 D
1912 4493 2155 4561 clericis,
2193 4491 2441 4563 singulis
2499 4489 2689 4555 annis,
2734 4491 2805 4545 ab
2865 4487 3136 4561 agricolis
3193 4489 3553 4543 reddendum

194 4572 424 4648 liquisset
452 4581 733 4638 moriens.
767 4582 867 4636 Est
922 4580 1096 4637 etiam
1157 4580 1237 4636 ibi
1294 4579 1616 4636 mansellus
1648 4598 1802 4636 unus

194 4666 275 4734 qui
300 4669 545 4726 solvebat
574 4670 828 4726 solidum
864 4687 1070 4726 unum.

252 4756 326 4811 13.
352 4763 424 4815 De
450 4759 745 4816 Cintriaco.
781 4761 918 4815 Erat
947 4759 1024 4814 ibi
1076 4763 1230 4814 terra
1287 4758 1525 4815 arabilis
1573 4758 1803 4814 solvens

195 4858 275 4898 vni
299 4846 575 4905 denarios.

252 4933 326 4989 14.
360 4940 436 4992 De
464 4938 792 4995 Felcherolis
824 4938 984 4995 Villa.
1017 4939 1154 4993 Erat
1210 4937 1290 4992 ibi
1349 4954 1592 4993 mansus
1649 4954 1805 4992 unus

198 5036 341 5091 quem
370 5028 632 5098 quidam,
664 5028 846 5083 Lanto
877 5027 1133 5095 nomine,
1168 5028 1380 5083 Sancto
1415 5027 1578 5082 Petro
1610 5025 1801 5093 dedit;

200 5111 327 5167 unde
345 5114 491 5172 filius
509 5117 641 5188 ejus
661 5117 976 5174 Hermarus
997 5117 1144 5173 duos
1166 5116 1405 5184 solidos,
1430 5115 1680 5189 singulis
1711 5133 1808 5171 an-

200 5198 293 5261 nis,
319 5201 374 5256 in
398 5221 573 5261 censu
605 5206 880 5262 solvebat.

260 5291 332 5345 15.
363 5293 431 5349 De
481 5294 698 5353 Milanis
755 5296 976 5352 Villare.
1021 5294 1276 5352 Ecclesia
1331 5295 1555 5352 Sanctae
1614 5293 1807 5350 Mariae

1914 4582 2267 4656 repperiens,
2300 4586 2666 4653 posterorum
2700 4578 2924 4634 noticiae
2952 4577 3250 4650 assignare
3279 4577 3555 4644 volui,ut,

1910 4674 2277 4743 discrepante
2309 4669 2589 4742 qualitate
2617 4668 2704 4724 vel
2738 4667 3066 4740 quantitate
3124 4668 3253 4737 ejus
3281 4666 3353 4722 ab
3386 4665 3559 4721 istius

1912 4760 2194 4833 temporis
2225 4777 2359 4824 usu,
2391 4759 2647 4831 prudens
2704 4758 2883 4813 lector
2932 4755 3355 4811 animadvertat
3400 4756 3558 4827 jam-

1904 4852 2147 4923 jamque
2198 4848 2357 4906 senio
2418 4848 2631 4902 fessam
2677 4846 2852 4901 tellus
2890 4850 3237 4917 torpescere,
3272 4846 3413 4899 dum
3446 4844 3557 4899 sibi

1913 4938 2135 4993 credita
2184 4954 2318 5009 sepe
2367 4952 2611 4990 numero
2662 4934 2906 5002 semina,
2940 4933 3100 4988 inani
3149 4950 3252 5006 spe
3300 4932 3559 4998 delusos,

1916 5028 2208 5082 reddendo
2266 5042 2439 5097 parca
2489 5041 2689 5091 manu,
2726 5028 3011 5079 metentes
3057 5022 3325 5095 decipiat.
3378 5020 3562 5077 Villas

1916 5131 2147 5187 quoque
2180 5118 2235 5169 et
2267 5131 2402 5168 rura
2432 5129 2559 5184 quae
2591 5113 2662 5167 ab
2694 5111 2840 5184 ipsis
2883 5111 3200 5172 canonicis,
3234 5110 3561 5166 litterarum

1916 5203 2289 5269 testimoniis,
2326 5218 2558 5274 semper
2595 5201 2718 5257 visa
2762 5206 2900 5256 sunt
2950 5201 3233 5273 possideri
3283 5200 3563 5255 adnotare

1918 5293 2193 5361 malui,ut
2214 5291 2640 5365 frigutientium
2656 5291 2886 5364 linguas
2900 5290 3312 5363 obstupescere
3331 5288 3561 5357 faciam;

260 5498 355 5575 @3)
382 5498 518 5575 god.
549 5501 615 5557 B.
644 5502 980 5575 Requisitam
1011 5516 1202 5559 avenae
1222 5509 1272 5558 et
1302 5516 1390 5558 nu
1418 5501 1672 5557 denarios
1699 5521 1717 5567 ;
1747 5503 1804 5556 et
1832 5499 1918 5555 sic
1947 5498 2213 5553 inferius.

260 5569 357 5640 (84)
384 5571 494 5628 Sic.
