3988 6072
351 256 469 316 213

1185 252 1427 315 PAULI
1475 251 1542 312 S.
1586 251 1821 312 PETRI
1865 246 2408 312 CABNOTENSIS
2453 245 2829 320 MONACHI.

3654 243 3796 306 I62

354 402 606 459 quorum
637 384 735 440 alii
767 384 991 441 insanis
1019 385 1260 440 vocibus
1288 385 1570 440 Bodasem
1600 384 1813 456 Villam
1839 386 2000 456 ejus—
2033 383 2094 450 Α,
2116 379 2468 450 beneﬁcium
2521 377 2689 436 facile
2747 379 3038 442 ﬂeximus.
3101 378 3515 454 Supplicamus
3571 386 3800 455 autem,

357 492 469 548 que
501 473 829 547 adjacentia
856 492 924 530 ex
954 474 1358 546 episcoporum
1418 473 1696 540 donariis,
1725 473 1823 529 alii
1854 489 1996 546 quo-

360 581 472 637 que
503 581 570 619 ex
602 564 883 619 comitum
913 563 1321 635 largitionibus
1353 563 1530 618 fuisse
1587 563 2000 634 proclamando

361 654 694 720 afﬁrmant;
731 657 817 708 set
847 651 1154 718 falluntur,
1179 669 1311 707 nam
1345 651 1601 724 episcopi
1629 651 1746 707 fere
1777 669 2001 718 omnes,

364 747 673 814 sequentes
705 739 929 796 Heliam
963 740 1062 813 qui
1093 741 1399 796 temerario
1432 758 1576 796 ausu
1601 745 1657 795 et
1687 740 2010 796 insatiabili

364 830 601 888 vesania
631 829 823 885 locum
871 830 1097 901 primus
1145 830 1418 900 pervasit,
1448 835 1523 896 et,
1558 829 1682 885 sine
1730 829 2011 885 bonitatis

368 923 656 992 respectu,
691 920 875 990 ejecta
904 918 1198 992 religione,
1231 919 1490 985 nudavit,
1515 919 1776 990 ejusdem
1811 919 2013 975 morbo

370 1009 798 1074 laboraverunt,
849 1012 1020 1079 atque
1074 1012 1280 1080 praeter
1335 1025 1572 1079 paucos,
1632 1025 1767 1063 ccca
1823 1008 2016 1063 inten-

373 1098 550 1166 tione,
586 1115 712 1169 quae
772 1103 1007 1168 potuere
1060 1097 1184 1152 suis
1241 1097 1448 1151 usibus
1505 1103 1806 1152 retorsere.
1865 1098 2020 1152 Inter

373 1203 519 1258 quos
576 1186 928 1243 Gislevertus
987 1185 1198 1256 praes.l
1258 1184 1572 1241 munificus
1629 1185 1886 1254 emicuit,
1920 1185 2020 1258 qui

375 1293 618 1331 cernens
655 1275 710 1329 in
745 1291 895 1346 saepe
937 1279 1257 1329 memorato
1307 1274 1504 1330 Sancti
1559 1274 1708 1330 Petri
1759 1275 2020 1330 coenobio

376 1363 672 1420 modicum
733 1380 1043 1418 numerum
1098 1363 1543 1432 monachorum,
1577 1363 1676 1436 qui
1723 1380 1792 1420 ex
1849 1365 2023 1420 rebus

376 1452 642 1525 angustis
673 1471 798 1526 qua:
830 1453 902 1507 ab
930 1452 1056 1524 ipso
1097 1452 1260 1508 lIclia
1316 1452 1516 1508 relicta
1566 1453 1675 1509 sibi
1710 1454 1941 1509 fuerant
1968 1457 2026 1509 et

378 1561 411 1598 a
458 1559 820 1614 paganorum
877 1541 1166 1613 frequenti
1221 1541 1593 1598 infestatione
1650 1541 2021 1614 depopulata,

375 1630 470 1686 vix
523 1636 744 1686 naturae
801 1629 1204 1685 necessitatem
1263 1629 1490 1702 explere
1541 1630 1831 1697 valebant,
1873 1631 2025 1685 bono

380 1739 525 1776 usus
547 1719 811 1788 consilio,
831 1718 1115 1791 depellere
1139 1720 1383 1786 studuit,
1401 1724 1503 1775 aut
1523 1719 2028 1791 aliquatenusillo-

382 1827 512 1865 rum
573 1813 970 1880 paupertatem
1033 1813 1395 1880 temperare;
1427 1809 1578 1865 infra
1608 1809 2031 1882 comprehensa

382 1897 647 1962 contulit,
676 1903 739 1952 ut
759 1896 1036 1953 libentius
1058 1897 1304 1952 Domino
1328 1897 1844 1965 famularentur,ac
1866 1899 2030 1953 devo«

383 1987 560 2043 tiores
609 1985 939 2042 existerent.
965 1987 1049 2040 Ad
1099 1985 1442 2041 thesaurum
1492 1986 1679 2059 ipsius
1730 1985 1838 2042 loci
1872 1990 1927 2042 et
1957 1987 2029 2042 ad

383 2075 701 2131 luminaria
730 2074 916 2146 ipsius
947 2074 1238 2141 aacclesiaz,
1271 2075 1421 2130 sicut
1453 2075 1643 2130 inveni
1676 2075 1733 2130 in
1767 2079 1928 2130 carta
1957 2075 2028 2130 ab

385 2165 513 2238 ipso
546 2164 781 2236 scripta,
817 2162 1102 2236 delegavit
1157 2181 1431 2219 mansum
1481 2181 1666 2219 unum
1697 2181 1874 2236 prope
1907 2181 2030 2220 m0-

387 2253 639 2309 nasterio
672 2253 728 2307 in
762 2252 888 2324 ipso
944 2251 1088 2318 vico,
1141 2252 1198 2307 in
1248 2251 1517 2308 Maslaico
1566 2270 1772 2309 mansa
1803 2254 1938 2324 duo,
1971 2253 2031 2307 in

387 2341 634 2398 Calnaco
657 2359 863 2397 mansa
885 2340 1015 2410 tria,
1039 2340 1097 2394 in
1125 2341 1500 2414 Campiniaco
1525 2341 1700 2398 vineae
1725 2343 2032 2414 aripennes

386 2450 470 2499 ιιι,
505 2433 676 2503 juxta
731 2429 1050 2486 accclesiam
1083 2430 1259 2485 vineae
1292 2431 1440 2486 duas
1471 2436 1665 2504 partes
1696 2431 2031 2504 aripennis;

387 2520 660 2576 similiter
687 2523 746 2575 et
777 2518 906 2574 aliis
939 2519 994 2575 in
1028 2517 1171 2575 locis
1199 2537 1232 2574 x
1264 2519 1573 2592 aripennes
1609 2520 1788 2575 vinea:
1819 2525 2035 2576 terras-

388 2627 500 2682 que
524 2608 790 2665 arabiles.
807 2609 904 2664 Set
926 2607 1061 2680 quia
1083 2607 1180 2663 diu
1207 2613 1296 2663 est
1322 2610 1475 2680 quod
1509 2627 1542 2664 a
1566 2609 1726 2665 cultu
1757 2610 2037 2666 discesse-

390 2703 528 2754 runt
556 2703 613 2754 et
642 2698 713 2753 ab
745 2696 1083 2752 hominibus
1135 2698 1366 2753 deserta
1395 2714 1522 2753 esse
1555 2704 1898 2764 noscuntur,
1932 2717 2035 2754 no-

393 2787 553 2842 mina
583 2803 784 2843 eorum
816 2787 1092 2842 adnotare
1140 2785 1348 2841 litteris
1409 2787 1678 2842 frivolum
1711 2805 1838 2844 esse
1869 2789 2036 2844 duxi-

395 2893 549 2932 mus.
581 2877 665 2931 Ad
698 2892 918 2931 annum
974 2875 1127 2930 diem
1189 2877 1583 2947 peragendum
1646 2878 2036 2949 quorumdam

396 2969 703 3038 parentum
735 2981 998 3031 suorum,
1033 2964 1092 3019 in
1126 2964 1376 3020 Maslaco
1408 2965 1523 3020 duo
1567 2982 1792 3027 mansa.
1827 2966 1883 3021 in
1909 2967 2039 3023 aliis

397 3054 540 3110 locis
571 3071 666 3110 Vlll
692 3054 1002 3126 aripennes
1033 3053 1238 3120 vineae;
1264 3055 1336 3109 ad
1361 3071 1674 3120 cameram,
1699 3056 1757 3110 in
1784 3057 2038 3128 quodarn

395 3142 521 3200 loco
553 3161 762 3199 mansa
790 3155 918 3199 nuOr
945 3147 1004 3197 et
1034 3142 1366 3210 dimidium,
1402 3143 1460 3198 in
1512 3143 1716 3200 Paride
1767 3162 2040 3200 mansum

395 3250 579 3288 unum
611 3237 669 3288 et
714 3232 1049 3302 dimidium,
1080 3230 1140 3286 in
1201 3231 1312 3287 alio
1366 3231 1490 3288 loco
1551 3250 1757 3289 mansa
1814 3235 1948 3302 duo,
1979 3233 2039 3290 in

393 3321 606 3377 Planca
637 3337 913 3376 mansum
946 3337 1148 3386 unum,
1182 3320 1241 3374 in
1272 3320 1641 3392 Campiniaco
1697 3323 1875 3378 vineae
1935 3322 2044 3378 ari-

389 3427 650 3482 pennum
680 3427 863 3464 unum
895 3414 952 3464 et
981 3408 1208 3463 vineam
1256 3426 1433 3463 unam
1460 3410 1628 3480 juxta
1657 3429 1891 3466 murum
1919 3429 1932 3480 ;
1967 3413 2038 3467 ad

391 3499 633 3553 domum
667 3498 1058 3563 inﬁrmorum,
1080 3497 1138 3551 in
1163 3496 1286 3552 vico
1319 3515 1590 3552 mansum
1616 3517 1798 3554 unum
1828 3505 1885 3556 et
1916 3519 2038 3556 mo-

387 3586 689 3642 lendinum
720 3585 1009 3650 unum,in
1043 3585 1416 3657 Campiniaco
1469 3586 1646 3642 vinem
1699 3588 2037 3661 aripennem

394 3693 597 3742 unum,
627 3674 683 3728 in
717 3674 830 3729 alio
862 3673 986 3729 loco
1019 3673 1194 3728 vinea:
1227 3675 1536 3746 aripennes
1568 3682 1837 3747 quatuor.
1864 3695 2042 3751 super

389 3766 676 3820 Aurosam
705 3762 1020 3836 hospitiola
1049 3763 1197 3830 tria;
1233 3765 1303 3817 ad
1338 3763 1717 3836 hospitale,in
1752 3766 2040 3824 Saliniaco

392 3870 666 3908 mansum
686 3870 889 3917 unum,
906 3852 961 3906 in
978 3852 1285 3907 Guarenno
1298 3853 1473 3907 vineae
1492 3853 1839 3924 aripennum
1854 3873 2040 3913 unum

391 3946 447 3998 et
477 3942 547 3997 de
600 3947 753 3997 terra
808 3941 1013 3996 arabili
1075 3941 1350 4013 anzingas
1378 3959 1469 4007 xv,
1504 3941 1563 3996 in
1598 3943 1843 4000 Gerillas
1876 3947 2040 4018 quic-

392 4031 534 4102 quid
566 4030 810 4097 habuit;
843 4031 914 4085 ad
949 4029 1270 4095 cellarium,
1307 4029 1482 4085 vineae
1515 4031 1824 4104 aripennes
1850 4037 1968 4090 tres
1986 4041 2044 4091 et

392 4118 742 4187 dimidium;
801 4120 874 4174 ad
931 4119 1188 4183 hortum,
1249 4135 1519 4174 mansum
1579 4121 1932 4191 dimidium;
1980 4125 2039 4180 in

392 4207 645 4263 Maslaco
696 4225 878 4262 unum
930 4206 1330 4279 hospitiolum.
1363 4208 1446 4262 Ad
1480 4209 1653 4264 finem
1683 4228 1816 4267 vero
1847 4217 2038 4280 certae,

390 4296 512 4352 haac
551 4301 716 4352 erant
763 4295 981 4368 scripta
1015 4313 1026 4350 :
1066 4319 1090 4345 ‹‹
1126 4296 1274 4362 Ηωο,
1308 4295 1516 4368 inquit,
1551 4304 1756 4369 praeter
1785 4300 1885 4355 illa
1913 4319 2040 4373 qua;

387 4385 676 4453 habeban,
728 4385 920 4458 largiti
949 4402 1156 4440 sumus
1187 4385 1464 4440 fratribus
1493 4403 1662 4459 opem
1693 4389 2042 4460 postulanti-

388 4475 536 4543 bus;
571 4479 714 4530 etut
747 4491 815 4530 ea
845 4474 1111 4530 securius
1144 4474 1360 4530 nostris
1409 4475 1740 4548 futurisque
1772 4481 2043 4552 tempori-

388 4564 498 4619 bus
545 4563 930 4635 possiderent,
981 4562 1413 4636 subscriptione
1471 4565 1707 4637 propria
1758 4567 2044 4625 roboravi.

390 4669 542 4720 mus,
579 4653 902 4726 fratresque
929 4657 986 4708 et
1016 4651 1390 4724 coepiscopos
1424 4658 1676 4719 nostros,
1702 4659 1765 4710 ut
1789 4656 1942 4712 idem
1968 4659 2045 4714 fa-

387 4756 515 4797 cere
545 4741 928 4815 dignarentur
955 4741 1344 4807 obsecrantes,
1378 4741 1449 4795 ad
1473 4739 1625 4796 idem
1644 4747 2042 4814 praestandum

461 4848 570 4929 (85.)
604 4847 720 4929 Pro
736 4857 945 4929 ἔγραψε.
968 4844 1347 4929 Desingulari
1379 4845 1545 4929 sigrio
1573 4846 1754 4929 huius
1785 4850 2040 4929 episcopi

391 4911 806 4992 griecissantis',
835 4911 969 4973 vide
1016 4911 1417 4972 Mabillonium
1434 4911 1537 4974 “De
1581 4936 1640 4974 re
1662 4911 1962 4992 'dipldmat.
1983 4911 2036 4982 Ἰ.

393 5007 471 5056 vr,
505 4991 625 5045 tab.
658 4993 747 5044 57.

463 5061 572 5132 (86)
600 5061 682 5116 0b
715 5064 943 5134 (etatem
975 5076 1090 5134 qua
1118 5059 1383 5134 vixerunt
1402 5060 1850 5134 subscriptores
1880 5065 2036 5123 vide-

389 5135 486 5186 tur
511 5131 713 5187 charta
740 5131 970 5186 circiter
1005 5131 1072 5185 ad
1110 5148 1160 5185 a.
1193 5133 1299 5185 860
1329 5132 1646 5188 referenda.

459 5207 570 5274 (87)
603 5203 682 5256 De
712 5219 779 5256 ea
806 5201 1046 5274 victoria
1082 5203 1434 5258 Francorum
1468 5204 1708 5260 uberius
1738 5207 1916 5263 codex
1947 5210 1984 5263 B
2021 5227 2032 5266 :

388 5273 526 5352 {Vari}
554 5273 558 5274 ⁷
605 5275 851 5352 Froncih
877 5273 1249 5344 undecumque
1279 5345 1292 5352 _
1323 5276 1671 5352 eumglobati,
1708 5349 1715 5352 Α
1744 5288 2038 5352 antequam

389 5346 614 5398 barbari
642 5345 710 5398 ml
741 5342 963 5400 relictas
1011 5342 1175 5398 naves
1223 5345 1505 5413 adtingere
1555 5342 1892 5416 potuissent;
1913 5369 2035 5407 con-

384 5417 559 5482 gressi
593 5425 722 5470 sunt
767 5432 890 5469 cum
936 5417 1134 5487 eis,et,
1168 5417 1275 5470 Deo
1301 5419 1560 5487 przvsule,
1597 5420 1826 5476 victoria
1854 5440 1924 5476 ex
1953 5427 2033 5480 eis

379 5488 559 5555 potiti,
590 5488 734 5542 sicut
759 5503 928 5557 usque
957 5486 1114 5542 hodie
1143 5486 1347 5558 aparet,
1377 5505 1476 5559 per
1503 5505 1721 5559 campos
1761 5494 2032 5551 trucidata

381 5572 571 5612 eorum
616 5574 843 5631 corpora
901 5559 1092 5616 avibus
1150 5567 1200 5614 et
1245 5560 1384 5630 feris
1429 5559 1756 5616 corrodenda
1803 5566 2031 5637 relique-

2113 485 2316 524 omnes
2349 485 2721 524 successores
2741 472 2991 536 nostros,
3017 472 3080 524 ut
3099 469 3256 541 quod
3280 469 3527 542 benigne
3547 487 3581 526 a
3602 469 3774 528 nobis

2113 563 2308 613 actum
2328 562 2417 613 est
2434 557 2696 629 ipsorum
2717 574 2948 629 quoque
2966 557 3357 613 benivolentia
3378 564 3774 616 conservetur,

2116 651 2182 712 ut
2212 647 2270 702 in
2304 646 2500 701 divina
2530 647 2909 704 retributione
2944 647 3357 724 muniﬁcentiae
3381 652 3594 704 nostris
3627 649 3774 724 {iant

2118 735 2450 809 participes.
2489 758 2517 785 »
2546 735 2982 808 Archiepiscopi
3032 736 3388 793 Senonensis
3438 753 3653 800 nomen
3684 753 3777 794 ve-

2121 829 2340 880 tustate
2367 823 2655 880 exoletum
2688 823 3080 902 inscriptum
3140 824 3497 886 dimisimus.
3532 848 3559 875 α
3593 825 3778 882 Gisle-

2123 914 2348 980 bcrtus,
2381 913 2626 970 humilis
2675 915 3117 969 Carnotensium
3150 914 3481 988 episcopus,
3515 914 3653 971 huic
3684 916 3779 972 de-

2125 1007 2280 1059 creto
2311 1021 2345 1058 a
2375 1003 2542 1058 nobis
2574 1005 2724 1058 facto
2756 1002 3780 1076 subscripsi.Hildegarius,Melden-

2127 1092 2210 1147 sis
2265 1091 2534 1147 (ecclesiae
2593 1091 2824 1163 praesul.
2885 1093 3112 1160 lEneas,
3173 1092 3386 1160 Parisii
3445 1093 3778 1166 episcopus.

2131 1180 2498 1248 Folchichus,
2525 1179 2801 1254 indignus
2824 1181 3134 1254 episcopus
3155 1183 3427 1259 Auguste:
3448 1181 3776 1246 Tricorum.

2130 1269 2480 1336 Cristianus,
2541 1269 3032 1347 Autisiodorensis
3065 1337 3068 1340 ,
3107 1269 3388 1346 indignus
3444 1272 3780 1348 episcopus,

2131 1359 2360 1432 egrapsi
2389 1361 2520 1432 (85).
2549 1359 2712 1425 Aius,
2763 1359 3272 1428 Aurelianensium
3331 1360 3660 1434 episcopus.
3715 1363 3782 1417 In

2134 1448 2230 1503 Dei
2265 1439 2500 1504 nemine
2529 1465 2634 1520 ego
2665 1435 2886 1521 Lupus,
2921 1449 3102 1504 abbas
3135 1449 3520 1512 Ferrariensis
3575 1467 3781 1508 mone:

2133 1536 2296 1592 sterii
2327 1539 2457 1608 (86).
2494 1560 2521 1586 »
2553 1538 2682 1592 Hzec
2714 1541 2912 1594 autem
2945 1542 3104 1592 carta
3131 1537 3258 1593 ideo
3295 1542 3384 1595 est
3415 1539 3473 1593 in
3505 1539 3618 1595 ﬁne
3649 1538 3784 1595 libri

2134 1626 2482 1698 conscripta,
2519 1625 2656 1699 quia
2695 1627 2754 1682 in
2803 1627 3056 1698 quodam
3115 1626 3388 1700 pitaciolo
3440 1633 3788 1702 coopertura

2135 1732 2262 1771 sero
2297 1716 2403 1770 fuit
2431 1716 2683 1772 inventa.
3558 1701 3563 1702 ί
3789 1701 3796 1706 Α

2206 1807 2298 1860 22.
2337 1805 2470 1860 Post
2521 1805 2740 1860 exitum
2798 1805 3050 1878 denique
3125 1804 3424 1862 Gislevcrti
3494 1806 3784 1879 praesulis,

2140 1893 2350 1966 pagani
2385 1894 2784 1961 transmarini,
2817 1911 2951 1950 cum
3002 1893 3190 1970 multa
3235 1895 3420 1951 classe
3464 1896 3789 1964 venientes,

2139 1999 2284 2054 pene
2315 1987 2495 2038 totam
2530 1984 2818 2056 Europam
2850 1983 3108 2040 flammis
3151 1989 3325 2058 atque
3366 1985 3577 2058 praedis
3610 1987 3790 2043 ferro-

2139 2089 2252 2144 que
2273 2071 2493 2128 crudeli
2524 2072 2930 2144 depopulando
2960 2077 3367 2144 vastaverunt;
3393 2091 3528 2132 nam
3564 2075 3796 2131 Lunen-

2140 2178 2265 2217 sem
2297 2161 2524 2228 urbem,
2559 2167 2624 2216 ut
2653 2166 2805 2218 retro
2855 2161 3076 2218 affatim
3125 2163 3357 2235 scripsi,
3391 2162 3521 2219 dolo
3554 2164 3792 2238 capien-

2140 2255 2246 2318 tes,
2276 2255 2514 2306 cruento
2573 2267 2710 2306 ense
2762 2256 3077 2323 utrumque
3131 2268 3336 2310 sexum
3393 2256 3799 2324 peremerunt,

2140 2339 2410 2410 indeque,
2461 2339 2740 2395 subversa
2784 2339 2948 2408 urbe,
2983 2339 3166 2395 levato
3221 2345 3517 2400 artemone
3543 2341 3793 2398 Att‘rico-

2142 2445 2255 2501 que
2288 2429 2809 2494 ﬂante,redeuntes
2842 2429 3262 2502 Aquitanorum
3295 2429 3588 2504 regionem
3613 2435 3794 2508 atque

2144 2517 2505 2573 Pictavorum
2529 2518 2701 2590 juxta
2745 2534 2904 2574 mare
2933 2519 3320 2589 adjacentem,
3353 2518 3564 2591 prmdis
3594 2525 3650 2576 et
3678 2519 3792 2574 ini-

2145 2624 2262 2679 qua
2292 2607 2443 2663 caede
2474 2606 2914 2680 depopulantes,
2939 2607 3092 2663 intra
3115 2613 3309 2680 partes
3332 2609 3612 2665 Neustrize
3643 2608 3799 2665 navi-

2145 2700 2372 2768 gantes,
2397 2696 2456 2751 in
2479 2701 2710 2767 portum
2735 2696 2997 2753 ﬂuminis
3017 2696 3167 2752 Divze
3189 2696 3796 2770 applicuerunt.Jam-

2147 2803 2258 2858 que
2291 2785 2502 2848 securi,
2538 2785 2754 2842 relictis
2786 2786 2862 2840 ibi
2898 2785 3144 2841 navibus
3173 2790 3230 2842 et
3261 2785 3435 2843 variis
3467 2787 3798 2860 praedarum

2150 2874 2466 2940 manubiis,
2492 2875 2563 2930 ad
2589 2875 2737 2930 hanc
2769 2875 2975 2931 urbem
3007 2874 3226 2946 pernici
3257 2891 3430 2930 cursu
3464 2892 3798 2948 pervenere.

2149 2963 2331 3018 Noctu
2391 2963 2661 3036 denique,
2723 2964 3088 3020 circumdata
3147 2964 3290 3020 urbe
3340 2967 3397 3020 et
3452 2965 3676 3020 civibus
3732 2981 3804 3022 ex

2149 3052 2464 3125 improviso
2496 3052 2771 3121 obsessis,
2807 3052 3039 3110 barbari
3101 3069 3205 3125 per
3261 3052 3478 3110 mmnia
3507 3054 3579 3110 ab
3612 3053 3804 3112 hosti-

2073 3129 2114 3196 C
2155 3141 2264 3197 bus
2295 3158 2536 3215 persepe
2565 3141 2760 3198 diruta
2789 3159 2854 3198 ac
2885 3159 2987 3214 per
3017 3148 3214 3215 portas
3243 3142 3808 3209 irruentes,obvian.-

2149 3236 2237 3286 tes
2269 3231 2401 3300 sibi,
2432 3232 2558 3287 sine
2607 3231 2953 3298 differentia,
2999 3232 3148 3287 ferro
3197 3236 3572 3298 necaverunt,
3603 3238 3801 3305 atque,

2150 3319 2303 3376 intra
2326 3325 2570 3376 matrem
2594 3320 2938 3388 ecclesiam,
2964 3338 3079 3377 non
3105 3321 3390 3376 modicam
3414 3321 3639 3394 plebem
3663 3338 3800 3396 cum

2150 3426 2255 3464 suo
2284 3409 2577 3482 episcopo,
2615 3409 2850 3466 nomine
2883 3409 3229 3477 Frodboldo,
3263 3409 3678 3483 canonicisque
3699 3427 3806 3467 iec-

2148 3498 2336 3554 clesize
2368 3503 2426 3554 et
2455 3499 2758 3555 monachis
2789 3499 2886 3572 qui
2919 3499 2992 3554 ad
3026 3499 3271 3555 eandem
3303 3498 3623 3556 ecclesiam
3655 3516 3805 3564 conv

2149 3588 2438 3659 fugerant,
2475 3589 2734 3644 cruentis
2766 3587 2978 3661 gladiis
3020 3587 3180 3643 velut
3208 3604 3340 3644 oves
3373 3593 3801 3658 mactaverunt,

2149 3678 2408 3750 urbcque
2455 3677 2808 3754 depopulata
2864 3682 3038 3749 atque
3098 3693 3399 3744 succensa,
3437 3676 3548 3732 laeti
3592 3681 3647 3732 et
3679 3677 3802 3734 ala-

2149 3783 2295 3831 cres,
2330 3767 2414 3821 uti
2446 3784 2564 3822 sua:
2597 3765 2857 3821 libidinis
2889 3771 3206 3838 compotes,
3239 3766 3382 3821 dum
3414 3767 3486 3820 ad
3525 3770 3680 3822 rates
3712 3783 3803 3822 re-

2148 3854 2316 3910 lictas
2344 3855 2706 3911 arbitrantur
2733 3871 2868 3910 cum
2901 3854 3133 3928 magnis
3163 3854 3345 3928 cepiis
3377 3853 3586 3922 redire,
3619 3855 3804 3910 inter-

2148 3944 2412 4000 veniente
2464 3944 2634 3999 beata
2681 3942 2782 3998 Dei
2830 3942 3110 4016 genitrice
3161 3941 3365 4007 Maria,
3407 3959 3585 4014 quam
3637 3944 3803 4016 parvi

2148 4034 2474 4106 penderent
2531 4033 2841 4097 offendere,
2877 4049 2978 4104 per
3017 4048 3082 4087 os
3105 4031 3381 4103 janitoris
3411 4030 3583 4087 inferi
3613 4032 3684 4088 ad
3717 4021 3806 4088 in-

2149 4121 2494 4178 clementem
2509 4121 2851 4177 barathrum
2867 4137 2982 4176 una
2995 4120 3325 4188 die,merita
3336 4124 3540 4188 morte,
3564 4121 3808 4178 descen-

2151 4213 2388 4277 derunt;
2414 4227 2550 4266 nam
2575 4209 2798 4276 Franci,
2823 4214 3138 4282 antequam
3163 4211 3233 4265 ad
3251 4214 3404 4265 rates
3417 4226 3556 4266 suas
3579 4210 3807 4282 potuis-

2150 4305 2282 4356 sent
2314 4299 2632 4372 pervenire,
2666 4299 2960 4372 congressi
3007 4303 3149 4354 sunt
3198 4315 3332 4354 cum
3382 4297 3485 4365 eis,
3519 4302 3576 4354 et
3605 4299 3802 4372 cpitur

2151 4389 2307 4445 lante
2337 4389 2452 4444 Deo
2484 4388 2724 4443 victoria
2753 4406 2821 4444 cx
2849 4388 2934 4444 eis
2965 4387 3154 4460 potiti,
3188 4405 3290 4460 per
3337 4403 3576 4460 campos
3623 4388 3802 4446 cada-

2074 4502 2119 4564 ι)
2149 4495 2285 4535 vera
2315 4494 2515 4533 eorum
2574 4476 2868 4534 trucidata
2915 4477 3122 4533 avibus
3153 4481 3212 4534 et
3242 4475 3380 4534 feris
3439 4476 3806 4535 corrodenda

2156 4567 2514 4640 reliquerunt
2546 4567 2677 4638 (87).

2221 4659 2312 4713 23.
2346 4657 2564 4728 (Operae
2595 4657 2708 4724 (88)
2740 4654 3000 4728 precium
3031 4654 3168 4712 duxi
3197 4654 3336 4711 huic
3365 4653 3612 4710 orationi
3643 4653 3803 4714 inse-

2152 4764 2277 4802 rere
2308 4744 2672 4801 obsidionem
2705 4744 2914 4800 iactam
2945 4748 3206 4818 tempore
3248 4743 3547 4802 Gancelini
3577 4761 3804 4816 praesu-

2149 4861 2297 4909 runt.
2336 4852 2574 4924 Populus
2605 4851 2836 4925 denique
2881 4853 2980 4924 qui
3032 4852 3284 4925 eﬂ‘ugerei
3321 4852 3498 4923 potuit
3547 4849 3805 4925 gladium

2151 4922 2528 4988 barbarorum,
2577 4922 2647 4977 ad
2721 4922 3118 4979 concremauit}:
3194 4922 3384 4978 urbem
3466 4923 3800 4991 regreditur,

2147 5005 2306 5068 atque
2333 4995 2550 5064 collegit
2597 4994 2750 5068 busto
2777 5002 3158 5068 crematorum,
3189 5003 3240 5050 et
3270 4994 3329 5050 in
3353 5002 3510 5068 puteo
3540 4993 3798 5065 quodam,

2151 5065 2298 5122 intra
2330 5069 2502 5138 ipsam
2525 5066 2831 5138 (ecclesiam
2858 5067 2985 5136 sita,
3012 5067 3242 5138 projecit
3262 5087 3283 5135 ,-
3305 5065 3450 5138 unde
3466 5066 3589 5138 ipse
3601 5072 3801 5138 puteus

2147 5139 2319 5194 Locus
2347 5134 2528 5193 Fortis
2551 5154 2585 5191 a
2614 5137 2822 5192 civibus
2841 5134 3199 5209 usque-hodie
3224 5134 3512 5200 vecitatur,
3528 5134 3625 5209 ubi
3647 5136 3799 5205 jugi-

2146 5219 2226 5267 ter
2256 5210 2466 5264 meritis
2511 5224 2699 5264 eorum
2757 5207 2989 5280 quorum
3027 5209 3111 5270 ibi
3149 5210 3357 5266 cineres
3398 5207 3802 5279 praestolamur

2143 5299 2267 5338 cum
2298 5280 2506 5336 Christo
2532 5295 2814 5349 resurgere
2841 5287 3003 5352 atque
3033 5282 3092 5336 in
3121 5281 3270 5336 caelis
3297 5296 3421 5336 eum
3449 5295 3508 5335 eo
3531 5294 3796 5348 regnare,

2117 5355 2258 5426 ipso
2291 5360 2629 5426 cooperante,
2651 5352 2827 5426 multa
2853 5351 2994 5426 ﬁunt
3019 5351 3326 5426 mirabilia.

2212 5431 2231 5492 (
2271 5427 2326 5493 8)
2358 5419 2514 5478 Hanc
2547 5419 2888 5495 degRollon'e
2933 5422 3592 5495 digressionem,gquam
3622 5419 3798 5476 uncis

2138 5495 2512 5622 inclusimus,
2566 5493 2758 5568 solum
2812 5494 2914 5552 dat
2970 5492 3150 5570 code;
3208 5492 3568 5569 B,~codice.A
3600 5507 3800 5580 recen-

2165 5584 2268 5623 lOI‘.
