  <div class='ocr_page' id='page_1' title='image "/cluster/home/n/w/nwhite01/storage/ocr_20150623/155/hvd.32044054760137/112.png"; bbox 0 0 3988 6072; ppageno 0'>
   <div class='ocr_carea' id='block_1_1' title="bbox 113 223 214 282">
    <p class='ocr_par' dir='ltr' id='par_1_1' title="bbox 113 223 214 282">
     <span class='ocr_line' id='line_1_1' title="bbox 113 223 214 282; baseline -0.01 0"><span class='ocrx_word' id='word_1_1' title='bbox 113 223 214 282; x_wconf 63' lang='lat' dir='ltr'>Si?</span> 
     </span>
    </p>
   </div>
   <div class='ocr_carea' id='block_1_2' title="bbox 1099 219 2462 283">
    <p class='ocr_par' dir='ltr' id='par_1_2' title="bbox 1099 219 2462 283">
     <span class='ocr_line' id='line_1_2' title="bbox 1099 219 2462 283; baseline 0.001 -2"><span class='ocrx_word' id='word_1_2' title='bbox 1099 219 1361 283; x_wconf 81' lang='lat' dir='ltr'>VETUS</span> <span class='ocrx_word' id='word_1_3' title='bbox 1405 220 1688 282; x_wconf 80' lang='lat' dir='ltr'>AGANO.</span> <span class='ocrx_word' id='word_1_4' title='bbox 1722 255 1800 264; x_wconf 97' lang='lat'>—</span> <span class='ocrx_word' id='word_1_5' title='bbox 1830 221 1978 281; x_wconf 81' lang='lat' dir='ltr'>LIB.</span> <span class='ocrx_word' id='word_1_6' title='bbox 2025 221 2072 282; x_wconf 88' lang='grc' dir='ltr'>Ι.</span> <span class='ocrx_word' id='word_1_7' title='bbox 2119 221 2462 283; x_wconf 84' lang='lat' dir='ltr'>AGANUS.</span> 
     </span>
    </p>
   </div>
   <div class='ocr_carea' id='block_1_3' title="bbox 3364 219 3484 282">
    <p class='ocr_par' dir='ltr' id='par_1_3' title="bbox 3364 219 3484 282">
     <span class='ocr_line' id='line_1_3' title="bbox 3364 219 3484 282; baseline -0.017 0"><span class='ocrx_word' id='word_1_8' title='bbox 3364 219 3484 282; x_wconf 79' lang='grc'>218</span> 
     </span>
    </p>
   </div>
   <div class='ocr_carea' id='block_1_4' title="bbox 114 351 3485 428">
    <p class='ocr_par' dir='ltr' id='par_1_4' title="bbox 114 351 3485 428">
     <span class='ocr_line' id='line_1_4' title="bbox 114 351 3485 428; baseline 0 -19"><span class='ocrx_word' id='word_1_9' title='bbox 114 354 196 422; x_wconf 83' lang='lat' dir='ltr'>lis,</span> <span class='ocrx_word' id='word_1_10' title='bbox 215 351 1304 426; x_wconf 41' lang='lat' dir='ltr'>cumpmpternnovitatem-temporis,</span> <span class='ocrx_word' id='word_1_11' title='bbox 1326 356 1454 408; x_wconf 79' lang='lat' dir='ltr'>tum</span> <span class='ocrx_word' id='word_1_12' title='bbox 1494 356 1732 425; x_wconf 80' lang='lat' dir='ltr'>propter</span> <span class='ocrx_word' id='word_1_13' title='bbox 1757 354 1813 421; x_wconf 78' lang='grc' dir='ltr'><strong>Α</strong></span> <span class='ocrx_word' id='word_1_14' title='bbox 1843 370 1950 409; x_wconf 90' lang='lat' dir='ltr'>suo</span> <span class='ocrx_word' id='word_1_15' title='bbox 1981 353 2148 422; x_wconf 91' lang='lat' dir='ltr'>duce,</span> <span class='ocrx_word' id='word_1_16' title='bbox 2182 352 2450 425; x_wconf 79' lang='lat' dir='ltr'>praesidio</span> <span class='ocrx_word' id='word_1_17' title='bbox 2488 353 2658 428; x_wconf 75' lang='lat' dir='ltr'>fugae,</span> <span class='ocrx_word' id='word_1_18' title='bbox 2692 352 2862 411; x_wconf 82' lang='lat' dir='ltr'>metis</span> <span class='ocrx_word' id='word_1_19' title='bbox 2892 351 3097 410; x_wconf 90' lang='lat' dir='ltr'>mortis</span> <span class='ocrx_word' id='word_1_20' title='bbox 3141 365 3336 410; x_wconf 86' lang='lat' dir='ltr'>carere</span> <span class='ocrx_word' id='word_1_21' title='bbox 3383 369 3485 426; x_wconf 88' lang='lat' dir='ltr'>po-</span> 
     </span>
    </p>
   </div>
   <div class='ocr_carea' id='block_1_5' title="bbox 117 441 1736 515">
    <p class='ocr_par' dir='ltr' id='par_1_5' title="bbox 117 441 1736 515">
     <span class='ocr_line' id='line_1_5' title="bbox 117 441 1736 515; baseline -0.001 -18"><span class='ocrx_word' id='word_1_22' title='bbox 117 441 534 497; x_wconf 89' lang='lat' dir='ltr'>memorandum</span> <span class='ocrx_word' id='word_1_23' title='bbox 558 441 906 497; x_wconf 81' lang='lat' dir='ltr'>miraculum</span> <span class='ocrx_word' id='word_1_24' title='bbox 931 443 1085 514; x_wconf 90' lang='lat' dir='ltr'>quod</span> <span class='ocrx_word' id='word_1_25' title='bbox 1112 441 1172 496; x_wconf 92' lang='lat' dir='ltr'>in</span> <span class='ocrx_word' id='word_1_26' title='bbox 1192 459 1260 498; x_wconf 89' lang='lat' dir='ltr'>ea</span> <span class='ocrx_word' id='word_1_27' title='bbox 1287 447 1512 515; x_wconf 87' lang='lat' dir='ltr'>patrare</span> <span class='ocrx_word' id='word_1_28' title='bbox 1534 441 1736 515; x_wconf 90' lang='lat' dir='ltr'>digna-</span> 
     </span>
    </p>
   </div>
   <div class='ocr_carea' id='block_1_6' title="bbox 117 529 1734 604">
    <p class='ocr_par' dir='ltr' id='par_1_6' title="bbox 117 529 1734 604">
     <span class='ocr_line' id='line_1_6' title="bbox 117 529 1734 604; baseline -0.001 -17"><span class='ocrx_word' id='word_1_29' title='bbox 117 538 196 587; x_wconf 88' lang='lat' dir='ltr'>tus</span> <span class='ocrx_word' id='word_1_30' title='bbox 222 535 301 586; x_wconf 86' lang='lat' dir='ltr'>est</span> <span class='ocrx_word' id='word_1_31' title='bbox 341 529 622 585; x_wconf 84' lang='lat' dir='ltr'>Dominus</span> <span class='ocrx_word' id='word_1_32' title='bbox 660 530 875 587; x_wconf 86' lang='lat' dir='ltr'>Jhesus</span> <span class='ocrx_word' id='word_1_33' title='bbox 905 531 1192 597; x_wconf 77' lang='lat' dir='ltr'>Christus,</span> <span class='ocrx_word' id='word_1_34' title='bbox 1219 533 1543 588; x_wconf 83' lang='lat' dir='ltr'>interventu</span> <span class='ocrx_word' id='word_1_35' title='bbox 1575 533 1734 604; x_wconf 83' lang='lat' dir='ltr'>ejus-</span> 
     </span>
    </p>
   </div>
   <div class='ocr_carea' id='block_1_7' title="bbox 117 618 1736 694">
    <p class='ocr_par' dir='ltr' id='par_1_7' title="bbox 117 618 1736 694">
     <span class='ocr_line' id='line_1_7' title="bbox 117 618 1736 694; baseline 0.002 -20"><span class='ocrx_word' id='word_1_36' title='bbox 117 621 226 676; x_wconf 87' lang='lat' dir='ltr'>dem</span> <span class='ocrx_word' id='word_1_37' title='bbox 246 618 542 693; x_wconf 77' lang='lat' dir='ltr'>genitricis</span> <span class='ocrx_word' id='word_1_38' title='bbox 563 621 739 675; x_wconf 71' lang='lat' dir='ltr'>beataa</span> <span class='ocrx_word' id='word_1_39' title='bbox 759 620 1018 694; x_wconf 85' lang='lat' dir='ltr'>Virginis</span> <span class='ocrx_word' id='word_1_40' title='bbox 1045 622 1256 676; x_wconf 70' lang='lat' dir='ltr'>Mariae.</span> <span class='ocrx_word' id='word_1_41' title='bbox 1280 623 1426 677; x_wconf 89' lang='lat' dir='ltr'>Nam</span> <span class='ocrx_word' id='word_1_42' title='bbox 1450 627 1736 678; x_wconf 83' lang='lat' dir='ltr'>transma-</span> 
     </span>
    </p>
   </div>
   <div class='ocr_carea' id='block_1_8' title="bbox 117 708 1734 782">
    <p class='ocr_par' dir='ltr' id='par_1_8' title="bbox 117 708 1734 782">
     <span class='ocr_line' id='line_1_8' title="bbox 117 708 1734 782; baseline 0.001 -18"><span class='ocrx_word' id='word_1_43' title='bbox 117 708 209 765; x_wconf 88' lang='lat' dir='ltr'>rini</span> <span class='ocrx_word' id='word_1_44' title='bbox 237 708 461 781; x_wconf 82' lang='lat' dir='ltr'>pagani,</span> <span class='ocrx_word' id='word_1_45' title='bbox 487 709 703 780; x_wconf 86' lang='lat' dir='ltr'>quibus</span> <span class='ocrx_word' id='word_1_46' title='bbox 726 709 840 764; x_wconf 86' lang='lat' dir='ltr'>dux</span> <span class='ocrx_word' id='word_1_47' title='bbox 869 715 1117 782; x_wconf 71' lang='lat' dir='ltr'>praeerat</span> <span class='ocrx_word' id='word_1_48' title='bbox 1141 710 1322 776; x_wconf 84' lang='lat' dir='ltr'>Rollo,</span> <span class='ocrx_word' id='word_1_49' title='bbox 1349 728 1510 768; x_wconf 89' lang='lat' dir='ltr'>mare</span> <span class='ocrx_word' id='word_1_50' title='bbox 1537 717 1734 767; x_wconf 84' lang='lat' dir='ltr'>trans-</span> 
     </span>
    </p>
   </div>
   <div class='ocr_carea' id='block_1_9' title="bbox 118 797 1733 871">
    <p class='ocr_par' dir='ltr' id='par_1_9' title="bbox 118 797 1733 871">
     <span class='ocr_line' id='line_1_9' title="bbox 118 797 1733 871; baseline 0.002 -19"><span class='ocrx_word' id='word_1_51' title='bbox 118 803 347 852; x_wconf 87' lang='lat' dir='ltr'>meantes</span> <span class='ocrx_word' id='word_1_52' title='bbox 396 797 456 851; x_wconf 89' lang='lat' dir='ltr'>in</span> <span class='ocrx_word' id='word_1_53' title='bbox 506 797 786 854; x_wconf 72' lang='lat' dir='ltr'>Neustriaa</span> <span class='ocrx_word' id='word_1_54' title='bbox 847 799 1135 871; x_wconf 87' lang='lat' dir='ltr'>partibus,</span> <span class='ocrx_word' id='word_1_55' title='bbox 1194 800 1510 856; x_wconf 81' lang='lat' dir='ltr'>maximam</span> <span class='ocrx_word' id='word_1_56' title='bbox 1570 805 1733 856; x_wconf 70' lang='lat' dir='ltr'>terra:</span> 
     </span>
    </p>
   </div>
   <div class='ocr_carea' id='block_1_10' title="bbox 119 887 1734 962">
    <p class='ocr_par' dir='ltr' id='par_1_10' title="bbox 119 887 1734 962">
     <span class='ocr_line' id='line_1_10' title="bbox 119 887 1734 962; baseline 0.002 -20"><span class='ocrx_word' id='word_1_57' title='bbox 119 892 312 960; x_wconf 85' lang='lat' dir='ltr'>partem</span> <span class='ocrx_word' id='word_1_58' title='bbox 347 887 565 942; x_wconf 87' lang='lat' dir='ltr'>virtute</span> <span class='ocrx_word' id='word_1_59' title='bbox 607 887 743 943; x_wconf 83' lang='lat' dir='ltr'>belli</span> <span class='ocrx_word' id='word_1_60' title='bbox 803 889 1162 956; x_wconf 75' lang='lat' dir='ltr'>invadentes,</span> <span class='ocrx_word' id='word_1_61' title='bbox 1191 895 1418 962; x_wconf 90' lang='lat' dir='ltr'>septem</span> <span class='ocrx_word' id='word_1_62' title='bbox 1473 889 1734 946; x_wconf 85' lang='lat' dir='ltr'>civitates</span> 
     </span>
    </p>
   </div>
   <div class='ocr_carea' id='block_1_11' title="bbox 112 975 1737 1050">
    <p class='ocr_par' dir='ltr' id='par_1_11' title="bbox 112 975 1737 1050">
     <span class='ocr_line' id='line_1_11' title="bbox 112 975 1737 1050; baseline 0.003 -21"><span class='ocrx_word' id='word_1_63' title='bbox 112 977 215 1047; x_wconf 81' lang='lat' dir='ltr'>jam</span> <span class='ocrx_word' id='word_1_64' title='bbox 243 975 650 1031; x_wconf 89' lang='lat' dir='ltr'>obtinuerant:</span> <span class='ocrx_word' id='word_1_65' title='bbox 676 994 710 1032; x_wconf 88' lang='lat' dir='ltr'>a</span> <span class='ocrx_word' id='word_1_66' title='bbox 740 995 989 1050; x_wconf 88' lang='lat' dir='ltr'>quorum</span> <span class='ocrx_word' id='word_1_67' title='bbox 1028 979 1310 1036; x_wconf 88' lang='lat' dir='ltr'>vocabulo</span> <span class='ocrx_word' id='word_1_68' title='bbox 1348 981 1551 1036; x_wconf 90' lang='lat' dir='ltr'>eadem</span> <span class='ocrx_word' id='word_1_69' title='bbox 1584 984 1737 1036; x_wconf 87' lang='lat' dir='ltr'>terra</span> 
     </span>
    </p>
   </div>
   <div class='ocr_carea' id='block_1_12' title="bbox 121 1062 1733 1141">
    <p class='ocr_par' dir='ltr' id='par_1_12' title="bbox 121 1062 1733 1141">
     <span class='ocr_line' id='line_1_12' title="bbox 121 1062 1733 1141; baseline 0.002 -21"><span class='ocrx_word' id='word_1_70' title='bbox 121 1062 296 1120; x_wconf 86' lang='lat' dir='ltr'>sortita</span> <span class='ocrx_word' id='word_1_71' title='bbox 349 1068 436 1120; x_wconf 82' lang='lat' dir='ltr'>est</span> <span class='ocrx_word' id='word_1_72' title='bbox 495 1082 731 1120; x_wconf 90' lang='lat' dir='ltr'>nomen.</span> <span class='ocrx_word' id='word_1_73' title='bbox 767 1067 881 1138; x_wconf 89' lang='lat' dir='ltr'>Ipsi</span> <span class='ocrx_word' id='word_1_74' title='bbox 927 1067 1082 1122; x_wconf 90' lang='lat' dir='ltr'>enim</span> <span class='ocrx_word' id='word_1_75' title='bbox 1115 1085 1148 1123; x_wconf 90' lang='lat' dir='ltr'>a</span> <span class='ocrx_word' id='word_1_76' title='bbox 1179 1068 1317 1123; x_wconf 82' lang='lat' dir='ltr'>flatu</span> <span class='ocrx_word' id='word_1_77' title='bbox 1377 1069 1568 1124; x_wconf 80' lang='lat' dir='ltr'>Norici</span> <span class='ocrx_word' id='word_1_78' title='bbox 1600 1068 1733 1141; x_wconf 86' lang='lat'>(89).</span> 
     </span>
    </p>
   </div>
   <div class='ocr_carea' id='block_1_13' title="bbox 121 1153 1739 1230">
    <p class='ocr_par' dir='ltr' id='par_1_13' title="bbox 121 1153 1739 1230">
     <span class='ocr_line' id='line_1_13' title="bbox 121 1153 1739 1230; baseline 0.003 -22"><span class='ocrx_word' id='word_1_79' title='bbox 121 1153 405 1208; x_wconf 82' lang='lat' dir='ltr'>Normanni</span> <span class='ocrx_word' id='word_1_80' title='bbox 463 1160 793 1211; x_wconf 79' lang='lat' dir='ltr'>vocantur:</span> <span class='ocrx_word' id='word_1_81' title='bbox 835 1173 870 1212; x_wconf 90' lang='lat' dir='ltr'>a</span> <span class='ocrx_word' id='word_1_82' title='bbox 917 1173 1031 1230; x_wconf 91' lang='lat' dir='ltr'>quo</span> <span class='ocrx_word' id='word_1_83' title='bbox 1091 1157 1327 1214; x_wconf 87' lang='lat' dir='ltr'>nomine</span> <span class='ocrx_word' id='word_1_84' title='bbox 1379 1157 1739 1214; x_wconf 88' lang='lat' dir='ltr'>Normannia</span> 
     </span>
    </p>
   </div>
   <div class='ocr_carea' id='block_1_14' title="bbox 120 1242 1741 1317">
    <p class='ocr_par' dir='ltr' id='par_1_14' title="bbox 120 1242 1741 1317">
     <span class='ocr_line' id='line_1_14' title="bbox 120 1242 1741 1317; baseline 0.003 -21"><span class='ocrx_word' id='word_1_85' title='bbox 120 1242 392 1298; x_wconf 87' lang='lat' dir='ltr'>vocitatur.</span> <span class='ocrx_word' id='word_1_86' title='bbox 416 1243 591 1300; x_wconf 87' lang='lat' dir='ltr'>Visco</span> <span class='ocrx_word' id='word_1_87' title='bbox 613 1243 810 1317; x_wconf 87' lang='lat' dir='ltr'>itaque</span> <span class='ocrx_word' id='word_1_88' title='bbox 838 1245 1165 1302; x_wconf 90' lang='lat' dir='ltr'>insaciabili</span> <span class='ocrx_word' id='word_1_89' title='bbox 1190 1248 1442 1303; x_wconf 69' lang='lat' dir='ltr'>avaritia:</span> <span class='ocrx_word' id='word_1_90' title='bbox 1476 1247 1741 1304; x_wconf 86' lang='lat' dir='ltr'>laboran-</span> 
     </span>
    </p>
   </div>
   <div class='ocr_carea' id='block_1_15' title="bbox 123 1333 1740 1410">
    <p class='ocr_par' dir='ltr' id='par_1_15' title="bbox 123 1333 1740 1410">
     <span class='ocr_line' id='line_1_15' title="bbox 123 1333 1740 1410; baseline 0.005 -24"><span class='ocrx_word' id='word_1_91' title='bbox 123 1335 209 1397; x_wconf 85' lang='lat' dir='ltr'>tes,</span> <span class='ocrx_word' id='word_1_92' title='bbox 228 1348 322 1404; x_wconf 91' lang='lat' dir='ltr'>per</span> <span class='ocrx_word' id='word_1_93' title='bbox 348 1333 688 1404; x_wconf 85' lang='lat' dir='ltr'>Sequanam</span> <span class='ocrx_word' id='word_1_94' title='bbox 718 1334 960 1390; x_wconf 78' lang='lat' dir='ltr'>fluvium</span> <span class='ocrx_word' id='word_1_95' title='bbox 993 1335 1353 1410; x_wconf 86' lang='lat' dir='ltr'>navigantes,</span> <span class='ocrx_word' id='word_1_96' title='bbox 1389 1336 1740 1394; x_wconf 86' lang='lat' dir='ltr'>Parisiacam</span> 
     </span>
    </p>
   </div>
   <div class='ocr_carea' id='block_1_16' title="bbox 124 1421 1739 1491">
    <p class='ocr_par' dir='ltr' id='par_1_16' title="bbox 124 1421 1739 1491">
     <span class='ocr_line' id='line_1_16' title="bbox 124 1421 1739 1491; baseline 0.002 -15"><span class='ocrx_word' id='word_1_97' title='bbox 124 1421 296 1476; x_wconf 83' lang='lat' dir='ltr'>urbem</span> <span class='ocrx_word' id='word_1_98' title='bbox 341 1421 606 1478; x_wconf 79' lang='lat' dir='ltr'>obtinere</span> <span class='ocrx_word' id='word_1_99' title='bbox 650 1423 940 1480; x_wconf 87' lang='lat' dir='ltr'>ambiunt.</span> <span class='ocrx_word' id='word_1_100' title='bbox 968 1424 1076 1491; x_wconf 88' lang='lat' dir='ltr'>Qui</span> <span class='ocrx_word' id='word_1_101' title='bbox 1107 1441 1243 1480; x_wconf 89' lang='lat' dir='ltr'>cum</span> <span class='ocrx_word' id='word_1_102' title='bbox 1291 1425 1538 1482; x_wconf 90' lang='lat' dir='ltr'>desidua</span> <span class='ocrx_word' id='word_1_103' title='bbox 1583 1425 1739 1481; x_wconf 84' lang='lat' dir='ltr'>obsi-</span> 
     </span>
    </p>
   </div>
   <div class='ocr_carea' id='block_1_17' title="bbox 128 1510 1741 1582">
    <p class='ocr_par' dir='ltr' id='par_1_17' title="bbox 128 1510 1741 1582">
     <span class='ocr_line' id='line_1_17' title="bbox 128 1510 1741 1582; baseline 0.003 -17"><span class='ocrx_word' id='word_1_104' title='bbox 128 1510 265 1566; x_wconf 87' lang='lat' dir='ltr'>dioue</span> <span class='ocrx_word' id='word_1_105' title='bbox 291 1514 346 1566; x_wconf 86' lang='lat' dir='ltr'>et</span> <span class='ocrx_word' id='word_1_106' title='bbox 371 1527 676 1568; x_wconf 88' lang='lat' dir='ltr'>armorum</span> <span class='ocrx_word' id='word_1_107' title='bbox 726 1512 1092 1582; x_wconf 84' lang='lat' dir='ltr'>exercitione,</span> <span class='ocrx_word' id='word_1_108' title='bbox 1127 1515 1427 1571; x_wconf 81' lang='lat' dir='ltr'>incassum</span> <span class='ocrx_word' id='word_1_109' title='bbox 1476 1513 1741 1571; x_wconf 86' lang='lat' dir='ltr'>laborare</span> 
     </span>
    </p>
   </div>
   <div class='ocr_carea' id='block_1_18' title="bbox 128 1601 1741 1673">
    <p class='ocr_par' dir='ltr' id='par_1_18' title="bbox 128 1601 1741 1673">
     <span class='ocr_line' id='line_1_18' title="bbox 128 1601 1741 1673; baseline 0.002 -17"><span class='ocrx_word' id='word_1_110' title='bbox 128 1603 408 1664; x_wconf 74' lang='lat' dir='ltr'>cenarent,</span> <span class='ocrx_word' id='word_1_111' title='bbox 425 1616 638 1672; x_wconf 86' lang='lat' dir='ltr'>proras</span> <span class='ocrx_word' id='word_1_112' title='bbox 673 1601 912 1658; x_wconf 84' lang='lat' dir='ltr'>navium</span> <span class='ocrx_word' id='word_1_113' title='bbox 952 1607 1104 1659; x_wconf 89' lang='lat' dir='ltr'>retro</span> <span class='ocrx_word' id='word_1_114' title='bbox 1139 1607 1454 1673; x_wconf 83' lang='lat' dir='ltr'>vertentes,</span> <span class='ocrx_word' id='word_1_115' title='bbox 1486 1603 1741 1660; x_wconf 89' lang='lat' dir='ltr'>obsidio-</span> 
     </span>
    </p>
   </div>
   <div class='ocr_carea' id='block_1_19' title="bbox 131 1687 1740 1764">
    <p class='ocr_par' dir='ltr' id='par_1_19' title="bbox 131 1687 1740 1764">
     <span class='ocr_line' id='line_1_19' title="bbox 131 1687 1740 1764; baseline 0.004 -22"><span class='ocrx_word' id='word_1_116' title='bbox 131 1705 236 1745; x_wconf 85' lang='lat' dir='ltr'>nem</span> <span class='ocrx_word' id='word_1_117' title='bbox 263 1687 578 1761; x_wconf 87' lang='lat' dir='ltr'>liquerunt.</span> <span class='ocrx_word' id='word_1_118' title='bbox 615 1691 816 1764; x_wconf 84' lang='lat' dir='ltr'>itaque</span> <span class='ocrx_word' id='word_1_119' title='bbox 866 1691 1048 1748; x_wconf 87' lang='lat' dir='ltr'>animi</span> <span class='ocrx_word' id='word_1_120' title='bbox 1106 1692 1198 1748; x_wconf 90' lang='lat' dir='ltr'>sui</span> <span class='ocrx_word' id='word_1_121' title='bbox 1259 1693 1635 1749; x_wconf 87' lang='lat' dir='ltr'>ambitionem</span> <span class='ocrx_word' id='word_1_122' title='bbox 1668 1694 1740 1750; x_wconf 89' lang='lat' dir='ltr'>ad</span> 
     </span>
    </p>
   </div>
   <div class='ocr_carea' id='block_1_20' title="bbox 131 1777 1739 1855">
    <p class='ocr_par' dir='ltr' id='par_1_20' title="bbox 131 1777 1739 1855">
     <span class='ocr_line' id='line_1_20' title="bbox 131 1777 1739 1855; baseline 0.003 -23"><span class='ocrx_word' id='word_1_123' title='bbox 131 1777 302 1833; x_wconf 85' lang='lat' dir='ltr'>urbem</span> <span class='ocrx_word' id='word_1_124' title='bbox 328 1777 750 1835; x_wconf 86' lang='lat' dir='ltr'>Caruotensem</span> <span class='ocrx_word' id='word_1_125' title='bbox 779 1784 899 1836; x_wconf 89' lang='lat' dir='ltr'>toto</span> <span class='ocrx_word' id='word_1_126' title='bbox 933 1781 1066 1837; x_wconf 89' lang='lat' dir='ltr'>nisu</span> <span class='ocrx_word' id='word_1_127' title='bbox 1093 1787 1412 1839; x_wconf 88' lang='lat' dir='ltr'>verterunt.</span> <span class='ocrx_word' id='word_1_128' title='bbox 1444 1783 1529 1838; x_wconf 85' lang='lat' dir='ltr'>Ad</span> <span class='ocrx_word' id='word_1_129' title='bbox 1561 1799 1739 1855; x_wconf 90' lang='lat' dir='ltr'>quam</span> 
     </span>
    </p>
   </div>
   <div class='ocr_carea' id='block_1_21' title="bbox 132 1867 1744 1940">
    <p class='ocr_par' dir='ltr' id='par_1_21' title="bbox 132 1867 1744 1940">
     <span class='ocr_line' id='line_1_21' title="bbox 132 1867 1744 1940; baseline 0.004 -18"><span class='ocrx_word' id='word_1_130' title='bbox 132 1883 214 1938; x_wconf 84' lang='lat' dir='ltr'>per</span> <span class='ocrx_word' id='word_1_131' title='bbox 237 1867 558 1939; x_wconf 83' lang='lat' dir='ltr'>Sequanam</span> <span class='ocrx_word' id='word_1_132' title='bbox 611 1869 787 1926; x_wconf 89' lang='lat' dir='ltr'>remis</span> <span class='ocrx_word' id='word_1_133' title='bbox 841 1875 1163 1940; x_wconf 90' lang='lat' dir='ltr'>currentes,</span> <span class='ocrx_word' id='word_1_134' title='bbox 1205 1872 1262 1926; x_wconf 93' lang='lat' dir='ltr'>in</span> <span class='ocrx_word' id='word_1_135' title='bbox 1303 1872 1527 1929; x_wconf 89' lang='lat' dir='ltr'>Givaldi</span> <span class='ocrx_word' id='word_1_136' title='bbox 1587 1873 1744 1928; x_wconf 89' lang='lat' dir='ltr'>fossa</span> 
     </span>
    </p>
   </div>
   <div class='ocr_carea' id='block_1_22' title="bbox 130 1954 1743 2034">
    <p class='ocr_par' dir='ltr' id='par_1_22' title="bbox 130 1954 1743 2034">
     <span class='ocr_line' id='line_1_22' title="bbox 130 1954 1743 2034; baseline 0.005 -26"><span class='ocrx_word' id='word_1_137' title='bbox 130 1954 482 2026; x_wconf 79' lang='lat' dir='ltr'>aplicuerunt.</span> <span class='ocrx_word' id='word_1_138' title='bbox 517 1956 607 2013; x_wconf 91' lang='lat' dir='ltr'>Ibi</span> <span class='ocrx_word' id='word_1_139' title='bbox 645 1959 898 2031; x_wconf 89' lang='lat' dir='ltr'>denique</span> <span class='ocrx_word' id='word_1_140' title='bbox 937 1961 1187 2017; x_wconf 87' lang='lat' dir='ltr'>navibus</span> <span class='ocrx_word' id='word_1_141' title='bbox 1226 1961 1464 2026; x_wconf 86' lang='lat' dir='ltr'>relictis,</span> <span class='ocrx_word' id='word_1_142' title='bbox 1505 1961 1743 2034; x_wconf 68' lang='lat' dir='ltr'>praepeti</span> 
     </span>
    </p>
   </div>
   <div class='ocr_carea' id='block_1_23' title="bbox 132 2045 1743 2121">
    <p class='ocr_par' dir='ltr' id='par_1_23' title="bbox 132 2045 1743 2121">
     <span class='ocr_line' id='line_1_23' title="bbox 132 2045 1743 2121; baseline 0.003 -22"><span class='ocrx_word' id='word_1_143' title='bbox 132 2059 296 2111; x_wconf 84' lang='lat' dir='ltr'>cursu,</span> <span class='ocrx_word' id='word_1_144' title='bbox 319 2045 385 2101; x_wconf 88' lang='lat' dir='ltr'>ad</span> <span class='ocrx_word' id='word_1_145' title='bbox 419 2047 630 2102; x_wconf 84' lang='lat' dir='ltr'>urbem</span> <span class='ocrx_word' id='word_1_146' title='bbox 659 2046 919 2118; x_wconf 89' lang='lat' dir='ltr'>veniunt,</span> <span class='ocrx_word' id='word_1_147' title='bbox 941 2065 1191 2121; x_wconf 87' lang='lat' dir='ltr'>eamque</span> <span class='ocrx_word' id='word_1_148' title='bbox 1216 2050 1275 2105; x_wconf 90' lang='lat' dir='ltr'>in</span> <span class='ocrx_word' id='word_1_149' title='bbox 1307 2050 1554 2105; x_wconf 87' lang='lat' dir='ltr'>circuitu</span> <span class='ocrx_word' id='word_1_150' title='bbox 1582 2049 1743 2105; x_wconf 84' lang='lat' dir='ltr'>obsi-</span> 
     </span>
    </p>
   </div>
   <div class='ocr_carea' id='block_1_24' title="bbox 132 2131 1748 2210">
    <p class='ocr_par' dir='ltr' id='par_1_24' title="bbox 132 2131 1748 2210">
     <span class='ocr_line' id='line_1_24' title="bbox 132 2131 1748 2210; baseline 0.004 -24"><span class='ocrx_word' id='word_1_151' title='bbox 132 2131 272 2188; x_wconf 86' lang='lat' dir='ltr'>dione</span> <span class='ocrx_word' id='word_1_152' title='bbox 291 2132 522 2190; x_wconf 80' lang='lat' dir='ltr'>vallant.</span> <span class='ocrx_word' id='word_1_153' title='bbox 548 2135 1063 2193; x_wconf 85' lang='lat' dir='ltr'>Verumenimvero</span> <span class='ocrx_word' id='word_1_154' title='bbox 1085 2139 1232 2210; x_wconf 64' lang='lat' dir='ltr'>praef</span> <span class='ocrx_word' id='word_1_155' title='bbox 1230 2143 1362 2193; x_wconf 88' lang='lat' dir='ltr'>atus</span> <span class='ocrx_word' id='word_1_156' title='bbox 1382 2138 1594 2210; x_wconf 79' lang='lat' dir='ltr'>praesul</span> <span class='ocrx_word' id='word_1_157' title='bbox 1617 2155 1748 2194; x_wconf 87' lang='lat' dir='ltr'>ven-</span> 
     </span>
    </p>
   </div>
   <div class='ocr_carea' id='block_1_25' title="bbox 134 2223 1746 2299">
    <p class='ocr_par' dir='ltr' id='par_1_25' title="bbox 134 2223 1746 2299">
     <span class='ocr_line' id='line_1_25' title="bbox 134 2223 1746 2299; baseline 0.004 -23"><span class='ocrx_word' id='word_1_158' title='bbox 134 2224 294 2277; x_wconf 86' lang='lat' dir='ltr'>turam</span> <span class='ocrx_word' id='word_1_159' title='bbox 313 2223 680 2280; x_wconf 88' lang='lat' dir='ltr'>obsidionem</span> <span class='ocrx_word' id='word_1_160' title='bbox 703 2225 896 2282; x_wconf 85' lang='lat' dir='ltr'>divino</span> <span class='ocrx_word' id='word_1_161' title='bbox 912 2225 1110 2282; x_wconf 88' lang='lat' dir='ltr'>.relatu</span> <span class='ocrx_word' id='word_1_162' title='bbox 1143 2244 1532 2299; x_wconf 65' lang='lat' dir='ltr'>praenoscens,</span> <span class='ocrx_word' id='word_1_163' title='bbox 1557 2226 1746 2282; x_wconf 81' lang='lat' dir='ltr'>Picta-</span> 
     </span>
    </p>
   </div>
   <div class='ocr_carea' id='block_1_26' title="bbox 135 2312 1744 2381">
    <p class='ocr_par' dir='ltr' id='par_1_26' title="bbox 135 2312 1744 2381">
     <span class='ocr_line' id='line_1_26' title="bbox 135 2312 1744 2381; baseline 0.003 -18"><span class='ocrx_word' id='word_1_164' title='bbox 135 2325 332 2366; x_wconf 79' lang='lat' dir='ltr'>vensem</span> <span class='ocrx_word' id='word_1_165' title='bbox 363 2312 639 2369; x_wconf 89' lang='lat' dir='ltr'>comitem</span> <span class='ocrx_word' id='word_1_166' title='bbox 687 2315 882 2370; x_wconf 89' lang='lat' dir='ltr'>venire</span> <span class='ocrx_word' id='word_1_167' title='bbox 910 2315 1021 2371; x_wconf 86' lang='lat' dir='ltr'>sibi</span> <span class='ocrx_word' id='word_1_168' title='bbox 1075 2315 1135 2371; x_wconf 91' lang='lat' dir='ltr'>in</span> <span class='ocrx_word' id='word_1_169' title='bbox 1166 2315 1450 2371; x_wconf 81' lang='lat' dir='ltr'>auxilium</span> <span class='ocrx_word' id='word_1_170' title='bbox 1483 2315 1744 2381; x_wconf 83' lang='lat' dir='ltr'>mandat,</span> 
     </span>
    </p>
   </div>
   <div class='ocr_carea' id='block_1_27' title="bbox 137 2397 1747 2476">
    <p class='ocr_par' dir='ltr' id='par_1_27' title="bbox 137 2397 1747 2476">
     <span class='ocr_line' id='line_1_27' title="bbox 137 2397 1747 2476; baseline 0.004 -24"><span class='ocrx_word' id='word_1_171' title='bbox 137 2397 816 2474; x_wconf 77' lang='lat' dir='ltr'>ducemqueBurguudizs</span> <span class='ocrx_word' id='word_1_172' title='bbox 873 2407 1047 2476; x_wconf 89' lang='lat' dir='ltr'>atque</span> <span class='ocrx_word' id='word_1_173' title='bbox 1103 2403 1251 2460; x_wconf 89' lang='lat' dir='ltr'>duos</span> <span class='ocrx_word' id='word_1_174' title='bbox 1309 2403 1747 2476; x_wconf 88' lang='lat' dir='ltr'>potentissimos</span> 
     </span>
    </p>
   </div>
   <div class='ocr_carea' id='block_1_28' title="bbox 141 2486 1748 2565">
    <p class='ocr_par' dir='ltr' id='par_1_28' title="bbox 141 2486 1748 2565">
     <span class='ocr_line' id='line_1_28' title="bbox 141 2486 1748 2565; baseline 0.003 -24"><span class='ocrx_word' id='word_1_175' title='bbox 141 2486 354 2544; x_wconf 68' lang='lat' dir='ltr'>Francia</span> <span class='ocrx_word' id='word_1_176' title='bbox 383 2490 652 2560; x_wconf 88' lang='lat' dir='ltr'>comites,</span> <span class='ocrx_word' id='word_1_177' title='bbox 670 2491 900 2564; x_wconf 88' lang='lat' dir='ltr'>qui,die</span> <span class='ocrx_word' id='word_1_178' title='bbox 927 2493 1247 2549; x_wconf 87' lang='lat' dir='ltr'>constituto</span> <span class='ocrx_word' id='word_1_179' title='bbox 1270 2510 1304 2549; x_wconf 90' lang='lat' dir='ltr'>a</span> <span class='ocrx_word' id='word_1_180' title='bbox 1325 2490 1590 2565; x_wconf 64' lang='lat' dir='ltr'>praesule,</span> <span class='ocrx_word' id='word_1_181' title='bbox 1621 2491 1748 2564; x_wconf 90' lang='lat' dir='ltr'>pari</span> 
     </span>
    </p>
   </div>
   <div class='ocr_carea' id='block_1_29' title="bbox 139 2579 1756 2654">
    <p class='ocr_par' dir='ltr' id='par_1_29' title="bbox 139 2579 1756 2654">
     <span class='ocr_line' id='line_1_29' title="bbox 139 2579 1756 2654; baseline 0.006 -26"><span class='ocrx_word' id='word_1_182' title='bbox 139 2580 244 2632; x_wconf 81' lang='lat' dir='ltr'>voto</span> <span class='ocrx_word' id='word_1_183' title='bbox 269 2593 392 2634; x_wconf 87' lang='lat' dir='ltr'>cum</span> <span class='ocrx_word' id='word_1_184' title='bbox 421 2579 683 2636; x_wconf 84' lang='lat' dir='ltr'>exercitu</span> <span class='ocrx_word' id='word_1_185' title='bbox 705 2581 956 2638; x_wconf 85' lang='lat' dir='ltr'>maximo</span> <span class='ocrx_word' id='word_1_186' title='bbox 981 2581 1192 2654; x_wconf 87' lang='lat' dir='ltr'>parati,</span> <span class='ocrx_word' id='word_1_187' title='bbox 1213 2581 1545 2638; x_wconf 89' lang='lat' dir='ltr'>Christiano</span> <span class='ocrx_word' id='word_1_188' title='bbox 1571 2599 1756 2654; x_wconf 79' lang='lat' dir='ltr'>popu-</span> 
     </span>
    </p>
   </div>
   <div class='ocr_carea' id='block_1_30' title="bbox 139 2661 1754 2744">
    <p class='ocr_par' dir='ltr' id='par_1_30' title="bbox 139 2661 1754 2744">
     <span class='ocr_line' id='line_1_30' title="bbox 139 2661 1754 2744; baseline 0.004 -27"><span class='ocrx_word' id='word_1_189' title='bbox 139 2661 461 2724; x_wconf 72' lang='lat' dir='ltr'>loauxilium</span> <span class='ocrx_word' id='word_1_190' title='bbox 504 2669 660 2725; x_wconf 87' lang='lat' dir='ltr'>ferre</span> <span class='ocrx_word' id='word_1_191' title='bbox 707 2670 924 2726; x_wconf 88' lang='lat' dir='ltr'>adsunt</span> <span class='ocrx_word' id='word_1_192' title='bbox 977 2673 1236 2743; x_wconf 87' lang='lat' dir='ltr'>Cumque</span> <span class='ocrx_word' id='word_1_193' title='bbox 1274 2669 1486 2744; x_wconf 86' lang='lat' dir='ltr'>pagani</span> <span class='ocrx_word' id='word_1_194' title='bbox 1524 2669 1754 2725; x_wconf 87' lang='lat' dir='ltr'>viribus</span> 
     </span>
    </p>
   </div>
   <div class='ocr_carea' id='block_1_31' title="bbox 143 2756 1746 2826">
    <p class='ocr_par' dir='ltr' id='par_1_31' title="bbox 143 2756 1746 2826">
     <span class='ocr_line' id='line_1_31' title="bbox 143 2756 1746 2826; baseline 0.005 -20"><span class='ocrx_word' id='word_1_195' title='bbox 143 2756 185 2806; x_wconf 86' lang='lat' dir='ltr'>et</span> <span class='ocrx_word' id='word_1_196' title='bbox 207 2756 368 2811; x_wconf 87' lang='lat' dir='ltr'>armis</span> <span class='ocrx_word' id='word_1_197' title='bbox 395 2759 760 2814; x_wconf 81' lang='lat' dir='ltr'>conﬁdentes</span> <span class='ocrx_word' id='word_1_198' title='bbox 791 2759 1110 2815; x_wconf 89' lang='lat' dir='ltr'>admodum</span> <span class='ocrx_word' id='word_1_199' title='bbox 1143 2759 1501 2826; x_wconf 83' lang='lat' dir='ltr'>insisterent,</span> <span class='ocrx_word' id='word_1_200' title='bbox 1525 2765 1584 2816; x_wconf 88' lang='lat' dir='ltr'>et</span> <span class='ocrx_word' id='word_1_201' title='bbox 1603 2759 1746 2814; x_wconf 83' lang='lat' dir='ltr'>civi-</span> 
     </span>
    </p>
   </div>
   <div class='ocr_carea' id='block_1_32' title="bbox 141 2844 1750 2922">
    <p class='ocr_par' dir='ltr' id='par_1_32' title="bbox 141 2844 1750 2922">
     <span class='ocr_line' id='line_1_32' title="bbox 141 2844 1750 2922; baseline 0.006 -28"><span class='ocrx_word' id='word_1_202' title='bbox 141 2844 290 2898; x_wconf 24' lang='lat' dir='ltr'>tatem.</span> <span class='ocrx_word' id='word_1_203' title='bbox 303 2861 500 2917; x_wconf 87' lang='lat' dir='ltr'>capere</span> <span class='ocrx_word' id='word_1_204' title='bbox 529 2847 897 2916; x_wconf 83' lang='lat' dir='ltr'>festinarent,</span> <span class='ocrx_word' id='word_1_205' title='bbox 925 2849 1200 2921; x_wconf 83' lang='lat' dir='ltr'>pontifex,</span> <span class='ocrx_word' id='word_1_206' title='bbox 1224 2850 1318 2906; x_wconf 90' lang='lat' dir='ltr'>die</span> <span class='ocrx_word' id='word_1_207' title='bbox 1349 2867 1465 2922; x_wconf 87' lang='lat' dir='ltr'>qua</span> <span class='ocrx_word' id='word_1_208' title='bbox 1512 2853 1750 2905; x_wconf 88' lang='lat' dir='ltr'>noverat</span> 
     </span>
    </p>
   </div>
   <div class='ocr_carea' id='block_1_33' title="bbox 141 2934 1750 3008">
    <p class='ocr_par' dir='ltr' id='par_1_33' title="bbox 141 2934 1750 3008">
     <span class='ocr_line' id='line_1_33' title="bbox 141 2934 1750 3008; baseline 0.006 -24"><span class='ocrx_word' id='word_1_209' title='bbox 141 2947 287 3003; x_wconf 80' lang='lat' dir='ltr'>supra</span> <span class='ocrx_word' id='word_1_210' title='bbox 311 2934 488 2993; x_wconf 87' lang='lat' dir='ltr'>dictos</span> <span class='ocrx_word' id='word_1_211' title='bbox 519 2936 771 2994; x_wconf 87' lang='lat' dir='ltr'>comites</span> <span class='ocrx_word' id='word_1_212' title='bbox 800 2937 912 2994; x_wconf 91' lang='lat' dir='ltr'>sibi</span> <span class='ocrx_word' id='word_1_213' title='bbox 936 2938 1134 2994; x_wconf 89' lang='lat' dir='ltr'>venire</span> <span class='ocrx_word' id='word_1_214' title='bbox 1163 2939 1221 2994; x_wconf 91' lang='lat' dir='ltr'>in</span> <span class='ocrx_word' id='word_1_215' title='bbox 1255 2938 1558 3008; x_wconf 82' lang='lat' dir='ltr'>auxilium,</span> <span class='ocrx_word' id='word_1_216' title='bbox 1581 2937 1750 2994; x_wconf 86' lang='lat' dir='ltr'>valde</span> 
     </span>
    </p>
   </div>
   <div class='ocr_carea' id='block_1_34' title="bbox 142 3019 1750 3102">
    <p class='ocr_par' dir='ltr' id='par_1_34' title="bbox 142 3019 1750 3102">
     <span class='ocr_line' id='line_1_34' title="bbox 142 3019 1750 3102; baseline 0.006 -29"><span class='ocrx_word' id='word_1_217' title='bbox 142 3019 356 3081; x_wconf 88' lang='lat' dir='ltr'>diluculo</span> <span class='ocrx_word' id='word_1_218' title='bbox 374 3025 546 3096; x_wconf 87' lang='lat' dir='ltr'>jubet</span> <span class='ocrx_word' id='word_1_219' title='bbox 577 3042 782 3083; x_wconf 91' lang='lat' dir='ltr'>omnes</span> <span class='ocrx_word' id='word_1_220' title='bbox 801 3044 944 3083; x_wconf 86' lang='lat' dir='ltr'>suos</span> <span class='ocrx_word' id='word_1_221' title='bbox 973 3027 1154 3084; x_wconf 89' lang='lat' dir='ltr'>armis</span> <span class='ocrx_word' id='word_1_222' title='bbox 1185 3028 1402 3084; x_wconf 90' lang='lat' dir='ltr'>muniri</span> <span class='ocrx_word' id='word_1_223' title='bbox 1432 3033 1491 3084; x_wconf 92' lang='lat' dir='ltr'>et</span> <span class='ocrx_word' id='word_1_224' title='bbox 1515 3027 1588 3084; x_wconf 91' lang='lat' dir='ltr'>ad</span> <span class='ocrx_word' id='word_1_225' title='bbox 1623 3045 1750 3102; x_wconf 75' lang='lat' dir='ltr'>por-</span> 
     </span>
    </p>
   </div>
   <div class='ocr_carea' id='block_1_35' title="bbox 1841 441 3484 515">
    <p class='ocr_par' dir='ltr' id='par_1_35' title="bbox 1841 441 3484 515">
     <span class='ocr_line' id='line_1_35' title="bbox 1841 441 3484 515; baseline 0.001 -18"><span class='ocrx_word' id='word_1_226' title='bbox 1841 442 2112 498; x_wconf 85' lang='lat' dir='ltr'>tuissent.</span> <span class='ocrx_word' id='word_1_227' title='bbox 2142 443 2305 499; x_wconf 90' lang='lat' dir='ltr'>Unde</span> <span class='ocrx_word' id='word_1_228' title='bbox 2336 443 2551 498; x_wconf 89' lang='lat' dir='ltr'>factum</span> <span class='ocrx_word' id='word_1_229' title='bbox 2595 448 2684 499; x_wconf 89' lang='lat' dir='ltr'>est</span> <span class='ocrx_word' id='word_1_230' title='bbox 2739 448 2824 512; x_wconf 89' lang='lat' dir='ltr'>ut,</span> <span class='ocrx_word' id='word_1_231' title='bbox 2850 444 2976 515; x_wconf 91' lang='lat' dir='ltr'>jam</span> <span class='ocrx_word' id='word_1_232' title='bbox 3034 459 3164 499; x_wconf 90' lang='lat' dir='ltr'>sero</span> <span class='ocrx_word' id='word_1_233' title='bbox 3223 443 3393 509; x_wconf 86' lang='lat' dir='ltr'>facto,</span> <span class='ocrx_word' id='word_1_234' title='bbox 3425 441 3484 498; x_wconf 91' lang='lat' dir='ltr'>in</span> 
     </span>
    </p>
   </div>
   <div class='ocr_carea' id='block_1_36' title="bbox 1843 531 3490 606">
    <p class='ocr_par' dir='ltr' id='par_1_36' title="bbox 1843 531 3490 606">
     <span class='ocr_line' id='line_1_36' title="bbox 1843 531 3490 606; baseline 0 -20"><span class='ocrx_word' id='word_1_235' title='bbox 1843 537 2040 588; x_wconf 90' lang='lat' dir='ltr'>monte</span> <span class='ocrx_word' id='word_1_236' title='bbox 2071 534 2400 606; x_wconf 89' lang='lat' dir='ltr'>Leugarum</span> <span class='ocrx_word' id='word_1_237' title='bbox 2426 533 2780 601; x_wconf 88' lang='lat' dir='ltr'>devenirent,</span> <span class='ocrx_word' id='word_1_238' title='bbox 2808 532 2888 588; x_wconf 90' lang='lat' dir='ltr'>ibi</span> <span class='ocrx_word' id='word_1_239' title='bbox 2920 531 3315 588; x_wconf 85' lang='lat' dir='ltr'>castrametati</span> <span class='ocrx_word' id='word_1_240' title='bbox 3349 535 3490 586; x_wconf 92' lang='lat' dir='ltr'>sunt</span> 
     </span>
    </p>
   </div>
   <div class='ocr_carea' id='block_1_37' title="bbox 1842 619 3486 694">
    <p class='ocr_par' dir='ltr' id='par_1_37' title="bbox 1842 619 3486 694">
     <span class='ocr_line' id='line_1_37' title="bbox 1842 619 3486 694; baseline 0.002 -19"><span class='ocrx_word' id='word_1_241' title='bbox 1842 625 2019 692; x_wconf 89' lang='lat' dir='ltr'>atque</span> <span class='ocrx_word' id='word_1_242' title='bbox 2041 622 2110 677; x_wconf 92' lang='lat' dir='ltr'>de</span> <span class='ocrx_word' id='word_1_243' title='bbox 2132 621 2306 677; x_wconf 90' lang='lat' dir='ltr'>coriis</span> <span class='ocrx_word' id='word_1_244' title='bbox 2327 621 2671 677; x_wconf 89' lang='lat' dir='ltr'>animalium</span> <span class='ocrx_word' id='word_1_245' title='bbox 2696 621 2805 691; x_wconf 75' lang='lat'>(90)</span> <span class='ocrx_word' id='word_1_246' title='bbox 2827 638 2887 678; x_wconf 90' lang='lat' dir='ltr'>se</span> <span class='ocrx_word' id='word_1_247' title='bbox 2908 621 3168 694; x_wconf 89' lang='lat' dir='ltr'>undique</span> <span class='ocrx_word' id='word_1_248' title='bbox 3189 619 3486 678; x_wconf 83' lang='lat' dir='ltr'>muniunt.</span> 
     </span>
    </p>
   </div>
   <div class='ocr_carea' id='block_1_38' title="bbox 1842 708 3490 782">
    <p class='ocr_par' dir='ltr' id='par_1_38' title="bbox 1842 708 3490 782">
     <span class='ocr_line' id='line_1_38' title="bbox 1842 708 3490 782; baseline 0.001 -20"><span class='ocrx_word' id='word_1_249' title='bbox 1842 708 2154 764; x_wconf 88' lang='lat' dir='ltr'>Christiani</span> <span class='ocrx_word' id='word_1_250' title='bbox 2183 727 2314 766; x_wconf 90' lang='lat' dir='ltr'>vero</span> <span class='ocrx_word' id='word_1_251' title='bbox 2336 727 2433 766; x_wconf 87' lang='lat' dir='ltr'>eos</span> <span class='ocrx_word' id='word_1_252' title='bbox 2465 710 2857 782; x_wconf 89' lang='lat' dir='ltr'>insequentes,</span> <span class='ocrx_word' id='word_1_253' title='bbox 2884 715 3140 766; x_wconf 90' lang='lat' dir='ltr'>montem</span> <span class='ocrx_word' id='word_1_254' title='bbox 3162 709 3401 781; x_wconf 89' lang='lat' dir='ltr'>vallant,</span> <span class='ocrx_word' id='word_1_255' title='bbox 3425 713 3490 764; x_wconf 76' lang='lat' dir='ltr'>ut</span> 
     </span>
    </p>
   </div>
   <div class='ocr_carea' id='block_1_39' title="bbox 1843 798 3490 873">
    <p class='ocr_par' dir='ltr' id='par_1_39' title="bbox 1843 798 3490 873">
     <span class='ocr_line' id='line_1_39' title="bbox 1843 798 3490 873; baseline 0 -20"><span class='ocrx_word' id='word_1_256' title='bbox 1843 799 2107 869; x_wconf 85' lang='lat' dir='ltr'>proxima</span> <span class='ocrx_word' id='word_1_257' title='bbox 2155 800 2247 855; x_wconf 88' lang='lat' dir='ltr'>die</span> <span class='ocrx_word' id='word_1_258' title='bbox 2307 800 2596 871; x_wconf 82' lang='lat' dir='ltr'>fugientes</span> <span class='ocrx_word' id='word_1_259' title='bbox 2653 800 3014 873; x_wconf 86' lang='lat' dir='ltr'>aggrediant.</span> <span class='ocrx_word' id='word_1_260' title='bbox 3050 801 3230 868; x_wconf 89' lang='lat' dir='ltr'>Quem</span> <span class='ocrx_word' id='word_1_261' title='bbox 3256 799 3369 871; x_wconf 81' lang='lat' dir='ltr'>(9i)</span> <span class='ocrx_word' id='word_1_262' title='bbox 3401 798 3490 854; x_wconf 91' lang='lat' dir='ltr'>vi-</span> 
     </span>
    </p>
   </div>
   <div class='ocr_carea' id='block_1_40' title="bbox 1843 887 3490 962">
    <p class='ocr_par' dir='ltr' id='par_1_40' title="bbox 1843 887 3490 962">
     <span class='ocr_line' id='line_1_40' title="bbox 1843 887 3490 962; baseline 0.002 -21"><span class='ocrx_word' id='word_1_263' title='bbox 1843 887 2044 942; x_wconf 89' lang='lat' dir='ltr'>dentes</span> <span class='ocrx_word' id='word_1_264' title='bbox 2093 889 2303 961; x_wconf 87' lang='lat' dir='ltr'>pagani</span> <span class='ocrx_word' id='word_1_265' title='bbox 2335 889 2636 962; x_wconf 88' lang='lat' dir='ltr'>pafevacti,</span> <span class='ocrx_word' id='word_1_266' title='bbox 2671 889 3086 946; x_wconf 85' lang='lat' dir='ltr'>machinantur</span> <span class='ocrx_word' id='word_1_267' title='bbox 3132 889 3423 960; x_wconf 92' lang='lat' dir='ltr'>quomodo</span> <span class='ocrx_word' id='word_1_268' title='bbox 3454 903 3490 943; x_wconf 85' lang='lat' dir='ltr'>a</span> 
     </span>
    </p>
   </div>
   <div class='ocr_carea' id='block_1_41' title="bbox 1843 975 3490 1052">
    <p class='ocr_par' dir='ltr' id='par_1_41' title="bbox 1843 975 3490 1052">
     <span class='ocr_line' id='line_1_41' title="bbox 1843 975 3490 1052; baseline 0 -20"><span class='ocrx_word' id='word_1_269' title='bbox 1843 975 2099 1048; x_wconf 87' lang='lat' dir='ltr'>periculo</span> <span class='ocrx_word' id='word_1_270' title='bbox 2131 977 2334 1033; x_wconf 88' lang='lat' dir='ltr'>mortis</span> <span class='ocrx_word' id='word_1_271' title='bbox 2365 995 2426 1034; x_wconf 87' lang='lat' dir='ltr'>se</span> <span class='ocrx_word' id='word_1_272' title='bbox 2457 977 2678 1034; x_wconf 88' lang='lat' dir='ltr'>salvare</span> <span class='ocrx_word' id='word_1_273' title='bbox 2708 983 2965 1052; x_wconf 86' lang='lat' dir='ltr'>possent.</span> <span class='ocrx_word' id='word_1_274' title='bbox 2989 978 3299 1050; x_wconf 85' lang='lat' dir='ltr'>Elegerunt</span> <span class='ocrx_word' id='word_1_275' title='bbox 3325 977 3490 1032; x_wconf 82' lang='lat' dir='ltr'>deni-</span> 
     </span>
    </p>
   </div>
   <div class='ocr_carea' id='block_1_42' title="bbox 1845 1066 3491 1140">
    <p class='ocr_par' dir='ltr' id='par_1_42' title="bbox 1845 1066 3491 1140">
     <span class='ocr_line' id='line_1_42' title="bbox 1845 1066 3491 1140; baseline 0.002 -20"><span class='ocrx_word' id='word_1_276' title='bbox 1845 1083 1958 1138; x_wconf 85' lang='lat' dir='ltr'>que</span> <span class='ocrx_word' id='word_1_277' title='bbox 1990 1070 2108 1121; x_wconf 89' lang='lat' dir='ltr'>tres</span> <span class='ocrx_word' id='word_1_278' title='bbox 2138 1067 2290 1122; x_wconf 88' lang='lat' dir='ltr'>viros</span> <span class='ocrx_word' id='word_1_279' title='bbox 2325 1067 2674 1123; x_wconf 87' lang='lat' dir='ltr'>fortissimos</span> <span class='ocrx_word' id='word_1_280' title='bbox 2721 1067 2820 1140; x_wconf 92' lang='lat' dir='ltr'>qui</span> <span class='ocrx_word' id='word_1_281' title='bbox 2867 1067 3116 1122; x_wconf 88' lang='lat' dir='ltr'>latenter</span> <span class='ocrx_word' id='word_1_282' title='bbox 3163 1066 3388 1123; x_wconf 84' lang='lat' dir='ltr'>exirent</span> <span class='ocrx_word' id='word_1_283' title='bbox 3419 1066 3491 1123; x_wconf 87' lang='lat' dir='ltr'>de</span> 
     </span>
    </p>
   </div>
   <div class='ocr_carea' id='block_1_43' title="bbox 1844 1154 3488 1228">
    <p class='ocr_par' dir='ltr' id='par_1_43' title="bbox 1844 1154 3488 1228">
     <span class='ocr_line' id='line_1_43' title="bbox 1844 1154 3488 1228; baseline -0.001 -18"><span class='ocrx_word' id='word_1_284' title='bbox 1844 1155 2074 1222; x_wconf 86' lang='lat' dir='ltr'>castris,</span> <span class='ocrx_word' id='word_1_285' title='bbox 2110 1154 2398 1227; x_wconf 89' lang='lat' dir='ltr'>longeque</span> <span class='ocrx_word' id='word_1_286' title='bbox 2446 1156 2618 1228; x_wconf 86' lang='lat' dir='ltr'>positi</span> <span class='ocrx_word' id='word_1_287' title='bbox 2657 1174 2690 1212; x_wconf 90' lang='lat' dir='ltr'>a</span> <span class='ocrx_word' id='word_1_288' title='bbox 2732 1155 2941 1212; x_wconf 86' lang='lat' dir='ltr'>castris</span> <span class='ocrx_word' id='word_1_289' title='bbox 2989 1160 3264 1211; x_wconf 88' lang='lat' dir='ltr'>canerent</span> <span class='ocrx_word' id='word_1_290' title='bbox 3309 1154 3488 1210; x_wconf 90' lang='lat' dir='ltr'>tubis.</span> 
     </span>
    </p>
   </div>
   <div class='ocr_carea' id='block_1_44' title="bbox 1847 1242 3490 1313">
    <p class='ocr_par' dir='ltr' id='par_1_44' title="bbox 1847 1242 3490 1313">
     <span class='ocr_line' id='line_1_44' title="bbox 1847 1242 3490 1313; baseline 0 -15"><span class='ocrx_word' id='word_1_291' title='bbox 1847 1244 1952 1310; x_wconf 86' lang='lat' dir='ltr'>Qui</span> <span class='ocrx_word' id='word_1_292' title='bbox 2016 1261 2148 1299; x_wconf 89' lang='lat' dir='ltr'>cum</span> <span class='ocrx_word' id='word_1_293' title='bbox 2209 1243 2468 1300; x_wconf 90' lang='lat' dir='ltr'>abissent</span> <span class='ocrx_word' id='word_1_294' title='bbox 2523 1249 2580 1300; x_wconf 90' lang='lat' dir='ltr'>et</span> <span class='ocrx_word' id='word_1_295' title='bbox 2635 1245 2794 1300; x_wconf 90' lang='lat' dir='ltr'>tubis</span> <span class='ocrx_word' id='word_1_296' title='bbox 2852 1249 3146 1313; x_wconf 88' lang='lat' dir='ltr'>canerent,</span> <span class='ocrx_word' id='word_1_297' title='bbox 3176 1242 3490 1300; x_wconf 87' lang='lat' dir='ltr'>Christiani</span> 
     </span>
    </p>
   </div>
   <div class='ocr_carea' id='block_1_45' title="bbox 1847 1333 3490 1410">
    <p class='ocr_par' dir='ltr' id='par_1_45' title="bbox 1847 1333 3490 1410">
     <span class='ocr_line' id='line_1_45' title="bbox 1847 1333 3490 1410; baseline -0.001 -20"><span class='ocrx_word' id='word_1_298' title='bbox 1847 1333 2151 1390; x_wconf 89' lang='lat' dir='ltr'>audientes</span> <span class='ocrx_word' id='word_1_299' title='bbox 2179 1333 2342 1390; x_wconf 88' lang='lat' dir='ltr'>veriti</span> <span class='ocrx_word' id='word_1_300' title='bbox 2375 1338 2513 1391; x_wconf 90' lang='lat' dir='ltr'>sunt</span> <span class='ocrx_word' id='word_1_301' title='bbox 2551 1351 2624 1391; x_wconf 90' lang='lat' dir='ltr'>ne</span> <span class='ocrx_word' id='word_1_302' title='bbox 2663 1334 2875 1410; x_wconf 88' lang='lat' dir='ltr'>pagani</span> <span class='ocrx_word' id='word_1_303' title='bbox 2904 1333 3218 1408; x_wconf 88' lang='lat' dir='ltr'>complices</span> <span class='ocrx_word' id='word_1_304' title='bbox 3254 1333 3490 1389; x_wconf 88' lang='lat' dir='ltr'>illorum</span> 
     </span>
    </p>
   </div>
   <div class='ocr_carea' id='block_1_46' title="bbox 1846 1422 3494 1498">
    <p class='ocr_par' dir='ltr' id='par_1_46' title="bbox 1846 1422 3494 1498">
     <span class='ocr_line' id='line_1_46' title="bbox 1846 1422 3494 1498; baseline 0 -20"><span class='ocrx_word' id='word_1_305' title='bbox 1846 1422 2214 1478; x_wconf 84' lang='lat' dir='ltr'>venirent-in</span> <span class='ocrx_word' id='word_1_306' title='bbox 2247 1423 2551 1480; x_wconf 80' lang='lat' dir='ltr'>auxilium.</span> <span class='ocrx_word' id='word_1_307' title='bbox 2588 1425 2752 1480; x_wconf 90' lang='lat' dir='ltr'>Tunc</span> <span class='ocrx_word' id='word_1_308' title='bbox 2800 1440 2865 1480; x_wconf 78' lang='lat' dir='ltr'>se</span> <span class='ocrx_word' id='word_1_309' title='bbox 2913 1422 3342 1498; x_wconf 63' lang='lat' dir='ltr'>colligentes-in</span> <span class='ocrx_word' id='word_1_310' title='bbox 3374 1440 3494 1479; x_wconf 89' lang='lat' dir='ltr'>una</span> 
     </span>
    </p>
   </div>
   <div class='ocr_carea' id='block_1_47' title="bbox 1849 1512 3491 1586">
    <p class='ocr_par' dir='ltr' id='par_1_47' title="bbox 1849 1512 3491 1586">
     <span class='ocr_line' id='line_1_47' title="bbox 1849 1512 3491 1586; baseline -0.001 -18"><span class='ocrx_word' id='word_1_311' title='bbox 1849 1517 2031 1586; x_wconf 88' lang='lat' dir='ltr'>parte,</span> <span class='ocrx_word' id='word_1_312' title='bbox 2065 1513 2447 1584; x_wconf 85' lang='lat' dir='ltr'>expectabant</span> <span class='ocrx_word' id='word_1_313' title='bbox 2485 1519 2754 1570; x_wconf 84' lang='lat' dir='ltr'>eventum</span> <span class='ocrx_word' id='word_1_314' title='bbox 2795 1513 2899 1570; x_wconf 89' lang='lat' dir='ltr'>rei.</span> <span class='ocrx_word' id='word_1_315' title='bbox 2931 1513 3144 1586; x_wconf 88' lang='lat' dir='ltr'>Pagani</span> <span class='ocrx_word' id='word_1_316' title='bbox 3185 1516 3377 1569; x_wconf 88' lang='lat' dir='ltr'>autem</span> <span class='ocrx_word' id='word_1_317' title='bbox 3406 1512 3491 1567; x_wconf 88' lang='lat' dir='ltr'>vi-</span> 
     </span>
    </p>
   </div>
   <div class='ocr_carea' id='block_1_48' title="bbox 1850 1601 3496 1676">
    <p class='ocr_par' dir='ltr' id='par_1_48' title="bbox 1850 1601 3496 1676">
     <span class='ocr_line' id='line_1_48' title="bbox 1850 1601 3496 1676; baseline 0 -20"><span class='ocrx_word' id='word_1_318' title='bbox 1850 1601 2050 1658; x_wconf 89' lang='lat' dir='ltr'>dentes</span> <span class='ocrx_word' id='word_1_319' title='bbox 2081 1601 2276 1659; x_wconf 90' lang='lat' dir='ltr'>locum</span> <span class='ocrx_word' id='word_1_320' title='bbox 2319 1603 2602 1676; x_wconf 87' lang='lat' dir='ltr'>fugiendi,</span> <span class='ocrx_word' id='word_1_321' title='bbox 2634 1602 2917 1675; x_wconf 89' lang='lat' dir='ltr'>paulatim</span> <span class='ocrx_word' id='word_1_322' title='bbox 2957 1601 3196 1658; x_wconf 85' lang='lat' dir='ltr'>silenter</span> <span class='ocrx_word' id='word_1_323' title='bbox 3222 1605 3433 1659; x_wconf 91' lang='lat' dir='ltr'>exeunt</span> <span class='ocrx_word' id='word_1_324' title='bbox 3462 1617 3496 1656; x_wconf 90' lang='lat' dir='ltr'>a</span> 
     </span>
    </p>
   </div>
   <div class='ocr_carea' id='block_1_49' title="bbox 1850 1689 3495 1764">
    <p class='ocr_par' dir='ltr' id='par_1_49' title="bbox 1850 1689 3495 1764">
     <span class='ocr_line' id='line_1_49' title="bbox 1850 1689 3495 1764; baseline -0.001 -18"><span class='ocrx_word' id='word_1_325' title='bbox 1850 1690 2080 1762; x_wconf 87' lang='lat' dir='ltr'>castris,</span> <span class='ocrx_word' id='word_1_326' title='bbox 2105 1691 2524 1764; x_wconf 87' lang='lat' dir='ltr'>impedimenta</span> <span class='ocrx_word' id='word_1_327' title='bbox 2560 1691 2757 1748; x_wconf 89' lang='lat' dir='ltr'>omnia</span> <span class='ocrx_word' id='word_1_328' title='bbox 2787 1690 3282 1764; x_wconf 87' lang='lat' dir='ltr'>derelinquentes;</span> <span class='ocrx_word' id='word_1_329' title='bbox 3313 1689 3495 1746; x_wconf 90' lang='lat' dir='ltr'>veloci</span> 
     </span>
    </p>
   </div>
   <div class='ocr_carea' id='block_1_50' title="bbox 1850 1779 3493 1853">
    <p class='ocr_par' dir='ltr' id='par_1_50' title="bbox 1850 1779 3493 1853">
     <span class='ocr_line' id='line_1_50' title="bbox 1850 1779 3493 1853; baseline 0.001 -19"><span class='ocrx_word' id='word_1_330' title='bbox 1850 1795 2029 1835; x_wconf 90' lang='lat' dir='ltr'>cursu</span> <span class='ocrx_word' id='word_1_331' title='bbox 2058 1781 2129 1836; x_wconf 88' lang='lat' dir='ltr'>ad</span> <span class='ocrx_word' id='word_1_332' title='bbox 2165 1797 2302 1836; x_wconf 90' lang='lat' dir='ltr'>suas</span> <span class='ocrx_word' id='word_1_333' title='bbox 2349 1798 2524 1838; x_wconf 88' lang='lat' dir='ltr'>naves</span> <span class='ocrx_word' id='word_1_334' title='bbox 2563 1782 2829 1847; x_wconf 88' lang='lat' dir='ltr'>redeunt,</span> <span class='ocrx_word' id='word_1_335' title='bbox 2853 1781 3106 1853; x_wconf 90' lang='lat' dir='ltr'>indeque</span> <span class='ocrx_word' id='word_1_336' title='bbox 3135 1781 3206 1836; x_wconf 91' lang='lat' dir='ltr'>ad</span> <span class='ocrx_word' id='word_1_337' title='bbox 3237 1779 3493 1852; x_wconf 85' lang='lat' dir='ltr'>propria.</span> 
     </span>
    </p>
   </div>
   <div class='ocr_carea' id='block_1_51' title="bbox 1850 1867 3526 1954">
    <p class='ocr_par' dir='ltr' id='par_1_51' title="bbox 1850 1867 3526 1954">
     <span class='ocr_line' id='line_1_51' title="bbox 1850 1867 3526 1954; baseline -0.001 -31"><span class='ocrx_word' id='word_1_338' title='bbox 1850 1867 2253 1942; x_wconf 87' lang='lat' dir='ltr'>Memorespue</span> <span class='ocrx_word' id='word_1_339' title='bbox 2311 1887 2428 1926; x_wconf 66' lang='lat' dir='ltr'>suae</span> <span class='ocrx_word' id='word_1_340' title='bbox 2486 1869 2847 1926; x_wconf 86' lang='lat' dir='ltr'>confusionis</span> <span class='ocrx_word' id='word_1_341' title='bbox 2904 1875 3102 1942; x_wconf 76' lang='lat' dir='ltr'>atque</span> <span class='ocrx_word' id='word_1_342' title='bbox 3141 1867 3526 1954; x_wconf 32' lang='lat' dir='ltr'>detrimenti,‘</span> 
     </span>
    </p>
   </div>
   <div class='ocr_carea' id='block_1_52' title="bbox 1852 1957 3499 2030">
    <p class='ocr_par' dir='ltr' id='par_1_52' title="bbox 1852 1957 3499 2030">
     <span class='ocr_line' id='line_1_52' title="bbox 1852 1957 3499 2030; baseline 0.001 -18"><span class='ocrx_word' id='word_1_343' title='bbox 1852 1973 2222 2030; x_wconf 89' lang='lat' dir='ltr'>nequaquam</span> <span class='ocrx_word' id='word_1_344' title='bbox 2252 1958 2409 2014; x_wconf 90' lang='lat' dir='ltr'>ultra</span> <span class='ocrx_word' id='word_1_345' title='bbox 2429 1960 2784 2015; x_wconf 89' lang='lat' dir='ltr'>addiderunt</span> <span class='ocrx_word' id='word_1_346' title='bbox 2808 1958 3014 2016; x_wconf 79' lang='lat' dir='ltr'>reverti</span> <span class='ocrx_word' id='word_1_347' title='bbox 3037 1958 3109 2014; x_wconf 90' lang='lat' dir='ltr'>ad</span> <span class='ocrx_word' id='word_1_348' title='bbox 3135 1958 3346 2014; x_wconf 84' lang='lat' dir='ltr'>urbem</span> <span class='ocrx_word' id='word_1_349' title='bbox 3368 1957 3499 2014; x_wconf 87' lang='lat' dir='ltr'>Car-</span> 
     </span>
    </p>
   </div>
   <div class='ocr_carea' id='block_1_53' title="bbox 1851 2051 2178 2102">
    <p class='ocr_par' dir='ltr' id='par_1_53' title="bbox 1851 2051 2178 2102">
     <span class='ocr_line' id='line_1_53' title="bbox 1851 2051 2178 2102; baseline 0.003 -1"><span class='ocrx_word' id='word_1_350' title='bbox 1851 2051 2178 2102; x_wconf 89' lang='lat' dir='ltr'>notensem.</span> 
     </span>
    </p>
   </div>
   <div class='ocr_carea' id='block_1_54' title="bbox 1925 2133 3502 2211">
    <p class='ocr_par' dir='ltr' id='par_1_54' title="bbox 1925 2133 3502 2211">
     <span class='ocr_line' id='line_1_54' title="bbox 1925 2133 3502 2211; baseline 0.002 -22"><span class='ocrx_word' id='word_1_351' title='bbox 1925 2133 2026 2189; x_wconf 86' lang='lat' dir='ltr'>His</span> <span class='ocrx_word' id='word_1_352' title='bbox 2057 2135 2140 2190; x_wconf 91' lang='lat' dir='ltr'>ita</span> <span class='ocrx_word' id='word_1_353' title='bbox 2163 2135 2422 2202; x_wconf 89' lang='lat' dir='ltr'>omissis,</span> <span class='ocrx_word' id='word_1_354' title='bbox 2442 2138 2513 2192; x_wconf 90' lang='lat' dir='ltr'>ad</span> <span class='ocrx_word' id='word_1_355' title='bbox 2543 2137 2742 2192; x_wconf 92' lang='lat' dir='ltr'>domni</span> <span class='ocrx_word' id='word_1_356' title='bbox 2770 2136 2954 2211; x_wconf 76' lang='lat' dir='ltr'>Agani</span> <span class='ocrx_word' id='word_1_357' title='bbox 2985 2135 3253 2210; x_wconf 73' lang='lat' dir='ltr'>praesulis</span> <span class='ocrx_word' id='word_1_358' title='bbox 3279 2135 3502 2209; x_wconf 87' lang='lat' dir='ltr'>scripta</span> 
     </span>
    </p>
   </div>
   <div class='ocr_carea' id='block_1_55' title="bbox 1852 2225 3510 2299">
    <p class='ocr_par' dir='ltr' id='par_1_55' title="bbox 1852 2225 3510 2299">
     <span class='ocr_line' id='line_1_55' title="bbox 1852 2225 3510 2299; baseline 0.002 -22"><span class='ocrx_word' id='word_1_359' title='bbox 1852 2227 2114 2279; x_wconf 86' lang='lat' dir='ltr'>vertatur</span> <span class='ocrx_word' id='word_1_360' title='bbox 2169 2225 2444 2296; x_wconf 89' lang='lat' dir='ltr'>pennula,</span> <span class='ocrx_word' id='word_1_361' title='bbox 2480 2226 2578 2298; x_wconf 90' lang='lat' dir='ltr'>qui</span> <span class='ocrx_word' id='word_1_362' title='bbox 2637 2227 2828 2282; x_wconf 91' lang='lat' dir='ltr'>locum</span> <span class='ocrx_word' id='word_1_363' title='bbox 2881 2244 2915 2282; x_wconf 92' lang='lat' dir='ltr'>a</span> <span class='ocrx_word' id='word_1_364' title='bbox 2965 2226 3210 2299; x_wconf 87' lang='lat' dir='ltr'>paganis</span> <span class='ocrx_word' id='word_1_365' title='bbox 3265 2226 3510 2282; x_wconf 49' lang='lat' dir='ltr'>destrua</span> 
     </span>
    </p>
   </div>
   <div class='ocr_carea' id='block_1_56' title="bbox 1855 2313 3501 2386">
    <p class='ocr_par' dir='ltr' id='par_1_56' title="bbox 1855 2313 3501 2386">
     <span class='ocr_line' id='line_1_56' title="bbox 1855 2313 3501 2386; baseline 0.001 -18"><span class='ocrx_word' id='word_1_366' title='bbox 1855 2317 2036 2379; x_wconf 88' lang='lat' dir='ltr'>ctum,</span> <span class='ocrx_word' id='word_1_367' title='bbox 2077 2313 2272 2369; x_wconf 88' lang='lat' dir='ltr'>divina</span> <span class='ocrx_word' id='word_1_368' title='bbox 2331 2314 2655 2386; x_wconf 88' lang='lat' dir='ltr'>opitulante</span> <span class='ocrx_word' id='word_1_369' title='bbox 2702 2315 2919 2381; x_wconf 83' lang='lat' dir='ltr'>Gratia,</span> <span class='ocrx_word' id='word_1_370' title='bbox 2951 2315 3223 2371; x_wconf 86' lang='lat' dir='ltr'>decenter</span> <span class='ocrx_word' id='word_1_371' title='bbox 3274 2317 3501 2370; x_wconf 83' lang='lat' dir='ltr'>restau-</span> 
     </span>
    </p>
   </div>
   <div class='ocr_carea' id='block_1_57' title="bbox 1856 2401 3510 2470">
    <p class='ocr_par' dir='ltr' id='par_1_57' title="bbox 1856 2401 3510 2470">
     <span class='ocr_line' id='line_1_57' title="bbox 1856 2401 3510 2470; baseline 0.002 -15"><span class='ocrx_word' id='word_1_372' title='bbox 1856 2418 2015 2470; x_wconf 91' lang='lat' dir='ltr'>rans,</span> <span class='ocrx_word' id='word_1_373' title='bbox 2067 2401 2417 2458; x_wconf 73' lang='lat' dir='ltr'>clerinomiae</span> <span class='ocrx_word' id='word_1_374' title='bbox 2477 2402 2687 2460; x_wconf 87' lang='lat' dir='ltr'>seriem</span> <span class='ocrx_word' id='word_1_375' title='bbox 2745 2403 2890 2459; x_wconf 90' lang='lat' dir='ltr'>inibi</span> <span class='ocrx_word' id='word_1_376' title='bbox 2951 2409 3059 2460; x_wconf 90' lang='lat' dir='ltr'>Deo</span> <span class='ocrx_word' id='word_1_377' title='bbox 3117 2403 3510 2458; x_wconf 78' lang='lat' dir='ltr'>militaturam‘</span> 
     </span>
    </p>
   </div>
   <div class='ocr_carea' id='block_1_58' title="bbox 1857 2491 3500 2565">
    <p class='ocr_par' dir='ltr' id='par_1_58' title="bbox 1857 2491 3500 2565">
     <span class='ocr_line' id='line_1_58' title="bbox 1857 2491 3500 2565; baseline 0.002 -20"><span class='ocrx_word' id='word_1_378' title='bbox 1857 2491 2213 2562; x_wconf 81' lang='lat' dir='ltr'>subrogavit,</span> <span class='ocrx_word' id='word_1_379' title='bbox 2249 2493 2503 2564; x_wconf 87' lang='lat' dir='ltr'>quadam</span> <span class='ocrx_word' id='word_1_380' title='bbox 2554 2492 2926 2565; x_wconf 89' lang='lat' dir='ltr'>portiuncula</span> <span class='ocrx_word' id='word_1_381' title='bbox 2960 2509 3157 2549; x_wconf 85' lang='lat' dir='ltr'>rerum</span> <span class='ocrx_word' id='word_1_382' title='bbox 3198 2491 3336 2548; x_wconf 90' lang='lat' dir='ltr'>olim</span> <span class='ocrx_word' id='word_1_383' title='bbox 3375 2491 3500 2548; x_wconf 92' lang='lat' dir='ltr'>loco</span> 
     </span>
    </p>
   </div>
   <div class='ocr_carea' id='block_1_59' title="bbox 1857 2580 3500 2656">
    <p class='ocr_par' dir='ltr' id='par_1_59' title="bbox 1857 2580 3500 2656">
     <span class='ocr_line' id='line_1_59' title="bbox 1857 2580 3500 2656; baseline 0.001 -20"><span class='ocrx_word' id='word_1_384' title='bbox 1857 2580 2272 2652; x_wconf 81' lang='lat' dir='ltr'>pertinentium</span> <span class='ocrx_word' id='word_1_385' title='bbox 2301 2581 2586 2655; x_wconf 88' lang='lat' dir='ltr'>delega-ta,</span> <span class='ocrx_word' id='word_1_386' title='bbox 2621 2600 2749 2655; x_wconf 75' lang='lat' dir='ltr'>quae</span> <span class='ocrx_word' id='word_1_387' title='bbox 2789 2600 3099 2656; x_wconf 90' lang='lat' dir='ltr'>corporum</span> <span class='ocrx_word' id='word_1_388' title='bbox 3139 2580 3500 2639; x_wconf 89' lang='lat' dir='ltr'>necessitati-</span> 
     </span>
    </p>
   </div>
   <div class='ocr_carea' id='block_1_60' title="bbox 1855 2669 3504 2746">
    <p class='ocr_par' dir='ltr' id='par_1_60' title="bbox 1855 2669 3504 2746">
     <span class='ocr_line' id='line_1_60' title="bbox 1855 2669 3504 2746; baseline 0.002 -22"><span class='ocrx_word' id='word_1_389' title='bbox 1855 2670 1967 2724; x_wconf 88' lang='lat' dir='ltr'>bus</span> <span class='ocrx_word' id='word_1_390' title='bbox 1997 2669 2409 2743; x_wconf 90' lang='lat' dir='ltr'>supplementa</span> <span class='ocrx_word' id='word_1_391' title='bbox 2437 2676 2794 2745; x_wconf 86' lang='lat' dir='ltr'>suggereret,</span> <span class='ocrx_word' id='word_1_392' title='bbox 2821 2677 2999 2746; x_wconf 87' lang='lat' dir='ltr'>atque</span> <span class='ocrx_word' id='word_1_393' title='bbox 3029 2670 3229 2744; x_wconf 91' lang='lat' dir='ltr'>procul</span> <span class='ocrx_word' id='word_1_394' title='bbox 3259 2669 3504 2745; x_wconf 84' lang='lat' dir='ltr'>expulsa</span> 
     </span>
    </p>
   </div>
   <div class='ocr_carea' id='block_1_61' title="bbox 1856 2759 3502 2830">
    <p class='ocr_par' dir='ltr' id='par_1_61' title="bbox 1856 2759 3502 2830">
     <span class='ocr_line' id='line_1_61' title="bbox 1856 2759 3502 2830; baseline 0.002 -18"><span class='ocrx_word' id='word_1_395' title='bbox 1856 2774 2050 2813; x_wconf 90' lang='lat' dir='ltr'>rerum</span> <span class='ocrx_word' id='word_1_396' title='bbox 2083 2763 2411 2815; x_wconf 84' lang='lat' dir='ltr'>exterorum</span> <span class='ocrx_word' id='word_1_397' title='bbox 2443 2759 2852 2830; x_wconf 79' lang='lat' dir='ltr'>sollicitudine,</span> <span class='ocrx_word' id='word_1_398' title='bbox 2877 2761 3068 2818; x_wconf 90' lang='lat' dir='ltr'>clerus</span> <span class='ocrx_word' id='word_1_399' title='bbox 3105 2760 3290 2817; x_wconf 89' lang='lat' dir='ltr'>libera</span> <span class='ocrx_word' id='word_1_400' title='bbox 3318 2760 3502 2817; x_wconf 89' lang='lat' dir='ltr'>medi-</span> 
     </span>
    </p>
   </div>
   <div class='ocr_carea' id='block_1_62' title="bbox 1857 2846 3502 2924">
    <p class='ocr_par' dir='ltr' id='par_1_62' title="bbox 1857 2846 3502 2924">
     <span class='ocr_line' id='line_1_62' title="bbox 1857 2846 3502 2924; baseline 0.002 -22"><span class='ocrx_word' id='word_1_401' title='bbox 1857 2846 2074 2903; x_wconf 89' lang='lat' dir='ltr'>tatione</span> <span class='ocrx_word' id='word_1_402' title='bbox 2115 2847 2328 2902; x_wconf 89' lang='lat' dir='ltr'>divinis</span> <span class='ocrx_word' id='word_1_403' title='bbox 2369 2847 2665 2906; x_wconf 87' lang='lat' dir='ltr'>insisteret</span> <span class='ocrx_word' id='word_1_404' title='bbox 2718 2849 3014 2906; x_wconf 91' lang='lat' dir='ltr'>laudibus.</span> <span class='ocrx_word' id='word_1_405' title='bbox 3047 2849 3210 2906; x_wconf 89' lang='lat' dir='ltr'>Unde</span> <span class='ocrx_word' id='word_1_406' title='bbox 3256 2849 3502 2924; x_wconf 88' lang='lat' dir='ltr'>dignum</span> 
     </span>
    </p>
   </div>
   <div class='ocr_carea' id='block_1_63' title="bbox 1856 2935 3503 3011">
    <p class='ocr_par' dir='ltr' id='par_1_63' title="bbox 1856 2935 3503 3011">
     <span class='ocr_line' id='line_1_63' title="bbox 1856 2935 3503 3011; baseline 0.002 -21"><span class='ocrx_word' id='word_1_407' title='bbox 1856 2935 1994 2990; x_wconf 84' lang='lat' dir='ltr'>duxi</span> <span class='ocrx_word' id='word_1_408' title='bbox 2021 2936 2094 2991; x_wconf 89' lang='lat' dir='ltr'>ad</span> <span class='ocrx_word' id='word_1_409' title='bbox 2128 2936 2304 2991; x_wconf 78' lang='lat' dir='ltr'>finem</span> <span class='ocrx_word' id='word_1_410' title='bbox 2335 2935 2515 3008; x_wconf 87' lang='lat' dir='ltr'>hujus</span> <span class='ocrx_word' id='word_1_411' title='bbox 2553 2938 2766 3011; x_wconf 88' lang='lat' dir='ltr'>epilogi</span> <span class='ocrx_word' id='word_1_412' title='bbox 2804 2938 3287 2996; x_wconf 80' lang='lat' dir='ltr'>cartasscribere</span> <span class='ocrx_word' id='word_1_413' title='bbox 3315 2938 3503 2995; x_wconf 89' lang='lat' dir='ltr'>editas</span> 
     </span>
    </p>
   </div>
   <div class='ocr_carea' id='block_1_64' title="bbox 1856 3024 3552 3100">
    <p class='ocr_par' dir='ltr' id='par_1_64' title="bbox 1856 3024 3552 3100">
     <span class='ocr_line' id='line_1_64' title="bbox 1856 3024 3552 3100; baseline 0.002 -20"><span class='ocrx_word' id='word_1_414' title='bbox 1856 3025 1928 3080; x_wconf 89' lang='lat' dir='ltr'>ab</span> <span class='ocrx_word' id='word_1_415' title='bbox 1958 3024 2250 3097; x_wconf 89' lang='lat' dir='ltr'>episcopis</span> <span class='ocrx_word' id='word_1_416' title='bbox 2295 3027 2494 3098; x_wconf 79' lang='lat' dir='ltr'>Agano</span> <span class='ocrx_word' id='word_1_417' title='bbox 2524 3026 2791 3084; x_wconf 89' lang='lat' dir='ltr'>videlicet</span> <span class='ocrx_word' id='word_1_418' title='bbox 2818 3032 2876 3083; x_wconf 89' lang='lat' dir='ltr'>et</span> <span class='ocrx_word' id='word_1_419' title='bbox 2915 3027 3278 3100; x_wconf 84' lang='lat' dir='ltr'>Ragenfredo</span> <span class='ocrx_word' id='word_1_420' title='bbox 3328 3031 3503 3099; x_wconf 88' lang='lat' dir='ltr'>atque</span> <span class='ocrx_word' id='word_1_421' title='bbox 3536 3067 3552 3084; x_wconf 93' lang='lat'>.</span> 
     </span>
    </p>
   </div>
   <div class='ocr_carea' id='block_1_65' title="bbox 141 3103 3500 3188">
    <p class='ocr_par' dir='ltr' id='par_1_65' title="bbox 141 3103 3500 3188">
     <span class='ocr_line' id='line_1_65' title="bbox 141 3103 3500 3188; baseline 0.001 -25"><span class='ocrx_word' id='word_1_422' title='bbox 141 3113 212 3164; x_wconf 80' lang='lat' dir='ltr'>tas</span> <span class='ocrx_word' id='word_1_423' title='bbox 235 3117 452 3169; x_wconf 87' lang='lat' dir='ltr'>ventum</span> <span class='ocrx_word' id='word_1_424' title='bbox 481 3113 593 3172; x_wconf 87' lang='lat' dir='ltr'>ire.</span> <span class='ocrx_word' id='word_1_425' title='bbox 626 3113 892 3171; x_wconf 87' lang='lat' dir='ltr'>Trahens</span> <span class='ocrx_word' id='word_1_426' title='bbox 937 3115 1138 3188; x_wconf 91' lang='lat' dir='ltr'>itaque</span> <span class='ocrx_word' id='word_1_427' title='bbox 1192 3115 1527 3173; x_wconf 88' lang='lat' dir='ltr'>interiorem</span> <span class='ocrx_word' id='word_1_428' title='bbox 1587 3116 1746 3172; x_wconf 90' lang='lat' dir='ltr'>tuni-</span> <span class='ocrx_word' id='word_1_429' title='bbox 1776 3103 1818 3170; x_wconf 90' lang='lat' dir='ltr'>C</span> <span class='ocrx_word' id='word_1_430' title='bbox 1853 3113 2042 3168; x_wconf 89' lang='lat' dir='ltr'>sancti</span> <span class='ocrx_word' id='word_1_431' title='bbox 2070 3113 2320 3169; x_wconf 87' lang='lat' dir='ltr'>Carauni</span> <span class='ocrx_word' id='word_1_432' title='bbox 2363 3113 2572 3169; x_wconf 86' lang='lat' dir='ltr'>abbate</span> <span class='ocrx_word' id='word_1_433' title='bbox 2602 3115 2900 3185; x_wconf 90' lang='lat' dir='ltr'>Gradulfo,</span> <span class='ocrx_word' id='word_1_434' title='bbox 2925 3116 3198 3172; x_wconf 63' lang='lat' dir='ltr'>de&#39;rebus</span> <span class='ocrx_word' id='word_1_435' title='bbox 3221 3113 3384 3171; x_wconf 89' lang='lat' dir='ltr'>datis</span> <span class='ocrx_word' id='word_1_436' title='bbox 3409 3112 3500 3170; x_wconf 86' lang='lat' dir='ltr'>vel</span> 
     </span>
    </p>
   </div>
   <div class='ocr_carea' id='block_1_66' title="bbox 143 3200 1750 3278">
    <p class='ocr_par' dir='ltr' id='par_1_66' title="bbox 143 3200 1750 3278">
     <span class='ocr_line' id='line_1_66' title="bbox 143 3200 1750 3278; baseline 0.004 -24"><span class='ocrx_word' id='word_1_437' title='bbox 143 3213 244 3256; x_wconf 69' lang='lat' dir='ltr'>cum</span> <span class='ocrx_word' id='word_1_438' title='bbox 269 3200 358 3258; x_wconf 89' lang='lat' dir='ltr'>Dei</span> <span class='ocrx_word' id='word_1_439' title='bbox 389 3203 694 3276; x_wconf 84' lang='lat' dir='ltr'>genitricis</span> <span class='ocrx_word' id='word_1_440' title='bbox 735 3205 930 3261; x_wconf 68' lang='lat' dir='ltr'>Mariae</span> <span class='ocrx_word' id='word_1_441' title='bbox 967 3223 1144 3278; x_wconf 90' lang='lat' dir='ltr'>super</span> <span class='ocrx_word' id='word_1_442' title='bbox 1172 3209 1400 3278; x_wconf 88' lang='lat' dir='ltr'>portam</span> <span class='ocrx_word' id='word_1_443' title='bbox 1431 3223 1559 3278; x_wconf 64' lang='lat' dir='ltr'>qua:</span> <span class='ocrx_word' id='word_1_444' title='bbox 1591 3205 1750 3261; x_wconf 89' lang='lat' dir='ltr'>Nova</span> 
     </span>
    </p>
   </div>
   <div class='ocr_carea' id='block_1_67' title="bbox 142 3293 1749 3368">
    <p class='ocr_par' dir='ltr' id='par_1_67' title="bbox 142 3293 1749 3368">
     <span class='ocr_line' id='line_1_67' title="bbox 142 3293 1749 3368; baseline 0.006 -28"><span class='ocrx_word' id='word_1_445' title='bbox 142 3294 358 3358; x_wconf 79' lang='lat' dir='ltr'>vocatur,</span> <span class='ocrx_word' id='word_1_446' title='bbox 385 3293 693 3350; x_wconf 83' lang='lat' dir='ltr'>obtutibus</span> <span class='ocrx_word' id='word_1_447' title='bbox 751 3311 1116 3368; x_wconf 87' lang='lat' dir='ltr'>paganorum</span> <span class='ocrx_word' id='word_1_448' title='bbox 1168 3294 1380 3350; x_wconf 88' lang='lat' dir='ltr'>obtulit</span> <span class='ocrx_word' id='word_1_449' title='bbox 1435 3300 1749 3366; x_wconf 86' lang='lat' dir='ltr'>portasque</span> 
     </span>
    </p>
   </div>
   <div class='ocr_carea' id='block_1_68' title="bbox 144 3377 1749 3457">
    <p class='ocr_par' dir='ltr' id='par_1_68' title="bbox 144 3377 1749 3457">
     <span class='ocr_line' id='line_1_68' title="bbox 144 3377 1749 3457; baseline 0.006 -27"><span class='ocrx_word' id='word_1_450' title='bbox 144 3377 273 3434; x_wconf 87' lang='lat' dir='ltr'>urbis</span> <span class='ocrx_word' id='word_1_451' title='bbox 314 3383 558 3454; x_wconf 89' lang='lat' dir='ltr'>aperuit,</span> <span class='ocrx_word' id='word_1_452' title='bbox 586 3388 644 3439; x_wconf 89' lang='lat' dir='ltr'>et</span> <span class='ocrx_word' id='word_1_453' title='bbox 677 3382 1039 3440; x_wconf 85' lang='lat' dir='ltr'>Christianos</span> <span class='ocrx_word' id='word_1_454' title='bbox 1072 3385 1318 3440; x_wconf 80' lang='lat' dir='ltr'>fidenter</span> <span class='ocrx_word' id='word_1_455' title='bbox 1362 3384 1623 3457; x_wconf 76' lang='lat' dir='ltr'>przaliare</span> <span class='ocrx_word' id='word_1_456' title='bbox 1645 3385 1749 3455; x_wconf 86' lang='lat' dir='ltr'>ju-</span> 
     </span>
    </p>
   </div>
   <div class='ocr_carea' id='block_1_69' title="bbox 141 3464 1751 3546">
    <p class='ocr_par' dir='ltr' id='par_1_69' title="bbox 141 3464 1751 3546">
     <span class='ocr_line' id='line_1_69' title="bbox 141 3464 1751 3546; baseline 0.006 -26"><span class='ocrx_word' id='word_1_457' title='bbox 141 3464 231 3521; x_wconf 84' lang='lat' dir='ltr'>bet.</span> <span class='ocrx_word' id='word_1_458' title='bbox 255 3469 406 3527; x_wconf 88' lang='lat' dir='ltr'>Tunc</span> <span class='ocrx_word' id='word_1_459' title='bbox 431 3471 772 3541; x_wconf 88' lang='lat' dir='ltr'>Christiani,</span> <span class='ocrx_word' id='word_1_460' title='bbox 798 3472 872 3528; x_wconf 89' lang='lat' dir='ltr'>ab</span> <span class='ocrx_word' id='word_1_461' title='bbox 919 3473 1316 3546; x_wconf 89' lang='lat' dir='ltr'>omnipotente</span> <span class='ocrx_word' id='word_1_462' title='bbox 1362 3473 1478 3529; x_wconf 90' lang='lat' dir='ltr'>Deo</span> <span class='ocrx_word' id='word_1_463' title='bbox 1525 3472 1751 3529; x_wconf 87' lang='lat' dir='ltr'>viribus</span> 
     </span>
    </p>
   </div>
   <div class='ocr_carea' id='block_1_70' title="bbox 141 3558 1752 3634">
    <p class='ocr_par' dir='ltr' id='par_1_70' title="bbox 141 3558 1752 3634">
     <span class='ocr_line' id='line_1_70' title="bbox 141 3558 1752 3634; baseline 0.005 -26"><span class='ocrx_word' id='word_1_464' title='bbox 141 3558 374 3629; x_wconf 88' lang='lat' dir='ltr'>sumptis.</span> <span class='ocrx_word' id='word_1_465' title='bbox 399 3560 630 3616; x_wconf 82' lang='lat' dir='ltr'>fortiter</span> <span class='ocrx_word' id='word_1_466' title='bbox 657 3565 940 3634; x_wconf 85' lang='lat' dir='ltr'>pugnant.</span> <span class='ocrx_word' id='word_1_467' title='bbox 967 3561 1182 3634; x_wconf 87' lang='lat' dir='ltr'>Pagani</span> <span class='ocrx_word' id='word_1_468' title='bbox 1205 3578 1339 3618; x_wconf 89' lang='lat' dir='ltr'>vero</span> <span class='ocrx_word' id='word_1_469' title='bbox 1370 3580 1404 3618; x_wconf 90' lang='lat' dir='ltr'>a</span> <span class='ocrx_word' id='word_1_470' title='bbox 1431 3563 1547 3618; x_wconf 94' lang='lat' dir='ltr'>Deo</span> <span class='ocrx_word' id='word_1_471' title='bbox 1577 3561 1752 3618; x_wconf 87' lang='lat' dir='ltr'>desti-</span> 
     </span>
    </p>
   </div>
   <div class='ocr_carea' id='block_1_71' title="bbox 141 3644 1751 3723">
    <p class='ocr_par' dir='ltr' id='par_1_71' title="bbox 141 3644 1751 3723">
     <span class='ocr_line' id='line_1_71' title="bbox 141 3644 1751 3723; baseline 0.007 -28"><span class='ocrx_word' id='word_1_472' title='bbox 141 3644 516 3712; x_wconf 88' lang='lat' dir='ltr'>tuti,omnium</span> <span class='ocrx_word' id='word_1_473' title='bbox 553 3651 952 3706; x_wconf 88' lang='lat' dir='ltr'>membrorum</span> <span class='ocrx_word' id='word_1_474' title='bbox 992 3650 1215 3706; x_wconf 88' lang='lat' dir='ltr'>viribus</span> <span class='ocrx_word' id='word_1_475' title='bbox 1245 3650 1508 3723; x_wconf 90' lang='lat' dir='ltr'>perditis,</span> <span class='ocrx_word' id='word_1_476' title='bbox 1533 3668 1602 3707; x_wconf 81' lang='lat' dir='ltr'>ex</span> <span class='ocrx_word' id='word_1_477' title='bbox 1633 3668 1751 3707; x_wconf 87' lang='lat' dir='ltr'>una</span> 
     </span>
    </p>
   </div>
   <div class='ocr_carea' id='block_1_72' title="bbox 141 3735 1752 3812">
    <p class='ocr_par' dir='ltr' id='par_1_72' title="bbox 141 3735 1752 3812">
     <span class='ocr_line' id='line_1_72' title="bbox 141 3735 1752 3812; baseline 0.004 -25"><span class='ocrx_word' id='word_1_478' title='bbox 141 3736 273 3802; x_wconf 79' lang='lat' dir='ltr'>parte</span> <span class='ocrx_word' id='word_1_479' title='bbox 298 3751 326 3789; x_wconf 89' lang='lat' dir='ltr'>a</span> <span class='ocrx_word' id='word_1_480' title='bbox 353 3735 581 3794; x_wconf 88' lang='lat' dir='ltr'>civibus</span> <span class='ocrx_word' id='word_1_481' title='bbox 615 3743 964 3808; x_wconf 89' lang='lat' dir='ltr'>mactantur,</span> <span class='ocrx_word' id='word_1_482' title='bbox 989 3745 1047 3795; x_wconf 90' lang='lat' dir='ltr'>et</span> <span class='ocrx_word' id='word_1_483' title='bbox 1071 3740 1144 3795; x_wconf 90' lang='lat' dir='ltr'>ab</span> <span class='ocrx_word' id='word_1_484' title='bbox 1165 3739 1281 3796; x_wconf 89' lang='lat' dir='ltr'>alia</span> <span class='ocrx_word' id='word_1_485' title='bbox 1309 3745 1472 3812; x_wconf 87' lang='lat' dir='ltr'>parte</span> <span class='ocrx_word' id='word_1_486' title='bbox 1501 3757 1535 3795; x_wconf 92' lang='lat' dir='ltr'>a</span> <span class='ocrx_word' id='word_1_487' title='bbox 1555 3757 1752 3812; x_wconf 90' lang='lat' dir='ltr'>super-</span> 
     </span>
    </p>
   </div>
   <div class='ocr_carea' id='block_1_73' title="bbox 141 3819 1752 3901">
    <p class='ocr_par' dir='ltr' id='par_1_73' title="bbox 141 3819 1752 3901">
     <span class='ocr_line' id='line_1_73' title="bbox 141 3819 1752 3901; baseline 0.007 -30"><span class='ocrx_word' id='word_1_488' title='bbox 141 3819 351 3879; x_wconf 84' lang='lat' dir='ltr'>venieuti</span> <span class='ocrx_word' id='word_1_489' title='bbox 393 3825 650 3883; x_wconf 87' lang='lat' dir='ltr'>exercitu</span> <span class='ocrx_word' id='word_1_490' title='bbox 679 3826 839 3883; x_wconf 87' lang='lat' dir='ltr'>velut</span> <span class='ocrx_word' id='word_1_491' title='bbox 895 3827 1020 3901; x_wconf 86' lang='lat' dir='ltr'>agri</span> <span class='ocrx_word' id='word_1_492' title='bbox 1077 3829 1214 3884; x_wconf 81' lang='lat' dir='ltr'>fami</span> <span class='ocrx_word' id='word_1_493' title='bbox 1273 3833 1636 3885; x_wconf 88' lang='lat' dir='ltr'>sternuntur.</span> <span class='ocrx_word' id='word_1_494' title='bbox 1671 3830 1752 3884; x_wconf 83' lang='lat' dir='ltr'>Ex</span> 
     </span>
    </p>
   </div>
   <div class='ocr_carea' id='block_1_74' title="bbox 141 3908 1751 3984">
    <p class='ocr_par' dir='ltr' id='par_1_74' title="bbox 141 3908 1751 3984">
     <span class='ocr_line' id='line_1_74' title="bbox 141 3908 1751 3984; baseline 0.006 -21"><span class='ocrx_word' id='word_1_495' title='bbox 141 3908 320 3980; x_wconf 85' lang='lat' dir='ltr'>quibus</span> <span class='ocrx_word' id='word_1_496' title='bbox 344 3918 505 3971; x_wconf 88' lang='lat' dir='ltr'>tanta</span> <span class='ocrx_word' id='word_1_497' title='bbox 533 3917 708 3972; x_wconf 84' lang='lat' dir='ltr'>cedes</span> <span class='ocrx_word' id='word_1_498' title='bbox 734 3916 865 3984; x_wconf 92' lang='lat' dir='ltr'>fuit,</span> <span class='ocrx_word' id='word_1_499' title='bbox 887 3921 950 3971; x_wconf 92' lang='lat' dir='ltr'>ut</span> <span class='ocrx_word' id='word_1_500' title='bbox 969 3921 1339 3973; x_wconf 89' lang='lat' dir='ltr'>mortuorum</span> <span class='ocrx_word' id='word_1_501' title='bbox 1371 3917 1751 3974; x_wconf 88' lang='lat' dir='ltr'>cadaveribus</span> 
     </span>
    </p>
   </div>
   <div class='ocr_carea' id='block_1_75' title="bbox 143 4001 1746 4079">
    <p class='ocr_par' dir='ltr' id='par_1_75' title="bbox 143 4001 1746 4079">
     <span class='ocr_line' id='line_1_75' title="bbox 143 4001 1746 4079; baseline 0.006 -26"><span class='ocrx_word' id='word_1_502' title='bbox 143 4012 267 4069; x_wconf 79' lang='lat' dir='ltr'>aqua</span> <span class='ocrx_word' id='word_1_503' title='bbox 289 4001 543 4061; x_wconf 86' lang='lat' dir='ltr'>ﬂuminis</span> <span class='ocrx_word' id='word_1_504' title='bbox 584 4004 1008 4077; x_wconf 85' lang='lat' dir='ltr'>excluderetur,</span> <span class='ocrx_word' id='word_1_505' title='bbox 1041 4009 1218 4078; x_wconf 89' lang='lat' dir='ltr'>atque</span> <span class='ocrx_word' id='word_1_506' title='bbox 1265 4023 1470 4062; x_wconf 90' lang='lat' dir='ltr'>omnes</span> <span class='ocrx_word' id='word_1_507' title='bbox 1512 4005 1746 4079; x_wconf 84' lang='lat' dir='ltr'>pariter,</span> 
     </span>
    </p>
   </div>
   <div class='ocr_carea' id='block_1_76' title="bbox 143 4083 1750 4168">
    <p class='ocr_par' dir='ltr' id='par_1_76' title="bbox 143 4083 1750 4168">
     <span class='ocr_line' id='line_1_76' title="bbox 143 4083 1750 4168; baseline 0.006 -25"><span class='ocrx_word' id='word_1_508' title='bbox 143 4083 247 4156; x_wconf 76' lang='lat' dir='ltr'>ipsa</span> <span class='ocrx_word' id='word_1_509' title='bbox 269 4089 354 4147; x_wconf 87' lang='lat' dir='ltr'>die</span> <span class='ocrx_word' id='word_1_510' title='bbox 373 4091 589 4161; x_wconf 83' lang='lat' dir='ltr'>ultrici,</span> <span class='ocrx_word' id='word_1_511' title='bbox 611 4093 806 4168; x_wconf 87' lang='lat' dir='ltr'>gladio</span> <span class='ocrx_word' id='word_1_512' title='bbox 824 4100 1243 4166; x_wconf 84' lang='lat' dir='ltr'>sternerentur,</span> <span class='ocrx_word' id='word_1_513' title='bbox 1263 4095 1377 4152; x_wconf 89' lang='lat' dir='ltr'>nisi</span> <span class='ocrx_word' id='word_1_514' title='bbox 1398 4094 1590 4152; x_wconf 87' lang='lat' dir='ltr'>ultimi</span> <span class='ocrx_word' id='word_1_515' title='bbox 1615 4111 1750 4152; x_wconf 89' lang='lat' dir='ltr'>cum</span> 
     </span>
    </p>
   </div>
   <div class='ocr_carea' id='block_1_77' title="bbox 198 4267 1206 4348">
    <p class='ocr_par' dir='ltr' id='par_1_77' title="bbox 198 4267 1206 4348">
     <span class='ocr_line' id='line_1_77' title="bbox 198 4267 1206 4348; baseline 0 -18"><span class='ocrx_word' id='word_1_516' title='bbox 198 4267 296 4348; x_wconf 57' lang='grc' dir='ltr'>(ἓξ)</span> <span class='ocrx_word' id='word_1_517' title='bbox 321 4269 426 4348; x_wconf 61' lang='grc' dir='ltr'>Ιξιη</span> <span class='ocrx_word' id='word_1_518' title='bbox 450 4273 661 4348; x_wconf 70' lang='lat' dir='ltr'>northi,</span> <span class='ocrx_word' id='word_1_519' title='bbox 692 4290 750 4348; x_wconf 89' lang='lat' dir='ltr'>q.</span> <span class='ocrx_word' id='word_1_520' title='bbox 781 4291 834 4331; x_wconf 81' lang='grc' dir='ltr'><strong>θ.</strong></span> <span class='ocrx_word' id='word_1_521' title='bbox 867 4275 1206 4348; x_wconf 89' lang='lat' dir='ltr'>septentrio.</span> 
     </span>
    </p>
   </div>
   <div class='ocr_carea' id='block_1_78' title="bbox 200 4338 843 4409">
    <p class='ocr_par' dir='ltr' id='par_1_78' title="bbox 200 4338 843 4409">
     <span class='ocr_line' id='line_1_78' title="bbox 200 4338 843 4409; baseline 0.012 -15"><span class='ocrx_word' id='word_1_522' title='bbox 200 4338 296 4409; x_wconf 83' lang='lat'>(90)</span> <span class='ocrx_word' id='word_1_523' title='bbox 321 4343 452 4400; x_wconf 86' lang='lat' dir='ltr'>Cod.</span> <span class='ocrx_word' id='word_1_524' title='bbox 484 4338 843 4404; x_wconf 65' lang='lat' dir='ltr'>animalium.</span> 
     </span>
    </p>
   </div>
   <div class='ocr_carea' id='block_1_79' title="bbox 1857 3202 3506 3274">
    <p class='ocr_par' dir='ltr' id='par_1_79' title="bbox 1857 3202 3506 3274">
     <span class='ocr_line' id='line_1_79' title="bbox 1857 3202 3506 3274; baseline 0.001 -18"><span class='ocrx_word' id='word_1_525' title='bbox 1857 3202 2101 3258; x_wconf 87' lang='lat' dir='ltr'>redditis</span> <span class='ocrx_word' id='word_1_526' title='bbox 2130 3207 2306 3274; x_wconf 89' lang='lat' dir='ltr'>atque</span> <span class='ocrx_word' id='word_1_527' title='bbox 2351 3202 2644 3259; x_wconf 88' lang='lat' dir='ltr'>concessis</span> <span class='ocrx_word' id='word_1_528' title='bbox 2675 3208 2878 3260; x_wconf 84' lang='lat' dir='ltr'>sancto</span> <span class='ocrx_word' id='word_1_529' title='bbox 2922 3204 3086 3260; x_wconf 86' lang='lat' dir='ltr'>Petro</span> <span class='ocrx_word' id='word_1_530' title='bbox 3119 3203 3191 3260; x_wconf 90' lang='lat' dir='ltr'>ab</span> <span class='ocrx_word' id='word_1_531' title='bbox 3221 3202 3327 3270; x_wconf 87' lang='lat' dir='ltr'>eis,</span> <span class='ocrx_word' id='word_1_532' title='bbox 3358 3202 3506 3258; x_wconf 32' lang='lat' dir='ltr'>dum.</span> 
     </span>
    </p>
   </div>
   <div class='ocr_carea' id='block_1_80' title="bbox 1856 3289 3504 3365">
    <p class='ocr_par' dir='ltr' id='par_1_80' title="bbox 1856 3289 3504 3365">
     <span class='ocr_line' id='line_1_80' title="bbox 1856 3289 3504 3365; baseline 0.001 -18"><span class='ocrx_word' id='word_1_533' title='bbox 1856 3291 2052 3347; x_wconf 86' lang='lat' dir='ltr'>adhuc</span> <span class='ocrx_word' id='word_1_534' title='bbox 2081 3291 2344 3346; x_wconf 90' lang='lat' dir='ltr'>canonici</span> <span class='ocrx_word' id='word_1_535' title='bbox 2374 3289 2500 3347; x_wconf 91' lang='lat' dir='ltr'>loco</span> <span class='ocrx_word' id='word_1_536' title='bbox 2519 3293 2896 3348; x_wconf 88' lang='lat' dir='ltr'>deservirent.</span> <span class='ocrx_word' id='word_1_537' title='bbox 2917 3293 3135 3349; x_wconf 87' lang='lat' dir='ltr'>Deinde</span> <span class='ocrx_word' id='word_1_538' title='bbox 3156 3309 3248 3349; x_wconf 90' lang='lat' dir='ltr'>res</span> <span class='ocrx_word' id='word_1_539' title='bbox 3277 3308 3504 3365; x_wconf 88' lang='lat' dir='ltr'>posses-</span> 
     </span>
    </p>
   </div>
   <div class='ocr_carea' id='block_1_81' title="bbox 1857 3379 3502 3454">
    <p class='ocr_par' dir='ltr' id='par_1_81' title="bbox 1857 3379 3502 3454">
     <span class='ocr_line' id='line_1_81' title="bbox 1857 3379 3502 3454; baseline -0.001 -18"><span class='ocrx_word' id='word_1_540' title='bbox 1857 3398 1956 3437; x_wconf 89' lang='lat' dir='ltr'>sas</span> <span class='ocrx_word' id='word_1_541' title='bbox 1983 3381 2057 3437; x_wconf 89' lang='lat' dir='ltr'>ab</span> <span class='ocrx_word' id='word_1_542' title='bbox 2087 3381 2204 3437; x_wconf 90' lang='lat' dir='ltr'>illis</span> <span class='ocrx_word' id='word_1_543' title='bbox 2227 3397 2376 3453; x_wconf 84' lang='lat' dir='ltr'>quas</span> <span class='ocrx_word' id='word_1_544' title='bbox 2397 3380 2901 3454; x_wconf 79' lang='lat' dir='ltr'>scriptas-repperi</span> <span class='ocrx_word' id='word_1_545' title='bbox 2923 3381 2982 3436; x_wconf 90' lang='lat' dir='ltr'>in</span> <span class='ocrx_word' id='word_1_546' title='bbox 3008 3382 3242 3438; x_wconf 84' lang='lat' dir='ltr'>duobus</span> <span class='ocrx_word' id='word_1_547' title='bbox 3271 3379 3502 3449; x_wconf 88' lang='lat' dir='ltr'>rotulis,</span> 
     </span>
    </p>
   </div>
   <div class='ocr_carea' id='block_1_82' title="bbox 1858 3469 3502 3544">
    <p class='ocr_par' dir='ltr' id='par_1_82' title="bbox 1858 3469 3502 3544">
     <span class='ocr_line' id='line_1_82' title="bbox 1858 3469 3502 3544; baseline -0.001 -19"><span class='ocrx_word' id='word_1_548' title='bbox 1858 3475 2033 3543; x_wconf 87' lang='lat' dir='ltr'>atque</span> <span class='ocrx_word' id='word_1_549' title='bbox 2062 3473 2687 3544; x_wconf 87' lang='lat' dir='ltr'>consuetudinesquas</span> <span class='ocrx_word' id='word_1_550' title='bbox 2716 3470 2788 3525; x_wconf 91' lang='lat' dir='ltr'>ab</span> <span class='ocrx_word' id='word_1_551' title='bbox 2815 3470 3086 3544; x_wconf 87' lang='lat' dir='ltr'>agri-colis</span> <span class='ocrx_word' id='word_1_552' title='bbox 3115 3469 3502 3543; x_wconf 86' lang='lat' dir='ltr'>accipiebant,</span> 
     </span>
    </p>
   </div>
   <div class='ocr_carea' id='block_1_83' title="bbox 1858 3557 3506 3634">
    <p class='ocr_par' dir='ltr' id='par_1_83' title="bbox 1858 3557 3506 3634">
     <span class='ocr_line' id='line_1_83' title="bbox 1858 3557 3506 3634; baseline -0.002 -19"><span class='ocrx_word' id='word_1_553' title='bbox 1858 3577 1986 3632; x_wconf 76' lang='lat' dir='ltr'>quae</span> <span class='ocrx_word' id='word_1_554' title='bbox 2033 3561 2284 3616; x_wconf 90' lang='lat' dir='ltr'>multum</span> <span class='ocrx_word' id='word_1_555' title='bbox 2318 3562 2654 3634; x_wconf 89' lang='lat' dir='ltr'>discrepant</span> <span class='ocrx_word' id='word_1_556' title='bbox 2691 3577 2725 3615; x_wconf 91' lang='lat' dir='ltr'>a</span> <span class='ocrx_word' id='word_1_557' title='bbox 2761 3560 3287 3616; x_wconf 89' lang='lat' dir='ltr'>consuetudinibus</span> <span class='ocrx_word' id='word_1_558' title='bbox 3318 3557 3506 3614; x_wconf 77' lang='lat' dir='ltr'>nostri</span> 
     </span>
    </p>
   </div>
   <div class='ocr_carea' id='block_1_84' title="bbox 1857 3647 3506 3723">
    <p class='ocr_par' dir='ltr' id='par_1_84' title="bbox 1857 3647 3506 3723">
     <span class='ocr_line' id='line_1_84' title="bbox 1857 3647 3506 3723; baseline -0.001 -19"><span class='ocrx_word' id='word_1_559' title='bbox 1857 3650 2158 3722; x_wconf 86' lang='lat' dir='ltr'>temporis.</span> <span class='ocrx_word' id='word_1_560' title='bbox 2183 3651 2394 3705; x_wconf 86' lang='lat' dir='ltr'>Earum</span> <span class='ocrx_word' id='word_1_561' title='bbox 2423 3651 2675 3723; x_wconf 91' lang='lat' dir='ltr'>denique</span> <span class='ocrx_word' id='word_1_562' title='bbox 2706 3667 2898 3706; x_wconf 91' lang='lat' dir='ltr'>rerum</span> <span class='ocrx_word' id='word_1_563' title='bbox 2921 3653 3132 3718; x_wconf 88' lang='lat' dir='ltr'>cartas,</span> <span class='ocrx_word' id='word_1_564' title='bbox 3153 3649 3244 3705; x_wconf 90' lang='lat' dir='ltr'>vel</span> <span class='ocrx_word' id='word_1_565' title='bbox 3266 3647 3506 3704; x_wconf 85' lang='lat' dir='ltr'>nomina</span> 
     </span>
    </p>
   </div>
   <div class='ocr_carea' id='block_1_85' title="bbox 1858 3737 3502 3812">
    <p class='ocr_par' dir='ltr' id='par_1_85' title="bbox 1858 3737 3502 3812">
     <span class='ocr_line' id='line_1_85' title="bbox 1858 3737 3502 3812; baseline 0 -19"><span class='ocrx_word' id='word_1_566' title='bbox 1858 3738 2091 3794; x_wconf 86' lang='lat' dir='ltr'>illorum</span> <span class='ocrx_word' id='word_1_567' title='bbox 2123 3739 2223 3811; x_wconf 89' lang='lat' dir='ltr'>qui</span> <span class='ocrx_word' id='word_1_568' title='bbox 2254 3756 2352 3796; x_wconf 89' lang='lat' dir='ltr'>eas</span> <span class='ocrx_word' id='word_1_569' title='bbox 2383 3739 2576 3812; x_wconf 88' lang='lat' dir='ltr'>largiti</span> <span class='ocrx_word' id='word_1_570' title='bbox 2609 3743 2748 3796; x_wconf 89' lang='lat' dir='ltr'>sunt</span> <span class='ocrx_word' id='word_1_571' title='bbox 2777 3739 3020 3794; x_wconf 90' lang='lat' dir='ltr'>minime</span> <span class='ocrx_word' id='word_1_572' title='bbox 3047 3737 3262 3794; x_wconf 89' lang='lat' dir='ltr'>inveni.</span> <span class='ocrx_word' id='word_1_573' title='bbox 3295 3737 3502 3794; x_wconf 86' lang='lat' dir='ltr'>Utrum</span> 
     </span>
    </p>
   </div>
   <div class='ocr_carea' id='block_1_86' title="bbox 1860 3825 3506 3899">
    <p class='ocr_par' dir='ltr' id='par_1_86' title="bbox 1860 3825 3506 3899">
     <span class='ocr_line' id='line_1_86' title="bbox 1860 3825 3506 3899; baseline 0.001 -19"><span class='ocrx_word' id='word_1_574' title='bbox 1860 3831 2056 3881; x_wconf 86' lang='lat' dir='ltr'>autem</span> <span class='ocrx_word' id='word_1_575' title='bbox 2087 3831 2374 3882; x_wconf 88' lang='lat' dir='ltr'>vetustate</span> <span class='ocrx_word' id='word_1_576' title='bbox 2397 3826 2626 3882; x_wconf 59' lang='lat' dir='ltr'>abolita;</span> <span class='ocrx_word' id='word_1_577' title='bbox 2648 3831 2806 3894; x_wconf 91' lang='lat' dir='ltr'>sunt,</span> <span class='ocrx_word' id='word_1_578' title='bbox 2831 3831 2932 3882; x_wconf 90' lang='lat' dir='ltr'>aut</span> <span class='ocrx_word' id='word_1_579' title='bbox 2949 3825 3210 3882; x_wconf 87' lang='lat' dir='ltr'>hostium</span> <span class='ocrx_word' id='word_1_580' title='bbox 3231 3825 3364 3899; x_wconf 89' lang='lat' dir='ltr'>igne</span> <span class='ocrx_word' id='word_1_581' title='bbox 3381 3842 3506 3881; x_wconf 88' lang='lat' dir='ltr'>crc-</span> 
     </span>
    </p>
   </div>
   <div class='ocr_carea' id='block_1_87' title="bbox 1860 3914 3502 3989">
    <p class='ocr_par' dir='ltr' id='par_1_87' title="bbox 1860 3914 3502 3989">
     <span class='ocr_line' id='line_1_87' title="bbox 1860 3914 3502 3989; baseline 0.001 -20"><span class='ocrx_word' id='word_1_582' title='bbox 1860 3919 2052 3982; x_wconf 70' lang='lat' dir='ltr'>matze,</span> <span class='ocrx_word' id='word_1_583' title='bbox 2089 3920 2192 3970; x_wconf 87' lang='lat' dir='ltr'>aut</span> <span class='ocrx_word' id='word_1_584' title='bbox 2223 3931 2524 3989; x_wconf 88' lang='lat' dir='ltr'>nunquam</span> <span class='ocrx_word' id='word_1_585' title='bbox 2578 3914 2826 3988; x_wconf 66' lang='lat' dir='ltr'>scriptae,</span> <span class='ocrx_word' id='word_1_586' title='bbox 2857 3915 3184 3972; x_wconf 88' lang='lat' dir='ltr'>scribarum</span> <span class='ocrx_word' id='word_1_587' title='bbox 3236 3914 3502 3988; x_wconf 90' lang='lat' dir='ltr'>penuria,</span> 
     </span>
    </p>
   </div>
   <div class='ocr_carea' id='block_1_88' title="bbox 1860 4003 2275 4060">
    <p class='ocr_par' dir='ltr' id='par_1_88' title="bbox 1860 4003 2275 4060">
     <span class='ocr_line' id='line_1_88' title="bbox 1860 4003 2275 4060; baseline 0.005 -2"><span class='ocrx_word' id='word_1_588' title='bbox 1860 4003 2104 4060; x_wconf 87' lang='lat' dir='ltr'>minime</span> <span class='ocrx_word' id='word_1_589' title='bbox 2134 4003 2275 4060; x_wconf 87' lang='lat' dir='ltr'>scio.</span> 
     </span>
    </p>
   </div>
   <div class='ocr_carea' id='block_1_89' title="bbox 1862 4274 3503 4358">
    <p class='ocr_par' dir='ltr' id='par_1_89' title="bbox 1862 4274 3503 4358">
     <span class='ocr_line' id='line_1_89' title="bbox 1862 4274 3503 4358; baseline 0.002 -29"><span class='ocrx_word' id='word_1_590' title='bbox 1862 4345 1874 4357; x_wconf 39' lang='grc' dir='ltr'><strong><em>ο</em></strong></span> <span class='ocrx_word' id='word_1_591' title='bbox 1928 4274 2041 4358; x_wconf 67' lang='grc'>(91)</span> <span class='ocrx_word' id='word_1_592' title='bbox 2074 4274 2452 4358; x_wconf 46' lang='lat' dir='ltr'>[tancod.‘prp</span> <span class='ocrx_word' id='word_1_593' title='bbox 2481 4274 2639 4358; x_wconf 58' lang='lat' dir='ltr'>quod,</span> <span class='ocrx_word' id='word_1_594' title='bbox 2665 4276 3042 4358; x_wconf 61' lang='lat' dir='ltr'>mepdosemt</span> <span class='ocrx_word' id='word_1_595' title='bbox 3059 4275 3305 4343; x_wconf 89' lang='lat' dir='ltr'>videtur,</span> <span class='ocrx_word' id='word_1_596' title='bbox 3328 4275 3503 4332; x_wconf 88' lang='lat' dir='ltr'>etiam</span> 
     </span>
    </p>
   </div>
   <div class='ocr_carea' id='block_1_90' title="bbox 1858 4344 2842 4420">
    <p class='ocr_par' dir='ltr' id='par_1_90' title="bbox 1858 4344 2842 4420">
     <span class='ocr_line' id='line_1_90' title="bbox 1858 4344 2842 4420; baseline 0.002 -19"><span class='ocrx_word' id='word_1_597' title='bbox 1858 4345 1918 4402; x_wconf 91' lang='lat' dir='ltr'>in</span> <span class='ocrx_word' id='word_1_598' title='bbox 1951 4344 2059 4402; x_wconf 90' lang='lat' dir='ltr'>hoc</span> <span class='ocrx_word' id='word_1_599' title='bbox 2085 4345 2298 4401; x_wconf 59' lang='lat' dir='ltr'>infima</span> <span class='ocrx_word' id='word_1_600' title='bbox 2327 4344 2641 4403; x_wconf 81' lang='lat' dir='ltr'>latinitatis</span> <span class='ocrx_word' id='word_1_601' title='bbox 2671 4346 2842 4420; x_wconf 83' lang='lat' dir='ltr'>stylo.</span> 
     </span>
    </p>
   </div>
   <div class='ocr_carea' id='block_1_91' title="bbox 1275 4516 2339 4590">
    <p class='ocr_par' dir='ltr' id='par_1_91' title="bbox 1275 4516 2339 4590">
     <span class='ocr_line' id='line_1_91' title="bbox 1275 4516 2339 4590; baseline -0.002 -16"><span class='ocrx_word' id='word_1_602' title='bbox 1275 4517 1518 4590; x_wconf 64' lang='lat' dir='ltr'>Explica</span> <span class='ocrx_word' id='word_1_603' title='bbox 1546 4517 1686 4574; x_wconf 79' lang='lat' dir='ltr'>liber</span> <span class='ocrx_word' id='word_1_604' title='bbox 1715 4517 2036 4590; x_wconf 73' lang='lat' dir='ltr'>Haganonis</span> <span class='ocrx_word' id='word_1_605' title='bbox 2059 4516 2339 4589; x_wconf 61' lang='lat' dir='ltr'>prwmlz&#39;s.</span> 
     </span>
    </p>
   </div>
  </div>
