3988 6072
321 196 441 258 219
541 156 549 164 ’

1213 201 1444 266 PAULI
1490 205 1554 266 S.
1602 204 1834 266 PETRI
1877 205 2415 270 CAIINOTENSIS
2461 209 2841 271 MONACHI.

3611 211 3735 272 220

324 369 3736 398 .____.__._______________________________________

1321 546 1794 677 LIBER
1899 547 2744 738 SECUNDUS

1969 783 2106 829 SIVE

1117 921 2082 1014 llAGliNFREDI
2193 927 3026 1020 PRZESULIS'

1563 1104 1664 1174 (Ab
1696 1121 1850 1161 anno
1877 1106 1985 1161 954
2015 1106 2088 1161 ad
2119 1123 2342 1162 annum
2371 1107 2522 1179 960.)

582 1425 792 1467 INCIPIT
831 1429 1120 1470 PREFATIO
1161 1432 1312 1470 LIBRI
1351 1432 1728 1472 RAGENFREDI.

409 1496 470 1552 In
495 1498 764 1570 sequenti
787 1501 1070 1573 cpusculo
1091 1503 1288 1559 videor
1306 1504 1497 1561 videre
1521 1504 1888 1562 solummodo
1917 1505 1986 1561 ad

337 1585 711 1642 scribendum
745 1589 1014 1646 sufﬁcere
1054 1593 1460 1666 episcoporum
1504 1599 1678 1666 atque
1709 1595 1988 1650 abbatum

337 1673 555 1746 scripta
577 1675 946 1748 singulorum
979 1678 1315 1753 singula,ut
1348 1683 1565 1754 quibus
1596 1684 1878 1756 gradibus
1905 1683 1989 1739 lo-

337 1780 443 1818 cus
465 1764 574 1820 iste
597 1766 878 1838 paulatim
902 1767 1219 1840 inoleverit,
1236 1778 1572 1846 quantaque
1588 1773 1848 1830 sollertia
1862 1774 1911 1844 ej
1923 1791 1990 1829 us

338 1851 696 1910 utilitatibus
731 1856 982 1929 quisque
1009 1875 1210 1914 eorum
1243 1860 1620 1930 insudaverit,
1647 1862 1814 1920 facile
1854 1880 1990 1935 pru-

340 1941 485 1998 dens
517 1941 826 2015 indagator
869 1951 1148 2020 agnoscat
1193 1948 1457 2021 legendo.
1483 1952 1644 2018 Quod
1696 1957 1890 2007 autem
1923 1968 1992 2007 ea

343 2047 468 2102 quae
501 2029 559 2085 in
593 2031 770 2104 priori
822 2035 1038 2108 scripto
1071 2037 1269 2092 domui
1312 2039 1656 2113 Ragenfrcdi
1701 2039 1990 2113 praesulis,

344 2119 470 2175 sine
499 2120 792 2192 capitulis,
818 2123 1043 2180 reddita
1071 2125 1157 2181 vel
1203 2143 1479 2184 concessa
1507 2146 1634 2186 esse
1687 2130 1989 2199 invenerit,

343 2207 474 2263 ideo
505 2209 810 2266 actitatum
832 2217 921 2268 est
951 2213 1090 2286 quia
1119 2215 1179 2270 in
1210 2217 1398 2288 primo
1429 2235 1598 2291 opere
1628 2218 1990 2292 capitulatim

344 2298 548 2352 eadem
579 2303 718 2354 sunt
749 2300 964 2374 scripta
995 2304 1068 2358 ab
1101 2303 1226 2377 ipso
1261 2307 1505 2378 praesule
1536 2307 1714 2364 semel
1748 2310 1993 2364 canoni-

346 2385 494 2442 nicis
525 2386 795 2445 similiter
823 2391 1048 2447 reddita
1077 2394 1162 2450 vel
1193 2412 1489 2454 concessa.

597 2493 852 2535 EXPLICIT
882 2498 1172 2539 PREFATIO
1203 2502 1354 2540 LIBRI
1385 2503 1744 2542 BAGKNFREDI

383 2565 457 2621 De
485 2567 644 2622 rebus
674 2584 810 2640 quas
838 2568 986 2626 dedit
1011 2573 1094 2629 vel
1135 2573 1374 2630 reddidit
1411 2577 1784 2648 Hagen/reduc
1840 2579 1957 2649 epi-

867 2675 952 2716 sco
955 2678 1056 2733 pus
1085 2671 1268 2719 sancto
1298 2670 1476 2722 Petro.

949 2749 1136 2823 (Circa
1159 2769 1216 2810 a.
1249 2753 1399 2824 954.)

423 2837 446 2859 '
469 2857 497 2885 «
522 2835 585 2890 In
609 2835 726 2908 (92)
749 2836 982 2895 nomine
1010 2846 1223 2897 sanctae
1247 2847 1304 2898 et
1332 2843 1644 2900 individua
1673 2843 1998 2901 Trinitatis.

354 2923 676 2996 Ragenfred
689 2942 776 2992 us,
801 2926 979 2983 nullis
1010 2931 1340 2988 extantibus
1371 2933 1846 3000 meritis,sanetaa
1877 2933 2002 2990 sedi

317 3012 678 3096 .Carnotinaa
727 3015 1080 3073 sublimatus
1133 3019 1397 3078 antistes.
1469 3023 2004 3096 Quotienscumque

356 3102 804 3174 praecedentium
823 3111 1057 3178 patrum
1072 3109 1144 3164 ad
1163 3109 1422 3166 medium
1436 3112 1542 3167 ded
1555 3117 2008 3169 ucunturexem-

357 3189 642 3264 pla,sanis
666 3193 960 3250 mentibus
979 3196 1358 3256 incitamento
1372 3202 2008 3270 suntvirtutum,infor—

357 3279 536 3335 matio
554 3280 811 3338 melioris
829 3284 980 3352 vitae,
1001 3284 1282 3343 inoffensa
1304 3290 1632 3362 progressio
1650 3291 1752 3344 viae
1771 3290 2009 3345 manda-

355 3371 550 3422 torum
583 3369 706 3424 Dei.
731 3371 936 3427 Divina
965 3378 1160 3430 autem
1185 3376 1323 3447 quia
1353 3382 1493 3432 sunt
1524 3377 1799 3450 pleraque
1830 3379 2007 3433 ratio-

359 3454 453 3512 nis
474 3456 823 3529 incapabilia
843 3460 1292 3530 ammirationis,
1309 3482 1732 3538 nonnunquam
1755 3467 2011 3522 subeunt

359 3545 827 3618 contemplativa.
865 3548 1026 3604 Unde
1054 3567 1161 3623 ego
1193 3552 1594 3625 Ragenfredus
1624 3560 1860 3611 vocatus
1887 3555 2008 3627 epi-

360 3649 594 3706 scopus,
619 3651 753 3690 cum
781 3653 815 3692 a
843 3638 1212 3696 saecularium
1236 3641 1609 3714 negociorum
1633 3643 2007 3712 tumultibus,

361 3722 576 3796 quibus
599 3723 730 3796 plus
747 3726 1093 3783 necessitate
1111 3745 1288 3800 quam
1305 3735 1434 3786 voto
1452 3729 1772 3804 implicitus
1789 3737 2007 3799 teneor,

361 3811 667 3884 paululum
700 3814 966 3871 animum
988 3818 1374 3890 expedissem,
1399 3824 1585 3876 totum
1618 3838 1710 3876 me
1742 3821 1895 3876 intra
1919 3838 2010 3877 me

2008 1419 2062 1484 Α
2090 1417 2453 1474 crudelitatis
2503 1419 2778 1474 universa
2815 1422 3090 1474 metente.
3123 1419 3289 1474 Tunc
3329 1415 3530 1473 omnia
3570 1415 3754 1489 hujus

2031 2794 2079 2858 B

2098 1507 2375 1581 episcopii
2407 1509 2705 1564 destructa
2735 1512 2876 1564 sunt
2902 1509 3058 1580 igne,
3091 1505 3445 1563 monasteria
3476 1522 3756 1561 consum-

2099 1602 2216 1670 pta,
2235 1597 2505 1653 aecclesiae
2529 1615 2674 1670 pene
2695 1613 2899 1653 omnes
2923 1597 3099 1652 funde
3119 1601 3292 1652 tenus
3309 1596 3422 1667 (93)
3441 1595 3668 1650 dirutae.
3689 1594 3754 1650 Si

2099 1702 2216 1757 qua
2244 1702 2377 1740 vero
2408 1702 2609 1741 eorum
2641 1701 2874 1741 evasere
2907 1701 3140 1756 manus,
3155 1683 3488 1740 domestice
3513 1700 3754 1756 oppres-

2099 1774 2283 1829 sionis
2323 1778 2443 1830 tam
2487 1774 2841 1847 privatorum
2878 1791 3055 1847 quam
3097 1777 3401 1846 potentum
3441 1776 3758 1828 senserunt

2099 1863 2468 1919 detrimenta.
2485 1864 2746 1919 Tandem
2791 1863 3152 1936 prospiciens
3193 1863 3265 1918 de
3295 1860 3521 1918 excelso
3558 1860 3757 1935 propi-

2098 1952 2262 2008 tiatio
2293 1970 2567 2024 superna,
2600 1952 2854 2009 indoluit
2885 1952 3236 2008 afﬂictorum
3275 1949 3532 2006 lacrimis
3563 1955 3621 2006 et
3651 1967 3759 2023 ge-

2101 2041 2414 2097 mebundis
2445 2041 2792 2098 miserorum
2835 2041 3109 2113 querelis,
3133 2041 3354 2113 sicque,
3378 2039 3540 2096 cmlis
3581 2040 3760 2095 mise-

2101 2131 2362 2187 ricordiae
2395 2147 2585 2186 rorem
2616 2131 2979 2187 stillantibus
3001 2129 3290 2186 obsidioni
3325 2145 3471 2202 pene
3501 2129 3760 2201 protrita;

2101 2219 2284 2287 urbis,
2301 2219 2495 2275 divina
2515 2237 2576 2276 se
2599 2220 3015 2288 subveniendo,
3032 2218 3300 2285 indulsit,
3317 2219 3459 2274 dum
3486 2222 3615 2290 post
3638 2216 3763 2273 illo-

2101 2326 2233 2364 rum
2265 2308 2551 2365 bellorum
2583 2309 3009 2366 validissimam
3041 2308 3484 2381 oppressionem
3517 2307 3618 2361 diu
3654 2323 3759 2378 op-

2101 2402 2236 2453 tata:
2276 2398 2437 2471 pacis
2477 2399 2692 2472 gaudia
2731 2399 2986 2455 arridere
3025 2397 3333 2454 concessit.
3363 2397 3588 2452 Interea
3647 2413 3765 2451 non

2101 2486 2287 2543 multo
2318 2491 2472 2559 post,
2493 2487 2815 2559 Agano,vir
2844 2485 3114 2552 illustris,
3141 2485 3319 2557 hujus
3349 2483 3623 2541 ecclesiae
3655 2501 3757 2540 su-

2102 2575 2410 2632 blimitatis
2440 2577 2715 2649 indeptus
2744 2575 3109 2648 pontiﬁcatu,
3141 2579 3323 2630 totam
3356 2573 3537 2630 animi
3569 2573 3757 2628 inten-

2101 2665 2322 2721 tionem
2355 2665 2411 2719 in
2447 2665 2822 2720 rediﬁcandis
2862 2662 3233 2720 monasteriis
3274 2661 3758 2734 reslruendisque

2103 2752 2381 2810 aecclesiis
2412 2753 2662 2826 dirigere
2691 2753 2923 2826 sategit.

2180 2867 2209 2894 «
2229 2843 2366 2898 Erat
2395 2842 2454 2898 in
2485 2843 2767 2898 suburbio
2791 2843 2917 2914 jam
2951 2841 3115 2897 dicta:
3138 2840 3302 2897 urbis
3324 2839 3592 2896 Carnotis
3621 2836 3767 2894 cele-

2110 2932 2212 2989 bre
2241 2949 2276 2988 a
2305 2931 2512 3005 priscis
2569 2931 2932 3004 temporibus
2990 2929 3411 2986 monasterium
3446 2929 3505 2984 in
3545 2927 3766 2984 honore

2112 3020 2395 3095 principis
2419 3020 2815 3093 apostolorum
2834 3021 3118 3088 dicatum,
3141 3018 3513 3092 regularibus
3531 3014 3764 3088 discipli

2113 3111 2208 3166 nis
2239 3115 2562 3177 assuetum,
2582 3115 2692 3181 set,
2714 3109 3016 3183 prmmissa
3040 3107 3384 3175 vastatione,
3417 3105 3770 3180 neglectum,

2113 3199 2351 3254 vixdum
2383 3198 2441 3253 in
2476 3197 2717 3271 parvula
2740 3197 2986 3253 ecclesia
3013 3197 3070 3252 in
3093 3197 3374 3252 canonica
3401 3193 3774 3250 institutione

2115 3287 2671 3354 transductum,cui,
2693 3287 2913 3342 nostris
2937 3285 3320 3358 temporibus,
3345 3288 3590 3358 prmerat
3611 3300 3777 3338 vene-

2117 3376 2318 3433 rabilis
2349 3376 2434 3431 vir
2469 3376 2702 3445 Alveus,
2727 3375 2997 3448 quamvis
3030 3375 3140 3431 sub
3183 3378 3440 3430 scemate
3472 3371 3736 3428 canonici

2117 3470 2344 3521 amator
2370 3469 2426 3521 et
2455 3465 2643 3520 cultor
2685 3465 3006 3538 religionis,
3029 3463 3130 3536 qui
3164 3479 3420 3536 persaepe
3456 3478 3590 3516 cum
3624 3478 3774 3532 pra:-

2119 3555 2238 3610 fato
2283 3553 2555 3626 pontiﬁce
2603 3558 2853 3610 tractare
2884 3552 3059 3626 erepit
3089 3551 3341 3625 qualiter
3371 3550 3524 3624 quod
3575 3549 3774 3605 animo

2117 3643 2498 3714 deliberabat,
2525 3659 2698 3716 opere
2752 3643 2825 3698 ad
2883 3643 3154 3698 effectum
3215 3641 3576 3714 perduceret.
3610 3639 3774 3704 Quod

2119 3747 2374 3803 superna
2403 3735 2699 3787 annuente
2721 3731 2919 3787 Gratia
2939 3735 2996 3786 et
3021 3729 3255 3785 antistis
3285 3726 3584 3783 favorabili
3617 3742 3776 3782 acce-

2118 3820 2289 3875 dente
2319 3819 2374 3874 in
2409 3820 2516 3875 hoc
2548 3818 2808 3886 suadela,
2829 3819 2920 3874 sui
2959 3835 3202 3890 compos
3244 3817 3486 3872 effectus
3515 3820 3604 3870 est
3634 3813 3773 3870 voti.

361 3900 660 3975 colligens,
684 3903 830 3975 empi
879 3903 939 3958 in
969 3906 1439 3964 ammirationem
1488 3908 1701 3965 habere
1731 3910 2013 3966 beneﬁcia
2121 3908 2463 3981 Praeparatis
2486 3908 2777 3980 siquidem
2809 3907 3116 3980 impensis,
3142 3923 3256 3962 non
3281 3922 3466 3978 parva:
3491 3903 3632 3975 jecit
3650 3904 3778 3958 fun-

364 3989 758 4046 miserationis
789 3992 994 4048 divina:
1027 4011 1164 4066 erga
1193 3995 1444 4053 salutem
1475 3998 1676 4071 stirpis
1708 3999 2008 4068 humanas;

2121 3997 2396 4053 damenta
2433 3997 2686 4068 fabricae,
2717 4003 2792 4065 et,
2827 3997 3175 4070 procedente
3215 3993 3497 4066 temporis
3555 3991 3776 4065 spacio,

363 4079 861 4150 quemadmodum
887 4098 1035 4153 quos
1065 4083 1256 4156 diligit
1277 4077 1655 4154 vulnerando,
1678 4087 2012 4144 medicabili
2059 4158 2068 4159 ί
2122 4086 2500 4158 superposuit
2529 4086 2833 4146 basilicam
2866 4085 3211 4159 quantitatis
3237 4082 3464 4156 amplae,
3497 4080 3782 4154 pulcritu-

364 4167 566 4223 dextra
591 4169 876 4237 medetur,
898 4175 956 4225 et
988 4177 1226 4243 paterno
1258 4175 1634 4246 percutiendo
1664 4179 1892 4244 affectu,
1917 4195 2010 4232 sa-
2041 4158 2084 4224 C
2124 4175 2740 4248 dinisoperosm,sicut
2759 4175 2818 4230 in
2842 4158 3114 4246 praesenti
3133 4172 3300 4229 facile
3316 4176 3404 4228 est
3421 4187 3678 4237 cernere,
3695 4169 3781 4225 ili-

363 4255 506 4312 lutis
535 4273 601 4312 ac
631 4258 902 4314 sanitatis
935 4278 1213 4333 prospera
1242 4265 1674 4322 subministrat.
1702 4267 1884 4338 Cujus
1903 4266 2015 4322 cle-

366 4347 596 4401 mentize
656 4348 1022 4422 magnitudo,
1048 4350 1183 4407 licet
1212 4352 1430 4426 ubique
1485 4359 1773 4410 terrarum
1818 4371 1880 4410 se
1923 4355 2009 4410 di-

2120 4282 2304 4337 coque
2351 4264 2694 4320 auctoritate
2725 4263 3044 4337 pontiﬁcali
3087 4263 3504 4319 canouicorum
3542 4259 3781 4316 servitia

2121 4353 2264 4409 inibi
2297 4353 2601 4426 delegavit.
2626 4353 2728 4410 His
2758 4354 2840 4409 ita
2871 4369 2932 4409 se
2963 4353 3337 4419 habentibus,
3367 4349 3576 4407 ultimo
3606 4365 3780 4404 voca-

365 4440 615 4506 gnanter
669 4435 990 4509 impendat,
1026 4446 1090 4496 ut
1147 4441 1327 4497 michi
1386 4447 1582 4499 tamen
1613 4443 1861 4511 videtur,
1896 4461 2012 4516 prae
2121 4442 2298 4499 tionis
2331 4459 2451 4498 sua:
2483 4442 2638 4498 diem
2681 4441 2929 4516 praesule
2962 4441 3188 4509 sortito,
3212 4457 3318 4514 ego
3350 4438 3776 4512 Ragenfredus,

367 4522 630 4596 reliquis,
655 4531 866 4582 nostra:
885 4528 1040 4584 sedis
1057 4530 1338 4586 diocesim
1372 4549 1489 4587 suae
1506 4532 1837 4589 dilectionis
1861 4550 2016 4589 amo-

367 4629 427 4668 re
447 4613 686 4686 dignam
705 4616 1062 4688 duxit,dum,
1077 4620 1340 4693 exigente
1357 4621 1611 4678 ﬁliornm
1630 4640 1871 4679 suorum
1891 4640 2018 4696 pee-

367 4702 665 4758 caminum
696 4705 868 4777 mole,
887 4706 969 4762 ita
997 4723 1125 4762 eam
1155 4709 1389 4766 verbere
1419 4709 1867 4783 disciplinabilis
1897 4729 2018 4768 eor-

368 4792 643 4849 rectionis
677 4796 972 4864 submisit,
1005 4801 1062 4851 et
1090 4799 1324 4855 efferam
1374 4805 1605 4872 gentem
1654 4817 2017 4874 paganorum

367 4895 842 4951 quaquaversum
857 4881 1133 4953 caedibus,
1150 4883 2019 4959 incendiis,depopulationibus

368 4966 678 5022 debachari
697 4967 824 5024 sine
839 4968 1037 5042 aliqua
1059 4973 1467 5030 retractatione
1491 4975 1843 5046 permiserit.
1877 4976 2018 5032 Nul-

369 5055 464 5111 lus
493 5055 678 5111 honor
705 5055 1153 5128 impendebatur
1179 5060 1546 5130 locis,voraci
1569 5081 1666 5121 eos
1693 5065 2021 5122 indilferen-
2055 5059 2062 5072 “

370 5150 460 5202 ter
489 5145 729 5200 ﬂamma
749 5145 1062 5216 lambente,
1087 5149 1233 5204 nulli
1254 5151 1547 5223 dignitati,
1567 5154 1718 5208 aetati
1740 5155 1829 5212 vel
1855 5157 2019 5212 sexui

373 5234 730 5290 accedebant
773 5236 1030 5292 remedia
1086 5239 1381 5310 parcendi,
1405 5240 1598 5314 gladio
1655 5243 2019 5317 impiissimae

448 5383 748 5460 (92)_Hanc
795 5385 1056 5460 chartam
1106 5387 1287 5447 habes
1316 5391 1556 5460 editam,
1590 5395 1689 5450 sed
1722 5413 1836 5452 non
1895 5397 2022 5454 sine

372 5453 690 5585 gaiasione
731 5457 792 5514 in
839 5458 977 5517 θαιι.
1013 5461 1232 5530 Christ.,
1264 5468 1309 5522 t.
1341 5463 1490 5534 Vlll,
1525 5453 1717 5537 instr.,
1751 5468 1860 5524 col.
1891 5453 2018 5540 289,

2125 4531 2391 4605 quamvis
2413 4531 2634 4587 nullius
2658 4531 2849 4588 meriti
2874 4530 3280 4603 paaarogativo,
3299 4529 3357 4584 in
3383 4529 3562 4600 hujus
3587 4527 3780 4582 cathe-

2126 4623 2240 4677 drae
2273 4620 2607 4693 fastigiatus
2645 4638 2779 4677 sum
2820 4620 2997 4692 solio;
3030 4637 3144 4692 quo
3178 4619 3583 4684 intronizatus,
3615 4614 3779 4688 vigili

2127 4710 2506 4767 meditatione
2529 4711 2673 4782 ccepi
2697 4709 2890 4766 animo
2918 4709 3201 4777 conferre,
3226 4709 3274 4764 si
3307 4706 3449 4780 quid
3471 4711 3778 4778 acceptum

2127 4799 2314 4856 oculis
2367 4800 2509 4854 divae
2567 4799 2894 4871 majestatis
2949 4797 3200 4854 valerem
3259 4798 3484 4862 offerre,
3516 4800 3575 4851 et
3621 4795 3778 4867 quod

2127 4890 2454 4963 proﬁcuum
2479 4888 2624 4944 foret
2643 4887 2899 4944 remedio
2923 4887 3131 4944 animae
3151 4903 3311 4943 meae.
3327 4885 3411 4941 Ad
3434 4885 3611 4958 quod,
3627 4901 3777 4952 reor,

2128 4996 2242 5034 non
2266 4995 2326 5034 se
2349 4975 2662 5033 difﬁculter
2681 4977 2894 5032 obtulit
2914 4975 3177 5032 materiei
3203 4974 3496 5048 przebitio;
3525 4989 3779 5045 namque

2129 5067 2434 5140 pervidens
2482 5066 2768 5138 praemissi
2797 5065 2996 5121 Sancti
3040 5064 3187 5122 Petri
3228 5063 3499 5120 aecclesize
3539 5062 3781 5118 clericos

2129 5156 2379 5230 proclive
2435 5173 2496 5212 se
2553 5159 2918 5229 agentes,et,
2958 5154 3159 5210 relicta
3215 5152 3500 5226 spiritalis
3557 5149 3778 5206 militiae

2128 5247 2418 5324 exercitia,
2435 5250 2628 5302 mente
2654 5250 2710 5302 et
2741 5249 2874 5302 actu
2905 5243 3110 5300 sectari
3145 5247 3334 5300 terrea
3365 5245 3422 5298 et
3452 5241 3696 5306 caduca,
3727 5244 3781 5295 et

2131 5399 2313 5529 “$93)
2370 5397 2465 5456 Sic
2523 5398 2639 5455 duo
2699 5397 2979 5466 codices;
3039 5396 3140 5453 sed
3199 5394 3550 5469 legendum,
3609 5391 3782 5464 fundo

2223 5487 2307 5527 us.

2223 5487 2307 5527 us.
