3988 6072
173 165 297 228 221

1077 169 1330 230 VETUS
1374 167 1658 230 AGANO.
1693 203 1770 212 —
1803 169 1952 230 LIB.
2000 168 2078 230 ΙΙ.
2126 167 2720 232 RAGENFREDUS.

3481 165 3600 228 222

165 300 432 372 jamque
461 299 622 356 dictu
654 300 1020 358 committere
1040 301 1433 369 nefaria,cum
1455 301 1726 358 consultu
1749 303 1846 358 bo-
1872 304 1927 370 Α
1957 301 2159 358 Mitani
2189 301 2422 358 Villare.
2457 303 2572 358 Has
2603 319 2805 358 omnes
2836 299 3125 358 {ecclesias
3163 299 3485 368 reddimus,
3516 300 3602 358 eis

174 405 266 444 nae
302 390 606 444 memoriae
638 390 1042 462 prenominati
1072 389 1249 458 Alvei,
1285 392 1557 446 abbatem
1598 391 1845 446 coenobii

173 478 384 534 Sancti
419 478 718 534 Benedicti
746 479 1088 536 Vulfaldum
1121 480 1416 547 accersivi,
1452 480 1510 536 in
1543 480 1845 552 quo,salvo

175 567 562 624 discretionis
614 569 788 634 bono,
823 568 1006 624 artius
1063 573 1120 624 et
1177 570 1490 642 perfectius
1547 569 1846 642 religionis

175 672 440 712 censura
467 657 660 713 valere
694 656 1118 730 praedicabatur
1148 659 1219 713 ab
1252 659 1548 715 omnibus.
1582 661 1703 725 Quo
1744 660 1845 714 ad-

173 750 461 801 ventante
475 763 613 802 cum
637 746 990 818 quibusdam
1011 748 1276 819 ejusdem
1291 747 1512 804 ordinis
1533 747 1846 804 comitibus

174 851 298 889 una
327 851 472 890 cum
505 853 593 902 eo,
621 835 680 891 in
727 836 1094 908 antiquitatis
1143 838 1482 893 monasticae
1533 838 1844 894 observan-

173 921 320 978 tiam
347 941 509 996 sazpe
539 924 763 980 dictum
795 925 1239 982 reformavimus
1268 926 1486 983 locum.

248 1035 279 1063 α
312 1013 550 1080 Quibus
582 1014 907 1082 monachis,
941 1031 1012 1070 ne
1041 1014 1378 1071 incusanda:
1430 1017 1704 1089 egestatis
1747 1035 1843 1089 pe-

172 1102 350 1157 nuria
383 1103 622 1160 subiret
650 1104 878 1160 occasio
926 1104 1208 1177 evagandi
1259 1105 1414 1161 foras
1464 1123 1845 1180 quaecumque

171 1190 367 1246 eidem
393 1191 527 1247 loco
551 1210 586 1248 a
607 1194 1105 1266 praedecessorum
1125 1199 1457 1251 nostrorum
1479 1195 1846 1268 aliorumque

169 1279 592 1337 invasionibus
622 1281 844 1354 injuste
871 1282 1218 1339 videbantur
1256 1284 1575 1352 subtracta,
1609 1290 1731 1341 tam
1779 1303 1848 1342 ex

172 1368 490 1427 beneﬁciis
511 1370 866 1428 militaribus
883 1389 1060 1445 quam
1089 1389 1157 1428 ex
1185 1378 1382 1429 nostro
1403 1373 1848 1452 indominicato,

173 1463 238 1514 ut
279 1475 346 1516 se
393 1460 687 1534 temporis
735 1460 948 1534 optulit
999 1461 1148 1518 ratio
1193 1463 1429 1518 reddere
1463 1463 1842 1534 studuimus;

177 1565 554 1622 quanquam,
581 1550 700 1606 vita
726 1550 958 1618 comite,
993 1551 1040 1608 si
1091 1550 1341 1607 facultas
1389 1553 1850 1624 subpeditaverit

177 1636 446 1710 pluriora
477 1640 721 1696 reddere
765 1639 945 1696 michi
992 1640 1228 1696 animus
1279 1642 1560 1714 suggerit,
1595 1659 1845 1715 quorum
1876 1674 1924 1738 B

178 1727 452 1798 quadam
489 1726 629 1784 huic
679 1728 997 1801 pontificali
1044 1728 1368 1802 privilegio,
1402 1731 1667 1802 quaedam
1714 1731 1844 1788 aliis

177 1814 440 1873 inserere
469 1822 666 1874 ratum
689 1817 987 1874 duximus.

247 1930 276 1956 (ι
315 1907 650 1963 Reddimus
680 1907 878 1980 itaque
907 1909 992 1964 eis
1038 1913 1260 1965 terram
1309 1911 1604 1982 quandam
1655 1928 1690 1966 a
1720 1911 1844 1967 suis

179 1997 682 2063 antecessoribus,
705 1997 913 2069 priscis
944 1998 1332 2071 temporibus,
1359 2016 1716 2071 possessam,
1751 2018 1844 2073 po-

180 2089 307 2139 stea
335 2084 500 2140 malo
530 2085 734 2142 ordine
765 2087 1453 2160 subtractam,quatenus
1483 2088 1642 2144 illam
1665 2089 1846 2162 pleni-

183 2178 270 2228 ter
300 2174 650 2246 possideant
695 2175 872 2232 veluti
925 2175 1161 2232 illorum
1215 2179 1670 2250 praedecessores
1714 2196 1843 2234 eam

187 2264 475 2332 tenuisse,
508 2265 830 2322 multorum
862 2267 1218 2334 testimonio,
1255 2269 1687 2339 comprobatur.
1714 2273 1847 2340 Ipsa

186 2370 322 2408 vero
355 2357 515 2408 terra
544 2357 807 2426 conjacet
835 2355 988 2410 infra
1031 2360 1088 2411 et
1139 2361 1301 2412 extra
1348 2374 1549 2412 muros
1579 2357 1845 2412 Carnotis

190 2442 474 2508 civitatis,
490 2444 660 2514 juxta
691 2449 916 2516 portam
947 2445 1315 2514 Cincrosam;
1341 2445 1690 2501 terminatur
1711 2463 1845 2502 vero

191 2531 320 2602 ipsa
351 2536 510 2587 terra
541 2549 657 2588 uno
686 2532 884 2601 latere,
911 2533 1005 2589 via
1029 2551 1156 2606 quae
1207 2539 1296 2591 est
1338 2535 1528 2590 exitus
1573 2534 1842 2602 civitatis,

195 2618 378 2674 altero
426 2637 562 2676 vero
609 2619 790 2677 latere
846 2621 1196 2678 terminatur
1248 2627 1405 2679 terra
1449 2623 1645 2680 Sancti
1694 2622 1847 2679 Petri

198 2707 559 2764 Pictavensis
589 2713 645 2765 et
676 2709 872 2766 Sancti
893 2710 1101 2766 Aniani
1135 2728 1148 2767 :
1182 2716 1272 2768 set
1301 2717 1454 2768 terra
1475 2712 1672 2768 Sancti
1697 2710 1847 2767 Petri

195 2796 562 2853 Pictavensis
591 2799 941 2854 terminatur
969 2799 1120 2855 infra
1149 2817 1350 2856 muros
1393 2801 1666 2871 civitatis,
1695 2805 1850 2856 terra

194 2902 328 2941 vero
359 2886 561 2942 Sancti
581 2887 791 2943 Aniani
820 2887 973 2944 infra
1003 2893 1060 2944 et
1087 2893 1266 2944 extra.
1286 2889 1412 2945 Una
1442 2890 1628 2945 fronte
1656 2889 1852 2944 termi-

195 2979 376 3030 natur
406 2979 560 3030 terra
591 2976 787 3032 Sancti
824 2976 970 3032 Petri
1003 2977 1377 3034 Carnotensis
1421 2979 1516 3033 via
1562 2996 1688 3051 quae
1740 2978 1849 3033 du-

1955 392 2338 448 concedentes
2387 391 2664 457 decimas,
2692 396 2748 448 et
2797 391 3162 447 remittentes
3211 391 3499 464 synodum
3546 394 3604 447 et

1955 481 2244 548 circadas;
2271 481 2446 536 simul
2478 480 2655 537 etiam
2681 486 2738 536 et
2757 481 2827 536 de
2846 480 3106 536 aecclesia
3125 481 3185 535 in
3210 479 3598 548 BodasiVilla,

1956 587 2132 642 quam
2165 569 2273 642 ipsi
2310 570 2468 625 omni
2499 575 2758 642 tempore
2790 573 3129 640 tenuerunt,
3151 569 3235 624 ita
3264 573 3331 624 ut
3361 585 3550 640 neque
3570 585 3604 624 a

1956 660 2124 714 nobis
2157 675 2344 732 neque
2375 677 2410 714 a
2459 659 2899 716 successoribus
2934 659 3150 714 nostris
3192 659 3276 713 eis
3317 674 3603 730 umquam

1955 748 2072 804 ullo
2105 749 2276 804 modo
2309 749 2663 820 requiratur.
2689 749 3014 804 Reddimus
3033 748 3208 804 etiam
3239 747 3356 803 illis
3377 747 3435 802 in
3457 763 3604 820 pago

1955 837 2285 904 Carnotino,
2320 837 2378 893 in
2409 838 2546 894 villa
2577 855 2702 910 qua:
2737 837 2949 893 dicitur
2981 837 3606 905 Britiniacus,mansos

1955 928 2025 982 de
2055 931 2208 982 terra
2235 943 2334 983 vm
2359 944 2492 982 cum
2525 928 2822 983 mansuris
2845 927 3017 982 terris
3048 943 3281 999 quoque
3329 925 3504 982 cultis
3551 928 3609 982 et

1955 1015 2221 1085 incultis;
2256 1017 2315 1071 in
2347 1016 2728 1089 Campchiaco
2763 1033 3034 1072 mansum
3067 1032 3251 1071 unum
3281 1032 3415 1071 cum
3446 1031 3607 1070 man-

1955 1106 2130 1174 suris,
2145 1105 2315 1161 terris
2347 1122 2580 1178 quoque
2610 1105 2784 1162 cultis
2813 1110 2869 1161 et
2899 1104 3165 1174 incultis;
3191 1106 3249 1160 in
3273 1103 3607 1162 Cesentiaco

1955 1212 2230 1250 mansum
2262 1212 2478 1264 unum;
2503 1195 2562 1250 in
2582 1194 2858 1267 Emprani
2879 1193 3032 1250 Villa
3053 1199 3107 1250 et
3125 1193 3452 1250 Concreciis
3473 1210 3611 1266 quc-

1957 1285 2098 1357 quid
2129 1303 2196 1340 ex
2225 1284 2354 1357 ipsa
2381 1289 2666 1357 potestate
2698 1284 2900 1340 haberi
2932 1284 3286 1353 dinoscitur;
3313 1283 3372 1338 in
3395 1284 3610 1340 Sancta

1956 1374 2161 1442 Maria,
2195 1391 2372 1446 super
2400 1377 2645 1429 stratam
2678 1391 2954 1430 mansum
2987 1390 3202 1442 unum;
3235 1373 3296 1428 in
3318 1371 3608 1445 Spotmeri

1955 1463 2107 1519 Villa
2136 1480 2410 1518 mansum
2443 1481 2659 1532 unum;
2692 1463 2752 1518 in
2786 1463 3114 1536 Magnerias
3145 1479 3384 1518 mansos
3405 1466 3523 1518 tres
3553 1464 3611 1518 et

1958 1552 2299 1621 dimidium;
2331 1553 2391 1607 in
2425 1553 2641 1609 Gondri
2663 1553 2814 1608 Villa
2840 1569 3078 1608 mansos
3105 1568 3203 1608 vm
3225 1567 3360 1607 cum
3383 1549 3608 1622 brogilo

1957 1646 2015 1698 et
2043 1642 2255 1714 pratis;
2291 1642 2348 1697 in
2381 1642 2594 1715 Cepido
2625 1659 2900 1698 mansum
2932 1658 3147 1710 unum;
3189 1640 3248 1696 in
3299 1638 3607 1696 Fontinido

1957 1748 2230 1787 mansum
2261 1748 2467 1799 unum,
2501 1748 2636 1787 cum
2667 1731 2897 1787 duobus
2929 1729 3227 1802 aripennis
3257 1729 3329 1784 de
3360 1732 3525 1802 prato
3545 1727 3608 1783 in

1953 1821 2165 1876 Villeta
2194 1820 2667 1892 conjacentibus;
2701 1819 2760 1875 in
2803 1819 3002 1876 Levesi
3035 1819 3186 1874 Villa
3216 1834 3402 1873 unum
3434 1833 3607 1872 man-

1954 1927 2117 1978 sum;
2153 1909 2212 1964 in
2235 1910 2505 1966 Wadreio
2555 1909 2918 1982 quartarium
2968 1925 3186 1976 unum;
3221 1907 3280 1962 in
3323 1906 3608 1962 Teuvasio

1955 2017 2228 2055 mansum
2262 2015 2477 2066 unum;
2511 1999 2570 2053 in
2599 1997 2783 2053 Vallis
2805 2014 3079 2053 mansum
3101 2013 3306 2059 unum,
3326 2012 3460 2052 cum
3483 2013 3611 2068 pra-

1952 2089 2048 2154 tis,
2085 2088 2383 2160 aripenuis
2415 2087 2637 2144 scilicet
2668 2105 2901 2154 novem;
2937 2085 2998 2142 in
3030 2090 3228 2142 monte
3259 2084 3450 2142 Otrico
3482 2101 3609 2140 mo-

1954 2177 2258 2232 lcndinum
2287 2195 2494 2241 unum,
2514 2194 2646 2232 cum
2673 2175 2970 2250 aripennis
2993 2177 3063 2231 de
3095 2180 3260 2247 prato
3292 2175 3522 2243 decem;
3547 2173 3608 2229 in

1955 2265 2183 2322 Mandri
2213 2265 2367 2320 Villa
2400 2282 2675 2320 mansum
2708 2282 2926 2333 unum;
2960 2265 3020 2319 in
3043 2263 3311 2320 Lotdreio
3334 2279 3609 2318 mansum

1955 2372 2311 2422 unum,cum
2338 2353 2671 2410 molendino
2696 2372 2844 2421 uno;
2869 2354 2926 2409 in
2952 2355 3181 2410 Bertoni
3204 2352 3420 2408 Villare
3441 2369 3612 2424 quar-

1954 2445 2166 2500 tarium
2204 2461 2418 2512 unum;
2453 2443 2514 2498 in
2546 2444 2738 2499 Saxna
2768 2442 3010 2510 Villa,in
3045 2443 3248 2498 eodem
3272 2458 3612 2515 pago,man-

1956 2551 2052 2590 sos
2082 2535 2153 2589 de
2182 2538 2336 2588 terra
2367 2534 2544 2602 duos;
2577 2533 2636 2587 in
2667 2550 2816 2605 pago
2847 2533 3212 2604 Stampense,
3232 2531 3292 2586 in
3323 2530 3460 2586 villa
3479 2548 3606 2604 qua:

1957 2623 2172 2680 dicitur
2188 2622 2819 2691 Malaredus,mansum
2842 2639 3054 2690 unum;
3078 2621 3137 2675 in
3160 2619 3418 2676 Dunensi
3437 2637 3606 2694 pago,

1957 2713 2014 2767 in
2045 2711 2182 2768 villa
2211 2729 2338 2785 quae
2369 2716 2608 2768 vocatur
2633 2711 3027 2784 Alpedagnus,
3060 2709 3381 2766 aecclesiam
3427 2725 3608 2764 unam

1958 2818 2088 2857 cum
2125 2802 2284 2856 omni
2306 2806 2462 2856 terra
2491 2818 2619 2874 quae
2651 2801 2914 2872 conjacet
2944 2799 3024 2856 ibi
3056 2817 3124 2856 ex
3154 2799 3284 2872 ipsa
3303 2801 3608 2871 potestate.

1958 2891 2038 2946 De
2069 2891 2403 2958 cetero,sub
2436 2889 2754 2962 pontiﬁcali
2786 2887 3385 2946 excommunicatione
3417 2890 3611 2942 aucto-

1959 2979 2128 3035 rabili
2159 2983 2217 3035 et
2256 2979 2646 3036 anathematis
2693 2977 3218 3050 condempnatione
3263 2974 3607 3043 inevitabili,

195 3064 274 3119 cit
303 3080 410 3136 per
440 3065 701 3121 medium
733 3065 982 3122 civitatis
1031 3084 1217 3139 usque
1265 3069 1334 3123 ad
1363 3055 1640 3135 murum;
1676 3067 1857 3122 altera
1885 3046 1927 3112 (ἶ
1956 3068 2409 3123 interminamus
2432 3073 2552 3123 tam
2577 3066 2962 3140 praesentibus
2986 3083 3163 3138 quam
3187 3064 3414 3121 cunctis
3451 3064 3614 3120 insu-

195 3153 406 3220 fronte,
437 3154 532 3209 via
564 3155 702 3210 foris
726 3159 953 3227 portam
977 3172 1102 3228 quae
1132 3157 1291 3212 vadit
1320 3157 1390 3212 ad
1425 3157 1620 3229 ipsum
1645 3174 1850 3212 mona-

196 3242 466 3298 sterium.
499 3243 1004 3299 Commutavimus
1034 3244 1228 3310 etiam,
1247 3263 1350 3317 pro
1372 3249 1524 3300 terra
1544 3262 1720 3316 quam
1755 3245 1853 3300 ha-

197 3330 414 3386 bebant
446 3330 504 3386 in
537 3329 664 3387 loco
691 3331 1050 3402 Belmontus,
1084 3333 1319 3388 alodum
1345 3334 1852 3406 Oidolonis,juxta

197 3437 376 3492 supra
403 3419 776 3476 terminatam
809 3426 1023 3477 terram
1053 3421 1110 3476 in
1143 3423 1271 3494 ipsa
1301 3423 1550 3489 civitate,
1571 3429 1704 3480 ante
1727 3441 1852 3496 por-

195 3512 317 3564 tam
343 3509 589 3565 claustri
621 3510 817 3566 Sancti
849 3510 1020 3580 Petri,
1055 3511 1114 3566 in
1144 3511 1236 3567 via
1275 3529 1400 3585 quae
1431 3512 1604 3585 vulgo
1637 3512 1852 3568 dicitur

198 3597 504 3666 Merdosa;
538 3603 768 3654 tantum
816 3599 900 3655 eis
950 3600 1318 3656 restituimus
1370 3603 1439 3656 de
1486 3605 1661 3669 terra,
1694 3603 1850 3659 unde

195 3692 411 3743 exeunt
433 3686 602 3743 solidi
620 3689 820 3744 decem
843 3693 899 3745 et
919 3695 1188 3757 octo,non
1218 3689 1388 3762 longe
1411 3708 1444 3745 a
1464 3691 1620 3746 fossa
1640 3690 1846 3764 Algisi,

193 3776 502 3832 vinearum
534 3776 844 3850 aripennos
873 3795 1003 3847 vm;
1037 3783 1251 3834 terram
1281 3791 1416 3834 vero
1462 3780 1534 3834 ad
1576 3779 1846 3852 plantan-

195 3866 361 3930 dum,
386 3866 561 3936 juxta
589 3866 1057 3933 aestimationem,
1086 3867 1371 3923 bonuaria
1419 3872 1566 3924 octo.
1613 3869 1674 3924 In
1723 3869 1850 3941 ipso

195 3953 314 4010 situ
347 3955 598 4010 coenobii
632 3955 903 4011 dedimus
935 3955 1017 4012 eis
1038 3956 1274 4012 hortum
1307 3974 1440 4012 cum
1457 3975 1531 4013 xv
1551 3958 1851 4030 aripennis

193 4043 589 4110 vinearum,et
608 4061 724 4100 non
745 4043 915 4118 longe
937 4063 970 4101 a
1001 4045 1281 4102 Luceiaco
1305 4063 1579 4118 campum
1599 4064 1850 4104 vacuum

196 4133 268 4188 ad
331 4132 724 4205 plantandum
771 4151 882 4189 xxx
927 4133 1258 4207 aripennos.
1292 4137 1467 4191 Facta
1515 4141 1604 4191 est
1650 4141 1849 4193 autem

195 4220 582 4277 commutatio
613 4222 766 4278 inter
787 4223 1096 4280 canonicos
1128 4224 1351 4280 Sancta:
1384 4223 1576 4280 Mariae
1616 4229 1674 4280 et
1722 4243 1852 4282 mo-

194 4311 424 4367 nachos
454 4311 649 4366 Sancti
684 4311 834 4368 Petri
863 4329 968 4368 :ex
996 4312 1258 4368 ecclesiis
1282 4312 1544 4386 ipsorum
1567 4315 1854 4370 dederunt

194 4417 414 4474 nempe
443 4401 708 4456 canonici
739 4401 964 4457 Sancta
995 4401 1188 4458 Mariae
1218 4402 1540 4458 mcclesiam
1574 4403 1701 4459 Ursi
1733 4404 1850 4459 Vil-

191 4489 338 4545 laris
370 4506 509 4545 cum
543 4507 658 4545 uno
688 4490 966 4563 aripenno
999 4491 1068 4547 de
1097 4495 1254 4546 terra
1302 4492 1373 4548 ad
1420 4491 1609 4566 ipsam
1657 4492 1851 4549 aaccle-

192 4579 345 4635 siam
381 4578 792 4651 pertinentem,
827 4584 885 4635 et
913 4585 1261 4653 acceperunt
1291 4580 1346 4635 in
1398 4580 1695 4638 Centriaeo
1740 4599 1851 4638 aec-

189 4668 440 4724 clesiam
472 4685 504 4723 e
531 4671 733 4724 contra
759 4685 892 4724 cum
919 4669 1070 4725 dote.
1103 4669 1384 4726 Dedimus
1414 4671 1590 4726 etiam
1639 4689 1707 4728 ex
1745 4689 1849 4745 po-

190 4761 408 4814 testate
439 4757 664 4813 Sanctaa
695 4757 910 4824 Mariae,
942 4757 1002 4813 in
1044 4758 1318 4830 praedicta
1349 4760 1674 4832 parrmchia
1720 4761 1851 4818 Ursi

190 4846 459 4916 Vlllaris,
519 4845 912 4903 Germinionis
967 4847 1178 4903 Villam
1233 4847 1293 4902 in
1351 4865 1499 4922 pago
1572 4850 1848 4918 Dunensi,

195 4953 332 4994 cum
365 4953 479 4992 xxx
511 4936 734 5008 mansis
765 4936 939 4993 cultis
967 4941 1024 4992 et
1053 4935 1310 4992 incultis.
1345 4937 1406 4992 In
1441 4955 1587 5011 pago
1619 4955 1852 5012 quoque

197 5024 546 5082 Carnotensi
563 5025 835 5082 dedimus
853 5025 1173 5081 aecclésiam
1191 5042 1317 5097 quea
1335 5026 1550 5081 dicitur
1573 5027 1853 5084 Immonis

198 5114 354 5170 Villa
370 5131 508 5170 cum
527 5130 733 5170 novem
755 5114 978 5170 mansis
995 5117 1052 5170 et
1067 5114 1338 5183 dimidio;
1364 5113 1584 5171 accelesi
1593 5134 1685 5172 am
1709 5135 1854 5190 quo—

199 5222 316 5278 que
332 5204 406 5260 de
425 5203 614 5259 Alona
635 5203 906 5261 dedimus
926 5220 1061 5260 cum
1083 5203 1270 5260 tribus
1290 5205 1513 5260 mansis
1535 5210 1590 5261 et
1611 5205 1854 5262 dimidio

201 5295 272 5349 ad
305 5310 438 5350 eam
470 5292 858 5366 pertinentes;
891 5292 1031 5348 item
1063 5292 1344 5366 capellam
1377 5295 1572 5349 Sancti
1606 5294 1855 5351 Victoris

200 5383 260 5438 in
290 5381 433 5439 villa
463 5399 596 5454 qua:
625 5381 840 5438 dicitur
868 5381 1098 5438 Vernus
1128 5396 1264 5437 cum
1297 5380 1628 5440 molendino
1655 5389 1859 5450 uno,et

201 5475 331 5544 post
359 5471 594 5529 obitum
625 5471 814 5528 Odulti
844 5475 1028 5529 totam
1060 5469 1289 5538 villam;
1323 5469 1462 5526 item
1484 5473 1769 5544 capellam
1795 5473 1856 5529 in

1959 3174 2062 3229 per
2088 3156 2350 3212 venturis
2375 3155 2590 3212 seculis
2614 3157 2920 3223 futuris,ut
2947 3171 3116 3210 nemo
3139 3152 3611 3219 antistitum,cle-

1958 3245 2209 3302 ricorum
2235 3263 2338 3300 seu
2361 3244 2641 3300 laicorum
2664 3245 2992 3310 nullus,eos
3009 3243 3068 3298 in
3086 3243 3244 3298 omni
3267 3242 3612 3298 molestetur

1959 3335 2218 3408 negocio,
2253 3352 2365 3389 non
2397 3333 2456 3388 in
2489 3333 2772 3407 exigendo
2796 3333 3054 3388 decimas
3076 3336 3132 3388 et
3153 3331 3434 3398 circadas,
3459 3347 3608 3403 quas

1959 3424 2054 3480 alii
2089 3429 2321 3496 paratas
2353 3423 2684 3490 nominant,
2720 3440 2835 3478 non
2869 3422 2927 3476 in
2975 3427 3264 3478 terrarum
3312 3419 3612 3476 invasione

1959 3513 2121 3568 nulla
2151 3513 2431 3568 secularis
2463 3511 2768 3584 dignitatis
2813 3511 3077 3579 ambitio,
3109 3512 3237 3582 ejus
3281 3509 3608 3581 potestatis,

1959 3602 2225 3658 homines
2257 3601 2606 3675 distringere
2634 3604 2970 3673 praesumat,
3005 3617 3120 3655 non
3169 3599 3459 3665 thelonea,
3494 3615 3611 3654 non

1959 3691 2119 3746 freda
2147 3695 2508 3762 extorquere,
2546 3707 2661 3745 non
2693 3689 2988 3762 quaslibet
3034 3687 3121 3744 vel
3174 3687 3452 3744 minimas
3497 3685 3612 3744 sibi

1959 3796 2318 3852 suorumque
2347 3777 2721 3835 servientium
2752 3779 3020 3850 inrogare
3040 3776 3317 3849 injurias;
3342 3776 3485 3849 quin
3509 3793 3613 3848 po-

1959 3869 2327 3935 tius,remota
2359 3868 2766 3940 inquietudine
2789 3863 3610 3937 sollicitudinis,tranquillam

1958 3957 2019 4012 in
2051 3958 2150 4014 Dei
2185 3957 2416 4014 servitio
2449 3962 2507 4013 et
2545 3956 2606 4011 in
2657 3956 3000 4012 monachico
3049 3955 3346 4029 proposito
3393 3955 3613 4009 ducant

1956 4047 2158 4113 vitam,
2189 4063 2498 4112 memores,
2528 4045 2689 4102 omni
2739 4050 3020 4118 tempore,
3077 4043 3262 4100 nostri
3322 4043 3612 4114 nobisque

1960 4136 2288 4193 commissae
2319 4135 2590 4191 incelesize
2621 4135 2772 4192 inter
2803 4152 3046 4192 suorum
3095 4139 3214 4189 tam
3251 4132 3612 4206 privatarum

1961 4243 2136 4298 quam
2170 4229 2228 4280 et
2258 4224 2661 4281 communium
2683 4229 2818 4280 vota
2843 4225 3196 4280 orationum.
3220 4221 3382 4288 Quod
3406 4221 3452 4278 si
3477 4221 3612 4293 quis

1960 4314 2054 4370 his
2076 4314 2506 4386 episcopalibus
2526 4314 2774 4370 decretis
2796 4313 3028 4368 obviare
3049 4310 3491 4385 praesumpserit
3513 4313 3614 4365 aut

1881 4419 1928 4483 D
1961 4403 2126 4459 irrita
2155 4405 2364 4469 facere,
2397 4407 2622 4458 aeterna:
2654 4401 3086 4459 maledictionis
3118 4400 3486 4458 confodiatur
3516 4399 3614 4469 ja-

1959 4493 2108 4548 culis
2133 4497 2189 4549 et
2217 4509 2352 4549 cum
2383 4492 2537 4548 Juda
2566 4492 3063 4565 proditore,Anna
3092 4493 3150 4546 et
3179 4488 3417 4560 Caipha,
3435 4491 3612 4558 atque

1962 4583 2144 4638 Pilato
2177 4587 2252 4650 et,
2285 4581 2471 4654 capite
2519 4598 2721 4637 eorum
2771 4579 3022 4647 diabolo,
3074 4577 3366 4651 ρει-κοιναὶ
3411 4593 3613 4650 pinnas

1961 4676 2252 4746 perpetuae
2281 4669 2734 4743 dampnationis,
2771 4667 3194 4742 gebennalibus
3238 4665 3610 4738 deputandus

1963 4759 2356 4826 flammis,nisi
2375 4759 2685 4831 resipuerit
2703 4762 2760 4814 et
2781 4759 2853 4814 ab
2871 4758 2982 4813 hac
3004 4755 3326 4812 intentione
3348 4755 3611 4810 animum

1959 4848 2326 4906 revocaverit.
2361 4847 2433 4903 Ut
2478 4853 2672 4903 autem
2721 4847 2902 4919 hujus
2951 4845 3236 4919 privilegii
3296 4842 3614 4900 auctoritas

1960 4937 2363 4994 inconvulsam
2397 4935 2812 5008 perpetualiter
2841 4936 3102 4991 obtineat
3123 4933 3613 4998 ﬁrmitatem,tam

1965 5031 2161 5082 nostra
2174 5043 2350 5097 quam
2365 5025 2840 5098 coepiscoporum
2855 5025 3128 5080 manibus
3142 5021 3618 5080 subterroboran-

1963 5117 2099 5171 dam
2125 5113 2507 5170 decrevimus.
2551 5117 2759 5170 Actum
2788 5114 3052 5170 Cernetis
3083 5113 3336 5179 civitate,
3360 5107 3618 5184 publice.

1965 5203 2386 5277 Ragenfredus,
2403 5203 2668 5260 Carnotis
2700 5202 2948 5258 civitatis
2968 5200 3397 5277 praesul,hujus
3424 5201 3625 5254 aucto-

1966 5292 2156 5349 ritatis
2173 5293 2448 5367 paginam
2468 5293 2724 5349 firmavit
2745 5311 2810 5348 ac
2833 5291 3140 5348 roboravit.
3165 5288 3622 5356 Hildemannus,

1966 5381 2440 5455 archiepiscopus
2471 5382 2846 5439 Senonensis.
2881 5381 3178 5446 Graull‘us,
3211 5379 3393 5434 abbas
3431 5379 3631 5437 sancti

1967 5471 2237 5528 Carauni.
2288 5469 2610 5541 Arduinus,
2661 5469 3048 5529 archielavus.
3082 5466 3454 5536 Teodericus,
3488 5480 3641 5536 ρω-
