3988 6072
416 251 530 310 231

419 471 594 540 Gizei,
614 488 749 528 cum
782 470 1006 527 mensis
1023 489 1136 538 xvx,
1161 487 1292 527 cum
1317 471 1490 527 terris
1521 470 1694 526 cultis
1715 475 1770 526 et
1803 470 2062 538 incultis,

417 559 716 632 hospiciis,
742 561 946 632 pratis,
967 559 1174 627 vineis,
1189 559 1358 633 aquis
1379 576 1782 634 aquarumque
1804 559 2064 616 decursi-

417 650 558 718 bus;
591 649 651 705 in
682 649 795 706 alio
828 649 1216 722 quoque-loco
1247 651 1942 724 quandam'potestatem,
1963 667 2062 706 vo-

415 738 625 795 sabulo
659 739 1079 806 Fontenedum,
1113 755 1246 794 eum
1278 739 1522 795 ecclesia
1547 740 1606 795 in
1653 741 1857 797 eadem
1904 745 2061 811 pote-

417 833 565 886 state
597 827 803 901 posita,
828 843 964 884 cum
1013 827 1343 900 masingilis
1373 829 1522 897 (114)
1553 832 1608 884 et
1637 827 1912 896 vineis,et
1927 845 2060 884 cum

417 915 575 972 omni
609 915 939 988 integritate
969 916 1041 972 ad
1075 915 1272 987 ipsum
1324 915 1676 988 pertinente;
1710 921 1768 973 et
1819 917 1958 972 item
2001 916 2062 973 in

417 1003 726 1074 alio-loco,
761 1004 819 1059 in
875 1002 1012 1059 villa
1067 1019 1216 1075 qua,
1251 1003 1452 1076 lingua
1503 1004 1741 1072 rustica,
1783 1006 2062 1061 nomina-

414 1097 512 1150 tur
535 1093 773 1164 Limais,
806 1093 1452 1165 quantumcumque-ad
1475 1109 1579 1150 'me
1613 1093 1843 1150 videtur
1888 1093 2062 1167 perti-

415 1199 572 1238 nere.
605 1181 756 1237 Sunt
783 1183 981 1236 autem
1025 1180 1278 1252 praefatae
1327 1197 1419 1236 res
1465 1181 1522 1235 in
1572 1197 1720 1254 pago
1757 1181 2062 1240 Velcasino

395 1271 602 1343 super
625 1270 868 1327 ﬂuvium
918 1270 1221 1342 Sequanae.
1257 1269 1387 1326 Haec
1435 1271 1655 1338 omnia,
1695 1276 1757 1326 ut
1799 1272 2061 1344 praeeri-

405 1365 583 1433 ptum
611 1365 722 1425 est,
743 1359 918 1414 trado
951 1363 1007 1414 et
1035 1357 1315 1414 traditum
1347 1375 1476 1415 esse
1504 1359 1632 1416 volo
1659 1359 1720 1415 in
1752 1366 2063 1433 perpetuas

404 1447 786 1505 mternitates.
821 1448 880 1504 Si
930 1447 1064 1518 quis
1090 1464 1225 1504 vero
1256 1453 1458 1504 contra
1478 1448 1638 1505 hanc
1686 1450 2062 1508 donationem

416 1543 676 1594 nostram
735 1537 931 1610 (quod
969 1537 1178 1605 absit)
1235 1537 1432 1592 venire
1501 1541 1602 1592 aut
1667 1554 1796 1593 eam
1855 1537 2062 1593 infrin-

411 1644 549 1701 gere
580 1626 968 1699 temptaverit,
999 1631 1099 1680 aut
1129 1625 1387 1696 aliquam
1437 1625 1648 1681 inferre
1683 1626 2060 1696 calumniam;

409 1715 514 1772 Dei
545 1714 961 1788 omnipotentis
985 1713 1450 1786 indignationem
1499 1713 2058 1787 inrecuperabiliter,

399 1804 528 1860 nisi
555 1803 668 1860 cito
700 1803 1028 1877 resipuerit,
1060 1803 1322 1858 incurrat
1350 1806 1406 1858 et
1435 1802 1785 1860 aeternaliter
1815 1804 2063 1860 inferna-

410 1894 569 1951 libus
599 1894 946 1951 detrudatur
975 1891 1350 1960 cruciatibus,
1375 1892 1474 1949 ubi
1504 1893 1720 1950 vermis
1763 1893 1863 1966 qui
1905 1911 2059 1949 nun-

411 2000 592 2056 quam
623 1983 873 2039 moritur
912 1983 1040 2053 ejus
1079 1983 1358 2038 conrodat
1404 1999 1628 2049 carnes,
1661 1987 1719 2038 et
1767 1983 1920 2056 ignis
1961 1983 2060 2054 qui

409 2089 716 2145 nunquam
741 2071 1108 2144 extinguitur
1135 2071 1264 2142 ejus
1292 2087 1525 2143 semper
1555 2076 1826 2143 pascatur
1846 2072 2062 2128 crucia-

410 2163 592 2220 tibus.
627 2161 700 2218 Ut
729 2166 922 2217 autem
955 2161 1077 2216 haec
1108 2159 1343 2216 donatio
1375 2159 1768 2216 inviolabilem
1804 2161 2062 2217 obtineat

411 2252 772 2318 ﬁrmitatem,
809 2249 1082 2305 manibus
1114 2249 1364 2320 propriis
1407 2265 1534 2304 eam
1585 2250 1970 2319 ﬁrmavimus,
2005 2257 2062 2307 et

408 2341 674 2396 ﬁdelium
709 2344 1040 2394 nostrorum
1082 2337 1353 2392 manibus
1383 2338 1771 2394 roborandam
1804 2340 2058 2396 decrevi-

411 2447 568 2486 mus.
606 2431 668 2485 ln
717 2427 876 2486 calce
924 2443 1156 2500 quoque
1209 2425 1388 2498 hujus
1445 2427 1744 2500 scripturae
1787 2427 2059 2486 intimare

406 2518 564 2576 volui
625 2516 783 2590 quia,
817 2515 969 2572 sicut
1017 2533 1119 2588 pro
1157 2515 1358 2572 anima
1405 2533 1535 2572 mea
1577 2517 1776 2572 omnia
1815 2519 2061 2591 praefata

407 2608 642 2665 Christe
688 2610 746 2662 et
791 2607 959 2662 beato
1018 2605 1182 2661 Petro
1229 2605 1490 2678 apostolo
1534 2607 1837 2662 monachis
1870 2607 2058 2664 famu-

408 2696 692 2762 lantibus,
722 2694 783 2751 in
831 2711 1032 2751 eorum
1080 2693 1306 2760 usibus,
1341 2694 1621 2763 concessi,
1671 2695 1753 2750 ita
1782 2713 1884 2768 pro
1931 2697 2058 2752 ani-

409 2802 512 2844 ma
566 2784 750 2858 patris
804 2784 917 2840 mei
970 2782 1276 2851 Heirberti,
1310 2784 1637 2840 Trecassini
1688 2785 1920 2842 comitis
1957 2787 2057 2856 qui

415 2874 593 2931 michi
625 2873 894 2947 praefatas
920 2889 1012 2928 res
1037 2871 1097 2926 in
1123 2871 1505 2928 hereditatem
1536 2873 1695 2930 dedit
1719 2879 1892 2947 atque
1921 2891 2057 2932 con-

414 2959 611 3020 cessit.

488 3052 668 3108 «'Odo
701 3067 915 3108 comes.
944 3050 1130 3123 Hugo,
1163 3055 1378 3106 sancta:
1423 3050 1806 3124 Biturigensis
1857 3051 2053 3109 accele-

409 3141 512 3204 size
541 3120 1212 3214 archiepiscopusiOdo,
1247 3120 1882 3214 Carnotensisiprzesul.
1915 3143 2052 3198 Led-
2085 3120 2129 3188 (ἶ

411 3231 610 3304 gardis
639 3229 960 3295 comitissa,
985 3243 1114 3300 quae
1145 3228 1265 3284 haec
1286 3228 1495 3302 largita
1524 3234 1632 3285 est.
1651 3231 1858 3286 Emma
1878 3231 2058 3286 comi-

411 3321 557 3376 tissa
583 3318 826 3374 Pictava:
866 3317 1049 3372 urbis.
1085 3316 1424 3373 Landricus.
1447 3317 1791 3391 Hilgaudus.
1837 3319 2061 3392 Sugge-

412 3406 557 3464 rius.
613 3407 925 3463 Rotrocus.
971 3405 1289 3460 Arduinus.
1336 3403 1642 3462 Ucbertus.
1693 3405 2056 3463 Fulcherius.

413 3493 1018 3566 Teudo.Widgerius.
1076 3493 1473 3549 Erembertus.
1529 3494 1694 3568 Hugo
1753 3495 1824 3552 de
1873 3496 2058 3564 Aloia,

413 3584 756 3642 Gelduinus.
787 3582 1187 3654 Avesgaudus.
1223 3582 1404 3638 Isaac.

485 3696 512 3725 ι(
547 3673 694 3729 Huic
725 3676 1000 3727 maternae
1033 3670 1331 3726 donationi
1363 3671 1578 3728 iccirdo
1611 3689 1716 3745 ego
1752 3675 2058 3746 llugo,pri-

411 3779 645 3820 morum
679 3760 906 3834 primus
934 3758 1332 3832 archiprzesul,
1365 3766 1423 3816 et
1453 3761 1573 3817 Odo
1605 3779 1800 3818 comes
1839 3763 2060 3819 ditissi-

414 3869 569 3918 mus,
603 3865 911 3907 assensum
968 3849 1350 3921 praebuimus,
1409 3854 1474 3905 ut
1525 3850 1754 3920 cotidie,
1807 3853 2060 3924 exceptis

413 3941 636 4006 feriatis
665 3937 1164 4010 diebus,psalmus
1196 3938 1364 3994 nobis
1387 3953 1420 3994 a
1442 3939 1720 3995 fratribus
1751 3942 2058 4013 prwnomi-

413 4030 534 4086 nati
565 4027 696 4096 loci,
729 4027 962 4094 Inclina,
997 4027 1248 4092 Domine,
1279 4043 1471 4082 aurem
1517 4036 1686 4094 tuam,
1721 4030 2062 4085 deeantetur

415 4125 472 4176 et
501 4117 782 4175 memoria
813 4116 996 4172 nostri
1029 4116 1264 4172 assidue
1295 4117 1397 4172 ﬁat
1426 4117 1486 4172 in
1507 4117 1715 4172 ofﬁciis
1743 4119 2059 4174 matutina-

414 4207 592 4276 libus,
625 4205 884 4279 quandin
917 4203 1262 4277 superstites
1307 4205 1654 4273 vixerimus;
1687 4212 1820 4278 post
1865 4224 2059 4263 exces-

415 4313 548 4354 sum
577 4311 714 4352 vero
743 4299 1075 4350 nostrorum
1106 4294 1504 4350 anniversaria
1552 4294 1677 4351 dies
1725 4301 2059 4352 nostrorum

413 4383 842 4444 ofﬁciosissime
873 4397 1008 4439 cum
1049 4382 1383 4455 antipbonis
1427 4387 1484 4439 et
1531 4385 1938 4457 responsoriis,
1971 4385 2060 4440 in-

1308 249 1543 312 P'A'ULI
1573 248 1652 310 ‘S.
1683 246 1934 310 "PETRI
1979 247 2514 311 CA’RNOTENSIS
2563 242 2940 312 MON‘ACHI.

416 381 1106 454 vulgartterﬂizei,1cum
1151 381 1534 439 villaeodem
1583 381 1864 438 vocabulo
1893 381 2070 437 dicta
2095 381 2150 448 Α

3691 245 3824 313 ’232

2729 371 3146 439 CAPITULUM
3171 371 3278 440 ’lX.

2172 471 2248 526 De
2277 469 2438 528 αἰοᾱο
2474 472 2534 527 in
2559 472 2796 528 Probata
2838 471 2994 527 Villa
3022 471 3823 547 a'Sanctimam'alibw-mpto.

2777 561 2869 629 (16
2897 561 3045 633 Aug.
3068 561 3221 628 979.)

2249 669 2276 698 α
2308 648 2425 720 Ego
2458 647 2514 704 in
2551 649 2652 705 Dei
2685 649 2920 705 nomine
2951 649 3290 722 Ledgardis,
3325 650 3706 707 devotissima
3735 655 3825 707 at-

2173 753 2287 809 que
2319 736 2664 794 ﬁdelissima
2696 737 3050 794 famularum
3074 738 3196 795 Dei.
3212 739 3426 795 Notum
3449 739 3525 796 sit
3546 739 3825 796 omnibus

2173 825 2504 882 orthodoxae
2536 830 2593 882 et
2622 826 2916 882 catholicae
2939 825 3211 884 zecclesiaa
3236 825 3691 900 ﬁdelibus,quod
3715 845 3824 902 ego

2172 915 2301 987 ipsa
2330 919 2384 970 et
2415 916 2681 987 quaedam
2715 915 2828 971 alia
2856 915 2972 972 Deo
3006 921 3252 984 sacrata,
3273 917 3508 973 nomine
3529 911 3824 984 Godele‘ia,

2172 1002 2351 1058 michi
2382 1008 2500 1058 tam
2528 1021 2766 1076 corpore
2817 1021 2994 1076 quam
3048 1005 3245 1061 anima
3273 1006 3607 1077 conjuncta,
3638 1023 3824 1078 quen-

2172 1093 2307 1148 dam
2341 1092 2598 1161 alodum,
2632 1093 3013 1149 conventione
3043 1093 3263 1161 habita,
3297 1093 3552 1151 emimus
3595 1111 3631 1150 a
3661 1089 3824 1168 lquo-

2172 1181 2309 1237 dam
2340 1182 2481 1250 viro,
2503 1181 2737 1238 nomine
2766 1181 3064 1250 0thberto,
3097 1187 3285 1239 totum
3315 1189 3374 1239 et
3404 1184 3474 1239 ad
3505 1183 3824 1258 integrum,

2158 1269 2460 1343 quidquid
2482 1272 2618 1342 jure
2641 1271 2988 1327 hereditario
3016 1275 3137 1327 tam
3169 1272 3241 1329 ab
3267 1272 3388 1329 avis
3410 1289 3588 1344 quam
3610 1273 3826 1328 attavis

2171 1358 2257 1414 illi
2279 1359 2621 1416 derelictum
2641 1363 2814 1432 atque
2836 1360 3148 1417 dimissum
3171 1361 3345 1432 est,in
3365 1360 3500 1417 villa
3520 1379 3646 1435 qua:
3667 1377 3828 1416 com-

2172 1448 2337 1504 muni
2368 1449 2649 1506 vocabulo
2681 1450 2930 1506 Probata
2957 1449 3110 1506 Villa
3138 1450 3376 1518 dicitur,
3408 1454 3600 1508 taxato
3649 1455 3827 1524 prout

2172 1543 2528 1610 oportunum
2561 1538 2670 1594 fuit
2697 1539 2910 1611 precio,
2945 1539 3002 1594 in
3035 1539 3315 1596 comitatu
3347 1526 3568 1596 scilicet
3606 1537 3825 1595 Carno-

2172 1627 2357 1696 tensi;
2390 1643 2458 1683 ea
2489 1628 2712 1683 ratione
2744 1635 2810 1684 ut
2838 1628 2910 1684 ab
2942 1628 3207 1700 ejusdem
3238 1645 3490 1701 persona
3517 1629 3730 1700 etjure
3762 1629 3824 1684 in

2173 1721 2458 1788 nostram,
2483 1717 2553 1772 ab
2577 1717 2860 1773 hodierna
2891 1715 2982 1772 die
3013 1716 3148 1774 etin
3181 1716 3475 1789 reliquum
3507 1718 3606 1773 aevi
3628 1717 3827 1773 termi-

2169 1823 2332 1874 num,
2357 1809 2618 1862 transeat
2648 1805 3110 1862 dominationem
3132 1811 3304 1878 atque
3334 1809 3699 1878 potestatem.
3719 1805 3827 1862 Est

2169 1899 2363 1950 autem
2387 1895 2508 1950 haec
2529 1895 2746 1968 emptio
2769 1893 2869 1950 tali
2891 1899 3088 1950 tenore
3104 1899 3161 1950 et
3183 1895 3482 1952 devotione
3503 1884 3823 1962 habita,ut,

2169 1985 2430 2057 quandiu
2457 1984 2804 2057 superstites
2835 1984 3141 2050 fuerimus,
3173 1983 3232 2039 in
3266 1988 3476 2040 nostra:
3505 1983 3824 2040 voluntatis

2169 2073 2551 2146 dispositione
2584 2078 2843 2141 maneat;
2871 2078 3003 2146 post
3032 2073 3454 2146 depositionem
3503 2090 3635 2129 vero
3685 2083 3824 2129 no‘s-

2168 2166 2341 2230 tram,
2375 2162 2432 2217 in
2469 2167 2752 2235 potestate
2783 2167 2840 2218 et
2869 2162 3130 2218 dominio
3162 2163 3358 2218 Sancti
3391 2162 3564 2231 Petri,
3597 2163 3656 2217 in
3689 2159 3828 2218 sub-

2169 2251 2336 2307 urbio
2367 2250 2628 2307 Carnotis
2659 2250 2981 2322 constituti,
3015 2257 3071 2307 et
3103 2251 3349 2306 fratrum
3382 2250 3528 2307 inibi
3579 2255 3686 2306 Deo
3736 2251 3822 2306 fa-

2169 2339 2542 2404 mulantium,
2576 2357 2710 2396 cum
2760 2341 2920 2396 omni
2972 2340 3306 2413 integritate
3350 2344 3409 2396 et
3439 2340 3661 2413 absque
3697 2338 3826 2396 ulla

2168 2428 2434 2502 opposita
2464 2447 2713 2501 persona
2737 2429 2846 2486 huc
2895 2428 3304 2495 calumnianti,
3337 2433 3601 2484 transeat
3645 2433 3825 2501 atque

2168 2517 2467 2574 dirivetur.
2502 2518 2661 2574 Hanc
2683 2523 2876 2575 autem
2905 2522 3150 2584 certam,
3172 2523 3237 2573 ut
3267 2517 3492 2574 ﬁrmior
3519 2517 3825 2590 veriorque

2169 2608 2646 2675 credatur,manu
2668 2606 2902 2680 propria
2919 2608 3309 2679 manibusque
3324 2605 3585 2662 ﬁdelium
3608 2612 3823 2663 sanctae

2167 2695 2269 2752 Dei
2290 2696 2558 2752 ecclesiae
2583 2697 2841 2753 roborari
2889 2695 3153 2752 fecimus.
3179 2699 3384 2752 Actum
3403 2694 3684 2762 Cernetis,
3708 2713 3824 2768 pu-

2168 2784 2474 2842 blice.0do
2507 2803 2721 2842 comes.
2748 2786 3043 2841 Conamus
3074 2801 3269 2840 comes
3309 2784 3638 2840 Britanniae.
3664 2785 3822 2840 Lan-

2166 2875 2384 2930 drieus.
2416 2874 2734 2931 Arduinus.
2762 2874 3111 2931 Rodbertus.
3150 2873 3609 2930 Erchembaldus
3652 2872 3821 2930 cleri-

2166 2982 2288 3021 cus.
2325 2965 2648 3021 Teduinus.
2669 2965 2814 3021 Data
2843 2983 2913 3021 xv
2942 2965 3234 3022 Kalendas
3266 2964 3646 3038 Septembris,
3665 2981 3822 3021 anno

2163 3071 2272 3110 xxv
2302 3054 2466 3128 regni
2497 3053 2774 3111 Clotharii
2805 3055 2978 3128 regis.
3015 3077 3043 3104 »

2736 3141 3152 3199 CAPITULUM
3192 3141 3258 3198 X.

2237 3232 2314 3288 De
2343 3249 2398 3288 v1
2429 3232 2714 3304 aripenm's
2735 3233 2913 3288 vinea?
2933 3230 3078 3286 beati
3093 3230 3417 3304 Sigemundi
3433 3229 3744 3304 presbiteri.

2826 3321 2982 3391 (Feb.
3013 3319 3166 3388 981.)

2242 3433 2270 3460 «
2305 3410 2367 3465 In
2399 3410 2548 3479 (115)
2579 3409 2815 3464 nomine
2837 3407 3323 3480 Cunctipotentis.
3349 3405 3823 3480 Fulcherius,qui

2170 3499 2466 3554 abbatiam
2497 3498 2695 3554 Sancti
2720 3497 2974 3565 Leobini,
3009 3515 3136 3570 quae
3169 3502 3256 3554 est
3285 3497 3344 3553 in
3378 3495 3662 3554 suburblo
3684 3493 3824 3553 Car-

2169 3586 2344 3654 notis,
2381 3605 2481 3659 per
2509 3586 2878 3659 largitionem
2911 3585 3160 3642 senioris
3193 3585 3305 3642 mei
3336 3585 3552 3642 Odonis
3589 3586 3824 3643 comitis

2170 3680 2364 3731 tenere
2377 3676 2594 3742 videor,
2613 3679 2815 3731 notum
2838 3692 2964 3730 esse
2986 3674 3112 3730 volo
3135 3674 3362 3731 cunctis
3383 3673 3825 3732 successoribus

2170 3764 2318 3820 meis
2348 3764 2598 3836 qualiter
2627 3763 2937 3836 aripennos
2964 3780 3022 3819 vx
3055 3769 3111 3819 et
3139 3762 3395 3839 amplius
3426 3763 3497 3819 de
3533 3763 3722 3831 vinea,
3755 3780 3828 3819 ex

2170 3859 2453 3926 potestate
2483 3852 2802 3925 supradicti
2829 3853 3025 3908 Sancti
3045 3853 3306 3919 Leobini,
3322 3853 3679 3925 Sigemundo
3700 3869 3829 3926 pre-

2170 3942 2572 4010 sbiterio,cum
2605 3941 2836 3997 duobus
2869 3941 3142 3997 monachi
3173 3940 3370 3998 Sancti
3396 3939 3746 4009 Petri,Petro
3766 3946 3826 3997 et

2169 4031 2466 4100 Durando,
2483 4049 2585 4104 per
2617 4031 3008 4087 manuﬁrman
3031 4030 3381 4086 censualiter
3396 4029 3821 4086 concessimus.

2170 4120 2549 4176 Terminatur
2569 4137 2636 4176 ex
2667 4121 2896 4175 duabus
2919 4119 3186 4192 partibus
3208 4120 3279 4176 de
3301 4119 3429 4192 ipsa
3449 4122 3827 4192 potestate,et

2169 4209 2241 4264 de
2271 4208 2402 4264 aliis
2428 4209 2695 4282 partibus
2711 4207 2821 4264 viis
2843 4208 3116 4280 publicis.
3143 4209 3247 4265 Per
3276 4207 3426 4266 hanc.
3457 4225 3588 4265 vero
3628 4207 3824 4280 cogni.

2169 4298 2387 4353 tionem
2414 4297 2494 4354 ita
2518 4298 2602 4354 eis
2632 4299 2703 4354 ad
2735 4315 2976 4353 censum
3009 4295 3405 4364 concedimus,
3438 4301 3504 4354 ut
3533 4296 3684 4353 hanc
3703 4301 3825 4353 ter-

2170 4403 2296 4442 ram
2329 4386 2575 4442 ﬁrmiter
2603 4389 2840 4442 teneant
2860 4391 2916 4442 et
2937 4385 3358 4458 possideant,et
3378 4384 3548 4442 annis
3568 4381 3824 4458 singulis

409 4473 711 4548 terpositis
742 4471 1090 4528 lectionibus
1117 4471 1649 4528 eonsuetudinariis
1667 4477 1723 4528 et
1743 4473 2059 4530 missarum
2093 4490 2139 4554 Ι)
2170 4476 2228 4530 in
2261 4475 2570 4532 festivitate
2589 4474 2776 4530 sancti
2802 4474 3194 4548 Leobini,quae
3216 4480 3305 4531 est
3323 4476 3576 4549 septimo
3594 4475 3824 4532 decimo

415 4561 840 4638 psollempniis,
876 4561 1218 4618 celebretur.
1248 4561 1417 4616 Adsit
1438 4560 1613 4617 etiam
1643 4579 1745 4634 pro
1779 4563 1947 4618 nobis
1977 4562 2061 4618 la-

416 4651 761 4709 borantibus
792 4650 1070 4706 fratribus
1089 4649 1361 4719 copiosus
1385 4648 1441 4702 in
1472 4647 1600 4704 cibo
1617 4654 1673 4704 et
1697 4655 1832 4721 potu
1857 4652 2060 4708 eadem

414 4740 511 4798 die
555 4745 891 4814 apparatus.
924 4739 996 4794 Et
1041 4737 1150 4793 hoc
1191 4736 1526 4793 memoriale
1572 4743 1841 4794 nostrum
1897 4739 2062 4797 nulla

415 4829 700 4888 oblivione
729 4827 1012 4891 deleatur,
1045 4826 1188 4880 dum
1223 4823 1337 4881 duo
1384 4825 1591 4882 fratres
1638 4828 2062 4900 supervixerint

413 4919 474 4975 in
504 4917 876 4993 generatione
923 4914 1386 4987 generationum,
1421 4919 1555 4971 ante
1602 4916 1786 4972 Deum
1834 4921 1891 4972 et
1933 4935 2064 4973 san-

414 5013 575 5064 ctum
608 5007 864 5070 Petrum,
898 5005 1164 5074 ejusdem
1221 5002 1331 5060 loci
1387 5005 1688 5060 custodem
1737 5009 1793 5061 et
1832 5011 2060 5078 protec-

413 5101 600 5153 torem
641 5093 1011 5150 continuum.
1047 5093 1194 5149 Data
1233 5092 1402 5149 nonis
1464 5093 1740 5150 februarii
1806 5095 1920 5164 die,
1973 5111 2060 5151 re-

414 5189 630 5258 gnante
663 5179 935 5238 Lothario
977 5198 1128 5255 rege,
1163 5199 1315 5238 anno
1363 5199 1514 5250 xxxv,
1549 5183 1909 5258 propiciante
1949 5185 2060 5241 Do-

413 5289 594 5330 mino.
628 5292 659 5321 υ

2171 4564 2448 4621 kalendas
2481 4563 2756 4632 octobris,
2787 4564 2847 4618 in
2878 4581 3118 4620 censum
3148 4564 3368 4621 solidos
3400 4581 3460 4621 ιιι
3485 4561 3758 4620 denarios
3789 4581 3826 4620 v

2169 4652 2535 4725 persolvant;
2568 4657 2626 4708 et
2657 4652 2704 4708 si
2735 4653 2804 4708 de
2833 4651 2943 4707 hoc
2973 4651 3334 4725 negligentes
3365 4649 3603 4718 fuerint,
3627 4651 3829 4725 legali-

2169 4746 2259 4798 ter
2287 4742 2618 4809 emendent,
2651 4745 2710 4796 et
2738 4739 2968 4796 vineam
3000 4757 3112 4796 non
3144 4740 3417 4813 perdant;
3450 4743 3539 4796 set
3568 4739 3828 4798 habeant

2169 4829 2466 4885 licentiam
2490 4828 2777 4886 vendendi
2795 4828 2884 4884 vel
2915 4828 3093 4884 dandi
3123 4829 3474 4902 cuicumque
3505 4827 3820 4894 voluerint,

2168 4920 2252 4976 ita
2285 4921 2348 4974 ut
2376 4918 2741 4974 venditiones
2774 4924 2830 4974 et
2849 4935 3061 4972 census
3083 4918 3154 4972 ad
3178 4917 3465 4974 seniorem
3484 4917 3826 4975 veniant.Ut

2171 5015 2365 5066 autem
2397 5008 2518 5064 haec
2549 5011 2710 5064 carta
2738 5006 2960 5062 ﬁrmior
2990 5007 3087 5074 sit,
3122 5023 3301 5062 manu
3324 5003 3557 5079 propria
3576 5023 3707 5062 eam
3731 5005 3826 5062 ﬁr-

2169 5096 2414 5163 mavi,et
2436 5096 2650 5152 seniori
2683 5111 2811 5152 meo
2839 5095 3086 5166 ejusque
3118 5094 3390 5151 ﬁdelibus
3423 5095 3821 5151 roborandam

2170 5184 2374 5241 obtuli.
2400 5187 2609 5240 Actum
2643 5182 2928 5251 Carnotis,
2961 5182 3213 5255 publice.
3259 5184 3382 5239 Odo
3428 5197 3644 5239 comes.
3692 5183 3823 5239 F‘ul—

2170 5273 2404 5332 cherius
2436 5273 2640 5330 abbas.
2669 5269 2968 5328 Vivianus.
3002 5265 3354 5353 Rodbertus.
3377 5272 3599 5329 Teudo.
3621 5269 3826 5330 EVrar-

638 5467 1038 5552 Massingelum
1082 5467 1259 5554 idem_
1285 5468 1518 5526 videtur
1563 5483 1631 5552 ac
1687 5467 2062 5544 Hasgmtlam,
2081 5471 2152 5530 de
2183 5485 2299 5544 quo
2325 5467 2458 5528 vide
2483 5467 2572 5526 Du
2600 5469 2812 5542 Gange,
2837 5465 3076 5527 Glossar.
3107 5466 3168 5527 in
3197 5465 3354 5527 vace.

615 5539 632 5613 )
665 5539 836 5600 Extat
859 5557 920 5599 in
953 5535 1092 5599 σαιι.
1127 5540 1350 5613 Chmt.,
1373 5543 1414 5596 t.
1438 5539 1589 5613 VIII,
1613 5545 1777 5613 tnst.,
1801 5541 1913 5600 col.
1930 5542 2059 5602 293.

511 5539 632 5614 115)
665 5539 836 5600 Extat
855 5535 920 5599 in
953 5535 1092 5599 σαιι.
1127 5540 1350 5614 (Ἀτθίδι,
1373 5543 1414 5596 t.
1438 5539 1589 5636 Vill,
1613 5538 1777 5615 inst.,
1797 5535 2059 5602 1:01.293.
