  <div class='ocr_page' id='page_1' title='image "/cluster/home/n/w/nwhite01/storage/ocr_20150623/155/hvd.32044054760137/120.png"; bbox 0 0 3968 6080; ppageno 0'>
   <div class='ocr_carea' id='block_1_1' title="bbox 173 245 268 304">
    <p class='ocr_par' dir='ltr' id='par_1_1' title="bbox 173 245 268 304">
     <span class='ocr_line' id='line_1_1' title="bbox 173 245 268 304; baseline 0 0"><span class='ocrx_word' id='word_1_1' title='bbox 173 245 268 304; x_wconf 75' lang='lat'><strong>233</strong></span> 
     </span>
    </p>
   </div>
   <div class='ocr_carea' id='block_1_2' title="bbox 1015 241 2597 306">
    <p class='ocr_par' dir='ltr' id='par_1_2' title="bbox 1015 241 2597 306">
     <span class='ocr_line' id='line_1_2' title="bbox 1015 241 2597 306; baseline 0.003 -5"><span class='ocrx_word' id='word_1_2' title='bbox 1015 243 1274 306; x_wconf 80' lang='lat' dir='ltr'><strong>VETUS</strong></span> <span class='ocrx_word' id='word_1_3' title='bbox 1324 244 1610 303; x_wconf 83' lang='lat' dir='ltr'><strong>AGANO.</strong></span> <span class='ocrx_word' id='word_1_4' title='bbox 1648 276 1718 284; x_wconf 66' lang='lat'><strong>—»</strong></span> <span class='ocrx_word' id='word_1_5' title='bbox 1753 241 1896 302; x_wconf 85' lang='lat' dir='ltr'><strong>LIB.</strong></span> <span class='ocrx_word' id='word_1_6' title='bbox 1943 242 2047 302; x_wconf 87' lang='lat' dir='ltr'><strong>lll.</strong></span> <span class='ocrx_word' id='word_1_7' title='bbox 2099 242 2597 306; x_wconf 78' lang='lat' dir='ltr'><strong>WIDBER&#39;I‘US.</strong></span> 
     </span>
    </p>
   </div>
   <div class='ocr_carea' id='block_1_3' title="bbox 3383 241 3502 302">
    <p class='ocr_par' dir='ltr' id='par_1_3' title="bbox 3383 241 3502 302">
     <span class='ocr_line' id='line_1_3' title="bbox 3383 241 3502 302; baseline -0.017 0"><span class='ocrx_word' id='word_1_8' title='bbox 3383 241 3502 302; x_wconf 68' lang='lat'><strong>234</strong></span> 
     </span>
    </p>
   </div>
   <div class='ocr_carea' id='block_1_4' title="bbox 172 371 3502 447">
    <p class='ocr_par' dir='ltr' id='par_1_4' title="bbox 172 371 3502 447">
     <span class='ocr_line' id='line_1_4' title="bbox 172 371 3502 447; baseline -0.001 -15"><span class='ocrx_word' id='word_1_9' title='bbox 172 377 272 432; x_wconf 84' lang='lat' dir='ltr'><strong>dus.</strong></span> <span class='ocrx_word' id='word_1_10' title='bbox 292 373 415 430; x_wconf 89' lang='lat' dir='ltr'><strong>Odo.</strong></span> <span class='ocrx_word' id='word_1_11' title='bbox 443 373 580 430; x_wconf 81' lang='lat' dir='ltr'><strong>Data</strong></span> <span class='ocrx_word' id='word_1_12' title='bbox 607 371 669 432; x_wconf 82' lang='lat' dir='ltr'><strong>in</strong></span> <span class='ocrx_word' id='word_1_13' title='bbox 704 389 905 430; x_wconf 86' lang='lat' dir='ltr'><strong>mense</strong></span> <span class='ocrx_word' id='word_1_14' title='bbox 937 373 1270 442; x_wconf 84' lang='lat' dir='ltr'><strong>Februario,</strong></span> <span class='ocrx_word' id='word_1_15' title='bbox 1300 392 1453 432; x_wconf 90' lang='lat' dir='ltr'><strong>anno</strong></span> <span class='ocrx_word' id='word_1_16' title='bbox 1482 391 1635 430; x_wconf 84' lang='lat' dir='ltr'><strong>xxvn</strong></span> <span class='ocrx_word' id='word_1_17' title='bbox 1670 391 1752 430; x_wconf 85' lang='lat' dir='ltr'><strong>rc-</strong></span> <span class='ocrx_word' id='word_1_18' title='bbox 1779 374 1832 440; x_wconf 78' lang='grc' dir='ltr'><strong>Α</strong></span> <span class='ocrx_word' id='word_1_19' title='bbox 1861 374 2062 430; x_wconf 86' lang='lat' dir='ltr'><strong>vinum</strong></span> <span class='ocrx_word' id='word_1_20' title='bbox 2090 377 2541 431; x_wconf 80' lang='lat' dir='ltr'><strong>venundaretur.</strong></span> <span class='ocrx_word' id='word_1_21' title='bbox 2565 375 2671 442; x_wconf 85' lang='lat' dir='ltr'><strong>Qui</strong></span> <span class='ocrx_word' id='word_1_22' title='bbox 2694 373 2907 447; x_wconf 89' lang='lat' dir='ltr'><strong>gaudio</strong></span> <span class='ocrx_word' id='word_1_23' title='bbox 2929 373 3127 444; x_wconf 82' lang='lat' dir='ltr'><strong>repleti</strong></span> <span class='ocrx_word' id='word_1_24' title='bbox 3159 374 3229 428; x_wconf 89' lang='lat' dir='ltr'><strong>ad</strong></span> <span class='ocrx_word' id='word_1_25' title='bbox 3262 374 3502 429; x_wconf 90' lang='lat' dir='ltr'><strong>domum</strong></span> 
     </span>
    </p>
   </div>
   <div class='ocr_carea' id='block_1_5' title="bbox 171 461 777 536">
    <p class='ocr_par' dir='ltr' id='par_1_5' title="bbox 171 461 777 536">
     <span class='ocr_line' id='line_1_5' title="bbox 171 461 777 536; baseline -0.012 -18"><span class='ocrx_word' id='word_1_26' title='bbox 171 465 245 536; x_wconf 87' lang='lat' dir='ltr'><strong>gni</strong></span> <span class='ocrx_word' id='word_1_27' title='bbox 273 462 515 518; x_wconf 87' lang='lat' dir='ltr'><strong>Clotharii</strong></span> <span class='ocrx_word' id='word_1_28' title='bbox 548 461 722 535; x_wconf 81' lang='lat' dir='ltr'><strong>regis.</strong></span> <span class='ocrx_word' id='word_1_29' title='bbox 751 485 777 511; x_wconf 83' lang='grc'><strong>››</strong></span> 
     </span>
    </p>
   </div>
   <div class='ocr_carea' id='block_1_6' title="bbox 223 551 1754 625">
    <p class='ocr_par' dir='ltr' id='par_1_6' title="bbox 223 551 1754 625">
     <span class='ocr_line' id='line_1_6' title="bbox 223 551 1754 625; baseline 0.001 -18"><span class='ocrx_word' id='word_1_30' title='bbox 223 551 304 608; x_wconf 84' lang='lat' dir='ltr'><strong>Hic</strong></span> <span class='ocrx_word' id='word_1_31' title='bbox 329 551 683 607; x_wconf 80' lang='lat' dir='ltr'><strong>beatissimus</strong></span> <span class='ocrx_word' id='word_1_32' title='bbox 715 551 804 606; x_wconf 90' lang='lat' dir='ltr'><strong>vir</strong></span> <span class='ocrx_word' id='word_1_33' title='bbox 828 551 1188 608; x_wconf 89' lang='lat' dir='ltr'><strong>Siemundus</strong></span> <span class='ocrx_word' id='word_1_34' title='bbox 1215 553 1382 624; x_wconf 90' lang='grc'>(116),</span> <span class='ocrx_word' id='word_1_35' title='bbox 1419 553 1476 608; x_wconf 94' lang='lat' dir='ltr'><strong>in</strong></span> <span class='ocrx_word' id='word_1_36' title='bbox 1510 552 1754 625; x_wconf 87' lang='lat' dir='ltr'><strong>prescri-</strong></span> 
     </span>
    </p>
   </div>
   <div class='ocr_carea' id='block_1_7' title="bbox 167 641 1752 713">
    <p class='ocr_par' dir='ltr' id='par_1_7' title="bbox 167 641 1752 713">
     <span class='ocr_line' id='line_1_7' title="bbox 167 641 1752 713; baseline 0.001 -17"><span class='ocrx_word' id='word_1_37' title='bbox 167 647 244 713; x_wconf 86' lang='lat' dir='ltr'><strong>pta</strong></span> <span class='ocrx_word' id='word_1_38' title='bbox 267 641 606 708; x_wconf 86' lang='lat' dir='ltr'><strong>manufirma,</strong></span> <span class='ocrx_word' id='word_1_39' title='bbox 632 657 834 696; x_wconf 84' lang='lat' dir='ltr'>secum</span> <span class='ocrx_word' id='word_1_40' title='bbox 863 641 1010 698; x_wconf 90' lang='lat' dir='ltr'><strong>duos</strong></span> <span class='ocrx_word' id='word_1_41' title='bbox 1032 642 1352 698; x_wconf 86' lang='lat' dir='ltr'><strong>monachos</strong></span> <span class='ocrx_word' id='word_1_42' title='bbox 1375 641 1570 698; x_wconf 83' lang='lat' dir='ltr'><strong>Sancti</strong></span> <span class='ocrx_word' id='word_1_43' title='bbox 1602 642 1752 698; x_wconf 91' lang='lat' dir='ltr'><strong>Petri</strong></span> 
     </span>
    </p>
   </div>
   <div class='ocr_carea' id='block_1_8' title="bbox 167 729 1758 804">
    <p class='ocr_par' dir='ltr' id='par_1_8' title="bbox 167 729 1758 804">
     <span class='ocr_line' id='line_1_8' title="bbox 167 729 1758 804; baseline 0.003 -19"><span class='ocrx_word' id='word_1_44' title='bbox 167 729 266 786; x_wconf 89' lang='lat' dir='ltr'><strong>ideo</strong></span> <span class='ocrx_word' id='word_1_45' title='bbox 287 747 472 802; x_wconf 87' lang='lat' dir='ltr'><strong>ponere</strong></span> <span class='ocrx_word' id='word_1_46' title='bbox 495 729 698 801; x_wconf 86' lang='lat' dir='ltr'><strong>voluit,</strong></span> <span class='ocrx_word' id='word_1_47' title='bbox 714 735 801 798; x_wconf 91' lang='lat' dir='ltr'><strong>ut,</strong></span> <span class='ocrx_word' id='word_1_48' title='bbox 819 731 866 786; x_wconf 90' lang='lat' dir='ltr'><strong>si</strong></span> <span class='ocrx_word' id='word_1_49' title='bbox 893 732 1038 788; x_wconf 87' lang='lat' dir='ltr'><strong>forte</strong></span> <span class='ocrx_word' id='word_1_50' title='bbox 1061 748 1220 787; x_wconf 90' lang='lat' dir='ltr'><strong>mors</strong></span> <span class='ocrx_word' id='word_1_51' title='bbox 1248 748 1382 788; x_wconf 90' lang='lat' dir='ltr'><strong>eum</strong></span> <span class='ocrx_word' id='word_1_52' title='bbox 1415 731 1758 804; x_wconf 70' lang='lat' dir='ltr'><strong>praeveniret</strong></span> 
     </span>
    </p>
   </div>
   <div class='ocr_carea' id='block_1_9' title="bbox 164 819 1755 893">
    <p class='ocr_par' dir='ltr' id='par_1_9' title="bbox 164 819 1755 893">
     <span class='ocr_line' id='line_1_9' title="bbox 164 819 1755 893; baseline 0.001 -18"><span class='ocrx_word' id='word_1_53' title='bbox 164 825 420 892; x_wconf 77' lang='lat' dir='ltr'><strong>antequam</strong></span> <span class='ocrx_word' id='word_1_54' title='bbox 441 823 637 876; x_wconf 85' lang='lat' dir='ltr'><strong>votum</strong></span> <span class='ocrx_word' id='word_1_55' title='bbox 662 819 906 876; x_wconf 86' lang='lat' dir='ltr'><strong>almiﬂui</strong></span> <span class='ocrx_word' id='word_1_56' title='bbox 930 820 1023 876; x_wconf 93' lang='lat' dir='ltr'><strong>sui</strong></span> <span class='ocrx_word' id='word_1_57' title='bbox 1047 821 1319 877; x_wconf 82' lang='lat' dir='ltr'><strong>desiderii</strong></span> <span class='ocrx_word' id='word_1_58' title='bbox 1348 820 1637 893; x_wconf 90' lang='lat' dir='ltr'><strong>complere</strong></span> <span class='ocrx_word' id='word_1_59' title='bbox 1661 838 1755 893; x_wconf 84' lang='lat' dir='ltr'><strong>po-</strong></span> 
     </span>
    </p>
   </div>
   <div class='ocr_carea' id='block_1_10' title="bbox 164 908 1753 982">
    <p class='ocr_par' dir='ltr' id='par_1_10' title="bbox 164 908 1753 982">
     <span class='ocr_line' id='line_1_10' title="bbox 164 908 1753 982; baseline -0.001 -17"><span class='ocrx_word' id='word_1_60' title='bbox 164 910 345 977; x_wconf 86' lang='lat' dir='ltr'><strong>tuisset,</strong></span> <span class='ocrx_word' id='word_1_61' title='bbox 365 908 557 964; x_wconf 83' lang='lat' dir='ltr'><strong>saltem</strong></span> <span class='ocrx_word' id='word_1_62' title='bbox 589 909 874 982; x_wconf 81' lang='lat' dir='ltr'><strong>quamdiu</strong></span> <span class='ocrx_word' id='word_1_63' title='bbox 899 909 1246 982; x_wconf 78' lang='lat' dir='ltr'><strong>superstites</strong></span> <span class='ocrx_word' id='word_1_64' title='bbox 1275 909 1372 965; x_wconf 86' lang='lat' dir='ltr'><strong>isti</strong></span> <span class='ocrx_word' id='word_1_65' title='bbox 1405 909 1655 965; x_wconf 78' lang='lat' dir='ltr'><strong>fuissent</strong></span> <span class='ocrx_word' id='word_1_66' title='bbox 1674 909 1753 964; x_wconf 84' lang='lat' dir='ltr'><strong>vi-</strong></span> 
     </span>
    </p>
   </div>
   <div class='ocr_carea' id='block_1_11' title="bbox 163 998 1754 1072">
    <p class='ocr_par' dir='ltr' id='par_1_11' title="bbox 163 998 1754 1072">
     <span class='ocr_line' id='line_1_11' title="bbox 163 998 1754 1072; baseline -0.001 -17"><span class='ocrx_word' id='word_1_67' title='bbox 163 1017 293 1055; x_wconf 74' lang='lat' dir='ltr'><strong>neum</strong></span> <span class='ocrx_word' id='word_1_68' title='bbox 319 999 550 1055; x_wconf 86' lang='lat' dir='ltr'><strong>Sanctus</strong></span> <span class='ocrx_word' id='word_1_69' title='bbox 573 998 777 1054; x_wconf 83' lang='lat' dir='ltr'><strong>Petrus</strong></span> <span class='ocrx_word' id='word_1_70' title='bbox 805 998 1150 1071; x_wconf 86' lang='lat' dir='ltr'><strong>possideret.</strong></span> <span class='ocrx_word' id='word_1_71' title='bbox 1177 999 1274 1054; x_wconf 86' lang='lat' dir='ltr'><strong>Set</strong></span> <span class='ocrx_word' id='word_1_72' title='bbox 1299 999 1439 1072; x_wconf 90' lang='lat' dir='ltr'><strong>quia</strong></span> <span class='ocrx_word' id='word_1_73' title='bbox 1471 999 1627 1054; x_wconf 90' lang='lat' dir='ltr'><strong>Deus</strong></span> <span class='ocrx_word' id='word_1_74' title='bbox 1657 999 1754 1072; x_wconf 88' lang='lat' dir='ltr'><strong>pia</strong></span> 
     </span>
    </p>
   </div>
   <div class='ocr_carea' id='block_1_12' title="bbox 162 1087 1754 1162">
    <p class='ocr_par' dir='ltr' id='par_1_12' title="bbox 162 1087 1754 1162">
     <span class='ocr_line' id='line_1_12' title="bbox 162 1087 1754 1162; baseline -0.001 -17"><span class='ocrx_word' id='word_1_75' title='bbox 162 1094 264 1145; x_wconf 80' lang='lat' dir='ltr'><strong>veta</strong></span> <span class='ocrx_word' id='word_1_76' title='bbox 286 1087 382 1144; x_wconf 85' lang='lat' dir='ltr'><strong>sibi</strong></span> <span class='ocrx_word' id='word_1_77' title='bbox 416 1087 767 1160; x_wconf 87' lang='lat' dir='ltr'><strong>placentium</strong></span> <span class='ocrx_word' id='word_1_78' title='bbox 799 1105 1031 1161; x_wconf 84' lang='lat' dir='ltr'><strong>semper</strong></span> <span class='ocrx_word' id='word_1_79' title='bbox 1080 1088 1336 1162; x_wconf 82' lang='lat' dir='ltr'><strong>reSpicit,</strong></span> <span class='ocrx_word' id='word_1_80' title='bbox 1361 1093 1417 1145; x_wconf 90' lang='lat' dir='ltr'><strong>et</strong></span> <span class='ocrx_word' id='word_1_81' title='bbox 1465 1093 1531 1145; x_wconf 90' lang='lat' dir='ltr'><strong>ut</strong></span> <span class='ocrx_word' id='word_1_82' title='bbox 1575 1089 1754 1161; x_wconf 86' lang='lat' dir='ltr'><strong>digna</strong></span> 
     </span>
    </p>
   </div>
   <div class='ocr_carea' id='block_1_13' title="bbox 162 1177 1753 1250">
    <p class='ocr_par' dir='ltr' id='par_1_13' title="bbox 162 1177 1753 1250">
     <span class='ocr_line' id='line_1_13' title="bbox 162 1177 1753 1250; baseline -0.001 -17"><span class='ocrx_word' id='word_1_83' title='bbox 162 1177 377 1234; x_wconf 83' lang='lat' dir='ltr'><strong>mercede</strong></span> <span class='ocrx_word' id='word_1_84' title='bbox 405 1181 729 1233; x_wconf 88' lang='lat' dir='ltr'><strong>remuneret</strong></span> <span class='ocrx_word' id='word_1_85' title='bbox 766 1177 839 1232; x_wconf 89' lang='lat' dir='ltr'><strong>ad</strong></span> <span class='ocrx_word' id='word_1_86' title='bbox 879 1178 1149 1233; x_wconf 76' lang='lat' dir='ltr'><strong>effectum</strong></span> <span class='ocrx_word' id='word_1_87' title='bbox 1192 1177 1433 1250; x_wconf 89' lang='lat' dir='ltr'><strong>pertrait</strong></span> <span class='ocrx_word' id='word_1_88' title='bbox 1462 1180 1630 1247; x_wconf 88' lang='grc'>(117),</span> <span class='ocrx_word' id='word_1_89' title='bbox 1665 1177 1753 1232; x_wconf 88' lang='lat' dir='ltr'><strong>vir</strong></span> 
     </span>
    </p>
   </div>
   <div class='ocr_carea' id='block_1_14' title="bbox 163 1266 1749 1340">
    <p class='ocr_par' dir='ltr' id='par_1_14' title="bbox 163 1266 1749 1340">
     <span class='ocr_line' id='line_1_14' title="bbox 163 1266 1749 1340; baseline 0.001 -18"><span class='ocrx_word' id='word_1_90' title='bbox 163 1267 471 1340; x_wconf 78' lang='lat' dir='ltr'><strong>magniﬁcus,</strong></span> <span class='ocrx_word' id='word_1_91' title='bbox 491 1271 808 1339; x_wconf 88' lang='lat' dir='ltr'><strong>antequam</strong></span> <span class='ocrx_word' id='word_1_92' title='bbox 859 1267 1136 1339; x_wconf 81' lang='lat' dir='ltr'><strong>migraret</strong></span> <span class='ocrx_word' id='word_1_93' title='bbox 1173 1284 1208 1322; x_wconf 90' lang='lat' dir='ltr'><strong>a</strong></span> <span class='ocrx_word' id='word_1_94' title='bbox 1246 1266 1460 1338; x_wconf 92' lang='lat' dir='ltr'><strong>seculo,</strong></span> <span class='ocrx_word' id='word_1_95' title='bbox 1495 1267 1649 1323; x_wconf 86' lang='lat' dir='ltr'><strong>sicut</strong></span> <span class='ocrx_word' id='word_1_96' title='bbox 1689 1266 1749 1323; x_wconf 90' lang='lat' dir='ltr'><strong>in</strong></span> 
     </span>
    </p>
   </div>
   <div class='ocr_carea' id='block_1_15' title="bbox 161 1355 1753 1429">
    <p class='ocr_par' dir='ltr' id='par_1_15' title="bbox 161 1355 1753 1429">
     <span class='ocr_line' id='line_1_15' title="bbox 161 1355 1753 1429; baseline 0.001 -18"><span class='ocrx_word' id='word_1_97' title='bbox 161 1356 484 1428; x_wconf 71' lang='lat' dir='ltr'><strong>sequentibus</strong></span> <span class='ocrx_word' id='word_1_98' title='bbox 513 1360 692 1428; x_wconf 83' lang='lat' dir='ltr'><strong>patet,</strong></span> <span class='ocrx_word' id='word_1_99' title='bbox 725 1355 950 1429; x_wconf 85' lang='lat' dir='ltr'><strong>peregit</strong></span> <span class='ocrx_word' id='word_1_100' title='bbox 993 1360 1059 1411; x_wconf 89' lang='lat' dir='ltr'><strong>ut</strong></span> <span class='ocrx_word' id='word_1_101' title='bbox 1097 1356 1302 1413; x_wconf 90' lang='lat' dir='ltr'><strong>beatus</strong></span> <span class='ocrx_word' id='word_1_102' title='bbox 1351 1356 1651 1429; x_wconf 85' lang='lat' dir='ltr'><strong>apostolus</strong></span> <span class='ocrx_word' id='word_1_103' title='bbox 1682 1357 1753 1412; x_wconf 89' lang='lat' dir='ltr'><strong>de</strong></span> 
     </span>
    </p>
   </div>
   <div class='ocr_carea' id='block_1_16' title="bbox 160 1445 1752 1516">
    <p class='ocr_par' dir='ltr' id='par_1_16' title="bbox 160 1445 1752 1516">
     <span class='ocr_line' id='line_1_16' title="bbox 160 1445 1752 1516; baseline 0.001 -16"><span class='ocrx_word' id='word_1_104' title='bbox 160 1446 319 1500; x_wconf 80' lang='lat' dir='ltr'><strong>eadem</strong></span> <span class='ocrx_word' id='word_1_105' title='bbox 345 1445 505 1500; x_wconf 86' lang='lat' dir='ltr'><strong>vinea</strong></span> <span class='ocrx_word' id='word_1_106' title='bbox 532 1451 853 1516; x_wconf 87' lang='lat' dir='ltr'><strong>perpetuus</strong></span> <span class='ocrx_word' id='word_1_107' title='bbox 902 1445 1065 1502; x_wconf 83' lang='lat' dir='ltr'><strong>ﬁeret</strong></span> <span class='ocrx_word' id='word_1_108' title='bbox 1111 1445 1300 1502; x_wconf 84' lang='lat' dir='ltr'><strong>heres.</strong></span> <span class='ocrx_word' id='word_1_109' title='bbox 1331 1449 1567 1512; x_wconf 78' lang='lat' dir='ltr'><strong>Quantae</strong></span> <span class='ocrx_word' id='word_1_110' title='bbox 1619 1462 1752 1502; x_wconf 89' lang='lat' dir='ltr'><strong>vero</strong></span> 
     </span>
    </p>
   </div>
   <div class='ocr_carea' id='block_1_17' title="bbox 160 1533 1754 1607">
    <p class='ocr_par' dir='ltr' id='par_1_17' title="bbox 160 1533 1754 1607">
     <span class='ocr_line' id='line_1_17' title="bbox 160 1533 1754 1607; baseline 0.002 -18"><span class='ocrx_word' id='word_1_111' title='bbox 160 1533 386 1589; x_wconf 78' lang='lat' dir='ltr'><strong>bonitatis</strong></span> <span class='ocrx_word' id='word_1_112' title='bbox 413 1534 500 1588; x_wconf 84' lang='lat' dir='ltr'><strong>vir</strong></span> <span class='ocrx_word' id='word_1_113' title='bbox 525 1534 723 1602; x_wconf 86' lang='lat' dir='ltr'><strong>fuerit,</strong></span> <span class='ocrx_word' id='word_1_114' title='bbox 739 1537 1088 1607; x_wconf 63' lang='lat' dir='ltr'><strong>quantaeque</strong></span> <span class='ocrx_word' id='word_1_115' title='bbox 1117 1536 1446 1592; x_wconf 83' lang='lat' dir='ltr'><strong>sanctitatis</strong></span> <span class='ocrx_word' id='word_1_116' title='bbox 1476 1535 1595 1591; x_wconf 90' lang='lat' dir='ltr'><strong>vita</strong></span> <span class='ocrx_word' id='word_1_117' title='bbox 1624 1536 1754 1606; x_wconf 83' lang='lat' dir='ltr'><strong>ejus</strong></span> 
     </span>
    </p>
   </div>
   <div class='ocr_carea' id='block_1_18' title="bbox 162 1623 1750 1697">
    <p class='ocr_par' dir='ltr' id='par_1_18' title="bbox 162 1623 1750 1697">
     <span class='ocr_line' id='line_1_18' title="bbox 162 1623 1750 1697; baseline 0.001 -19"><span class='ocrx_word' id='word_1_118' title='bbox 162 1623 338 1679; x_wconf 81' lang='lat' dir='ltr'><strong>cunctis</strong></span> <span class='ocrx_word' id='word_1_119' title='bbox 363 1623 639 1679; x_wconf 86' lang='lat' dir='ltr'><strong>adornata</strong></span> <span class='ocrx_word' id='word_1_120' title='bbox 683 1623 1015 1691; x_wconf 86' lang='lat' dir='ltr'><strong>virtutibus,</strong></span> <span class='ocrx_word' id='word_1_121' title='bbox 1041 1629 1160 1680; x_wconf 89' lang='lat' dir='ltr'><strong>tam</strong></span> <span class='ocrx_word' id='word_1_122' title='bbox 1200 1623 1258 1680; x_wconf 85' lang='lat' dir='ltr'><strong>in</strong></span> <span class='ocrx_word' id='word_1_123' title='bbox 1290 1623 1441 1680; x_wconf 90' lang='lat' dir='ltr'><strong>clero</strong></span> <span class='ocrx_word' id='word_1_124' title='bbox 1481 1641 1659 1697; x_wconf 89' lang='lat' dir='ltr'><strong>quam</strong></span> <span class='ocrx_word' id='word_1_125' title='bbox 1691 1624 1750 1680; x_wconf 93' lang='lat' dir='ltr'><strong>in</strong></span> 
     </span>
    </p>
   </div>
   <div class='ocr_carea' id='block_1_19' title="bbox 159 1710 1830 1814">
    <p class='ocr_par' dir='ltr' id='par_1_19' title="bbox 159 1710 1830 1814">
     <span class='ocr_line' id='line_1_19' title="bbox 159 1710 1830 1814; baseline 0.001 -47"><span class='ocrx_word' id='word_1_126' title='bbox 159 1710 342 1810; x_wconf 79' lang='lat' dir='ltr'><strong>populo,</strong></span> <span class='ocrx_word' id='word_1_127' title='bbox 356 1710 565 1767; x_wconf 88' lang='lat' dir='ltr'><strong>clarius</strong></span> <span class='ocrx_word' id='word_1_128' title='bbox 596 1711 724 1812; x_wconf 75' lang='lat' dir='ltr'><strong>luce</strong></span> <span class='ocrx_word' id='word_1_129' title='bbox 745 1713 973 1814; x_wconf 76' lang='lat' dir='ltr'><strong>cunctis</strong></span> <span class='ocrx_word' id='word_1_130' title='bbox 994 1713 1270 1814; x_wconf 72' lang='lat' dir='ltr'><strong>innotuit.</strong></span> <span class='ocrx_word' id='word_1_131' title='bbox 1297 1713 1604 1814; x_wconf 29' lang='lat' dir='ltr'><strong>Fuitcenim</strong></span> <span class='ocrx_word' id='word_1_132' title='bbox 1636 1714 1750 1814; x_wconf 73' lang='lat' dir='ltr'><strong>ﬁde</strong></span> <span class='ocrx_word' id='word_1_133' title='bbox 1783 1751 1830 1814; x_wconf 82' lang='grc' dir='ltr'><strong>Β</strong></span> 
     </span>
    </p>
   </div>
   <div class='ocr_carea' id='block_1_20' title="bbox 158 1800 1751 1874">
    <p class='ocr_par' dir='ltr' id='par_1_20' title="bbox 158 1800 1751 1874">
     <span class='ocr_line' id='line_1_20' title="bbox 158 1800 1751 1874; baseline 0.003 -20"><span class='ocrx_word' id='word_1_134' title='bbox 158 1800 335 1870; x_wconf 79' lang='lat' dir='ltr'><strong>igneus,</strong></span> <span class='ocrx_word' id='word_1_135' title='bbox 351 1815 616 1856; x_wconf 85' lang='lat' dir='ltr'><strong>sermone</strong></span> <span class='ocrx_word' id='word_1_136' title='bbox 629 1800 946 1871; x_wconf 90' lang='lat' dir='ltr'><strong>jocundus,</strong></span> <span class='ocrx_word' id='word_1_137' title='bbox 963 1801 1227 1857; x_wconf 84' lang='lat' dir='ltr'><strong>castitate</strong></span> <span class='ocrx_word' id='word_1_138' title='bbox 1249 1801 1540 1874; x_wconf 88' lang='lat' dir='ltr'><strong>egregius,</strong></span> <span class='ocrx_word' id='word_1_139' title='bbox 1560 1802 1751 1858; x_wconf 54' lang='lat' dir='ltr'><strong>humi.</strong></span> 
     </span>
    </p>
   </div>
   <div class='ocr_carea' id='block_1_21' title="bbox 156 1887 1749 1961">
    <p class='ocr_par' dir='ltr' id='par_1_21' title="bbox 156 1887 1749 1961">
     <span class='ocr_line' id='line_1_21' title="bbox 156 1887 1749 1961; baseline 0.003 -19"><span class='ocrx_word' id='word_1_140' title='bbox 156 1887 279 1942; x_wconf 77' lang='lat' dir='ltr'><strong>litate</strong></span> <span class='ocrx_word' id='word_1_141' title='bbox 302 1889 640 1961; x_wconf 75' lang='lat' dir='ltr'><strong>przecipuus,</strong></span> <span class='ocrx_word' id='word_1_142' title='bbox 665 1888 908 1944; x_wconf 90' lang='lat' dir='ltr'><strong>consilio</strong></span> <span class='ocrx_word' id='word_1_143' title='bbox 950 1889 1246 1961; x_wconf 88' lang='lat' dir='ltr'><strong>providus,</strong></span> <span class='ocrx_word' id='word_1_144' title='bbox 1271 1889 1608 1947; x_wconf 89' lang='lat' dir='ltr'><strong>elemosinis</strong></span> <span class='ocrx_word' id='word_1_145' title='bbox 1637 1891 1749 1947; x_wconf 89' lang='lat' dir='ltr'><strong>lar-</strong></span> 
     </span>
    </p>
   </div>
   <div class='ocr_carea' id='block_1_22' title="bbox 155 1976 1753 2048">
    <p class='ocr_par' dir='ltr' id='par_1_22' title="bbox 155 1976 1753 2048">
     <span class='ocr_line' id='line_1_22' title="bbox 155 1976 1753 2048; baseline 0.003 -17"><span class='ocrx_word' id='word_1_146' title='bbox 155 1994 253 2048; x_wconf 75' lang='lat' dir='ltr'><strong>gus,</strong></span> <span class='ocrx_word' id='word_1_147' title='bbox 271 1976 484 2032; x_wconf 84' lang='lat' dir='ltr'><strong>lectioni</strong></span> <span class='ocrx_word' id='word_1_148' title='bbox 507 1977 793 2045; x_wconf 87' lang='lat' dir='ltr'><strong>intentus,</strong></span> <span class='ocrx_word' id='word_1_149' title='bbox 809 1979 1054 2034; x_wconf 89' lang='lat' dir='ltr'><strong>orationi</strong></span> <span class='ocrx_word' id='word_1_150' title='bbox 1085 1979 1381 2046; x_wconf 89' lang='lat' dir='ltr'><strong>assiduus,</strong></span> <span class='ocrx_word' id='word_1_151' title='bbox 1399 1981 1556 2035; x_wconf 91' lang='lat' dir='ltr'><strong>omni</strong></span> <span class='ocrx_word' id='word_1_152' title='bbox 1579 1981 1753 2036; x_wconf 84' lang='lat' dir='ltr'><strong>hone-</strong></span> 
     </span>
    </p>
   </div>
   <div class='ocr_carea' id='block_1_23' title="bbox 157 2067 1751 2141">
    <p class='ocr_par' dir='ltr' id='par_1_23' title="bbox 157 2067 1751 2141">
     <span class='ocr_line' id='line_1_23' title="bbox 157 2067 1751 2141; baseline 0.001 -19"><span class='ocrx_word' id='word_1_153' title='bbox 157 2070 268 2122; x_wconf 80' lang='lat' dir='ltr'><strong>state</strong></span> <span class='ocrx_word' id='word_1_154' title='bbox 295 2083 509 2122; x_wconf 88' lang='lat' dir='ltr'><strong>morum</strong></span> <span class='ocrx_word' id='word_1_155' title='bbox 569 2067 904 2140; x_wconf 67' lang='lat' dir='ltr'><strong>praeclarus.</strong></span> <span class='ocrx_word' id='word_1_156' title='bbox 938 2067 1017 2124; x_wconf 91' lang='lat' dir='ltr'><strong>De</strong></span> <span class='ocrx_word' id='word_1_157' title='bbox 1060 2068 1230 2138; x_wconf 87' lang='lat' dir='ltr'><strong>cujus</strong></span> <span class='ocrx_word' id='word_1_158' title='bbox 1290 2069 1592 2124; x_wconf 89' lang='lat' dir='ltr'><strong>miraculis</strong></span> <span class='ocrx_word' id='word_1_159' title='bbox 1625 2087 1751 2141; x_wconf 69' lang='lat' dir='ltr'><strong>quae</strong></span> 
     </span>
    </p>
   </div>
   <div class='ocr_carea' id='block_1_24' title="bbox 151 2153 1754 2228">
    <p class='ocr_par' dir='ltr' id='par_1_24' title="bbox 151 2153 1754 2228">
     <span class='ocr_line' id='line_1_24' title="bbox 151 2153 1754 2228; baseline 0.001 -18"><span class='ocrx_word' id='word_1_160' title='bbox 151 2155 308 2210; x_wconf 72' lang='lat' dir='ltr'><strong>vivens</strong></span> <span class='ocrx_word' id='word_1_161' title='bbox 334 2155 388 2209; x_wconf 91' lang='lat' dir='ltr'><strong>in</strong></span> <span class='ocrx_word' id='word_1_162' title='bbox 410 2171 652 2228; x_wconf 90' lang='lat' dir='ltr'><strong>corpore</strong></span> <span class='ocrx_word' id='word_1_163' title='bbox 679 2153 980 2220; x_wconf 86' lang='lat' dir='ltr'><strong>edidit,vel</strong></span> <span class='ocrx_word' id='word_1_164' title='bbox 1007 2171 1135 2226; x_wconf 67' lang='lat' dir='ltr'><strong>qua:</strong></span> <span class='ocrx_word' id='word_1_165' title='bbox 1169 2173 1202 2212; x_wconf 89' lang='lat' dir='ltr'><strong>a</strong></span> <span class='ocrx_word' id='word_1_166' title='bbox 1222 2155 1373 2210; x_wconf 90' lang='lat' dir='ltr'><strong>veris</strong></span> <span class='ocrx_word' id='word_1_167' title='bbox 1395 2156 1573 2211; x_wconf 91' lang='lat' dir='ltr'><strong>didici</strong></span> <span class='ocrx_word' id='word_1_168' title='bbox 1607 2155 1754 2212; x_wconf 87' lang='lat' dir='ltr'><strong>rela-</strong></span> 
     </span>
    </p>
   </div>
   <div class='ocr_carea' id='block_1_25' title="bbox 153 2243 1752 2315">
    <p class='ocr_par' dir='ltr' id='par_1_25' title="bbox 153 2243 1752 2315">
     <span class='ocr_line' id='line_1_25' title="bbox 153 2243 1752 2315; baseline 0.001 -17"><span class='ocrx_word' id='word_1_169' title='bbox 153 2243 425 2308; x_wconf 85' lang='lat' dir='ltr'><strong>toribus,in</strong></span> <span class='ocrx_word' id='word_1_170' title='bbox 455 2245 566 2300; x_wconf 91' lang='lat' dir='ltr'><strong>boc</strong></span> <span class='ocrx_word' id='word_1_171' title='bbox 598 2243 880 2315; x_wconf 90' lang='lat' dir='ltr'><strong>opusculo</strong></span> <span class='ocrx_word' id='word_1_172' title='bbox 920 2244 1173 2300; x_wconf 82' lang='lat' dir='ltr'><strong>intexere</strong></span> <span class='ocrx_word' id='word_1_173' title='bbox 1213 2244 1428 2312; x_wconf 89' lang='lat' dir='ltr'><strong>curavi,</strong></span> <span class='ocrx_word' id='word_1_174' title='bbox 1461 2261 1530 2301; x_wconf 91' lang='lat' dir='ltr'><strong>ne</strong></span> <span class='ocrx_word' id='word_1_175' title='bbox 1572 2246 1630 2300; x_wconf 92' lang='lat' dir='ltr'><strong>in</strong></span> <span class='ocrx_word' id='word_1_176' title='bbox 1664 2246 1752 2300; x_wconf 89' lang='lat' dir='ltr'><strong>fu-</strong></span> 
     </span>
    </p>
   </div>
   <div class='ocr_carea' id='block_1_26' title="bbox 150 2332 1754 2406">
    <p class='ocr_par' dir='ltr' id='par_1_26' title="bbox 150 2332 1754 2406">
     <span class='ocr_line' id='line_1_26' title="bbox 150 2332 1754 2406; baseline 0.002 -19"><span class='ocrx_word' id='word_1_177' title='bbox 150 2339 251 2388; x_wconf 86' lang='lat' dir='ltr'><strong>turo</strong></span> <span class='ocrx_word' id='word_1_178' title='bbox 276 2334 339 2389; x_wconf 89' lang='lat' dir='ltr'><strong>de</strong></span> <span class='ocrx_word' id='word_1_179' title='bbox 364 2333 582 2390; x_wconf 77' lang='lat' dir='ltr'><strong>talento</strong></span> <span class='ocrx_word' id='word_1_180' title='bbox 616 2332 796 2390; x_wconf 86' lang='lat' dir='ltr'><strong>michi</strong></span> <span class='ocrx_word' id='word_1_181' title='bbox 824 2333 1043 2388; x_wconf 91' lang='lat' dir='ltr'><strong>credito</strong></span> <span class='ocrx_word' id='word_1_182' title='bbox 1075 2338 1133 2389; x_wconf 90' lang='lat' dir='ltr'><strong>et</strong></span> <span class='ocrx_word' id='word_1_183' title='bbox 1162 2333 1222 2388; x_wconf 92' lang='lat' dir='ltr'><strong>in</strong></span> <span class='ocrx_word' id='word_1_184' title='bbox 1249 2339 1470 2390; x_wconf 89' lang='lat' dir='ltr'><strong>secreto</strong></span> <span class='ocrx_word' id='word_1_185' title='bbox 1500 2334 1690 2406; x_wconf 91' lang='lat' dir='ltr'><strong>posito</strong></span> <span class='ocrx_word' id='word_1_186' title='bbox 1721 2352 1754 2390; x_wconf 91' lang='lat' dir='ltr'><strong>a</strong></span> 
     </span>
    </p>
   </div>
   <div class='ocr_carea' id='block_1_27' title="bbox 152 2420 1749 2494">
    <p class='ocr_par' dir='ltr' id='par_1_27' title="bbox 152 2420 1749 2494">
     <span class='ocr_line' id='line_1_27' title="bbox 152 2420 1749 2494; baseline 0.001 -18"><span class='ocrx_word' id='word_1_187' title='bbox 152 2422 354 2477; x_wconf 86' lang='lat' dir='ltr'><strong>Domino</strong></span> <span class='ocrx_word' id='word_1_188' title='bbox 379 2421 774 2494; x_wconf 89' lang='lat' dir='ltr'><strong>reprehendar</strong></span> <span class='ocrx_word' id='word_1_189' title='bbox 795 2420 961 2492; x_wconf 90' lang='lat' dir='ltr'><strong>quasi</strong></span> <span class='ocrx_word' id='word_1_190' title='bbox 985 2421 1148 2493; x_wconf 90' lang='lat' dir='ltr'><strong>piger</strong></span> <span class='ocrx_word' id='word_1_191' title='bbox 1172 2425 1228 2476; x_wconf 91' lang='lat' dir='ltr'><strong>et</strong></span> <span class='ocrx_word' id='word_1_192' title='bbox 1254 2420 1497 2493; x_wconf 90' lang='lat' dir='ltr'><strong>iniquus</strong></span> <span class='ocrx_word' id='word_1_193' title='bbox 1528 2437 1749 2478; x_wconf 76' lang='lat' dir='ltr'><strong>servus.</strong></span> 
     </span>
    </p>
   </div>
   <div class='ocr_carea' id='block_1_28' title="bbox 151 2509 1756 2582">
    <p class='ocr_par' dir='ltr' id='par_1_28' title="bbox 151 2509 1756 2582">
     <span class='ocr_line' id='line_1_28' title="bbox 151 2509 1756 2582; baseline 0.001 -17"><span class='ocrx_word' id='word_1_194' title='bbox 151 2509 344 2582; x_wconf 77' lang='lat' dir='ltr'><strong>Verum,</strong></span> <span class='ocrx_word' id='word_1_195' title='bbox 366 2529 434 2567; x_wconf 89' lang='lat' dir='ltr'><strong>ne</strong></span> <span class='ocrx_word' id='word_1_196' title='bbox 478 2510 696 2568; x_wconf 89' lang='lat' dir='ltr'><strong>notarii</strong></span> <span class='ocrx_word' id='word_1_197' title='bbox 727 2513 912 2566; x_wconf 88' lang='lat' dir='ltr'><strong>metas</strong></span> <span class='ocrx_word' id='word_1_198' title='bbox 938 2510 1139 2565; x_wconf 86' lang='lat' dir='ltr'><strong>videar</strong></span> <span class='ocrx_word' id='word_1_199' title='bbox 1195 2511 1521 2582; x_wconf 85' lang='lat' dir='ltr'><strong>transgredi</strong></span> <span class='ocrx_word' id='word_1_200' title='bbox 1581 2515 1756 2582; x_wconf 87' lang='lat' dir='ltr'><strong>atque</strong></span> 
     </span>
    </p>
   </div>
   <div class='ocr_carea' id='block_1_29' title="bbox 149 2599 1756 2673">
    <p class='ocr_par' dir='ltr' id='par_1_29' title="bbox 149 2599 1756 2673">
     <span class='ocr_line' id='line_1_29' title="bbox 149 2599 1756 2673; baseline 0.001 -19"><span class='ocrx_word' id='word_1_201' title='bbox 149 2599 513 2657; x_wconf 80' lang='lat' dir='ltr'><strong>historicorum</strong></span> <span class='ocrx_word' id='word_1_202' title='bbox 547 2599 731 2655; x_wconf 76' lang='lat' dir='ltr'><strong>latam</strong></span> <span class='ocrx_word' id='word_1_203' title='bbox 763 2599 1057 2673; x_wconf 86' lang='lat' dir='ltr'><strong>ingrediar</strong></span> <span class='ocrx_word' id='word_1_204' title='bbox 1077 2599 1254 2668; x_wconf 89' lang='lat' dir='ltr'><strong>viam,</strong></span> <span class='ocrx_word' id='word_1_205' title='bbox 1274 2600 1389 2656; x_wconf 91' lang='lat' dir='ltr'><strong>duo</strong></span> <span class='ocrx_word' id='word_1_206' title='bbox 1420 2603 1654 2656; x_wconf 87' lang='lat' dir='ltr'><strong>tantum</strong></span> <span class='ocrx_word' id='word_1_207' title='bbox 1684 2600 1756 2656; x_wconf 89' lang='lat' dir='ltr'><strong>de</strong></span> 
     </span>
    </p>
   </div>
   <div class='ocr_carea' id='block_1_30' title="bbox 146 2688 1395 2747">
    <p class='ocr_par' dir='ltr' id='par_1_30' title="bbox 146 2688 1395 2747">
     <span class='ocr_line' id='line_1_30' title="bbox 146 2688 1395 2747; baseline 0 -1"><span class='ocrx_word' id='word_1_208' title='bbox 146 2690 311 2746; x_wconf 70' lang='lat' dir='ltr'><strong>eodem</strong></span> <span class='ocrx_word' id='word_1_209' title='bbox 339 2691 502 2747; x_wconf 88' lang='lat' dir='ltr'><strong>beato</strong></span> <span class='ocrx_word' id='word_1_210' title='bbox 532 2689 839 2745; x_wconf 83' lang='lat' dir='ltr'><strong>sacerdote</strong></span> <span class='ocrx_word' id='word_1_211' title='bbox 871 2688 1155 2746; x_wconf 90' lang='lat' dir='ltr'><strong>miracula</strong></span> <span class='ocrx_word' id='word_1_212' title='bbox 1183 2689 1395 2746; x_wconf 89' lang='lat' dir='ltr'><strong>dicam.</strong></span> 
     </span>
    </p>
   </div>
   <div class='ocr_carea' id='block_1_31' title="bbox 198 2779 1758 2852">
    <p class='ocr_par' dir='ltr' id='par_1_31' title="bbox 198 2779 1758 2852">
     <span class='ocr_line' id='line_1_31' title="bbox 198 2779 1758 2852; baseline 0.001 -17"><span class='ocrx_word' id='word_1_213' title='bbox 198 2781 431 2846; x_wconf 84' lang='lat' dir='ltr'><strong>Quadam</strong></span> <span class='ocrx_word' id='word_1_214' title='bbox 464 2779 724 2852; x_wconf 89' lang='lat' dir='ltr'><strong>denique</strong></span> <span class='ocrx_word' id='word_1_215' title='bbox 772 2779 887 2851; x_wconf 90' lang='lat' dir='ltr'><strong>die,</strong></span> <span class='ocrx_word' id='word_1_216' title='bbox 909 2779 1051 2836; x_wconf 90' lang='lat' dir='ltr'><strong>dum</strong></span> <span class='ocrx_word' id='word_1_217' title='bbox 1091 2797 1160 2836; x_wconf 84' lang='lat' dir='ltr'><strong>ex</strong></span> <span class='ocrx_word' id='word_1_218' title='bbox 1199 2796 1360 2836; x_wconf 91' lang='lat' dir='ltr'><strong>more</strong></span> <span class='ocrx_word' id='word_1_219' title='bbox 1401 2781 1458 2835; x_wconf 92' lang='lat' dir='ltr'><strong>in</strong></span> <span class='ocrx_word' id='word_1_220' title='bbox 1499 2780 1758 2838; x_wconf 71' lang='lat' dir='ltr'><strong>:ecclesia</strong></span> 
     </span>
    </p>
   </div>
   <div class='ocr_carea' id='block_1_32' title="bbox 148 2867 1756 2943">
    <p class='ocr_par' dir='ltr' id='par_1_32' title="bbox 148 2867 1756 2943">
     <span class='ocr_line' id='line_1_32' title="bbox 148 2867 1756 2943; baseline 0.002 -20"><span class='ocrx_word' id='word_1_221' title='bbox 148 2867 281 2924; x_wconf 66' lang='lat' dir='ltr'><strong>alma:</strong></span> <span class='ocrx_word' id='word_1_222' title='bbox 309 2870 509 2925; x_wconf 88' lang='lat' dir='ltr'><strong>matris</strong></span> <span class='ocrx_word' id='word_1_223' title='bbox 540 2867 778 2925; x_wconf 88' lang='lat' dir='ltr'><strong>Domini</strong></span> <span class='ocrx_word' id='word_1_224' title='bbox 808 2868 1042 2926; x_wconf 88' lang='lat' dir='ltr'><strong>adesset</strong></span> <span class='ocrx_word' id='word_1_225' title='bbox 1073 2886 1207 2925; x_wconf 88' lang='lat' dir='ltr'><strong>cum</strong></span> <span class='ocrx_word' id='word_1_226' title='bbox 1230 2869 1407 2938; x_wconf 91' lang='lat' dir='ltr'><strong>clero,</strong></span> <span class='ocrx_word' id='word_1_227' title='bbox 1430 2875 1487 2926; x_wconf 92' lang='lat' dir='ltr'><strong>et</strong></span> <span class='ocrx_word' id='word_1_228' title='bbox 1515 2871 1756 2943; x_wconf 67' lang='lat' dir='ltr'><strong>inceptae</strong></span> 
     </span>
    </p>
   </div>
   <div class='ocr_carea' id='block_1_33' title="bbox 147 2955 1756 3030">
    <p class='ocr_par' dir='ltr' id='par_1_33' title="bbox 147 2955 1756 3030">
     <span class='ocr_line' id='line_1_33' title="bbox 147 2955 1756 3030; baseline 0.001 -18"><span class='ocrx_word' id='word_1_229' title='bbox 147 2955 302 3012; x_wconf 71' lang='lat' dir='ltr'><strong>missa:</strong></span> <span class='ocrx_word' id='word_1_230' title='bbox 330 2957 501 3013; x_wconf 82' lang='lat' dir='ltr'><strong>ﬁnem</strong></span> <span class='ocrx_word' id='word_1_231' title='bbox 532 2955 973 3030; x_wconf 89' lang='lat' dir='ltr'><strong>prcstolaretur,</strong></span> <span class='ocrx_word' id='word_1_232' title='bbox 1002 2957 1360 3015; x_wconf 91' lang='lat' dir='ltr'><strong>echonomus</strong></span> <span class='ocrx_word' id='word_1_233' title='bbox 1391 2959 1520 3029; x_wconf 86' lang='lat' dir='ltr'><strong>ejus</strong></span> <span class='ocrx_word' id='word_1_234' title='bbox 1549 2958 1630 3016; x_wconf 91' lang='lat' dir='ltr'><strong>ibi</strong></span> <span class='ocrx_word' id='word_1_235' title='bbox 1662 2975 1756 3015; x_wconf 82' lang='lat' dir='ltr'><strong>ac-</strong></span> 
     </span>
    </p>
   </div>
   <div class='ocr_carea' id='block_1_34' title="bbox 147 3045 1755 3118">
    <p class='ocr_par' dir='ltr' id='par_1_34' title="bbox 147 3045 1755 3118">
     <span class='ocr_line' id='line_1_34' title="bbox 147 3045 1755 3118; baseline 0.001 -16"><span class='ocrx_word' id='word_1_236' title='bbox 147 3062 362 3113; x_wconf 79' lang='lat' dir='ltr'><strong>currens,</strong></span> <span class='ocrx_word' id='word_1_237' title='bbox 377 3045 616 3102; x_wconf 89' lang='lat' dir='ltr'><strong>silentio</strong></span> <span class='ocrx_word' id='word_1_238' title='bbox 638 3045 689 3102; x_wconf 92' lang='lat' dir='ltr'><strong>ei</strong></span> <span class='ocrx_word' id='word_1_239' title='bbox 712 3046 1003 3102; x_wconf 89' lang='lat' dir='ltr'><strong>nonciavit</strong></span> <span class='ocrx_word' id='word_1_240' title='bbox 1025 3046 1258 3118; x_wconf 67' lang='lat' dir='ltr'><strong>privatae</strong></span> <span class='ocrx_word' id='word_1_241' title='bbox 1284 3046 1519 3103; x_wconf 63' lang='lat' dir='ltr'><strong>familia;</strong></span> <span class='ocrx_word' id='word_1_242' title='bbox 1539 3048 1755 3103; x_wconf 91' lang='lat' dir='ltr'><strong>victum</strong></span> 
     </span>
    </p>
   </div>
   <div class='ocr_carea' id='block_1_35' title="bbox 1860 462 3505 537">
    <p class='ocr_par' dir='ltr' id='par_1_35' title="bbox 1860 462 3505 537">
     <span class='ocr_line' id='line_1_35' title="bbox 1860 462 3505 537; baseline 0.001 -20"><span class='ocrx_word' id='word_1_243' title='bbox 1860 463 1965 518; x_wconf 90' lang='lat' dir='ltr'><strong>viri</strong></span> <span class='ocrx_word' id='word_1_244' title='bbox 2017 464 2200 519; x_wconf 90' lang='lat' dir='ltr'><strong>sancti</strong></span> <span class='ocrx_word' id='word_1_245' title='bbox 2260 469 2539 537; x_wconf 74' lang='lat' dir='ltr'><strong>przepetes</strong></span> <span class='ocrx_word' id='word_1_246' title='bbox 2591 469 2854 528; x_wconf 90' lang='lat' dir='ltr'><strong>currunt,</strong></span> <span class='ocrx_word' id='word_1_247' title='bbox 2881 480 3144 534; x_wconf 86' lang='lat' dir='ltr'><strong>ausuque</strong></span> <span class='ocrx_word' id='word_1_248' title='bbox 3203 462 3505 518; x_wconf 86' lang='lat' dir='ltr'><strong>temerario</strong></span> 
     </span>
    </p>
   </div>
   <div class='ocr_carea' id='block_1_36' title="bbox 1862 552 3506 625">
    <p class='ocr_par' dir='ltr' id='par_1_36' title="bbox 1862 552 3506 625">
     <span class='ocr_line' id='line_1_36' title="bbox 1862 552 3506 625; baseline -0.002 -15"><span class='ocrx_word' id='word_1_249' title='bbox 1862 552 2164 610; x_wconf 89' lang='lat' dir='ltr'><strong>cellarium</strong></span> <span class='ocrx_word' id='word_1_250' title='bbox 2217 553 2458 620; x_wconf 90' lang='lat' dir='ltr'><strong>intrant,</strong></span> <span class='ocrx_word' id='word_1_251' title='bbox 2489 558 2661 625; x_wconf 89' lang='lat' dir='ltr'><strong>atque</strong></span> <span class='ocrx_word' id='word_1_252' title='bbox 2693 571 2761 608; x_wconf 81' lang='lat' dir='ltr'><strong>ex</strong></span> <span class='ocrx_word' id='word_1_253' title='bbox 2789 553 2921 606; x_wconf 90' lang='lat' dir='ltr'><strong>vino</strong></span> <span class='ocrx_word' id='word_1_254' title='bbox 2973 558 3130 607; x_wconf 88' lang='lat' dir='ltr'><strong>utres</strong></span> <span class='ocrx_word' id='word_1_255' title='bbox 3161 568 3363 606; x_wconf 80' lang='lat' dir='ltr'><strong>omnes</strong></span> <span class='ocrx_word' id='word_1_256' title='bbox 3398 552 3506 606; x_wconf 88' lang='lat' dir='ltr'><strong>im-</strong></span> 
     </span>
    </p>
   </div>
   <div class='ocr_carea' id='block_1_37' title="bbox 1861 641 3507 715">
    <p class='ocr_par' dir='ltr' id='par_1_37' title="bbox 1861 641 3507 715">
     <span class='ocr_line' id='line_1_37' title="bbox 1861 641 3507 715; baseline -0.001 -17"><span class='ocrx_word' id='word_1_257' title='bbox 1861 642 2019 715; x_wconf 91' lang='lat' dir='ltr'><strong>plere</strong></span> <span class='ocrx_word' id='word_1_258' title='bbox 2049 643 2391 707; x_wconf 84' lang='lat' dir='ltr'><strong>accelerant,</strong></span> <span class='ocrx_word' id='word_1_259' title='bbox 2425 647 2481 698; x_wconf 90' lang='lat' dir='ltr'><strong>et</strong></span> <span class='ocrx_word' id='word_1_260' title='bbox 2511 641 2780 714; x_wconf 91' lang='lat' dir='ltr'><strong>impletos</strong></span> <span class='ocrx_word' id='word_1_261' title='bbox 2830 643 2898 697; x_wconf 89' lang='lat' dir='ltr'><strong>ad</strong></span> <span class='ocrx_word' id='word_1_262' title='bbox 2935 641 3156 696; x_wconf 87' lang='lat' dir='ltr'><strong>curiam</strong></span> <span class='ocrx_word' id='word_1_263' title='bbox 3189 644 3507 713; x_wconf 88' lang='lat' dir='ltr'><strong>reportant.</strong></span> 
     </span>
    </p>
   </div>
   <div class='ocr_carea' id='block_1_38' title="bbox 1865 729 3508 802">
    <p class='ocr_par' dir='ltr' id='par_1_38' title="bbox 1865 729 3508 802">
     <span class='ocr_line' id='line_1_38' title="bbox 1865 729 3508 802; baseline -0.002 -15"><span class='ocrx_word' id='word_1_264' title='bbox 1865 731 2087 787; x_wconf 89' lang='lat' dir='ltr'><strong>Iuterea</strong></span> <span class='ocrx_word' id='word_1_265' title='bbox 2105 729 2192 787; x_wconf 85' lang='lat' dir='ltr'><strong>vir</strong></span> <span class='ocrx_word' id='word_1_266' title='bbox 2223 732 2321 786; x_wconf 85' lang='lat' dir='ltr'><strong>Dei</strong></span> <span class='ocrx_word' id='word_1_267' title='bbox 2355 733 2427 787; x_wconf 86' lang='lat' dir='ltr'><strong>ab</strong></span> <span class='ocrx_word' id='word_1_268' title='bbox 2459 731 2718 786; x_wconf 77' lang='lat' dir='ltr'><strong>zecclesia</strong></span> <span class='ocrx_word' id='word_1_269' title='bbox 2749 729 3092 802; x_wconf 85' lang='lat' dir='ltr'><strong>regreditur.</strong></span> <span class='ocrx_word' id='word_1_270' title='bbox 3110 731 3368 801; x_wconf 89' lang='lat' dir='ltr'><strong>Cumque</strong></span> <span class='ocrx_word' id='word_1_271' title='bbox 3402 731 3508 784; x_wconf 91' lang='lat' dir='ltr'><strong>ad-</strong></span> 
     </span>
    </p>
   </div>
   <div class='ocr_carea' id='block_1_39' title="bbox 1866 819 3512 891">
    <p class='ocr_par' dir='ltr' id='par_1_39' title="bbox 1866 819 3512 891">
     <span class='ocr_line' id='line_1_39' title="bbox 1866 819 3512 891; baseline -0.002 -17"><span class='ocrx_word' id='word_1_272' title='bbox 1866 819 1980 875; x_wconf 90' lang='lat' dir='ltr'><strong>huc</strong></span> <span class='ocrx_word' id='word_1_273' title='bbox 2012 820 2424 891; x_wconf 90' lang='lat' dir='ltr'><strong>pincernarum</strong></span> <span class='ocrx_word' id='word_1_274' title='bbox 2458 820 2736 891; x_wconf 74' lang='lat' dir='ltr'><strong>magister</strong></span> <span class='ocrx_word' id='word_1_275' title='bbox 2763 819 2821 874; x_wconf 92' lang='lat' dir='ltr'><strong>in</strong></span> <span class='ocrx_word' id='word_1_276' title='bbox 2851 819 3082 874; x_wconf 84' lang='lat' dir='ltr'><strong>cellario</strong></span> <span class='ocrx_word' id='word_1_277' title='bbox 3114 835 3244 873; x_wconf 88' lang='lat' dir='ltr'><strong>cum</strong></span> <span class='ocrx_word' id='word_1_278' title='bbox 3269 819 3512 890; x_wconf 88' lang='lat' dir='ltr'><strong>quibus-</strong></span> 
     </span>
    </p>
   </div>
   <div class='ocr_carea' id='block_1_40' title="bbox 1861 908 3508 976">
    <p class='ocr_par' dir='ltr' id='par_1_40' title="bbox 1861 908 3508 976">
     <span class='ocr_line' id='line_1_40' title="bbox 1861 908 3508 976; baseline -0.002 -12"><span class='ocrx_word' id='word_1_279' title='bbox 1861 909 1997 964; x_wconf 90' lang='lat' dir='ltr'><strong>dam</strong></span> <span class='ocrx_word' id='word_1_280' title='bbox 2031 910 2280 976; x_wconf 87' lang='lat' dir='ltr'><strong>adesset,</strong></span> <span class='ocrx_word' id='word_1_281' title='bbox 2306 909 2603 965; x_wconf 87' lang='lat' dir='ltr'><strong>hominem</strong></span> <span class='ocrx_word' id='word_1_282' title='bbox 2630 909 2730 963; x_wconf 91' lang='lat' dir='ltr'><strong>Dei</strong></span> <span class='ocrx_word' id='word_1_283' title='bbox 2761 909 2878 962; x_wconf 91' lang='lat' dir='ltr'><strong>illic</strong></span> <span class='ocrx_word' id='word_1_284' title='bbox 2913 909 3225 963; x_wconf 87' lang='lat' dir='ltr'><strong>intrantem</strong></span> <span class='ocrx_word' id='word_1_285' title='bbox 3259 908 3508 962; x_wconf 86' lang='lat' dir='ltr'><strong>subsan-</strong></span> 
     </span>
    </p>
   </div>
   <div class='ocr_carea' id='block_1_41' title="bbox 1861 995 3508 1073">
    <p class='ocr_par' dir='ltr' id='par_1_41' title="bbox 1861 995 3508 1073">
     <span class='ocr_line' id='line_1_41' title="bbox 1861 995 3508 1073; baseline -0.001 -20"><span class='ocrx_word' id='word_1_286' title='bbox 1861 999 2054 1054; x_wconf 89' lang='lat' dir='ltr'><strong>nando</strong></span> <span class='ocrx_word' id='word_1_287' title='bbox 2087 999 2450 1070; x_wconf 85' lang='lat' dir='ltr'><strong>interrogans</strong></span> <span class='ocrx_word' id='word_1_288' title='bbox 2484 998 2612 1052; x_wconf 82' lang='lat' dir='ltr'><strong>infit</strong></span> <span class='ocrx_word' id='word_1_289' title='bbox 2647 1016 2712 1053; x_wconf 83' lang='lat'><strong>:«</strong></span> <span class='ocrx_word' id='word_1_290' title='bbox 2739 997 2999 1062; x_wconf 84' lang='lat' dir='ltr'><strong>Domine,</strong></span> <span class='ocrx_word' id='word_1_291' title='bbox 3025 997 3117 1052; x_wconf 89' lang='lat' dir='ltr'><strong>dic</strong></span> <span class='ocrx_word' id='word_1_292' title='bbox 3152 995 3508 1073; x_wconf 69' lang='lat' dir='ltr'><strong>michijstud</strong></span> 
     </span>
    </p>
   </div>
   <div class='ocr_carea' id='block_1_42' title="bbox 1858 1083 3513 1152">
    <p class='ocr_par' dir='ltr' id='par_1_42' title="bbox 1858 1083 3513 1152">
     <span class='ocr_line' id='line_1_42' title="bbox 1858 1083 3513 1152; baseline -0.002 -8"><span class='ocrx_word' id='word_1_293' title='bbox 1858 1088 2062 1144; x_wconf 91' lang='lat' dir='ltr'><strong>vinum</strong></span> <span class='ocrx_word' id='word_1_294' title='bbox 2093 1093 2290 1143; x_wconf 90' lang='lat' dir='ltr'><strong>utrum</strong></span> <span class='ocrx_word' id='word_1_295' title='bbox 2321 1087 2488 1142; x_wconf 88' lang='lat' dir='ltr'><strong>valde</strong></span> <span class='ocrx_word' id='word_1_296' title='bbox 2519 1087 2592 1143; x_wconf 91' lang='lat' dir='ltr'><strong>sit</strong></span> <span class='ocrx_word' id='word_1_297' title='bbox 2624 1088 2934 1152; x_wconf 88' lang='lat' dir='ltr'><strong>obtimum,</strong></span> <span class='ocrx_word' id='word_1_298' title='bbox 2959 1104 3031 1141; x_wconf 88' lang='lat' dir='ltr'><strong>an</strong></span> <span class='ocrx_word' id='word_1_299' title='bbox 3063 1090 3216 1142; x_wconf 82' lang='lat' dir='ltr'><strong>non?</strong></span> <span class='ocrx_word' id='word_1_300' title='bbox 3244 1107 3269 1134; x_wconf 85' lang='lat'>»</span> <span class='ocrx_word' id='word_1_301' title='bbox 3293 1085 3393 1140; x_wconf 91' lang='lat' dir='ltr'><strong>Cui</strong></span> <span class='ocrx_word' id='word_1_302' title='bbox 3424 1083 3513 1140; x_wconf 88' lang='lat' dir='ltr'><strong>vir</strong></span> 
     </span>
    </p>
   </div>
   <div class='ocr_carea' id='block_1_43' title="bbox 1861 1174 3508 1248">
    <p class='ocr_par' dir='ltr' id='par_1_43' title="bbox 1861 1174 3508 1248">
     <span class='ocr_line' id='line_1_43' title="bbox 1861 1174 3508 1248; baseline -0.002 -16"><span class='ocrx_word' id='word_1_303' title='bbox 1861 1178 2068 1234; x_wconf 87' lang='lat' dir='ltr'><strong>beatus</strong></span> <span class='ocrx_word' id='word_1_304' title='bbox 2100 1177 2312 1233; x_wconf 86' lang='lat' dir='ltr'><strong>blando</strong></span> <span class='ocrx_word' id='word_1_305' title='bbox 2345 1194 2610 1233; x_wconf 88' lang='lat' dir='ltr'><strong>sermone</strong></span> <span class='ocrx_word' id='word_1_306' title='bbox 2642 1177 3000 1248; x_wconf 90' lang='lat' dir='ltr'><strong>respondens</strong></span> <span class='ocrx_word' id='word_1_307' title='bbox 3031 1174 3176 1230; x_wconf 84' lang='lat' dir='ltr'><strong>dixit</strong></span> <span class='ocrx_word' id='word_1_308' title='bbox 3199 1191 3255 1229; x_wconf 85' lang='lat'><strong>:«</strong></span> <span class='ocrx_word' id='word_1_309' title='bbox 3293 1176 3508 1242; x_wconf 84' lang='lat' dir='ltr'><strong>Frater,</strong></span> 
     </span>
    </p>
   </div>
   <div class='ocr_carea' id='block_1_44' title="bbox 1861 1265 3513 1338">
    <p class='ocr_par' dir='ltr' id='par_1_44' title="bbox 1861 1265 3513 1338">
     <span class='ocr_line' id='line_1_44' title="bbox 1861 1265 3513 1338; baseline -0.001 -18"><span class='ocrx_word' id='word_1_310' title='bbox 1861 1265 1918 1320; x_wconf 92' lang='lat' dir='ltr'><strong>in</strong></span> <span class='ocrx_word' id='word_1_311' title='bbox 1953 1271 2225 1338; x_wconf 91' lang='lat' dir='ltr'><strong>promptu</strong></span> <span class='ocrx_word' id='word_1_312' title='bbox 2258 1266 2399 1320; x_wconf 92' lang='lat' dir='ltr'><strong>illud</strong></span> <span class='ocrx_word' id='word_1_313' title='bbox 2426 1265 2636 1334; x_wconf 86' lang='lat' dir='ltr'><strong>habes;</strong></span> <span class='ocrx_word' id='word_1_314' title='bbox 2673 1283 2787 1320; x_wconf 92' lang='lat' dir='ltr'><strong>non</strong></span> <span class='ocrx_word' id='word_1_315' title='bbox 2810 1265 3023 1320; x_wconf 85' lang='lat' dir='ltr'><strong>esttibi</strong></span> <span class='ocrx_word' id='word_1_316' title='bbox 3058 1281 3293 1319; x_wconf 91' lang='lat' dir='ltr'><strong>necesse</strong></span> <span class='ocrx_word' id='word_1_317' title='bbox 3315 1268 3378 1317; x_wconf 86' lang='lat' dir='ltr'><strong>ut.</strong></span> <span class='ocrx_word' id='word_1_318' title='bbox 3411 1280 3513 1334; x_wconf 89' lang='lat' dir='ltr'><strong>per</strong></span> 
     </span>
    </p>
   </div>
   <div class='ocr_carea' id='block_1_45' title="bbox 1862 1352 3510 1426">
    <p class='ocr_par' dir='ltr' id='par_1_45' title="bbox 1862 1352 3510 1426">
     <span class='ocr_line' id='line_1_45' title="bbox 1862 1352 3510 1426; baseline -0.001 -16"><span class='ocrx_word' id='word_1_319' title='bbox 1862 1354 2043 1410; x_wconf 90' lang='lat' dir='ltr'><strong>alium</strong></span> <span class='ocrx_word' id='word_1_320' title='bbox 2077 1355 2269 1411; x_wconf 82' lang='lat' dir='ltr'><strong>discas</strong></span> <span class='ocrx_word' id='word_1_321' title='bbox 2319 1356 2497 1426; x_wconf 90' lang='lat' dir='ltr'><strong>quod,</strong></span> <span class='ocrx_word' id='word_1_322' title='bbox 2533 1360 2587 1410; x_wconf 90' lang='lat' dir='ltr'><strong>te</strong></span> <span class='ocrx_word' id='word_1_323' title='bbox 2638 1355 2938 1425; x_wconf 79' lang='lat' dir='ltr'><strong>magistro,</strong></span> <span class='ocrx_word' id='word_1_324' title='bbox 2974 1370 3148 1426; x_wconf 89' lang='lat' dir='ltr'><strong>quam</strong></span> <span class='ocrx_word' id='word_1_325' title='bbox 3183 1352 3294 1408; x_wconf 89' lang='lat' dir='ltr'><strong>cito</strong></span> <span class='ocrx_word' id='word_1_326' title='bbox 3347 1358 3510 1424; x_wconf 90' lang='lat' dir='ltr'><strong>potes</strong></span> 
     </span>
    </p>
   </div>
   <div class='ocr_carea' id='block_1_46' title="bbox 1861 1441 3513 1516">
    <p class='ocr_par' dir='ltr' id='par_1_46' title="bbox 1861 1441 3513 1516">
     <span class='ocr_line' id='line_1_46' title="bbox 1861 1441 3513 1516; baseline -0.003 -16"><span class='ocrx_word' id='word_1_327' title='bbox 1861 1443 2174 1516; x_wconf 82' lang='lat' dir='ltr'><strong>experiri.»</strong></span> <span class='ocrx_word' id='word_1_328' title='bbox 2197 1444 2304 1510; x_wconf 89' lang='lat' dir='ltr'><strong>Qui</strong></span> <span class='ocrx_word' id='word_1_329' title='bbox 2337 1461 2471 1499; x_wconf 90' lang='lat' dir='ltr'><strong>cum</strong></span> <span class='ocrx_word' id='word_1_330' title='bbox 2523 1443 2633 1498; x_wconf 91' lang='lat' dir='ltr'><strong>sibi</strong></span> <span class='ocrx_word' id='word_1_331' title='bbox 2667 1443 2937 1515; x_wconf 90' lang='lat' dir='ltr'><strong>sciphum</strong></span> <span class='ocrx_word' id='word_1_332' title='bbox 2979 1460 3092 1514; x_wconf 93' lang='lat' dir='ltr'><strong>quo</strong></span> <span class='ocrx_word' id='word_1_333' title='bbox 3132 1441 3358 1497; x_wconf 89' lang='lat' dir='ltr'><strong>biberet</strong></span> <span class='ocrx_word' id='word_1_334' title='bbox 3387 1441 3513 1496; x_wconf 90' lang='lat' dir='ltr'><strong>dari</strong></span> 
     </span>
    </p>
   </div>
   <div class='ocr_carea' id='block_1_47' title="bbox 1862 1531 3515 1605">
    <p class='ocr_par' dir='ltr' id='par_1_47' title="bbox 1862 1531 3515 1605">
     <span class='ocr_line' id='line_1_47' title="bbox 1862 1531 3515 1605; baseline -0.001 -18"><span class='ocrx_word' id='word_1_335' title='bbox 1862 1533 2200 1605; x_wconf 88' lang='lat' dir='ltr'><strong>requireret,</strong></span> <span class='ocrx_word' id='word_1_336' title='bbox 2218 1533 2296 1588; x_wconf 89' lang='lat' dir='ltr'><strong>ait</strong></span> <span class='ocrx_word' id='word_1_337' title='bbox 2317 1535 2387 1588; x_wconf 90' lang='lat' dir='ltr'><strong>ad</strong></span> <span class='ocrx_word' id='word_1_338' title='bbox 2419 1550 2551 1588; x_wconf 90' lang='lat' dir='ltr'><strong>cum</strong></span> <span class='ocrx_word' id='word_1_339' title='bbox 2591 1550 2825 1587; x_wconf 85' lang='lat' dir='ltr'><strong>rursum</strong></span> <span class='ocrx_word' id='word_1_340' title='bbox 2850 1532 2937 1586; x_wconf 80' lang='lat' dir='ltr'><strong>vir</strong></span> <span class='ocrx_word' id='word_1_341' title='bbox 2965 1533 3172 1587; x_wconf 88' lang='lat' dir='ltr'><strong>beatus</strong></span> <span class='ocrx_word' id='word_1_342' title='bbox 3207 1549 3255 1586; x_wconf 80' lang='grc'><strong>;‹‹</strong></span> <span class='ocrx_word' id='word_1_343' title='bbox 3290 1531 3515 1602; x_wconf 89' lang='lat' dir='ltr'><strong>Nequa-</strong></span> 
     </span>
    </p>
   </div>
   <div class='ocr_carea' id='block_1_48' title="bbox 1861 1619 3512 1694">
    <p class='ocr_par' dir='ltr' id='par_1_48' title="bbox 1861 1619 3512 1694">
     <span class='ocr_line' id='line_1_48' title="bbox 1861 1619 3512 1694; baseline -0.001 -16"><span class='ocrx_word' id='word_1_344' title='bbox 1861 1639 2060 1694; x_wconf 89' lang='lat' dir='ltr'><strong>quam,</strong></span> <span class='ocrx_word' id='word_1_345' title='bbox 2095 1622 2153 1678; x_wconf 92' lang='lat' dir='ltr'><strong>in</strong></span> <span class='ocrx_word' id='word_1_346' title='bbox 2189 1623 2300 1679; x_wconf 88' lang='lat' dir='ltr'><strong>alio</strong></span> <span class='ocrx_word' id='word_1_347' title='bbox 2331 1639 2466 1678; x_wconf 88' lang='lat' dir='ltr'><strong>vase</strong></span> <span class='ocrx_word' id='word_1_348' title='bbox 2514 1620 2726 1678; x_wconf 91' lang='lat' dir='ltr'><strong>melius</strong></span> <span class='ocrx_word' id='word_1_349' title='bbox 2758 1621 2903 1676; x_wconf 90' lang='lat' dir='ltr'><strong>illud</strong></span> <span class='ocrx_word' id='word_1_350' title='bbox 2957 1620 3212 1676; x_wconf 90' lang='lat' dir='ltr'><strong>invenies</strong></span> <span class='ocrx_word' id='word_1_351' title='bbox 3243 1637 3422 1692; x_wconf 88' lang='lat' dir='ltr'><strong>quam</strong></span> <span class='ocrx_word' id='word_1_352' title='bbox 3452 1619 3512 1676; x_wconf 91' lang='lat' dir='ltr'><strong>in</strong></span> 
     </span>
    </p>
   </div>
   <div class='ocr_carea' id='block_1_49' title="bbox 1860 1709 3513 1783">
    <p class='ocr_par' dir='ltr' id='par_1_49' title="bbox 1860 1709 3513 1783">
     <span class='ocr_line' id='line_1_49' title="bbox 1860 1709 3513 1783; baseline 0 -17"><span class='ocrx_word' id='word_1_353' title='bbox 1860 1709 1960 1767; x_wconf 93' lang='lat' dir='ltr'><strong>illo</strong></span> <span class='ocrx_word' id='word_1_354' title='bbox 1992 1711 2051 1766; x_wconf 90' lang='lat' dir='ltr'><strong>in</strong></span> <span class='ocrx_word' id='word_1_355' title='bbox 2075 1729 2188 1783; x_wconf 91' lang='lat' dir='ltr'><strong>quo</strong></span> <span class='ocrx_word' id='word_1_356' title='bbox 2225 1711 2534 1767; x_wconf 84' lang='lat' dir='ltr'><strong>trahitur.»</strong></span> <span class='ocrx_word' id='word_1_357' title='bbox 2562 1711 2825 1782; x_wconf 85' lang='lat' dir='ltr'><strong>Cumque</strong></span> <span class='ocrx_word' id='word_1_358' title='bbox 2855 1710 2949 1765; x_wconf 89' lang='lat' dir='ltr'><strong>ille</strong></span> <span class='ocrx_word' id='word_1_359' title='bbox 2987 1709 3166 1766; x_wconf 87' lang='lat' dir='ltr'><strong>miser</strong></span> <span class='ocrx_word' id='word_1_360' title='bbox 3204 1713 3513 1767; x_wconf 88' lang='lat' dir='ltr'><strong>cantarum</strong></span> 
     </span>
    </p>
   </div>
   <div class='ocr_carea' id='block_1_50' title="bbox 1861 1800 3515 1872">
    <p class='ocr_par' dir='ltr' id='par_1_50' title="bbox 1861 1800 3515 1872">
     <span class='ocr_line' id='line_1_50' title="bbox 1861 1800 3515 1872; baseline -0.001 -16"><span class='ocrx_word' id='word_1_361' title='bbox 1861 1801 1934 1857; x_wconf 91' lang='lat' dir='ltr'><strong>ad</strong></span> <span class='ocrx_word' id='word_1_362' title='bbox 1965 1817 2030 1857; x_wconf 92' lang='lat' dir='ltr'><strong>os</strong></span> <span class='ocrx_word' id='word_1_363' title='bbox 2059 1806 2122 1856; x_wconf 92' lang='lat' dir='ltr'><strong>ut</strong></span> <span class='ocrx_word' id='word_1_364' title='bbox 2154 1801 2374 1856; x_wconf 87' lang='lat' dir='ltr'><strong>biberet</strong></span> <span class='ocrx_word' id='word_1_365' title='bbox 2406 1801 2720 1872; x_wconf 85' lang='lat' dir='ltr'><strong>posuisset,</strong></span> <span class='ocrx_word' id='word_1_366' title='bbox 2747 1800 2826 1854; x_wconf 90' lang='lat' dir='ltr'><strong>ita</strong></span> <span class='ocrx_word' id='word_1_367' title='bbox 2847 1800 3044 1854; x_wconf 89' lang='lat' dir='ltr'><strong>statim</strong></span> <span class='ocrx_word' id='word_1_368' title='bbox 3069 1816 3101 1854; x_wconf 92' lang='lat' dir='ltr'><strong>a</strong></span> <span class='ocrx_word' id='word_1_369' title='bbox 3128 1801 3330 1855; x_wconf 92' lang='lat' dir='ltr'><strong>morbo</strong></span> <span class='ocrx_word' id='word_1_370' title='bbox 3353 1817 3515 1872; x_wconf 87' lang='lat' dir='ltr'><strong>para-</strong></span> 
     </span>
    </p>
   </div>
   <div class='ocr_carea' id='block_1_51' title="bbox 1859 1889 3511 1963">
    <p class='ocr_par' dir='ltr' id='par_1_51' title="bbox 1859 1889 3511 1963">
     <span class='ocr_line' id='line_1_51' title="bbox 1859 1889 3511 1963; baseline -0.001 -18"><span class='ocrx_word' id='word_1_371' title='bbox 1859 1890 1972 1963; x_wconf 80' lang='lat' dir='ltr'><strong>lisy</strong></span> <span class='ocrx_word' id='word_1_372' title='bbox 2003 1895 2089 1946; x_wconf 90' lang='lat' dir='ltr'><strong>est</strong></span> <span class='ocrx_word' id='word_1_373' title='bbox 2122 1907 2455 1962; x_wconf 90' lang='lat' dir='ltr'><strong>percussus,</strong></span> <span class='ocrx_word' id='word_1_374' title='bbox 2482 1894 2546 1944; x_wconf 89' lang='lat' dir='ltr'><strong>ut</strong></span> <span class='ocrx_word' id='word_1_375' title='bbox 2588 1906 2872 1961; x_wconf 88' lang='lat' dir='ltr'><strong>spumans</strong></span> <span class='ocrx_word' id='word_1_376' title='bbox 2904 1890 2974 1944; x_wconf 88' lang='lat' dir='ltr'><strong>ad</strong></span> <span class='ocrx_word' id='word_1_377' title='bbox 3008 1893 3223 1944; x_wconf 87' lang='lat' dir='ltr'><strong>terram</strong></span> <span class='ocrx_word' id='word_1_378' title='bbox 3257 1889 3511 1956; x_wconf 89' lang='lat' dir='ltr'><strong>caderet,</strong></span> 
     </span>
    </p>
   </div>
   <div class='ocr_carea' id='block_1_52' title="bbox 1861 1975 3514 2050">
    <p class='ocr_par' dir='ltr' id='par_1_52' title="bbox 1861 1975 3514 2050">
     <span class='ocr_line' id='line_1_52' title="bbox 1861 1975 3514 2050; baseline -0.001 -16"><span class='ocrx_word' id='word_1_379' title='bbox 1861 1984 1918 2035; x_wconf 87' lang='lat' dir='ltr'><strong>et</strong></span> <span class='ocrx_word' id='word_1_380' title='bbox 1937 1980 2202 2035; x_wconf 90' lang='lat' dir='ltr'><strong>omnium</strong></span> <span class='ocrx_word' id='word_1_381' title='bbox 2228 1979 2624 2034; x_wconf 83' lang='lat' dir='ltr'><strong>membrorum</strong></span> <span class='ocrx_word' id='word_1_382' title='bbox 2661 1977 2891 2050; x_wconf 87' lang='lat' dir='ltr'><strong>penitus</strong></span> <span class='ocrx_word' id='word_1_383' title='bbox 2921 1978 3109 2034; x_wconf 82' lang='lat' dir='ltr'><strong>ofﬁcio</strong></span> <span class='ocrx_word' id='word_1_384' title='bbox 3137 1981 3374 2033; x_wconf 88' lang='lat' dir='ltr'><strong>careret.</strong></span> <span class='ocrx_word' id='word_1_385' title='bbox 3405 1975 3514 2043; x_wconf 87' lang='lat' dir='ltr'><strong>Qui</strong></span> 
     </span>
    </p>
   </div>
   <div class='ocr_carea' id='block_1_53' title="bbox 1862 2066 3517 2140">
    <p class='ocr_par' dir='ltr' id='par_1_53' title="bbox 1862 2066 3517 2140">
     <span class='ocr_line' id='line_1_53' title="bbox 1862 2066 3517 2140; baseline -0.002 -17"><span class='ocrx_word' id='word_1_386' title='bbox 1862 2067 2018 2124; x_wconf 90' lang='lat' dir='ltr'><strong>illico</strong></span> <span class='ocrx_word' id='word_1_387' title='bbox 2050 2068 2473 2140; x_wconf 88' lang='lat' dir='ltr'><strong>armigerorum</strong></span> <span class='ocrx_word' id='word_1_388' title='bbox 2499 2067 2775 2123; x_wconf 90' lang='lat' dir='ltr'><strong>manibus</strong></span> <span class='ocrx_word' id='word_1_389' title='bbox 2807 2067 2864 2121; x_wconf 91' lang='lat' dir='ltr'><strong>in</strong></span> <span class='ocrx_word' id='word_1_390' title='bbox 2893 2067 3054 2122; x_wconf 90' lang='lat' dir='ltr'><strong>curia</strong></span> <span class='ocrx_word' id='word_1_391' title='bbox 3075 2066 3322 2133; x_wconf 88' lang='lat' dir='ltr'><strong>delatus,</strong></span> <span class='ocrx_word' id='word_1_392' title='bbox 3346 2084 3379 2121; x_wconf 89' lang='lat' dir='ltr'><strong>a</strong></span> <span class='ocrx_word' id='word_1_393' title='bbox 3411 2066 3517 2120; x_wconf 89' lang='lat' dir='ltr'><strong>mi-</strong></span> 
     </span>
    </p>
   </div>
   <div class='ocr_carea' id='block_1_54' title="bbox 1861 2155 3517 2228">
    <p class='ocr_par' dir='ltr' id='par_1_54' title="bbox 1861 2155 3517 2228">
     <span class='ocr_line' id='line_1_54' title="bbox 1861 2155 3517 2228; baseline -0.001 -16"><span class='ocrx_word' id='word_1_394' title='bbox 1861 2157 2066 2213; x_wconf 90' lang='lat' dir='ltr'><strong>litibus</strong></span> <span class='ocrx_word' id='word_1_395' title='bbox 2097 2156 2570 2212; x_wconf 89' lang='lat' dir='ltr'><strong>circumvallatur</strong></span> <span class='ocrx_word' id='word_1_396' title='bbox 2593 2161 2647 2211; x_wconf 87' lang='lat' dir='ltr'><strong>et</strong></span> <span class='ocrx_word' id='word_1_397' title='bbox 2669 2175 2701 2211; x_wconf 88' lang='lat' dir='ltr'><strong>a</strong></span> <span class='ocrx_word' id='word_1_398' title='bbox 2727 2157 2929 2211; x_wconf 88' lang='lat' dir='ltr'><strong>multis</strong></span> <span class='ocrx_word' id='word_1_399' title='bbox 2959 2155 3276 2228; x_wconf 83' lang='lat' dir='ltr'><strong>plangitur.</strong></span> <span class='ocrx_word' id='word_1_400' title='bbox 3297 2155 3517 2210; x_wconf 88' lang='lat' dir='ltr'><strong>Deinde</strong></span> 
     </span>
    </p>
   </div>
   <div class='ocr_carea' id='block_1_55' title="bbox 1864 2244 3515 2316">
    <p class='ocr_par' dir='ltr' id='par_1_55' title="bbox 1864 2244 3515 2316">
     <span class='ocr_line' id='line_1_55' title="bbox 1864 2244 3515 2316; baseline -0.002 -14"><span class='ocrx_word' id='word_1_401' title='bbox 1864 2247 2064 2302; x_wconf 82' lang='lat' dir='ltr'><strong>comiti</strong></span> <span class='ocrx_word' id='word_1_402' title='bbox 2095 2248 2420 2302; x_wconf 88' lang='lat' dir='ltr'><strong>nonciatur.</strong></span> <span class='ocrx_word' id='word_1_403' title='bbox 2439 2245 2546 2312; x_wconf 88' lang='lat' dir='ltr'><strong>Qui</strong></span> <span class='ocrx_word' id='word_1_404' title='bbox 2578 2263 2710 2301; x_wconf 92' lang='lat' dir='ltr'><strong>cum</strong></span> <span class='ocrx_word' id='word_1_405' title='bbox 2735 2246 3038 2301; x_wconf 86' lang='lat' dir='ltr'><strong>didicisset</strong></span> <span class='ocrx_word' id='word_1_406' title='bbox 3059 2261 3180 2300; x_wconf 89' lang='lat' dir='ltr'><strong>rem</strong></span> <span class='ocrx_word' id='word_1_407' title='bbox 3207 2260 3385 2316; x_wconf 90' lang='lat' dir='ltr'><strong>quare</strong></span> <span class='ocrx_word' id='word_1_408' title='bbox 3406 2244 3515 2299; x_wconf 90' lang='lat' dir='ltr'><strong>hoc</strong></span> 
     </span>
    </p>
   </div>
   <div class='ocr_carea' id='block_1_56' title="bbox 1863 2334 3513 2404">
    <p class='ocr_par' dir='ltr' id='par_1_56' title="bbox 1863 2334 3513 2404">
     <span class='ocr_line' id='line_1_56' title="bbox 1863 2334 3513 2404; baseline -0.002 -12"><span class='ocrx_word' id='word_1_409' title='bbox 1863 2335 1914 2392; x_wconf 91' lang='lat' dir='ltr'><strong>ei</strong></span> <span class='ocrx_word' id='word_1_410' title='bbox 1947 2334 2275 2404; x_wconf 85' lang='lat' dir='ltr'><strong>accidisset,</strong></span> <span class='ocrx_word' id='word_1_411' title='bbox 2313 2335 2583 2392; x_wconf 89' lang='lat' dir='ltr'><strong>accersiri</strong></span> <span class='ocrx_word' id='word_1_412' title='bbox 2634 2334 2769 2390; x_wconf 90' lang='lat' dir='ltr'><strong>fecit</strong></span> <span class='ocrx_word' id='word_1_413' title='bbox 2817 2336 3052 2392; x_wconf 88' lang='lat' dir='ltr'><strong>beatum</strong></span> <span class='ocrx_word' id='word_1_414' title='bbox 3105 2334 3513 2390; x_wconf 90' lang='lat' dir='ltr'><strong>Sicmundum.</strong></span> 
     </span>
    </p>
   </div>
   <div class='ocr_carea' id='block_1_57' title="bbox 1865 2424 3516 2497">
    <p class='ocr_par' dir='ltr' id='par_1_57' title="bbox 1865 2424 3516 2497">
     <span class='ocr_line' id='line_1_57' title="bbox 1865 2424 3516 2497; baseline -0.002 -15"><span class='ocrx_word' id='word_1_415' title='bbox 1865 2425 1971 2492; x_wconf 89' lang='lat' dir='ltr'><strong>Qui</strong></span> <span class='ocrx_word' id='word_1_416' title='bbox 2004 2443 2137 2482; x_wconf 89' lang='lat' dir='ltr'><strong>cum</strong></span> <span class='ocrx_word' id='word_1_417' title='bbox 2168 2425 2442 2494; x_wconf 88' lang='lat' dir='ltr'><strong>venisset,</strong></span> <span class='ocrx_word' id='word_1_418' title='bbox 2469 2442 2572 2497; x_wconf 92' lang='lat' dir='ltr'><strong>pro</strong></span> <span class='ocrx_word' id='word_1_419' title='bbox 2605 2424 2822 2496; x_wconf 87' lang='lat' dir='ltr'><strong>injuria</strong></span> <span class='ocrx_word' id='word_1_420' title='bbox 2852 2424 2902 2480; x_wconf 88' lang='lat' dir='ltr'><strong>ei</strong></span> <span class='ocrx_word' id='word_1_421' title='bbox 2937 2425 3086 2480; x_wconf 87' lang='lat' dir='ltr'><strong>facta</strong></span> <span class='ocrx_word' id='word_1_422' title='bbox 3109 2425 3293 2496; x_wconf 89' lang='lat' dir='ltr'><strong>jussit</strong></span> <span class='ocrx_word' id='word_1_423' title='bbox 3321 2439 3516 2480; x_wconf 89' lang='lat' dir='ltr'><strong>comes</strong></span> 
     </span>
    </p>
   </div>
   <div class='ocr_carea' id='block_1_58' title="bbox 1865 2511 3520 2586">
    <p class='ocr_par' dir='ltr' id='par_1_58' title="bbox 1865 2511 3520 2586">
     <span class='ocr_line' id='line_1_58' title="bbox 1865 2511 3520 2586; baseline -0.003 -15"><span class='ocrx_word' id='word_1_424' title='bbox 1865 2532 2066 2571; x_wconf 90' lang='lat' dir='ltr'><strong>eorum</strong></span> <span class='ocrx_word' id='word_1_425' title='bbox 2098 2514 2298 2571; x_wconf 90' lang='lat' dir='ltr'><strong>oculos</strong></span> <span class='ocrx_word' id='word_1_426' title='bbox 2329 2514 2452 2570; x_wconf 90' lang='lat' dir='ltr'><strong>erui</strong></span> <span class='ocrx_word' id='word_1_427' title='bbox 2486 2514 2585 2586; x_wconf 88' lang='lat' dir='ltr'><strong>qui</strong></span> <span class='ocrx_word' id='word_1_428' title='bbox 2610 2513 2890 2569; x_wconf 81' lang='lat' dir='ltr'><strong>violenter</strong></span> <span class='ocrx_word' id='word_1_429' title='bbox 2922 2515 2991 2569; x_wconf 89' lang='lat' dir='ltr'><strong>de</strong></span> <span class='ocrx_word' id='word_1_430' title='bbox 3021 2514 3193 2569; x_wconf 89' lang='lat' dir='ltr'><strong>domo</strong></span> <span class='ocrx_word' id='word_1_431' title='bbox 3224 2512 3410 2586; x_wconf 90' lang='lat' dir='ltr'><strong>ipsius</strong></span> <span class='ocrx_word' id='word_1_432' title='bbox 3438 2511 3520 2566; x_wconf 86' lang='lat' dir='ltr'><strong>vi-</strong></span> 
     </span>
    </p>
   </div>
   <div class='ocr_carea' id='block_1_59' title="bbox 1866 2602 3519 2677">
    <p class='ocr_par' dir='ltr' id='par_1_59' title="bbox 1866 2602 3519 2677">
     <span class='ocr_line' id='line_1_59' title="bbox 1866 2602 3519 2677; baseline -0.004 -16"><span class='ocrx_word' id='word_1_433' title='bbox 1866 2623 2008 2661; x_wconf 89' lang='lat' dir='ltr'><strong>num</strong></span> <span class='ocrx_word' id='word_1_434' title='bbox 2034 2606 2534 2677; x_wconf 84' lang='lat' dir='ltr'><strong>absportaverant,</strong></span> <span class='ocrx_word' id='word_1_435' title='bbox 2559 2602 2735 2674; x_wconf 87' lang='lat' dir='ltr'><strong>idque</strong></span> <span class='ocrx_word' id='word_1_436' title='bbox 2757 2603 2815 2658; x_wconf 94' lang='lat' dir='ltr'><strong>in</strong></span> <span class='ocrx_word' id='word_1_437' title='bbox 2842 2603 3084 2658; x_wconf 90' lang='lat' dir='ltr'><strong>domum</strong></span> <span class='ocrx_word' id='word_1_438' title='bbox 3109 2602 3411 2658; x_wconf 81' lang='lat' dir='ltr'><strong>confestim</strong></span> <span class='ocrx_word' id='word_1_439' title='bbox 3436 2617 3519 2656; x_wconf 88' lang='lat' dir='ltr'><strong>re-</strong></span> 
     </span>
    </p>
   </div>
   <div class='ocr_carea' id='block_1_60' title="bbox 1866 2691 3518 2768">
    <p class='ocr_par' dir='ltr' id='par_1_60' title="bbox 1866 2691 3518 2768">
     <span class='ocr_line' id='line_1_60' title="bbox 1866 2691 3518 2768; baseline -0.002 -18"><span class='ocrx_word' id='word_1_440' title='bbox 1866 2695 2105 2768; x_wconf 87' lang='lat' dir='ltr'><strong>portari.</strong></span> <span class='ocrx_word' id='word_1_441' title='bbox 2133 2694 2401 2766; x_wconf 80' lang='lat' dir='ltr'><strong>Cumque</strong></span> <span class='ocrx_word' id='word_1_442' title='bbox 2431 2693 2518 2747; x_wconf 91' lang='lat' dir='ltr'><strong>vir</strong></span> <span class='ocrx_word' id='word_1_443' title='bbox 2548 2693 2752 2748; x_wconf 89' lang='lat' dir='ltr'><strong>beatus</strong></span> <span class='ocrx_word' id='word_1_444' title='bbox 2783 2692 3013 2748; x_wconf 90' lang='lat' dir='ltr'><strong>comitis</strong></span> <span class='ocrx_word' id='word_1_445' title='bbox 3043 2691 3307 2747; x_wconf 90' lang='lat' dir='ltr'><strong>animum</strong></span> <span class='ocrx_word' id='word_1_446' title='bbox 3338 2691 3518 2747; x_wconf 89' lang='lat' dir='ltr'><strong>vidis-</strong></span> 
     </span>
    </p>
   </div>
   <div class='ocr_carea' id='block_1_61' title="bbox 1866 2779 3519 2853">
    <p class='ocr_par' dir='ltr' id='par_1_61' title="bbox 1866 2779 3519 2853">
     <span class='ocr_line' id='line_1_61' title="bbox 1866 2779 3519 2853; baseline -0.004 -13"><span class='ocrx_word' id='word_1_447' title='bbox 1866 2787 1954 2840; x_wconf 89' lang='lat' dir='ltr'><strong>set</strong></span> <span class='ocrx_word' id='word_1_448' title='bbox 1985 2784 2302 2840; x_wconf 88' lang='lat' dir='ltr'><strong>admodum</strong></span> <span class='ocrx_word' id='word_1_449' title='bbox 2338 2782 2450 2838; x_wconf 92' lang='lat' dir='ltr'><strong>bile</strong></span> <span class='ocrx_word' id='word_1_450' title='bbox 2480 2798 2851 2850; x_wconf 89' lang='lat' dir='ltr'><strong>succensum,</strong></span> <span class='ocrx_word' id='word_1_451' title='bbox 2885 2800 3000 2837; x_wconf 93' lang='lat' dir='ltr'><strong>non</strong></span> <span class='ocrx_word' id='word_1_452' title='bbox 3033 2781 3197 2853; x_wconf 92' lang='lat' dir='ltr'><strong>prius</strong></span> <span class='ocrx_word' id='word_1_453' title='bbox 3229 2781 3300 2836; x_wconf 88' lang='lat' dir='ltr'><strong>ab</strong></span> <span class='ocrx_word' id='word_1_454' title='bbox 3333 2797 3398 2836; x_wconf 90' lang='lat' dir='ltr'><strong>eo</strong></span> <span class='ocrx_word' id='word_1_455' title='bbox 3430 2779 3519 2834; x_wconf 90' lang='lat' dir='ltr'><strong>di-</strong></span> 
     </span>
    </p>
   </div>
   <div class='ocr_carea' id='block_1_62' title="bbox 1867 2869 3520 2929">
    <p class='ocr_par' dir='ltr' id='par_1_62' title="bbox 1867 2869 3520 2929">
     <span class='ocr_line' id='line_1_62' title="bbox 1867 2869 3520 2929; baseline -0.003 0"><span class='ocrx_word' id='word_1_456' title='bbox 1867 2873 2077 2929; x_wconf 91' lang='lat' dir='ltr'><strong>scessit</strong></span> <span class='ocrx_word' id='word_1_457' title='bbox 2135 2873 2316 2928; x_wconf 90' lang='lat' dir='ltr'><strong>donec</strong></span> <span class='ocrx_word' id='word_1_458' title='bbox 2347 2870 2622 2928; x_wconf 90' lang='lat' dir='ltr'><strong>comitem</strong></span> <span class='ocrx_word' id='word_1_459' title='bbox 2653 2869 2844 2926; x_wconf 87' lang='lat' dir='ltr'><strong>verbis</strong></span> <span class='ocrx_word' id='word_1_460' title='bbox 2901 2869 3179 2926; x_wconf 84' lang='lat' dir='ltr'><strong>almifluis</strong></span> <span class='ocrx_word' id='word_1_461' title='bbox 3211 2871 3283 2926; x_wconf 87' lang='lat' dir='ltr'><strong>ab</strong></span> <span class='ocrx_word' id='word_1_462' title='bbox 3314 2869 3402 2925; x_wconf 84' lang='lat' dir='ltr'><strong>ira</strong></span> <span class='ocrx_word' id='word_1_463' title='bbox 3429 2885 3520 2925; x_wconf 87' lang='lat' dir='ltr'><strong>re-</strong></span> 
     </span>
    </p>
   </div>
   <div class='ocr_carea' id='block_1_63' title="bbox 1865 2959 3522 3034">
    <p class='ocr_par' dir='ltr' id='par_1_63' title="bbox 1865 2959 3522 3034">
     <span class='ocr_line' id='line_1_63' title="bbox 1865 2959 3522 3034; baseline -0.002 -16"><span class='ocrx_word' id='word_1_464' title='bbox 1865 2966 2114 3028; x_wconf 86' lang='lat' dir='ltr'><strong>vocaret,</strong></span> <span class='ocrx_word' id='word_1_465' title='bbox 2147 2967 2204 3018; x_wconf 92' lang='lat' dir='ltr'><strong>et</strong></span> <span class='ocrx_word' id='word_1_466' title='bbox 2251 2979 2378 3018; x_wconf 90' lang='lat' dir='ltr'><strong>reos</strong></span> <span class='ocrx_word' id='word_1_467' title='bbox 2410 2979 2443 3017; x_wconf 88' lang='lat' dir='ltr'><strong>a</strong></span> <span class='ocrx_word' id='word_1_468' title='bbox 2474 2978 2644 3034; x_wconf 66' lang='lat' dir='ltr'><strong>poena</strong></span> <span class='ocrx_word' id='word_1_469' title='bbox 2683 2959 2974 3027; x_wconf 90' lang='lat' dir='ltr'><strong>liberaret,</strong></span> <span class='ocrx_word' id='word_1_470' title='bbox 2998 2963 3055 3014; x_wconf 91' lang='lat' dir='ltr'><strong>et</strong></span> <span class='ocrx_word' id='word_1_471' title='bbox 3083 2959 3285 3014; x_wconf 90' lang='lat' dir='ltr'><strong>vinum</strong></span> <span class='ocrx_word' id='word_1_472' title='bbox 3328 2963 3393 3014; x_wconf 92' lang='lat' dir='ltr'><strong>ut</strong></span> <span class='ocrx_word' id='word_1_473' title='bbox 3431 2974 3522 3014; x_wconf 86' lang='lat' dir='ltr'><strong>co-</strong></span> 
     </span>
    </p>
   </div>
   <div class='ocr_carea' id='block_1_64' title="bbox 1868 3046 3521 3118">
    <p class='ocr_par' dir='ltr' id='par_1_64' title="bbox 1868 3046 3521 3118">
     <span class='ocr_line' id='line_1_64' title="bbox 1868 3046 3521 3118; baseline -0.001 -14"><span class='ocrx_word' id='word_1_474' title='bbox 1868 3067 1993 3105; x_wconf 91' lang='lat' dir='ltr'><strong>mes</strong></span> <span class='ocrx_word' id='word_1_475' title='bbox 2053 3050 2276 3106; x_wconf 90' lang='lat' dir='ltr'><strong>biberet</strong></span> <span class='ocrx_word' id='word_1_476' title='bbox 2334 3066 2576 3106; x_wconf 88' lang='lat' dir='ltr'><strong>munere</strong></span> <span class='ocrx_word' id='word_1_477' title='bbox 2633 3048 2934 3104; x_wconf 88' lang='lat' dir='ltr'><strong>charitatis</strong></span> <span class='ocrx_word' id='word_1_478' title='bbox 2994 3046 3301 3113; x_wconf 77' lang='lat' dir='ltr'><strong>obtineret,</strong></span> <span class='ocrx_word' id='word_1_479' title='bbox 3345 3051 3521 3118; x_wconf 87' lang='lat' dir='ltr'><strong>atque</strong></span> 
     </span>
    </p>
   </div>
   <div class='ocr_carea' id='block_1_65' title="bbox 145 3127 3522 3213">
    <p class='ocr_par' dir='ltr' id='par_1_65' title="bbox 145 3127 3522 3213">
     <span class='ocr_line' id='line_1_65' title="bbox 145 3127 3522 3213; baseline 0.001 -25"><span class='ocrx_word' id='word_1_480' title='bbox 145 3151 233 3188; x_wconf 86' lang='lat' dir='ltr'><strong>non</strong></span> <span class='ocrx_word' id='word_1_481' title='bbox 259 3135 439 3191; x_wconf 90' lang='lat' dir='ltr'><strong>solum</strong></span> <span class='ocrx_word' id='word_1_482' title='bbox 469 3136 532 3191; x_wconf 93' lang='lat' dir='ltr'><strong>in</strong></span> <span class='ocrx_word' id='word_1_483' title='bbox 566 3134 825 3207; x_wconf 89' lang='lat' dir='ltr'><strong>apotecis</strong></span> <span class='ocrx_word' id='word_1_484' title='bbox 845 3135 970 3192; x_wconf 88' lang='lat' dir='ltr'><strong>suis</strong></span> <span class='ocrx_word' id='word_1_485' title='bbox 989 3136 1291 3208; x_wconf 84' lang='lat' dir='ltr'><strong>defecisse,</strong></span> <span class='ocrx_word' id='word_1_486' title='bbox 1315 3137 1415 3192; x_wconf 91' lang='lat' dir='ltr'><strong>sed</strong></span> <span class='ocrx_word' id='word_1_487' title='bbox 1439 3136 1580 3209; x_wconf 91' lang='lat' dir='ltr'><strong>quid</strong></span> <span class='ocrx_word' id='word_1_488' title='bbox 1614 3136 1761 3192; x_wconf 87' lang='lat' dir='ltr'><strong>indi-</strong></span> <span class='ocrx_word' id='word_1_489' title='bbox 1789 3127 1833 3194; x_wconf 89' lang='lat' dir='ltr'><strong>C</strong></span> <span class='ocrx_word' id='word_1_490' title='bbox 1866 3139 2061 3213; x_wconf 91' lang='lat' dir='ltr'><strong>ipsum</strong></span> <span class='ocrx_word' id='word_1_491' title='bbox 2097 3139 2436 3211; x_wconf 90' lang='lat' dir='ltr'><strong>pincernam</strong></span> <span class='ocrx_word' id='word_1_492' title='bbox 2462 3137 2697 3210; x_wconf 88' lang='lat' dir='ltr'><strong>paralisi</strong></span> <span class='ocrx_word' id='word_1_493' title='bbox 2730 3152 3075 3208; x_wconf 89' lang='lat' dir='ltr'><strong>percussum</strong></span> <span class='ocrx_word' id='word_1_494' title='bbox 3109 3136 3240 3192; x_wconf 88' lang='lat' dir='ltr'><strong>fusa</strong></span> <span class='ocrx_word' id='word_1_495' title='bbox 3261 3135 3522 3191; x_wconf 89' lang='lat' dir='ltr'><strong>oratione</strong></span> 
     </span>
    </p>
   </div>
   <div class='ocr_carea' id='block_1_66' title="bbox 144 3223 1759 3298">
    <p class='ocr_par' dir='ltr' id='par_1_66' title="bbox 144 3223 1759 3298">
     <span class='ocr_line' id='line_1_66' title="bbox 144 3223 1759 3298; baseline 0.002 -19"><span class='ocrx_word' id='word_1_496' title='bbox 144 3224 376 3295; x_wconf 73' lang='lat' dir='ltr'><strong>gentibus</strong></span> <span class='ocrx_word' id='word_1_497' title='bbox 402 3223 723 3298; x_wconf 81' lang='lat' dir='ltr'><strong>largiretur</strong></span> <span class='ocrx_word' id='word_1_498' title='bbox 750 3224 1010 3297; x_wconf 81' lang='lat' dir='ltr'><strong>pcenitus</strong></span> <span class='ocrx_word' id='word_1_499' title='bbox 1039 3241 1152 3280; x_wconf 92' lang='lat' dir='ltr'><strong>non</strong></span> <span class='ocrx_word' id='word_1_500' title='bbox 1194 3224 1415 3282; x_wconf 88' lang='lat' dir='ltr'><strong>haberi.</strong></span> <span class='ocrx_word' id='word_1_501' title='bbox 1453 3225 1599 3282; x_wconf 89' lang='lat' dir='ltr'><strong>Nam</strong></span> <span class='ocrx_word' id='word_1_502' title='bbox 1630 3242 1759 3282; x_wconf 90' lang='lat' dir='ltr'><strong>mos</strong></span> 
     </span>
    </p>
   </div>
   <div class='ocr_carea' id='block_1_67' title="bbox 143 3312 1762 3385">
    <p class='ocr_par' dir='ltr' id='par_1_67' title="bbox 143 3312 1762 3385">
     <span class='ocr_line' id='line_1_67' title="bbox 143 3312 1762 3385; baseline 0.001 -17"><span class='ocrx_word' id='word_1_503' title='bbox 143 3314 266 3368; x_wconf 83' lang='lat' dir='ltr'><strong>beati</strong></span> <span class='ocrx_word' id='word_1_504' title='bbox 293 3313 391 3370; x_wconf 85' lang='lat' dir='ltr'><strong>viri</strong></span> <span class='ocrx_word' id='word_1_505' title='bbox 423 3314 481 3369; x_wconf 92' lang='lat' dir='ltr'><strong>in</strong></span> <span class='ocrx_word' id='word_1_506' title='bbox 515 3312 682 3369; x_wconf 89' lang='lat' dir='ltr'><strong>omni</strong></span> <span class='ocrx_word' id='word_1_507' title='bbox 714 3313 834 3368; x_wconf 90' lang='lat' dir='ltr'><strong>vita</strong></span> <span class='ocrx_word' id='word_1_508' title='bbox 882 3331 989 3370; x_wconf 91' lang='lat' dir='ltr'><strong>sua</strong></span> <span class='ocrx_word' id='word_1_509' title='bbox 1035 3313 1225 3370; x_wconf 89' lang='lat' dir='ltr'><strong>extitit</strong></span> <span class='ocrx_word' id='word_1_510' title='bbox 1255 3319 1319 3369; x_wconf 91' lang='lat' dir='ltr'><strong>ut</strong></span> <span class='ocrx_word' id='word_1_511' title='bbox 1347 3331 1382 3370; x_wconf 87' lang='lat' dir='ltr'><strong>a</strong></span> <span class='ocrx_word' id='word_1_512' title='bbox 1412 3315 1585 3370; x_wconf 92' lang='lat' dir='ltr'><strong>domo</strong></span> <span class='ocrx_word' id='word_1_513' title='bbox 1633 3315 1762 3385; x_wconf 88' lang='lat' dir='ltr'><strong>ejus</strong></span> 
     </span>
    </p>
   </div>
   <div class='ocr_carea' id='block_1_68' title="bbox 143 3401 1762 3476">
    <p class='ocr_par' dir='ltr' id='par_1_68' title="bbox 143 3401 1762 3476">
     <span class='ocr_line' id='line_1_68' title="bbox 143 3401 1762 3476; baseline 0.002 -21"><span class='ocrx_word' id='word_1_514' title='bbox 143 3417 428 3475; x_wconf 80' lang='lat' dir='ltr'><strong>numquam</strong></span> <span class='ocrx_word' id='word_1_515' title='bbox 459 3419 690 3476; x_wconf 83' lang='lat' dir='ltr'><strong>pauper</strong></span> <span class='ocrx_word' id='word_1_516' title='bbox 717 3419 938 3458; x_wconf 89' lang='lat' dir='ltr'><strong>vacuus</strong></span> <span class='ocrx_word' id='word_1_517' title='bbox 969 3402 1202 3459; x_wconf 89' lang='lat' dir='ltr'><strong>rediret.</strong></span> <span class='ocrx_word' id='word_1_518' title='bbox 1230 3407 1512 3475; x_wconf 89' lang='lat' dir='ltr'><strong>Cumque,</strong></span> <span class='ocrx_word' id='word_1_519' title='bbox 1536 3401 1762 3475; x_wconf 83' lang='lat' dir='ltr'><strong>expleto</strong></span> 
     </span>
    </p>
   </div>
   <div class='ocr_carea' id='block_1_69' title="bbox 139 3491 1764 3566">
    <p class='ocr_par' dir='ltr' id='par_1_69' title="bbox 139 3491 1764 3566">
     <span class='ocr_line' id='line_1_69' title="bbox 139 3491 1764 3566; baseline 0.002 -21"><span class='ocrx_word' id='word_1_520' title='bbox 139 3507 192 3546; x_wconf 76' lang='lat' dir='ltr'><strong>ex</strong></span> <span class='ocrx_word' id='word_1_521' title='bbox 216 3491 423 3566; x_wconf 87' lang='lat' dir='ltr'><strong>integro</strong></span> <span class='ocrx_word' id='word_1_522' title='bbox 482 3509 663 3566; x_wconf 87' lang='lat' dir='ltr'><strong>opere</strong></span> <span class='ocrx_word' id='word_1_523' title='bbox 721 3491 837 3560; x_wconf 91' lang='lat' dir='ltr'><strong>Dei,</strong></span> <span class='ocrx_word' id='word_1_524' title='bbox 873 3495 1008 3548; x_wconf 90' lang='lat' dir='ltr'><strong>ante</strong></span> <span class='ocrx_word' id='word_1_525' title='bbox 1066 3491 1246 3548; x_wconf 90' lang='lat' dir='ltr'><strong>altare</strong></span> <span class='ocrx_word' id='word_1_526' title='bbox 1302 3491 1402 3548; x_wconf 89' lang='lat' dir='ltr'><strong>Dei</strong></span> <span class='ocrx_word' id='word_1_527' title='bbox 1461 3491 1764 3565; x_wconf 86' lang='lat' dir='ltr'><strong>genitricis</strong></span> 
     </span>
    </p>
   </div>
   <div class='ocr_carea' id='block_1_70' title="bbox 141 3581 1764 3656">
    <p class='ocr_par' dir='ltr' id='par_1_70' title="bbox 141 3581 1764 3656">
     <span class='ocr_line' id='line_1_70' title="bbox 141 3581 1764 3656; baseline 0.002 -20"><span class='ocrx_word' id='word_1_528' title='bbox 141 3581 322 3650; x_wconf 71' lang='lat' dir='ltr'><strong>Maria,</strong></span> <span class='ocrx_word' id='word_1_529' title='bbox 353 3582 517 3639; x_wconf 78' lang='lat' dir='ltr'><strong>ﬂexis</strong></span> <span class='ocrx_word' id='word_1_530' title='bbox 547 3582 824 3656; x_wconf 86' lang='lat' dir='ltr'><strong>genibus,</strong></span> <span class='ocrx_word' id='word_1_531' title='bbox 859 3599 1176 3656; x_wconf 89' lang='lat' dir='ltr'><strong>parumper</strong></span> <span class='ocrx_word' id='word_1_532' title='bbox 1206 3583 1418 3639; x_wconf 89' lang='lat' dir='ltr'><strong>tacitus</strong></span> <span class='ocrx_word' id='word_1_533' title='bbox 1451 3584 1764 3640; x_wconf 91' lang='lat' dir='ltr'><strong>Dominum</strong></span> 
     </span>
    </p>
   </div>
   <div class='ocr_carea' id='block_1_71' title="bbox 137 3671 1764 3746">
    <p class='ocr_par' dir='ltr' id='par_1_71' title="bbox 137 3671 1764 3746">
     <span class='ocr_line' id='line_1_71' title="bbox 137 3671 1764 3746; baseline 0.001 -20"><span class='ocrx_word' id='word_1_534' title='bbox 137 3677 383 3738; x_wconf 63' lang='lat' dir='ltr'><strong>sacraret,</strong></span> <span class='ocrx_word' id='word_1_535' title='bbox 407 3673 692 3728; x_wconf 88' lang='lat' dir='ltr'><strong>muniens</strong></span> <span class='ocrx_word' id='word_1_536' title='bbox 713 3688 776 3727; x_wconf 90' lang='lat' dir='ltr'><strong>se</strong></span> <span class='ocrx_word' id='word_1_537' title='bbox 803 3671 995 3728; x_wconf 92' lang='lat' dir='ltr'><strong>crucis</strong></span> <span class='ocrx_word' id='word_1_538' title='bbox 1017 3671 1183 3746; x_wconf 90' lang='lat' dir='ltr'><strong>signo</strong></span> <span class='ocrx_word' id='word_1_539' title='bbox 1218 3677 1391 3744; x_wconf 91' lang='lat' dir='ltr'><strong>atque</strong></span> <span class='ocrx_word' id='word_1_540' title='bbox 1421 3689 1672 3746; x_wconf 88' lang='lat' dir='ltr'><strong>surgens</strong></span> <span class='ocrx_word' id='word_1_541' title='bbox 1693 3672 1764 3728; x_wconf 89' lang='lat' dir='ltr'><strong>ab</strong></span> 
     </span>
    </p>
   </div>
   <div class='ocr_carea' id='block_1_72' title="bbox 138 3759 1765 3828">
    <p class='ocr_par' dir='ltr' id='par_1_72' title="bbox 138 3759 1765 3828">
     <span class='ocr_line' id='line_1_72' title="bbox 138 3759 1765 3828; baseline 0.002 -15"><span class='ocrx_word' id='word_1_542' title='bbox 138 3759 379 3828; x_wconf 76' lang='lat' dir='ltr'><strong>aratione,</strong></span> <span class='ocrx_word' id='word_1_543' title='bbox 404 3762 657 3818; x_wconf 87' lang='lat' dir='ltr'><strong>domum</strong></span> <span class='ocrx_word' id='word_1_544' title='bbox 715 3760 908 3817; x_wconf 90' lang='lat' dir='ltr'><strong>rediit.</strong></span> <span class='ocrx_word' id='word_1_545' title='bbox 933 3760 1062 3828; x_wconf 90' lang='lat' dir='ltr'><strong>Qui,</strong></span> <span class='ocrx_word' id='word_1_546' title='bbox 1112 3761 1392 3818; x_wconf 89' lang='lat' dir='ltr'><strong>accercito</strong></span> <span class='ocrx_word' id='word_1_547' title='bbox 1423 3762 1765 3827; x_wconf 89' lang='lat' dir='ltr'><strong>echonomo,</strong></span> 
     </span>
    </p>
   </div>
   <div class='ocr_carea' id='block_1_73' title="bbox 136 3847 1768 3924">
    <p class='ocr_par' dir='ltr' id='par_1_73' title="bbox 136 3847 1768 3924">
     <span class='ocr_line' id='line_1_73' title="bbox 136 3847 1768 3924; baseline 0.004 -23"><span class='ocrx_word' id='word_1_548' title='bbox 136 3847 333 3917; x_wconf 68' lang='lat' dir='ltr'><strong>«Vade,</strong></span> <span class='ocrx_word' id='word_1_549' title='bbox 365 3850 588 3923; x_wconf 87' lang='lat' dir='ltr'><strong>inquit,</strong></span> <span class='ocrx_word' id='word_1_550' title='bbox 625 3850 783 3923; x_wconf 88' lang='lat' dir='ltr'><strong>aperi</strong></span> <span class='ocrx_word' id='word_1_551' title='bbox 830 3849 1008 3906; x_wconf 89' lang='lat' dir='ltr'><strong>michi</strong></span> <span class='ocrx_word' id='word_1_552' title='bbox 1034 3867 1237 3907; x_wconf 91' lang='lat' dir='ltr'><strong>omnes</strong></span> <span class='ocrx_word' id='word_1_553' title='bbox 1288 3851 1499 3907; x_wconf 89' lang='lat' dir='ltr'><strong>domus</strong></span> <span class='ocrx_word' id='word_1_554' title='bbox 1530 3851 1768 3924; x_wconf 89' lang='lat' dir='ltr'><strong>apothe-</strong></span> 
     </span>
    </p>
   </div>
   <div class='ocr_carea' id='block_1_74' title="bbox 138 3939 1769 4013">
    <p class='ocr_par' dir='ltr' id='par_1_74' title="bbox 138 3939 1769 4013">
     <span class='ocr_line' id='line_1_74' title="bbox 138 3939 1769 4013; baseline 0.002 -21"><span class='ocrx_word' id='word_1_555' title='bbox 138 3953 232 3993; x_wconf 80' lang='lat' dir='ltr'><strong>cas.</strong></span> <span class='ocrx_word' id='word_1_556' title='bbox 256 3963 281 3988; x_wconf 83' lang='lat'>»</span> <span class='ocrx_word' id='word_1_557' title='bbox 303 3941 435 4006; x_wconf 76' lang='lat' dir='ltr'><strong>Quae</strong></span> <span class='ocrx_word' id='word_1_558' title='bbox 468 3945 538 3996; x_wconf 91' lang='lat' dir='ltr'><strong>ut</strong></span> <span class='ocrx_word' id='word_1_559' title='bbox 571 3945 786 4011; x_wconf 70' lang='lat' dir='ltr'><strong>aperta:</strong></span> <span class='ocrx_word' id='word_1_560' title='bbox 809 3943 952 3995; x_wconf 90' lang='lat' dir='ltr'><strong>sunt</strong></span> <span class='ocrx_word' id='word_1_561' title='bbox 981 3944 1155 4012; x_wconf 89' lang='lat' dir='ltr'><strong>atque</strong></span> <span class='ocrx_word' id='word_1_562' title='bbox 1177 3940 1250 3996; x_wconf 87' lang='lat' dir='ltr'><strong>ab</strong></span> <span class='ocrx_word' id='word_1_563' title='bbox 1282 3957 1349 3996; x_wconf 90' lang='lat' dir='ltr'><strong>eo</strong></span> <span class='ocrx_word' id='word_1_564' title='bbox 1381 3940 1549 4013; x_wconf 90' lang='lat' dir='ltr'><strong>signo</strong></span> <span class='ocrx_word' id='word_1_565' title='bbox 1579 3939 1769 3996; x_wconf 89' lang='lat' dir='ltr'><strong>crucis</strong></span> 
     </span>
    </p>
   </div>
   <div class='ocr_carea' id='block_1_75' title="bbox 137 4026 1770 4101">
    <p class='ocr_par' dir='ltr' id='par_1_75' title="bbox 137 4026 1770 4101">
     <span class='ocr_line' id='line_1_75' title="bbox 137 4026 1770 4101; baseline 0.002 -21"><span class='ocrx_word' id='word_1_566' title='bbox 137 4026 365 4099; x_wconf 68' lang='lat' dir='ltr'><strong>signata,</strong></span> <span class='ocrx_word' id='word_1_567' title='bbox 395 4029 582 4098; x_wconf 88' lang='lat' dir='ltr'><strong>illico,</strong></span> <span class='ocrx_word' id='word_1_568' title='bbox 621 4028 912 4085; x_wconf 86' lang='lat' dir='ltr'><strong>Creatoris</strong></span> <span class='ocrx_word' id='word_1_569' title='bbox 961 4033 1130 4097; x_wconf 88' lang='lat' dir='ltr'><strong>nutu,</strong></span> <span class='ocrx_word' id='word_1_570' title='bbox 1171 4029 1255 4085; x_wconf 90' lang='lat' dir='ltr'><strong>ita</strong></span> <span class='ocrx_word' id='word_1_571' title='bbox 1294 4030 1532 4085; x_wconf 90' lang='lat' dir='ltr'><strong>fuerunt</strong></span> <span class='ocrx_word' id='word_1_572' title='bbox 1588 4028 1770 4101; x_wconf 64' lang='lat' dir='ltr'><strong>plenas</strong></span> 
     </span>
    </p>
   </div>
   <div class='ocr_carea' id='block_1_76' title="bbox 139 4116 1774 4191">
    <p class='ocr_par' dir='ltr' id='par_1_76' title="bbox 139 4116 1774 4191">
     <span class='ocr_line' id='line_1_76' title="bbox 139 4116 1774 4191; baseline 0.004 -23"><span class='ocrx_word' id='word_1_573' title='bbox 139 4116 352 4173; x_wconf 66' lang='lat' dir='ltr'><strong>inventae</strong></span> <span class='ocrx_word' id='word_1_574' title='bbox 402 4119 582 4191; x_wconf 86' lang='lat' dir='ltr'><strong>quasi</strong></span> <span class='ocrx_word' id='word_1_575' title='bbox 641 4135 675 4174; x_wconf 91' lang='lat' dir='ltr'><strong>a</strong></span> <span class='ocrx_word' id='word_1_576' title='bbox 731 4116 1003 4190; x_wconf 70' lang='lat' dir='ltr'><strong>praesenti</strong></span> <span class='ocrx_word' id='word_1_577' title='bbox 1063 4121 1311 4174; x_wconf 90' lang='lat' dir='ltr'><strong>autunto</strong></span> <span class='ocrx_word' id='word_1_578' title='bbox 1343 4119 1490 4191; x_wconf 90' lang='grc'>(118)</span> <span class='ocrx_word' id='word_1_579' title='bbox 1522 4119 1774 4174; x_wconf 89' lang='lat' dir='ltr'><strong>fuissent</strong></span> 
     </span>
    </p>
   </div>
   <div class='ocr_carea' id='block_1_77' title="bbox 140 4203 1770 4279">
    <p class='ocr_par' dir='ltr' id='par_1_77' title="bbox 140 4203 1770 4279">
     <span class='ocr_line' id='line_1_77' title="bbox 140 4203 1770 4279; baseline 0.002 -20"><span class='ocrx_word' id='word_1_580' title='bbox 140 4203 379 4278; x_wconf 67' lang='lat' dir='ltr'><strong>impleta,</strong></span> <span class='ocrx_word' id='word_1_581' title='bbox 406 4209 736 4279; x_wconf 88' lang='lat' dir='ltr'><strong>statimque</strong></span> <span class='ocrx_word' id='word_1_582' title='bbox 767 4224 1094 4264; x_wconf 88' lang='lat' dir='ltr'><strong>convocans</strong></span> <span class='ocrx_word' id='word_1_583' title='bbox 1124 4208 1534 4279; x_wconf 90' lang='lat' dir='ltr'><strong>echonomum,</strong></span> <span class='ocrx_word' id='word_1_584' title='bbox 1564 4229 1590 4260; x_wconf 75' lang='grc' dir='ltr'>ι</span> <span class='ocrx_word' id='word_1_585' title='bbox 1620 4207 1770 4276; x_wconf 91' lang='lat' dir='ltr'><strong>Noli,</strong></span> 
     </span>
    </p>
   </div>
   <div class='ocr_carea' id='block_1_78' title="bbox 140 4294 1774 4367">
    <p class='ocr_par' dir='ltr' id='par_1_78' title="bbox 140 4294 1774 4367">
     <span class='ocr_line' id='line_1_78' title="bbox 140 4294 1774 4367; baseline 0.005 -21"><span class='ocrx_word' id='word_1_586' title='bbox 140 4294 326 4367; x_wconf 85' lang='lat' dir='ltr'><strong>inquit,</strong></span> <span class='ocrx_word' id='word_1_587' title='bbox 359 4313 490 4354; x_wconf 87' lang='lat' dir='ltr'><strong>esse</strong></span> <span class='ocrx_word' id='word_1_588' title='bbox 531 4298 598 4352; x_wconf 92' lang='lat' dir='ltr'><strong>in</strong></span> <span class='ocrx_word' id='word_1_589' title='bbox 641 4297 834 4352; x_wconf 86' lang='lat' dir='ltr'><strong>dando</strong></span> <span class='ocrx_word' id='word_1_590' title='bbox 874 4296 1202 4354; x_wconf 90' lang='lat' dir='ltr'><strong>sollicitus:</strong></span> <span class='ocrx_word' id='word_1_591' title='bbox 1235 4297 1578 4354; x_wconf 86' lang='lat' dir='ltr'><strong>timentibus</strong></span> <span class='ocrx_word' id='word_1_592' title='bbox 1617 4296 1774 4354; x_wconf 89' lang='lat' dir='ltr'><strong>enim</strong></span> 
     </span>
    </p>
   </div>
   <div class='ocr_carea' id='block_1_79' title="bbox 143 4381 1778 4460">
    <p class='ocr_par' dir='ltr' id='par_1_79' title="bbox 143 4381 1778 4460">
     <span class='ocr_line' id='line_1_79' title="bbox 143 4381 1778 4460; baseline 0.004 -23"><span class='ocrx_word' id='word_1_593' title='bbox 143 4381 302 4442; x_wconf 85' lang='lat' dir='ltr'><strong>Deum</strong></span> <span class='ocrx_word' id='word_1_594' title='bbox 334 4386 514 4442; x_wconf 86' lang='lat' dir='ltr'><strong>nichil</strong></span> <span class='ocrx_word' id='word_1_595' title='bbox 545 4386 741 4454; x_wconf 87' lang='lat' dir='ltr'><strong>deest;</strong></span> <span class='ocrx_word' id='word_1_596' title='bbox 775 4391 862 4442; x_wconf 90' lang='lat' dir='ltr'><strong>set</strong></span> <span class='ocrx_word' id='word_1_597' title='bbox 882 4385 1121 4460; x_wconf 89' lang='lat' dir='ltr'><strong>largiter</strong></span> <span class='ocrx_word' id='word_1_598' title='bbox 1141 4404 1266 4459; x_wconf 70' lang='lat' dir='ltr'><strong>qua:</strong></span> <span class='ocrx_word' id='word_1_599' title='bbox 1289 4387 1472 4460; x_wconf 88' lang='lat' dir='ltr'><strong>gratis</strong></span> <span class='ocrx_word' id='word_1_600' title='bbox 1493 4387 1778 4443; x_wconf 91' lang='lat' dir='ltr'><strong>Dominus</strong></span> 
     </span>
    </p>
   </div>
   <div class='ocr_carea' id='block_1_80' title="bbox 147 4474 1778 4548">
    <p class='ocr_par' dir='ltr' id='par_1_80' title="bbox 147 4474 1778 4548">
     <span class='ocr_line' id='line_1_80' title="bbox 147 4474 1778 4548; baseline 0.003 -21"><span class='ocrx_word' id='word_1_601' title='bbox 147 4475 293 4532; x_wconf 81' lang='lat' dir='ltr'><strong>nobis</strong></span> <span class='ocrx_word' id='word_1_602' title='bbox 321 4476 738 4548; x_wconf 88' lang='lat' dir='ltr'><strong>peccatoribus</strong></span> <span class='ocrx_word' id='word_1_603' title='bbox 794 4474 994 4547; x_wconf 91' lang='lat' dir='ltr'><strong>largiri</strong></span> <span class='ocrx_word' id='word_1_604' title='bbox 1034 4475 1306 4546; x_wconf 77' lang='lat' dir='ltr'><strong>dignatus</strong></span> <span class='ocrx_word' id='word_1_605' title='bbox 1361 4481 1470 4543; x_wconf 91' lang='lat' dir='ltr'><strong>est,</strong></span> <span class='ocrx_word' id='word_1_606' title='bbox 1502 4477 1778 4533; x_wconf 90' lang='lat' dir='ltr'><strong>manibus</strong></span> 
     </span>
    </p>
   </div>
   <div class='ocr_carea' id='block_1_81' title="bbox 147 4563 1781 4639">
    <p class='ocr_par' dir='ltr' id='par_1_81' title="bbox 147 4563 1781 4639">
     <span class='ocr_line' id='line_1_81' title="bbox 147 4563 1781 4639; baseline 0.003 -22"><span class='ocrx_word' id='word_1_607' title='bbox 147 4577 449 4636; x_wconf 80' lang='lat' dir='ltr'><strong>pauperum</strong></span> <span class='ocrx_word' id='word_1_608' title='bbox 483 4581 727 4639; x_wconf 89' lang='lat' dir='ltr'><strong>repone.</strong></span> <span class='ocrx_word' id='word_1_609' title='bbox 772 4565 900 4620; x_wconf 84' lang='lat' dir='ltr'><strong>Non</strong></span> <span class='ocrx_word' id='word_1_610' title='bbox 941 4563 1098 4620; x_wconf 89' lang='lat' dir='ltr'><strong>enim</strong></span> <span class='ocrx_word' id='word_1_611' title='bbox 1132 4565 1251 4620; x_wconf 65' lang='lat' dir='ltr'><strong>haec</strong></span> <span class='ocrx_word' id='word_1_612' title='bbox 1278 4564 1549 4620; x_wconf 82' lang='lat' dir='ltr'><strong>deficient</strong></span> <span class='ocrx_word' id='word_1_613' title='bbox 1578 4567 1781 4638; x_wconf 89' lang='lat' dir='ltr'><strong>donec,</strong></span> 
     </span>
    </p>
   </div>
   <div class='ocr_carea' id='block_1_82' title="bbox 149 4653 1782 4726">
    <p class='ocr_par' dir='ltr' id='par_1_82' title="bbox 149 4653 1782 4726">
     <span class='ocr_line' id='line_1_82' title="bbox 149 4653 1782 4726; baseline 0.003 -21"><span class='ocrx_word' id='word_1_614' title='bbox 149 4670 272 4709; x_wconf 88' lang='lat' dir='ltr'><strong>novo</strong></span> <span class='ocrx_word' id='word_1_615' title='bbox 293 4672 443 4711; x_wconf 88' lang='lat' dir='ltr'><strong>anno</strong></span> <span class='ocrx_word' id='word_1_616' title='bbox 477 4655 785 4722; x_wconf 88' lang='lat' dir='ltr'><strong>redeunte,</strong></span> <span class='ocrx_word' id='word_1_617' title='bbox 806 4653 972 4710; x_wconf 91' lang='lat' dir='ltr'><strong>novis</strong></span> <span class='ocrx_word' id='word_1_618' title='bbox 1003 4654 1566 4726; x_wconf 88' lang='lat' dir='ltr'><strong>supervenientibus,</strong></span> <span class='ocrx_word' id='word_1_619' title='bbox 1587 4661 1782 4710; x_wconf 87' lang='lat' dir='ltr'><strong>vetera</strong></span> 
     </span>
    </p>
   </div>
   <div class='ocr_carea' id='block_1_83' title="bbox 148 4741 1784 4816">
    <p class='ocr_par' dir='ltr' id='par_1_83' title="bbox 148 4741 1784 4816">
     <span class='ocr_line' id='line_1_83' title="bbox 148 4741 1784 4816; baseline 0.002 -21"><span class='ocrx_word' id='word_1_620' title='bbox 148 4743 449 4812; x_wconf 79' lang='lat' dir='ltr'><strong>pmjicies.»</strong></span> <span class='ocrx_word' id='word_1_621' title='bbox 477 4743 544 4799; x_wconf 91' lang='lat' dir='ltr'><strong>In</strong></span> <span class='ocrx_word' id='word_1_622' title='bbox 571 4759 688 4816; x_wconf 88' lang='lat' dir='ltr'><strong>quo</strong></span> <span class='ocrx_word' id='word_1_623' title='bbox 717 4743 870 4798; x_wconf 89' lang='lat' dir='ltr'><strong>facto</strong></span> <span class='ocrx_word' id='word_1_624' title='bbox 916 4741 1078 4797; x_wconf 90' lang='lat' dir='ltr'><strong>illius</strong></span> <span class='ocrx_word' id='word_1_625' title='bbox 1110 4741 1400 4815; x_wconf 78' lang='lat' dir='ltr'><strong>prophetae</strong></span> <span class='ocrx_word' id='word_1_626' title='bbox 1433 4761 1548 4799; x_wconf 92' lang='lat' dir='ltr'><strong>non</strong></span> <span class='ocrx_word' id='word_1_627' title='bbox 1592 4743 1784 4815; x_wconf 91' lang='lat' dir='ltr'><strong>impar</strong></span> 
     </span>
    </p>
   </div>
   <div class='ocr_carea' id='block_1_84' title="bbox 147 4830 1782 4904">
    <p class='ocr_par' dir='ltr' id='par_1_84' title="bbox 147 4830 1782 4904">
     <span class='ocr_line' id='line_1_84' title="bbox 147 4830 1782 4904; baseline 0.002 -19"><span class='ocrx_word' id='word_1_628' title='bbox 147 4845 255 4886; x_wconf 78' lang='lat' dir='ltr'><strong>esse</strong></span> <span class='ocrx_word' id='word_1_629' title='bbox 279 4832 530 4901; x_wconf 78' lang='lat' dir='ltr'><strong>videtur,</strong></span> <span class='ocrx_word' id='word_1_630' title='bbox 558 4832 661 4904; x_wconf 90' lang='lat' dir='ltr'><strong>qui</strong></span> <span class='ocrx_word' id='word_1_631' title='bbox 694 4831 974 4888; x_wconf 91' lang='lat' dir='ltr'><strong>lechitum</strong></span> <span class='ocrx_word' id='word_1_632' title='bbox 1001 4830 1113 4886; x_wconf 92' lang='lat' dir='ltr'><strong>olei</strong></span> <span class='ocrx_word' id='word_1_633' title='bbox 1157 4848 1224 4886; x_wconf 91' lang='lat' dir='ltr'><strong>ac</strong></span> <span class='ocrx_word' id='word_1_634' title='bbox 1265 4831 1552 4904; x_wconf 90' lang='lat' dir='ltr'><strong>pugillum</strong></span> <span class='ocrx_word' id='word_1_635' title='bbox 1585 4832 1782 4888; x_wconf 71' lang='lat' dir='ltr'><strong>farinae</strong></span> 
     </span>
    </p>
   </div>
   <div class='ocr_carea' id='block_1_85' title="bbox 151 4919 1782 4988">
    <p class='ocr_par' dir='ltr' id='par_1_85' title="bbox 151 4919 1782 4988">
     <span class='ocr_line' id='line_1_85' title="bbox 151 4919 1782 4988; baseline 0.002 -16"><span class='ocrx_word' id='word_1_636' title='bbox 151 4920 385 4987; x_wconf 67' lang='lat' dir='ltr'><strong>pradixit</strong></span> <span class='ocrx_word' id='word_1_637' title='bbox 403 4939 522 4977; x_wconf 90' lang='lat' dir='ltr'><strong>non</strong></span> <span class='ocrx_word' id='word_1_638' title='bbox 542 4920 946 4988; x_wconf 88' lang='lat' dir='ltr'><strong>minui,donec</strong></span> <span class='ocrx_word' id='word_1_639' title='bbox 962 4919 1296 4976; x_wconf 83' lang='lat' dir='ltr'><strong>infunderet</strong></span> <span class='ocrx_word' id='word_1_640' title='bbox 1312 4920 1596 4978; x_wconf 89' lang='lat' dir='ltr'><strong>Dominus</strong></span> <span class='ocrx_word' id='word_1_641' title='bbox 1615 4938 1782 4977; x_wconf 90' lang='lat' dir='ltr'><strong>suam</strong></span> 
     </span>
    </p>
   </div>
   <div class='ocr_carea' id='block_1_86' title="bbox 149 5005 1784 5083">
    <p class='ocr_par' dir='ltr' id='par_1_86' title="bbox 149 5005 1784 5083">
     <span class='ocr_line' id='line_1_86' title="bbox 149 5005 1784 5083; baseline 0.002 -21"><span class='ocrx_word' id='word_1_642' title='bbox 149 5005 600 5066; x_wconf 76' lang='lat' dir='ltr'><strong>benedictionem</strong></span> <span class='ocrx_word' id='word_1_643' title='bbox 621 5027 800 5083; x_wconf 81' lang='lat' dir='ltr'><strong>super</strong></span> <span class='ocrx_word' id='word_1_644' title='bbox 825 5015 1040 5066; x_wconf 90' lang='lat' dir='ltr'><strong>terram</strong></span> <span class='ocrx_word' id='word_1_645' title='bbox 1065 5010 1111 5078; x_wconf 84' lang='lat' dir='ltr'><strong>(l</strong></span> <span class='ocrx_word' id='word_1_646' title='bbox 1132 5010 1234 5078; x_wconf 84' lang='lat' dir='ltr'><strong>l9).</strong></span> <span class='ocrx_word' id='word_1_647' title='bbox 1263 5011 1460 5065; x_wconf 92' lang='lat' dir='ltr'><strong>Denuo</strong></span> <span class='ocrx_word' id='word_1_648' title='bbox 1485 5027 1680 5066; x_wconf 89' lang='lat' dir='ltr'><strong>comes</strong></span> <span class='ocrx_word' id='word_1_649' title='bbox 1703 5011 1784 5066; x_wconf 92' lang='lat' dir='ltr'><strong>ci-</strong></span> 
     </span>
    </p>
   </div>
   <div class='ocr_carea' id='block_1_87' title="bbox 149 5095 1789 5172">
    <p class='ocr_par' dir='ltr' id='par_1_87' title="bbox 149 5095 1789 5172">
     <span class='ocr_line' id='line_1_87' title="bbox 149 5095 1789 5172; baseline 0.004 -24"><span class='ocrx_word' id='word_1_650' title='bbox 149 5095 321 5152; x_wconf 77' lang='lat' dir='ltr'><strong>vitatis</strong></span> <span class='ocrx_word' id='word_1_651' title='bbox 341 5099 486 5169; x_wconf 87' lang='lat' dir='ltr'><strong>Odo,</strong></span> <span class='ocrx_word' id='word_1_652' title='bbox 513 5099 690 5172; x_wconf 88' lang='lat' dir='ltr'><strong>longe</strong></span> <span class='ocrx_word' id='word_1_653' title='bbox 721 5097 952 5171; x_wconf 84' lang='lat' dir='ltr'><strong>lateque</strong></span> <span class='ocrx_word' id='word_1_654' title='bbox 985 5099 1442 5167; x_wconf 87' lang='lat' dir='ltr'><strong>famosissimus,</strong></span> <span class='ocrx_word' id='word_1_655' title='bbox 1467 5099 1607 5154; x_wconf 92' lang='lat' dir='ltr'><strong>dum</strong></span> <span class='ocrx_word' id='word_1_656' title='bbox 1640 5116 1789 5171; x_wconf 86' lang='lat' dir='ltr'><strong>qua-</strong></span> 
     </span>
    </p>
   </div>
   <div class='ocr_carea' id='block_1_88' title="bbox 150 5183 1788 5261">
    <p class='ocr_par' dir='ltr' id='par_1_88' title="bbox 150 5183 1788 5261">
     <span class='ocr_line' id='line_1_88' title="bbox 150 5183 1788 5261; baseline 0.004 -22"><span class='ocrx_word' id='word_1_657' title='bbox 150 5183 267 5241; x_wconf 82' lang='lat' dir='ltr'><strong>dam</strong></span> <span class='ocrx_word' id='word_1_658' title='bbox 292 5185 408 5244; x_wconf 82' lang='lat' dir='ltr'><strong>vice</strong></span> <span class='ocrx_word' id='word_1_659' title='bbox 439 5192 604 5244; x_wconf 88' lang='lat' dir='ltr'><strong>esset</strong></span> <span class='ocrx_word' id='word_1_660' title='bbox 635 5205 957 5260; x_wconf 88' lang='lat' dir='ltr'><strong>pransurus</strong></span> <span class='ocrx_word' id='word_1_661' title='bbox 979 5192 1035 5243; x_wconf 90' lang='lat' dir='ltr'><strong>et</strong></span> <span class='ocrx_word' id='word_1_662' title='bbox 1058 5204 1092 5243; x_wconf 88' lang='lat' dir='ltr'><strong>a</strong></span> <span class='ocrx_word' id='word_1_663' title='bbox 1113 5187 1405 5259; x_wconf 89' lang='lat' dir='ltr'><strong>pincernis</strong></span> <span class='ocrx_word' id='word_1_664' title='bbox 1425 5205 1528 5260; x_wconf 89' lang='lat' dir='ltr'><strong>per</strong></span> <span class='ocrx_word' id='word_1_665' title='bbox 1548 5188 1788 5261; x_wconf 91' lang='lat' dir='ltr'><strong>opidum</strong></span> 
     </span>
    </p>
   </div>
   <div class='ocr_carea' id='block_1_89' title="bbox 152 5273 1790 5350">
    <p class='ocr_par' dir='ltr' id='par_1_89' title="bbox 152 5273 1790 5350">
     <span class='ocr_line' id='line_1_89' title="bbox 152 5273 1790 5350; baseline 0.005 -25"><span class='ocrx_word' id='word_1_666' title='bbox 152 5273 416 5332; x_wconf 85' lang='lat' dir='ltr'><strong>obtimum</strong></span> <span class='ocrx_word' id='word_1_667' title='bbox 444 5277 659 5332; x_wconf 81' lang='lat' dir='ltr'><strong>vinum</strong></span> <span class='ocrx_word' id='word_1_668' title='bbox 689 5277 802 5334; x_wconf 85' lang='lat' dir='ltr'><strong>sibi</strong></span> <span class='ocrx_word' id='word_1_669' title='bbox 843 5280 1204 5350; x_wconf 91' lang='lat' dir='ltr'><strong>quereretur,</strong></span> <span class='ocrx_word' id='word_1_670' title='bbox 1240 5275 1569 5332; x_wconf 90' lang='lat' dir='ltr'><strong>didicerunt</strong></span> <span class='ocrx_word' id='word_1_671' title='bbox 1599 5295 1632 5332; x_wconf 87' lang='lat' dir='ltr'><strong>a</strong></span> <span class='ocrx_word' id='word_1_672' title='bbox 1661 5277 1790 5350; x_wconf 90' lang='lat' dir='ltr'><strong>qui-</strong></span> 
     </span>
    </p>
   </div>
   <div class='ocr_carea' id='block_1_90' title="bbox 151 5358 1790 5438">
    <p class='ocr_par' dir='ltr' id='par_1_90' title="bbox 151 5358 1790 5438">
     <span class='ocr_line' id='line_1_90' title="bbox 151 5358 1790 5438; baseline 0.004 -21"><span class='ocrx_word' id='word_1_673' title='bbox 151 5358 378 5421; x_wconf 88' lang='lat' dir='ltr'><strong>busdam</strong></span> <span class='ocrx_word' id='word_1_674' title='bbox 401 5366 566 5438; x_wconf 90' lang='lat' dir='ltr'><strong>quod</strong></span> <span class='ocrx_word' id='word_1_675' title='bbox 590 5365 650 5421; x_wconf 90' lang='lat' dir='ltr'><strong>in</strong></span> <span class='ocrx_word' id='word_1_676' title='bbox 667 5365 900 5424; x_wconf 91' lang='lat' dir='ltr'><strong>cellario</strong></span> <span class='ocrx_word' id='word_1_677' title='bbox 921 5366 1078 5423; x_wconf 88' lang='lat' dir='ltr'><strong>beati</strong></span> <span class='ocrx_word' id='word_1_678' title='bbox 1092 5366 1394 5423; x_wconf 90' lang='lat' dir='ltr'><strong>Siemundi</strong></span> <span class='ocrx_word' id='word_1_679' title='bbox 1412 5365 1790 5425; x_wconf 89' lang='lat' dir='ltr'><strong>honorarium</strong></span> 
     </span>
    </p>
   </div>
   <div class='ocr_carea' id='block_1_91' title="bbox 213 5469 629 5536">
    <p class='ocr_par' dir='ltr' id='par_1_91' title="bbox 213 5469 629 5536">
     <span class='ocr_line' id='line_1_91' title="bbox 213 5469 629 5536; baseline 0.005 -12"><span class='ocrx_word' id='word_1_680' title='bbox 213 5470 353 5536; x_wconf 92' lang='grc'>(116)</span> <span class='ocrx_word' id='word_1_681' title='bbox 380 5473 428 5528; x_wconf 88' lang='grc' dir='ltr'><strong>Α</strong></span> <span class='ocrx_word' id='word_1_682' title='bbox 463 5489 478 5526; x_wconf 88' lang='lat'>:</span> <span class='ocrx_word' id='word_1_683' title='bbox 514 5469 629 5528; x_wconf 89' lang='lat' dir='ltr'><strong>sic.</strong></span> 
     </span>
    </p>
   </div>
   <div class='ocr_carea' id='block_1_92' title="bbox 213 5541 680 5612">
    <p class='ocr_par' dir='ltr' id='par_1_92' title="bbox 213 5541 680 5612">
     <span class='ocr_line' id='line_1_92' title="bbox 213 5541 680 5612; baseline 0.002 -14"><span class='ocrx_word' id='word_1_684' title='bbox 213 5541 350 5612; x_wconf 83' lang='grc'>(117)</span> <span class='ocrx_word' id='word_1_685' title='bbox 381 5543 471 5604; x_wconf 83' lang='lat' dir='ltr'><strong>Ita</strong></span> <span class='ocrx_word' id='word_1_686' title='bbox 500 5543 680 5603; x_wconf 89' lang='lat' dir='ltr'><strong>codd.</strong></span> 
     </span>
    </p>
   </div>
   <div class='ocr_carea' id='block_1_93' title="bbox 453 5669 952 5735">
    <p class='ocr_par' dir='ltr' id='par_1_93' title="bbox 453 5669 952 5735">
     <span class='ocr_line' id='line_1_93' title="bbox 453 5669 952 5735; baseline 0.006 -3"><span class='ocrx_word' id='word_1_687' title='bbox 453 5669 735 5733; x_wconf 65' lang='lat' dir='ltr'><strong>Panos.</strong></span> <span class='ocrx_word' id='word_1_688' title='bbox 779 5669 952 5735; x_wconf 85' lang='lat' dir='ltr'><strong>CLV.</strong></span> 
     </span>
    </p>
   </div>
   <div class='ocr_carea' id='block_1_94' title="bbox 1871 3223 3523 3301">
    <p class='ocr_par' dir='ltr' id='par_1_94' title="bbox 1871 3223 3523 3301">
     <span class='ocr_line' id='line_1_94' title="bbox 1871 3223 3523 3301; baseline -0.002 -18"><span class='ocrx_word' id='word_1_689' title='bbox 1871 3227 2128 3301; x_wconf 66' lang='lat' dir='ltr'><strong>pristinae</strong></span> <span class='ocrx_word' id='word_1_690' title='bbox 2161 3226 2398 3283; x_wconf 90' lang='lat' dir='ltr'><strong>sanitati</strong></span> <span class='ocrx_word' id='word_1_691' title='bbox 2433 3227 2715 3282; x_wconf 87' lang='lat' dir='ltr'><strong>redderet.</strong></span> <span class='ocrx_word' id='word_1_692' title='bbox 2750 3225 2852 3280; x_wconf 84' lang='lat' dir='ltr'><strong>His</strong></span> <span class='ocrx_word' id='word_1_693' title='bbox 2883 3225 2965 3279; x_wconf 91' lang='lat' dir='ltr'><strong>ita</strong></span> <span class='ocrx_word' id='word_1_694' title='bbox 2996 3223 3262 3297; x_wconf 88' lang='lat' dir='ltr'><strong>patratis,</strong></span> <span class='ocrx_word' id='word_1_695' title='bbox 3293 3225 3366 3279; x_wconf 90' lang='lat' dir='ltr'><strong>ab</strong></span> <span class='ocrx_word' id='word_1_696' title='bbox 3398 3240 3523 3279; x_wconf 88' lang='lat' dir='ltr'><strong>om-</strong></span> 
     </span>
    </p>
   </div>
   <div class='ocr_carea' id='block_1_95' title="bbox 1872 3312 3521 3390">
    <p class='ocr_par' dir='ltr' id='par_1_95' title="bbox 1872 3312 3521 3390">
     <span class='ocr_line' id='line_1_95' title="bbox 1872 3312 3521 3390; baseline -0.002 -19"><span class='ocrx_word' id='word_1_697' title='bbox 1872 3316 2046 3372; x_wconf 91' lang='lat' dir='ltr'><strong>nibus</strong></span> <span class='ocrx_word' id='word_1_698' title='bbox 2078 3315 2308 3390; x_wconf 87' lang='lat' dir='ltr'><strong>magnis</strong></span> <span class='ocrx_word' id='word_1_699' title='bbox 2332 3315 2620 3371; x_wconf 88' lang='lat' dir='ltr'><strong>attollitur</strong></span> <span class='ocrx_word' id='word_1_700' title='bbox 2644 3313 2951 3382; x_wconf 87' lang='lat' dir='ltr'><strong>laudibus;</strong></span> <span class='ocrx_word' id='word_1_701' title='bbox 2977 3312 3348 3386; x_wconf 86' lang='lat' dir='ltr'><strong>pennulaque</strong></span> <span class='ocrx_word' id='word_1_702' title='bbox 3371 3329 3521 3382; x_wconf 89' lang='lat' dir='ltr'><strong>mea,</strong></span> 
     </span>
    </p>
   </div>
   <div class='ocr_carea' id='block_1_96' title="bbox 1872 3401 3525 3480">
    <p class='ocr_par' dir='ltr' id='par_1_96' title="bbox 1872 3401 3525 3480">
     <span class='ocr_line' id='line_1_96' title="bbox 1872 3401 3525 3480; baseline -0.002 -18"><span class='ocrx_word' id='word_1_703' title='bbox 1872 3423 2079 3480; x_wconf 88' lang='lat' dir='ltr'><strong>parum</strong></span> <span class='ocrx_word' id='word_1_704' title='bbox 2133 3407 2204 3462; x_wconf 88' lang='lat' dir='ltr'><strong>ab</strong></span> <span class='ocrx_word' id='word_1_705' title='bbox 2255 3405 2456 3462; x_wconf 90' lang='lat' dir='ltr'><strong>ordine</strong></span> <span class='ocrx_word' id='word_1_706' title='bbox 2487 3404 2805 3478; x_wconf 84' lang='lat' dir='ltr'><strong>disgressa,</strong></span> <span class='ocrx_word' id='word_1_707' title='bbox 2830 3407 2896 3460; x_wconf 90' lang='lat' dir='ltr'><strong>ut</strong></span> <span class='ocrx_word' id='word_1_708' title='bbox 2935 3403 2994 3458; x_wconf 90' lang='lat' dir='ltr'><strong>in</strong></span> <span class='ocrx_word' id='word_1_709' title='bbox 3026 3420 3091 3460; x_wconf 92' lang='lat' dir='ltr'><strong>eo</strong></span> <span class='ocrx_word' id='word_1_710' title='bbox 3124 3403 3322 3460; x_wconf 85' lang='lat' dir='ltr'><strong>redeat</strong></span> <span class='ocrx_word' id='word_1_711' title='bbox 3371 3401 3525 3458; x_wconf 86' lang='lat' dir='ltr'><strong>scal-</strong></span> 
     </span>
    </p>
   </div>
   <div class='ocr_carea' id='block_1_97' title="bbox 1873 3495 2327 3570">
    <p class='ocr_par' dir='ltr' id='par_1_97' title="bbox 1873 3495 2327 3570">
     <span class='ocr_line' id='line_1_97' title="bbox 1873 3495 2327 3570; baseline -0.007 -18"><span class='ocrx_word' id='word_1_712' title='bbox 1873 3495 2023 3570; x_wconf 90' lang='lat' dir='ltr'><strong>pello</strong></span> <span class='ocrx_word' id='word_1_713' title='bbox 2056 3495 2327 3552; x_wconf 90' lang='lat' dir='ltr'><strong>comitur.</strong></span> 
     </span>
    </p>
   </div>
   <div class='ocr_carea' id='block_1_98' title="bbox 2429 3655 2974 3713">
    <p class='ocr_par' dir='ltr' id='par_1_98' title="bbox 2429 3655 2974 3713">
     <span class='ocr_line' id='line_1_98' title="bbox 2429 3655 2974 3713; baseline -0.004 0"><span class='ocrx_word' id='word_1_714' title='bbox 2429 3656 2842 3713; x_wconf 85' lang='lat' dir='ltr'><strong>CAPITULUM</strong></span> <span class='ocrx_word' id='word_1_715' title='bbox 2883 3655 2974 3711; x_wconf 89' lang='lat' dir='ltr'><strong>XI.</strong></span> 
     </span>
    </p>
   </div>
   <div class='ocr_carea' id='block_1_99' title="bbox 1876 3769 3527 3846">
    <p class='ocr_par' dir='ltr' id='par_1_99' title="bbox 1876 3769 3527 3846">
     <span class='ocr_line' id='line_1_99' title="bbox 1876 3769 3527 3846; baseline -0.002 -16"><span class='ocrx_word' id='word_1_716' title='bbox 1876 3775 1950 3832; x_wconf 88' lang='lat' dir='ltr'><strong>De</strong></span> <span class='ocrx_word' id='word_1_717' title='bbox 1980 3791 2032 3831; x_wconf 74' lang='lat' dir='ltr'><strong>vx</strong></span> <span class='ocrx_word' id='word_1_718' title='bbox 2060 3775 2384 3846; x_wconf 79' lang='lat' dir='ltr'><strong>agripennis</strong></span> <span class='ocrx_word' id='word_1_719' title='bbox 2413 3775 2592 3830; x_wconf 69' lang='lat' dir='ltr'><strong>vineae</strong></span> <span class='ocrx_word' id='word_1_720' title='bbox 2619 3773 2946 3844; x_wconf 79' lang='lat' dir='ltr'><strong>supradictis</strong></span> <span class='ocrx_word' id='word_1_721' title='bbox 2977 3789 3009 3825; x_wconf 82' lang='grc' dir='ltr'><em>α</em></span> <span class='ocrx_word' id='word_1_722' title='bbox 3038 3769 3336 3828; x_wconf 79' lang='lat' dir='ltr'><strong>Sicmundo</strong></span> <span class='ocrx_word' id='word_1_723' title='bbox 3363 3783 3527 3826; x_wconf 84' lang='lat' dir='ltr'><strong>cano-</strong></span> 
     </span>
    </p>
   </div>
   <div class='ocr_carea' id='block_1_100' title="bbox 2341 3860 3069 3919">
    <p class='ocr_par' dir='ltr' id='par_1_100' title="bbox 2341 3860 3069 3919">
     <span class='ocr_line' id='line_1_100' title="bbox 2341 3860 3069 3919; baseline -0.004 -1"><span class='ocrx_word' id='word_1_724' title='bbox 2341 3865 2465 3919; x_wconf 79' lang='lat' dir='ltr'><strong>nico</strong></span> <span class='ocrx_word' id='word_1_725' title='bbox 2493 3863 2688 3918; x_wconf 80' lang='lat' dir='ltr'><strong>Sancto</strong></span> <span class='ocrx_word' id='word_1_726' title='bbox 2721 3863 2878 3918; x_wconf 83' lang='lat' dir='ltr'><strong>Petro</strong></span> <span class='ocrx_word' id='word_1_727' title='bbox 2908 3860 3069 3916; x_wconf 80' lang='lat' dir='ltr'><strong>datis.</strong></span> 
     </span>
    </p>
   </div>
   <div class='ocr_carea' id='block_1_101' title="bbox 1953 4027 3539 4104">
    <p class='ocr_par' dir='ltr' id='par_1_101' title="bbox 1953 4027 3539 4104">
     <span class='ocr_line' id='line_1_101' title="bbox 1953 4027 3539 4104; baseline -0.003 -15"><span class='ocrx_word' id='word_1_728' title='bbox 1953 4033 2070 4089; x_wconf 86' lang='lat' dir='ltr'><strong>«In</strong></span> <span class='ocrx_word' id='word_1_729' title='bbox 2104 4033 2338 4089; x_wconf 89' lang='lat' dir='ltr'><strong>nomine</strong></span> <span class='ocrx_word' id='word_1_730' title='bbox 2378 4031 2862 4104; x_wconf 91' lang='lat' dir='ltr'><strong>Cunctipotentis.</strong></span> <span class='ocrx_word' id='word_1_731' title='bbox 2900 4029 3263 4096; x_wconf 87' lang='lat' dir='ltr'><strong>Fulcherius,</strong></span> <span class='ocrx_word' id='word_1_732' title='bbox 3299 4027 3399 4100; x_wconf 88' lang='lat' dir='ltr'><strong>qui</strong></span> <span class='ocrx_word' id='word_1_733' title='bbox 3431 4028 3539 4084; x_wconf 88' lang='lat' dir='ltr'><strong>ab-</strong></span> 
     </span>
    </p>
   </div>
   <div class='ocr_carea' id='block_1_102' title="bbox 1881 4116 3535 4192">
    <p class='ocr_par' dir='ltr' id='par_1_102' title="bbox 1881 4116 3535 4192">
     <span class='ocr_line' id='line_1_102' title="bbox 1881 4116 3535 4192; baseline -0.002 -16"><span class='ocrx_word' id='word_1_734' title='bbox 1881 4119 2099 4176; x_wconf 79' lang='lat' dir='ltr'><strong>batiam</strong></span> <span class='ocrx_word' id='word_1_735' title='bbox 2133 4119 2328 4176; x_wconf 89' lang='lat' dir='ltr'><strong>Sancti</strong></span> <span class='ocrx_word' id='word_1_736' title='bbox 2360 4120 2619 4188; x_wconf 92' lang='lat' dir='ltr'><strong>Leobini,</strong></span> <span class='ocrx_word' id='word_1_737' title='bbox 2651 4137 2778 4192; x_wconf 79' lang='lat' dir='ltr'><strong>quae</strong></span> <span class='ocrx_word' id='word_1_738' title='bbox 2809 4123 2898 4175; x_wconf 89' lang='lat' dir='ltr'><strong>est</strong></span> <span class='ocrx_word' id='word_1_739' title='bbox 2930 4119 3039 4175; x_wconf 91' lang='lat' dir='ltr'><strong>sub</strong></span> <span class='ocrx_word' id='word_1_740' title='bbox 3073 4118 3214 4173; x_wconf 89' lang='lat' dir='ltr'><strong>urbe</strong></span> <span class='ocrx_word' id='word_1_741' title='bbox 3245 4116 3535 4186; x_wconf 89' lang='lat' dir='ltr'><strong>Carnotis,</strong></span> 
     </span>
    </p>
   </div>
   <div class='ocr_carea' id='block_1_103' title="bbox 1883 4206 3540 4282">
    <p class='ocr_par' dir='ltr' id='par_1_103' title="bbox 1883 4206 3540 4282">
     <span class='ocr_line' id='line_1_103' title="bbox 1883 4206 3540 4282; baseline -0.001 -18"><span class='ocrx_word' id='word_1_742' title='bbox 1883 4226 1986 4282; x_wconf 91' lang='lat' dir='ltr'><strong>per</strong></span> <span class='ocrx_word' id='word_1_743' title='bbox 2014 4208 2384 4281; x_wconf 85' lang='lat' dir='ltr'><strong>largitionem</strong></span> <span class='ocrx_word' id='word_1_744' title='bbox 2417 4209 2663 4264; x_wconf 89' lang='lat' dir='ltr'><strong>senioris</strong></span> <span class='ocrx_word' id='word_1_745' title='bbox 2694 4209 2805 4265; x_wconf 92' lang='lat' dir='ltr'><strong>mei</strong></span> <span class='ocrx_word' id='word_1_746' title='bbox 2831 4209 3049 4264; x_wconf 91' lang='lat' dir='ltr'><strong>Odonis</strong></span> <span class='ocrx_word' id='word_1_747' title='bbox 3081 4206 3312 4263; x_wconf 90' lang='lat' dir='ltr'><strong>comitis</strong></span> <span class='ocrx_word' id='word_1_748' title='bbox 3341 4209 3540 4263; x_wconf 87' lang='lat' dir='ltr'><strong>tenere</strong></span> 
     </span>
    </p>
   </div>
   <div class='ocr_carea' id='block_1_104' title="bbox 1882 4295 3544 4367">
    <p class='ocr_par' dir='ltr' id='par_1_104' title="bbox 1882 4295 3544 4367">
     <span class='ocr_line' id='line_1_104' title="bbox 1882 4295 3544 4367; baseline -0.002 -12"><span class='ocrx_word' id='word_1_749' title='bbox 1882 4298 2098 4367; x_wconf 88' lang='lat' dir='ltr'><strong>videor,</strong></span> <span class='ocrx_word' id='word_1_750' title='bbox 2130 4302 2335 4354; x_wconf 91' lang='lat' dir='ltr'><strong>notum</strong></span> <span class='ocrx_word' id='word_1_751' title='bbox 2365 4314 2492 4354; x_wconf 91' lang='lat' dir='ltr'><strong>esse</strong></span> <span class='ocrx_word' id='word_1_752' title='bbox 2520 4297 2793 4354; x_wconf 90' lang='lat' dir='ltr'><strong>volumus</strong></span> <span class='ocrx_word' id='word_1_753' title='bbox 2829 4298 3058 4354; x_wconf 90' lang='lat' dir='ltr'><strong>cunctis</strong></span> <span class='ocrx_word' id='word_1_754' title='bbox 3105 4295 3544 4353; x_wconf 84' lang='lat' dir='ltr'><strong>successoribus</strong></span> 
     </span>
    </p>
   </div>
   <div class='ocr_carea' id='block_1_105' title="bbox 1887 4385 3544 4460">
    <p class='ocr_par' dir='ltr' id='par_1_105' title="bbox 1887 4385 3544 4460">
     <span class='ocr_line' id='line_1_105' title="bbox 1887 4385 3544 4460; baseline -0.003 -16"><span class='ocrx_word' id='word_1_755' title='bbox 1887 4387 2104 4444; x_wconf 91' lang='lat' dir='ltr'><strong>nostris</strong></span> <span class='ocrx_word' id='word_1_756' title='bbox 2135 4387 2522 4460; x_wconf 71' lang='lat' dir='ltr'><strong>praasentibus</strong></span> <span class='ocrx_word' id='word_1_757' title='bbox 2569 4390 2625 4444; x_wconf 90' lang='lat' dir='ltr'><strong>et</strong></span> <span class='ocrx_word' id='word_1_758' title='bbox 2665 4387 2901 4458; x_wconf 80' lang='lat' dir='ltr'><strong>futuris,</strong></span> <span class='ocrx_word' id='word_1_759' title='bbox 2925 4385 3064 4459; x_wconf 88' lang='lat' dir='ltr'><strong>quia</strong></span> <span class='ocrx_word' id='word_1_760' title='bbox 3102 4385 3455 4458; x_wconf 88' lang='lat' dir='ltr'><strong>agripennos</strong></span> <span class='ocrx_word' id='word_1_761' title='bbox 3485 4399 3544 4440; x_wconf 83' lang='lat' dir='ltr'><strong>v1</strong></span> 
     </span>
    </p>
   </div>
   <div class='ocr_carea' id='block_1_106' title="bbox 1812 4475 3544 4566">
    <p class='ocr_par' dir='ltr' id='par_1_106' title="bbox 1812 4475 3544 4566">
     <span class='ocr_line' id='line_1_106' title="bbox 1812 4475 3544 4566; baseline -0.003 -33"><span class='ocrx_word' id='word_1_762' title='bbox 1812 4501 1858 4566; x_wconf 74' lang='grc' dir='ltr'>Ι)</span> <span class='ocrx_word' id='word_1_763' title='bbox 1887 4478 2065 4534; x_wconf 64' lang='lat' dir='ltr'><strong>vinea:</strong></span> <span class='ocrx_word' id='word_1_764' title='bbox 2099 4482 2155 4534; x_wconf 92' lang='lat' dir='ltr'><strong>et</strong></span> <span class='ocrx_word' id='word_1_765' title='bbox 2187 4477 2442 4550; x_wconf 89' lang='lat' dir='ltr'><strong>amplius</strong></span> <span class='ocrx_word' id='word_1_766' title='bbox 2463 4477 2782 4534; x_wconf 88' lang='lat' dir='ltr'><strong>Siemundo</strong></span> <span class='ocrx_word' id='word_1_767' title='bbox 2817 4475 3139 4566; x_wconf 81' lang='lat' dir='ltr'><strong>presbitero</strong></span> <span class='ocrx_word' id='word_1_768' title='bbox 3171 4479 3544 4566; x_wconf 23' lang='lat' dir='ltr'><strong>atque‘cano-</strong></span> 
     </span>
    </p>
   </div>
   <div class='ocr_carea' id='block_1_107' title="bbox 1892 4562 3546 4640">
    <p class='ocr_par' dir='ltr' id='par_1_107' title="bbox 1892 4562 3546 4640">
     <span class='ocr_line' id='line_1_107' title="bbox 1892 4562 3546 4640; baseline -0.003 -17"><span class='ocrx_word' id='word_1_769' title='bbox 1892 4568 2044 4634; x_wconf 91' lang='lat' dir='ltr'><strong>nico,</strong></span> <span class='ocrx_word' id='word_1_770' title='bbox 2071 4571 2126 4623; x_wconf 90' lang='lat' dir='ltr'><strong>et</strong></span> <span class='ocrx_word' id='word_1_771' title='bbox 2183 4571 2315 4640; x_wconf 91' lang='lat' dir='ltr'><strong>post</strong></span> <span class='ocrx_word' id='word_1_772' title='bbox 2373 4583 2679 4623; x_wconf 83' lang='lat' dir='ltr'><strong>excessum</strong></span> <span class='ocrx_word' id='word_1_773' title='bbox 2713 4569 2840 4638; x_wconf 89' lang='lat' dir='ltr'><strong>ejus</strong></span> <span class='ocrx_word' id='word_1_774' title='bbox 2873 4568 3084 4622; x_wconf 90' lang='lat' dir='ltr'><strong>Sancto</strong></span> <span class='ocrx_word' id='word_1_775' title='bbox 3118 4565 3282 4620; x_wconf 92' lang='lat' dir='ltr'><strong>Petro</strong></span> <span class='ocrx_word' id='word_1_776' title='bbox 3331 4562 3546 4618; x_wconf 87' lang='lat' dir='ltr'><strong>Carno-</strong></span> 
     </span>
    </p>
   </div>
   <div class='ocr_carea' id='block_1_108' title="bbox 1897 4649 3546 4728">
    <p class='ocr_par' dir='ltr' id='par_1_108' title="bbox 1897 4649 3546 4728">
     <span class='ocr_line' id='line_1_108' title="bbox 1897 4649 3546 4728; baseline -0.004 -16"><span class='ocrx_word' id='word_1_777' title='bbox 1897 4657 2048 4714; x_wconf 90' lang='lat' dir='ltr'><strong>tensi</strong></span> <span class='ocrx_word' id='word_1_778' title='bbox 2080 4660 2136 4712; x_wconf 92' lang='lat' dir='ltr'><strong>et</strong></span> <span class='ocrx_word' id='word_1_779' title='bbox 2166 4655 2468 4711; x_wconf 89' lang='lat' dir='ltr'><strong>monachis</strong></span> <span class='ocrx_word' id='word_1_780' title='bbox 2498 4657 2646 4727; x_wconf 89' lang='lat' dir='ltr'><strong>ejus,</strong></span> <span class='ocrx_word' id='word_1_781' title='bbox 2679 4673 2780 4728; x_wconf 90' lang='lat' dir='ltr'><strong>per</strong></span> <span class='ocrx_word' id='word_1_782' title='bbox 2811 4657 3229 4710; x_wconf 83' lang='lat' dir='ltr'><strong>manuﬁrmam</strong></span> <span class='ocrx_word' id='word_1_783' title='bbox 3257 4649 3546 4708; x_wconf 88' lang='lat' dir='ltr'><strong>censuali-</strong></span> 
     </span>
    </p>
   </div>
   <div class='ocr_carea' id='block_1_109' title="bbox 1891 4741 3552 4812">
    <p class='ocr_par' dir='ltr' id='par_1_109' title="bbox 1891 4741 3552 4812">
     <span class='ocr_line' id='line_1_109' title="bbox 1891 4741 3552 4812; baseline -0.004 -11"><span class='ocrx_word' id='word_1_784' title='bbox 1891 4751 1980 4802; x_wconf 91' lang='lat' dir='ltr'><strong>ter</strong></span> <span class='ocrx_word' id='word_1_785' title='bbox 2001 4744 2397 4802; x_wconf 90' lang='lat' dir='ltr'><strong>concedimus.</strong></span> <span class='ocrx_word' id='word_1_786' title='bbox 2415 4745 2832 4800; x_wconf 87' lang='lat' dir='ltr'><strong>Terminantur</strong></span> <span class='ocrx_word' id='word_1_787' title='bbox 2854 4748 3048 4800; x_wconf 89' lang='lat' dir='ltr'><strong>autem</strong></span> <span class='ocrx_word' id='word_1_788' title='bbox 3081 4761 3148 4798; x_wconf 82' lang='lat' dir='ltr'><strong>ex</strong></span> <span class='ocrx_word' id='word_1_789' title='bbox 3169 4741 3401 4797; x_wconf 85' lang='lat' dir='ltr'><strong>duabus</strong></span> <span class='ocrx_word' id='word_1_790' title='bbox 3424 4757 3552 4812; x_wconf 85' lang='lat' dir='ltr'><strong>par-</strong></span> 
     </span>
    </p>
   </div>
   <div class='ocr_carea' id='block_1_110' title="bbox 1892 4830 3545 4906">
    <p class='ocr_par' dir='ltr' id='par_1_110' title="bbox 1892 4830 3545 4906">
     <span class='ocr_line' id='line_1_110' title="bbox 1892 4830 3545 4906; baseline -0.004 -16"><span class='ocrx_word' id='word_1_791' title='bbox 1892 4835 2051 4890; x_wconf 91' lang='lat' dir='ltr'><strong>tibus</strong></span> <span class='ocrx_word' id='word_1_792' title='bbox 2083 4840 2234 4890; x_wconf 87' lang='lat' dir='ltr'><strong>terra</strong></span> <span class='ocrx_word' id='word_1_793' title='bbox 2264 4835 2336 4890; x_wconf 90' lang='lat' dir='ltr'><strong>de</strong></span> <span class='ocrx_word' id='word_1_794' title='bbox 2368 4833 2496 4906; x_wconf 89' lang='lat' dir='ltr'><strong>ipsa</strong></span> <span class='ocrx_word' id='word_1_795' title='bbox 2532 4838 2834 4906; x_wconf 89' lang='lat' dir='ltr'><strong>potestate,</strong></span> <span class='ocrx_word' id='word_1_796' title='bbox 2861 4834 2930 4889; x_wconf 91' lang='lat' dir='ltr'><strong>de</strong></span> <span class='ocrx_word' id='word_1_797' title='bbox 2972 4833 3200 4888; x_wconf 88' lang='lat' dir='ltr'><strong>duabus</strong></span> <span class='ocrx_word' id='word_1_798' title='bbox 3245 4830 3376 4886; x_wconf 90' lang='lat' dir='ltr'><strong>aliis</strong></span> <span class='ocrx_word' id='word_1_799' title='bbox 3411 4847 3545 4902; x_wconf 87' lang='lat' dir='ltr'><strong>par-</strong></span> 
     </span>
    </p>
   </div>
   <div class='ocr_carea' id='block_1_111' title="bbox 1894 4919 3547 4996">
    <p class='ocr_par' dir='ltr' id='par_1_111' title="bbox 1894 4919 3547 4996">
     <span class='ocr_line' id='line_1_111' title="bbox 1894 4919 3547 4996; baseline -0.004 -16"><span class='ocrx_word' id='word_1_800' title='bbox 1894 4924 2054 4980; x_wconf 90' lang='lat' dir='ltr'><strong>tibus</strong></span> <span class='ocrx_word' id='word_1_801' title='bbox 2078 4923 2186 4979; x_wconf 90' lang='lat' dir='ltr'><strong>viis</strong></span> <span class='ocrx_word' id='word_1_802' title='bbox 2210 4923 2480 4996; x_wconf 90' lang='lat' dir='ltr'><strong>publicis.</strong></span> <span class='ocrx_word' id='word_1_803' title='bbox 2504 4923 2609 4979; x_wconf 92' lang='lat' dir='ltr'><strong>Per</strong></span> <span class='ocrx_word' id='word_1_804' title='bbox 2629 4923 2778 4978; x_wconf 90' lang='lat' dir='ltr'><strong>banc</strong></span> <span class='ocrx_word' id='word_1_805' title='bbox 2801 4940 2932 4978; x_wconf 88' lang='lat' dir='ltr'><strong>vero</strong></span> <span class='ocrx_word' id='word_1_806' title='bbox 2952 4921 3346 4995; x_wconf 89' lang='lat' dir='ltr'><strong>cognitionem</strong></span> <span class='ocrx_word' id='word_1_807' title='bbox 3372 4920 3453 4974; x_wconf 86' lang='lat' dir='ltr'><strong>ita</strong></span> <span class='ocrx_word' id='word_1_808' title='bbox 3475 4919 3547 4974; x_wconf 90' lang='lat' dir='ltr'><strong>ad</strong></span> 
     </span>
    </p>
   </div>
   <div class='ocr_carea' id='block_1_112' title="bbox 1896 5008 3552 5082">
    <p class='ocr_par' dir='ltr' id='par_1_112' title="bbox 1896 5008 3552 5082">
     <span class='ocr_line' id='line_1_112' title="bbox 1896 5008 3552 5082; baseline -0.004 -13"><span class='ocrx_word' id='word_1_809' title='bbox 1896 5031 2137 5070; x_wconf 90' lang='lat' dir='ltr'><strong>censum</strong></span> <span class='ocrx_word' id='word_1_810' title='bbox 2173 5014 2254 5069; x_wconf 91' lang='lat' dir='ltr'><strong>eis</strong></span> <span class='ocrx_word' id='word_1_811' title='bbox 2289 5014 2687 5078; x_wconf 88' lang='lat' dir='ltr'><strong>concedimus,</strong></span> <span class='ocrx_word' id='word_1_812' title='bbox 2720 5017 2784 5068; x_wconf 91' lang='lat' dir='ltr'><strong>ut</strong></span> <span class='ocrx_word' id='word_1_813' title='bbox 2814 5013 2964 5068; x_wconf 87' lang='lat' dir='ltr'><strong>hanc</strong></span> <span class='ocrx_word' id='word_1_814' title='bbox 2997 5018 3210 5068; x_wconf 91' lang='lat' dir='ltr'><strong>terram</strong></span> <span class='ocrx_word' id='word_1_815' title='bbox 3243 5027 3430 5082; x_wconf 90' lang='lat' dir='ltr'><strong>usque</strong></span> <span class='ocrx_word' id='word_1_816' title='bbox 3477 5008 3552 5064; x_wconf 88' lang='lat' dir='ltr'><strong>ad</strong></span> 
     </span>
    </p>
   </div>
   <div class='ocr_carea' id='block_1_113' title="bbox 1900 5101 3553 5175">
    <p class='ocr_par' dir='ltr' id='par_1_113' title="bbox 1900 5101 3553 5175">
     <span class='ocr_line' id='line_1_113' title="bbox 1900 5101 3553 5175; baseline -0.003 -17"><span class='ocrx_word' id='word_1_817' title='bbox 1900 5119 2131 5158; x_wconf 90' lang='lat' dir='ltr'><strong>crucem</strong></span> <span class='ocrx_word' id='word_1_818' title='bbox 2156 5103 2402 5157; x_wconf 79' lang='lat' dir='ltr'><strong>firmiter</strong></span> <span class='ocrx_word' id='word_1_819' title='bbox 2425 5107 2658 5158; x_wconf 90' lang='lat' dir='ltr'><strong>teneant</strong></span> <span class='ocrx_word' id='word_1_820' title='bbox 2679 5107 2735 5158; x_wconf 91' lang='lat' dir='ltr'><strong>et</strong></span> <span class='ocrx_word' id='word_1_821' title='bbox 2757 5108 3037 5175; x_wconf 89' lang='lat' dir='ltr'><strong>perpetuo</strong></span> <span class='ocrx_word' id='word_1_822' title='bbox 3060 5101 3418 5175; x_wconf 91' lang='lat' dir='ltr'><strong>possideant,</strong></span> <span class='ocrx_word' id='word_1_823' title='bbox 3443 5115 3553 5154; x_wconf 87' lang='lat' dir='ltr'><strong>an-</strong></span> 
     </span>
    </p>
   </div>
   <div class='ocr_carea' id='block_1_114' title="bbox 1900 5189 3558 5264">
    <p class='ocr_par' dir='ltr' id='par_1_114' title="bbox 1900 5189 3558 5264">
     <span class='ocr_line' id='line_1_114' title="bbox 1900 5189 3558 5264; baseline -0.003 -17"><span class='ocrx_word' id='word_1_824' title='bbox 1900 5191 2109 5264; x_wconf 90' lang='lat' dir='ltr'><strong>nisque</strong></span> <span class='ocrx_word' id='word_1_825' title='bbox 2136 5191 2382 5264; x_wconf 87' lang='lat' dir='ltr'><strong>singulis</strong></span> <span class='ocrx_word' id='word_1_826' title='bbox 2407 5191 2464 5246; x_wconf 92' lang='lat' dir='ltr'><strong>in</strong></span> <span class='ocrx_word' id='word_1_827' title='bbox 2491 5193 2800 5248; x_wconf 86' lang='lat' dir='ltr'><strong>festivitate</strong></span> <span class='ocrx_word' id='word_1_828' title='bbox 2824 5193 3009 5248; x_wconf 90' lang='lat' dir='ltr'><strong>sancti</strong></span> <span class='ocrx_word' id='word_1_829' title='bbox 3031 5189 3288 5257; x_wconf 90' lang='lat' dir='ltr'><strong>Leobini,</strong></span> <span class='ocrx_word' id='word_1_830' title='bbox 3308 5206 3436 5261; x_wconf 73' lang='lat' dir='ltr'><strong>quae</strong></span> <span class='ocrx_word' id='word_1_831' title='bbox 3468 5191 3558 5243; x_wconf 92' lang='lat' dir='ltr'><strong>est</strong></span> 
     </span>
    </p>
   </div>
   <div class='ocr_carea' id='block_1_115' title="bbox 1901 5275 3556 5352">
    <p class='ocr_par' dir='ltr' id='par_1_115' title="bbox 1901 5275 3556 5352">
     <span class='ocr_line' id='line_1_115' title="bbox 1901 5275 3556 5352; baseline -0.003 -15"><span class='ocrx_word' id='word_1_832' title='bbox 1901 5300 2013 5338; x_wconf 84' lang='lat' dir='ltr'><strong>xvu</strong></span> <span class='ocrx_word' id='word_1_833' title='bbox 2043 5280 2321 5337; x_wconf 88' lang='lat' dir='ltr'><strong>kalendas</strong></span> <span class='ocrx_word' id='word_1_834' title='bbox 2339 5280 2623 5349; x_wconf 90' lang='lat' dir='ltr'><strong>Octobris,</strong></span> <span class='ocrx_word' id='word_1_835' title='bbox 2643 5281 2850 5337; x_wconf 89' lang='lat' dir='ltr'><strong>rectori</strong></span> <span class='ocrx_word' id='word_1_836' title='bbox 2873 5282 3139 5352; x_wconf 88' lang='lat' dir='ltr'><strong>ejusdem</strong></span> <span class='ocrx_word' id='word_1_837' title='bbox 3173 5284 3337 5334; x_wconf 74' lang='lat' dir='ltr'><strong>terrae</strong></span> <span class='ocrx_word' id='word_1_838' title='bbox 3370 5275 3556 5332; x_wconf 91' lang='lat' dir='ltr'><strong>solido</strong></span> 
     </span>
    </p>
   </div>
   <div class='ocr_carea' id='block_1_116' title="bbox 1901 5365 3559 5443">
    <p class='ocr_par' dir='ltr' id='par_1_116' title="bbox 1901 5365 3559 5443">
     <span class='ocr_line' id='line_1_116' title="bbox 1901 5365 3559 5443; baseline -0.002 -17"><span class='ocrx_word' id='word_1_839' title='bbox 1901 5389 1960 5426; x_wconf 83' lang='lat' dir='ltr'><strong>Ill</strong></span> <span class='ocrx_word' id='word_1_840' title='bbox 1993 5369 2262 5426; x_wconf 89' lang='lat' dir='ltr'><strong>denarios</strong></span> <span class='ocrx_word' id='word_1_841' title='bbox 2292 5386 2327 5424; x_wconf 92' lang='lat' dir='ltr'><strong>v</strong></span> <span class='ocrx_word' id='word_1_842' title='bbox 2357 5368 2767 5426; x_wconf 90' lang='lat' dir='ltr'><strong>incunctanter</strong></span> <span class='ocrx_word' id='word_1_843' title='bbox 2795 5369 3160 5443; x_wconf 88' lang='lat' dir='ltr'><strong>persolvant;</strong></span> <span class='ocrx_word' id='word_1_844' title='bbox 3185 5372 3244 5424; x_wconf 92' lang='lat' dir='ltr'><strong>et</strong></span> <span class='ocrx_word' id='word_1_845' title='bbox 3273 5365 3323 5422; x_wconf 92' lang='lat' dir='ltr'><strong>si</strong></span> <span class='ocrx_word' id='word_1_846' title='bbox 3352 5383 3422 5422; x_wconf 78' lang='lat' dir='ltr'><strong>ex</strong></span> <span class='ocrx_word' id='word_1_847' title='bbox 3449 5365 3559 5422; x_wconf 89' lang='lat' dir='ltr'><strong>hoc</strong></span> 
     </span>
    </p>
   </div>
   <div class='ocr_carea' id='block_1_117' title="bbox 1975 5475 2552 5604">
    <p class='ocr_par' dir='ltr' id='par_1_117' title="bbox 1975 5475 2552 5604">
     <span class='ocr_line' id='line_1_117' title="bbox 1975 5475 2552 5604; baseline -0.002 -73"><span class='ocrx_word' id='word_1_848' title='bbox 1975 5476 2121 5604; x_wconf 50' lang='grc'>3118)</span> <span class='ocrx_word' id='word_1_849' title='bbox 2153 5475 2195 5530; x_wconf 91' lang='grc' dir='ltr'>Β</span> <span class='ocrx_word' id='word_1_850' title='bbox 2223 5490 2237 5529; x_wconf 91' lang='lat'>:</span> <span class='ocrx_word' id='word_1_851' title='bbox 2269 5482 2552 5533; x_wconf 83' lang='lat' dir='ltr'><strong>autumno.</strong></span> 
     </span>
     <span class='ocr_line' id='line_1_118' title="bbox 2012 5546 2552 5604; baseline 0 0"><span class='ocrx_word' id='word_1_852' title='bbox 2012 5547 2098 5604; x_wconf 78' lang='grc'><strong>19)</strong></span> <span class='ocrx_word' id='word_1_853' title='bbox 2130 5546 2296 5604; x_wconf 60' lang='lat' dir='ltr'><strong>Rem.</strong></span> <span class='ocrx_word' id='word_1_854' title='bbox 2329 5546 2370 5603; x_wconf 94' lang='lat'><strong>1.</strong></span> <span class='ocrx_word' id='word_1_855' title='bbox 2404 5546 2500 5604; x_wconf 92' lang='lat' dir='ltr'><strong>III.</strong></span> <span class='ocrx_word' id='word_1_856' title='bbox 2531 5564 2552 5604; x_wconf 88' lang='lat' dir='ltr'><strong>c</strong></span> 
     </span>
    </p>
   </div>
   <div class='ocr_carea' id='block_1_118' title="bbox 2012 5545 3220 5623">
    <p class='ocr_par' dir='ltr' id='par_1_118' title="bbox 2012 5545 3220 5623">
     <span class='ocr_line' id='line_1_119' title="bbox 2012 5545 3220 5623; baseline -0.002 -19"><span class='ocrx_word' id='word_1_857' title='bbox 2012 5547 2098 5623; x_wconf 88' lang='grc'><strong>19)</strong></span> <span class='ocrx_word' id='word_1_858' title='bbox 2130 5546 2296 5620; x_wconf 83' lang='lat' dir='ltr'><strong>Reg.,</strong></span> <span class='ocrx_word' id='word_1_859' title='bbox 2329 5546 2370 5603; x_wconf 93' lang='lat'><strong>1.</strong></span> <span class='ocrx_word' id='word_1_860' title='bbox 2404 5546 2500 5615; x_wconf 92' lang='lat' dir='ltr'><strong>III,</strong></span> <span class='ocrx_word' id='word_1_861' title='bbox 2531 5564 2580 5605; x_wconf 91' lang='lat' dir='ltr'><strong>c.</strong></span> <span class='ocrx_word' id='word_1_862' title='bbox 2601 5565 2759 5618; x_wconf 83' lang='lat' dir='ltr'><strong>xvm,</strong></span> <span class='ocrx_word' id='word_1_863' title='bbox 2792 5547 2856 5623; x_wconf 86' lang='lat'><strong>§§</strong></span> <span class='ocrx_word' id='word_1_864' title='bbox 2888 5549 2974 5614; x_wconf 87' lang='grc'><strong>12,</strong></span> <span class='ocrx_word' id='word_1_865' title='bbox 3009 5546 3096 5616; x_wconf 84' lang='grc'>14,</span> <span class='ocrx_word' id='word_1_866' title='bbox 3133 5545 3220 5602; x_wconf 90' lang='grc'>16.</span> 
     </span>
    </p>
   </div>
   <div class='ocr_carea' id='block_1_119' title="bbox 3198 5671 3237 5730">
    <p class='ocr_par' dir='ltr' id='par_1_119' title="bbox 3198 5671 3237 5730">
     <span class='ocr_line' id='line_1_120' title="bbox 3198 5671 3237 5730; baseline 0 0"><span class='ocrx_word' id='word_1_867' title='bbox 3198 5671 3237 5730; x_wconf 89' lang='lat'><strong>8</strong></span> 
     </span>
    </p>
   </div>
  </div>
