3988 6072
416 177 539 239 235

1306 173 1545 237 PAULI
1591 174 1655 236 S.
1701 171 1936 237 PETRI
1979 170 2518 235 CARNOTENSIS
2562 168 2938 235 MONACHI.

3701 169 3825 233 236

412 307 774 383 negligentes
793 306 1438 380 extiterint,emendent
1458 306 1741 381 lcgaliter,
1754 310 1812 363 et
1828 307 2057 364 vineam
2088 307 2141 375 Α
2172 307 2588 363 subdiaconus.
2631 306 3010 363 Arembertus
3059 304 3476 363 subdiaconus.
3501 304 3825 379 Suggerius

414 414 531 453 non
561 397 827 470 perdant,
862 400 951 453 set
1009 396 1265 452 habeant
1317 395 1613 452 licentiam
1661 395 1948 452 vendendi
1980 394 2069 451 vel
2177 395 2446 469 claviger.
2469 395 2763 452 Ailbcrtus
2794 395 3211 452 subdiaconus.
3238 394 3558 452 Romoldus
3587 394 3825 453 subdia-

416 485 597 541 dandi
652 484 980 558 cuicunque
1028 484 1338 541 voluerint.
1372 483 1442 540 [ι
1488 488 1684 541 autem
1742 484 1864 540 haec
1912 487 2073 540 sarta
2179 502 2382 542 conus.
2415 485 2777 542 Gauzbertus
2810 484 3052 556 miles,»

416 574 643 631 ﬁrmior
676 574 771 643 sit,
808 591 990 631 manu
1034 573 1270 648 propria
1308 591 1436 630 eam
1471 573 1717 641 ﬁrmavi,
1750 579 1809 630 et
1854 573 2071 629 seniori

2699 573 3116 631 CAPITULUM
3154 574 3303 631 XIII.

412 679 542 719 meo
573 663 759 720 Odoni
810 662 1009 720 comiti
1052 664 1299 735 ejusque
1357 662 1630 718 ﬁdelibus
1680 661 2069 749 roborandam
2178 664 2253 720 De
2279 664 2435 721 alodo
2463 664 2587 720 dato
2615 663 2814 748 Sancto
2841 664 3010 749 Petra
3029 681 3060 719 a
3075 665 3458 749 tambcrtojn
3485 664 3623 721 villa
3646 666 3831 738 prisco

414 752 621 809 obtuli.
652 755 859 810 Actum
892 753 1160 810 Carnotis
1189 751 1442 825 publice.

491 862 521 893 ‹‹
548 841 669 899 Odo
712 859 928 900 comes.
979 841 1323 899 Fulcherius
1383 843 1585 899 abbas.
1618 841 1898 898 Vivianus
1947 839 2072 913 (qui

417 934 623 1004 postea
653 930 842 988 factus
872 931 1199 988 monachus
1222 930 1382 986 dedit
1412 931 1772 986 Pomeretam
1803 947 1938 986 cum
1970 946 2073 1001 ap-

416 1019 696 1094 penditiis
723 1018 870 1089 suis,
886 1020 1061 1076 terris
1082 1018 1259 1075 cultis
1280 1023 1338 1075 et
1359 1017 1622 1087 incultis,
1647 1036 1782 1075 cum
1807 1017 2073 1093 brogilis,

418 1108 642 1165 arbutis
663 1114 720 1164 et
738 1105 1035 1177 frutectis;
1060 1108 1221 1164 dedit
1250 1107 1427 1163 etiam
1454 1107 1515 1163 in
1538 1107 1707 1164 Lavis
1729 1107 1881 1164 Villa
1912 1107 2074 1180 quic-

418 1197 559 1270 quid
591 1197 672 1253 ibi
700 1197 915 1253 habere
944 1194 1282 1266 videbatur;
1317 1202 1375 1252 et
1404 1195 1685 1269 quicquid
1726 1196 1888 1252 dedit
1914 1188 2075 1251 omni

414 1285 573 1343 mala
608 1285 1035 1343 consuetudine
1087 1302 1284 1342 carere
1325 1285 1654 1342 videbatur.
1692 1272 2075 1342 Barduinus.)

414 1374 740 1432 Teduinus.
792 1373 1118 1430 Alcharius.
1164 1374 1484 1431 Ebrardus.
1528 1373 1869 1431 Gauslinus.
1922 1374 2075 1431 Rod-

413 1465 638 1521 bertus.
666 1486 694 1514 ››

486 1552 740 1610 Censum
773 1552 1125 1627 supradictae
1157 1552 1360 1621 vineae,
1384 1553 1612 1610 vivente
1655 1552 1943 1609 Landrico
1972 1553 2079 1609 ab-

417 1643 569 1712 bate,
613 1643 826 1700 Sancto
877 1642 1042 1698 Petro
1092 1643 1322 1699 remisit
1371 1642 1736 1714 Fulcherius,
1787 1641 2080 1698 Nivelonis

417 1731 602 1798 ﬁlius,
636 1749 739 1805 pro
783 1730 1187 1788 incolumitate
1243 1731 1479 1806 propria
1534 1736 1709 1804 atque
1763 1731 2076 1787 animabus

417 1825 728 1894 parentum
761 1837 1028 1889 suorum,
1056 1838 1191 1877 cum
1222 1820 1482 1877 (ecclesia
1513 1820 1707 1877 Sancti
1738 1819 1976 1876 Leobini
2008 1834 2075 1875 ac

421 1910 676 1981 quadam
706 1914 863 1965 terra
895 1909 1068 1980 juxta
1097 1908 1449 1965 cimiterium
1488 1908 1676 1981 ipsius
1715 1908 2008 1975 (ecclesiae,
2040 1926 2077 1963 χ

421 2014 655 2071 quoque
711 1997 931 2055 solidos
971 2015 1350 2054 nummorum
1383 1998 1442 2053 in
1473 1997 1866 2071 psolennitate
1922 1997 2075 2053 beati

420 2086 683 2144 Leobini.

951 2211 1368 2269 CAPITULUM
1416 2212 1535 2268 XII.

414 2303 490 2358 De
518 2302 937 2357 commutatione
964 2304 1109 2373 facta
1140 2302 1285 2357 inter
1312 2304 1603 2358 canonicos
1633 2302 1852 2358 Sancta?
1885 2300 2082 2358 Illariw

487 2375 836 2431 Gamotensis
867 2374 1137 2429 azcclesizc
1165 2382 1217 2429 et
1246 2375 1537 2429 monachos
1583 2373 1773 2428 Sancti
1817 2375 1988 2441 Petri,
2020 2375 2080 2428 in

487 2444 1042 2572 subutrbiorejusdem
1091 2446 1331 2501 civitatis
1379 2444 1451 2500 ad
1502 2446 1801 2501 australem
1856 2445 2081 2516 plagam

490 2533 617 2572 con:
643 2532 741 2572 ruc
767 2534 804 2572 ι.

490 2524 804 2573 constructi.

1047 2605 1214 2677 (Ante
1246 2623 1280 2662 a
1307 2604 1460 2674 986.)

496 2748 560 2804 In
590 2746 691 2804 Dei
724 2746 909 2804 Patris
938 2751 996 2802 et
1027 2746 1159 2803 Filii
1189 2751 1248 2804 et
1290 2747 1546 2820 Spiritus
1576 2747 1771 2803 Sancti
1822 2746 2079 2815 nomine,

431 2837 531 2911 qui
557 2841 647 2894 est
675 2853 831 2895 unus
856 2835 1250 2909 potentialiter
1269 2840 1327 2893 et
1352 2835 1542 2892 trinus
1565 2835 1964 2909 personaliter.
1984 2837 2084 2893 Fa-

428 2930 524 2983 cta
552 2929 641 2982 est
668 2925 1050 2981 commutatio
1089 2924 1243 2981 inter
1272 2925 1585 2982 canonicos
1623 2926 1846 2982 Sancta:
1888 2925 2081 2981 Maria:

427 3014 803 3072 Carnotensis
838 3013 1108 3071 zecclesiaa
1141 3019 1198 3070 et
1228 3014 1546 3071 monachos
1585 3013 1785 3071 Sancti
1826 3015 1997 3082 Petri,
2021 3013 2083 3069 in

430 3103 715 3185 suburbio
747 3104 1015 3176 ejusdem
1058 3103 1313 3160 civitatis
1348 3104 1419 3159 ad
1464 3103 1780 3160 australem
1825 3103 2080 3177 plagam,

428 3192 569 3249 olim
602 3192 790 3248 multa
820 3191 1112 3265 elegantia
1135 3210 1201 3248 ac
1224 3191 1527 3249 nobilitate
1547 3210 1653 3249 nec
1685 3193 1883 3249 minus
1914 3192 2087 3248 modo

427 3285 719 3354 quantum
754 3282 823 3337 ad
858 3297 1119 3353 praasens
1148 3298 1343 3355 aevum,
1365 3281 1594 3348 attinet,
1616 3282 1954 3337 constructi.
1978 3282 2086 3337 De-

427 3369 642 3425 derunt
658 3386 799 3425 sane
816 3369 1024 3442 prefati
1040 3368 1305 3426 canonici
1324 3374 1537 3425 sanctae
1548 3369 1791 3443 virginis
1803 3370 1996 3425 Mariae
2013 3370 2085 3426 ad

426 3458 681 3515 eundem
714 3456 907 3513 locum
942 3457 1122 3513 Moris
1148 3456 1363 3513 Villam
1389 3462 1445 3513 et
1476 3458 1756 3530 quicquid
1789 3458 1851 3513 in
1883 3457 2087 3515 Subri-

425 3551 565 3602 tana
579 3550 635 3602 et
652 3545 712 3600 in
726 3545 998 3601 UniVilla
1012 3546 1286 3601 videntur
1302 3546 1538 3613 habere,
1555 3564 1721 3619 aequo
1741 3552 1797 3603 et
1818 3552 2086 3621 prompto

426 3635 647 3707 animo,
673 3638 848 3707 prout
871 3633 1035 3690 decet
1061 3640 1299 3691 sanctos
1329 3635 1665 3691 consultum
1690 3636 1772 3692 ire
1792 3637 2088 3693 venerabi-

425 3724 584 3781 libus
605 3728 660 3780 et
682 3728 793 3780 Deo
814 3722 1010 3795 dignis
1036 3724 1318 3779 moribus.
1341 3724 1591 3780 Econtra
1611 3742 1765 3793 vero,
1784 3730 1991 3782 mutua
2011 3726 2089 3781 vi-

427 3812 796 3880 cissitudine,
828 3817 1174 3886 receperunt
1203 3831 1238 3869 a
1265 3813 1436 3869 nobis
1465 3814 1792 3881 monachis,
1819 3814 2089 3871 videlicet

428 3901 627 3959 Sancti
666 3900 837 3968 Petri,
866 3901 924 3956 in
956 3918 1065 3958 sua
1096 3900 1335 3972 ditione,
1357 3906 1546 3958 totum
1586 3904 1742 3974 quod
1772 3903 1830 3958 in
1862 3904 2086 3959 Ginone

424 3989 577 4047 Villa
607 3994 664 4047 et
691 3991 1091 4063 Petripertusa
1117 4009 1151 4046 a
1179 3990 1390 4063 priscis
1433 3992 1800 4065 temporibus
1847 3993 2083 4050 videba-

426 4095 562 4135 mur
581 4078 899 4151 possidere.
924 4080 1141 4135 Harum
1166 4084 1364 4136 autem
1388 4079 1537 4137 situs
1558 4079 1829 4137 villarum
1853 4082 1911 4138 in
1934 4098 2082 4155 pago

425 4167 767 4225 Carnotensi
808 4185 935 4225 esse
967 4168 1313 4225 dinoscitur.
1333 4170 1497 4235 Quod
1547 4187 1614 4226 ea
1657 4170 1882 4227 ratione
1908 4176 2082 4244 atque

421 4256 746 4314 intentione
774 4257 1040 4314 noverint
1070 4261 1191 4313 tam
1221 4262 1526 4331 presentes
1557 4276 1734 4332 quam
1767 4276 2081 4333 superven-

420 4346 541 4402 turi
572 4345 775 4403 ﬁdeles
807 4351 1006 4403 sancte
1036 4348 1128 4403 dei
1159 4347 1432 4404 aecclesiaa
1466 4349 1706 4415 factum,
1741 4353 1806 4404 ut
1840 4348 2078 4405 inviola-

420 4434 558 4493 bilis
586 4439 643 4491 et
671 4452 904 4509 semper
933 4435 1217 4493 beneﬁcia
1247 4437 1512 4494 caritatis
1542 4437 1811 4494 custodia
1840 4454 2076 4495 conser-
2108 4427 2156 4491 D

419 4527 590 4581 vetur
617 4522 769 4581 inter
793 4528 1107 4598 utrumque
1125 4524 1413 4592 ordinem,
1432 4530 1606 4599 prout
1626 4530 1860 4600 tempus
1880 4530 1937 4584 et
1958 4544 2071 4595 res,

420 4613 538 4670 Deo
585 4613 899 4686 provisore,
925 4614 1249 4670 dictaverit.
1272 4613 1343 4670 Ut
1372 4618 1567 4670 autem
1624 4614 1747 4671 haec
1777 4616 2076 4673 inconvul-

420 4719 548 4758 sam
571 4702 833 4759 obtineat
858 4702 1217 4769 ﬁrmitatem,
1248 4702 1524 4758 manibus
1547 4701 1892 4760 clericorum
1914 4706 2079 4762 obtu-

419 4786 600 4844 limus
631 4788 991 4845 examussim
1023 4789 1434 4845 roborandam.

490 4902 517 4929 ‹‹
535 4878 656 4935 Odo
675 4876 909 4950 praesul.
931 4878 1007 4934 Su
1016 4878 1252 4949 ggerius
1274 4880 1574 4937 decumus.
1597 4880 1786 4937 Salico
1799 4883 2078 4955 ypodeca-
2120 4940 2129 4947 ,

419 4983 553 5023 nus.
577 4968 896 5022 Lanbertus
918 4966 1384 5023 archidiaconus.
1401 4968 1685 5025 Rodulfus
1704 4971 2069 5045 praepositus.

415 5055 543 5110 Atto
571 5053 938 5126 praepositus.
969 5055 1324 5111 Ilumbortus
1356 5056 1546 5113 levita.
1573 5059 1739 5115 Aimo
1771 5061 2075 5118 subdiaco-

415 5161 550 5199 nus.
574 5142 908 5220 Hilduinus,
927 5143 1121 5198 levita.
1142 5144 1303 5200 Isaac
1326 5148 1617 5202 sacerdos.
1637 5149 1977 5206 Warnerius
1996 5150 2074 5207 le-

409 5231 549 5288 vita.
573 5229 761 5287 Guido
793 5231 1269 5288 archidiaconus.
1293 5234 1654 5292 Gauzbertus
1686 5236 1876 5294 levita.
1903 5239 2072 5296 Adel-

411 5333 547 5376 mus
574 5319 831 5377 decanus
854 5320 969 5395 jul.
1005 5321 1180 5396 (120).
1202 5322 1523 5382 Morandus
1564 5324 1757 5384 levita.
1793 5328 2070 5387 Erbertus

476 5459 602 5540 420)
632 5462 751 5526 Sic.

2556 737 2779 793 nomine
2808 738 3039 793 vocitata
3067 735 3446 806 Guadresigia.

2801 827 2969 896 (Ante
2998 843 3033 881 a
3061 825 3213 896 986.)

2255 934 2285 965 κ
2306 913 2662 971 Posthabitis
2682 913 3119 987 aliquantulum
3142 913 3515 971 mordacibus
3535 913 3714 986 hujus
3730 930 3833 971 sa:-

2182 1001 2297 1059 culi
2321 1003 2499 1071 curis,
2515 1003 2572 1059 in
2595 1003 2812 1076 quibus
2837 1002 3067 1059 laetatur
3086 1002 3499 1076 caro,spiritus
3519 1002 3833 1061 contrista-

2181 1097 2297 1159 tur,
2320 1096 2511 1148 tactus
2533 1093 2789 1164 quodam
2811 1091 3128 1165 spiramine
3149 1091 3643 1165 intrinsecus,ego
3667 1092 3835 1148 Lam-

2182 1182 2404 1251 bertus,
2429 1181 2674 1238 audiens
2730 1180 2998 1237 deﬁciam
3044 1197 3243 1237 vocem
3282 1181 3573 1238 dicentem
3605 1197 3619 1238 :
3650 1184 3835 1238 Facite

2183 1270 2332 1325 vobis
2359 1270 2563 1325 amicos
2592 1267 2659 1325 de
2685 1284 2994 1325 mammona
3024 1269 3359 1341 iniquitatis,
3380 1273 3439 1326 et
3455 1271 3587 1326 Date
3602 1278 3655 1326 ct
3672 1269 3833 1327 dabi-

2183 1364 2275 1413 tur
2294 1358 2477 1425 vobis;
2497 1356 2695 1413 volens
2715 1356 3071 1413 omnimodis
3092 1356 3347 1430 aliquam
3371 1361 3597 1431 partem
3618 1358 3835 1416 habere

2186 1462 2321 1502 cum
2344 1444 2438 1501 his
2459 1444 2560 1518 qui
2582 1444 2690 1502 hoc
2721 1449 3076 1518 praeceptum
3099 1445 3355 1515 Domini,
3378 1447 3553 1504 corde
3579 1448 3835 1521 perfecto

2184 1539 2243 1590 et
2272 1535 2513 1604 obtimo,
2548 1533 2865 1608 adimplere
2895 1538 3270 1603 studuerunt,
3308 1534 3555 1611 cogitavi
3601 1540 3657 1594 et
3700 1541 3838 1594 voto

2188 1623 2413 1680 meliori
2444 1624 2646 1681 statim
2677 1640 2771 1681 me
2809 1623 3059 1698 obligavi
3091 1625 3164 1681 de
3192 1625 3369 1682 rebus
3418 1625 3566 1683 meis
3594 1642 3743 1699 quas
3774 1625 3836 1682 in

2186 1712 2296 1770 hoc
2325 1713 2595 1786 praesenti
2637 1711 2849 1769 saeculo
2887 1712 3087 1769 videor
3125 1714 3444 1786 possidere,
3467 1713 3690 1788 aliquid
3730 1731 3838 1789 pro

2186 1820 2382 1859 amore
2412 1806 2469 1858 et
2512 1806 2779 1875 respectu
2819 1801 3240 1875 omnipotentis
3278 1803 3379 1859 Dei
3419 1803 3679 1861 conferre
3708 1803 3839 1862 loco

2186 1892 2381 1949 Sancti
2416 1891 2569 1947 Petri
2598 1896 2655 1948 et
2685 1891 2868 1948 servis
2908 1891 3173 1963 ejusdem
3214 1891 3381 1961 inibi,
3404 1893 3517 1949 sub
3557 1892 3663 1949 levi
3687 1894 3840 1967 jugo

2185 1981 2420 2039 Domini
2444 1986 2502 2038 et
2521 1982 2634 2038 sub
2658 1981 2908 2055 regulari
2939 1981 3298 2054 professione
3324 1983 3513 2039 sancti
3543 1983 3841 2040 Benedicti

2185 2071 2705 2139 commorantibus,
2729 2070 2944 2143 quibus
2966 2087 3215 2143 praeesse
3233 2071 3464 2128 videtur
3489 2073 3842 2130 venerabilis

2184 2161 2369 2217 abbas
2395 2159 2761 2229 Widbertus,
2782 2159 3005 2232 absque
3029 2158 3148 2216 ulla
3175 2159 3473 2229 dilatione,
3496 2178 3571 2218 ne
3600 2161 3841 2218 fortuito

2187 2266 2324 2306 casu
2345 2247 2704 2321 subripiente
2723 2247 2928 2305 mortis
2947 2248 3215 2319 articulo,
3230 2266 3366 2306 reus
3385 2249 3648 2307 inveniar
3658 2249 3759 2323 huj
3771 2268 3843 2308 us

2188 2338 2541 2411 imperfecta:
2570 2337 2910 2395 voluntatis.
2934 2339 3019 2394 Ab
3044 2337 3284 2396 odierna
3302 2356 3438 2412 ergo
3471 2338 3565 2397 die
3593 2344 3651 2397 et
3676 2340 3843 2397 dein-

2188 2445 2346 2501 ceps,
2370 2445 2473 2500 pro
2497 2427 2753 2484 remedio
2774 2426 2983 2484 animae
3006 2444 3147 2484 meae
3171 2432 3230 2485 et
3251 2427 3446 2486 uxoris
3468 2428 3844 2503 ﬁliorumque

2188 2533 2454 2574 meorum
2484 2516 2541 2572 in
2583 2516 3033 2574 succedentibus
3071 2516 3569 2590 generationibus,
3588 2519 3755 2577 trado
3786 2522 3849 2576 et

2188 2607 2470 2664 traditum
2500 2623 2628 2663 esse
2656 2605 2805 2677 volo,
2835 2607 2975 2664 cedo
3003 2610 3060 2663 et
3090 2623 3322 2664 cessum
3362 2607 3492 2664 sine
3530 2607 3651 2664 ulla
3678 2606 3849 2665 calu-

2190 2696 2353 2754 mnia
2401 2713 2529 2753 esse
2575 2695 2770 2769 cupio,
2796 2696 3035 2769 praefato
3066 2695 3212 2765 loco,
3237 2695 3473 2753 aledum
3521 2696 3846 2770 quendam,

2189 2790 2379 2843 totum
2410 2786 2484 2841 ad
2508 2786 2828 2858 integrum,
2841 2784 3022 2841 situm
3045 2785 3105 2840 in
3125 2785 3266 2842 villa
3282 2786 3475 2859 prisco
3496 2786 3732 2843 nomine
3748 2804 3850 2845 vo-

2189 2875 2368 2931 citata
2383 2874 2544 2932 Guad
2554 2874 2786 2947 resigia,
2800 2878 2866 2930 ut
2884 2873 3409 2943 habeant,teneant
3427 2879 3487 2932 et
3506 2875 3852 2948 possideant

2193 2964 2351 3021 omni
2384 2968 2644 3037 tempore
2691 2962 2905 3033 seculi;
2956 2963 3337 3021 conventione
3386 2964 3540 3021 facta
3588 2968 3673 3036 ut,
3698 2965 3849 3024 dum

2113 3053 2157 3121 C
2190 3053 2648 3122 vixero,teneam
2669 3057 2727 3109 et
2754 3052 3005 3126 singulis
3034 3053 3208 3109 annis
3234 3053 3418 3111 missa
3447 3053 3633 3111 sancti
3665 3055 3845 3127 Petri,

2195 3159 2323 3215 qua:
2344 3147 2434 3198 est
2460 3140 2639 3199 tercio
2665 3141 2955 3199 Kalendas
2972 3142 3138 3210 Julii,
3160 3143 3220 3198 in
3241 3159 3484 3200 censum
3513 3143 3845 3216 persolvam

2193 3248 2268 3288 xu
2300 3231 2602 3299 denarios;
2654 3234 2787 3304 post
2834 3230 3251 3289 discessionem
3282 3249 3417 3290 vero
3471 3236 3530 3289 et
3581 3233 3850 3306 corporis

2196 3319 2309 3375 mei
2341 3318 2789 3391 depositionem,
2813 3318 2968 3376 sicut
2995 3318 3116 3376 haec
3147 3337 3403 3393 praesens
3432 3321 3727 3394 scriptura
3754 3326 3854 3379 te-

2195 3412 2405 3478 statur,
2424 3425 2538 3481 quo
2558 3407 2768 3464 anima:
2790 3426 2930 3465 mete
2961 3426 3097 3465 mox
3127 3408 3436 3467 subveniat
3456 3413 3513 3467 et
3540 3426 3855 3468 occurram

2195 3497 2470 3572 dignetur
2495 3498 2723 3571 primus
2767 3504 2825 3555 et
2870 3499 3004 3572 pius
3060 3505 3261 3573 pastor
3313 3500 3584 3559 (ecclesiae
3616 3501 3855 3571 Petrus,

2196 3603 2329 3644 cum
2361 3587 2521 3643 omni
2553 3587 2955 3644 melioratione
2984 3592 3041 3644 et
3068 3588 3401 3663 integritate
3431 3590 3503 3646 ad
3554 3589 3853 3663 prefatum

2196 3676 2526 3732 coenobium
2584 3681 2924 3733 revertatur.
2949 3677 3067 3735 Hoc
3099 3677 3282 3751 igitur
3327 3677 3604 3734 omnibus
3650 3678 3857 3737 ortho-

2195 3766 2354 3821 doxae
2382 3770 2441 3822 et
2461 3764 2792 3838 apostolicae
2815 3766 2948 3822 ﬁdei
2971 3766 3300 3824 cultoribus
3320 3772 3527 3825 notum
3546 3783 3676 3824 esse
3696 3766 3854 3825 volo.

2195 3855 2253 3912 Si
2277 3854 2410 3928 quis
2430 3872 2564 3911 vero
2586 3859 2789 3911 contra
2809 3855 2961 3912 hanc
2980 3855 3355 3913 donationem
3371 3856 3567 3913 venire
3587 3858 3857 3930 quodam

2193 3960 2341 4000 ausu
2364 3944 2758 4017 tamptaverit,
2780 3944 3253 4002 maledictionem
3284 3946 3451 4003 Judaa
3480 3951 3760 4019 apostate
3792 3953 3856 4005 et

2194 4033 2493 4090 traditoris
2542 4032 2777 4091 Domini
2806 4033 2865 4090 in
2896 4035 3070 4091 corde
3098 4038 3158 4091 et
3185 4052 3425 4109 corpore
3474 4034 3608 4092 ilico
3658 4037 3853 4109 perci-

2190 4121 2332 4195 piat.
2351 4122 2512 4180 Hanc
2532 4139 2669 4197 ergo
2690 4123 3065 4180 donationem
3094 4140 3274 4180 manu
3294 4123 3502 4181 obtimi
3524 4122 3757 4182 comitis
3790 4131 3853 4184 et

2189 4209 2437 4268 senioris
2459 4211 2574 4267 mei
2594 4211 2813 4268 Odonis
2833 4212 3223 4284 manibusque
3244 4210 3505 4269 ﬁdelium
3527 4214 3656 4286 eius
3676 4213 3853 4273 robo-

2189 4316 2317 4356 rare
2335 4315 2471 4356 cum
2503 4316 2682 4356 manu
2715 4317 2846 4358 mea
2867 4301 3115 4358 decrevi.
3138 4306 3353 4359 Actum
3374 4301 3609 4375 publice
3627 4302 3848 4362 Carno-

2188 4387 2286 4444 tis.
2309 4387 2430 4444 Odo
2462 4405 2678 4445 comes.
2714 4389 3017 4447 Rotrocus.
3038 4390 3359 4447 Arduinus.
3384 4390 3709 4448 Teduinus.
3742 4391 3845 4450 Al-

2186 4475 2445 4534 charius.
2476 4477 2816 4536 Gauslinus.
2851 4479 3218 4548 Lambertus,
3247 4479 3349 4552 qui
3377 4479 3532 4538 hanc
3567 4480 3843 4540 donatio-

2185 4582 2320 4623 nem
2353 4565 2508 4623 t‘ecit.
2536 4589 2564 4617 ››

2256 4654 2355 4712 Set
2407 4658 2607 4712 utrum
2654 4655 2980 4715 habeamus
3026 4675 3101 4714 an
3150 4658 3391 4728 non,vel
3419 4658 3471 4715 si
3502 4658 3677 4717 modo
3723 4659 3847 4720 alio

2186 4742 2423 4800 nomine
2449 4744 2751 4816 vocitetur,
2776 4745 2976 4803 relicto
3006 4746 3187 4821 priori
3226 4747 3484 4819 nomine,
3506 4747 3598 4806 vel
3628 4748 3732 4807 ubi
3763 4748 3848 4808 sit

2186 4832 2404 4890 fundus
2434 4832 2563 4904 iste,
2588 4834 2824 4908 penitus
2852 4835 3216 4910 ignoramus.

2704 4924 3119 4983 CAPITULUM
3160 4925 3307 4983 XIV.

2185 5013 2265 5066 De
2290 5011 2537 5068 accctesia
2562 5012 3052 5089 Ermcnteriarum,
3083 5023 3136 5072 et
3179 5015 3244 5072 de
3288 5016 3442 5089 omni
3452 5086 3465 5089 Α
3485 5021 3635 5089 terra
3667 5031 3843 5089 quam

2251 5085 2780 5213 Ξέιᾷναηξιϊηέοηαειιί
2807 5086 2997 5144 Sancti
3030 5089 3184 5145 Petri
3224 5089 3293 5144 ab
3340 5085 3842 5163 Archinulfo'quo-

2403 5172 2483 5211 mi
2512 5173 2531 5211 ι
2588 5198 2601 5212 .

2403 5172 2601 5212 multa.

2798 5247 2967 5317 (Ante
2998 5265 3033 5305 a
3058 5247 3210 5318 986.)

2255 5353 2282 5383 ‹‹
2296 5331 2362 5389 In
2379 5332 2614 5392 nomine
2629 5334 2857 5394 Domini
2873 5339 2931 5394 et
2940 5336 3247 5397 salvatoris
3259 5335 3445 5396 nostri
3455 5335 3640 5396 Jhesu
3653 5335 3829 5396 Chri-
