3988 6072
167 253 291 324 ᾖίι

1137 255 1388 317 VETUS
1435 255 1720 315 AGANO.
1757 286 1830 298 -—
1862 249 2006 316 LlB.
2059 255 2156 314 ιν.
2193 255 2648 315 GlSBEBTUS.

3472 254 3592 322 243

167 391 384 456 votum
422 391 608 454 teneo,
627 386 846 452 tenebo
868 390 925 442 et
951 386 1130 442 tenui.
1165 389 1286 454 Quo
1308 387 1516 444 abbate
1535 387 1690 443 intra
1714 403 1837 460 gre—
1863 388 1918 458 Α
1947 386 2188 454 ordinis,
2212 404 2384 442 sexus
2404 386 2492 442 vel
2515 385 2839 459 dignitatis,
2861 383 3216 459 quicumque
3237 385 3416 458 hujus
3434 402 3594 444 secu-

157 475 372 536 mium
407 474 649 548 placidae
679 474 933 549 regionis
965 481 1216 548 recepto,
1245 475 1432 548 ipsius
1465 475 1834 532 nichilhomi-

173 581 292 620 nus
337 582 764 635 successorem,
818 567 1101 622 domnum
1133 565 1398 621 videlicet
1435 570 1492 621 et
1533 565 1838 622 imitabilis

157 653 302 712 -vitze
323 655 668 710 Gisbertum
687 655 976 723 abbatem,
1000 655 1248 728 supplex
1269 671 1333 710 ac
1357 655 1596 712 devotus
1619 656 1838 730 suppli-

171 747 339 798 cator
370 743 608 816 expetii,
643 750 709 799 ut
747 762 930 800 unum
962 762 1030 800 ex
1059 746 1184 802 suis
1217 745 1569 801 monachum
1600 745 1837 801 benedi-

167 834 362 890 cendo
396 832 454 888 in
489 834 764 906 praedicto
788 834 1098 891 oratoriolo
1129 836 1399 891 abbatem
1433 835 1835 890 substitueret.

169 923 336 988 Quod
377 924 572 995 primo
606 925 842 996 quidem
866 925 1091 992 abnuit,
1127 925 1363 980 tandem
1386 923 1700 996 aliquando
1723 925 1837 981 mei

165 1012 352 1068 etiam
386 1013 597 1068 domui
629 1013 892 1086 meisque
923 1014 1391 1069 commilitonum
1419 1031 1650 1086 quoque
1677 1032 1838 1070 meo-

153 1119 301 1170 rum
329 1103 638 1174 precibus,
653 1108 850 1159 uterat
869 1103 1168 1159 benivolus
1191 1109 1367 1176 atque
1387 1103 1714 1171 exorabilis,
1739 1105 1837 1160 de-

166 1191 382 1259 victus,
405 1193 788 1260 assentiendo
804 1193 956 1265 quod
980 1193 1322 1265 suppliciter
1341 1211 1732 1260 exoraveram,
1749 1195 1840 1249 be-

167 1281 349 1354 nighe
385 1281 713 1354 supplevit;
757 1299 825 1338 ea
858 1281 1078 1340 scilicet
1104 1283 1302 1337 domni
1345 1283 1475 1350 mei,
1511 1300 1603 1338 me
1637 1283 1838 1355 depre-

165 1377 361 1436 cante,
383 1371 768 1444 promulgata
797 1371 1146 1441 conditione,
1172 1371 1313 1444 regii
1337 1373 1575 1443 insuper
1595 1388 1838 1428 consen-

165 1477 268 1516 sus
279 1462 609 1518 accedente
622 1461 997 1516 immunitate
1011 1461 1476 1517 conformidabili
1493 1462 1837 1533 pontificum

167 1550 679 1618 interminatione,
727 1551 954 1616 decreto
987 1568 1218 1624 quoque
1250 1554 1367 1606 tam
1400 1550 1840 1608 aecclesiastica-

153 1659 297 1708 rum
333 1657 524 1713 quam
554 1639 928 1696 saecularium
949 1643 1325 1712 potestatum,
1345 1657 1464 1696 una
1495 1657 1630 1696 cum
1660 1640 1838 1696 totius

151 1729 360 1803 plebis
376 1729 551 1795 scito,
574 1732 637 1783 ut
659 1745 797 1800 sepe
819 1727 1008 1784 dictus
1028 1729 1283 1784 Haurion
1307 1727 1469 1782 locus
1492 1745 1594 1800 pro
1611 1729 1842 1783 traden-

163 1816 252 1872 dis
285 1814 831 1882 benedictionibus,
857 1815 944 1871 vel
967 1815 1394 1871 substituendis
1419 1816 1754 1881 abbatibus,
1779 1816 1837 1872 in

163 1909 463 1978 potestate
491 1904 716 1978 praefati
740 1904 1065 1960 archisterii
1088 1905 1386 1976 suppremi
1411 1904 1593 1976 apicis
1615 1910 1841 1978 aposto-

153 1994 386 2063 lorum,
423 1995 696 2067 ejusdem
737 1993 848 2050 loci
892 1994 1223 2066 provisoris,
1257 1994 1676 2066 perpetualiter
1708 2013 1838 2068 per-

161 2088 433 2149 maneat,
454 2082 676 2156 quippe
698 2099 731 2138 a
747 2098 863 2154 quo
887 2099 1004 2137 suae
1022 2080 1478 2154 recuperationis
1496 2099 1597 2138 seu
1621 2083 1841 2140 instau-

157 2172 418 2242 rationis
450 2188 748 2229 summam
771 2170 948 2226 habet
977 2175 1032 2226 et
1052 2170 1429 2243 principium.
1458 2173 1604 2246 Sepe
1633 2172 1836 2245 scripti

163 2264 377 2335 utique
411 2261 671 2317 Haurion
713 2258 1021 2316 ccenobioli
1066 2259 1338 2316 abbatem
1389 2261 1835 2319 Carnotensium

163 2358 357 2425 pater,
441 2367 620 2423 quem
697 2349 1022 2405 secundum
1099 2349 1374 2420 decrevit,
1462 2351 1835 2423 subrogando

153 2439 522 2514 substituat,
555 2439 869 2495 accedente
898 2438 958 2494 in
1001 2456 1185 2494 unum
1236 2457 1479 2495 suorum
1527 2441 1835 2513 utriusque

155 2530 297 2600 loci,
321 2531 581 2586 fratrum
603 2545 893 2584 consensu
911 2528 1086 2584 simul
1111 2545 1241 2584 cum
1261 2529 1540 2586 electione
1569 2532 1831 2601 ejusdem
1861 2540 1866 2544 ‘

159 2619 358 2676 locelli
391 2617 726 2676 defensoris
748 2617 834 2672 vel
856 2618 1138 2688 advocati,
1172 2619 1220 2672 si
1244 2617 1479 2691 quidem
1513 2620 1612 2675 Dei
1642 2620 1830 2677 zelum

157 2709 466 2783 sapuerit;
491 2710 616 2781 ipse
632 2712 827 2764 autem
846 2707 1148 2763 ordinatus
1166 2707 1224 2763 in
1247 2709 1556 2780 praesentia
1573 2709 1664 2765 sui
1683 2711 1835 2766 ordi-

157 2800 394 2856 natoris
413 2797 506 2853 vel
539 2798 744 2870 patris,
771 2814 884 2852 non
918 2797 1209 2868 prioratus
1234 2796 1320 2853 vel
1352 2797 1704 2869 aequalitatis
1726 2816 1828 2855 seu

159 2884 1828 2962 parilitatislocum,setjuniorisetdiscipulihumilitatem

155 2979 748 3047 attendat,‘pmnemq
761 2993 828 3030 ue
841 2974 1028 3030 eidem
1042 2975 1172 3046 subj
1181 2975 1485 3043 ectionem,
1503 2978 1826 3033 secundum

157 3066 607 3137 institutionem
642 3063 835 3135 sancti
877 3064 1195 3132 Benedicti,
1239 3063 1428 3120 vicino
1468 3066 1825 3122 obzedientiae

1948 477 2138 532 ritatis
2159 475 2387 532 evulsor
2405 476 2491 532 vel
2513 476 2778 532 eﬂ'ractor
2799 476 3106 548 persistere
3133 476 3592 548 praesumpserit,

1943 567 2004 622 in
2036 566 2305 638 prmsenti
2338 565 2572 638 quidem
2607 583 2739 621 cum
2790 565 2968 632 Giezi,
3003 570 3320 621 mercatore
3347 566 3592 632 fraudis,

1945 656 2451 730 participationem
2499 656 2762 727 adeptus,
2816 654 3165 710 aeternaliter
3212 659 3408 710 autem
3461 672 3595 712 cum

1948 746 2173 802 Dathan
2198 745 2480 802 etAbiron
2495 744 2815 801 tenebrosis
2837 743 3185 818 caliginibus
3202 744 3594 817 mancipatus,

1946 839 2085 890 tunc
2116 835 2342 890 veniam
2376 839 2770 907 consequatur
2800 835 3032 906 quando
3065 838 3488 890 consecuturus
3509 839 3599 890 est

1949 924 2492 980 diabolus.0bsecro
2509 924 2700 995 itaque
2714 923 3080 978 clementiam
3095 940 3297 996 regum
3311 924 3601 979 omnium-

1950 1029 2063 1086 que
2093 1013 2153 1067 in
2184 1014 2409 1069 Christo
2449 1012 2830 1086 dignitatum,
2861 1017 2944 1080 ut,
2981 1012 3029 1068 si
3073 1013 3453 1085 subsequenti
3483 1029 3598 1077 aevo

1948 1103 2128 1175 (quod
2156 1103 2326 1170 absit,
2353 1104 2501 1174 quod
2528 1101 2748 1174 utique,
2774 1106 2840 1158 ut
2859 1102 3132 1170 creditur,
3157 1103 3366 1170 aberit)
3388 1101 3599 1175 aliquis

1949 1193 2102 1247 abba
2132 1192 2188 1246 in
2223 1192 2560 1247 Carnotensi
2611 1192 2873 1247 coenobio
2921 1192 3243 1259 emerserit,
3292 1191 3391 1263 qui
3424 1209 3604 1264 supra

1949 1281 2235 1353 scriptum
2254 1281 2508 1336 Haurion
2525 1280 3024 1347 monasteriolum,
3046 1280 3330 1336 existente
3344 1281 3469 1337 sine
3485 1281 3602 1360 Deo

1949 1369 2286 1443 cupiditate,
2321 1387 2446 1442 qua:
2479 1388 2585 1426 sua
2617 1375 2775 1437 sunt,
2826 1387 2941 1425 non
2974 1387 3100 1440 quae
3149 1369 3332 1425 Jhesu
3363 1369 3601 1439 Christi,

1950 1476 2220 1533 querens,
2256 1459 2516 1516 desolare
2545 1458 2810 1525 voluerit,
2849 1458 3075 1514 nullum
3105 1459 3163 1512 in
3199 1459 3604 1530 prosecutione

1950 1549 2208 1605 obtineat
2230 1549 2519 1616 effectum,
2539 1553 2596 1604 et
2617 1547 2814 1620 sepius
2836 1549 3058 1604 dictum
3077 1547 3361 1604 stabiliter
3381 1564 3606 1620 perma-

1949 1644 2085 1694 neat
2117 1638 2520 1695 caenobiolum.
2556 1637 2629 1693 Ut
2652 1643 2851 1692 autem
2873 1637 3053 1707 hujus
3077 1636 3407 1692 securitatis
3428 1653 3606 1692 causa

1931 1728 2366 1802 ,perpetualiter
2393 1727 2675 1782 consistat
2706 1726 3068 1793 inconvulsa,
3094 1724 3406 1800 suggillata
3427 1726 3606 1798 poeni-

1953 1817 2239 1874 tustotius
2257 1816 2477 1872 fraudis
2494 1816 2578 1872 vel
2595 1815 2942 1888 calumpniaa
2963 1814 3372 1892 controversia,
3387 1817 3602 1892 domno

1949 1924 2078 1963 meo
2109 1906 2315 1974 obtuli,
2348 1906 2480 1962 duci
2513 1923 2745 1978 quoque
2765 1904 3086 1978 ceterisque
3117 1905 3176 1960 in
3208 1904 3439 1960 Christo
3469 1923 3602 1978 pro-

1948 1997 2199 2066 ceribus,
2233 1996 2752 2070 corroborandam;
2782 1994 3118 2068 placuitque
3141 1998 3316 2066 atque
3338 1995 3606 2050 convenit

1947 2087 2183 2143 tandem
2216 2087 2273 2142 in
2307 2091 2553 2158 utroque
2578 2085 2703 2140 loco
2737 2101 2850 2140 uno
2876 2089 3076 2140 tenore
3098 2084 3420 2156 eademque
3435 2083 3601 2139 habi-

1945 2177 2148 2232 tudine
2180 2176 2573 2248 conscriptam
2597 2173 2900 2234 contineri.
2927 2173 3472 2246 SignumHugonis
3493 2174 3600 2230 du-

1945 2265 2050 2322 cis.
2098 2268 2156 2322 S.
2208 2265 2426 2321 Odonis
2475 2264 2726 2320 comitis.
2774 2265 2833 2320 S.
2885 2263 3168 2336 Hugonis,
3232 2267 3409 2332 santae
3452 2264 3600 2336 (125)

1946 2354 2324 2410 Bituricensis
2352 2354 2805 2426 archipracsulis.
2840 2354 2898 2408 S.
2936 2351 3229 2424 Letgardis
3261 2351 3593 2413 comitissaa.

1945 2445 2003 2500 S.
2065 2446 2245 2500 Berta:
2317 2443 2650 2499 comitissae.
2725 2443 2784 2497 S.
2852 2441 3145 2497 Gauzfridi
3213 2439 3593 2498 vicecomitis.

1939 2534 2002 2588 .S.
2037 2532 2295 2605 llugonis
2326 2533 2395 2587 de
2426 2531 2562 2587 villa
2589 2530 2800 2604 Aloyaa.
2835 2531 2894 2586 S.
2933 2529 3192 2584 lluberti.
3239 2530 3588 2602 Avesgaudi.

1941 2623 2000 2677 S.
2037 2622 2346 2678 Fulcherii.
2371 2622 2430 2677 S.
2461 2620 2752 2676 Landrici.
2788 2620 2846 2676 S.
2873 2618 3178 2692 Helgaudi.
3201 2619 3268 2674 S.
3288 2617 3586 2688 Rodberti,

1941 2711 2040 2784 qui
2071 2711 2222 2766 hanc
2271 2709 2755 2782 conscriptionem
2804 2706 3152 2780 ﬁerijussit.
3205 2707 3264 2764 S.
3297 2707 3586 2782 Suggerii.

1939 2800 1998 2856 S.
2035 2799 2286 2856 Rotroci.
2321 2801 2379 2855 S.
2428 2798 2731 2854 Harduini.
2768 2799 2826 2854 S.
2861 2796 3176 2854 Teudonis.
3212 2798 3270 2853 S.
3304 2797 3585 2854 Gilduini.

1939 2890 1997 2946 S.
2033 2890 2212 2945 Isaac.
2249 2912 2276 2940 »

2009 2982 2267 3045 Quantas
2299 2978 2555 3033 invenire
2590 2976 2748 3049 potui
2796 2981 3005 3041 certas,
3038 2976 3148 3031 sub
3181 2979 3438 3048 tempore
3467 2974 3586 3030 Wi-

1937 3067 2081 3122 herti
2116 3067 2344 3122 abbatis
2375 3067 2644 3138 scriptas,
2669 3067 2728 3120 in
2760 3066 2868 3120 hoc
2899 3065 3180 3138 opusculo
3201 3063 3586 3136 perordinem

157 3153 1827 3229 pedeexibeat;pareat,inquam,jubenti,obtemperetim-
1856 3139 1898 3207 C
1936 3155 2177 3227 scripsi;
2232 3172 2386 3210 nunc
2429 3161 2623 3210 autem
2676 3155 2982 3227 aggrediar
3023 3153 3275 3209 scribere
3322 3169 3420 3208 eas
3458 3170 3585 3225 quae

159 3246 394 3320 paranti
409 3289 420 3301 .
439 3244 647 3316 Siergo
663 3242 1076 3323 tergiversath
1085 3247 1186 3298 aut
1199 3243 1276 3298 im
1283 3249 1653 3316 pugnatorcu
1661 3246 1826 3317 piens

161 3335 416 3392 existere
430 3333 610 3405 (quod
623 3331 819 3398 absit!)
833 3331 1048 3387 diaboli
1061 3331 1301 3388 effectus
1313 3331 1666 3400 imitator,de
1679 3334 1824 3391 collo

157 3441 272 3482 suo
298 3425 524 3496 jugum
556 3420 762 3477 debitae
795 3420 1174 3490 subjectionis
1207 3421 1528 3493 procaciter
1560 3427 1825 3480 excutere

153 3509 1165 3584 yoluerit,excommunicetur.Quod
1183 3509 1230 3566 si
1243 3510 1435 3566 adhuc
1449 3510 1524 3565 im
1533 3512 1752 3583 probus
1764 3513 1822 3568 in

154 3621 263 3674 sua
275 3599 607 3676 perstiterit
621 3599 963 3672 pertinacia,
989 3600 1334 3672 deponatur,
1351 3599 1656 3673 eidemque
1673 3601 1823 3658 alius

153 3693 538 3764 subl-agetur,
559 3688 1060 3762 praeclarisatque
1089 3687 1428 3746 victricibus
1459 3689 1822 3746 oboedientiae

153 3771 340 3850 armis
363 3779 594 3849 melius
629 3779 976 3846 instructus.
1020 3778 1150 3852 Ipse
1190 3795 1322 3836 vero
1363 3783 1465 3835 aut
1507 3779 1824 3852 cujuslibet

219 3908 377 3981 (125)
410 3904 622 3978 Suppl.
653 3904 931 3962 Ecclesiae.

1937 3244 2110 3299 michi
2145 3243 2417 3299 videntur
2445 3245 2611 3298 edita:
2643 3243 2893 3300 Gisberti
2912 3241 3138 3298 abbatis
3161 3242 3272 3297 sub
3301 3246 3581 3314 tempore.

1935 3333 2073 3407 (Hoc
2104 3337 2298 3388 autem
2351 3333 2476 3388 volo
2509 3333 2657 3388 scire
2703 3333 3010 3406 legentem,
3059 3332 3214 3404 quod
3245 3331 3332 3385 vir
3379 3331 3584 3388 beatus

1932 3424 2226 3481 Wibcrtus
2258 3422 2514 3478 moriens
2537 3421 2718 3493 jussit
2739 3417 2950 3494 corpus
2973 3437 3146 3476 suum
3180 3419 3313 3492 poni
3342 3419 3400 3474 in
3424 3436 3584 3476 com-

1934 3514 2098 3568 muni
2129 3511 2453 3585 poliandro,
2487 3512 2688 3568 dicens
2715 3513 2867 3584 quod
2900 3509 3054 3566 intra
3084 3507 3406 3566 aecclesiam
3439 3510 3580 3566 dum

1932 3606 2233 3676 ponuntur
2261 3618 2503 3674 corpora
2524 3605 2916 3673 peccatorum,
2949 3604 3241 3673 augentur
3269 3598 3327 3654 in
3357 3598 3581 3656 inferno

1931 3709 2112 3766 pcenze
2142 3691 2474 3746 animarum
2506 3693 2755 3760 eorum.)

1197 4209 1676 4338 LIBER
1785 4209 2549 4370 QUARTUS

1801 4443 1931 4488 SIVE

1102 4584 1864 4690 GISBERTI
1949 4587 2635 4676 ‘ABBATIS

1247 4754 1353 4826 (Ab
1383 4771 1535 4810 anno
1563 4754 1669 4810 984
1699 4754 1769 4809 ad
1804 4771 2026 4811 annum
2056 4756 2284 4814 circiter
2317 4758 2500 4827 1001.)

1659 4913 2084 4928 ψ

743 5047 1162 5105 CAPITULUM
1207 5048 1248 5104 Ι.

408 5140 484 5196 De
509 5139 802 5212 privilegio
830 5155 866 5194 α
897 5154 1022 5207 rege
1053 5137 1326 5194 Clothario
1355 5138 1571 5209 ﬁrmato

807 5228 993 5298 (Anno
1035 5228 1183 5296 985.)

227 5321 346 5376 ειη
383 5319 537 5386 (126)
573 5315 812 5372 nomine
859 5321 1073 5372 sancta:
1103 5321 1161 5372 et
1209 5316 1518 5371 individua:
1567 5317 1822 5375 Trinita-

159 5409 252 5477 tis,
287 5409 482 5465 Patris
513 5405 800 5474 videlicet,
835 5405 963 5462 Filii
993 5410 1050 5463 et
1075 5405 1327 5478 Spiritus
1358 5406 1564 5460 sancti.
1601 5405 1824 5465 Clotha-

1845 5051 1893 5116 D
1927 5051 2070 5118 rius,
2104 5051 2362 5124 propicia
2410 5050 2712 5108 divinitate
2756 5067 2872 5108 rex.
2907 5051 3071 5108 Sicut
3105 5051 3174 5106 de
3218 5046 3581 5105 tabernaculi

1931 5141 2126 5214 glorim
2160 5142 2255 5196 Dei
2290 5143 2492 5197 decore
2522 5140 2580 5196 in
2625 5139 2895 5215 praesenti
2926 5139 3136 5196 saeculo
3168 5137 3583 5212 cogitantibus,

1932 5231 1991 5286 in
2025 5235 2196 5287 domo
2219 5229 2559 5288 azternitatis
2589 5230 2776 5304 ipsius
2795 5231 2922 5286 vita:
2953 5233 3246 5286 reseratur
3267 5227 3481 5292 aditus,
3506 5225 3591 5282 ita

1933 5323 2198 5392 ejusdem
2233 5319 2643 5394 pervasoribus
2662 5319 2864 5393 procul
2897 5320 3074 5376 dubio
3099 5318 3158 5372 in
3190 5315 3402 5372 inferni
3429 5316 3594 5370 bara-

1935 5416 2022 5466 tro
2055 5416 2345 5482 perpetuae
2398 5409 2606 5465 mortis
2656 5409 2874 5483 patebit
2923 5407 3268 5481 ingressus;
3301 5403 3437 5459 huic
3469 5419 3598 5473 spei

231 5571 379 5642 (126)
413 5566 639 5626 Publici
676 5566 829 5638 juris
868 5567 1022 5625 facta
1060 5567 1152 5622 est
1190 5563 1307 5620 haec
1347 5563 1550 5619 charta
1588 5565 1646 5623 in
1680 5569 1821 5626 Gull.
1868 5568 2092 5634 ChrisL,
2129 5571 2172 5622 t.
2202 5569 2350 5641 V111,
2383 5569 2583 5636 instr.,
2617 5569 2723 5626 col.
2756 5569 2880 5624 294.
