3988 6072
386 310 504 375 243

1266 312 1497 378 PAULI
1540 312 1606 376 S.
1650 311 1886 375 PETRI
1929 307 2478 373 CARNOTENSIS
2519 305 2904 372 MONACHI.

3680 309 3803 372 944

384 444 633 503 ﬁdeliter
676 442 1043 503 inconbendo
1087 445 1366 503 invisibili
1414 446 1654 503 veritate
1683 445 2033 520 gaudemus,
2064 444 2121 512 Α
2148 443 2380 500 cunctis
2410 442 2629 499 ﬁnibus
2657 459 2854 499 rerum
2876 441 2936 497 in
2967 440 3257 499 universis
3287 439 3662 500 comitatibus
3682 441 3807 500 sive

384 536 523 593 huic
554 535 874 592 inherendo
920 537 1247 592 ﬁrmamur.
1281 539 1644 610 Quapropter
1694 535 2042 592 universalis

386 626 489 683 Dei
519 625 790 682 aecclesize
821 626 1085 681 omnium
1119 626 1380 682 ﬁdelium
1414 631 1890 699 nostrorumque,
1920 628 2041 681 tam

383 715 762 790 praesentium
803 732 982 787 quam
1042 715 1377 772 succedenti
1423 715 1635 772 saeculo
1684 715 2040 782 futurorum,

386 805 609 861 noverit
658 804 754 877 pia
802 805 1094 878 sagacitas
1152 805 1294 878 quia
1352 803 1553 862 ﬁdeles
1611 804 1795 861 nostri
1854 804 2040 876 regni,

386 895 508 951 0do
539 893 762 950 scilicet
789 893 1233 949 Carnotensium
1268 893 1501 967 praesul,
1548 898 1724 967 atque
1766 893 2042 951 illustris-

387 984 577 1040 simus
607 1000 802 1040 comes
833 983 1023 1040 ﬁdelis
1053 988 1251 1039 noster
1278 1000 1345 1039 ac
1375 984 1529 1039 inter
1558 983 1704 1041 alios
1734 983 1924 1057 magis
1955 982 2043 1040 di-

385 1073 574 1130 lectus
595 1073 736 1140 Odo,
772 1089 906 1128 cum
928 1089 1034 1128 sua
1055 1088 1215 1145 aeque
1237 1074 1486 1145 conjuge
1511 1072 1684 1129 Berta
1705 1074 1851 1144 (127)
1874 1076 2044 1146 nepte

388 1165 593 1237 utique
624 1166 825 1218 nostra
853 1160 1219 1228 dulcissima,
1245 1162 1694 1236 magnificentia
1718 1167 1930 1219 nostra:
1952 1180 2045 1236 ge-

388 1271 507 1309 nua
538 1250 880 1324 suppliciter
909 1249 1197 1319 adierunt,
1232 1252 1541 1308 accedente
1587 1268 1822 1325 quoque
1870 1251 2045 1325 etiam

386 1343 448 1399 in
478 1343 588 1398 hoc
618 1338 805 1396 incliti
835 1339 1005 1395 ducis
1054 1339 1243 1396 ﬁdelis
1276 1341 1460 1396 nostri
1492 1323 2048 1415 Ugo—uisifavorabili

387 1430 806 1497 obsecratione,
858 1432 924 1484 ut
978 1430 1275 1502 quoddam
1327 1430 1751 1488 monasterium
1800 1430 2045 1504 quodin

387 1520 673 1579 suburbio
702 1522 1030 1592 praenotata:
1053 1518 1320 1576 videlicet
1347 1519 1671 1576 Carnotinc'e
1705 1520 1957 1577 civitatis
1986 1519 2046 1576 in

386 1611 607 1667 honore
652 1606 1128 1664 beatissimorum
1176 1608 1430 1664 duodeni
1481 1608 1667 1681 apicis
1716 1608 2045 1682 principum

388 1700 541 1757 Petri
575 1703 631 1755 et
662 1696 846 1764 Pauli,
879 1697 996 1752 Deo
1028 1696 1309 1770 propicio,
1341 1702 1573 1755 constat
1597 1698 1873 1755 nobiliter
1909 1699 2047 1754 fun-

387 1791 610 1857 datum,
644 1785 1029 1889 non‘minimo
1055 1803 1229 1860 grege
1250 1787 1470 1889 ibidem
1490 1787 1867 1889 opinabiliter
1886 1788 2049 1888 redo-
2076 1823 2125 1889 Β

388 1878 541 1935 lente
561 1875 1008 1943 monachorum,
1036 1875 1500 1949 contemplativa;
1522 1875 1654 1931 vitas
1678 1876 2046 1934 institutione

387 1964 770 2041 probabiliter
792 1963 1125 2020 retractanti
1134 1981 1255 2032 um,
1278 1968 1485 2020 nostra:
1504 1963 1835 2021 serenitatis
1847 1963 2044 2036 aliquo

388 2071 629 2111 munere
658 2051 975 2109 sublimius
1015 2052 1397 2125 dignaremur
1424 2053 1718 2110 decorare.
1752 2053 1855 2109 Est
1882 2054 2044 2110 enim

387 2140 687 2215 egregium
719 2140 917 2208 decus,
966 2138 1213 2212 eritque,
1245 2139 1476 2197 Christo
1509 2141 1754 2209 favente,
1785 2141 1846 2197 in
1878 2158 2044 2198 secu-

383 2231 575 2288 lorum
595 2227 921 2302 progenies,
944 2226 1133 2301 ipsius
1155 2229 1496 2284 monasterii
1514 2228 1800 2288 celsitudo
1816 2247 2048 2304 semper

384 2319 446 2375 in
477 2317 758 2391 tripudio,
810 2316 996 2390 gloria
1044 2316 1469 2373 monachorum
1518 2318 1578 2373 in
1632 2319 1956 2393 triumpho,
1990 2324 2048 2377 et

383 2407 658 2466 exultatio
689 2406 877 2480 plebis
908 2406 1157 2479 spiritali
1181 2406 1239 2462 in
1264 2406 1479 2479 jubilo,
1512 2410 1667 2481 quod
1701 2411 1852 2479 (128)
1883 2409 2022 2483 (prae

381 2497 523 2569 dicti
573 2496 775 2552 ﬁdeles
824 2495 1007 2550 nostri
1059 2495 1392 2552 serenitatis
1441 2501 1654 2554 nostra;
1700 2498 2045 2555 fundamine

382 2585 797 2662 perpetualiter
845 2583 1089 2657 cupiunt
1138 2584 1411 2641 stabiliri.
1472 2587 1696 2644 Nostra:
1753 2586 2045 2662 siquidem

386 2673 716 2732 altitudinis
764 2672 1226 2729 exorabilitatem
1283 2690 1452 2746 prece
1502 2679 1559 2731 et
1603 2679 1736 2731 voto
1795 2664 2045 2750 supplici

388 2763 724 2828 adhierunt,
764 2761 1167 2835 principaliter
1214 2766 1409 2818 tamen
1441 2780 1507 2819 ac
1556 2764 1846 2837 praecipue
1893 2765 2049 2822 circa

390 2855 659 2910 decorem
691 2852 902 2907 domus
924 2851 1024 2907 Dei
1049 2850 1395 2907 mirabiliter
1414 2853 1829 2911 ardentissimo
1849 2872 2047 2912 amore

393 2942 673 2999 divinitus
708 2940 997 3012 inspirati.
1051 2940 1354 2997 Memorati
1411 2942 1601 2999 ﬁdelis
1641 2943 1823 2999 nostri
1854 2961 1920 3000 ac
1952 2946 2046 3002 di-

392 3031 524 3089 lecti
572 3028 803 3085 comitis
841 3029 1080 3097 Odonis,
1120 3029 1181 3085 in
1231 3031 1405 3102 cujus
1433 3032 1647 3106 oppido
1678 3033 2044 3107 praelibatum

392 3119 752 3177 disnoscitur
779 3134 907 3174 esse
936 3118 1287 3187 cmnobium,
1322 3121 1512 3194 ipsius
1543 3139 1775 3195 quoque
1797 3123 1923 3194 jam
1955 3123 2043 3179 di-

391 3215 496 3266 ctae
528 3207 794 3281 conjugis
839 3211 1041 3275 Bertaz,
1090 3208 1282 3281 neptis
1328 3214 1559 3278 nostrae,
1593 3211 1882 3284 supplicia
1907 3216 2042 3268 vota

390 3298 642 3371 benigne
672 3298 863 3351 favore
894 3295 1226 3365 extiterunt,
1278 3298 1559 3370 quatinus
1589 3299 1661 3354 ob
1692 3305 1961 3357 nostrum
1992 3306 2049 3358 et

392 3403 566 3444 suum
597 3384 813 3441 ibidem
845 3384 1184 3440 memoriale
1206 3389 1483 3441 aeternum
1518 3387 1795 3459 sepedicli
1828 3389 2049 3462 sepius-

392 3491 507 3547 que
537 3472 767 3529 dicendi
799 3472 1123 3529 archisterii
1155 3473 1500 3544 claustrum,
1537 3492 1670 3531 eum
1702 3477 1861 3533 omni
1893 3478 2047 3536 inte-

392 3564 602 3637 gritate
623 3578 863 3617 suorum
889 3561 1344 3635 apenditiorum,
1368 3580 1571 3620 eorum
1595 3564 1818 3622 scilicet
1835 3583 1963 3641 quas
1985 3568 2046 3624 in

384 3653 520 3726 jure
550 3650 967 3708 beneﬁciorum
1005 3655 1106 3707 aut
1153 3653 1562 3726 comitatuum)
1602 3655 1825 3726 praefati
1856 3655 2047 3714 ﬁdelis

393 3739 576 3798 nostri
627 3738 859 3796 comitis
906 3739 1125 3796 Odonis
1157 3741 1275 3797 sive
1328 3758 1524 3815 pr0pe,
1576 3743 1696 3799 sive
1741 3743 1933 3817 longe,
1984 3744 2044 3801 in

391 3831 655 3904 ejusdem
690 3829 1026 3885 monasterii
1060 3830 1430 3901 possessione
1459 3832 1747 3904 pertinere
1789 3849 1892 3889 seu
1924 3851 2044 3890 res-

390 3918 583 3992 picere
612 3917 903 3985 videntur,
935 3917 1021 3973 vel
1046 3918 1308 3975 ﬁdelium
1335 3919 1636 3977 devotione
1666 3921 1864 3979 futuro
1897 3928 2044 3980 tem-

391 4024 530 4080 pore
559 4005 776 4062 ibidem
807 4007 1157 4074 conferetur,
1189 4012 1399 4065 nostra
1422 4008 1734 4066 soliditatis
1764 4027 2043 4082 processu

391 4096 558 4169 quasi
576 4112 744 4151 muro
756 4099 812 4151 et
828 4096 1083 4168 quodam
1104 4096 1455 4154 antemurali
1474 4098 1547 4153 ab
1569 4098 1728 4154 omni
1744 4100 2044 4159 exactione

391 4201 567 4258 quam
619 4188 849 4241 terrena
900 4184 1143 4257 justicia
1197 4185 1429 4242 videtur
1482 4186 1735 4263 exigere,
1790 4187 2043 4246 liberum

391 4274 729 4330 redderetur
771 4276 827 4329 et
856 4275 1141 4330 immune.
1196 4275 1379 4348 Igitur
1408 4276 1480 4332 de
1527 4275 1629 4332 Dei
1659 4293 1838 4334 causa
1869 4282 2044 4351 atque

389 4363 653 4435 ejusdem
684 4362 795 4420 loci
843 4363 1162 4419 reverentia
1192 4363 1284 4436 pie
1324 4367 1765 4437 pertractantes,
1798 4383 1902 4439 per
1942 4368 2040 4425 de-

389 4451 780 4525 precationem
821 4453 1194 4525 praefatorum
1228 4452 1487 4509 ﬁdelium
1519 4458 1875 4523 nostrorum,
1911 4473 2042 4513 ma-

386 4541 541 4597 xime
572 4545 768 4598 tamen
813 4541 1178 4615 supplicibus
1207 4541 1356 4598 votis
1386 4559 1675 4599 consensu
1708 4544 2040 4617 pariterque

385 4630 638 4704 benigno
669 4631 941 4704 superius
964 4630 1249 4687 nominati
1279 4631 1469 4688 ﬁdelis
1490 4632 1673 4688 nostri
1696 4633 1915 4690 Odonis
1944 4651 2038 4690 co-

386 4720 549 4775 mitis
587 4736 769 4776 necne
815 4719 1005 4793 ipsius
1049 4720 1297 4793 praefatae
1347 4721 1636 4794 conjugis,
1671 4738 1941 4794 quorum,
1975 4727 2042 4779 ut

385 4808 609 4863 dictum
641 4808 1102 4882 est,suppliciter
1127 4807 1453 4881 invigilanti
1488 4809 1754 4866 sellercia
1783 4827 2039 4883 praeseus

386 4900 597 4952 nostra:
627 4897 990 4953 auctoritatis
1012 4897 1346 4970 supradicto
1366 4898 1721 4955 monasterio
1743 4900 2040 4957 confertur

385 4984 660 5053 anchora,
712 5002 779 5041 ex
827 5003 986 5042 more
1034 4987 1202 5059 regiae
1251 4986 1617 5043 celsitudinis
1674 4988 2037 5046 decrevimus

385 5078 562 5146 atque
578 5073 991 5130 constituimus
1010 5078 1391 5147 praenotatum
1409 5075 1646 5133 oratorii
1664 5075 1880 5148 locum,
1900 5094 2037 5138 cum

458 5199 606 5268 (127)
653 5198 771 5254 Odo
800 5200 844 5265 l,
895 5199 1270 5255 Carnotensis
1317 5216 1533 5266 comes,
1579 5218 1817 5258 uxorem
1871 5202 2037 5260 duxit

385 5271 636 5347 Bertam,
671 5269 915 5347 genradi
949 5270 1102 5342 regis
1136 5269 1434 5347 srelatum
1466 5272 1672 5347 ﬁliam,
1719 5291 1866 5346 quae,
1900 5279 2035 5347 post

382 5345 631 5420 mortem
676 5341 933 5420 Qdopis,_
966 5341 1118 5420 anno
1148 5342 1272 5410 995,
1322 5344 1525 5415 nupsit
1574 5341 1858 5415 Roberto,
1887 5341 2028 5420 regi,

381 5411 981 5485 Ilugonistiapitonis
1002 5411 1141 5469 ﬁlio.

452 5490 472 5553 <
484 5483 693 5569 12%)..“
702 5483 826 5569 edis
874 5483 1119 5569 insueti.
1144 5485 1543 5569 semesimes.
1569 5502 1637 5567 ωε
1695 5488 2030 5569 aposset]?

379 5555 581 5637 domui
615 5555 838 5640 Mulejjn
862 5557 963 5640 qui
986 5555 1213 5613 addidit
1238 5555 1415 5640 etiam
1436 5555 1495 5640 ip
1528 5555 1962 5640 ipsiusfodicis
1983 5562 2029 5615 A

376 5626 640 5699 margine
665 5645 678 5682 :
718 5653 740 5679 α
775 5626 1036 5688 l’aiueur
1065 5645 1099 5683 α
1123 5632 1288 5700 posse
1312 5630 1387 5687 ἰοί
1410 5626 1690 5701 ριιιδὶειινδ
1721 5629 1896 5700 lignea
1925 5646 2030 5703 que

2151 531 2450 590 beneﬁciis
2481 548 2616 606 sepe
2638 531 2943 588 memorati
2967 531 3156 588 fidelis
3178 531 3363 588 nostri
3385 531 3604 589 Odonis
3623 531 3809 589 comi-

2149 622 2228 678 tis
2251 621 2362 678 sibi
2387 621 2808 694 adjacentium,
2831 619 3240 678 universaliter
3257 620 3329 677 ab
3354 620 3516 678 omni
3536 626 3809 695 respectu

2143 711 2438 783 judicum,
2472 710 2676 767 ordine
2705 710 2912 766 mundi
2944 710 3287 767 decurrente
3315 708 3632 767 inviolabili
3662 710 3810 768 soli-

2152 800 2353 866 ditate,
2386 798 2646 856 solutum
2678 804 2736 857 et
2764 798 3057 856 illibatum
3089 815 3471 872 permanere;
3504 815 3574 856 ea
3602 799 3651 856 si
3683 800 3814 874 qui-

2152 889 2287 946 dem
2320 888 2543 946 ratione
2571 893 2656 957 ut,
2681 889 2754 945 ab
2776 887 3060 946 hodierna
3077 887 3171 945 die
3189 891 3249 945 et
3263 887 3559 961 deinceps,
3582 893 3815 947 remota

2152 978 2417 1036 omnium
2452 982 2758 1051 potestate,
2791 977 2952 1034 nullo
2983 977 3167 1045 aditu,
3202 976 3365 1034 nullo
3394 981 3676 1051 tempore,
3699 978 3812 1035 ali-

2152 1067 2286 1141 quis
2333 1066 2666 1141 principum
2716 1066 3257 1123 aacclesiasticorum
3304 1070 3408 1123 aut
3453 1066 3811 1125 secularium

2152 1157 2521 1231 pontiﬁcum,
2553 1156 2793 1225 ducum,
2826 1156 3134 1225 comitum,
3162 1155 3514 1213 vicariorum
3541 1156 3631 1214 vel
3657 1173 3815 1231 quo-

2154 1246 2431 1302 rumlibet
2477 1245 2690 1302 diversi
2737 1245 2968 1319 generis
3027 1243 3391 1314 ofﬁcialium,
3442 1245 3503 1302 in
3551 1244 3812 1304 claustro

2154 1335 2412 1410 praedicti
2430 1335 2792 1403 monasterii,
2811 1338 2915 1392 aut
2938 1334 2995 1392 in
3016 1334 3248 1392 cunctis
3264 1334 3639 1407 rebus,juxta
3652 1337 3813 1410 quod

2156 1423 2427 1497 superius
2472 1415 2771 1481 decretum
2821 1428 2929 1492 est,
2960 1423 3077 1498 ipsi
3126 1423 3551 1496 adiacentibus,
3582 1424 3817 1498 aliquas

2153 1513 2433 1586 impetrat
2459 1512 2810 1581 exactiones,
2843 1512 2903 1569 id
2938 1517 3049 1580 est,
3082 1528 3272 1586 neque
3310 1512 3594 1581 bannum,
3620 1530 3817 1588 neque

2156 1602 2511 1669 districtum,
2544 1606 2648 1658 aut
2666 1601 2948 1676 quicquid
2971 1602 3030 1658 in
3064 1601 3263 1675 aliquo
3292 1606 3534 1660 terrenae
3553 1602 3815 1676 justicia;

2152 1691 2323 1748 titulo
2353 1690 2467 1748 dici
2499 1695 2732 1765 potest;
2761 1691 3071 1764 videatque
3100 1690 3198 1764 pia
3226 1707 3294 1748 ac
3323 1691 3564 1765 provida
3591 1690 3817 1750 sollici-

2152 1781 2357 1837 tudine
2386 1784 2513 1836 tum
2563 1779 2973 1837 aecclesiastica
3018 1784 3147 1837 tum
3195 1779 3481 1838 secularis
3527 1780 3815 1838 celsitudo

2156 1870 2457 1944 praesentis
2504 1886 2573 1926 ac
2604 1869 2812 1926 futurae
2859 1869 3276 1944 generationis,
3315 1874 3383 1927 ut
3410 1868 3471 1926 id
3519 1870 3676 1944 quod
3707 1887 3816 1944 pro

2155 1958 2469 2016 Salvatoris
2515 1958 2826 2015 exobtabili
2857 1975 3078 2027 amore,
3110 1976 3216 2032 pro
3247 1957 3534 2016 scelerum
3556 1959 3815 2034 integer-

2153 2046 2307 2104 rima
2332 2047 2721 2121 ademptione,
2756 2064 2860 2120 pro
2890 2048 3073 2105 beatae
3104 2047 3228 2121 spei
3259 2047 3543 2121 perhenni
3573 2064 3817 2123 percep-

2152 2136 2333 2204 tione,
2366 2135 2649 2210 apostolis
2680 2135 2898 2193 summi
2924 2136 3108 2211 apicis
3137 2136 3536 2210 concedimus,
3565 2142 3727 2195 caste
3755 2143 3818 2196 et

2154 2224 2585 2296 inviolabiliter,
2638 2224 2968 2300 suggillatis
3015 2226 3253 2300 penitus
3292 2225 3607 2283 calumniis
3629 2226 3816 2286 totius

2154 2315 2389 2389 perfida:
2438 2315 2855 2388 conceptionis,
2904 2320 3207 2372 conservet
3255 2315 3315 2372 in
3365 2320 3715 2390 perpetuum
3756 2323 3818 2375 et

2155 2404 2464 2461 roborante
2493 2403 2755 2461 bonitate
2783 2404 3056 2461 defendat
3082 2403 3142 2460 in
3164 2420 3356 2462 svum.
3379 2404 3665 2472 Quoniam
3688 2406 3818 2480 qui-

2155 2493 2288 2550 dem
2316 2496 2457 2550 tunc
2489 2492 2638 2550 servi
2668 2492 2769 2549 Dei
2800 2493 3083 2551 attentius
3112 2497 3171 2551 et
3197 2493 3440 2551 liberius
3479 2495 3811 2553 vacabunt:

2155 2582 2519 2639 orationibus
2568 2582 2617 2638 si
2668 2599 2783 2639 non
2832 2582 3320 2656 inquietabuntur
3370 2584 3548 2640 corda
3605 2601 3813 2641 eorum

2155 2670 2539 2745 querimoniis
2594 2671 2944 2729 forensibus.
2995 2672 3069 2729 Ut
3101 2676 3295 2728 autem
3329 2671 3389 2728 in
3426 2672 3528 2729 Dei
3574 2674 3817 2732 nomine

2153 2760 2265 2817 hoc
2295 2761 2553 2817 edictum
2585 2760 2953 2818 auctoritatis
2972 2765 3184 2818 nostrae
3215 2761 3274 2817 in
3307 2761 3654 2819 saeculorum
3685 2780 3822 2820 suc-

2154 2849 2416 2906 cessione
2458 2849 2724 2906 validiori
2772 2849 3062 2907 innitatur
3105 2850 3323 2923 vigore,
3368 2867 3547 2908 manu
3577 2852 3819 2926 propria

2153 2938 2348 3012 ipsum
2381 2938 2908 3012 substipulavimus
2939 2944 2997 2996 et
3025 2938 3188 2996 anuli
3220 2939 3404 2997 nostri
3455 2939 3818 3015 sigillatione

2153 3027 2455 3085 informari
2498 3032 2673 3101 atque
2720 3027 3016 3085 nobilitari
3063 3027 3504 3102 imperavimus.
3535 3058 3607 3074 -—
3640 3032 3816 3089 Anno

2156 3117 2581 3197 Incarnationis
2628 3116 2944 3174 Dominicaa
2992 3134 3392 3176 nccecnxxxvn
3441 3119 3612 3192 (129),
3654 3136 3816 3178 anno

2071 3197 2115 3265 C
2150 3224 2280 3263 xxxx
2312 3210 2589 3281 regnante
2618 3207 2834 3262 domno
2875 3206 3149 3264 Lothario
3194 3206 3621 3281 gloriosissimo
3652 3225 3814 3283 rege.

2153 3297 2363 3352 Actum
2393 3295 2745 3369 Compendio
2796 3295 3033 3368 palatio.
3064 3297 3185 3370 Ego
3212 3295 3514 3365 Arnulfus,
3547 3297 3819 3356 notarius

2156 3385 2227 3441 ad
2248 3384 2432 3441 vicem
2451 3384 2651 3441 domni
2670 3384 3055 3442 Adalberonis
3074 3384 3497 3458 archiepiscopi
3517 3389 3573 3443 et
3589 3387 3818 3444 summi

2154 3472 2507 3541 cancellarii,
2557 3472 2883 3547 recognovi.
2923 3474 2983 3530 8.
3018 3474 3240 3531 Odonis
3288 3474 3541 3531 comitis.
3590 3475 3651 3533 8.
3684 3474 3820 3533 Gil-

2155 3562 2341 3619 duini.
2401 3563 2461 3619 S.
2494 3561 2803 3619 Fulcherii.
2855 3563 2915 3619 S.
2965 3562 3238 3620 Alcherii.
3290 3563 3350 3630 S,
3383 3563 3701 3621 Teudonis.
3747 3565 3815 3625 S.

2157 3651 2395 3707 lluberti
2427 3655 2486 3709 et
2514 3651 2618 3708 ﬁlii
2648 3652 2778 3724 ejus
2799 3650 3060 3708 Iiuberti.
3090 3652 3151 3709 S.
3174 3652 3413 3710 Odonis.
3440 3653 3501 3709 8.
3525 3652 3816 3727 Hugonis.

2155 3740 2213 3797 8.
2248 3739 2539 3797 Rainaldi.
2592 3741 2651 3797 S.
2682 3739 3111 3798 Erchembaldi.
3156 3741 3216 3798 S.
3249 3739 3493 3798 Gilonis.
3526 3741 3586 3798 S.
3621 3742 3817 3823 Guas-

2153 3827 2345 3885 celini.
2379 3830 2438 3886 S.
2468 3829 2728 3886 Adraldi.
2763 3829 2822 3886 S.
2848 3829 3071 3887 Hervei.
3105 3830 3164 3887 S.
3189 3829 3513 3888 Haimonis.
3546 3831 3605 3888 S.
3638 3831 3818 3889 Nive-

2152 3917 2327 3975 lonis.
2359 3919 2420 3975 S.
2454 3918 2752 3975 Rodberti.
2790 3941 2818 3969 ››

2712 4024 3131 4084 CAPITULUM
3172 4026 3243 4084 II.

2151 4116 2224 4172 De
2249 4113 2547 4172 Pomereda
2588 4123 2640 4171 et
2689 4114 3233 4244 LovisFuig’lllg‘idalis
3265 4133 3300 4173 a
3346 4115 3591 4185 Vivisne,
3638 4118 3817 4188 fratri

3085 4205 3126 4244 ι.

2792 4276 2982 4345 (Anno
3010 4275 3164 4346 988.)

2227 4385 2254 4418 α
2284 4362 2611 4437 Singularis
2641 4380 2856 4421 necnec
2903 4364 3197 4438 praecipua
3227 4368 3286 4422 et
3313 4364 3522 4422 divinae
3571 4364 3813 4422 miseri-

2150 4452 2358 4510 cordiae
2390 4469 2587 4520 causa,
2620 4452 2761 4526 quia
2808 4453 3159 4527 benignitati
3204 4452 3520 4511 Salvatoris
3567 4454 3812 4513 Domini

2072 4567 2120 4633 Β
2151 4542 2251 4599 Dei
2274 4540 2479 4609 nostri,
2493 4558 2561 4598 ea
2573 4541 2932 4616 dignationis
2951 4542 3194 4611 ratione,
3213 4542 3484 4599 humanae
3501 4542 3811 4633 fragilitati

2150 4635 2370 4687 natura;
2403 4630 2622 4704 placuit
2642 4631 2995 4705 providendo
3026 4630 3329 4689 consulere
3356 4636 3413 4688 et
3441 4631 3810 4692 consulendo

2146 4720 2448 4794 providere
2478 4724 2544 4776 ut
2571 4719 2632 4776 in
2674 4720 2891 4777 divinis
2919 4719 3321 4777 voluminibus
3348 4725 3406 4777 et
3432 4721 3594 4778 sanis
3624 4738 3807 4779 orna-

2146 4814 2347 4867 menta
2391 4812 2448 4865 et
2490 4808 2707 4883 egrotis
2751 4825 3010 4883 congrua
3057 4808 3481 4883 dispensaverit
3517 4810 3805 4869 remedia.

2144 4902 2289 4955 Cum
2332 4897 2489 4955 enim
2543 4915 2659 4954 non
2692 4898 2770 4955 sit
2799 4896 3077 4972 possibile
3126 4897 3443 4972 quemlibet
3487 4899 3805 4959 hominum

2147 4986 2537 5061 corruptionis
2557 5004 2676 5044 sum
2697 4985 2890 5043 labem
2911 4987 3185 5063 eti'ugere,
3208 4987 3654 5063 immunemque
3670 5006 3811 5062 peo-

2146 5076 2258 5133 cati
2287 5076 2347 5132 in
2377 5076 2488 5133 hac
2534 5074 2863 5149 corruptela
2907 5075 3119 5145 vivere,
3152 5077 3405 5152 providit
3433 5076 3568 5152 pius
3596 5081 3655 5135 et
3682 5078 3804 5136 mi-

2131 5202 2244 5275 ,ἱΪαί
2273 5203 2501 5275 insereres
2545 5200 2685 5258 dan:
2712 5217 2803 5257 ma
2826 5204 2985 5275 copia
3012 5201 3265 5275 (181774,
3294 5210 3466 5275 agant
3512 5202 3805 5275 {original

2139 5272 2335 5346 {levant
2365 5274 2441 5329 [es
2470 5288 2634 5345 yeux.
2668 5295 2696 5325 »
2732 5272 2956 5346 Quibus
2987 5273 3223 5346 omissis
3262 5272 3480 5346 pariter
3508 5273 3567 5329 in
3596 5274 3804 5346 codice

2142 5343 2204 5411 B,
2230 5342 2586 5417 constat—(ut
2606 5360 2766 5417 sepe
2796 5342 2959 5415 alibi)
3004 5342 3465 5402 codicem'illum
3495 5361 3563 5402 ex
3592 5345 3801 5406 codice

2139 5420 2180 5469 A
2220 5415 2401 5470 fuisse
2429 5415 2811 5487 descriptum.

2211 5487 2359 5558 (129)
2388 5486 2833 5558 Emendandum
2879 5486 3007 5557 985,
3037 5502 3175 5558 cum
3218 5488 3556 5546 auctoribus
3594 5488 3802 5550 Gaqu

2138 5557 2492 5628 Christiana},
2524 5563 2567 5615 t.
2600 5557 2752 5627 VIII,
2784 5558 2979 5632 instr.,
3012 5557 3123 5616 col.
3152 5559 3280 5617 295.
3594 5570 3611 5621 .'
