3988 6072
176 223 307 288 245

1111 223 1371 291 VETUS
1415 224 1704 289 AGANO.
1730 259 1809 272 -
1837 225 1987 289 LIB.
2031 224 2135 289 IV;
2183 224 2643 292 GISBERTUS.

3477 221 3599 291 246

176 357 440 418 serieors
470 358 755 434 quasdam
783 357 1119 418 occasiones
1149 377 1253 419 seu
1269 360 1697 435 oportunitates
1716 358 1842 434 qui-
1872 362 1927 431 Α
1957 360 2049 418 die
2067 363 2126 418 et
2145 358 2719 436 deineeps,monachi
2735 360 2835 436 qui
2856 359 2914 418 in
2938 359 3211 436 praedicto
3239 342 3607 422 monasterio.

178 450 319 518 bus,
354 448 547 523 ipsius
597 448 1036 523 propiciatione,
1071 454 1274 507 nostra
1330 449 1499 507 facile
1538 449 1839 507 valeamus

175 544 425 614 peccata
455 537 760 596 redimere.
794 540 837 595 E
868 539 1081 612 quibus
1112 539 1386 596 omnibus
1423 538 1525 595 illa
1553 539 1669 595 duo
1699 555 1837 595 sua-

174 628 311 685 vius
338 628 607 697 redolent
634 626 1026 684 medicamina
1055 628 1345 702 egrotanti
1381 628 1575 684 anime
1606 625 1837 699 specia-

170 716 294 774 lius
328 716 665 787 familiaria,
698 716 770 773 de
798 717 1015 789 quibus
1045 716 1232 790 ipsius
1272 716 1549 773 Veritatis
1592 733 1705 772 vox
1751 716 1836 772 sic

169 805 441 863 intonuit
470 805 639 862 beata
671 823 687 861 :
718 806 987 862 Dimittite
1013 813 1067 862 et
1092 805 1401 862 dimittetur
1441 805 1611 862 vobis.
1646 804 1835 876 Hujus

165 894 361 970 igitur
387 899 513 951 tam
541 892 831 967 praeclarae
862 892 1302 967 pollicitationis
1342 893 1643 951 veritatem
1693 894 1835 950 obs-

167 984 405 1042 dienter
428 982 743 1056 accipiens,
766 981 889 1039 zelo
918 983 1129 1038 domus
1161 983 1261 1040 Dei
1309 983 1714 1047 exardescens,
1742 981 1838 1061 in-o

166 1074 341 1130 ﬁnita
372 1071 641 1129 ﬁdelium
672 1071 899 1128 devotio
926 1070 1101 1128 laude
1146 1075 1206 1128 et
1254 1071 1578 1128 imitatione
1607 1072 1831 1145 dignis-

164 1164 347 1233 sima,
381 1166 589 1236 utpote
617 1160 723 1217 ﬁlii
761 1158 1033 1218 (ecclesias
1081 1160 1449 1233 amplissima
1478 1160 1831 1233 praediorum

164 1270 420 1310 suorum
483 1249 792 1324 largitione
848 1266 978 1306 eam
1032 1249 1386 1319 ditaverunt,
1448 1249 1833 1324 pluribusque

165 1340 557 1417 proprietatis
586 1356 705 1396 sum
735 1355 865 1395 eam
897 1337 1383 1409 sublimaverunt,
1403 1340 1618 1414 quibus
1640 1339 1698 1395 in
1722 1340 1830 1395 hoc

164 1438 511 1505 temporum
538 1446 717 1485 cursu
748 1445 818 1484 ex
847 1428 960 1484 ﬁde
992 1427 1189 1484 vivens
1236 1428 1393 1485 illam
1446 1428 1829 1487 stabilitatem

164 1526 399 1577 eterna
460 1519 620 1575 sedis
681 1535 787 1591 per
839 1515 1186 1590 patientiam
1243 1522 1575 1590 expectans,
1634 1517 1832 1574 omnia

164 1614 377 1668 sancta
404 1612 467 1666 et
486 1609 653 1681 justa
670 1607 906 1679 Deoque
933 1605 1211 1662 amabilia
1242 1605 1581 1679 plenissime
1602 1606 1830 1679 dispen.

162 1704 277 1768 sat,
310 1697 501 1754 variis
530 1695 1095 1803 usibusprofutura.
1124 1694 1403 1797 Dxultant
1419 1712 1555 1803 ergo
1578 1696 1830 1803 jam‘spe
1858 1738 1906 1803 Β

156 1786 587 1865 prestantioris
617 1784 896 1860 gloriaein
947 1783 1281 1857 semetipsis
1329 1784 1638 1858 impletum
1681 1784 1827 1841 illud

159 1875 424 1954 apostoli
456 1893 473 1931 :
507 1876 754 1932 Hilarem
781 1874 1022 1930 datorem
1048 1873 1238 1944 diligit
1272 1874 1441 1941 Deus;
1471 1873 1616 1929 illud
1651 1873 1827 1930 etiam

156 1967 267 2025 viri
300 1965 596 2040 sapientis
630 1980 644 2019 :
678 1962 983 2036 Redemptio
1009 1964 1218 2020 animae
1244 1965 1359 2019 viri
1385 1962 1600 2021 divitia
1640 1964 1827 2031 illius;

157 2062 235 2125 et,
252 2057 371 2126 Qui
396 2054 498 2111 dat
518 2054 857 2128 pauperibus
881 2067 1169 2124 nunquam
1196 2052 1391 2122 egebit.
1416 2050 1565 2108 Illud
1595 2068 1828 2125 quoque

156 2146 534 2204 dominicum
569 2159 585 2198 :
618 2143 1036 2213 Verumptamen
1062 2141 1184 2198 date
1211 2142 1583 2209 elemosinam,
1611 2149 1662 2197 et
1711 2157 1830 2198 ecce

158 2239 356 2295 omnia
408 2231 620 2290 munda
661 2239 793 2288 sunt
840 2232 1020 2299 vobis;
1053 2235 1129 2297 et,
1158 2230 1313 2287 Sicut
1364 2247 1507 2303 aqua
1553 2232 1829 2300 extinguit

160 2329 371 2397 ignem,
408 2325 487 2380 ita
516 2323 811 2380 elemosina
840 2321 1115 2391 extinguit
1138 2328 1448 2392 peccatum;
1480 2323 1555 2385 et,
1591 2320 1697 2388 Qui
1743 2321 1823 2390 fe-

156 2417 299 2472 cerit
325 2415 436 2470 uni
464 2429 535 2468 ea:
560 2411 811 2467 minimis
836 2411 992 2476 meis,
1024 2409 1201 2464 mia/zz
1243 2410 1409 2481 facit;
1440 2407 1670 2480 aliaque
1718 2407 1824 2480 piae

156 2500 557 2560 adortationis
582 2497 939 2572 exemplaria
967 2498 1038 2554 de
1068 2497 1286 2570 quibus
1316 2496 1647 2553 innumeris
1694 2514 1849 2570 per-.

158 2591 518 2649 strinximus
549 2604 843 2662 perpauca
863 2586 1190 2659 compendii
1223 2603 1421 2643 causa.
1447 2585 1613 2642 Unde
1642 2589 1696 2640 et
1716 2602 1822 2658 ego

157 2681 455 2737 Vivianus
484 2682 648 2734 tanta
675 2675 959 2732 beneﬁcia
987 2678 1226 2748 tamque
1255 2673 1531 2747 praclara
1570 2673 1821 2747 piissimi

157 2766 501 2826 Conditoris
529 2764 924 2823 medicamina
950 2763 1088 2820 totis
1136 2763 1367 2820 nisibus
1398 2763 1703 2819 michimet
1731 2762 1822 2819 in-

156 2856 393 2931 dulgeri
425 2855 691 2929 cupiens,
706 2870 911 2910 eorum
937 2869 1086 2926 quos
1107 2851 1539 2924 praelibavimus
1560 2851 1824 2924 exempla

158 2942 819 3014 secutus,deliberando
850 2941 909 2998 in
941 2942 1113 2999 corde
1143 2958 1272 2998 meo
1299 2940 1577 3014 proposui
1611 2958 1676 2996 ac
1697 2957 1824 3014 pro-

157 3036 434 3110 ponendo
464 3031 777 3090 deliberavi
802 3048 871 3087 ex
888 3031 1164 3088 facultate
1184 3029 1535 3103 praediorum
1556 3046 1821 3086 meorum

1946 450 2065 507 Deo
2115 451 2431 525 servierint
2469 451 2832 525 praelibatam
2878 457 3095 509 terram
3143 454 3378 509 teneant
3420 455 3594 525 atque

1946 540 2285 613 possideant
2332 518 2712 616 et’quicqnid
2764 560 2832 599 ex
2875 560 2943 599 ea
2988 543 3175 598 facere
3221 540 3508 598 voluerint
3531 542 3593 598 in

1947 629 2221 686 omnibus
2280 630 2662 697 liberrimam,
2720 631 2979 705 propieio
3035 631 3286 699 Christo,
3337 631 3594 688 habeant

1944 717 2302 775 facultatem.
2336 719 2395 776 Si
2443 719 2576 792 quis
2615 736 2749 776 vero
2800 725 3002 777 contra
3056 721 3209 776 hanc
3259 719 3592 779 donationis

1943 807 2229 864 cartulam
2260 808 2562 883 insurgere
2592 814 2694 866 aut
2724 809 2776 866 ei
2823 808 3180 866 calumniam
3229 809 3443 866 inferre
3489 827 3591 867 vo-

1940 894 2135 965 luerit,
2172 896 2328 970 regio
2366 899 2570 954 morbo
2619 915 2955 971 percussus,
3006 898 3302 954 luminum
3352 897 3591 956 cecitate

1942 984 2249 1052 multatus,
2273 990 2331 1041 et
2358 992 2700 1059 praesentem
2736 989 2915 1044 vitam
2946 987 3275 1044 miserrimo
3307 987 3465 1043 exitu
3496 1004 3589 1044 ee-

1938 1072 2174 1130 lerrime
2204 1074 2388 1141 ﬁniat,
2422 1083 2479 1132 et
2497 1077 2915 1149 sempiternam
2946 1076 3421 1149 dampnationem
3451 1094 3588 1134 cum

1938 1162 2155 1219 Zabulo
2186 1164 2413 1235 subeat,
2446 1164 2567 1237 ubi,
2585 1165 2773 1239 igneis
2795 1165 3143 1222 constrictus
3164 1166 3406 1235 catenis,
3430 1170 3591 1224 aeter-

1939 1252 2151 1309 naliter
2194 1253 2563 1327 ingemiscat,
2594 1254 2807 1312 vermis
2854 1273 3087 1328 quoque
3125 1272 3431 1328 nunquam
3462 1273 3587 1313 mo-

1940 1340 2096 1397 riens
2128 1341 2314 1414 ipsius
2342 1360 2547 1399 carnes
2578 1345 2877 1416 eonrodat,
2891 1348 2949 1400 et
2977 1344 3130 1418 ignis
3163 1343 3259 1417 qui
3291 1345 3478 1401 nescit
3498 1362 3591 1402 ex-

1938 1428 2129 1501 tingui
2159 1429 2441 1501 pabulum
2473 1435 2529 1487 et
2559 1448 2694 1486 esca
2724 1431 3101 1505 perhenniter
3129 1430 3356 1487 existat.
3392 1431 3463 1487 Ut
3492 1449 3590 1488 au-

1940 1520 2057 1573 tem
2090 1517 2269 1591 hujus
2300 1519 2636 1576 traditionis
2667 1520 2877 1576 notieio
2926 1519 3207 1593 pcrhenni
3250 1519 3311 1575 in
3359 1520 3589 1578 Christo

1939 1605 2162 1662 nitatur
2190 1608 2465 1673 anchora,
2500 1626 2604 1681 pro
2636 1608 2784 1665 meis
2814 1608 3003 1681 culpis
3032 1608 3389 1665 redimendis
3408 1626 3591 1666 necne

1939 1712 2041 1768 pro
2073 1696 2256 1769 patris
2286 1697 2399 1753 mei
2432 1696 2743 1766 Fulchcrii,
2777 1715 2879 1753 seu
2914 1696 3121 1753 matris
3150 1713 3291 1753 meae
3336 1700 3590 1755 Austru-

1937 1785 2050 1852 dis,
2082 1785 2170 1841 vel
2200 1786 2397 1843 fratris
2427 1786 2538 1841 mei
2573 1787 2823 1856 Rodulﬁ,
2847 1788 2975 1858 jam
3026 1788 3459 1857 defunctorum,
3493 1805 3588 1845 re-

1938 1874 2092 1947 quie,
2125 1891 2347 1948 proque
2380 1875 2578 1932 fratris
2609 1876 2723 1931 mei
2753 1875 3041 1932 Fulcherii
3083 1875 3483 1933 incolumitate
3532 1881 3591 1934 et

1935 1967 2151 2019 aeterna
2182 1963 2909 2037 remuneratione,propria
2944 1982 3123 2021 manu
3140 1981 3268 2021 eam
3291 1965 3589 2040 substipu—

1933 2050 2047 2107 lavi
2077 2052 2442 2124 aliorumque
2470 2051 2724 2109 virorum
2760 2053 3044 2110 nobilium
3080 2053 3353 2111 manibus
3384 2071 3451 2111 ac
3479 2072 3585 2112 no-

1934 2139 2260 2197 taminibus
2289 2141 2780 2198 corroborandam
2829 2142 3036 2198 obtuli.
3069 2142 3314 2216 Signum
3366 2144 3584 2207 Odonis

1933 2228 2378 2286 Carnotensium
2411 2230 2698 2303 praesulis.
2724 2232 2782 2287 S.
2810 2231 3042 2287 Rodulfi
3074 2231 3298 2288 dccani.
3332 2234 3390 2288 S.
3420 2233 3582 2289 Salo-

1933 2317 2126 2373 monis
2153 2317 2478 2390 ipodecani.
2505 2320 2563 2375 S.
2584 2319 2812 2375 Geroldi
2833 2319 3248 2376 archidiaconi.
3280 2321 3338 2376 S.
3363 2320 3582 2378 Odonis

1934 2406 2185 2463 comitis.
2221 2409 2278 2464 S.
2314 2409 2492 2464 Bcrtaz
2551 2409 2887 2464 comitissae.
2942 2409 2995 2464 S.
3038 2408 3325 2465 Fulcherii
3384 2410 3581 2467 fratris

1929 2494 2183 2564 Viviani,
2214 2496 2318 2569 qui
2375 2497 2524 2552 hanc
2579 2497 2955 2553 donationem
3004 2498 3160 2554 fecit.
3193 2498 3252 2554 S.
3286 2497 3577 2555 Gelduini.

1933 2584 1992 2640 S.
2049 2586 2318 2642 Teduini.
2371 2586 2430 2642 S.
2482 2585 2846 2661 Erehenoldi.
2881 2587 2940 2642 S.
2972 2586 3193 2643 Alonis.
3245 2588 3304 2643 S.
3337 2586 3578 2645 Alberti.

1932 2675 1991 2731 S.
2026 2675 2279 2732 Rotroei.
2314 2676 2372 2732 S.
2406 2674 2673 2731 Balduini
2705 2675 2920 2732 clerici.
2957 2677 3015 2732 S.
3042 2676 3336 2733 Rodberti.
3358 2678 3416 2733 S.
3437 2678 3583 2733 Teu-

1931 2764 2122 2820 donis.
2138 2766 2196 2821 S.
2211 2764 2489 2821 Einiardi.
2506 2764 2834 2821 S.Arduini.
2852 2764 3201 2821 S.Atthonis.
3221 2765 3278 2821 S.
3297 2764 3577 2822 Gradulfi.

1932 2853 1989 2910 S.
2013 2853 2370 2926 Segent‘redi.
2406 2869 2819 2910 necccnxxxvm
2847 2871 3000 2910 anno
3033 2852 3457 2911 Incarnationis
3486 2855 3583 2912 do—

1932 2941 2179 2998 minicae.
2237 2944 2445 2998 Actum
2505 2941 2773 2998 Carnotis
2821 2941 3076 3015 publice,
3136 2942 3193 2998 in
3271 2943 3580 3016 praesentia

1932 3030 2128 3086 domni
2163 3029 2380 3088 Odonis
2402 3030 2667 3103 praesulis
2690 3047 2872 3086 necne
2901 3030 3339 3103 generosissimi
3359 3031 3577 3087 Odonis

158 3107 431 3181 sanetam
445 3121 768 3178 aecclesiam
785 3119 963 3176 michi
986 3119 1258 3176 heredem
1278 3118 1820 3187 substituere,ﬁdeli
1851 3107 1894 3176 C
1930 3119 2076 3191 (139)
2108 3118 2356 3193 patricii,
2388 3137 2707 3191 eorumque
2739 3118 2999 3176 fidelium
3034 3119 3247 3177 diversi
3279 3118 3503 3176 ordinis
3519 3123 3579 3177 et

156 3214 493 3280 devotione,
527 3209 745 3267 Christi
776 3209 1039 3283 propicia
1077 3208 1401 3266 divinitate.
1431 3208 1647 3265 Verum
1680 3208 1820 3282 quia

156 3303 315 3361 beati
344 3303 560 3359 Petrus
589 3303 649 3355 et
681 3298 919 3367 Paulus,
950 3297 1157 3355 merito
1205 3296 1402 3371 gloriae
1450 3297 1713 3372 germani
1758 3297 1818 3354 in

155 3409 288 3451 arce
319 3388 678 3456 sanctitatis,
712 3387 832 3445 asci
860 3387 1176 3461 specialius
1223 3387 1510 3459 refulgere
1558 3386 1821 3460 splendi-

154 3482 412 3555 diusque
472 3495 588 3551 prae
645 3476 853 3534 ceteris
900 3477 1220 3533 creduntur
1276 3475 1614 3544 enitescere,
1676 3475 1823 3548 ipsis

153 3590 246 3630 me
277 3588 349 3627 ex
381 3567 585 3626 animo
616 3564 885 3623 commisi
907 3569 1082 3639 atque
1103 3564 1215 3621 sub
1238 3581 1441 3621 eorum
1464 3565 1823 3637 protectione

152 3678 246 3718 me
303 3664 501 3716 totum
554 3652 800 3722 contuli,
849 3653 991 3727 quia
1036 3669 1144 3710 nec
1172 3652 1419 3727 potioris
1462 3653 1732 3725 potentiae
1762 3653 1822 3709 in

145 3749 475 3807 criminum
506 3743 894 3811 absolutione,
930 3759 1119 3816 neque
1162 3741 1562 3799 clementioris
1613 3742 1822 3798 animae

150 3841 221 3898 ad
250 3837 614 3914 placandum
637 3834 787 3890 iram
819 3832 1027 3889 divinae
1050 3831 1299 3905 justitiae
1330 3831 1491 3903 potui
1540 3831 1819 3887 invenire.

150 3931 525 4002 Quapropter
554 3939 657 3997 pro
689 3938 956 3978 meorum
988 3919 1389 3995 redemptione
1413 3918 1823 3993 peccaminum

148 4032 340 4074 necne
362 4012 681 4085 utriusque
710 4010 970 4084 parentis
1000 4009 1219 4082 requie,
1255 4007 1440 4081 patris
1493 4007 1717 4065 scilicet
1767 4012 1825 4065 et

152 4103 390 4171 matris,
406 4102 553 4160 cedo
573 4101 645 4157 ad
678 4099 872 4157 locum
896 4097 1372 4156 beatissimorum
1394 4097 1614 4154 summi
1640 4097 1822 4170 apicis

157 4192 567 4270 apostolorum
626 4188 778 4247 Petri
835 4192 892 4245 et
940 4186 1103 4244 Pauli
1148 4186 1523 4243 Carnotensis
1551 4186 1820 4253 ccenobii,

156 4284 355 4342 favore
385 4279 655 4337 adhibito
685 4282 861 4351 atque
890 4293 1183 4334 consensu
1217 4275 1413 4332 fratris
1432 4274 1547 4331 mei
1576 4274 1822 4331 Fulchc-

155 4373 225 4430 rii
260 4368 536 4428 ﬁdelium
567 4384 802 4440 quoque
833 4370 1194 4432 nostrorum,
1228 4365 1525 4438 quandam
1555 4364 1822 4438 proprie-

1928 3207 2135 3264 astatis.
2172 3230 2199 3258 »

2477 3297 2893 3354 CAPITULUM
2933 3297 3031 3352 Ill.

2135 3390 2211 3442 De
2241 3387 2356 3443 Bon
2387 3386 2527 3442 Villa
2554 3387 2682 3442 data
2715 3404 2749 3441 a
2780 3386 3064 3443 Fulcherio
3091 3387 3375 3459 signi/ero.

2517 3476 2683 3544 (Ante
2714 3492 2767 3531 a.
2812 3475 2987 3548 1002.)
3330 3466 3337 3475 '

2003 3589 2030 3616 ‹‹
2059 3564 2288 3639 Regalis
2309 3567 2458 3635 (131)
2475 3564 2791 3622 auctoritas
2810 3569 2865 3620 et
2891 3565 3087 3638 legum
3100 3565 3124 3636 j
3137 3582 3241 3621 ura
3270 3581 3580 3621 assensum

1930 3656 2175 3729 prebent
2205 3659 2270 3710 ut
2299 3653 2653 3726 quicumque
2686 3652 2859 3709 alicui
2890 3670 3037 3709 casae
3060 3652 3162 3710 Dei
3183 3670 3286 3726 pro
3324 3653 3582 3709 remedio

1931 3746 2139 3803 animae
2168 3763 2285 3802 suae
2317 3742 2537 3816 aliquid
2560 3745 2633 3799 de
2664 3744 2840 3799 rebus
2872 3743 2995 3799 suis
3025 3743 3293 3817 delegare
3311 3742 3581 3813 voluerit,

1930 3834 2308 3890 traditionem
2335 3833 2383 3889 ei
2419 3830 2649 3905 publice
2670 3832 2858 3888 facere
2876 3836 3166 3904 procuret.
3190 3820 3408 3888 Idcirco
3430 3847 3585 3887 reco-

1932 3923 2058 3980 lens
2087 3940 2192 3997 ego
2213 3920 2553 3978 Fulcherius
2575 3937 2668 3976 me
2690 3920 2751 3976 in
2794 3926 3113 3994 conspectu
3144 3921 3245 3977 Dei
3277 3920 3584 3976 oculorum

1931 4017 1989 4070 et
2017 4017 2351 4068 sanctorum
2396 4010 2527 4081 ejus
2577 4009 2796 4066 multas
2842 4010 3195 4067 oﬂ'ensiones
3233 4008 3581 4076 exercuisse,

1931 4119 2109 4159 causa
2130 4099 2478 4157 redimenda
2511 4098 2720 4155 anima:
2752 4116 2892 4154 meae
2924 4116 2989 4155 ac
3011 4098 3280 4172 conjugis
3298 4114 3441 4153 meae
3464 4097 3585 4153 sive

1931 4190 2187 4246 filiorum
2217 4205 2481 4244 meorum
2531 4205 2598 4244 ac
2646 4192 2955 4260 parentum
3004 4204 3294 4258 meorum,
3322 4185 3491 4242 trado
3531 4188 3589 4241 et

1931 4279 2183 4336 concedo
2214 4275 2486 4351 potestati
2515 4277 2715 4333 Sancti
2750 4276 2900 4333 Petri
2933 4275 3329 4343 Carnotensis,
3354 4274 3426 4330 ad
3473 4272 3586 4329 sti-

1931 4367 2211 4441 pendium
2242 4365 2671 4423 monachorum
2703 4366 2920 4438 quibus
2950 4381 3197 4438 prasesse
3214 4364 3443 4419 videtur
3462 4360 3587 4418 Gis-

152 4462 293 4519 tatis
324 4475 476 4515 meae
505 4455 734 4526 villam,
764 4454 1156 4512 Pomerariam
1206 4453 1538 4545 vocitatam,
1570 4453 1630 4508 in
1672 4470 1821 4545 pago
1853 4479 1901 4545 Ι)
1929 4458 2131 4514 bertus
2162 4457 2364 4523 abbas,
2402 4454 2639 4511 alodum
2672 4471 2847 4527 quem
2898 4453 3075 4509 michi
3111 4452 3343 4545 videtur
3372 4449 3588 4545 habere

156 4546 509 4607 Carnotensi
544 4545 742 4614 sitam,
778 4560 912 4601 eum
961 4542 1134 4599 terris
1182 4540 1503 4599 arabilibus
1551 4540 1726 4598 cultis
1770 4546 1827 4597 et

156 4637 426 4703 incultis,
448 4633 616 4691 silvis
645 4648 880 4707 quoque
908 4636 968 4688 et
996 4630 1251 4705 pascuis,
1276 4647 1510 4686 omnem
1542 4647 1666 4686 rem
1697 4648 1828 4704 quae

154 4727 381 4785 ibidem
416 4740 562 4780 meae
590 4739 719 4779 esse
750 4719 1075 4777 dinaseitur
1094 4717 1532 4788 dominationis,
1552 4736 1673 4775 rem
1707 4719 1824 4775 uti-

156 4834 267 4892 que
298 4822 429 4873 tam
459 4812 816 4886 exquisitam
846 4826 1025 4882 quam
1058 4808 1479 4882 exquirendam
1530 4809 1602 4864 ad
1632 4808 1822 4881 predi-

158 4912 320 4963 ctum
352 4902 623 4969 alodum,
642 4900 867 4958 scilicet
898 4897 1310 4973 Pomerariam,
1332 4896 1715 4970 aspicientem
1735 4898 1824 4955 vel

158 4994 579 5068 pertinentem.
612 4990 805 5046 Trado
835 4987 1013 5044 etiam
1043 4988 1115 5043 ad
1166 4985 1473 5059 praefatum
1518 4984 1713 5042 locum
1762 4986 1822 5041 in

162 5081 445 5142 Drocensi
478 5078 771 5137 territorio
820 5093 1056 5134 omnem
1108 5092 1232 5131 rem
1282 5072 1567 5147 portionis
1597 5091 1739 5130 meae
1771 5075 1830 5131 in

166 5173 353 5231 Levoz
368 5169 527 5226 Villa
546 5166 825 5241 quiequid
850 5165 931 5221 ibi
946 5164 1214 5220 videatur
1234 5179 1366 5218 mea
1385 5162 1681 5235 possessio
1705 5180 1835 5221 esse

169 5279 271 5319 seu
300 5257 659 5327 dominatio,
690 5273 759 5313 ea
787 5253 1014 5311 scilicet
1044 5251 1266 5308 ratione
1316 5254 1402 5318 ut,
1437 5251 1509 5306 ab
1552 5251 1834 5309 hodierna

272 5387 397 5453 130)
428 5384 557 5440 Odo
587 5381 836 5453 primus,
869 5395 1067 5453 comes
1092 5373 1412 5453 Dlesensis,
1442 5373 1599 5431 ﬁlius
1649 5376 1837 5433 Theo-

272 5457 333 5514 di
367 5448 419 5513 le
454 5448 713 5526 Tricﬁeur
739 5453 914 5526 (anno
944 5448 1233 5518 978-995).

243 5529 398 5605 (131)
428 5526 593 5586 Hane
622 5515 884 5582 chartam
915 5526 1051 5581 ante
1082 5515 1306 5578 annum
1337 5515 1481 5573 1002
1504 5524 1772 5590 ponenda

1934 4546 1993 4602 in
2022 4545 2160 4602 villa
2182 4562 2307 4617 qua:
2337 4544 2553 4600 dicitur
2575 4544 2690 4599 Bon
2714 4542 2885 4611 Villa,
2912 4543 3071 4598 intus
3100 4541 3187 4598 vel
3219 4538 3380 4607 foris,
3408 4538 3491 4593 ita
3521 4542 3588 4594 ut

1933 4635 2006 4691 ab
2048 4635 2328 4691 hodierna
2370 4634 2463 4689 die
2514 4631 2794 4705 quicquid
2843 4631 3049 4688 exinde
3080 4631 3267 4686 facere
3297 4625 3590 4683 voluerint

1934 4724 2173 4780 liberam
2207 4721 2455 4780 faciendi
2485 4724 2830 4793 potestatem
2860 4718 3135 4775 habeant.
3160 4717 3218 4775 Si
3239 4715 3374 4789 quis
3395 4717 3595 4771 autem

1932 4818 2035 4870 aut
2079 4830 2185 4887 ego
2244 4811 2390 4885 ipse,
2424 4814 2526 4867 aut
2554 4808 2769 4881 aliquis
2818 4812 3123 4881 parentum
3173 4821 3462 4868 meorum,
3495 4793 3589 4859 vel

1933 4902 2048 4959 alia
2077 4902 2274 4973 aliqua
2305 4898 2755 4956 subintrodueta
2786 4914 3034 4970 persona
3063 4897 3214 4952 hanc
3244 4892 3584 4951 traditionis

1932 5009 2074 5047 mea)
2105 4990 2477 5047 donationem
2510 4986 2825 5059 infringere
2871 4985 2959 5041 vel
3003 4986 3169 5043 litem
3208 4983 3356 5040 inibi
3387 4984 3591 5038 deser-

1937 5079 2231 5137 vientibus
2262 5074 2566 5133 monachis
2597 5075 2810 5130 inferre
2838 5074 3104 5142 voluerit,
3129 5075 3319 5146 primo
3351 5068 3593 5126 maledi-

1942 5168 2153 5226 ctionis
2174 5166 2225 5221 ei
2255 5162 2876 5223 excommunicationis
2907 5164 3278 5220 anathemate
3300 5157 3594 5233 perfodia-

1944 5263 2060 5325 tur,
2082 5261 2140 5313 et
2168 5256 2428 5329 insuper,
2448 5252 2687 5326 publica
2714 5256 3001 5326 potestate
3032 5256 3290 5317 coactus,
3309 5247 3597 5321 quinqua-

1946 5385 2310 5511 ciiggilonstrat
2340 5395 2554 5436 nomen
2589 5377 2840 5435 Gisberti
2871 5377 3120 5445 abbatis,
3141 5376 3241 5449 qui
3272 5371 3419 5430 obiit
3448 5387 3601 5427 anno
