3988 6072
121 245 216 308 2‘19
1003 241 1260 302 VETUS
1305 239 1596 300 AGANO.
1629 271 1704 280 -—
1734 228 1880 298 LI'B.
1929 236 2033 296 IV.
2082 233 2538 297 GISB'ER'I‘US.
3350 235 3470 296 230

123 375 418 435 sollemniter
446 373 771 443 donatione,
790 373 1022 447 publice
1044 372 1388 429 tradere.Ea
1410 374 1608 427 tamen
1625 385 1716 424 ra-
1746 370 1801 438 Α
1830 367 2028 440 plures
2060 367 2160 440 qui
2191 367 2250 422 in
2283 366 2458 423 c'artis
2491 367 2564 423 ab
2595 365 2852 440 antiquis
2879 366 3054 440 positi
3107 370 3264 438 sunt,
3296 372 3352 423 et
3377 384 3468 424 se-

123 467 251 524 tione
277 469 354 531 ut,
385 463 638 537 quandiu
671 481 777 538 ego
808 468 1105 536 superstes
1135 463 1318 530 fuero,
1350 461 1410 516 in
1434 477 1564 516 mea
1593 477 1715 515 ma-
1827 457 2030 530 quenti
2061 461 2320 529 tempore
2342 474 2374 512 a
2397 457 2833 514 successoribus
2855 475 3077 525 eorum,
3098 458 3314 530 quibus
3329 458 3468 515 olim

125 560 268 613 neant
309 553 716 620 dominatione,
761 558 819 610 et
865 553 1022 609 omni
1073 569 1247 620 anno,
1300 551 1483 608 missa
1531 549 1718 607 sancti
1826 547 2180 612 solvebatur,
2213 563 2315 619 pro
2347 547 2585 619 praemio
2615 547 2742 602 vitae
2773 551 3019 619 aeterne,
3043 546 3262 604 salubri
3285 547 3472 604 consi-

125 645 268 714 Petri,
299 660 394 716 pro
440 642 851 717 recognitione,
877 643 1054 698 xncim
1083 641 1355 698 denarios
1393 642 1516 712 jam
1549 638 1719 695 dictis
1823 636 1924 706 lio,
1956 653 2054 693 eos
2086 640 2614 694 commutaverunt.

127 733 386 791 monachis
419 750 532 788 non
562 731 866 805 neglegam
899 731 1153 800 solvere;
1188 735 1321 804 post
1341 731 1565 786 obitum
1585 746 1718 785 vero
2343 745 2756 801 CAPITULUM
2794 745 2946 802 vm.

125 840 306 891 meum,
335 823 552 895 absque
583 821 702 878 ulla
732 820 1206 889 contradictione,
1241 837 1374 876 cum
1407 819 1566 876 omni
1600 837 1700 875 mea

1892 840 1947 890 )e
1976 835 2239 908 Haimone
2271 834 2482 890 duabus
2510 836 2790 891 sororibus
2819 838 2933 908 ejus
2961 837 3205 892 libertati
3231 837 3467 904 donatis,

124 913 407 980 lioratione,
429 913 556 983 jam
587 910 727 967 dicti
755 910 1027 967 monachi
1056 913 1294 966 teneant
1323 913 1497 982 atque
1529 908 1720 982 possi-
2005 924 2069 962 ac
2098 906 2162 962 de
2189 907 2397 962 duobus
2426 908 2744 979 agripennis
2773 906 2938 965 terra?
2977 911 3044 964 ab
3073 910 3150 965 eis
3176 908 3316 965 datis

126 1004 284 1060 deant.
309 1002 405 1057 Est
431 1005 628 1057 autem
661 1001 719 1056 in
750 1017 898 1074 pago
951 999 1332 1055 Wastiniensi
1385 999 1724 1072 supradicta
2389 1000 2520 1064 (An.
2557 998 2914 1066 1000-1001.)

124 1091 316 1164 largitio
357 1107 504 1157 mea,
533 1107 647 1146 non
691 1089 864 1162 longe
897 1107 930 1144 a
959 1088 1216 1146 Soisiaco
1267 1092 1478 1144 castro.
1513 1090 1724 1144 Contra
1906 1089 2028 1140 «Jn
2060 1085 2295 1142 nomine
2325 1089 2537 1140 sanctae
2577 1085 2962 1142 etindividuae
2988 1087 3312 1146 Trinitatis.
3345 1088 3474 1148 Gis-

127 1199 268 1253 quam
313 1181 358 1236 si
406 1176 539 1253 qut
571 1179 884 1252 quicquam
925 1179 1136 1235 inferre
1167 1177 1628 1250 praesumpserit,
1662 1176 1722 1232 in
1831 1175 2163 1242 bertus,Dei
2189 1175 2992 1242 misericordia,Carnotensis
3014 1178 3245 1235 cmnibii
3268 1179 3468 1250 abbas,

127 1270 295 1344 primis
340 1271 425 1325 ira
473 1267 894 1341 omnipotentis
923 1267 1023 1324 Dei
1072 1269 1355 1336 incurrat,
1387 1273 1442 1324 et
1481 1267 1724 1322 maledi-
1832 1265 2044 1320 Notum
2077 1281 2204 1320 esse
2232 1264 2504 1320 volumus
2553 1266 2780 1322 cunctis
2829 1271 3041 1322 sanctze
3070 1268 3169 1323 Dei
3202 1268 3472 1326 aecclesiaa

127 1360 266 1416 ctioni
285 1364 568 1432 perpetuae
591 1358 921 1430 subjaceat;
948 1358 1189 1429 insuper
1210 1357 1302 1413 cui
1327 1356 1490 1412 litem
1512 1355 1725 1413 inferre
1834 1353 2124 1423 fidelibus,
2155 1355 2308 1426 quod
2339 1355 2578 1426 quidam
2611 1355 2784 1412 homo
2803 1360 3013 1411 nostra;
3047 1357 3251 1413 ditioni
3273 1359 3472 1416 subdi-

128 1448 790 1522 presumpserit,coactus
819 1447 1071 1520 publice,
1086 1446 1297 1503 libram
1329 1445 1456 1503 auri
1486 1450 1728 1520 cogatur
1833 1448 1949 1510 tus,
1985 1444 2222 1501 nomine
2252 1443 2477 1512 Haimo,
2513 1445 2584 1500 ad
2615 1461 2724 1501 nos
2752 1445 2990 1513 venerit,
3019 1446 3475 1522 suppliciter-po-

131 1538 324 1607 solvem,
355 1543 410 1594 et
461 1555 572 1594 sua
609 1537 811 1610 petitio
856 1535 1087 1592 nullum
1136 1536 1395 1592 obtineat
1431 1537 1722 1593 effectum.
1835 1533 2062 1589 stulans
2112 1539 2196 1601 ut,
2231 1534 2581 1607 accipientes
2627 1535 2700 1590 ab
2731 1533 2831 1590 illo
2867 1537 3160 1607 quoddam
3189 1539 3473 1609 praedium

133 1627 231 1684 Haec
273 1631 456 1683 autem
503 1631 686 1693 carta,
717 1631 785 1683 ut
834 1626 1060 1682 ﬁrmior
1094 1625 1401 1698 veriorque
1433 1625 1726 1692 credatur,
1836 1624 1991 1694 quod
2035 1623 2286 1679 habebat
2329 1623 2389 1678 in
2433 1623 2570 1680 villa
2615 1641 2742 1695 qua:
2772 1629 3014 1681 vocatur
3043 1625 3244 1697 Pinus,
3276 1628 3387 1684 sibi
3420 1633 3478 1685 et

133 1735 273 1772 manu
299 1733 424 1773 mea
449 1714 906 1786 subterﬁrmavi,
935 1719 996 1771 et
1023 1714 1298 1770 manibus
1346 1714 1642 1770 seniorum
1672 1718 1728 1769 et
1757 1749 1806 1816 B
1835 1712 2066 1768 duabus
2097 1713 2394 1768 sororibus
2413 1713 2568 1780 suis,
2605 1731 2856 1786 quarum
2883 1733 3001 1770 una
3040 1717 3472 1790 Ermengardis,

134 1805 406 1861 amicorum
437 1823 704 1861 meorum
736 1805 1125 1861 roborandam
1147 1803 1604 1860 tradidi.Actum
1629 1822 1730 1876 pu-
1757 1800 1806 1816 ⁶’
1839 1800 2021 1858 altera
2069 1801 2376 1858 Roscelina
2424 1803 2749 1868 dicebatur,
2782 1821 2913 1860 cum
2967 1805 3090 1860 suis
3130 1805 3473 1878 infantibus,

134 1895 265 1959 blice,
294 1894 547 1950 Carnotia
601 1894 852 1950 civitate.
888 1895 941 1950 S.
977 1893 1258 1967 Augonis,
1309 1893 1729 1966 archiepiscopi
1839 1908 2079 1946 censum
2113 1891 2318 1964 capitis
2351 1892 2566 1964 proprii
2600 1893 2985 1964 remittentes,
3010 1893 3273 1956 libertate
3305 1897 3480 1954 dona-

133 1983 462 2058 Biturigensis
506 1983 802 2040 ecclesia}.
839 1983 895 2040 S.
930 1983 1148 2039 Odonis
1197 1982 1449 2038 comitis.
1483 1983 1541 2038 S.
1575 1983 1726 2039 Gau-
1839 1980 2402 2054 remus.Cuiprcedio
2417 1980 2972 2054 quiaaquibusdam
2992 1983 3116 2041 suis
3137 1986 3478 2056 parentibus

131 2073 282 2139 sfridi,
322 2073 551 2130 comitis
600 2073 1035 2129 Wastiniensis.
1102 2073 1159 2128 S.
1215 2072 1443 2128 Rodulfi
1502 2071 1725 2128 militis.
1839 2069 2252 2142 imponebatur
2281 2070 2920 2139 calunnia,qualiterin
2943 2091 3110 2130 suam
3143 2080 3368 2147 partem
3390 2094 3480 2134 ve-

131 2162 174 2217 S.
198 2162 454 2234 Adelardi,
487 2162 677 2235 patris
729 2162 998 2218 Teduini.
1033 2162 1092 2217 S.
1135 2161 1405 2228 Teduini,
1457 2161 1728 2216 avunculi
1839 2159 1990 2214 nerit
2021 2159 2199 2217 libere
2228 2159 2509 2216 dimissus
2545 2161 2615 2216 ab
2640 2161 2782 2233 ipsis
2807 2162 3336 2238 benigne,ipsoque
3366 2169 3479 2222 tra-

136 2251 358 2308 Teduini.
389 2251 1083 2322 S.Humbaldi,ejusdem
1108 2249 1352 2307 Teduini
1383 2249 1724 2306 avunculi.»
1839 2249 2031 2304 dente.
2059 2267 2164 2306 nos
2197 2251 2578 2322 coepissemus
2611 2251 3215 2325 possidere,przesenti
3245 2255 3479 2312 cartula‘.

613 2341 1028 2398 CAPITULUM
1069 2340 1192 2396 VII.
1839 2339 2119 2396 mandare
2133 2339 2489 2395 studuimus.
2505 2339 2802 2396 Predictus
2820 2341 3045 2410 Haimo,
3067 2344 3205 2416 quia
3221 2348 3397 2404 natus
3408 2347 3480 2402 de

225 2435 296 2488 De
315 2433 482 2504 pratis
507 2431 578 2488 de
613 2433 812 2488 Teuvas
841 2431 984 2486 datis
1009 2431 1080 2485 ab
1113 2429 1366 2486 Αγιηαίάο
1397 2429 1592 2485 milite.
1839 2431 2001 2500 patre
2026 2427 2278 2500 ingenuo
2309 2433 2364 2484 et
2395 2432 2578 2484 matre
2606 2434 2732 2484 orta
2759 2447 2824 2486 ex
2855 2435 3054 2487 nostra
3083 2432 3323 2502 familia,
3350 2453 3481 2509 par-

690 2521 856 2589 (Ante
885 2537 938 2576 a.
971 2520 1123 2588 996.)
1750 2536 1754 2541 τ
1838 2521 1956 2572 tem
1990 2517 2350 2586 hereditatis,
2376 2535 2552 2590 quam
2585 2518 2634 2574 ei
2669 2522 2832 2591 pater
2861 2519 3190 2592 dimiserat,
3210 2523 3484 2582 reclama-

185 2612 272 2664 «ιη
296 2608 388 2665 Dei
417 2607 1274 2677 nomine.Arduinus,seculari
1305 2607 1534 2664 miliciae
1574 2607 1731 2663 dedi-
1839 2607 1999 2662 bant.
2041 2607 2326 2676 Tandem,
2357 2607 2485 2681 ipso
2517 2612 2779 2682 rogante,
2812 2609 2884 2666 ad
2916 2609 3024 2668 hoc
3055 2615 3194 2668 sunt
3224 2614 3480 2684 adducti,

133 2701 222 2763 tus,
249 2703 299 2754 et
324 2698 499 2755 Odoni
529 2698 732 2755 comiti
779 2697 1042 2754 fidelitati
1075 2698 1356 2753 devotus.
1390 2697 1605 2753 Notum
1654 2696 1732 2753 sit
1841 2700 1924 2765 ut,
1954 2695 2002 2752 si
2036 2697 2248 2753 tradito
2278 2696 2515 2770 praedio,
2547 2702 2746 2771 posset
2777 2698 2900 2755 ﬁeri
2931 2699 3198 2768 libertus,
3223 2719 3291 2758 ex
3321 2708 3484 2776 parte

133 2787 508 2856 omnibus,tam
544 2788 934 2862 praesentibus
966 2804 1145 2859 quam
1177 2785 1568 2859 futuris,~quia
1584 2787 1732 2843 adiit
1841 2785 2089 2842 illorum.
2108 2786 2362 2860 amplius
2387 2787 2624 2864 querela
2649 2806 2763 2844 non
2785 2789 3326 2864 ﬁeret.Accepimus
3347 2810 3481 2868 ergo

135 2878 449 2948 praesentiam
479 2895 680 2934 meam
709 2877 893 2933 abbas
923 2875 1122 2933 Sancti
1162 2875 1318 2932 Petri
1357 2875 1730 2932 Carnotensis
1839 2873 1899 2930 in
1933 2875 2268 2947 supradicto
2294 2876 2419 2932 vico
2441 2877 2590 2934 duos
2610 2877 2920 2950 aripennos
2943 2883 3128 2946 terrae,
3144 2884 3200 2936 et
3221 2879 3279 2936 in
3303 2881 3482 2948 altero

135 2966 602 3034 omnobii,nomine
633 2966 960 3036 Gisbertus,
980 2983 1114 3022 cum
1147 2965 1504 3037 quibusdam
1536 2965 1729 3022 fratri-
1839 2963 1963 3022 loco
1997 2982 2210 3033 unum;
2237 2967 2618 3022 concedentes
2637 2967 2912 3040 pradicto
2929 2967 3152 3024 homini
3169 2973 3226 3025 et
3253 2971 3482 3027 duabus

134 3055 234 3121 bus,
260 3057 622 3129 expostulans
653 3054 918 3112 concedit
947 3054 1059 3110 sibi
1091 3058 1146 3110 et
1175 3055 1248 3110 ad
1291 3054 1488 3128 ipsum
1532 3053 1728 3111 locum
1778 3125 1804 3129 _
1840 3054 2160 3120 sororibus,
2190 3071 2324 3110 cum
2357 3055 2482 3111 suis
2510 3054 2856 3124 infantibus,
2889 3055 3237 3128 libertatem,
3272 3059 3354 3116 sic
3385 3061 3482 3115 ﬁr—

134 3125 480 3217 supradictum
511 3149 720 3218 pratos‘
746 3161 952 3200 omnes
977 3147 1034 3199 et
1061 3125 1334 3215 aquam;
1359 3161 1488 3216 qua:
1519 3143 1734 3200 habere
1765 3125 1808 3192 Ο
1844 3142 2034 3208 miter,
2069 3147 2134 3198 ut
2165 3144 2237 3200 ab
2270 3143 2377 3199 hac
2410 3144 2503 3200 die
2533 3143 2606 3200 sit
2640 3145 2946 3202 absolutus
2977 3147 3048 3202 ab
3079 3125 3238 3203 omni
3289 3149 3482 3205 servili

131 3233 315 3290 videtur
339 3236 579 3308 quidam
607 3233 796 3291 fidelis
826 3249 1016 3304 meus,
1048 3232 1286 3290 nomine
1322 3232 1637 3305 Arnoldus,
1670 3233 1729 3288 in
1840 3230 1966 3304 lege
1997 3249 2323 3306 censusque
2354 3233 2841 3301 redditione,tam
2869 3234 2995 3308 ipse
3025 3254 3204 3310 quam
3227 3255 3480 3309 sorores,

133 3321 240 3377 villa
253 3341 368 3396 quae
387 3325 605 3380 dicitur
627 3324 879 3391 Teubas,
899 3339 968 3378 ex
985 3326 1270 3396 potestate
1291 3321 1512 3378 scilicet
1532 3322 1730 3379 Sancti
1841 3337 1976 3377 cum
2008 3322 2262 3394 propriis
2293 3321 2639 3379 infantibus.
2675 3324 2745 3379 Et
2777 3329 2843 3379 ut
2875 3342 2946 3381 ne
2975 3324 3110 3397 quis
3159 3326 3484 3385 maledicus

132 3409 528 3486 Martini.Cujus
541 3412 883 3487 petitionem
902 3411 1309 3467 rationabilem
1323 3411 1722 3478 considerans,
1841 3416 2044 3467 contra
2064 3411 2173 3466 hoc
2192 3428 2474 3484 usurpare
2495 3417 2832 3484 praesumat,
2846 3414 3086 3470 nomina
3107 3416 3356 3472 fratrum
3381 3435 3482 3474 no-

129 3500 360 3558 voluntati
386 3520 592 3559 eorum
613 3518 922 3558 assensum
953 3500 1294 3573 praebui;eo
1321 3504 1515 3556 tamen
1539 3506 1726 3573 pacto,
1841 3504 2124 3556 strotrum
2176 3500 2469 3556 inculcare
2515 3501 2783 3558 fecimus.
2829 3504 2886 3560 S.
2928 3503 3180 3560 Gisberti
3229 3507 3480 3564 abbatis.

129 3593 176 3642 ut
212 3591 460 3648 omnibus
506 3592 708 3658 annis,
731 3589 1259 3647 festivitate‘sancti
1294 3589 1562 3664 Remigii,
1598 3607 1726 3662 quae
1841 3590 1899 3645 S.
1933 3589 2216 3655 Herberti,
2251 3589 2479 3646 abbatis
2521 3591 2962 3649 Latiniaccnsis.
2995 3593 3054 3649 S.
3087 3594 3344 3650 Durandi
3379 3597 3481 3652 de-

129 3683 195 3732 est
217 3679 457 3738 kalendis
496 3679 788 3748 Octobris,
822 3679 907 3734 illi
956 3679 1056 3751 qui
1101 3679 1449 3735 beneficium
1480 3678 1731 3735 tenuerit
1841 3678 1987 3736 cani.
2021 3681 2081 3735 S.
2114 3679 2354 3734 Arnulﬁ.
2389 3681 2446 3736 S.
2483 3679 2728 3736 Giviani.
2781 3683 2839 3737 S.
2894 3681 3198 3740 Mainardi.
3243 3685 3301 3742 S.
3335 3685 3480 3741 Her-

129 3765 312 3825 solvant
337 3771 392 3826 in
419 3785 667 3828 censum
700 3768 918 3826 solidos
951 3769 1297 3834 duos.Quod
1331 3767 1380 3823 si
1413 3767 1605 3824 dehoc
1627 3784 1728 3823 ne-
1839 3767 2009 3824 berti.
2080 3769 2140 3834 S,
2212 3768 2528 3824 Bernardi-
2567 3769 2626 3824 S.
2681 3770 3025 3844 Reringerii.
3085 3773 3142 3828 S.
3195 3774 3481 3843 Wallerii,

127 3857 366 3929 gligentes
383 3859 698 3926 extiterint,
713 3857 982 3932 legaliter
999 3858 1333 3925 emendent,
1353 3858 1577 3930 etquod
1599 3875 1731 3914 con-
1839 3858 1898 3914 S.
1933 3855 2190 3914 Gualdri.
2229 3858 2302 3924 S,
2325 3856 2594 3914 Ricberii.
2629 3859 2682 3913 S.
2717 3859 3020 3922 Marcuini.
3071 3863 3129 3918 S.
3183 3863 3478 3934 Rodberti,

128 3959 318 4002 cessum
345 3954 431 4006 est
460 3966 581 4006 non
611 3948 880 4021 perdant.
917 3947 990 4003 Ut
1018 3951 1214 4003 autem
1246 3946 1366 4002 haec
1410 3946 1728 4003 auctoritas
1837 3947 2048 4003 Actum
2095 3945 2447 4004 monasterio
2489 3947 2643 4004 Sacti
2691 3948 2864 4016 Petri,
2895 3949 2955 4006 in
3005 3951 3147 4008 urbe
3182 3953 3479 4023 Carnotis,

129 4033 332 4092 ﬁrmiter
347 4038 654 4106 habeatur,
669 4054 850 4093 manu
871 4053 1004 4092 mea
1025 4039 1084 4092 et
1103 4035 1352 4092 senioris
1365 4036 1487 4093 mei
1510 4036 1730 4092 Odonis
1838 4039 2118 4108 regnante
2143 4052 2278 4109 rege
2309 4037 2598 4094 Bodberto
2631 4053 2785 4094 anno
2815 4056 2868 4094 v.
2901 4038 3137 4110 Alveus,
3157 4042 3480 4104 monachus

126 4125 316 4184 comitis
329 4133 498 4202 atque
513 4143 760 4184 suorum
782 4126 1044 4182 ﬁdelium
1063 4125 1527 4182 manumissione
1543 4142 1730 4182 corro-
1837 4125 2093 4197 scripsit.
2127 4147 2154 4174 »

127 4209 398 4272 borandam
427 4216 667 4274 tradidi.
699 4218 910 4272 Actum
942 4214 1323 4288 psollenniter
1350 4213 1632 4286 Carnotis,
1665 4215 1726 4272 in
1909 4214 2110 4272 Cartas
2141 4214 2250 4271 sub
2282 4215 2491 4272 abbate
2521 4215 2784 4276 Gisberto
2807 4217 3279 4294 factas,quantas
3301 4222 3360 4284 in
3383 4241 3478 4282 no-

124 4315 250 4359 arce.
271 4305 608 4364 S.~00donis
636 4305 887 4364 comitis.
921 4305 982 4361 S.
1015 4303 1276 4360 Arduini.
1302 4303 1728 4375 S.Arnaldi,de
1837 4303 1974 4360 stris
2004 4303 2236 4360 scriniis
2269 4303 2526 4362 invenire
2554 4306 2739 4377 potui,
2771 4307 3100 4382 scriptitare
3131 4328 3246 4374 non
3288 4313 3474 4368 renui.

125 4393 259 4462 cujus
287 4394 560 4452 beneﬁcio
590 4395 822 4469 largitio
853 4394 1093 4467 przefata
1112 4393 1319 4450 extitit.
1339 4415 1368 4444 »
1835 4393 2002 4449 Nunc
2033 4410 2264 4467 quoque
2297 4395 2368 4450 ad
2400 4411 2500 4452 eas
2543 4412 2668 4467 qua:
2700 4397 3039 4471 Magenardi
3070 4399 3298 4460 abbatis
3331 4405 3476 4458 tem-

176 4479 524 4542 Reticendum
551 4501 688 4541 vero
718 4483 964 4540 minime
995 4487 1086 4540 est
1109 4483 1265 4556 quod
1289 4499 1500 4539 census
1523 4481 1724 4538 inscri-
1749 4500 1798 4568 D
1836 4499 1972 4556 pore
2002 4486 2142 4540 sunt
2171 4483 2410 4556 adeptae,
2443 4485 2712 4558 pennulae
2758 4503 2968 4547 cursus
2998 4487 3296 4561 pervenire
3326 4494 3474 4550 tem-

123 4571 229 4637 ptas
253 4573 507 4645 superius
529 4577 740 4648 postea
759 4591 795 4631 a
813 4573 1255 4631 successoribus
1265 4571 1503 4630 Arualdi
1533 4589 1602 4628 ex
1635 4571 1720 4628 in-
1829 4575 1973 4644 ptat.

123 4659 250 4730 tesi-0
277 4661 478 4721 Sancto
509 4665 678 4722 Petro
699 4662 984 4720 remissus
999 4665 1106 4730 est,
1122 4661 1275 4719 sicut
1295 4665 1356 4718 ot
1376 4660 1497 4718 allii
1520 4677 1718 4733 quam-
