3968 6080
185 229 305 300 237

1114 223 1370 300 VETUS
1415 236 1703 297 AGAN‘O.
1739 270 1815 278 —
1847 221 1993 297 LlB.
2040 236 2092 297 v
2132 233 2695 298 MAGENARDUS.

3484 228 3603 299 238

187 375 468 438 teneant;
506 375 636 446 post
667 372 971 427 decessum
1001 385 1133 426 vero
1165 373 1388 436 eorum,
1412 373 1469 426 et
1485 373 1639 425 terra
1669 386 1844 441 quam
1879 359 1927 435 Ᾱ
1962 367 2198 441 propria
2228 385 2362 424 cum
2403 367 2569 441 signo
2619 367 2808 424 crucis
2839 383 2966 424 eam
3013 366 3600 439 subterﬁrmavimus,

107 456 114 463 ’
187 461 434 527 demtis,
454 467 515 516 et
537 461 879 532 aiodusjam
904 460 1260 528 nominatus,
1286 459 1481 532 quieta
1503 463 1559 514 et
1581 457 1765 514 solida
1783 459 1854 514 ad

186 569 343 607 usus
370 551 625 606 fratrum
646 549 1004 623 perveniant.
1022 547 1245 604 Placuit
1259 547 1473 604 iterum
1495 552 1559 603 ut
1579 548 1701 603 haec
1722 564 1856 603 nos-

189 647 284 695 tra
316 639 632 696 conventio
663 639 722 694 in
753 639 984 695 duabus
1011 637 1188 694 cartis
1217 637 1588 705 scriberetur,
1606 652 1856 710 quarum

189 747 380 786 unam
399 729 724 803 praedictus
739 728 907 784 miles
923 727 1182 792 haberet,
1207 726 1389 782 altera
1406 743 1539 782 vero
1553 725 1858 782 nobiscum

188 824 559 875 remaneret.
611 819 681 873 Et
727 823 792 873 ut
840 818 960 872 hazc
1015 817 1234 872 noticia
1282 819 1620 888 permaneat
1670 816 1857 882 firma,

187 913 401 964 nostra
453 907 699 964 nomina
745 905 1176 979 assignavimus
1232 908 1290 961 et
1340 905 1572 961 comitis
1620 903 1858 972 Odonis,

187 1001 528 1070 eorumque
559 996 659 1069 qui
693 995 830 1051 huic
886 995 1125 1067 negocio
1175 993 1426 1050 maxime
1472 993 1865 1049 interfuerunt

188 1087 445 1144 nomina
465 1085 938 1143 subnotavimus.
963 1085 1022 1140 S.
1051 1083 1307 1140 Fulberti
1333 1083 1610 1155 episcOpi.
1635 1084 1688 1142 S.
1715 1083 1863 1138 Odo-

191 1176 285 1233 nis
318 1177 590 1233 comitis.
627 1175 684 1232 S.
719 1171 1054 1247 Mage'nardi
1097 1171 1346 1228 abbatis.
1382 1173 1441 1228 S.
1479 1171 1735 1228 Durandi
1768 1172 1864 1227 de-

190 1267 351 1322 cani.
387 1263 448 1322 S.
501 1263 750 1338 Amulli.
785 1264 845 1330 S,
896 1263 1202 1319 Marcuini.
1230 1262 1286 1319 S.
1345 1260 1620 1318 Richerii.
1673 1261 1728 1316 S.
1767 1261 1864 1317 Be-

191 1355 440 1430 ringerii
519 1356 578 1411 S.
649 1352 954 1410 Waidriei.
1031 1351 1276 1408 Letaldi.
1353 1351 1411 1406 S.
1483 1349 1863 1423 GristOphori'

191 1447 251 1501 ε.
285 1444 638 1501 Gauzberti.
667 1443 726 1498 S.
760 1441 1118 1498 Guinefredi.
1154 1441 1212 1497 S.
1249 1441 1493 1496 Otberti.
1515 1439 1574 1496 S.
1602 1439 1865 1496 Huberti.

193 1537 254 1592 S.
285 1532 601 1600 Rodberti,
631 1536 690 1588 et
717 1537 1064 1587 ceterorum.
1102 1554 1128 1582 ››

271 1625 414 1680 Post
447 1626 700 1678 mortem
727 1622 965 1693 quidem
990 1619 1248 1677 Gradulﬁ
1268 1623 1325 1675 et
1349 1619 1546 1675 uxoris
1563 1619 1690 1691 ejus
1712 1619 1866 1686 Odm,

201 1715 270 1769 de
298 1711 671 1786 supradictis
700 1711 870 1767 terris
899 1709 1086 1766 multa
1117 1709 1273 1765 mala
1302 1709 1562 1782 perpessi
1588 1713 1727 1763 sunt
1753 1724 1872 1763 mo-

204 1803 379 1858 nachi
414 1819 450 1858 a
480 1800 827 1874 parentibus
878 1799 1311 1872 praedictorum,
1367 1798 1696 1854 dicentibus
1739 1797 1871 1868 jure

201 1893 315 1949 sibi
360 1896 698 1964 competere
748 1890 902 1962 quod
957 1892 1226 1962 parentes
1272 1905 1474 1944 eorum
1509 1892 1640 1942 ante
1672 1903 1733 1942 se
1763 1885 1870 1942 visi

204 1988 348 2038 sunt
377 1987 604 2037 tenere.
639 1979 802 2036 Unde
852 1978 1145 2045 monachi,
1197 1977 1487 2033 infinitam
1528 1975 1871 2049 pecouniam

205 2074 442 2137 dantes,
494 2069 756 2137 tandem,
809 2068 925 2124 Deo
975 2066 1316 2140 opitulante,
1371 2067 1430 2122 in
1485 2066 1608 2122 suis
1666 2065 1874 2122 usibus

206 2163 600 2218 retorserunt.

749 2243 1168 2304 CAPITULUM
1211 2244 1359 2302 Vill.

792 2338 867 2393 De
897 2342 934 2392 Α
943 2339 1098 2409 gneis
1130 2336 1304 2391 Villa.

818 2429 986 2495 (Ante
1017 2443 1070 2482 a.
1106 2425 1290 2493 4924.)
1824 2485 1826 2487 ,

280 2519 366 2575 De
397 2515 618 2591 Agneis
668 2514 822 2571 Villa
869 2515 1115 2582 litteras,
1150 2517 1344 2587 preter
1389 2513 1782 2586 subscriptas,
1815 2509 1876 2567 in

218 2607 461 2664 scriniis
492 2605 714 2662 nostris
744 2603 1004 2661 invenire
1050 2621 1164 2659 non
1215 2602 1408 2676 potui:
1443 2604 1618 2672 unde,
1654 2606 1720 2658 ut
1742 2620 1878 2659 con-

207 2697 375 2770 jicio,
412 2696 540 2753 aliae
571 2696 817 2751 minime
849 2695 1010 2749 facta?
1043 2693 1308 2761 fuerunt;
1344 2695 1450 2759 set,
1485 2709 1587 2764 per
1626 2692 1753 2763 has,
1794 2689 1878 2747 illi

217 2788 442 2861 quibus
499 2789 658 2841 terra
714 2783 1077 2840 excambiata
1135 2781 1247 2837 fuit
1304 2799 1337 2837 a
1392 2781 1604 2837 comite
1661 2781 1878 2850 Odone,

218 2879 447 2934 donum
502 2875 716 2931 Sancto
765 2873 934 2929 Petro
967 2875 1023 2928 et
1070 2870 1375 2927 monachis
1422 2871 1704 2938 fecerunt,
1737 2871 1881 2928 etin

220 2965 566 3023 testimonio
607 2965 772 3020 terra:
829 2963 974 3018 datze'
1022 2975 1211 3033 usque
1240 2961 1300 3015 in
1333 2963 1678 3033 przesentem
1727 2960 1881 3017 diem

222 3059 364 3113 'sunt
395 3055 657 3111 servatae.
693 3053 918 3108 Litterae
941 3054 1137 3107 autem
1168 3050 1348 3122 hujus
1380 3037 1536 3106 modi
1571 3053 1737 3105 sunt:

1971 458 2242 514 fidelibus
2275 475 2507 531 quoque
2550 457 2766 513 nostris
2821 458 3209 514 roborandam
3260 460 3602 518 obtulimus.

1968 546 2050 621 [S.
2085 547 2302 603 Odonis
2334 547 2586 603 comitis.
2623 546 2939 618 Ledgardis
2988 547 3317 603 comitissze.
3354 549 3603 605 Rotroci.

1968 635 2258 692 Gclduini.
2281 635 2561 692 Rotberti.
2581 636 2862 709 Hugonis.
2889 636 3336 710 Landricilargi.
3362 637 3605 708 Alberti,

1968 725 2210 782 Gilonis.
2244 725 2580 799 Nivelonis.]
2618 747 2646 776 »

2041 815 2286 887 Scriptis
2307 816 2455 884 (146)
2481 819 2696 881 autem,
2721 833 2868 887 quas
2885 815 3132 889 repperi,
3153 818 3449 875 cartissub
3474 822 3613 875 tem-

1971 921 2108 977 pore
2155 905 2488 978 Magenardi
2537 905 2764 961 abbatis
2807 905 2997 973 editis,
3049 906 3176 977 ejus
3224 907 3548 976 introitum,
3582 926 3615 964 a

1972 995 2188 1050 domno
2221 993 2511 1063 Fulberto,
2555 998 2757 1066 postea
2803 994 3070 1067 praesule,
3117 995 3422 1069 scriptum,
3480 997 3615 1054 huic

1973 1084 2130 1155 operi
2158 1083 2409 1139 inserere
2442 1083 2658 1149 curavi,
2685 1088 2749 1138 ut
2771 1084 3045 1138 omnibus
3072 1089 3266 1156 pateat
3286 1103 3400 1141 non
3424 1087 3616 1143 solum

1973 1171 2292 1244 simplices,
2328 1177 2414 1228 set
2447 1172 2620 1228 etiam
2652 1172 3038 1244 peritissimos
3060 1172 3233 1241 viros,
3262 1192 3503 1250 persepe
3524 1193 3617 1233 ca-

1975 1262 2258 1317 ducorum
2292 1263 2577 1317 bonorum
2609 1261 2927 1318 ambitione
2955 1262 3163 1334 decipi.

2045 1351 2266 1407 Abbate
2297 1353 2441 1423 (147)
2473 1351 2668 1407 Sancti
2703 1351 2854 1406 Petri
2884 1352 3136 1423 graviter
3183 1358 3498 1425 egrotante,
3533 1353 3621 1411 set

1978 1439 2168 1496 adhuc
2209 1443 2423 1496 mentis
2474 1445 2529 1496 et
2559 1440 2845 1496 sermonis
2894 1446 3178 1513 compote,
3232 1440 3620 1516 Magenardus

1978 1531 2321 1596 monachus,
2348 1534 2478 1586 ante
2501 1530 2679 1585 michi
2703 1547 2816 1586 non
2841 1530 3209 1587 mediocriter
3229 1549 3420 1605 carus,
3446 1539 3620 1590 noctu

1978 1637 2104 1675 sese
2136 1620 2205 1675 dc
2236 1619 2490 1676 claustro
2524 1620 2838 1692 subripuit,
2872 1625 2929 1676 et
2958 1621 3026 1676 ad
3062 1621 3426 1678 Tedbaldum
3448 1623 3624 1678 comi-

1979 1714 2120 1776 tem,
2153 1709 2252 1781 qui
2286 1709 2468 1764 Blesis
2501 1713 2641 1765 tunc
2693 1710 3053 1776 morabatur,
3106 1711 3312 1767 abatiaa
3362 1713 3622 1786 petenda:

1977 1798 2185 1872 gratia,
2218 1797 2561 1870 properavit.
2596 1800 2798 1854 Comes
2830 1798 2997 1854 illum
3038 1817 3142 1872 pos
3173 1801 3343 1857 tridie
3395 1802 3622 1859 remisit

1981 1889 2051 1942 ad
2085 1905 2190 1943 nos
2221 1904 2355 1942 cum
2387 1887 2614 1959 legatis,
2647 1888 2747 1960 qui
2779 1888 3195 1945 denonciarent
3223 1891 3623 1962 recipiendum

1982 1976 2309 2049 magnifice,
2340 1977 2491 2032 sicut
2521 1977 2772 2045 abatem,
2807 1977 3104 2034 canonicis
3135 1983 3191 2034 et
3211 1981 3534 2037 monachis.
3561 1982 3628 2036 At

1983 2066 2152 2123 nobis
2185 2067 2300 2122 fere
2329 2065 2603 2122 omnibus
2634 2083 2700 2122 ea
2732 2083 2824 2122 res
2857 2085 3032 2140 aequa:
3069 2083 3216 2124 nova
3245 2073 3303 2125 et
3333 2069 3628 2127 horribilis

1985 2156 2111 2212 fuit.
2148 2157 2580 2228 Respondimus
2613 2156 2812 2229 itaque
2847 2155 3016 2230 longe
3046 2158 3213 2214 aliter
3237 2159 3406 2215 nobis
3425 2159 3627 2229 videri;

1987 2263 2090 2302 nec
2121 2245 2275 2302 enim
2308 2244 2566 2318 legitime
2599 2245 2720 2302 fieri
2756 2247 3007 2314 abatem,
3043 2265 3147 2304 nec
3179 2249 3389 2304 debere
3429 2247 3626 2322 recipi,

1987 2336 2084 2408 qui
2116 2335 2370 2390 abatiam
2399 2334 2659 2401 alterius,
2694 2336 2820 2408 ipso
2851 2337 3095 2404 vivente,
3130 2355 3233 2409 per
3253 2337 3630 2394 ambilionem

1987 2425 2157 2497 petit;
2193 2424 2292 2497 qui
2326 2442 2360 2480 a
2390 2424 2668 2480 fratribus
2697 2442 2814 2480 non
2847 2425 3082 2498 eligitur
3111 2432 3169 2484 et
3199 2445 3377 2500 super
3397 2427 3526 2484 illos
3549 2428 3635 2483 ni-

1986 2514 2131 2570 titur
2161 2513 2484 2582 dominari;
2519 2519 2812 2587 postremo
2846 2515 2944 2587 qui
2976 2519 3174 2570 noster
3201 2533 3389 2589 neque
3425 2534 3633 2573 mona-

1989 2604 2135 2660 chus
2163 2603 2256 2660 sit.
2304 2619 2492 2676 neque
2542 2603 2808 2674 clericus,
2863 2607 2920 2660 et
2950 2603 3146 2678 plures
3195 2606 3408 2662 habeat
3458 2611 3636 2664 testes

1990 2692 2286 2750 curialiter
2315 2695 2570 2765 agitandi
2614 2711 2788 2766 quam
2841 2695 3158 2751 monastice
3205 2695 3452 2752 vivendi.
3505 2696 3634 2754 Haec

1989 2783 2085 2839 ille
2100 2801 2212 2839 non
2238 2787 2534 2855 gratanter
2556 2783 2868 2855 accipiens.
2891 2785 2960 2839 ad
2984 2786 3260 2841 comitem
3283 2785 3634 2859 redequitat,

1989 2873 2254 2945 iramque
2277 2871 2514 2944 juvenis
2546 2873 2824 2928 adversus
2855 2891 2962 2930 nos
2987 2873 3362 2931 vehementer
3405 2875 3637 2932 inflam-

1990 2967 2114 3018 mat
2133 2980 2146 3030 ;
2163 2966 2268 3029 set,
2286 2962 2376 3016 die
2395 2962 2599 3034 quinto
2615 2967 2928 3034 postquam
2946 2981 3120 3018 suum
3140 2965 3427 3020 ambitum
3453 2965 3640 3038 publi-

1993 3051 2160 3107 cavit.
2195 3051 2507 3123 przedictus
2539 3052 2719 3106 abbas
2750 3067 2917 3106 suam
2952 3053 3337 3125 egritudinem
3368 3060 3555 3110 morte
3577 3054 3641 3110 li-

296 3167 326 3198 ιι
356 3149 428 3200 In
460 3143 700 3200 nomine
731 3141 945 3198 sancte
974 3147 1030 3197 et
1051 3138 1365 3195 individua:
1388 3138 1710 3195 Trinitatis.
1739 3139 1881 3210 Odo,
1915 3124 1958 3190 (ἶ
1998 3141 2186 3196 mitat.
2223 3140 2586 3197 Conveniunt
2615 3139 2687 3195 ad
2719 3124 3041 3212 capitulum
3075 3144 3257 3198 nostri
3289 3143 3560 3198 monachi
3584 3148 3640 3200 et

221 3233 674 3293 Carnotensium
706 3233 922 3287 comes.
946 3227 1162 3286 Notum
1190 3232 1444 3301 namque
1465 3227 1736 3285 volumus
1756 3245 1884 3284 esse

222 3325 505 3381 omnibus
538 3325 751 3377 sanctae
783 3319 885 3376 Dei
922 3319 1180 3376 ecclesia:
1209 3307 1504 3374 fidelibus.
1553 3318 1885 3390 nostrisque

221 3411 692 3477 Successoribus,
755 3409 1142 3483 praestitibus
1201 3413 1377 3483 atque
1455 3406 1687 3476 futuris,
1748 3408 1888 3480 quia

223 3504 474 3576 Quidam
510 3498 780 3565 cleriCus,
829 3497 1112 3555 vocabulo
1169 3497 1510 3566 Ledbertus,
1544 3504 1678 3553 eam
1711 3495 1888 3552 ftatre

223 3611 331 3650 suo
354 3591 688 3658 Heriberto,
715 3591 976 3644 nostram
999 3592 1134 3643 ante
1153 3587 1525 3660 praesentiam
1549 3585 1884 3659 postulavit,

225 3689 289 3738 ut
319 3680 444 3736 illis
477 3679 795 3752 quemdam
828 3675 1085 3744 alodum,
1109 3693 1213 3749 pro
1234 3693 1344 3732 sua
1370 3675 1689 3731 hereditate
1710 3689 1888 3747 quam

225 3770 539 3828 habebant
569 3769 630 3823 in
659 3785 808 3840 pago
840 3765 1682 3834 Senonico,concambiassem,
1706 3765 1886 3819 firmi-'-

227 3861 415 3916 tatem
425 3857 885 3931 quelitterarum
899 3855 1008 3912 sibi
1029 3854 1389 3911 corroborari
1413 3853 1704 3910 fecissem.
1725 3854 1887 3921 Quod

228 3947 477 4023 quidem
513 3951 572 4003 et
603 3947 729 4003 feci.
767 3947 868 4002 Est
890 3949 1082 4001 autem
1118 3942 1393 4016 praafatus
1426 3942 1708 3999 alodusin
1741 3958 1888 4016 pago

227 4038 524 4108 Dunensi,
557 4035 615 4092 in
648 4035 773 4092 loco
807 4035 906 4107 qui
934 4037 1174 4090 vocatur
1204 4031 1422 4106 Agneis
1443 4029 1612 4099 Villa,
1633 4035 1688 4087 et
1719 4032 1893 4105 perti-

229 4134 374 4184 nent
395 4129 468 4183 ad
487 4127 684 4198 ipsum
708 4126 834 4180 dua:
852 4123 1028 4179 olchze
1046 4139 1182 4179 cum
1203 4126 1408 4195 puteo;
1433 4119 1663 4193 alioque
1685 4120 1742 4175 in
1767 4121 1890 4177 loco

228 4215 428 4288 campi
479 4216 619 4281 duo,
654 4215 724 4269 de
773 4218 928 4269 terra
958 4211 1164 4268 arabiti
1217 4209 1521 4284 agripenni
1569 4211 1714 4278 duo;
1743 4209 1889 4266 etin

225 4307 413 4362 tercio
445 4305 598 4371 loco,
624 4304 696 4359 ad
720 4307 960 4375 puteum
984 4300 1246 4358 Sichardi
1269 4299 1658 4373 agripennum
1683 4317 1888 4368 unum;

226 4397 284 4451 in
309 4399 533 4468 quarto
578 4393 727 4464 loco,
761 4393 861 4464 qui
892 4396 1131 4447 vocatur
1180 4389 1451 4457 Budelea,
1505 4388 1892 4463 agripen‘num

230 4501 451 4540 unum.
506 4481 881 4538 Terminatur
923 4482 1196 4554 praefatus
1227 4479 1433 4535 alodus
1464 4487 1533 4533 ex
1563 4485 1682 4534 'una
1710 4484 1892 4550 parte,

1995 3231 2237 3302 quidam
2261 3229 2545 3298 canonici,
2577 3246 2724 3301 quos
2748 3229 2890 3285 ratio
2914 3230 3245 3302 postulabat
3265 3229 3517 3288 admitti.
3544 3233 3639 3289 ln-

1993 3319 2415 3392 terrogavimus
2449 3335 2520 3374 an
2552 3317 2734 3391 aliqui
2767 3319 3011 3374 fratrum
3037 3318 3267 3393 incepto
3302 3321 3638 3395 Magenardi

1995 3409 2280 3464 favebant.
2297 3408 2521 3481 Negant
2533 3407 2772 3480 singuli,
2792 3411 3008 3482 negant
3021 3423 3242 3466 omnes.
3267 3409 3556 3468 Decrevim
3570 3427 3641 3468 us

1997 3498 2283 3570 quosdam
2313 3515 2515 3554 eorum
2549 3514 2676 3554 esse
2706 3497 3024 3556 mittendos
3054 3500 3124 3554 ad
3154 3499 3446 3569 comitem,
3472 3500 3642 3557 nobis

1995 3587 2262 3643 videlicet
2292 3587 2665 3659 designatum
2697 3588 3060 3661 episcopum,
3095 3593 3160 3643 ut
3189 3589 3370 3661 patris
3393 3588 3643 3646 Gisberti

1998 3676 2220 3733 obitum
2254 3676 2614 3742 nouciarent,
2648 3681 2706 3732 et
2737 3676 2978 3732 alterius
3017 3677 3267 3750 eligendi
3319 3677 3644 3751 regularem

1999 3770 2375 3839 precarentur
2395 3764 2711 3821 licentiam.
2736 3765 2960 3831 Quibus
2983 3766 3202 3835 missis,
3229 3781 3360 3824 ecce
3387 3766 3484 3824 alii
3507 3769 3643 3838 duo,

1998 3853 2277 3909 Vivianus
2326 3853 2548 3909 scilicet
2577 3859 2635 3909 et
2681 3854 3016 3922 Durandus,
3068 3853 3215 3912 alter
3265 3855 3644 3914 inlitteratus.

2001 3942 2482 4000 alterlitterarum
2501 3943 3158 4016 malesanusiuterpres,
3185 3946 3356 4002 ambo
3370 3946 3647 4019 praeposi-

1999 4032 2063 4098 ti,
2097 4031 2464 4099 simulantes,
2498 4048 2676 4087 causa
2707 4037 3038 4089 communis
3070 4035 3380 4103 commodi,
3416 4035 3487 4090 ad
3512 4035 3645 4092 obe-

2001 4120 2250 4177 dientias
2281 4138 2419 4176 suas
2453 4137 2514 4176 se
2549 4120 2697 4176 velle
2729 4121 2902 4190 exire,
2935 4139 3000 4178 ac
3032 4132 3103 4179 ne
3129 4123 3408 4180 aliorsum
3443 4139 3649 4197 perge-

2000 4215 2128 4267 rent
2159 4209 2270 4266 sibi
2302 4209 2689 4267 interdicente
2720 4211 2937 4268 decano
2970 4213 3331 4284 monasterii,
3354 4213 3650 4286 Magenar-

2002 4302 2142 4356 dum
2161 4305 2355 4355 tamen
2375 4299 2556 4355 secuti
2579 4305 2751 4368 sunt;
2777 4301 2871 4356 cui
2895 4305 3122 4374 ceptam
3146 4302 3650 4376 presumptionem

2003 4390 2225 4445 occulte
2255 4393 2685 4461 persuaserant,
2717 4393 2775 4445 et
2806 4389 3009 4456 Blesis,
3043 4391 3102 4446 in
3125 4391 3416 4463 presentia
3448 4391 3652 4448 domui

1931 4501 1976 4566 D
2006 4478 2308 4542 Tedbaldi.
2362 4477 2557 4551 ipsum
2603 4477 3025 4551 Magenardum
3059 4497 3093 4535 a
3122 4480 3399 4535 fratribus
3450 4480 3564 4552 peti
3596 4485 3654 4537 et

231 4574 414 4630 alodo
457 4571 823 4646 Ragenardi;
857 4587 925 4627 ex
974 4570 1176 4635 altera,
1226 4569 1474 4642 Ugonis;
1508 4585 1542 4623 a
1569 4568 1768 4635 tercia,
1809 4568 1903 4623 via
2007 4567 2142 4641 eligi
2176 4568 2394 4640 perfide
2427 4567 2656 4622 mentiti
2689 4571 2844 4622 sunt.
2881 4568 3099 4623 Horum
3133 4568 3410 4640 suﬂragio
3460 4568 3648 4639 latus,

230 4662 508 4737 publica;
540 4679 574 4718 a
602 4666 832 4734 quarta,
861 4664 1014 4715 terra
1035 4657 1232 4714 Sancti
1259 4656 1597 4713 Florentini.
1620 4656 1900 4713 Dedimus

233 4754 417 4808 etiam
449 4752 572 4823 jam
605 4749 779 4804 dictis
812 4747 1076 4820 personis
1107 4745 1394 4803 vendendi
1423 4745 1510 4802 vel
1538 4746 1715 4801 dandi
1764 4757 1899 4802 eum

237 4841 600 4911 cuicumque
633 4837 946 4894 voluerint.
981 4836 1040 4892 Si
1073 4835 1204 4908 quis
1255 4851 1410 4901 vero,
1452 4836 1606 4907 quod
1656 4834 1899 4891 minime

234 4934 558 4986 venturum
589 4927 905 4992 credimus,
940 4925 1042 4998 qui
1073 4928 1278 4981 contra
1308 4924 1459 4980 hanc
1491 4921 1896 4980 auctoritatem

238 5019 549 5091 insurgere
599 5015 847 5072 voluerit
896 5018 998 5070 aut
1049 5013 1387 5087 infringere,
1437 5013 1585 5070 iram
1636 5013 1898 5070 incurrat

241 5107 362 5180 Dei,-
387 5112 447 5162 et
475 5106 634 5179 quod
663 5103 959 5178 repetierit
986 5120 1104 5160 non
1155 5103 1399 5170 evincat,
1433 5107 1539 5169 set,
1579 5102 1898 5174 judiciaria

240 5200 536 5268 potestate
573 5199 828 5264 coact-us,
880 5193 1095 5248 libram
1137 5191 1262 5248 auri
1294 5190 1387 5246 cui
1438 5190 1602 5246 litem
1633 5190 1898 5249 intulerit

239 5284 451 5344 solvat.
483 5284 770 5352 Quatinus
801 5287 998 5341 autem
1021 5282 1143 5339 hac
1166 5283 1330 5338 certa
1349 5279 1573 5336 firmiOr
1591 5279 1687 5350 sit,
1718 5295 1897 5338 manu

305 5481 458 5552 (146)
489 5480 660 5537 Deest
685 5479 782 5552 hic
813 5477 930 5552 epil

2010 4674 2204 4713 comes
2236 4656 2435 4712 statim
2468 4673 2602 4711 eum
2634 4655 2840 4711 baculo
2872 4656 3148 4728 pastorali
3182 4657 3411 4729 publice
3451 4659 3649 4714 donat.

2009 4749 2132 4813 Quo
2181 4747 2402 4814 audito,
2456 4747 2662 4801 fratres
2703 4744 2802 4816 qui
2834 4743 2894 4799 in
2926 4743 3179 4802 claustro
3228 4752 3652 4816 remanserant,

2009 4840 2210 4891 contra
2241 4835 2392 4890 hanc
2416 4833 2868 4890 fraudulentiam
2890 4834 3009 4890 zelo
3033 4833 3238 4890 divinas
3262 4835 3407 4908 legis
3435 4837 3656 4894 accinc-

2009 4923 2071 4992 ti,
2109 4923 2373 4979 libellum
2406 4921 2830 4995 reprobationis
2863 4924 3121 4979 fecerunt
3149 4929 3323 4997 atque
3354 4925 3653 5000 subscrip-

2007 5017 2211 5069 serunt
2240 5012 2579 5084 hujusmodi
2607 5029 2620 5068 :

2077 5126 2104 5153 ‹‹
2139 5101 2494 5158 Sciatomnis
2512 5102 2771 5158 aecclesia
2792 5102 2929 5174 quia
2942 5103 3252 5176 Magenard
3263 5121 3361 5160 um
3385 5109 3653 5162 nostrum

2006 5191 2276 5247 abbatem
2312 5190 2435 5245 ﬁeri
2471 5208 2586 5247 non
2614 5190 2907 5264 eligimus,
2931 5209 3049 5247 non
3071 5191 3404 5262 laudamus,
3429 5212 3544 5251 non
3565 5213 3658 5252 vo-

2007 5281 2226 5350 lumus,
2243 5297 2356 5336 non
2377 5281 2797 5337 consentimus.
2819 5285 2906 5338 set
2919 5281 3657 5354 reprobamus,rel‘utamus

306 5481 458 5552 (146)
489 5480 660 5537 Deest
685 5479 782 5537 hic
813 5477 1082 5608 epilqgus
1109 5476 1172 5534 in
1203 5476 1331 5534 cod.
1365 5475 1428 5533 B.
1616 5533 1621 5538 ,
1653 5552 1656 5556 ,
1737 5551 1740 5554 ,
1936 5533 1942 5544 ,
2132 5551 2135 5556 η

306 5553 462 5626 (447)
492 5552 610 5610 Hoc
631 5551 919 5626 scriptum
989 5547 1203 5608 ulberti
1224 5550 1414 5606 exstat
1432 5547 1588 5621 apud
1611 5547 1892 5622 Bouquet,
1931 5547 2054 5605 Rev.
2079 5547 2178 5605 des
2207 5549 2344 5606 Hist.
2368 5544 2442 5607 de
2470 5551 2701 5619 France,
2735 5553 2776 5606 t.
2804 5553 2876 5619 X,
2903 5563 2961 5623 p.
2996 5550 3120 5608 444.
