3988 6072
362 201 482 261 259

1243 198 1476 262 PAULI
1522 197 1588 260 ὃ.
1631 197 1865 259 PETRI
1909 193 2446 258 CARNOTENSIS
2499 193 2877 256 MONACHI.

3642 192 3764 253 260

365 338 422 390 et
449 330 688 389 oznnino
713 328 1193 398 contradicimus,
1227 347 1341 386 non
1363 330 1630 388 videlicet
1649 332 1720 388 de
1750 329 2010 388 cmnobio
2038 333 2092 400 Α
2123 328 2420 396 fortitudo,
2453 346 2569 386 non
2602 330 2898 401 comparet
2926 326 3114 400 pietas
3135 325 3389 384 Martini.
3413 327 3502 384 Tu
3532 343 3766 400 quoque

366 421 562 479 Sancti
596 421 745 477 Petri
779 437 1030 493 quorum
1063 419 1304 476 nomina
1332 421 1666 494 subscripta
1691 425 1848 476 sunt.
1891 421 2008 476 Du-

363 512 584 569 randus
612 511 888 566 decanus.
923 508 1224 566 Genesius.
1258 509 1886 566 Isembertus.A1veus.
1913 508 2008 564 Ri-

368 600 995 658 cberius..Herbertus.
1031 598 1390 655 Benedictus.
1425 599 1772 655 Rodbertus.
1799 599 2008 653 Evrar-

365 692 496 748 dus.
552 688 856 746 Arnulfus.
913 688 1271 744 Marcuinus.
1322 689 1615 745 Warinus.
1665 687 2003 743 Walterius.

363 779 740 839 Guarnerius.
773 777 1162 850 Beringerius.
1194 776 1544 833 Waldricus.
1592 777 1943 832 Bernardus.
1977 799 2004 826 ››

432 869 532 927 Isti
562 869 758 941 itaque
788 883 990 924 omnes
1022 883 1129 922 sua
1149 866 1389 922 nomina
1407 870 1508 922 aut
1528 865 2006 939 subscripserunt

359 964 461 1018 aut
492 955 781 1015 subscribi
802 957 1132 1028 jusserunt,
1165 971 1257 1012 me
1285 955 1535 1011 vidente.
1582 955 1684 1011 Die
1715 955 2002 1028 proxima.

357 1065 552 1107 comes
585 1045 918 1104 Tedbaldus
950 1044 1136 1112 redit;
1170 1049 1258 1100 set
1289 1044 1349 1100 in
1381 1045 1803 1100 monasterium
1824 1043 2002 1118 recipi

358 1157 494 1197 cum
525 1134 894 1210 processione
925 1134 1303 1206 praemandat.
1347 1134 1614 1190 Monachi
1651 1135 2003 1206 respondent

357 1247 420 1286 se
449 1228 700 1283 libenter
722 1225 838 1281 hoc;
862 1239 1062 1297 agere,
1084 1223 1144 1279 si
1163 1228 1646 1296 praesumptorcm
1676 1222 1843 1278 illum
1884 1239 2000 1279 non

357 1315 666 1374 adduxerit
695 1331 913 1370 secum.
938 1312 1040 1370 Ille
1071 1313 1264 1370 denuo
1289 1312 1475 1371 iratus
1523 1312 1648 1386 ipso
1681 1317 1874 1368 tamen
1909 1311 2000 1367 die

353 1405 655 1473 sustinuit,
689 1407 777 1460 set
808 1403 866 1458 in
899 1401 1184 1474 sequenti,
1219 1419 1355 1458 cum
1404 1402 1652 1475 strepitu
1698 1400 1998 1458 cominan-

349 1497 524 1564 tium,
554 1494 614 1550 in
645 1491 842 1550 Sancti
875 1490 1025 1547 Petri
1057 1491 1478 1548 monasterium
1507 1509 1682 1548 suum
1704 1491 2008 1565 Magenah

351 1587 491 1642 dum
515 1581 786 1640 obtrusit.
805 1582 890 1637 Ad
913 1582 1084 1654 cujus
1111 1580 1429 1637 violentum
1453 1581 1788 1654 ingrossum
1810 1581 1997 1638 sancti

351 1675 580 1741 fratres,
604 1670 989 1728 contaminari
1024 1671 1210 1742 ipsius
1235 1669 1764 1726 communicatione
1785 1671 1996 1726 timen-

346 1769 455 1832 tes,
489 1759 820 1820 sanctuario
852 1759 1084 1816 Domini
1115 1759 1367 1815 salutato
1395 1777 1531 1816 cum
1555 1759 1834 1827 lacrimis,
1853 1759 2000 1816 exie-

346 1848 870 1924 runt,atque,a1iud
885 1848 1171 1922 refugium
1191 1849 1614 1916 ncscientes,ad
1627 1847 1831 1904 limina
1843 1848 1997 1922 prin-

347 1941 553 2016 cipalis
585 1937 856 1996 aecclcsia
887 1937 1311 2010 confugerunt;
1347 1938 1427 1994 ibi
1473 1955 1704 2010 quoque
1749 1942 1996 2010 utroque

345 2036 576 2104 pastore
589 2030 825 2085 deserta:
839 2045 972 2082 oves
986 2026 1189 2083 mestis
1203 2043 1330 2082 sese
1343 2026 1581 2082 vocibus
1595 2025 1987 2083 consolantur.

345 2122 444 2177 Set
475 2118 680 2191 recipit
711 2135 806 2172 eos
839 2120 1042 2172 sancta
1069 2120 1255 2172 mater
1285 2115 1536 2182 Domini,
1563 2115 1731 2172 solita
1756 2116 1989 2188 pietate.

344 2207 570 2281 Recipit
602 2205 890 2263 Rodulfus
925 2205 1203 2272 decanus,
1239 2204 1393 2260 dulci
1426 2205 1808 2276 benignitate.
1850 2206 1989 2261 Inde

346 2297 710 2355 transierunt
739 2296 813 2350 ad
862 2293 1190 2350 coenobium
1244 2294 1434 2350 sancti
1486 2295 1669 2367 patris
1703 2295 1986 2364 Herberti,

319 2389 510 2460 'cujus
543 2386 703 2442 dives
734 2384 971 2450 caritas,
1006 2384 1077 2440 de
1108 2401 1360 2456 paupere
1392 2401 1590 2440 censu.
1621 2401 1864 2456 quaeque
1895 2401 1989 2456 po-

338 2482 453 2534 test
483 2476 597 2532 illis
611 2473 941 2531 necessaria
961 2472 1390 2529 subministrat.
1409 2474 1676 2529 Ceterum
1700 2473 1794 2529 ille
1813 2473 1988 2529 frater
2091 2472 2590 2540 ﬂetu,collocatur.
2610 2473 2828 2530 Deinde
2859 2472 3108 2530 Rodulfo
3131 2474 3349 2529 decano
3381 2491 3414 2529 a
3444 2473 3739 2530 Rodberto
3839 2473 3842 2475 λ

335 2567 506 2638 cujus
535 2561 978 2638 importunitate
1010 2562 1239 2635 depulsi
1271 2567 1427 2631 sunt,
1463 2563 1534 2618 ab
1566 2562 1802 2618 I-lcrviso
1835 2580 1982 2636 quo-

335 2658 492 2722 dam,
526 2659 592 2710 ut
606 2653 792 2720 aiunt,
820 2651 1159 2708 Britannicae
1183 2651 1436 2724 regionis
1459 2652 1751 2724 episcopo,
1777 2657 1984 2724 quarto

335 2762 520 2801 nonas
553 2741 870 2809 Februarii,
916 2741 1096 2796 abbas
1146 2739 1460 2796 simulatus
1490 2746 1581 2796 est
1610 2741 1668 2796 in
1701 2742 1982 2797 suburbio

229 2898 235 2906 ,
333 2831 692 2901 Carnotensi,
717 2832 956 2887 absente
973 2829 1145 2899 clero,
1171 2829 1512 2902 indignante
1535 2830 1771 2903 populo,
1794 2830 1982 2904 legato

333 2919 765 2994 archiprazsulis
795 2918 990 2992 palam
1022 2918 1456 2975 contradicente
1489 2936 1561 2974 ne
1591 2920 1648 2975 id
1679 2920 1860 2986 fieret,
1893 2937 1980 2976 re-

333 3011 726 3068 clamantibus
752 3008 928 3066 etiam
950 3008 1304 3081 quibusdam
1330 3009 1634 3065 monachis
1653 3008 1754 3082 qui
1773 3009 1834 3064 in
1856 3009 1980 3066 loco

2120 418 2484 492 dereliquisti
2508 436 2633 486 nos,
2658 421 2855 474 sancte
2875 421 3039 490 pater
3059 415 3258 485 Hilari,
3283 416 3385 490 qui
3407 416 3547 473 olim
3581 416 3768 473 unita-

2119 512 2237 565 tem
2297 507 2568 564 tecclesize
2627 506 2878 579 Spiritus
2937 505 3135 563 Sancti
3177 505 3370 578 gladio
3409 505 3687 562 tuebaris.
3721 505 3766 562 0

2119 597 2416 653 derelicta!
2454 613 2485 653 o
2518 595 2731 653 mesta!
2768 613 2800 652 o
2832 595 3094 652 desolata
3127 595 3444 652 Galliarum
3489 593 3763 651 ecclesia!

2117 688 2250 752 Quae
2275 687 2402 758 jam
2427 687 2539 742 erit
2573 703 2708 758 spes
2737 685 2948 742 salutis
2996 684 3326 741 ulterioris?
3356 685 3465 741 Ubi
3510 683 3767 758 amplius

2116 775 2314 832 anima
2361 775 2671 832 Christiani
2717 773 2933 830 afflicta
2964 775 3312 848 respirabit?
3343 775 3461 830 Hoc
3510 790 3765 846 namque

2114 864 2307 921 solum
2335 865 2422 921 vel
2455 864 2707 920 maxime
2736 882 2843 921 nos
2883 865 3210 920 confortare
3247 863 3570 933 videbatur,
3603 864 3762 936 quod

2113 955 2160 1010 si
2181 953 2543 1028 contingeret
2568 953 2768 1010 ruinas
2789 953 3065 1010 maenium
3082 958 3320 1010 tuorum
3341 951 3621 1010 resarcire
3644 969 3761 1009 non

2111 1061 2302 1116 posse,
2338 1043 2536 1100 liceret
2566 1043 2771 1100 saltem
2802 1043 2874 1098 ad
2905 1045 3144 1098 firmum
3175 1043 3366 1099 adhuc
3414 1041 3758 1116 capitolium

2112 1133 2237 1188 vitae
2271 1133 2604 1190 monasticae
2641 1132 3150 1206 confugere.Quod
3170 1132 3346 1188 etiam
3364 1131 3413 1188 si
3432 1131 3659 1188 furibus
3676 1131 3765 1186 in-

2110 1226 2338 1295 reptare
2368 1227 2470 1279 aut
2492 1223 2733 1295 impune
2756 1221 3117 1294 quibuslibet
3139 1221 3469 1278 ambitiosis
3487 1220 3759 1277 invadere

2108 1310 2264 1380 licet,
2297 1330 2402 1385 pro
2425 1311 2616 1368 dolori
2651 1311 2919 1368 funditus
2952 1310 3235 1368 cecidisti.
3268 1311 3432 1367 Unde
3455 1311 3583 1382 jam
3611 1311 3684 1366 ad
3705 1315 3760 1366 te

2107 1405 2422 1472 revertens,
2436 1403 2762 1457 venerande
2783 1406 2968 1474 pater,
2988 1417 3162 1474 quem
3193 1417 3298 1474 ego
3319 1401 3490 1456 credo
3511 1403 3568 1455 et
3594 1399 3760 1457 video

2108 1491 2435 1562 adjutorem
2484 1508 2519 1546 a
2566 1490 2814 1546 Domino
2873 1489 3043 1546 nobis
3092 1506 3221 1546 esse
3270 1490 3589 1562 provisum,
3622 1506 3759 1546 cum

2107 1580 2321 1637 domno
2343 1597 2470 1636 meo
2501 1583 2717 1652 tuoque
2744 1579 2900 1636 fideli
2933 1579 3202 1648 Rodulfo,
3231 1580 3510 1652 deprecor
3555 1582 3612 1634 et
3655 1580 3758 1636 ob-

2103 1671 2290 1725 testor
2315 1687 2422 1743 per
2442 1686 2514 1726 ea
2539 1686 2666 1742 qua:
2698 1668 2803 1725 tibi
2847 1669 2986 1725 data
3040 1672 3179 1724 sunt
3224 1668 3522 1742 sapientia:
3555 1672 3759 1726 sancta

2104 1757 2444 1827 karismata,
2477 1776 2584 1832 per
2626 1757 2996 1816 dulcedinem
3057 1759 3322 1814 fraternae
3380 1758 3659 1827 caritatis,
3704 1758 3756 1814 si

2104 1847 2244 1919 quid
2277 1853 2461 1920 potes,
2494 1848 2780 1920 impugna
2802 1847 3004 1905 hostes
3031 1847 3284 1914 Domini,
3320 1847 3530 1904 fratres
3552 1847 3753 1904 allisos

2103 1937 2315 2005 refove,
2347 1955 2452 1994 nec
2483 1937 2670 2010 perire
2700 1938 2880 2006 sinas,
2916 1937 3117 2010 inopia.
3144 1935 3343 1994 solacii
3375 1935 3481 2006 tui,
3506 1954 3610 2010 pro
3628 1937 3755 2008 qui-

2101 2026 2211 2082 bus
2244 2027 2432 2082 credis
2463 2043 2591 2082 esse
2621 2029 2818 2082 fusum
2849 2027 3197 2100 sanguinem
3227 2026 3461 2084 Christi.

2173 2117 2418 2188 Interea,
2451 2115 2731 2172 orationis
2763 2115 2968 2189 gratia,
3003 2133 3196 2172 comes
3228 2117 3473 2175 Romam
3503 2116 3757 2190 perrexit

2098 2205 2267 2277 (148),
2302 2213 2378 2272 et,
2413 2205 2547 2261 inde
2577 2205 2832 2274 rediens,
2866 2205 2925 2260 in
2959 2205 3164 2262 itinere
3191 2207 3534 2279 peregrinus
3582 2205 3754 2273 obiit,

2099 2298 2272 2366 atque
2300 2293 2540 2350 veiculis
2572 2295 2913 2367 deportatus
2936 2294 3220 2363 Carnotis,
3241 2293 3300 2349 in
3332 2293 3588 2368 capitulo
3612 2295 3759 2352 San-

2095 2383 2171 2438 cti
2205 2383 2454 2453 Petri,ad
2487 2385 2660 2456 pedes
2685 2384 2882 2440 fratris
2915 2383 3008 2440 sui
3024 2383 3342 2453 Teoderici,
3363 2401 3497 2440 eum
3529 2401 3745 2457 magno

2094 2578 2226 2635 rege
2256 2562 2316 2618 in
2349 2563 2688 2634 episcopatu
2739 2561 3074 2632 sublimato,
3109 2561 3518 2619 amaritudinis
3561 2562 3744 2628 zelus,

2094 2651 2326 2707 comitis
2355 2652 2566 2708 timore
2615 2651 2790 2724 paulo
2839 2656 2972 2707 ante
3002 2652 3248 2724 sopitus,
3280 2652 3654 2708 vehementer
3684 2652 3745 2708 in

2093 2739 2513 2814 Magenardum
2533 2741 2804 2797 abbatem
2821 2741 3223 2797 inﬂammatur
3241 2745 3414 2814 atque
3437 2741 3493 2796 in
3512 2745 3746 2797 tantum

2092 2829 2462 2902 progreditur
2491 2833 2573 2898 ut,
2608 2829 2815 2886 baculo
2849 2830 3126 2902 pastorali
3158 2829 3524 2888 auctoritatis
3563 2847 3745 2886 manu

2091 2923 2331 2987 extorto,
2359 2919 2419 2974 in
2450 2920 2622 2976 domo
2653 2918 2910 2993 episcoPi
2940 2937 3044 2992 per
3071 2919 3195 2976 dies
3224 2919 3446 2993 aliquot
3483 2937 3744 2977 commo-

2091 3008 2206 3063 rari
2239 3009 2500 3065 fecerint.
2527 3009 2844 3081 Postquam
2874 3025 3005 3065 vero
3035 3007 3354 3065 instantem
3386 3009 3446 3064 in
3471 3009 3746 3066 orationi-

331 3103 752 3167 remanserant,
784 3116 917 3156 vero
947 3097 1132 3169 vultu,
1185 3098 1315 3154 viva
1342 3115 1480 3154 voce
1525 3102 1698 3170 atque
1727 3098 1979 3172 regulari
2011 3083 2053 3151 Ε
2093 3097 2204 3154 bus
2232 3115 2337 3170 per
2366 3102 2595 3154 noctem
2627 3099 2686 3153 in
2715 3097 2952 3170 vigiliis,
2980 3097 3348 3155 luculentum
3368 3098 3428 3155 in
3460 3099 3744 3156 sermoni-

331 3191 693 3248 auctoritate.
729 3189 827 3246 Set
856 3193 912 3244 et
938 3205 1094 3243 nunc
1122 3186 1222 3242 ille
1250 3187 1473 3260 primas
1506 3188 1564 3242 in
1597 3187 1803 3243 abatia:
1843 3205 1980 3262 sug-

329 3285 497 3354 gestu
533 3278 781 3336 seculari
822 3277 1084 3349 potentia
1130 3277 1335 3347 fretus,
1367 3277 1438 3332 de
1469 3282 1700 3348 peracta
1743 3277 1984 3334 victoria

329 3369 638 3443 gloriosus,
657 3367 717 3422 in
733 3371 998 3421 auctores
1020 3366 1168 3436 ejus,
1189 3365 1452 3432 abbates,
1471 3365 1777 3438 episcopos
1801 3371 1979 3438 atque

331 3457 528 3530 ipsum
541 3473 753 3529 papam
767 3453 1144 3528 ambitiendo,
1171 3472 1239 3509 ne
1262 3453 1402 3526 quid
1425 3453 1663 3526 gravius
1686 3459 1982 3511 statuatur

329 3546 390 3602 in
412 3545 582 3601 illum
600 3543 790 3600 modis
811 3542 1087 3598 omnibus
1110 3542 1427 3598 elaborat.J
1434 3547 1560 3599 acet
1579 3542 1814 3599 interim
1831 3544 1981 3602 victa

329 3635 685 3706 confusaque
717 3633 962 3687 fratrum
989 3630 1364 3704 expulsorum
1395 3631 1722 3700 humilitas,
1757 3651 1861 3690 nec
1892 3640 1981 3690 est

327 3722 539 3798 praesul
569 3721 627 3777 in
659 3720 882 3787 Galliis,
916 3721 1086 3793 cujus
1115 3719 1338 3776 viscera
1366 3725 1568 3794 tangat
1597 3723 1822 3778 affectio
1853 3723 1977 3796 pie-

325 3813 464 3870 tatis
494 3816 595 3868 aut
621 3810 780 3867 zelus
810 3826 988 3866 sacras
1018 3809 1164 3883 legis
1195 3809 1539 3879 inﬂammet,
1567 3815 1631 3866 ut
1660 3817 1980 3886 consurgat

327 3905 398 3960 ad
413 3901 765 3974 frangendos
786 3899 1044 3972 impetus
1063 3898 1366 3956 herrorum
1380 3900 1472 3968 ,ad
1492 3899 1828 3958 relevandas
1842 3919 1976 3976 spes

323 3991 520 4050 dolore
549 3987 995 4046 tabescentium.
1031 3989 1316 4045 Defuncta
1346 3989 1565 4046 etenim
1596 3995 1686 4046 est
1731 3990 1977 4048 Dionisii

395 4115 542 4189 (148)
572 4115 738 4171 Anno
771 4113 930 4170 1004.

2092 3187 2224 3257 bus,
2257 3186 2572 3259 pollentem
2625 3186 2685 3242 in
2743 3187 2976 3255 litteris,
3001 3204 3136 3244 eum
3183 3187 3741 3245 animadverterunt.

2089 3280 2414 3348 postposita
2443 3277 2564 3348 lite,
2597 3281 2654 3332 et
2681 3276 3034 3349 pastoralem
3069 3276 3343 3333 baculum
3394 3282 3452 3333 et
3494 3277 3744 3334 abbatis:

2090 3366 2716 3439 suggestum,gratanti
2734 3366 2952 3434 animo,
2979 3366 3378 3424 reddiderunt.
3402 3366 3530 3436 Qui,
3554 3383 3743 3439 quan-

2089 3454 2192 3510 diu
2222 3453 2417 3510 vitalis
2447 3455 2622 3511 ﬂatus
2653 3455 2704 3510 ei
2736 3472 2930 3512 comes
2963 3455 3094 3525 fuit,
3112 3455 3209 3529 pio
3240 3472 3437 3512 amore
3462 3473 3596 3512 oves
3629 3455 3745 3513 sibi

2089 3544 2440 3601 commissas
2470 3543 2692 3617 duplici
2725 3545 2880 3600 victu
2902 3544 3124 3601 affatim
3147 3545 3463 3618 pavit.Quo
3486 3549 3740 3614 mortuo,

2089 3637 2403 3706 antequam
2463 3633 2636 3689 matri
2697 3635 3053 3702 redderetur,
3086 3633 3366 3691 Arnulfus
3422 3633 3659 3691 edituus
3707 3653 3745 3692 a

2090 3722 2358 3779 Fulberto
2392 3722 2664 3796 episcopo
2709 3722 2836 3779 loco
2866 3723 2995 3795 ejus
3025 3723 3396 3798 subrogatur.
3428 3725 3513 3779 Ad
3547 3728 3739 3781 cartas

2085 3827 2220 3884 ergo
2237 3829 2342 3868 suo
2373 3816 2632 3884 tempore
2662 3815 2920 3885 patratas
2949 3817 3150 3869 nostra
3175 3813 3430 3870 veridica
3477 3817 3739 3870 vertatur

2086 3901 2362 3972 pennula,
2396 3905 2461 3957 ut
2489 3900 2853 3974 capitulatim
2885 3900 3261 3974 conglobatae
3309 3901 3612 3960 studiosus
3643 3903 3736 3958 in-

2086 3989 2328 4062 dagator
2357 3989 2470 4046 cito
2501 3991 2656 4063 quod
2686 3989 2933 4047 voluerit
2953 3989 3212 4049 invenire
3238 3990 3446 4049 valeat.

1347 4340 1895 4480 LIBER
1999 4344 2697 4485 SEXTUS

1957 4580 2087 4628 SIVE

1287 4705 2001 4794 ARNULFI
2107 4708 2765 4796 ABBATIS

1506 4855 1613 4926 (Ab
1645 4873 1799 4912 anno
1832 4857 1971 4913 1023
2001 4858 2070 4915 ad
2106 4874 2328 4914 annum
2361 4855 2543 4929 1033.)

1894 4990 2133 5004 ﬁ

883 5085 1137 5142 CAPITU
1151 5085 1302 5142 LUM
1344 5086 1384 5142 Ι.

632 5177 709 5233 De
737 5191 938 5246 guerpo
973 5176 1096 5233 Ursi
1126 5176 1347 5232 Videris
1374 5177 1640 5235 ecclesiae.

900 5264 1070 5334 (Ante
1101 5280 1154 5320 a.
1190 5263 1371 5336 1028.)

386 5355 410 5379 '
445 5374 474 5406 ι(
503 5351 652 5427 (149)
674 5353 796 5411 Sub
817 5356 1031 5412 aeterno
1071 5351 1356 5426 regimine
1388 5369 1740 5428 summoque
1774 5373 1965 5414 sacer-

1995 5092 2043 5157 D
2074 5090 2230 5147 dotio
2262 5089 2500 5162 Christi,
2535 5106 2664 5146 meo
2691 5093 2970 5162 tempore,
3006 5090 3381 5162 constitutus,
3415 5107 3521 5166 ego
3548 5092 3731 5150 Odol-

2077 5179 2254 5250 ricus,
2287 5178 2739 5236 Aurelianorum
2796 5179 3128 5253 episcopus,
3160 5185 3366 5237 notum
3423 5181 3548 5238 fieri
3594 5181 3729 5240 volo

2075 5269 2607 5343 contemporalibus
2646 5272 2822 5341 atque
2853 5269 3293 5327 successoribus
3312 5270 3461 5328 meis
3479 5271 3728 5332 modum

2075 5361 2132 5414 et
2153 5358 2332 5416 ﬁnem
2353 5376 2542 5417 causae
2568 5376 2696 5433 quae
2720 5358 2781 5416 in
2796 5357 2906 5417 hac
2927 5359 3151 5419 castula
3168 5359 3390 5436 scripta
3413 5361 3728 5422 est.Mona-

385 5502 536 5582 (149)
563 5504 763 5566 Exstat
793 5503 916 5565 hac
943 5505 1150 5567 charta
1175 5501 1236 5564 in
1268 5504 1408 5566 Gali.
1441 5505 1663 5565 Christ”
1685 5511 1728 5567 t.
1759 5507 1911 5581 VIII,
1940 5507 2134 5582 instr.,
2167 5508 2277 5570 col.
2305 5509 2431 5568 491.
