3988 6072
405 241 524 302 263

1289 234 1522 297 PAULI
1571 235 1632 295 S.
1683 234 1914 294 PETRI
1960 233 2496 296 CARNOTENSIS
2543 235 2918 298 MONACHI.

3681 199 3846 298 264'

407 371 666 428 filiorum
697 368 1022 442 utriusque,
1071 382 1323 440 quorum
1370 365 1611 422 consilio
1643 368 1700 421 et
1747 365 1936 420 favore
1985 363 2042 420 id
2074 365 2128 433 Α
2158 365 3812 443 nomineHerbertum,qui,lectionisgratin,Aurelianum

407 461 574 518 facio.
604 461 753 516 Sunt
783 463 976 514 autem
1009 457 1150 530 ipsae
1177 473 1269 512 res
1299 455 1360 511 in
1377 471 1525 528 pago
1558 453 2049 520 Constantinensi,

415 549 722 624 provinciae
767 546 1157 612 Normanniae,
1196 563 1298 618 per
1352 543 1477 600 loca
1532 543 1748 608 divisae,
1801 559 2052 614 quarum

408 639 647 696 nomina
678 637 1010 709 subscripta
1064 635 1353 691 videntur.
1403 636 1467 688 In
1511 632 1646 688 villa
1677 631 1896 688 scilicet
1925 649 2051 704 qua

400 732 640 786 vocatur
661 728 859 794 Hams,
888 729 1106 781 sextam
1130 729 1356 797 partem
1381 723 1451 778 de
1473 721 1746 778 omnibus
1769 720 2053 778 reditibus

403 835 531 890 quae
564 818 634 873 de
665 815 766 871 illa
783 813 1290 883 exeunt,vidclicet
1314 812 1384 868 de
1405 809 1767 878 aacclesiis,et
1786 810 1858 866 de
1883 809 2048 878 silva,

402 912 460 964 et
489 907 560 963 de
589 906 782 979 plano,
814 909 870 960 et
900 905 972 959 de
1019 903 1291 969 marisco,
1337 905 1576 972 excepto
1620 899 1956 956 molendino
1995 904 2052 955 et

401 995 638 1053 exclusa
676 1011 854 1067 quam
902 992 1038 1048 fecit
1094 990 1377 1064 Rogerius
1410 988 1554 1045 fieri.
1590 989 1689 1044 Set
1734 993 1928 1044 tamen
1989 987 2048 1044 in

401 1085 738 1142 molendino
766 1081 886 1139 illo.
921 1098 1038 1154 qua
1067 1080 1211 1137 hora
1238 1078 1528 1136 voluerint
1570 1079 1800 1146 fratres,
1831 1077 2050 1149 quibus

401 1174 522 1230 haec
552 1173 827 1241 concedo,
859 1170 1074 1227 molere
1099 1172 1392 1242 poterunt,
1424 1169 1646 1240 absque
1677 1172 1962 1240 respectu,
2001 1162 2050 1223 si

402 1263 696 1319 dominica
724 1278 956 1317 annona
984 1259 1144 1316 illius
1175 1259 1410 1314 inventa
1429 1275 1544 1313 non
1567 1256 1742 1312 fuerit
1773 1258 1943 1328 cujus
1963 1261 2052 1313 est

401 1351 792 1418 molendinus,
828 1348 1211 1406 nulluminde
1232 1348 1694 1404 emolumentum
1719 1347 2050 1412 reddentes.

401 1443 663 1498 Concedo
693 1440 869 1497 etiam
901 1439 962 1494 in
992 1455 1146 1511 aqua
1189 1437 1454 1510 ejusdem
1504 1435 1676 1504 villas,
1710 1435 1803 1492 cui
1836 1452 2048 1492 nomen

398 1535 487 1587 est
517 1529 698 1587 Uldra
727 1531 894 1603 (152),
931 1529 1078 1584 duas
1125 1527 1450 1600 piscarias;
1482 1530 1538 1581 et
1570 1525 1629 1580 in
1680 1525 1881 1581 eadem
1913 1523 2051 1580 villa

395 1624 698 1678 manentes
729 1623 846 1675 tres
881 1617 1101 1673 milites
1131 1617 1384 1672 concedo
1416 1632 1553 1671 cum
1577 1613 1874 1670 beneficiis
1898 1614 2044 1683 suis,

2167 457 2370 511 urbem
2404 457 2563 512 adire
2595 458 2943 516 decreverat.
2972 457 3190 514 Verum
3223 459 3366 515 dum
3407 457 3670 518 veritatis
3696 474 3810 514 au-

2161 549 2349 602 ctores
2380 562 2619 618 querere
2655 551 2963 620 satageret,
2995 564 3128 604 ceco
3161 547 3370 605 itinere
3399 547 3460 604 in
3491 547 3671 604 totius
3703 546 3807 603 be-

2162 634 2308 690 resis
2326 634 2556 692 baratre
2578 635 2875 692 dilabitur.
2891 637 3036 692 Nam
3061 654 3127 693 ea
3150 641 3493 709 tempestate
3515 636 3573 691 in
3599 637 3808 692 eadem

2161 723 2390 780 civitate
2421 725 2536 780 duo
2567 724 2756 780 clerici
2790 725 3124 798 Stephanus
3153 729 3211 782 et
3229 725 3458 782 Lisoius
3489 724 3633 798 (154)
3665 728 3812 798 aput

2160 829 2363 869 omnes
2391 812 2680 886 sapientia
2709 814 3190 882 clari,sanctitate
3209 831 3276 872 ac
3298 813 3578 888 religione
3609 815 3810 887 magni

2160 902 2276 966 fici,
2306 901 2676 960 eleemosinis
2703 902 2872 976 largi,
2908 903 3180 976 opinione
3209 903 3578 960 habebantur
3621 902 3808 976 vulgi.

2159 991 2408 1047 Eosdem
2439 996 2798 1048 memoratus
2827 992 3066 1064 expetiit
3095 991 3342 1050 clericus
3371 998 3446 1061 et,
3463 1009 3636 1066 parvo
3660 996 3808 1048 tem-

2161 1079 2317 1153 poris
2363 1079 2704 1150 intersticio,
2756 1081 2961 1138 docilis
3022 1081 3370 1154 discipulus,
3423 1097 3557 1138 cum
3623 1080 3808 1137 divini

2160 1170 2318 1226 verbi
2351 1170 2767 1237 dulcedine,ab
2782 1169 2865 1228 eis
2879 1170 3180 1226 debriatur
3209 1171 3508 1227 mortifero
3531 1169 3809 1243 nequitia;

2161 1259 2480 1326 austu.Qui
2513 1260 2808 1315 dementia
2835 1264 2890 1315 et
2922 1259 3156 1316 herrore
3188 1259 3476 1316 diabolico
3507 1260 3805 1330 inretitus,

2158 1349 2340 1404 totius
2373 1349 2695 1404 divinitatis
2725 1348 3253 1421 expers,sapientiae
3280 1366 3473 1406 arcem
3513 1365 3804 1407 conscen-

2161 1438 2316 1494 disse
2346 1455 2408 1494 se
2437 1438 2701 1494 credidit.
2736 1438 2842 1506 Qui
2876 1438 3126 1510 patriam
3158 1439 3464 1511 repedans,
3495 1439 3806 1502 dominum

2161 1544 2358 1599 suum,
2391 1545 2563 1600 quem
2597 1526 2883 1600 singulari
2914 1527 3125 1583 affectu
3157 1527 3456 1600 diligebat,
3480 1527 3807 1586 subtilitate

2159 1617 2471 1673 verborum
2521 1617 2580 1672 in
2628 1615 2884 1696 herrori‘s
2933 1615 3085 1673 viam
3133 1617 3352 1674 sensim
3393 1618 3808 1690 ammonendo,

394 1709 494 1782 qui
526 1709 609 1766 sic
639 1713 940 1776 vocantur,
999 1706 1164 1762 Rollo
1217 1710 1274 1761 et
1311 1704 1539 1778 Angoth
1572 1708 1630 1759 et
1667 1703 1950 1804 Unbeina,
1983 1707 2048 1760 ut
2075 1743 2126 1809 Β
2158 1722 2357 1762 secum
2387 1705 2696 1762 adtrahere
2726 1705 3020 1779 cupiebat,
3051 1705 3374 1763 testiﬁcans
3431 1705 3809 1778 Aurelianum

393 1799 529 1856 inde
557 1797 888 1871 persolvant
915 1796 1168 1852 liberum
1209 1795 1530 1852 servitium.
1578 1793 1838 1850 Concedo
1871 1792 2046 1849 etiam

393 1889 466 1944 de
493 1888 700 1960 Torgis
729 1886 882 1943 Villa
900 1885 1142 1942 terciam
1165 1888 1414 1957 partem,
1439 1882 1772 1956 hospitibus
1793 1881 2046 1954 exceptis

393 1977 642 2045 duobus,
679 1977 912 2032 Suedan
967 1979 1025 2030 et
1053 1973 1353 2030 Anschetil
1407 1973 1594 2045 nigro,
1627 1989 1761 2027 cum
1811 1971 2046 2028 illorum

392 2065 623 2122 duabus
654 2063 880 2130 salinis,
915 2080 1062 2136 quos
1095 2080 1222 2118 meo
1256 2061 1450 2134 nepoti
1485 2061 1754 2116 Bosolino
1785 2060 2046 2116 concessi

393 2158 457 2210 ut
486 2155 556 2210 de
587 2154 695 2210 hoc
728 2153 1017 2226 persolvat
1051 2151 1291 2208 liberale
1321 2150 1622 2206 servitium
1647 2150 1859 2206 Sancto
1880 2150 2045 2205 Petro

392 2245 724 2300 Ceterorum
743 2239 1041 2314 hospitum
1066 2240 1285 2309 salinae,
1312 2257 1444 2296 cum
1469 2239 1723 2296 masuris
1745 2239 2046 2310 suis,quas

391 2332 608 2388 habent
639 2335 697 2388 in
731 2331 831 2386 illa
861 2331 1031 2386 tertia
1077 2334 1238 2402 parte
1271 2331 1341 2385 de
1389 2328 1594 2401 Torgis
1643 2327 1812 2394 Villa,
1847 2329 2042 2384 Sancti

392 2421 541 2477 Petri
585 2421 724 2476 sint.
774 2422 843 2476 Et
893 2437 1073 2476 unam
1121 2418 1492 2491 piscatoriam
1536 2418 1595 2472 in
1636 2417 1782 2472 mari
1832 2418 2042 2473 Sancto

392 2511 556 2566 Petro
587 2509 861 2576 concedo,
897 2514 955 2565 et
1004 2526 1188 2564 unum
1240 2507 1641 2563 melendinum
1701 2506 1759 2561 in
1812 2524 1876 2562 ea
1908 2507 2044 2562 villa

390 2617 517 2672 qua:
549 2599 764 2655 dicitur
793 2600 984 2654 Barna
1017 2598 1197 2654 Villa.
1231 2597 1290 2653 Si
1335 2597 1468 2669 quis
1497 2602 1690 2653 autem
1724 2595 2041 2668 supradicti

390 2687 657 2756 cmnobii,
688 2688 776 2744 vel
799 2689 982 2743 abbas
1011 2687 1098 2743 vel
1135 2686 1422 2754 minister,
1458 2685 1678 2758 aliquid
1714 2685 1893 2756 hujus
1940 2686 2041 2740 do-

391 2777 647 2833 nationis
668 2776 752 2832 vel
776 2781 964 2832 totum
988 2793 1091 2833 seu
1119 2775 1563 2831 vindideritsive
1580 2774 2041 2842 dederit,Sancto

393 2866 582 2935 Petro,
615 2866 709 2922 cui
741 2883 846 2938 ego
879 2866 1029 2922 dono
1061 2871 1117 2922 et
1149 2865 1245 2922 ille
1275 2864 1448 2933 tollit,
1483 2863 1770 2920 rationem
1802 2863 2042 2920 reddere

389 2960 650 3029 cogatur.
680 2957 887 3011 Amen.
923 2977 952 3005 ››

460 3045 776 3102 Sciendum
792 3061 926 3102 vero
943 3047 1032 3100 est
1062 3048 1181 3100 tam
1197 3043 1586 3117 praesentibus
1605 3060 1780 3115 quam
1804 3042 2039 3110 futuris,

2160 1796 2386 1863 urbem,
2403 1813 2517 1868 prae
2533 1795 2741 1851 ceteris
2763 1795 3018 1864 urbitus,
3035 1812 3341 1854 coruscare
3363 1794 3491 1852 luce
3511 1796 3810 1869 sapientia

2159 1889 2333 1956 atque
2366 1884 2696 1940 sanctitatis
2739 1884 3031 1957 lampade.
3057 1885 3119 1940 1n
3173 1886 3346 1958 cujus
3375 1885 3565 1942 verbis
3595 1886 3811 1942 domus

2159 1976 2308 2045 ejus,
2342 1973 2719 2030 intellectuali
2754 1973 3194 2046 auditu,ipsum
3222 1975 3633 2031 animadvertit
3663 1975 3812 2032 avia

2150 2063 2403 2136 justiciae
2453 2063 2708 2129 devium,
2739 2068 2798 2118 et
2835 2063 2950 2118 cito
2999 2063 3198 2118 comiti
3246 2063 3534 2120 Richardo
3566 2081 3808 2122 causam

2160 2152 2435 2223 innotuit,
2461 2157 2633 2224 atque
2675 2152 2897 2225 rogavit
2950 2157 3012 2208 ut
3060 2153 3349 2209 Rodberto
3397 2153 3540 2226 regi,
3570 2152 3806 2224 litteris,

2157 2247 2382 2314 pestem
2416 2241 2474 2296 in
2509 2258 2686 2315 regno
2728 2243 2860 2313 ejus
2889 2241 3080 2297 adhuc
3107 2240 3454 2310 latitantem,
3488 2247 3806 2315 antequam

2156 2335 2592 2404 propagaretur,
2609 2331 3049 2403 patefaceret,et
3079 2334 3143 2386 ut
3164 2347 3262 2387 rex
3293 2330 3481 2386 cidem
3509 2331 3798 2402 Arefasto,

2155 2421 2226 2477 ad
2243 2420 2644 2493 expellendum
2664 2437 2816 2492 eam,
2829 2424 3182 2492 oportunum
3205 2419 3486 2475 auxilium
3503 2437 3616 2477 non
3635 2421 3807 2477 dene-

2155 2514 2336 2583 garet.
2373 2511 2574 2582 Itaque
2608 2526 2726 2576 rex,
2761 2508 3061 2582 insperata
3092 2526 3152 2565 re
3185 2509 3488 2576 attonitus,
3508 2509 3810 2566 mandavit

2153 2603 2219 2656 ut
2251 2599 2404 2654 idem
2428 2600 2682 2670 vir,cum
2717 2597 2926 2654 clerico
2958 2599 3172 2666 suo,ad
3199 2597 3572 2654 Aurelianum
3595 2599 3804 2656 urbem

2155 2690 2268 2745 cito
2300 2705 2568 2762 gressum
2601 2686 2894 2759 dirigeret,
2920 2686 3198 2760 pollicens
3229 2687 3582 2744 omnimodis
3613 2688 3673 2744 in
3694 2688 3806 2746 bac

2154 2795 2214 2833 re
2264 2795 2438 2833 suum
2483 2776 2789 2834 auxilium.
2838 2777 3153 2849 Cumqum,
3199 2777 3445 2846 jubente
3493 2793 3646 2849 rege,
3696 2777 3810 2834 iter

2155 2871 2372 2941 ageret,
2406 2865 2673 2922 Carnotis
2725 2865 2974 2934 devenit,
3028 2865 3368 2922 Fulbertum
3413 2865 3808 2934 venerabilem

2155 2955 2480 3014 antistitem
2509 2973 2686 3028 super
2715 2955 2826 3011 hac
2858 2972 2918 3011 re
2949 2954 3467 3028 consulturus,qui
3490 2956 3633 3012 forte
3665 2960 3810 3012 tunc

2155 3047 2394 3112 aberat;
2447 3062 2587 3101 nam
2633 3045 2902 3110 Romam,
2954 3043 3144 3118 gratia
3207 3045 3508 3113 orationis,
3560 3045 3807 3102 abierat.

387 3135 665 3208 quoniam
698 3152 805 3192 nos
836 3116 1308 3205 contemporanei
1341 3132 1582 3189 Arefasti
1615 3133 1745 3188 illos
1776 3136 1892 3188 tres
1929 3132 2038 3188 mi-
2071 3116 2112 3182 C
2154 3140 2317 3193 Tunc
2340 3151 2578 3191 causam
2616 3134 2706 3190 sui
2739 3116 2980 3190 itineris
2999 3133 3231 3190 cuidam
3277 3133 3524 3207 sapienti
3570 3132 3802 3202 clerico,

387 3223 518 3281 lites
548 3242 698 3298 quos
728 3223 870 3280 dicit
901 3239 1028 3280 esse
1061 3223 1133 3278 ad
1181 3222 1552 3279 serviendum
1601 3221 1769 3277 nobis
1801 3221 1859 3276 in
1892 3221 2038 3277 Ham

386 3313 556 3380 Villa,
591 3331 696 3369 nec
725 3313 1045 3368 habuimus
1090 3329 1195 3367 nec
1240 3313 1529 3380 novimus,
1577 3316 1824 3384 prmpter
1854 3328 2039 3366 unum

387 3401 600 3468 solum,
643 3401 960 3475 Rogerium
1005 3400 1261 3466 nomine,
1312 3400 1434 3472 qui,
1489 3404 1553 3455 ut
1610 3417 1759 3470 reor,
1815 3405 2038 3472 septem

385 3491 592 3548 achras
640 3495 805 3546 terrae
838 3491 898 3545 in
943 3490 1230 3546 beneficio
1281 3506 1351 3545 ex
1397 3489 1702 3545 monachis
1754 3489 2034 3561 possidet.

386 3579 691 3636 Boselinus
719 3596 954 3652 quoque
986 3595 1167 3650 nepos
1203 3579 1352 3650 ejus,
1378 3595 1552 3651 quem
1581 3579 1726 3634 bene
1745 3578 2034 3646 novimus,

383 3667 443 3723 in
477 3666 688 3741 Turgis
717 3667 886 3736 Villa,
921 3667 1028 3723 hoc
1061 3667 1215 3739 quod
1246 3685 1281 3723 a
1311 3667 1480 3722 nobis
1503 3671 1699 3722 tenere
1731 3667 2038 3722 videbatur

384 3761 442 3814 et
469 3775 505 3814 a
537 3761 741 3830 patruo
772 3774 880 3813 suo
927 3757 1128 3812 datum
1177 3757 1386 3824 fuerat,
1440 3755 1760 3812 latrociniis
1807 3759 1864 3811 et
1907 3755 2036 3812 aliis

383 3846 665 3920 nequitiis
700 3847 784 3902 ita
816 3845 927 3902 fuit
974 3845 1281 3912 obnoxius,
1317 3850 1381 3902 ut
1423 3849 1612 3901 totum
1646 3844 1788 3900 illud
1821 3845 2035 3901 beneﬁ-

383 3935 537 3994 cium
571 3934 739 3991 nobis
780 3934 1136 4007 relinqueret
1163 3939 1222 3990 et
1253 3935 1312 3990 in
1359 3934 1616 4006 quodam
1661 3937 1842 4003 croto,
1866 3935 2037 4006 juxta

383 4023 710 4097 peribolum
760 4024 916 4096 quod
964 4023 1257 4079 edificavit
1313 4022 1662 4079 venerabilis
1712 4023 2034 4080 Landricus

383 4114 566 4169 abbas
593 4113 654 4168 in
699 4111 946 4169 circuitu
995 4112 1268 4181 coenobii,
1319 4129 1454 4168 cum
1485 4112 1643 4168 omni
1697 4113 1870 4168 domo
1903 4129 2032 4185 sua,

383 4201 805 4259 monachorum
838 4202 1150 4274 prehende,
1184 4219 1299 4258 non
1333 4219 1506 4274 parvo
1536 4200 1676 4258 vixit
1704 4206 1983 4273 tempore.

454 4291 708 4348 Rursum
739 4291 888 4363 (353)
919 4291 1074 4364 quod
1119 4290 1258 4346 duxi
1298 4291 1544 4363 dignum
1585 4289 1878 4346 memoriae
1910 4298 2033 4346 tra-

381 4379 640 4437 dendum
669 4380 742 4436 de
773 4380 1008 4454 praefato
1033 4378 1174 4448 viro,
1197 4378 1417 4436 scilicet
1435 4379 1718 4447 Arefasto,
1738 4380 2031 4452 quomodo

381 4469 439 4524 in
469 4469 777 4526 Aureliana
797 4468 1175 4536 urbe,divina
1201 4485 1307 4542 ope
1331 4469 1542 4540 suique
1569 4468 1788 4540 ingenii
1809 4467 2033 4525 salubri

381 4557 670 4626 acumine,
705 4557 1020 4616 hereticam
1070 4557 1415 4630 pravitatem
1456 4557 1704 4614 latenter
1733 4556 2029 4630 pullulan-

379 4651 519 4714 tem,
544 4648 914 4720 jamjamque
945 4664 1048 4719 per
1079 4646 1400 4704 Galliarum
1435 4645 1760 4719 provincias
1793 4647 2028 4702 nefandi

380 4736 650 4793 herroris
692 4754 915 4794 venena
943 4734 1198 4792 exitialia
1227 4735 1656 4808 propinantem,
1692 4752 1806 4791 non
1839 4735 2030 4792 solum

381 4823 846 4898 deprehenderit,
866 4826 967 4881 sed
985 4825 1160 4900 etiam
1189 4823 1428 4881 omnino
1458 4824 2033 4896 compresserit.Erat

382 4914 538 4970 enim
571 4915 640 4969 de
680 4930 888 4986 genere
933 4913 1212 4970 comitum
1259 4914 1750 4980 Normannorum,
1800 4913 2030 4986 eloquio

382 5002 628 5068 nitidus,
660 5002 904 5058 consilio
926 5002 1223 5074 providus,
1245 5001 1414 5058 bonis
1444 5001 1707 5058 moribus
1738 5007 2027 5076 comptus,

385 5107 452 5147 ac
482 5088 690 5146 iccirco
719 5089 1027 5164 legationis
1077 5091 1290 5157 officio,
1349 5095 1470 5146 tam
1503 5095 1644 5164 aput
1674 5092 2030 5148 Francorum

385 5195 581 5253 regem
607 5195 786 5251 quam
818 5183 959 5250 aput
985 5195 1271 5250 proceres,
1307 5179 1654 5236 notissimus
1686 5180 1893 5236 extitit.
1934 5181 2032 5238 llic

383 5267 443 5326 in
475 5267 692 5324 domno
723 5284 831 5324 sua
859 5267 1155 5340 quendam
1186 5267 1462 5324 clericum
1489 5268 1766 5326 habuisse
1797 5270 2030 5342 dicitur,

445 5386 604 5468 (ΨΒ)
636 5393 903 5468 fortasse
929 5390 1132 5449 l’Ome.
1165 5395 1230 5468 ut
1249 5391 1490 5468 coniicit
1507 5387 1583 5468 ρ,
1609 5393 1819 5468 Muley.

635 5465 809 5522 Deest
825 5464 945 5520 haec
977 5464 1235 5552 narratio
1265 5465 1335 5522 de
1359 5464 1702 5524 manicbieis
1739 5464 1799 5522 in
1837 5467 2036 5528 codice

565 5552 580 5592 1
611 5547 645 5593 a
674 5539 763 5594 est
791 5531 851 5594 in
883 5533 1093 5594 Scrint.
1129 5535 1358 5594 Franc..
1390 5539 1435 5594 t.
1466 5537 1535 5594 X.
1569 5555 1626 5594 ο.
1656 5537 1784 5594 536.

383 5529 645 5598 B.‘Edita
674 5539 763 5596 est
791 5531 851 5594 in
883 5533 1093 5615 Script.
1129 5535 1358 5610 Franc.,
1390 5539 1435 5598 t.
1466 5537 1535 5610 X,
1567 5555 1626 5615 p.
1656 5537 1784 5598 536.

2153 3226 2412 3283 Ebrardo
2439 3224 2694 3290 nomine,
2712 3223 3082 3280 Carnotensis
3109 3222 3378 3280 sacclesiaz
3410 3222 3802 3292 sacriscrinio,

2154 3314 2430 3379 innotuit,
2466 3313 2740 3385 ﬂagitans
2771 3312 2862 3369 sui
2892 3311 3118 3370 consilii
3145 3330 3338 3386 opem,
3370 3312 3621 3384 qualiter
3647 3317 3806 3370 stare

2153 3405 2387 3461 deberet
2418 3402 2474 3458 in
2509 3401 2654 3470 aeie,
2675 3407 2733 3458 et
2763 3401 2981 3474 quibus
3011 3401 3192 3458 armis
3222 3418 3284 3458 se
3316 3401 3572 3468 muniret
3598 3407 3809 3460 contra

2151 3492 2532 3550 multimodas
2563 3496 2716 3547 artes
2761 3491 3060 3548 diabolicae
3110 3491 3354 3559 fraudis,
3387 3490 3516 3560 Qui,
3549 3492 3806 3564 sapienti

2151 3599 2296 3640 usus
2327 3580 2744 3648 consilio,eum
2779 3581 3082 3654 perdocuit
3103 3585 3168 3637 ut
3183 3580 3808 3653 cotidie,primomane

2151 3671 2321 3729 Omni
2333 3669 2588 3743 potentis
2619 3687 2788 3742 opem
2814 3669 3170 3741 quaesiturus
3201 3669 3521 3726 ecclesiam
3560 3670 3809 3730 devotus

2152 3761 2356 3827 adiret,
2373 3758 2619 3816 orationi
2639 3759 3020 3825 incomberet,
3039 3763 3212 3831 atque
3227 3762 3631 3816 sacrossancta
3651 3777 3808 3818 com-

2149 3850 2431 3906 munione
2463 3847 2730 3920 corporis
2758 3852 2816 3904 et
2847 3849 3156 3921 sanguinis
3186 3848 3402 3904 Christi
3433 3865 3495 3904 se
3524 3848 3808 3918 muniret,

2147 3939 2356 3996 deinde
2369 3939 2616 3996 fidenter
2629 3938 2700 3994 ad
2725 3937 3080 3996 audiendum
3104 3937 3417 3994 hereticam
3431 3935 3806 4010 pravitatem,

2146 4027 2706 4102 signaculo‘sanctaa
2735 4026 2925 4084 crucis
2955 4031 3272 4100 protectus,
3301 4032 3584 4101 pergeret,
3619 4027 3804 4086 nichil

2144 4118 2355 4174 horum
2385 4133 2515 4189 quis
2548 4117 2621 4174 ab
2652 4115 2737 4172 eis
2756 4116 2987 4172 audiret
3007 4116 3456 4185 contradiceret;
3481 4121 3589 4186 set,
3609 4116 3801 4174 simu-

2142 4205 2259 4263 lato
2291 4205 2564 4278 discipuli
2600 4205 2787 4275 vultu,
2803 4205 3002 4263 omnia
3022 4205 3236 4264 tacitus
3256 4206 3315 4261 in
3337 4206 3592 4280 pectoris
3612 4206 3801 4263 dami-

2143 4297 2274 4353 cilio
2305 4297 2609 4352 conferret.
2866 4289 2877 4295 ’

2215 4384 2397 4458 Igitur
2423 4383 2751 4440 Aurelianis
2781 4384 3114 4452 deveniens,
3147 4384 3234 4440 uti
3285 4385 3529 4444 edoctus
3575 4385 3794 4459 fuerat,

2064 4493 2110 4560 Ι)
2144 4474 2355 4531 cotidie
2388 4491 2555 4530 sacra
2585 4473 3000 4530 communione
3032 4491 3098 4534 ac
3117 4473 3367 4547 supplici
3392 4473 3649 4532 oratione
3664 4491 3800 4532 mu-

2144 4563 2415 4630 nitus,ad
2447 4579 2648 4618 eorum
2679 4563 3002 4620 doctrinam
3035 4563 3380 4632 veniens,ad
3411 4563 3598 4619 instar
3624 4563 3796 4622 rudis

2142 4651 2437 4724 discipuli,
2455 4651 2722 4719 ultimus,
2741 4652 2899 4709 intra
2927 4653 3172 4710 domum
3204 4652 3644 4722 herroneorum,
3660 4651 3801 4710 ulti-

2143 4759 2278 4798 mus
2312 4740 2988 4812 adsidebatur.Cumque
3005 4742 3260 4813 primum
3284 4741 3614 4798 divinorum
3637 4741 3800 4798 volu-

2139 4835 2375 4890 mInum
2389 4829 2670 4903 exemplis
2699 4847 2832 4887 eum
2854 4835 2911 4886 et
2934 4831 3291 4903 quibusdam
3307 4847 3502 4890 rerum
3521 4830 3800 4888 similitu-

2141 4919 2380 4976 dinibus
2413 4919 2813 4991 informarent,
2833 4924 3025 4992 atque,
3043 4937 3202 4978 more
3231 4919 3471 4993 perfecti
3492 4918 3796 4993 discipuli,

2141 5008 2380 5066 subdita
2409 5026 2550 5066 aure
2581 5009 2871 5064 intentum
2900 5009 3185 5078 viderent,
3217 5011 3368 5066 inter
3387 5009 3544 5067 alias
3581 5009 3794 5066 simili-

2139 5098 2374 5155 tudines
2407 5097 2656 5154 silvestri
2679 5097 2904 5154 arboris
2934 5098 3385 5156 similitudinem
3398 5099 3448 5156 ei
3461 5099 3791 5172 proferunt.

2146 5210 2172 5239 α
2205 5187 2571 5244 Tractandus
2591 5186 2985 5258 es,inquiunt,
3002 5189 3214 5245 anobis
3228 5188 3478 5246 utarbor
3505 5187 3792 5244 silvestris

2141 5277 2242 5350 qui
2256 5276 2578 5334 translatus
2591 5275 2651 5331 in
2667 5275 2985 5346 viridiario,
3002 5277 3209 5334 tandiu
3235 5277 3406 5350 aquis
3416 5275 3794 5351 perfunditur

2209 5401 2372 5478 (4541
2385 5400 2523 5478 Sive
2551 5401 2781 5472 Lisovis,
2811 5415 2948 5460 cum
2976 5406 3290 5478 utramque
3318 5402 3629 5462 lectionem
3659 5417 3795 5476 pro-

2141 5475 2330 5534 ferant
2343 5472 2584 5532 'littem.
