3988 6072
153 244 272 306 269

1109 244 1366 308 VETUS
1411 245 1698 307 AGANO.
1731 279 1810 290 —
1837 244 1988 306 LIB.
2035 244 2136 308 Vl.
2183 246 2626 310 ARNULFUS.

3447 251 3569 312 9'10

155 375 380 433 dulfus.
413 375 598 450 Hugo.
623 373 989 436 Wascelinus
1010 375 1457 434 archidiaconus
1503 377 1804 447 Henricus,
1842 378 1884 448 Α
1924 377 2237 451 adquisivit
2283 396 2390 436 suo
2433 396 2638 436 cruore
2685 379 2979 452 precioso:
3013 379 3073 436 in
3103 397 3172 438 ea
3213 379 3370 438 enim
3401 399 3567 439 rena-

155 466 337 522 abbas
387 464 584 521 Sancti
631 465 913 521 Audoeni.
970 465 1292 523 Balduinus
1340 467 1806 524 archidiaconus.

153 553 1133 627 Heinricus,presbiteretdecanus.
1151 556 1436 613 Rodulfus
1449 556 1809 629 capellanus.

153 644 498 713 Herluinus,
517 643 690 700 levita
708 648 764 699 et
775 644 1112 700 canonicus.
1133 645 1433 702 Corbucio.
1453 646 1807 702 Willelmus.

151 733 511 790 Pascharius
559 732 914 806 capellanus.
949 733 1237 790 Rodulfus
1267 735 1338 791 de
1370 735 1581 791 Sancto
1629 737 1808 792 Sanc-

149 839 312 879 sone.
347 825 510 892 Atto,
555 821 729 878 levita
758 826 815 878 et
863 822 1220 895 capellanus.
1271 823 1808 897 Odo'prapositus.

147 912 290 978 Odo,
346 910 526 968 levita
571 915 629 967 et
674 910 1032 984 capellanus.
1083 912 1422 970 Osmundus
1468 914 1806 970 Tudeborti.

147 999 465 1074 Rogerius,
498 999 654 1056 filius
695 999 982 1057 Hunfridi.
1035 1000 1391 1058 Lescelinus.
1437 1001 1810 1059 Guimundus

144 1106 391 1163 parvus.
418 1089 722 1163 Rogerius,
738 1087 896 1145 ﬁlius
912 1089 1129 1146 Odonis
1152 1091 1528 1164 prapositide
1544 1091 1808 1148 Noiomo.

142 1179 425 1236 Albertus
457 1177 795 1236 hostiarius.
830 1177 1139 1246 Rodulfus,
1175 1179 1332 1259 filius
1361 1181 1610 1237 Osberti.
1637 1203 1664 1231 ››

726 1266 1143 1324 CAPITULUM
1171 1268 1240 1325 V.

419 1357 498 1414 De
528 1358 1027 1430 remtmpensatione
1062 1357 1279 1431 Amulﬁ
1309 1359 1541 1416 abbatis.

780 1447 965 1514 (Anno
990 1447 1186 1516 .1033.)

208 1559 238 1586 (ι
272 1535 436 1610 (157)
470 1535 533 1591 In
570 1535 804 1592 nomine
852 1535 1084 1592 Domini
1136 1537 1319 1592 nostri
1351 1536 1532 1594 Jhesu
1572 1535 1808 1594 Christi.

143 1627 258 1699 Ego
292 1626 485 1681 frater
500 1623 800 1693 Arnulfus,
833 1623 1030 1680 Sancti
1054 1625 1203 1680 Petri
1224 1625 1598 1683 Carnotensis
1619 1643 1810 1682 caeno-

1919 467 2141 524 scimur
2188 485 2290 541 per
2337 468 2710 540 baptismatis
2763 469 3122 537 lavachrum,
3174 487 3240 526 ac
3269 470 3328 525 in
3377 488 3444 527 ea
3475 489 3568 528 re-

1918 557 2219 630 surgimus
2249 575 2282 613 a
2311 563 2496 614 morte
2525 558 2734 614 anima
2765 576 2868 631 per
2890 559 3219 632 penitentia
3238 559 3488 625 luctum,
3513 563 3570 615 et

1919 650 2050 719 post
2076 647 2204 701 vitae
2234 647 2550 702 terminum
2574 652 2774 703 nostra
2803 646 3175 704 tumulantur
3199 649 3480 705 cadavera
3507 648 3568 703 in

1917 736 2046 807 ejus
2075 735 2313 791 atrium.
2352 736 2509 792 Hanc
2540 736 2806 792 Christus
2836 755 3015 809 supra
3039 738 3214 793 fidem
3239 754 3414 810 quam
3437 755 3570 794 con-

1916 825 2109 880 fessus
2130 831 2220 881 est
2235 825 2617 881 fidelissimus
2639 826 2840 881 Petrus
2864 827 3146 894 fundavit,
3163 827 3304 882 dum
3320 827 3568 884 Domino

1917 913 2088 970 dixit:
2127 916 2202 970 Tu
2223 930 2278 970 es
2309 913 2573 982 Christus,
2597 915 2774 970 Filius
2803 917 2902 971 Dei
2928 917 3060 971 vivi.
3095 917 3567 972 Fundamentum

1917 1001 2072 1060 enim
2106 1001 2266 1059 aliud
2297 1020 2467 1059 nemo
2498 1008 2688 1076 potest
2713 1021 2946 1076 ponere,
2978 1005 3261 1076 praterid
3287 1005 3442 1078 quod
3465 1021 3568 1078 po-

1918 1091 2098 1148 situm
2146 1096 2254 1158 est,
2311 1093 2466 1164 quod
2516 1096 2606 1149 est
2653 1092 2918 1148 Christus
2965 1093 3201 1151 Jhesus.
3254 1094 3403 1150 Sunt
3435 1110 3568 1150 vero

1917 1180 2071 1236 beati
2105 1180 2204 1253 qui
2247 1180 2529 1237 catholice
2557 1181 2798 1237 vivendo
2837 1181 3104 1237 habitant
3147 1181 3248 1250 ibi,
3292 1186 3360 1238 ut
3387 1181 3568 1238 David

1918 1269 2155 1327 cecinit:
2205 1271 2360 1326 Beati
2405 1272 2502 1342 qui
2543 1270 2800 1327 habitant
2828 1273 2889 1326 in
2936 1270 3093 1327 domo
3137 1279 3251 1339 tua,
3297 1273 3570 1329 Domine!

1917 1361 1976 1416 in
2001 1359 2185 1417 secula
2211 1360 2518 1415 seculorum
2562 1359 2864 1416 laudabunt
2890 1368 2958 1416 te.
2989 1360 3091 1416 His
3120 1359 3368 1432 aliisque
3397 1360 3570 1416 dictis

1919 1446 2735 1521 quampluribus,sanctorum
2757 1449 2931 1506 dictis
2972 1465 3038 1505 ac
3055 1466 3233 1506 sacra
3257 1448 3570 1521 Scriptura

1919 1537 2215 1610 mysteriis
2263 1537 2468 1594 edocta
2522 1541 2580 1592 et
2623 1538 2964 1604 ammonita,
3015 1555 3120 1612 ego
3181 1537 3569 1612 Hildegardis,

1916 1625 2343 1682 vicecomitissa
2402 1625 2790 1695 Castridunis,
2841 1627 2915 1682 do
2973 1625 3347 1684 sanctissimo
3405 1627 3570 1684 Petro

145 1715 242 1782 hii,
275 1713 422 1770 licet
443 1713 741 1788 indignus,
767 1714 971 1782 abbas,
995 1730 1129 1769 cum
1153 1714 1429 1771 fratribus
1453 1715 1629 1771 michi
1652 1731 1810 1772 com-
1845 1757 1890 1822 Β
1919 1714 2293 1772 Carnotensis
2317 1713 2566 1770 canobii
2589 1714 2826 1771 alodum
2852 1733 3045 1771 meum
3077 1716 3148 1772 de
3176 1715 3332 1771 Bello
3354 1716 3570 1786 Monte,

148 1803 378 1860 missis.
402 1803 620 1859 Notum
651 1819 778 1859 esse
798 1801 927 1859 volo
951 1803 1170 1869 nostris
1192 1805 1651 1873 successoribus,
1677 1804 1816 1877 quia
1845 1801 1890 1822 ”
1922 1820 2056 1860 cum
2087 1803 2258 1859 terris
2289 1802 2462 1859 cultis
2492 1808 2548 1858 et
2576 1801 2835 1870 incultis,
2858 1808 2916 1860 et
2944 1803 3104 1860 silvis
3125 1804 3573 1878 piscatoriisque

146 1910 249 1968 pro
282 1892 538 1950 caritate
566 1897 622 1948 et
650 1891 836 1948 multa
864 1891 1222 1966 benignitate
1252 1910 1428 1967 quam
1461 1897 1660 1952 nostro
1689 1892 1814 1950 loco

149 1989 202 2039 et
233 1981 418 2039 nobis
461 1981 747 2054 inpendit,
798 1986 1039 2054 propter
1084 1981 1363 2037 honorem
1396 1981 1592 2039 Sancti
1641 1982 1812 2051 Petri,

149 2070 580 2146 amplectenda
611 2070 904 2126 memoria
925 2070 1298 2143 archiprasul
1324 2071 1628 2144 Rotomagi
1650 2072 1818 2128 dom-

149 2179 262 2218 nus
296 2160 660 2227 Rodbertus,
692 2160 762 2215 de
790 2159 1050 2216 acclesia
1079 2159 1263 2216 nostri
1296 2159 1585 2232 siquidem
1619 2177 1816 2216 cano-

149 2251 251 2316 bii,
279 2251 359 2306 de
393 2266 516 2321 qua
545 2265 780 2305 omnem
810 2247 1143 2304 violentiam
1178 2247 1570 2305 archidiaconi
1594 2253 1650 2305 et
1678 2266 1815 2305 suc-

149 2355 463 2396 cessorum
489 2337 617 2408 ejus
648 2336 892 2393 removit
919 2336 978 2392 in
1012 2341 1381 2410 perpetuum,
1433 2337 1584 2394 sicut
1613 2338 1674 2393 in
1719 2356 1816 2394 ar-

148 2429 318 2485 chivo
351 2431 560 2483 nostro
583 2425 929 2492 continetur,
951 2426 1233 2499 scriptum
1253 2427 1405 2499 quod
1431 2426 1667 2499 quidem
1691 2427 1816 2501 ipse

148 2519 498 2591 frequenter
535 2515 929 2572 nominandus
977 2515 1354 2590 archiprasul
1385 2517 1638 2572 domnus
1672 2503 1819 2573 Rod-

148 2607 357 2663 bertus
409 2621 609 2661 coram
641 2620 705 2660 se
754 2603 930 2660 scribi
961 2604 1098 2660 fecit
1145 2608 1202 2660 et
1252 2605 1421 2662 nobis
1465 2606 1814 2662 servandum

149 2700 441 2769 perpetuo
474 2693 755 2762 contulit;
787 2709 890 2766 pro
919 2693 1049 2759 hac,
1082 2693 1346 2766 inquam,
1386 2694 1639 2770 benigna
1669 2695 1816 2751 cari-

150 2789 289 2852 tate,
328 2787 546 2839 notum
573 2799 699 2839 esse
719 2781 1009 2850 volumus,
1033 2781 1172 2856 quia
1191 2787 1491 2856 gratanter
1510 2783 1817 2840 constitui-

150 2891 285 2929 mus
321 2876 510 2945 atque
549 2870 901 2940 sanccimus,
943 2875 1026 2940 ut,
1062 2889 1164 2944 pro
1196 2872 1395 2928 anima
1423 2874 1571 2944 ejus,
1609 2874 1679 2930 ab
1709 2873 1818 2930 hac

151 2963 241 3019 die
271 2962 339 3018 in
373 2966 680 3028 aternum,
713 2977 869 3016 unus
899 2977 1121 3034 pauper
1148 2961 1410 3033 quotidie
1441 2963 1617 3034 pedes
1659 2961 1820 3018 lave-

151 3057 268 3118 tur,
305 3049 632 3117 reﬁcietur,
663 3049 829 3106 vivus
877 3054 1240 3122 procuretur,
1279 3055 1546 3107 mortuus
1575 3051 1818 3124 sepelia-

1922 1891 2139 1948 ibidem
2173 1891 2621 1965 pertinentibus,
2657 1893 3010 1949 assentiente
3039 1898 3097 1950 et
3127 1899 3421 1950 annuente
3452 1892 3572 1950 filio

1923 1998 2054 2037 meo
2086 1981 2346 2054 Hugone,
2400 1980 2834 2054 archiepiscopo
2885 1983 3276 2044 Turonorum.
3305 1981 3575 2038 videlicet

1923 2087 1990 2126 eo
2044 2074 2243 2126 tenore
2300 2087 2440 2142 quo,
2490 2075 2622 2142 post
2677 2071 2895 2126 exitum
2945 2087 3164 2140 meum,
3217 2071 3465 2144 sepeliar
3512 2070 3574 2126 in

1925 2157 2248 2215 claustrum
2279 2159 2722 2226 monachorum,
2747 2163 2812 2214 ut
2833 2176 3065 2231 semper
3082 2165 3453 2217 transeuntes
3475 2177 3574 2216 su-

1923 2264 2028 2321 per
2055 2263 2253 2303 meum
2296 2245 2592 2303 tumulum
2623 2251 2789 2303 orent
2817 2265 2920 2320 pro
2953 2265 3046 2304 me
3067 2249 3308 2322 jugiter.
3341 2249 3460 2305 Hoc
3489 2248 3574 2304 vi-

1925 2337 2138 2393 derunt
2167 2341 2224 2392 et
2251 2341 2586 2392 annuerunt
2632 2336 3117 2395 Castridunenses
3149 2355 3436 2410 proceres,
3469 2337 3571 2410 qui

1925 2430 2064 2482 sunt
2106 2425 2310 2498 scripti
2357 2425 2580 2482 subter.
2615 2425 2673 2482 Si
2717 2425 2852 2498 quis
2887 2443 3018 2483 vero
3057 2442 3126 2483 ex
3148 2425 3419 2500 progenie
3440 2443 3574 2484 mea

1924 2519 2026 2571 aut
2056 2513 2207 2570 alius
2237 2515 2488 2582 invasor,
2521 2514 2778 2571 stimulis
2806 2514 2893 2569 vel
2927 2515 3156 2589 sagittis
3185 2516 3571 2589 exsagittatus

1925 2602 2251 2670 diabolicis,
2301 2603 2419 2658 vim
2451 2603 2649 2659 fecerit
2697 2604 3021 2673 monachis,
3061 2609 3118 2660 et
3163 2605 3568 2674 elemosinam,

1926 2709 2102 2766 quam
2135 2694 2348 2749 Sancto
2379 2693 2544 2749 Petro
2575 2692 2727 2761 dedi,
2761 2710 3133 2766 quocumque
3163 2695 3335 2750 modo
3366 2695 3573 2750 abstu-

1926 2780 2078 2848 lerit,
2097 2783 2231 2837 dam
2239 2781 2515 2854 pnatione
2538 2781 2892 2854 dampnatus
2909 2787 3208 2856 perpetua,
3221 2787 3421 2856 pereat
3441 2800 3576 2839 cum

1931 2871 2152 2927 Dathan
2184 2875 2241 2926 et
2259 2871 2475 2927 Abiron
2497 2875 2554 2926 et
2574 2873 2742 2927 Anna
2761 2875 2819 2927 et
2839 2870 3058 2944 Caipha
3078 2889 3094 2940 ;
3118 2871 3579 2944 auctoritateque

1926 2958 2032 3016 filii
2053 2959 2166 3016 mei
2185 2958 2615 3032 archiprasulis
2637 2959 3432 3032 Hugonisanathematizatus
3454 2977 3576 3034 per-

1930 3053 2180 3104 maneat.
2208 3049 2370 3120 Hugo
2401 3047 2800 3120 archiprasul.
2833 3047 3145 3116 Gausfridi,
3170 3048 3399 3122 nepotis
3421 3051 3572 3122 ejus.

151 3147 278 3209 tur;
308 3137 624 3212 oportunis
645 3139 853 3195 diebus
884 3138 1150 3212 psalmus
1171 3139 1229 3194 in
1253 3145 1532 3196 conventu
1562 3139 1820 3213 plenario
1849 3125 1891 3193 C
1931 3136 2554 3205 Huberti.Godescalci,
2587 3135 2690 3192 ﬁlii
2721 3137 2869 3208 ejus.
2907 3137 3165 3207 Huberti,
3199 3137 3572 3194 thesaurarii.

153 3248 257 3303 pro
291 3245 364 3286 eo
398 3233 696 3284 cantetur:
746 3228 1025 3284 Exaudiat
1053 3235 1102 3284 te
1137 3229 1419 3296 Dominus,
1453 3231 1513 3285 in
1540 3230 1670 3298 die;
1717 3246 1820 3303 per

153 3317 431 3392 singulas
465 3317 827 3374 ebdomadas
858 3316 1040 3373 missa
1082 3334 1184 3390 pro
1216 3334 1282 3374 eo
1313 3317 1642 3390 specialiter
1672 3318 1814 3376 cele—

151 3409 386 3474 bretur,
439 3422 576 3462 cum
629 3405 890 3480 plenario
938 3411 1243 3462 conventu.
1295 3407 1476 3463 Multa
1517 3407 1673 3464 enim
1707 3407 1821 3464 alia

151 3503 377 3570 prater
401 3495 529 3551 hac
549 3495 830 3552 beneficia
861 3495 1032 3552 nobis
1061 3495 1308 3568 largitus
1337 3499 1446 3563 est,
1472 3513 1598 3569 qua
1623 3497 1822 3553 omnia

152 3587 266 3643 sibi
303 3589 726 3657 recumpenset
767 3601 947 3640 manu
996 3584 1421 3658 benignissima
1467 3585 1565 3658 qui
1595 3585 1737 3642 vivit
1765 3591 1822 3643 et

153 3679 374 3750 regnat
405 3691 564 3730 unus
596 3674 750 3730 Deus
793 3673 854 3728 in
885 3672 1170 3730 Trinitate
1204 3675 1476 3746 perfecta.
1509 3675 1580 3731 Et
1609 3681 1672 3731 ut
1700 3675 1822 3732 hac

151 3763 614 3838 reconpensatio
641 3763 810 3818 firma
838 3768 1176 3837 permaneat
1205 3763 1264 3818 in
1295 3762 1512 3833 secula,
1547 3764 1822 3822 manibus

152 3853 383 3911 nostris
413 3857 476 3909 et
525 3851 862 3908 nominibus
909 3853 1407 3921 confirmavimus,
1441 3857 1498 3909 et
1534 3853 1593 3909 in
1625 3857 1822 3912 nostro

155 3960 338 4000 aureo
375 3945 538 3998 textu
561 3941 748 3998 sancti
780 3941 1095 4014 Evangelii,
1120 3942 1190 3998 ad
1211 3941 1542 3999 inviolabile
1562 3943 1823 4001 testimo-

156 4034 351 4100 nium,
379 4029 632 4104 posteris
649 4029 866 4087 nostris
889 4030 1064 4086 scribi
1089 4031 1518 4088 mandavimus.
1545 4032 1826 4090 Arnulfus

155 4123 371 4179 abbas.
404 4119 706 4176 Ebrardus
741 4119 1087 4176 monachus.
1123 4120 1496 4194 Beringarius
1543 4122 1823 4179 decanus.

157 4209 481 4267 Richerius
503 4208 848 4265 monachus.
869 4208 1249 4265 Marchuinus
1271 4211 1614 4266 monachus.
1636 4211 1826 4268 Gaus-

158 4301 370 4356 bertus
403 4297 753 4354 monachus.
789 4298 1114 4354 Rodbertus
1145 4299 1492 4356 monachus.
1531 4299 1828 4357 Hubertus

158 4386 808 4445 monachus.Letaldus
821 4387 1165 4443 monachus.
1183 4387 1466 4461 Rogerius
1480 4389 1824 4446 monachus.

159 4476 566 4535 Guinefredus
587 4475 932 4532 monachus.
965 4477 1254 4533 Berardus
1284 4478 1630 4536 monachus.
1655 4501 1684 4530 ››

727 4564 1147 4621 CAPITULUM
1177 4565 1273 4622 Vl.

530 4654 607 4710 De
632 4652 791 4710 alodo
831 4653 1022 4710 Calidi
1067 4655 1272 4710 Montis
1305 4655 1474 4729 (158).

760 4742 949 4812 (Circa
976 4760 1030 4799 a.
1064 4743 1251 4812 1020.)

236 4857 266 4883 α
302 4831 456 4904 (159)
489 4835 552 4887 In
601 4831 841 4888 nomine
891 4836 1103 4887 sancta
1135 4836 1191 4888 et
1234 4831 1546 4889 individua
1577 4833 1834 4891 Trinita-

161 4923 264 4990 tis,
331 4920 525 4976 Patris
572 4925 630 4976 et
674 4919 800 4976 Filii
847 4924 904 4976 et
955 4920 1208 4993 Spiritus
1268 4921 1478 4978 sancti.
1532 4922 1835 4980 Catholica

159 5026 423 5082 vereque
455 5008 660 5065 matris
683 5007 952 5065 acclesia
977 5009 1213 5083 populis
1244 5009 1303 5066 in
1327 5010 1678 5068 Christicolis
1708 5012 1836 5068 laus

158 5114 412 5170 semper
439 5096 616 5171 viget,
666 5097 973 5171 vigeatque
1017 5098 1332 5171 perhenne.
1370 5100 1489 5155 Hoc
1518 5105 1713 5156 autem
1748 5101 1834 5156 di-

156 5187 530 5262 gnissimum
547 5188 777 5258 justum
797 5203 1030 5260 quoque
1043 5193 1217 5256 extat,
1242 5189 1524 5261 quoniam
1543 5192 1632 5245 est
1651 5195 1838 5246 mater

159 5280 396 5343 nostra,
431 5274 644 5332 Christi
693 5293 825 5334 vero
876 5275 1110 5333 Domini
1151 5277 1333 5334 nostri
1367 5294 1608 5350 sponsa,
1658 5295 1835 5352 quam

242 5400 397 5474 ([57)
427 5399 591 5474 Hanc
605 5399 869 5474 chartam
898 5401 1084 5459 habes
1105 5403 1324 5460 editam
1352 5401 1414 5458 in
1447 5401 1586 5460 Gali.
1614 5402 1836 5474 Ghrist.,

161 5476 208 5530 ι,
245 5471 400 5538 VIII,
433 5471 600 5540 inst.,
635 5472 745 5528 col.
776 5474 903 5532 298.

243 5543 398 5619 (158)
427 5543 501 5602 B:
533 5543 610 5602 De
636 5543 793 5606 alodo
818 5547 966 5607 Belli
994 5545 1212 5606 Montis.

1926 3226 2434 3283 Cinomannensis.
2489 3225 2742 3292 Radulfi,
2786 3224 2932 3300 legis
2962 3226 3138 3282 docti.
3172 3226 3430 3284 Fulcadi.
3463 3227 3576 3284 Ga-

1925 3314 2141 3371 thonis.
2167 3315 2384 3371 Odonis
2406 3313 2680 3370 Brunelli.
2707 3314 2946 3371 Huberti
2967 3315 3246 3374 Brunelli.
3270 3315 3576 3390 Helgaudi,

1927 3403 2032 3460 filii
2090 3403 2530 3476 archiepiscopi.
2579 3403 2862 3478 Helgaudi
2912 3405 3094 3478 Nigri.
3136 3404 3418 3464 Gradulﬁ.
3455 3406 3576 3462 Fir-

1929 3493 2070 3549 mati
2102 3492 2387 3549 canonici.
2421 3492 2728 3550 Frederici.
2765 3493 3022 3567 Bugonis
3049 3493 3270 3551 vicarii.
3299 3493 3577 3552 Bernardi

1928 3583 2001 3639 de
2017 3581 2212 3639 Buslo.
2234 3583 2265 3640 J
2275 3581 2574 3656 unanigui,
2585 3583 2608 3655 j
2620 3600 2760 3639 ussu
2773 3583 3217 3658 archiepiscoPi,
3229 3583 3337 3642 has
3352 3583 3578 3642 litteras

1929 3671 2084 3730 fecit.
2107 3693 2137 3724 ››

2461 3759 2876 3818 CAPITULUM
2923 3761 3045 3819 VII.

2211 3851 2288 3908 De
2323 3851 2623 3907 exclusatio
2649 3851 3089 3909 molendinorum
3115 3852 3292 3910 Aneti.

2519 3942 2686 4008 (Ante
2715 3958 2768 3996 a.
2803 3942 2986 4012 1034.)

2005 4051 2032 4079 ‹‹
2066 4029 2129 4085 In
2162 4027 2397 4085 nomine
2428 4034 2640 4085 sancta
2673 4033 2731 4086 et
2773 4029 3084 4087 individua
3114 4031 3437 4102 Trinitatis,
3471 4031 3582 4089 Pa-

1933 4117 2042 4175 tris
2073 4116 2337 4174 videlicet
2366 4121 2424 4174 et
2469 4117 2596 4174 Filii
2627 4123 2685 4174 et
2723 4118 2977 4192 Spiritus
3024 4121 3228 4179 sancti.
3264 4122 3382 4196 Ego
3413 4121 3584 4179 miles

1933 4206 2099 4277 Urso,
2133 4205 2291 4263 ﬁlius
2323 4207 2642 4263 Germundi
2675 4208 2746 4264 de
2777 4207 2998 4265 Aisiaco
3029 4213 3232 4266 notum
3264 4227 3392 4267 esse
3422 4210 3585 4267 volu-

1935 4313 2069 4352 mus
2087 4295 2362 4352 omnibus
2375 4295 2724 4352 Christianis
2745 4299 3132 4368 prasentibus
3152 4303 3328 4372 atque
3349 4299 3582 4367 futuris,

1937 4385 2075 4458 quia
2087 4384 2457 4441 medietatem
2470 4385 2542 4440 de
2558 4384 2874 4443 exclusatio
2897 4387 3365 4444 molendinorum
3389 4387 3587 4444 Sancti

1858 4500 1906 4564 D
1937 4475 2088 4530 Petri
2119 4473 2492 4530 Carnotensis
2528 4475 2815 4564 iccenobii,
2869 4476 2970 4547 qui
3021 4480 3160 4532 sunt
3210 4476 3282 4532 ad
3311 4478 3585 4544 Anetum,

1936 4581 2114 4638 quam
2145 4579 2312 4619 meus
2342 4580 2485 4620 avus
2509 4563 2749 4619 dederat
2780 4565 2990 4620 Sancto
3011 4568 3180 4621 Petro
3211 4569 3268 4621 et
3297 4566 3410 4621 mei
3433 4568 3590 4621 ante-

1941 4667 2202 4709 cessores
2241 4651 2759 4721 auctorizaverunt,
2793 4656 2850 4708 et
2877 4668 2982 4726 ego
3013 4669 3117 4726 per
3144 4652 3367 4710 malum
3397 4652 3588 4710 consi-

1941 4741 2087 4799 lium
2121 4739 2543 4810 calumniabar,
2598 4740 2671 4797 ab
2701 4740 2810 4797 hac
2841 4741 2953 4811 die,
2988 4742 3199 4799 Sancto
3231 4742 3396 4800 Petro
3427 4741 3590 4814 quie-

1943 4836 2071 4888 tum
2104 4829 2356 4899 dimitto,
2390 4835 2456 4886 ut
2483 4834 2541 4886 et
2569 4847 2674 4904 ego
2705 4834 2932 4904 partem
2962 4830 3210 4888 habeam
3239 4832 3300 4888 in
3329 4830 3594 4889 elemosi-

1943 4939 2080 4977 nam
2109 4937 2373 4976 meorum
2405 4923 2862 4976 antecessorum.
2889 4922 2958 4977 Et
2988 4925 3053 4977 ut
3082 4921 3204 4976 hac
3235 4921 3452 4978 noticia
3471 4937 3595 4994 per-

1945 5014 2180 5066 maneat
2211 5010 2401 5077 firma,
2434 5025 2536 5064 vos
2577 5008 2837 5064 seniores
2867 5010 2937 5066 de
2961 5010 3208 5066 Castello
3237 5010 3502 5076 Ebriaco,
3532 5009 3594 5066 in

1944 5115 2194 5170 quorum
2244 5096 2552 5170 praesentia
2597 5097 2709 5154 hoc
2760 5098 2928 5167 facio,
2979 5102 3159 5156 testes
3187 5098 3330 5154 estis
3384 5101 3598 5156 Sancto

1945 5188 2133 5254 Petro,
2157 5187 2296 5260 quia
2316 5203 2420 5261 ego
2445 5203 2625 5244 manu
2647 5203 2779 5243 mea
2803 5187 2964 5244 illam
2996 5187 3244 5256 ﬁrmavi,
3276 5191 3333 5243 et
3351 5190 3426 5243 ad
3456 5203 3604 5257 quos

1945 5274 2274 5349 pertinebat
2336 5275 2800 5334 coroborandam
2865 5276 3165 5351 proposui.
3225 5277 3285 5333 S.
3346 5273 3608 5341 Ursonis,

2018 5399 2172 5473 (159)
2232 5399 2661 5473 Publici_juris
2732 5399 2894 5473 facta
2939 5406 3032 5459 est
3089 5399 3295 5458 eharta
3347 5396 3413 5456 in
3470 5396 3609 5455 Gall.

1949 5468 2180 5547 carm.)
2209 5478 2252 5531 t.
2281 5472 2432 5544 VllI,
2463 5468 2668 5546 instr.,
2696 5470 2807 5529 col.
2837 5471 2964 5530 295.
