3988 6072
456 256 570 318 271

1346 254 1582 320 PAULI
1629 253 1696 316 S.
1741 254 1975 318 PETRI
2020 254 2567 318 CARNOTENSIS
2611 253 2985 318 MONACHI.

3747 256 3864 317 272
3901 326 3904 327 ν

455 389 561 448 ﬁlii
595 388 935 456 Germundi,
967 386 1068 460 qui
1108 387 1262 444 hanc
1291 390 1514 442 cartam
1562 386 1688 441 fieri
1720 385 1922 456 jussit.
1968 387 2104 442 Ger-
2136 387 2189 452 Α
2219 385 2502 442 decimam
2537 404 2571 442 a
2600 386 2774 454 cocis,
2811 403 2908 442 seu
2941 403 2975 442 a
3005 384 3420 458 piscatoribus,
3470 401 3648 458 super
3674 385 3860 459 ripam

455 477 662 534 mundi
693 477 1070 534 vicecomitis.
1098 475 1377 550 llugouis,
1403 474 1696 548 przepositi
1721 474 1933 532 clerici.
1968 475 2104 531 Ger-

451 567 592 624 vini.
627 567 869 635 Aitardi,
926 566 1092 622 fratis
1135 565 1475 631 Germundi,
1528 565 1629 636 qui
1673 563 1823 620 hanc
1883 569 2102 620 cartam

455 656 610 714 fecit.
643 656 881 722 Odonis,
918 654 1022 710 filii
1063 653 1313 711 Ascelini
1368 653 1622 712 Bordeti.
1671 653 1954 725 Hugonis,
1989 653 2101 709 fra-

450 746 557 802 tris
574 745 723 817 ejus.
754 745 1024 800 Bodonis.
1050 743 1287 810 Odonis,
1312 742 1417 798 filii
1442 743 1758 815 l‘tagenadi.
1791 742 2098 814 Borgereti.

450 833 766 902 Guillelmi,
799 833 903 888 filii
929 831 1285 899 Guascelini,
1321 837 1476 886 recto
1511 831 1745 886 nomine
1777 831 2042 888 Achardi.
2071 853 2099 881 »

975 920 1391 978 CAPITULUM
1422 919 1573 976 VIII.

633 1014 708 1070 De
739 1019 886 1068 terra
912 1011 1041 1067 data
1072 1011 1132 1066 in
1161 1011 1296 1066 villa
1328 1025 1453 1083 qua:
1481 1009 1688 1066 dicitur
1710 1011 1905 1066 Pinus.

1035 1100 1198 1172 (Ante
1231 1116 1284 1156 a.
1318 1099 1499 1170 1034.)

519 1212 547 1241 α
581 1190 644 1246 In
676 1188 892 1246 Christi
923 1188 1179 1246 nomine.
1215 1189 1330 1260 Ego
1363 1187 1535 1244 miles
1565 1187 1858 1244 Guarinus
1893 1188 1963 1243 de
2009 1204 2098 1243 ca-

443 1282 565 1336 stro
597 1279 832 1347 D-rocas,
864 1277 1022 1334 ﬁlius
1051 1277 1322 1345 Alberici,
1357 1277 1564 1334 militis
1597 1276 1914 1350 Ragenoldi
1945 1276 2093 1332 vice-

441 1367 684 1436 domini,
716 1371 921 1426 notum
952 1384 1082 1424 esse
1109 1365 1236 1424 volo
1267 1366 1544 1424 omnibus
1569 1365 1917 1422 Christianis
1949 1382 2092 1438 prie-

439 1456 703 1514 sentibus
734 1460 907 1529 atque
940 1455 1173 1524 futuris,
1222 1454 1472 1528 qualiter
1503 1455 1714 1511 Sancto
1758 1455 1924 1510 Petro
1957 1454 2093 1510 Car-

438 1546 666 1603 notensi
717 1545 998 1615 ccenobio,
1049 1544 1145 1601 cui
1190 1543 1539 1601 venerabilis
1584 1543 1766 1600 abbas
1816 1543 2092 1600 Arnulfus

437 1639 664 1706 praeest,
695 1652 799 1708 pro
817 1633 1014 1690 anima
1035 1651 1164 1690 mea
1182 1632 1270 1689 vel
1291 1636 1599 1706 parentum
1627 1649 1912 1700 meorum,
1937 1633 2090 1688 dono

433 1722 672 1780 alodum
727 1740 921 1780 meum
973 1723 1032 1778 in
1065 1739 1212 1796 pago
1245 1721 1595 1778 Drocassino
1629 1722 1700 1776 ad
1731 1721 1929 1780 villam
1962 1739 2090 1794 quae

430 1817 671 1870 vocatur
701 1813 901 1880 Pinus,
951 1818 1240 1884 quantum
1273 1811 1494 1868 sufficit
1528 1811 1602 1866 ad
1633 1811 1780 1867 duos
1813 1811 1986 1867 boves
2017 1812 2087 1866 ad

432 1919 638 1960 omnes
697 1902 951 1958 sationes
977 1920 992 1971 ;
1043 1919 1110 1958 ea
1140 1901 1362 1956 ratione
1394 1905 1460 1955 ut
1489 1901 1750 1973 quandiu
1781 1899 1970 1955 vixero
2003 1905 2086 1957 te-

434 2008 602 2046 neam
633 1990 793 2048 illam
821 1996 1055 2058 terram,
1081 1989 1561 2045 etinvestituram
1596 1988 1806 2046 habeat
1836 1989 2085 2045 Sanctus

431 2080 636 2135 Petrus
666 2084 726 2136 et
755 2079 947 2151 campi
973 2083 1198 2150 partem
1228 2082 1287 2134 et
1306 2078 1594 2132 decimam
1628 2077 1697 2132 de
1720 2094 1813 2132 me
1843 2077 1995 2132 sicut
2016 2079 2084 2134 de

429 2186 546 2224 uno
578 2173 870 2228 extraneo.
904 2169 973 2224 Et
1002 2172 1067 2222 ut
1093 2167 1212 2223 haec
1243 2166 1458 2222 noticia
1485 2165 1560 2222 sit
1582 2166 1806 2222 firmior
1835 2184 1936 2240 per
1957 2183 2082 2224 om-

430 2259 546 2326 nia,
580 2257 728 2314 meis
760 2256 1032 2313 manibus
1063 2256 1235 2312 istam
1265 2260 1484 2312 cartam
1508 2255 1676 2329 posui
1700 2273 1876 2328 super
1900 2255 2080 2312 altare

429 2345 625 2403 Sancti
658 2346 830 2414 Petri,
883 2345 1217 2402 videntibus
1247 2344 1341 2402 his
1382 2361 1631 2418 quorum
1664 2344 1904 2400 nomina
1932 2345 2077 2401 sub-

426 2435 642 2508 scripta
672 2440 816 2492 sunt
843 2440 901 2491 et
929 2434 1058 2490 aliis
1091 2433 1567 2506 quamplurimis.
1600 2434 1670 2490 Et
1699 2438 1900 2506 postea
1929 2434 2077 2490 Dro-

423 2541 542 2592 cas,
576 2524 910 2582 videntibus
941 2529 997 2578 et
1027 2524 1425 2580 annuentibus
1447 2523 1593 2578 meis
1624 2521 1952 2578 senioribus
1985 2523 2078 2580 Ri-

423 2613 597 2670 boldo
646 2619 706 2670 et
751 2612 1031 2681 Ansoldo,
1062 2617 1120 2668 et
1149 2611 1576 2669 contribulibus
1620 2611 1766 2668 meis
1821 2612 1919 2684 qui
1969 2614 2071 2668 ad-

420 2705 606 2770 erant,
641 2701 748 2762 feci
779 2701 996 2775 legere:
1021 2707 1075 2756 et
1099 2701 1451 2758 monachum
1473 2701 1663 2755 Sancti
1684 2701 1830 2757 Pctri
1857 2701 1990 2757 misi
2011 2702 2068 2758 in

419 2790 678 2858 alodum,
709 2791 831 2848 vice
853 2791 1049 2848 Sancti
1076 2790 1244 2858 Petri,
1269 2794 1327 2846 et
1349 2789 1442 2846 ille
1468 2806 1562 2846 me
1591 2791 1766 2858 foras,
1803 2790 1954 2846 sicut
1979 2796 2069 2848 est

415 2881 796 2940 consuetudo.

482 2974 548 3026 In
580 2970 918 3044 supradicta
961 2968 1119 3037 villa,
1164 2973 1296 3041 post
1325 2968 1512 3025 multa
1560 2968 1851 3026 curricula
1882 2987 2064 3026 anno-

410 3076 564 3127 rum,
599 3059 841 3132 quidam
889 3058 1216 3118 monachus
1248 3057 1446 3115 Sancti
1477 3058 1650 3125 Petri,
1694 3058 2063 3133 Hildegarius

2214 475 2514 548 Sequanis,
2549 475 2868 549 supradicti
2892 474 3160 531 monachi
3184 472 3526 547 reciperent,
3557 492 3671 531 non
3695 477 3863 533 edere

2213 581 2401 636 neque
2428 565 2692 621 Carnotis
2715 565 2993 620 fratribus
3017 564 3245 619 mittere
3275 569 3505 636 gratum
3531 581 3656 620 esse
3687 566 3861 622 dure-

2211 654 2389 723 bant;
2425 659 2532 722 set,
2584 653 2815 726 publice
2860 671 3059 709 eorum
3093 651 3351 726 precium
3383 654 3454 708 ab
3501 653 3862 727 emptoribus

2211 742 2582 814 accipientes,
2618 743 2677 797 in
2709 742 2834 809 suis
2883 743 3258 798 conferebant
3288 743 3604 798 crumenis.
3637 743 3717 798 Ex
3746 761 3861 816 quo

2209 847 2380 904 opere
2412 832 2482 887 ab
2517 831 2672 887 omni
2707 831 2874 904 plebe
2905 830 3067 887 urbis
3099 831 3195 886 Osi
3233 835 3374 904 aput
3404 831 3675 887 comitem
3709 833 3867 888 fama

2207 920 2482 992 pervolat,
2519 938 2552 975 a
2577 937 2692 993 quo
2731 920 2932 988 etiam,
2962 925 3198 993 propter
3226 919 3384 976 hunc
3415 920 3674 977 avarieize
3706 939 3866 978 mor-

2207 1008 2369 1077 bum,
2415 1009 2570 1082 jussi
2619 1013 2760 1065 sunt
2791 1027 2821 1064 a
2851 1008 2977 1065 loco
3028 1009 3241 1082 egredi.
3289 1010 3483 1066 Abbas
3529 1027 3682 1078 vero,
3717 1011 3863 1070 dum

2203 1097 2362 1165 vixit,
2397 1098 2558 1156 nullo
2590 1099 2760 1154 modo
2791 1098 3088 1154 tramitem
3120 1098 3330 1170 regulae
3353 1116 3385 1154 a
3406 1116 3698 1174 quoquam
3725 1117 3863 1174 pas-

2204 1203 2308 1242 sus
2327 1192 2417 1244 est
2439 1188 2686 1256 deviari;
2723 1192 2829 1243 set.
2854 1187 2981 1260 ipso
3012 1187 3242 1260 praevio,
3278 1205 3480 1244 omnes
3513 1188 3860 1261 magistram

2203 1277 2600 1348 sequebantur
2649 1273 2932 1348 regulam,
2988 1281 3045 1332 et
3097 1276 3372 1348 operibus
3426 1277 3604 1332 variis
3649 1277 3860 1333 diatim

2202 1364 2521 1425 afﬂuebant
2548 1364 2606 1420 in
2635 1365 2900 1422 Domino.
2925 1363 3087 1422 Unde
3108 1363 3396 1434 diabolus,
3421 1365 3686 1423 invidens
3708 1383 3862 1422 sem-

2201 1469 2304 1525 per
2330 1453 2682 1510 felicissimis
2713 1453 2964 1522 actibus,
3007 1470 3109 1528 per
3140 1455 3424 1527 quosdam
3454 1471 3676 1522 eorum,
3707 1472 3856 1528 quo-

2199 1559 2332 1598 rum
2356 1541 2475 1600 leve
2497 1548 2620 1600 erat
2636 1544 2960 1616 ingenium,
2985 1560 3224 1616 persepe
3246 1543 3550 1600 inmeritas
3573 1544 3858 1601 actitabat

2200 1631 2366 1688 beato
2398 1637 2454 1690 et
2485 1632 2738 1706 simplici
2767 1632 2890 1688 viro
2913 1632 3182 1704 injurias.
3214 1633 3311 1688 Set
3332 1632 3470 1705 quia
3493 1631 3736 1707 longum
3763 1638 3856 1692 est

2199 1719 2282 1777 ire
2313 1739 2415 1794 per
2461 1722 2744 1793 singulas,
2778 1738 2958 1777 unam
3003 1737 3204 1776 earum
3256 1721 3450 1795 palam
3501 1721 3622 1779 ﬁeri
3671 1721 3852 1792 volui,

2200 1826 2376 1881 quam
2433 1809 2484 1866 ei
2533 1810 2777 1866 humani
2827 1810 3058 1884 generis
3091 1810 3366 1866 inimicus
3408 1812 3704 1886 congessit
3751 1829 3858 1886 per

2195 1898 2564 1968 Walterium,
2617 1899 2952 1956 monasterii
2987 1899 3294 1970 decanum,
3325 1899 3446 1972 qui,
3491 1901 3761 1972 quamvis
3795 1901 3857 1956 in

2196 1987 2408 2044 studiis
2442 1987 2870 2044 mcclesiasticis
2901 1987 3262 2044 honorabilis
3292 1987 3626 2058 haberetur,
3654 1993 3856 2046 tamen

2193 2075 2252 2132 in
2298 2077 2509 2134 exteris
2559 2077 2732 2133 rebus
2781 2095 2880 2134 cor
2925 2076 3092 2132 facile
3139 2078 3512 2148 sequebatur.
3565 2077 3666 2136 Hic
3715 2095 3856 2135 cum

2195 2166 2526 2222 fautoribus
2577 2167 2700 2224 suis
2747 2171 2890 2238 aput
2919 2166 3325 2233 Teodoricum,
3376 2170 3517 2223 tunc
3564 2167 3854 2240 temporis

2191 2256 2539 2322 antistitem,
2589 2255 2707 2330 egit
2737 2261 2803 2312 ut
2834 2273 2867 2311 a
2919 2255 3274 2310 monasterio
3323 2255 3676 2327 pellerentur
3716 2255 3854 2313 reli-

2188 2344 2334 2417 giosi
2371 2345 2662 2417 et_obtimi
2696 2343 2990 2413 monachi,
3043 2344 3340 2399 Ebrardus
3385 2344 3628 2416 scilicet,
3662 2345 3852 2402 abbas

2188 2433 2450 2506 Britogili
2499 2434 2694 2500 castri,
2730 2433 2830 2506 qui
2883 2437 3024 2488 tunc
3054 2433 3255 2488 aderat
3303 2433 3404 2498 ibi,
3439 2449 3505 2491 ac
3553 2434 3728 2490 certis
3777 2453 3851 2492 ex

2184 2522 2377 2579 causis
2405 2541 2471 2580 eo
2502 2527 2760 2595 tempore
2791 2522 3086 2579 abbatiam
3121 2539 3290 2578 suam
3323 2521 3664 2595 reliquerat;
3697 2523 3846 2580 Gui-

2182 2613 2475 2681 nefredus,
2510 2612 2842 2680 Durandus,
2867 2613 3164 2667 Arefastus
3195 2617 3367 2684 atque
3398 2611 3707 2670 Ernaldus.
3739 2613 3836 2672 Hii

2179 2701 2431 2774 denique
2462 2701 2674 2774 regulae
2703 2701 2958 2774 vigorem
2980 2717 3110 2758 cum
3135 2701 3346 2758 abbate
3368 2701 3617 2758 maxime
3639 2703 3834 2760 fovere

2175 2789 2464 2860 volebant,
2487 2795 2544 2846 et
2563 2807 2762 2846 eorum
2786 2789 3026 2845 consilio
3060 2789 3160 2845 ubi
3191 2789 3290 2845 ubi
3326 2807 3473 2863 opus
3499 2794 3620 2846 erat
3643 2791 3833 2850 abbas

2178 2880 2466 2936 utebatur.
2519 2879 2663 2935 Cum
2696 2879 2766 2936 ad
2800 2879 2907 2936 hoc
2940 2877 3190 2954 denique
3219 2883 3456 2934 ventum
3497 2884 3668 2946 esset,
3701 2880 3830 2954 epi-

2174 2986 2386 3042 scopus
2417 2968 2795 3041 cum'magna
2825 2968 3168 3024 clericorum
3191 2972 3246 3024 et
3265 2967 3547 3026 laicorum
3571 2973 3826 3040 caterva,

2173 3059 2244 3114 ad
2276 3058 2697 3116 monasterium
2725 3058 2900 3122 venit,
2933 3063 3008 3125 et,
3042 3062 3176 3113 ante
3204 3057 3358 3114 beati
3392 3057 3538 3114 Petri
3571 3059 3826 3131 apostoli

409 3149 666 3218 nomine,
701 3149 772 3206 ab
804 3147 1074 3221 agricolis
1106 3147 1264 3203 illius
1295 3148 1437 3204 emit
1469 3165 1582 3203 non
1616 3147 1902 3204 modicam
1934 3166 2061 3220 par-
2087 3138 2131 3206 C
2171 3148 2381 3206 sedens
2411 3147 2611 3213 altare,
2646 3164 2822 3204 aurea
2847 3163 2988 3203 vasa
3026 3145 3298 3202 (ecclesiae
3323 3151 3498 3219 atque
3546 3153 3829 3221 argentea

406 3241 525 3294 tem
556 3241 742 3294 terra.
777 3238 1002 3294 Guaszo
1034 3253 1267 3309 quoque
1306 3236 1403 3292 ille
1435 3236 1866 3293 famosissimus
1893 3254 2058 3293 areas

400 3327 710 3384 domorum
742 3331 801 3382 et
851 3326 1116 3382 curtillos
1146 3325 1315 3396 villae,
1347 3326 1597 3397 pecunia
1625 3326 1778 3394 data,
1813 3325 1954 3382 emit
1984 3328 2055 3383 ab

402 3413 508 3483 eis,
543 3414 790 3487 penuria
814 3415 1025 3485 victus,
1058 3414 1331 3486 deditque
1363 3415 1574 3469 Sancto
1608 3414 1793 3480 Petro,
1825 3432 1929 3488 pro
1959 3433 2053 3472 sa-

399 3502 522 3559 lute
568 3502 776 3560 animm
807 3521 947 3570 suae,
979 3507 1036 3560 et
1074 3501 1358 3576 agricolas
1391 3507 1534 3575 aput
1563 3504 1843 3560 Sanctum
1875 3504 2049 3560 Geor-

395 3590 561 3664 gium
595 3592 817 3650 abitare
851 3592 1003 3648 fecit.

468 3681 614 3752 (160)
646 3679 900 3754 Expletis
930 3680 1180 3752 denique
1203 3679 1376 3735 cartis
1401 3680 1707 3737 scribendo
1739 3699 1886 3755 quas
1917 3683 2045 3738 novi

392 3785 520 3826 esse
553 3770 908 3842 profuturas,
943 3768 1074 3826 illas
1105 3786 1232 3826 esse
1278 3769 1691 3842 relinquendas
1722 3771 2044 3828 existimavi

392 3859 450 3913 in
483 3859 698 3931 quibus
747 3859 1188 3916 rememorando
1245 3857 1406 3914 nulla
1439 3858 1661 3915 utilitas
1697 3860 1768 3916 ad
1803 3878 2041 3932 presens

389 3952 648 4019 putatur.
681 3947 896 4002 Verum
931 3948 1000 4003 de
1047 3947 1216 4002 beato
1248 3946 1389 4016 viro,
1441 3947 1662 4002 scilicet
1694 3949 1901 4004 abbate
1931 3953 2040 4006 Ar-

387 4034 571 4103 nulfo,
621 4037 732 4093 sub
782 4037 953 4107 cujus
996 4035 1203 4092 diebus
1251 4036 1521 4108 przefatas
1552 4042 1741 4093 cartas
1768 4039 2037 4094 novimus

384 4124 506 4182 fore
536 4125 738 4194 factas,
773 4125 986 4180 cudere
1019 4125 1266 4198 dignum
1287 4125 1422 4180 duxi
1449 4125 1599 4182 mala
1625 4143 1748 4198 quae
1783 4144 1815 4182 a
1838 4127 2034 4184 dome-

379 4213 547 4270 sticis
578 4215 636 4270 in
658 4217 955 4270 senectute
977 4232 1086 4270 sua
1105 4231 1316 4286 passus
1338 4219 1446 4270 est.
1471 4215 1603 4270 Fuit
1623 4217 1778 4270 enim
1801 4233 1834 4270 a
1855 4234 2033 4292 puero

381 4319 663 4359 monacus
680 4307 737 4360 et
756 4302 1001 4376 adplene
1019 4301 1374 4358 monialibus
1391 4303 1604 4359 studiis
1625 4303 1907 4373 eruditus,
1932 4323 2035 4378 pu-

375 4390 504 4448 dice
534 4408 714 4465 agens
743 4390 1196 4448 adolescentiam
1229 4409 1418 4458 suam,
1445 4391 1729 4464 bonisque
1756 4394 2030 4466 operibus

2165 3253 2392 3294 necnon
2423 3241 2479 3293 et
2503 3236 2617 3294 alia
2647 3241 2990 3295 ornamenta
3019 3235 3078 3290 in
3109 3235 3258 3292 ceris
3283 3237 3596 3294 conscribit
3609 3237 3820 3310 jussit,

2166 3327 2375 3384 deinde
2443 3327 2710 3399 praelatos
2767 3325 3084 3381 monachos
3143 3343 3178 3380 a
3235 3325 3588 3382 monasterio
3655 3326 3824 3384 abire

2163 3416 2453 3489 praecepit.
2489 3415 2677 3471 Abbas
2728 3431 2981 3488 quoque,
3014 3413 3094 3488 pii
3135 3415 3388 3488 pastoris
3418 3431 3669 3488 sequens
3718 3433 3820 3472 ve-

2162 3505 2354 3577 stigia,
2389 3505 2716 3561 testabatur
2763 3504 2922 3577 quia,
2956 3503 3004 3560 si
3057 3502 3188 3558 illos
3237 3503 3489 3576 ejiceret,
3523 3521 3649 3560 sese
3676 3522 3819 3561 cum

2159 3593 2244 3649 eis
2273 3595 2670 3666 profecturum
2705 3609 3056 3664 omnemque
3099 3609 3298 3650 eorum
3330 3591 3586 3648 laborem
3621 3594 3817 3666 perla-

2155 3687 2352 3739 turum
2381 3702 2394 3750 ;
2419 3683 2732 3756 episcopus
2777 3699 2933 3753 vero,
2985 3682 3114 3753 ejus
3155 3683 3330 3736 verba
3359 3682 3813 3754 parvipendens,

2155 3773 2393 3828 domum
2429 3789 2595 3828 suam
2643 3771 2833 3828 rediit.
2867 3771 3059 3826 Abbas
3103 3787 3260 3844 ergo,
3294 3770 3384 3828 die
3415 3775 3634 3840 octavo,
3667 3789 3814 3829 cum

2153 3861 2442 3932 przedictis
2475 3861 2778 3918 monachis
2801 3877 2834 3916 a
2856 3859 3205 3916 monasterio
3237 3877 3527 3934 egressus,
3553 3861 3624 3916 ab
3643 3862 3815 3917 omni

2148 3949 2313 4021 plebe
2327 3967 2458 4006 cum
2474 3950 2704 4006 ﬂetibus
2719 3949 3110 4022 prosequitur,
3127 3953 3200 4016 et,
3219 3967 3330 4004 non
3353 3967 3524 4022 parva
3549 3949 3814 4022 equitate

2148 4039 2351 4104 fretus,
2384 4038 2441 4094 in
2471 4038 2772 4096 Gesiacam
2805 4037 3010 4094 cellam
3044 4053 3106 4092 se
3136 4038 3386 4110 recepit;
3423 4037 3619 4110 ibique
3642 4055 3810 4094 com-

2146 4144 2382 4184 morans
2436 4145 2537 4200 per
2587 4131 2705 4183 tres
2757 4144 3006 4194 menses,
3059 4143 3162 4198 per
3191 4126 3449 4182 Odonem
3500 4127 3808 4194 comitem,

2143 4218 2516 4288 postmodum
2541 4217 2772 4272 rediens
2795 4216 2851 4271 in
2881 4215 3175 4272 abbatiam
3199 4232 3390 4283 suam,
3421 4232 3554 4270 cum
3579 4215 3810 4274 honore

2141 4306 2336 4362 debito
2357 4311 2444 4361 est
2467 4311 2758 4378 receptus;
2781 4305 2837 4360 in
2859 4323 2974 4378 qua
3005 4306 3121 4360 fere
3137 4322 3240 4377 per
3255 4295 3397 4360 trien
3409 4304 3570 4360 nium
3595 4310 3811 4378 postea

2139 4394 2384 4450 feliciter
2411 4395 2629 4460 vivens,
2685 4411 2860 4450 senex
2890 4398 2945 4450 et
2973 4393 3182 4466 plenus
3222 4394 3470 4461 dierum,
3523 4393 3806 4451 laborum

374 4481 636 4553 quotidie
667 4498 974 4549 exornans,
1010 4480 1224 4538 meruit
1245 4485 1377 4554 post
1399 4481 1813 4553 Magenardum
1849 4484 2026 4540 abba-
2055 4510 2102 4574 D
2137 4500 2379 4539 suorum
2404 4485 2729 4539 mercedem
2756 4481 3028 4539 aChristo
3044 4483 3288 4538 Domino
3311 4483 3566 4554 recipere
3580 4500 3692 4539 mei
3709 4483 3809 4540 uit

371 4573 491 4625 tem
525 4587 558 4626 a
587 4571 802 4626 domno
845 4569 1113 4625 Fulberto
1155 4569 1401 4642 praesule
1446 4569 1660 4625 sacrari
1692 4574 1749 4626 et
1779 4570 1836 4625 in
1871 4573 2024 4646 regi—

369 4659 528 4715 mine
558 4659 802 4716 abbatiaz
822 4658 1147 4732 subrogari.
1181 4659 1357 4730 Cujus
1381 4658 1498 4713 vita
1523 4663 1578 4713 et
1606 4657 1939 4716 innocentia
1959 4679 2026 4720 ea

366 4752 713 4820 tempestate
745 4765 810 4802 eo
843 4746 1140 4814 rutilabat,
1176 4751 1241 4802 ut
1271 4749 1340 4804 ab
1384 4747 1601 4818 Odone,
1634 4745 1892 4820 palatino
1923 4767 2022 4806 co-

364 4836 526 4903 mite,
559 4836 878 4892 admodum
927 4835 1287 4908 diligeretur,
1339 4841 1513 4908 atque
1546 4836 1820 4892 Richardi
1875 4839 2020 4896 Nor-

362 4941 496 4978 man
509 4925 614 4978 nias
649 4923 878 4980 comitis
901 4925 1199 4980 confessor
1221 4925 1402 4990 fieret,
1427 4926 1598 4996 cujus
1620 4942 1754 4998 sepe
1785 4925 2016 4984 honori-

362 5013 611 5068 ficentiis
645 5013 962 5068 fruebatur.
991 5015 1143 5068 Inter
1164 5031 1312 5086 quas
1335 5013 1656 5069 :ncelesiam
1675 5020 2014 5073 sanctorum

359 5101 614 5158 Gervasii
649 5106 707 5156 et
739 5101 1004 5167 Protasii,
1039 5119 1172 5156 cum
1203 5103 1552 5177 appenditiis
1578 5103 1722 5170 suis,
1757 5104 1806 5160 ei
1831 5106 2009 5166 dedit.

355 5191 457 5246 Set
489 5189 810 5246 insatiabili
859 5191 1112 5245 avaricia
1155 5192 1548 5262 quorumdam
1583 5194 2007 5252 monachorum

354 5295 502 5350 quos
533 5278 609 5334 ibi
656 5284 932 5351 posuerat
970 5283 1172 5349 postea
1213 5279 1485 5350 perdidit.
1539 5285 1635 5336 Est
1681 5282 1837 5338 enim
1881 5284 2010 5358 ipsa

351 5365 611 5424 aecclesia
641 5385 756 5423 non
781 5367 949 5439 longe
973 5384 1006 5421 a
1029 5367 1319 5422 mcenibus
1351 5369 1652 5442 Rotomagi
1683 5371 1844 5428 urbis
1871 5373 2003 5430 sita.

347 5458 608 5528 Cumque
625 5455 872 5529 singulis
892 5450 1098 5512 diebus
1115 5455 1172 5511 in
1194 5457 1493 5530 quoquina
1509 5458 1739 5518 comitis
1751 5462 2003 5533 piscium

415 5547 565 5618 (160)
595 5546 770 5604 Deest
797 5545 917 5602 haec
950 5541 1206 5602 narratio
1241 5545 1300 5602 in
1332 5547 1530 5602 codice
1563 5547 1625 5603 Β.

2135 4572 2260 4628 sine
2277 4573 2389 4626 {ine
2409 4589 2772 4627 mansuram.
2797 4571 3060 4643 Cumque
3081 4570 3327 4628 humum
3354 4571 3615 4627 foderent
3637 4571 3807 4630 intra

2135 4661 2438 4717 basilicam
2473 4662 2656 4717 beatri
2689 4660 2836 4716 Petri
2862 4659 3134 4733 apostoli,
3163 4659 3431 4716 videlicet
3453 4665 3585 4715 ante
3608 4660 3806 4719 altare

2133 4749 2403 4823 martyris
2436 4749 2753 4818 Laurentii,
2789 4751 2858 4805 ad
2893 4749 3078 4805 levam
3112 4749 3350 4821 quidem
3380 4750 3655 4805 Rodberti
3681 4749 3802 4806 filii

2129 4839 2361 4895 comitis
2395 4838 2688 4904 Richardi,
2713 4837 2940 4894 nullum
2976 4838 3260 4894 habentes
3291 4837 3800 4912 sarchophagum,

2125 4929 2398 4986 inventus
2431 4933 2519 4984 est
2567 4927 2648 4983 ibi
2701 4946 2877 4996 unus,
2913 4932 2980 4984 ut
3006 4929 3234 5000 opinor,
3267 4946 3302 4983 a
3351 4928 3466 4984 Deo
3517 4933 3800 5000 paratus,

2125 5018 2284 5074 mirae
2315 5017 2794 5090 pulchritudinis,
2830 5034 2895 5074 ac
2935 5017 2982 5072 si
3015 5034 3080 5073 co
3107 5016 3198 5072 die
3229 5035 3262 5073 a
3309 5015 3542 5072 latomis
3573 5017 3802 5076 fuisset

2119 5107 2338 5179 politus
2369 5111 2545 5180 atque
2579 5106 2733 5162 beati
2762 5105 2869 5161 viri
2899 5106 3082 5178 gleba:
3123 5110 3378 5179 aptatus.
3415 5105 3497 5161 Ibi
3534 5107 3801 5164 menbra

2119 5195 2279 5252 illius
2310 5195 2502 5269 posita
2550 5195 2929 5268 requiescunt
2978 5211 3185 5251 secura
3217 5195 3287 5250 de
3335 5194 3797 5254 resurrectionis

2116 5285 2322 5359 gloria.
2357 5285 2561 5342 Tercia
2589 5301 2721 5340 vero
2767 5283 2858 5342 die
2889 5289 3202 5358 postquam
3234 5283 3397 5350 obiit,
3444 5283 3504 5338 in
3550 5283 3796 5342 visione

2115 5376 2331 5432 domno
2355 5374 2613 5430 Ebrardo
2638 5374 2869 5440 abbate,
2877 5373 3077 5445 jamin
3095 5372 3332 5430 abbatia
3352 5390 3460 5429 sua
3484 5387 3791 5445 regresso,

2113 5463 2406 5538 apparuit,
2440 5463 2641 5519 dicens
2672 5463 2744 5518 ad
2775 5478 2940 5520 eum:
2972 5484 3001 5514 «
3034 5463 3235 5520 Frater
3264 5461 3668 5531 dilectissime,
3703 5464 3796 5524 ab
