3988 6072
108 284 246 346 273
768 281 1024 343 VETUS
1068 279 1355 340 AGANO.
1389 313 1467 321 —-
1501 275 1642 338 LIB.
1685 273 1816 338 VII.
1862 271 2311 336 LANDRICUS
2353 271 2456 334 ET
2499 267 2943 332 HUBERTUS.
3439 261 3564 324 274

105 418 322 490 hujus
349 415 556 472 mundi
587 412 924 470 turbinibus
955 427 1049 468 me
1079 415 1312 468 erutum
1345 410 1802 481 scias,nuncque
1829 409 1884 476 Α
1914 404 2120 462 laverit
2148 409 2214 460 ut
2241 405 2407 461 locus
2437 401 2550 459 sibi
2582 399 2935 458 commissus
2979 415 3082 472 per
3127 396 3390 453 locorum
3435 409 3568 452 auc-

108 506 288 565 felici
331 505 533 576 requie
565 502 812 576 perfrui;
847 506 932 558 set
962 491 1078 557 hos.
1127 501 1343 574 quibus
1392 500 1474 555 fui
1507 499 1564 554 in
1598 499 1800 554 odium
1910 500 2106 551 menta
2139 511 2243 550 suo
2269 494 2325 549 in
2352 497 2613 565 tempore
2635 486 3252 559 cresceret,rnultip1ex
3273 488 3567 540 certarum

107 613 245 652 non
287 595 398 649 diu
431 610 558 648 esse
589 590 951 664 gavisurus.»
987 573 1230 656 Quodet
1259 589 1477 645 factum
1511 593 1635 644 est:
1667 604 1804 642 nam
1915 601 2201 640 numerus
2224 578 2629 650 ostendet,nisi
2653 579 2845 634 obstet
2867 574 3386 647 mutatatemporis
3406 573 3570 630 vicis-

111 686 385 742 illorum
411 700 546 755 pars
567 663 627 736 in
667 681 869 737 eodem
893 696 1045 735 anno
1068 680 1141 734 ab
1175 678 1282 734 hac
1304 679 1422 733 vita
1451 676 1719 742 decessit,
1752 681 1808 730 et
1918 674 2267 746 situdo,quaa
2300 672 2529 743 ingrata
2557 673 2614 724 et
2646 668 2912 723 abbatem
2939 683 2972 722 a
2995 666 3118 720 loco
3138 663 3443 737 pepulit.et
3461 679 3570 719 nos

118 792 294 848 quos
333 773 597 828 mundus
625 770 783 825 vivos
816 767 1084 835 detinuit,
1111 772 1440 840 temporum
1467 766 1807 825 vicissitudo
1919 780 2122 818 omnes
2182 758 2574 835 perturbavit;
2603 763 2659 814 et
2717 757 3024 829 quosdam,
3058 753 3232 810 certis
3281 770 3348 808 ex
3376 752 3572 808 causis

119 864 496 937 perturbata
549 858 931 914 inclementer
1008 874 1074 912 ac
1149 856 1371 912 duriter
1426 871 1656 926 semper
1712 871 1810 910 eos
1919 853 2152 924 ejeetos,
2189 848 2611 906 monasterium
2645 844 3024 915 intronizans,
3057 843 3227 899 nobis
3256 841 3443 898 invisa
3473 859 3572 897 su-

123 931 448 1010 tractavit.
1919 959 2021 1014 per
2063 938 2352 997 exaltavit.
2389 939 2490 994 Set
2537 937 2677 1009 quia
2715 933 3104 1006 equanimiter
3131 931 3430 988 toleranda
3459 935 3567 999 est,

1923 1029 2058 1085 licet
2090 1029 2312 1085 lemtim
2344 1031 2400 1083 et
2433 1029 2692 1082 tortuose
2727 1024 2951 1089 itinere,
2985 1026 3185 1095 utpote
3215 1021 3385 1093 longe
3413 1019 3571 1094 posis

1923 1122 2019 1175 tus
2051 1124 2108 1174 et
2139 1119 2209 1173 ab
2241 1116 2436 1173 idiotis
2467 1133 2566 1172 eas
2595 1112 2925 1169 inordinate
2947 1111 3370 1184 recipiens,pro
3399 1123 3572 1182 posse

200 1038 1053 1111 Verumenimvero,quoniam
1075 1037 1147 1093 de
1166 1035 1321 1092 beati
1341 1035 1457 1092 vita
1477 1033 1582 1089 viri
1608 1049 1814 1106 parum

137 1126 472 1195 elucidavi,
499 1129 628 1198 jam
659 1127 830 1183 stilus
857 1126 1170 1182 vertendus
1216 1129 1305 1181 est
1352 1125 1420 1180 ad
1469 1128 1659 1178 cartas
1690 1139 1816 1194 quae

139 1222 318 1277 factae
351 1222 501 1275 sunt
541 1215 654 1274 sub
697 1217 906 1272 abbate
955 1215 1239 1271 Landrico
1279 1214 1448 1286 (161),
1483 1227 1818 1268 successore

141 1309 381 1368 scilicet
405 1307 631 1382 praefati
655 1305 886 1362 abbatis
905 1303 1144 1360 Arnulﬁ.
1168 1304 1273 1372 Qui
1299 1306 1585 1376 quantum
1609 1300 1818 1373 invigi-

213 1451 379 1522 (16|(
407 1450 582 1505 Hunc
611 1448 806 1522 locum
837 1446 1113 1522 librarius
1144 1447 1202 1522 i_n
1239 1445 1450 1522 cod._B_
1475 1441 1820 1522 adulteravit

146 1513 600 1595 adscripsith
647 1521 721 1595 ad
770 1518 990 1595 calcem
1047 1517 1182 1595 libri
1241 1516 1508 1595 _Landrici
1558 1513 1816 1595 abbatis;

148 1586 448 1669 praeterea
469 1586 719 1648 mutavit
738 1591 930 1646 abbate
952 1589 1219 1644 Landrico
1241 1587 1299 1643 in
1338 1588 1533 1643 abbate
1556 1586 1819 1652 Huberto;

1925 1225 2054 1264 meo
2086 1205 2338 1264 scribere
2367 1205 2602 1262 curabo.

1926 1458 1993 1497 ac
2044 1441 2196 1498 inter
2249 1441 2365 1496 nisi
2420 1441 2477 1494 et
2531 1436 2699 1494 obstet
2752 1433 2980 1492 addidit
3032 1433 3133 1492 sub
3181 1429 3412 1488 Arraldo
3465 1430 3576 1502 epi-

1924 1529 2101 1585 scopo.

1449 1704 3576 1732 Μ

1093 1722 1632 1962 ᾖξ’Εῆ
1755 1817 2662 1959 SEPTIMUS

1809 2055 1939 2103 SlVE

915 2180 1443 2268 LANDllICI
1520 2179 1659 2263 ET
1731 2171 2235 2262 HUBERTI
2305 2169 2834 2260 ABBATUM

705 2341 811 2416 (Ab
844 2359 994 2398 anno
1027 2341 1166 2398 1033
1194 2340 1265 2398 ad
1297 2357 1522 2397 annum
1557 2337 1722 2407 1069;
1747 2367 1816 2376 —
1843 2335 1916 2392 ab
1947 2349 2102 2392 anno
2136 2333 2274 2390 1069
2303 2333 2375 2390 ad
2407 2345 2630 2391 annum
2661 2330 2798 2387 1079
2826 2329 2951 2399 (161
2977 2330 3042 2397 *).

749 2615 1161 2673 CAPITULUM
1202 2617 1245 2672 Ι.

691 2707 767 2763 De
822 2707 996 2776 Regia.
1054 2706 1292 2779 Capella.

755 2797 923 2864 (Ante
954 2813 1006 2852 a.
1042 2795 1224 2868 1070.)

224 2909 252 2935 α
287 2885 354 2942 In
389 2884 631 2942 nomine
661 2885 849 2942 Patris
874 2889 932 2940 et
962 2884 1089 2941 Filii
1119 2890 1176 2942 et
1197 2884 1450 2958 Spiritus
1475 2882 1682 2940 sancti.
1701 2882 1820 2955 Ego

157 2974 510 3042 Landricus,
535 2975 718 3030 abbas
748 2975 945 3030 Sancti
977 2973 1128 3030 Petri
1161 2973 1614 3040 Carnotensis,et
1631 2968 1822 3027 omnis

159 3061 538 3136 congregatio
566 3061 746 3118 michi
777 3063 1342 3119 eommissa.Notum
1392 3079 1520 3118 esse
1551 3061 1822 3118 volumus

159 3153 537 3224 presentibus
551 3156 730 3223 atque
754 3151 1136 3225 futuris,quia
1155 3153 1444 3208 adivimus
1467 3151 1820 3224 presentiam

160 3241 394 3318 domnae
438 3242 619 3296 Bertaa
670 3247 946 3298 matronas
995 3246 1053 3297 et
1082 3241 1336 3296 filiorum
1379 3242 1526 3312 ejus,
1560 3240 1821 3296 Walterii

161 3329 384 3394 clerici,
420 3329 646 3395 Ilervei,
683 3327 966 3404 Hugonis,
997 3330 1298 3386 Tedbaldi.
1326 3330 1822 3403 Sigebodi,Engu-

163 3418 293 3486 ciae;
330 3420 718 3491 deprecantes
751 3425 835 3486 ut,
867 3436 971 3492 pro
1003 3419 1398 3491 redemptione
1449 3419 1657 3474 anima:
1705 3437 1822 3474 sua:

164 3513 220 3564 et
261 3507 531 3564 filiorum
583 3507 959 3581 filiarumque
1007 3526 1271 3577 suarum,
1299 3501 1513 3564 terram
1546 3509 1616 3564 dc
1648 3507 1827 3580 Regia

165 3595 424 3672 Capella,
460 3614 588 3670 qua:
620 3597 883 3669 proxima
933 3601 1023 3654 est
1069 3603 1232 3653 terrae
1284 3601 1493 3653 nostrae
1543 3597 1614 3652 de
1644 3597 1825 3652 Boseo

166 3685 384 3749 Medio,
419 3685 592 3741 nobis
621 3687 980 3754 concederet,
1015 3703 1148 3748 cum
1189 3685 1448 3741 azcclesia
1491 3691 1550 3742 et
1595 3685 1828 3742 duabus

167 3776 319 3831 arcis
367 3773 841 3832 molendlnorum
901 3775 1292 3847 omnibusque
1351 3773 1525 3830 rebus
1569 3792 1695 3846 quze
1748 3775 1826 3830 ibi

166 3864 490 3938 pertinent.
523 3865 656 3930 Quae
701 3863 1085 3920 libentissime
1127 3881 1262 3920 cum
1311 3862 1448 3918 filiis
1496 3868 1553 3919 et
1594 3863 1828 3920 filiabus

1844 2614 1893 2680 Β
1923 2629 1981 2686 S.
2013 2625 2292 2686 Gualterii
2325 2625 2395 2682 de
2425 2623 2664 2682 Bodacis
2692 2621 2866 2678 Villa.
2900 2621 2958 2678 S.
3012 2617 3274 2684 Huberti,
3320 2611 3577 2688 privigni

1927 2717 2194 2773 Adventi.
2227 2716 2286 2772 S.
2317 2713 2537 2770 Giraldi
2586 2711 2728 2769 coci.
2779 2711 2840 2767 S.
2898 2707 3172 2766 Morardi.
3208 2707 3267 2764 S.
3309 2701 3580 2777 llugolini

1930 2805 2256 2864 servientis.
2285 2825 2314 2855 ››

2491 2887 2907 2948 CAPITULUM
2941 2887 3013 2944 Ῑῐ.

2371 2982 2446 3037 De
2473 2981 2647 3036 altare
2676 2979 2914 3050 Capellae
2943 2977 3147 3045 Regia.

2525 3071 2689 3140 (Ante
2719 3085 2770 3122 a.
2809 3067 2988 3133 1048.)

2001 3164 2024 3185 ¹
2060 3184 2087 3212 ‹‹
2116 3161 2261 3232 (162)
2288 3159 2346 3215 Si
2381 3158 2616 3230 pietatis
2648 3173 2713 3212 ac
2743 3155 3040 3228 religionis
3070 3154 3298 3208 constat
3346 3165 3474 3205 esse
3505 3147 3578 3202 ad

1930 3251 2185 3319 laudem,
2211 3253 2267 3304 et
2290 3245 2534 3321 gloriam
2557 3245 2772 3300 summi
2798 3250 2852 3300 et
2869 3241 3064 3298 aeterni
3085 3239 3277 3314 Regis,
3304 3236 3580 3293 aacclesiis

1929 3340 1989 3394 in
2022 3339 2240 3394 honore
2266 3343 2590 3409 martyrum
2626 3352 2726 3390 seu
2759 3333 2933 3390 etiam
2967 3331 3368 3386 confessorum
3411 3343 3578 3381 cons-

1931 3428 2124 3484 titutis
2158 3443 2191 3482 a
2222 3425 2510 3486 fidelibus,
2533 3421 3008 3479 honoriﬁcentias
3039 3417 3336 3485 exhibere;
3361 3417 3581 3488 quanto

1934 3517 2123 3590 magis
2173 3515 2264 3571 his
2313 3533 2440 3587 qua:
2491 3514 2548 3568 in
2596 3511 2878 3566 memoria
2904 3509 3062 3564 illius
3110 3511 3249 3563 sunt
3290 3501 3579 3571 stabilitas,

1935 3623 2112 3678 super
2159 3621 2336 3677 quem
2397 3601 2686 3658 catholica
2741 3600 2986 3654 fundata
3028 3601 3116 3653 est
3173 3593 3452 3662 aecclesia,
3489 3592 3583 3647 cui

1934 3694 2108 3750 etiam
2160 3709 2194 3748 a
2239 3708 2493 3764 superno
2551 3689 2882 3754 Conditore,
2915 3683 3246 3742 commissis
3303 3681 3583 3738 caelorum

1935 3781 2216 3849 clavibus,
2240 3780 2458 3853 ligandi
2481 3784 2654 3850 atque
2677 3775 2934 3832 solvendi
2958 3772 3323 3846 pontificium
3357 3772 3586 3826 constat

1937 3889 2065 3927 esse
2095 3871 2397 3926 traditum.
2421 3867 2602 3934 Unde,
2633 3882 2734 3939 pro
2756 3869 2981 3920 aeternae
3005 3861 3297 3918 felicitatis
3333 3857 3587 3932 adquisi-

168 3956 292 4010 suis
315 3953 636 4051 annuit,ea
655 3953 1053 4019 conventione,
1085 3958 1150 4008 ut
1170 3954 1383 4008 domno
1401 3957 1599 4009 nostro
1629 3953 1824 4008 comiti
1859 3985 1900 4051 α
1939 3962 2114 4027 tione,
2137 3973 2313 4032 quam
2347 3957 2533 4030 ipsius
2563 3953 2984 4010 interventione
3005 3949 3400 4023 θροειοιοηιω
3433 3946 3586 4020 prin.

169 4042 500 4108 Tedbaldo,
533 4059 602 4097 ex
632 4044 802 4113 cujus
833 4042 1112 4098 beneﬁcio
1145 4060 1271 4099 esse
1300 4041 1546 4107 videtur,
1572 4059 1828 4098 annuere

169 4134 520 4198 facerent,et
547 4148 615 4186 ex
644 4131 918 4187 omnibus
948 4129 1257 4186 calumniis
1290 4148 1417 4204 quae
1447 4131 1589 4186 inibi
1617 4132 1832 4187 oriren-

172 4227 380 4278 rcntur
409 4219 656 4275 liberam
693 4221 967 4276 facerent.
1003 4222 1162 4286 Quod
1213 4223 1296 4276 ita
1349 4223 1563 4276 factum
1607 4227 1716 4286 est,
1746 4221 1826 4274 vi-

175 4310 457 4366 dentibus
509 4309 601 4364 bis
647 4325 898 4381 quorum
933 4311 1172 4365 nomina
1203 4310 1532 4382 subscripta
1573 4315 1729 4365 sunt.
1765 4310 1832 4364 Et

176 4396 472 4456 concessit
502 4397 584 4452 ita
603 4397 726 4453 ﬁeri
758 4397 1010 4454 domnus
1039 4404 1236 4454 noster
1255 4417 1448 4455 comes
1475 4398 1831 4463 Tedbaldus,

179 4505 282 4562 pro
311 4487 512 4544 salute
540 4488 748 4542 animis
781 4504 897 4543 suae
930 4504 996 4542 ac
1028 4487 1119 4543 sui
1149 4488 1351 4560 patris,
1386 4493 1442 4543 et
1472 4505 1649 4543 manu
1699 4505 1832 4560 pro-

180 4577 304 4651 pria
336 4575 801 4648 nominibusque
833 4593 1073 4632 suorum
1104 4577 1366 4633 fidelium
1399 4577 1506 4633 has
1551 4577 1834 4633 litterulas

182 4663 601 4723 corroboravit.
625 4665 684 4720 S.
709 4659 942 4722 comitis
973 4665 1277 4722 Tedbaldi.
1309 4667 1366 4722 S.
1401 4667 1661 4723 Gilduini
1691 4665 1836 4722 vice-

182 4755 439 4812 comitis.
475 4753 536 4809 S.
571 4753 832 4828 Hugonis
878 4753 1221 4810 vicedomni.
1254 4757 1312 4811 S.
1361 4756 1561 4812 llervei
1613 4757 1835 4812 viceco-

187 4843 366 4901 mitis.
401 4843 463 4899 S.
501 4841 690 4898 Ivonis
720 4843 936 4900 clerici.
963 4843 1024 4910 S,
1059 4844 1364 4916 Fulcherii,
1399 4844 1502 4899 filii
1551 4844 1830 4903 Gradulfi.

189 4935 244 4990 S.
277 4931 502 4996 liberti,
538 4931 640 4986 filii
665 4932 976 4989 Nivelonis.
1011 4933 1068 4989 S.
1103 4933 1343 5000 Alberti,
1379 4935 1606 4989 abbatis
1638 4935 1834 4990 Sancti

193 5021 448 5080 Martini.
488 5021 545 5077 S.
597 5021 866 5088 Richerii,
923 5023 1150 5078 abbatis
1210 5025 1407 5080 Sancti
1467 5024 1834 5079 Launomari.

194 5113 248 5170 8.
277 5109 501 5184 Vigerii
550 5111 620 5166 de
662 5110 990 5167 Castaneto.
1043 5114 1100 5168 S.
1147 5112 1445 5168 Willelmi.
1497 5113 1552 5168 S.
1587 5113 1834 5168 “larini.

195 5203 250 5258 S.
281 5199 546 5257 Herberti
596 5199 788 5256 clerici
840 5202 910 5256 de
959 5201 1174 5257 Imonis
1215 5201 1386 5258 Villa.
1443 5203 1501 5258 S.
1536 5203 1840 5258 Hermuini

197 5289 435 5363 majoris
495 5288 566 5344 de
611 5289 789 5345 Boseo
838 5289 1048 5346 Medio.
1090 5291 1148 5347 S.
1210 5290 1462 5347 Bernerii
1509 5291 1833 5364 presbiteri.

266 5415 438 5490 (ων)
459 5415 522 5490 In
544 5431 659 5490 uno
685 5414 831 5490 libro
853 5415 1194 5490 collegimus
1215 5417 1683 5490 chartas,borum
1707 5425 1847 5476 tem-

239 5488 437 5543 oribus
469 5487 761 5560 abbatum;
779 5489 967 5555 datas,
1002 5487 1130 5560 quae
1162 5489 1219 5544 in
1253 5488 1456 5554 Codd.,
1488 5490 1687 5548 ordine
1720 5498 1848 5547 tur-

275 5565 353 5628 to,
386 5558 641 5616 confusae
671 5558 1024 5618 referuntur.

1941 4049 2086 4121 cipis
2109 4053 2250 4120 aput
2271 4047 2598 4102 animarum
2629 4043 2998 4099 liberatorem
3031 4055 3336 4113 speramus
3357 4035 3586 4092 facilius

1939 4127 2204 4211 adipisci,
2240 4137 2444 4204 altare,
2485 4134 2639 4208 quod
2689 4133 2869 4189 situm
2919 4134 3008 4187 est
3051 4130 3110 4184 in
3163 4127 3408 4184 ecclesia
3460 4141 3584 4198 quae

1939 4227 2173 4300 Capella
2229 4227 2408 4298 Regia
2454 4229 2714 4288 vocatur,
2760 4219 3012 4276 concedo
3062 4218 3208 4292 (163)
3248 4212 3588 4270 Carnotensi

1939 4315 2209 4372 aecclesia:
2237 4315 2294 4370 in
2329 4313 2550 4387 praefati
2581 4309 2827 4384 apostoli
2859 4307 3141 4364 memoria
3160 4301 3588 4369 constitutae,ad

1941 4405 2232 4479 stipendia
2261 4403 2680 4458 monachorum
2713 4399 2859 4454 inibi
2911 4397 3026 4453 Deo
3075 4391 3488 4459 militantium;
3522 4407 3590 4445 ea

1943 4495 2273 4552 conditione
2305 4499 2389 4558 ut,
2423 4493 2493 4547 ab
2535 4490 2815 4546 hodierna
2845 4488 2934 4542 die
2967 4487 3014 4542 ei
3068 4503 3170 4558 per
3217 4479 3592 4538 succedentia

1941 4590 2225 4657 tempora,
2260 4584 2330 4638 ab
2379 4580 2536 4635 omni
2589 4577 2921 4635 conditione
2967 4580 3024 4630 et
3071 4570 3524 4644 comparatione,
3557 4585 3592 4623 a

1944 4673 2192 4731 sinodali
2224 4671 2476 4734 circada,
2509 4669 2580 4724 ab
2615 4668 2773 4723 omni
2807 4665 3002 4720 debito
3031 4661 3117 4718 vel
3163 4664 3385 4734 parata,
3421 4658 3590 4713 abso-

1945 4764 2070 4819 luta
2087 4765 2448 4834 permaneat;
2471 4757 2553 4813 ita
2572 4761 2635 4812 ut
2657 4770 2955 4826 nonquam
2993 4768 3118 4817 nos,
3138 4765 3324 4821 neque
3354 4761 3592 4804 succes-

1945 4869 2104 4908 sores
2137 4849 2342 4916 nostri,
2377 4849 2448 4904 ab
2481 4847 2610 4919 ipsa
2637 4843 2868 4916 Capella
2902 4841 3095 4914 Regali
3125 4840 3337 4894 horum
3369 4835 3592 4909 aliquid

1945 4957 2226 5013 umquam
2250 4937 2541 5010 requirere
2563 4936 2648 4990 vel
2671 4934 2926 5005 recipere
2965 4929 3052 4986 vel
3091 4933 3344 5000 repetere
3374 4943 3592 5000 praesu-

1946 5031 2168 5087 mat.Et
2199 5033 2262 5082 ut
2287 5032 2495 5084 nostra:
2519 5023 2882 5081 liberalitatis
2907 5017 3304 5076 muniﬁcentia
3321 5015 3596 5073 omnibus

1948 5124 2159 5176 sancta:
2185 5116 2387 5171 matris
2411 5113 2695 5170 {Ecclesiae
2720 5111 2993 5166 fidelibus
3024 5112 3177 5164 esset
3196 5111 3595 5173 nota,summo

1949 5208 2142 5267 studio
2171 5212 2225 5262 et
2252 5204 2556 5277 diligent-ia
2608 5202 2830 5259 exarari
2880 5199 3282 5272 praecipimus;
3318 5193 3599 5268 quatinus

1949 5298 2104 5371 quod
2138 5312 2314 5351 manu
2349 5291 2603 5367 propria,
2637 5293 2804 5364 signo
2835 5289 3028 5346 crucis
3059 5288 3371 5359 impresso,
3393 5281 3600 5340 statui-

2025 5422 2117 5486 (16
2133 5425 2174 5488 ὲ)
2209 5418 2438 5491 Vulgat.
2473 5413 2532 5468 in
2567 5416 2706 5472 Gall.
2742 5413 2964 5482 Christ.,
2999 5417 3041 5468 t.
3083 5409 3235 5476 V111,
3265 5406 3460 5476 instr.,
3491 5406 3601 5464 col.

1957 5490 2183 5638 29:31.63)
2215 5561 2254 5617 Β
2284 5578 2298 5618 :
2333 5561 2441 5628 Ego
2470 5557 2822 5616 Theodericus
2845 5556 3033 5628 presul
3060 5550 3356 5609 concedo...
