3968 6080
364 281 484 343 275

1255 281 1488 346 PAULI
1533 284 1598 345 S.
1645 281 1875 345 PETRI
1918 281 2462 344 CARNOTENSIS
2505 280 2887 344 MONACHI.

3651 279 3774 342 276

369 432 503 471 mus
535 430 661 472 esse
682 417 1007 487 ratum,per
1027 414 1318 472 curricula
1339 415 1776 473 succedentium
1798 421 2015 489 tempo-
2041 417 2098 483 Α
2129 414 2245 470 fero
2263 414 2439 470 etiam
2463 413 2650 471 eidem
2671 413 2798 471 loco
2820 415 3083 471 bannum
3107 414 3384 470 Bermerii
3405 413 3772 487 Villaa,quem

370 522 503 561 rum
535 509 770 560 maneat
798 505 1225 562 inconvulsum.
1263 507 1333 562 Et
1359 505 1564 579 siquis
1593 507 1771 577 hujus
1811 505 2018 562 elemo-

372 595 512 651 sine
566 594 1008 667 porciunculam
1067 596 1432 668 temptaverit
1503 611 1630 651 esse
1687 595 2015 651 violandam

371 685 549 757 (quod
582 682 974 756 absitl),iram
1011 683 1105 740 Dei
1137 683 1418 754 incurrat,
1453 689 1626 757 atque
1654 688 1854 740 nostra
1883 702 2017 740 nos-

369 777 712 847 trorumque
741 773 1006 830 omnium
1039 773 1378 829 auctoritate
1399 774 1696 830 convictus
1719 773 2014 842 abscedat,

369 867 427 919 et
457 879 560 935 pro
592 861 798 918 illicita
825 863 1304 935 praesumptione,
1337 861 1559 918 venturi
1590 863 1649 918 in
1702 864 1816 919 ﬁne
1849 880 2018 919 secu-

370 950 561 1008 lorum
586 951 775 1024 judici
796 951 1084 1008 sententia
1110 956 1387 1024 perpetuo
1420 949 1790 1008 anathemate
1814 969 1874 1008 se
1897 968 2021 1024 per-

371 1041 596 1098 fossum
646 1044 822 1113 atque
870 1039 931 1095 in
982 1039 1208 1095 inferno
1257 1038 1517 1096 inferiori
1566 1043 1860 1098 retrusum
1892 1041 2019 1099 sine

371 1131 486 1187 fine
517 1129 728 1186 doleat.

440 1241 470 1270 ‹‹
502 1218 855 1276 Teodoricus
887 1215 1227 1291 praesu1,qui
1251 1218 1411 1275 dedit
1440 1219 1590 1276 hanc
1623 1219 2016 1278 donationem.

369 1310 479 1365 Arn
489 1308 644 1363 ulfus
657 1309 1328 1381 pracentorAgobertus
1345 1308 2019 1368 succentor.Fulcherius

371 1396 838 1454 archidiaconus.
871 1393 1238 1471 Hildegarius
1263 1397 1653 1456 subdecanus.
1679 1400 1843 1474 Hugo
1874 1419 2021 1474 pras-

371 1486 617 1559 positus.
653 1485 880 1542 Guiddo
913 1486 1169 1542 Rubeus.
1205 1487 2021 1562 RodbertusJBerneriuan-

371 1573 710 1650 gelrannus.
741 1593 769 1627 η

925 1646 1346 1704 CAPITULUM
1388 1649 1483 1705 III.

620 1737 696 1794 De
721 1735 1005 1793 calumnia
1031 1737 1271 1810 ejusdem
1299 1737 1768 1812 ϐαρειιςεζηθθίᾶε.

961 1829 1134 1896 (Ante
1166 1843 1218 1883 a.
1255 1828 1436 1897 1070.)

445 1939 475 1968 ‹‹
505 1917 719 1973 Notum
750 1933 880 1974 esse
908 1915 1182 1973 volumus
1217 1917 1490 1976 omnibus
1519 1917 2021 1989 christicolis,tam

373 2005 742 2077 presentibus
799 2023 976 2078 quam
1037 2005 1268 2078 futuris,
1302 2023 1406 2078 ego
1465 2007 1783 2065 Landricus
1833 2011 2020 2069 abbas

370 2093 678 2166 omnisque
699 2094 946 2150 fratrum
965 2099 1297 2151 nostrorum
1318 2097 1711 2170 congregatio,
1738 2099 2018 2170 quoniam

369 2182 662 2256 Capellam
697 2183 960 2255 Regiam,
1007 2201 1204 2256 quam,
1248 2184 1419 2253 sicut,
1468 2185 1739 2258 superius
1789 2189 2017 2261 scriptae

367 2271 572 2328 littera:
603 2273 941 2342 ostendunt,
977 2290 1011 2328 a
1043 2274 1208 2328 Berta
1240 2278 1506 2329 matrona
1536 2279 1593 2330 et
1623 2275 1761 2332 filiis
1792 2294 1857 2332 ac
1876 2277 2018 2334 ﬁlia-

371 2361 482 2416 bus
512 2361 906 2432 suis,probata
937 2362 1594 2434 peccunia,emeramus,
1621 2369 1819 2436 postea
1841 2383 2018 2439 gener

371 2451 499 2521 ejus
533 2450 837 2518 Raherius,
869 2453 1124 2523 conjunx
1150 2451 1418 2508 videlicet
1464 2453 1754 2526 Engucize,
1788 2454 2016 2512 calum-

376 2537 666 2596 niabatur.
700 2540 807 2597 Pro
857 2558 974 2612 qua
1023 2557 1083 2595 re
1131 2541 1538 2598 convenientes
1585 2560 1720 2600 eum
1752 2545 2015 2603 Carnotis

369 2633 503 2686 ante
533 2628 804 2685 comitem
837 2629 1286 2698 Tedbaldum,et
1318 2631 1443 2702 ipso
1475 2633 1684 2688 comite
1715 2638 1889 2706 atque
1919 2635 2017 2691 ob-

367 2717 673 2774 timatibus
705 2719 832 2790 ejus
853 2718 1018 2774 nobis
1041 2719 1943 2795 suggerentibus.spopondimus
1959 2725 2012 2780 ei

364 2825 438 2863 XL
467 2806 683 2863 solidos
713 2824 1091 2862 nummorum
1123 2811 1524 2878 Carnotorum,
1546 2815 1610 2865 ut
1639 2810 1765 2884 ipse
1794 2811 2014 2869 calum-

362 2895 544 2963 niam,
603 2913 780 2968 quam
842 2895 1090 2952 faciebat
1139 2901 1272 2953 ante
1329 2898 1621 2965 comitem,
1671 2900 2007 2959 dimitteret.

359 2986 524 3052 Quod
555 2989 611 3042 et
639 2985 886 3042 libenter
914 2986 1050 3058 egit.
1082 2987 1198 3043 Nos
1229 3004 1463 3060 quoque
1488 2993 1707 3061 postea,
1728 3006 1831 3063 per
1861 2991 2010 3047 Pau-

362 3072 488 3129 lum
511 3073 1171 3141 monachum,misimus
1193 3075 1242 3130 ei
1277 3075 1494 3133 solidos
1518 3094 1893 3135 nummorum
1915 3098 2003 3147 xL,

2050 1793 2100 1859 B

2128 505 2365 560 Redono
2395 505 2571 560 etiam
2603 509 2661 560 et
2691 503 2834 560 alias
2865 503 3316 560 consuetudines
3344 504 3417 559 ad
3464 521 3556 560 me
3599 505 3776 577 perti-

2127 597 2356 661 nentes,
2390 592 2439 649 si
2471 594 2616 650 forte
2667 593 2748 650 ibi
2799 611 3062 666 unquam
3113 593 3293 648 fuisse
3342 599 3774 662 memorantur;

2127 687 2303 754 atque
2334 700 2510 750 nunc,
2545 700 2577 737 v
2609 683 2742 738 idus
2767 683 2926 755 julii,
2958 682 3168 738 savinae
3192 681 3524 738 ramusculo
3555 683 3776 738 donum

2127 789 2304 844 super
2329 771 2510 827 altare
2533 773 2716 828 sancti
2736 772 2884 828 Petri
2909 770 3176 844 apostoli,
3193 771 3442 844 publice,
3460 789 3562 844 pro
3585 771 3777 827 salute

2128 877 2279 927 mea,
2312 859 2495 916 malui
2527 877 2760 934 ponere.
2796 863 2865 917 Et
2906 867 2971 916 ut
3015 861 3138 917 haec
3186 860 3409 916 cartula
3438 861 3778 917 inconvulsa

2127 955 2486 1023 permaneat,
2521 967 2649 1006 meo
2707 950 2943 1007 nomine
3001 949 3454 1023 nominibusque
3512 950 3775 1007 ﬁdelium

2129 1055 2392 1095 meorum
2442 1039 2801 1096 corroborari
2840 1039 3020 1112 jussi,
3053 1045 3139 1108 ut,
3171 1039 3219 1095 si
3267 1040 3413 1104 forte
3460 1039 3776 1112 aliquando

2128 1126 2407 1200 quislibet
2428 1127 2565 1185 huic
2586 1145 2726 1185 meaa
2747 1127 3042 1202 largitioni
3065 1129 3351 1185 contraire
3383 1129 3775 1202 temptaverit,

2125 1215 2166 1273 ii
2197 1233 2266 1274 ex
2290 1217 2529 1275 adverso
2555 1222 2710 1274 stent
2737 1223 2796 1275 et
2823 1235 2958 1275 eum
2989 1223 3347 1275 commotum
3380 1222 3437 1274 et
3454 1218 3773 1280 confusum

2129 1306 2289 1364 abire
2331 1306 2456 1363 sine
2506 1307 2712 1364 effectu
2765 1312 2995 1382 cogant.
3030 1308 3175 1375 Odo,
3206 1307 3501 1381 palatinas
3559 1324 3776 1365 comes.

2129 1395 2452 1469 Sansgualo
2484 1396 2865 1453 senescallus.
2899 1398 3064 1471 Hugo
3098 1397 3170 1452 de
3200 1396 3429 1454 Melius.
3463 1395 3779 1452 Hilduinus

2129 1484 2200 1540 de
2259 1487 2570 1542 Ramerud.
2608 1488 2769 1560 [Iugo
2831 1485 3160 1543 Tronellus.
3213 1485 3387 1542 Fulco
3429 1485 3776 1543 vicccomes.

2131 1573 2296 1647 Rugo
2326 1574 2397 1631 de
2425 1574 2744 1632 Versalliis.
2779 1575 3139 1648 Ingelgerius
3169 1576 3240 1632 de
3271 1573 3488 1632 Islaris.
3521 1596 3550 1626 η

2689 1691 3108 1748 CAPITULUM
3146 1691 3215 1747 V.

2607 1781 2682 1838 De
2709 1780 3012 1837 redditione
3045 1780 3299 1839 Villulae.

2722 1873 2895 1940 (Ante
2927 1887 2980 1926 a.
3016 1870 3199 1940 1061.)

2199 1978 2222 2002 '
2253 1999 2281 2026 «
2316 1977 2465 2045 (164)
2495 1977 2556 2032 In
2589 1976 2824 2032 nomine
2845 1977 3077 2033 Domini
3116 1978 3300 2033 nostri
3324 1977 3506 2035 Jbesu
3535 1976 3777 2037 Christi.

2126 2065 2245 2138 Ego
2289 2065 2631 2134 Landricus,
2664 2066 2914 2122 cmnobii
2963 2065 3159 2123 Sancti
3209 2067 3357 2123 Petri
3404 2065 3777 2123 Carnotensis

2128 2154 2330 2224 abbas,
2353 2172 2488 2211 cum
2521 2155 2796 2212 fratribus
2819 2155 2996 2212 michi
3025 2155 3378 2212 commissis.
3400 2156 3614 2212 Notum
3648 2172 3778 2212 esse

2124 2243 2416 2309 volumus,
2441 2250 2560 2300 tam
2586 2245 2971 2318 praesentibus
2993 2262 3166 2318 quam
3195 2245 3405 2302 futuris
3427 2251 3641 2302 sancte
3674 2245 3775 2302 Dei

2124 2333 2394 2390 aacclesie
2408 2333 3038 2407 cultoribus,quoniam
3069 2334 3185 2390 adii
3209 2335 3576 2408 presentiam
3596 2337 3784 2407 Causa

2122 2421 2279 2491 fridi,
2312 2424 2755 2497 Andegavorum
2805 2423 3054 2492 comitis,
3091 2424 3438 2496 cognomine
3497 2424 3772 2494 Martelli,

2124 2516 2266 2584 aput
2293 2529 2427 2568 eum
2460 2513 2888 2586 querimoniam
2915 2512 3130 2569 faciens
3154 2514 3223 2570 de
3245 2515 3371 2586 ejus
3394 2518 3603 2587 nepote
3623 2514 3774 2570 Gau-

2124 2601 2291 2670 frido,
2326 2601 2600 2658 territorii
2658 2602 2880 2659 scilicet
2938 2603 3346 2659 Guastinensis
3403 2602 3631 2671 comite,
3665 2603 3769 2676 qui

2119 2694 2337 2748 terram
2369 2708 2496 2764 quae
2516 2691 2732 2748 Villula
2764 2691 3301 2764 dicitur,quondam
3325 2709 3357 2748 a
3377 2692 3638 2748 Teduino
3661 2691 3773 2748 mi-

2120 2778 2222 2835 lite
2251 2784 2452 2836 sancto
2485 2785 2650 2837 Petro
2680 2781 2899 2846 datam,
2932 2798 3037 2855 suo
3067 2781 3300 2837 cuidam
3335 2781 3504 2836 militi
3545 2781 3767 2854 injuste

2119 2869 2376 2937 dederat,
2409 2875 2467 2926 et
2495 2874 2697 2926 sancto
2736 2870 2899 2926 Petro
2948 2871 3289 2943 usurpando
3332 2870 3562 2926 tulerat.
3597 2872 3762 2937 Quod

2117 2958 2362 3015 audiens
2393 2959 2666 3032 praefatus
2696 2976 2910 3029 comes,
2943 2959 3001 3014 id
3035 2975 3169 3033 egre
3201 2959 3356 3027 tulit,
3388 2963 3446 3016 et
3474 2977 3596 3016 rem
3644 2977 3765 3016 non

2115 3052 2268 3105 recte
2325 3053 2515 3104 actam
2574 3049 2890 3122 corrigens,
2940 3047 3096 3105 illico
3155 3049 3488 3122 praedictam
3548 3054 3765 3105 terram

360 3179 508 3236 quos
538 3161 590 3220 ei
619 3137 1072 3220 tradidit'Blesis
1103 3168 1314 3233 castro,
1348 3165 1407 3220 in
1437 3166 1560 3222 vico
1590 3166 1786 3222 Viana
1834 3137 2011 3241 super
2040 3167 2082 3234 C
2116 3137 2327 3238 Sa?”
2360 3138 2525 3241 Ρίῗίίξίξ
2567 3137 2846 3239 reddidit:
2873 3143 2931 3194 et
2955 3138 3063 3241 Ραε
3096 3138 3318 3194 litteras
3349 3138 3583 3241 "omit"?
3630 3155 3766 3240 pro:

357 3227 576 3326 iigeris
625 3252 842 3326 ripam;
876 3257 934 3309 et
979 3252 1134 3309 intra
1183 3257 1463 3323 castrum,
1499 3261 1630 3312 ante
1686 3227 2005 3314 (ecclesiam
2047 3227 2082 3234 V
2116 3227 2728 3326 Pri°__“°ﬂni““_“_‘§q“e
2754 3227 3078 3326 Primam!“
3121 3244 3362 3283 suorum
3403 3227 3764 3326 “03“090'3‘“

360 3341 565 3398 Matris
597 3342 851 3408 Domini,
884 3341 1114 3414 publice
1163 3342 1520 3400 calumniam
1570 3345 1814 3403 missam
1849 3347 2003 3416 fecit,

359 3448 478 3486 una
507 3447 642 3486 cum
673 3447 849 3486 uxore
880 3447 988 3486 sua
1016 3433 1295 3504 Engucia,
1328 3437 1384 3488 et
1416 3433 1587 3490 unico
1612 3435 1731 3492 ﬁlio
1773 3436 2007 3492 nomine

358 3518 656 3585 Rainaldo,
694 3536 797 3575 nec
829 3536 943 3574 non
975 3524 1033 3574 et
1063 3519 1296 3577 filiabus
1326 3521 1762 3589 duabus,Berta
1785 3525 2008 3582 scilicet

358 3622 425 3662 ac
454 3605 730 3674 Adelina;
765 3606 962 3678 ibique
992 3604 1101 3662 has
1132 3606 1358 3664 litteras
1393 3609 1577 3680 jussit
1625 3609 1769 3678 fieri,
1802 3616 1858 3668 et
1906 3630 2004 3668 eas

361 3712 542 3752 manu
573 3695 808 3768 proqria
839 3693 1230 3767 manibusque
1251 3697 1516 3753 omnium
1547 3716 1787 3756 suorum
1812 3717 2005 3758 corro-

356 3783 549 3840 borari
579 3782 782 3851 voluit,
816 3800 1011 3839 coram
1063 3785 1428 3842 convicaneis
1473 3791 1531 3842 et
1574 3788 2005 3847 contribulibus

356 3873 500 3930 suis.
534 3873 862 3929 Raimundo
921 3874 992 3929 de
1040 3873 1245 3929 Viana.
1278 3875 1634 3933 Theoderico
1678 3879 1750 3934 de
1790 3879 2003 3937 Sancto

355 3962 598 4020 Briccio.
623 3961 951 4032 Gausfrido,
972 3962 1090 4018 filio
1120 3963 1548 4022 Archembaldi.
1572 3967 1692 4023 Pila
1715 3969 1786 4024 de
1818 3969 2000 4042 Lupo.

357 4050 641 4106 Rainaldo
672 4051 744 4108 de
773 4051 970 4106 Calido
1002 4053 1214 4108 Monte.
1240 4053 1476 4109 Herveo.
1496 4055 1851 4113 Burchardo.
1876 4057 2006 4114 Hai-

355 4138 570 4202 merico
597 4140 836 4196 decano.
891 4139 1164 4207 Huberto,
1217 4140 1336 4196 ﬁlio
1383 4141 1652 4200 Gislardi.
1701 4145 2000 4218 Gunterio,

354 4227 473 4284 filio
504 4229 763 4284 Andreae.
798 4229 1095 4284 Herberto.
1122 4229 1240 4285 ﬁlio
1271 4231 1536 4288 Teduini.
1572 4233 1864 4290 Rodberto
1894 4235 2001 4292 cle-

354 4315 493 4372 rico.
545 4317 819 4374 Huberto.
875 4317 1188 4374 Bernardo.
1239 4319 1480 4376 Ernulfo
1533 4321 1730 4395 Nigro,
1780 4324 2000 4390 famulo

353 4405 511 4462 Pauli
545 4404 860 4479 (monachi,
885 4407 983 4480 qui
1016 4407 1167 4464 hanc
1199 4413 1419 4464 cartam
1453 4409 1730 4484 scripsit).
1758 4434 1786 4462 ››

901 4496 1318 4554 CAPITULUM
1359 4498 1450 4554 1V.

786 4586 862 4642 De
892 4584 1067 4641 banno
1095 4588 1368 4643 Bermerii
1395 4588 1571 4646 Villae.

941 4677 1106 4744 (Ante
1137 4691 1190 4730 a.
1226 4675 1412 4746 1038.)

423 4784 447 4814 ι
481 4762 728 4819 Domino
755 4763 937 4820 Jbesu
967 4763 1190 4820 Christo
1223 4781 1415 4820 rerum
1465 4765 1761 4823 conditore
1805 4768 1995 4840 presi-

349 4852 540 4908 dente.
574 4854 690 4926 Ego
722 4853 1067 4926 Odo,gratia
1096 4854 1218 4919 Dei,
1245 4853 1539 4926 palatinas
1570 4872 1995 4929 comes,paren-

349 4946 477 4996 tum
497 4958 757 4997 meorum
781 4941 1241 4998 muniﬁcentiam
1264 4948 1436 5014 atque
1459 4942 1875 5016 benignitatem
1901 4964 1990 5003 se-

349 5046 556 5102 quens,
591 5047 767 5102 quam
811 5047 949 5103 erga
980 5031 1172 5086 locum
1213 5030 1411 5086 Sancti
1443 5031 1592 5088 Petri
1623 5037 1990 5093 Carnotensis

347 5118 627 5175 habuisse
657 5118 912 5192 plurima
932 5119 1190 5175 locorum
1215 5123 1271 5174 et
1301 5119 1557 5176 maxima
1584 5123 1843 5192 donaria,
1861 5142 1988 5197 qua:

347 5208 538 5263 eidem
569 5209 693 5264 loco
723 5206 1438 5276 contulerunt,tcstantur,
1466 5210 1740 5266 omnibus
1773 5219 1987 5269 sanctae

345 5295 445 5351 Dei
479 5297 747 5352 ecclesia:
781 5295 937 5363 ﬁliis,
967 5301 1086 5350 tam
1117 5297 1502 5368 praesentibus
1535 5315 1710 5370 quam
1747 5300 1984 5372 futuris,

347 5391 547 5440 notum
605 5401 731 5440 esse
789 5382 934 5451 volo,
971 5384 1127 5455 quia,
1165 5383 1315 5440 inter
1362 5385 1475 5442 alia
1532 5388 1811 5444 beneﬁcia
1859 5409 1985 5463 quae

347 5473 587 5540 contuli,
621 5489 740 5528 una
769 5489 903 5528 cum
931 5489 1220 5528 consensu
1253 5491 1514 5531 meorum
1549 5475 1829 5547 fidelium,
1856 5496 1986 5536 con-

2105 3316 2306 3387 jussit.
2341 3316 2708 3388 Gausfridus,
2738 3317 3181 3389 Andegavorum
3215 3333 3431 3373 comes.
3455 3316 3768 3375 Bartholo-

2116 3421 2304 3470 meus,
2359 3405 2832 3479 archiepiscopus
2890 3407 3281 3462 Turonorum.
3343 3406 3641 3462 Johannes
3691 3406 3765 3464 de

2114 3493 2364 3550 Cainone
2397 3499 2608 3562 castro,
2644 3495 2821 3550 frater
2851 3494 3290 3569 archiepiscopi.
3326 3495 3419 3551 Ivo
3462 3494 3612 3551 Mala
3649 3495 3764 3552 Co-

2114 3599 2274 3640 rona.
2309 3584 2679 3652 Teodericus,
2740 3584 2897 3640 illius
2954 3583 3254 3658 Unbergae.
3317 3583 3638 3640 Rainaldus
3689 3585 3764 3642 de

2113 3672 2358 3729 Castello
2387 3673 2670 3729 Gunterii.
2696 3673 3023 3729 Richardus
3053 3674 3124 3729 de
3163 3672 3412 3729 Castello
3445 3673 3759 3730 Landonis.

2113 3761 2488 3818 Guidbertus.
2517 3762 2886 3829 Godefridus,
2922 3762 3080 3820 filius
3109 3762 3449 3835 Ansgardis.
3475 3762 3764 3819 Radulfus

2112 3851 2183 3907 de
2231 3851 2389 3907 Malli
2447 3851 2617 3907 Villa.
2653 3853 2736 3908 Ex
2792 3851 3055 3908 nostris:
3096 3851 3444 3908 Gausfridus
3503 3851 3758 3909 Bicotus.

2112 3939 2420 3997 Gilduinus
2453 3942 2658 4014 major.
2693 3941 3009 3997 Landricus
3039 3942 3246 4014 major.
3278 3940 3591 3999 Walterius
3638 3940 3762 3998 cle-

2112 4046 2288 4086 l‘lCllS.
2327 4051 2355 4079 ))

2658 4136 3075 4194 CAPITULUM
3114 4136 3208 4193 VI.

2417 4226 2493 4283 De
2522 4227 2735 4284 vicaria
2764 4227 3242 4283 Ermenteriarum
3272 4225 3445 4284 villae.

2704 4317 2870 4387 (Ante
2899 4333 2952 4371 a.
2990 4316 3169 4387 1070.)
3525 4389 3527 4392 ⁴

2181 4435 2208 4462 ‹‹
2234 4412 2296 4468 In
2319 4412 2555 4469 nomine
2568 4411 2798 4468 Domini
2813 4413 2997 4470 nostri
3012 4414 3039 4470 J
3050 4413 3194 4469 hesu
3209 4411 3424 4468 Christi
3438 4411 3761 4470 conditoris

2110 4501 2374 4556 omnium
2394 4518 2611 4557 rerum.
2626 4503 2744 4574 Ego
2769 4501 3309 4576 Landricus,gratia
3327 4500 3430 4557 Dei
3451 4501 3632 4558 abbas
3649 4518 3760 4558 caa-

2108 4589 2264 4646 nobii
2288 4590 2484 4646 Sancti
2509 4590 2660 4646 Petri
2693 4591 3090 4658 Carnotensis,
3113 4595 3287 4664 atque
3313 4607 3517 4647 omnes
3546 4590 3758 4648 fratres

2107 4677 2323 4749 quibus
2345 4696 2575 4751 preesse
2595 4680 3025 4748 videor,notum
3047 4681 3167 4738 fore
3186 4678 3457 4736 volumus
3478 4679 3759 4736 omnibus

2103 4766 2396 4836 fidelibus,
2430 4772 2550 4824 tam
2610 4769 2914 4841 przesentis
2963 4787 3140 4842 quam
3190 4769 3368 4824 futuri
3417 4768 3540 4837 aevi,
3573 4769 3752 4840 quod,

2101 4861 2415 4928 postquam
2437 4857 2509 4913 ab
2529 4859 2998 4916 antecessoribus
3019 4857 3235 4915 nostris
3258 4857 3756 4914 Ermenteriarum

2097 4943 2250 5012 villa,
2289 4950 2426 5002 tunc
2457 4947 2878 5015 inhabitabilis,
2900 4965 3034 5004 cum
3066 4946 3346 5014 ecclesia,
3379 4947 3448 5002 de
3479 4946 3746 5019 quodam

2102 5034 2309 5102 milite,
2344 5035 2633 5092 Roscelini
2693 5043 2878 5110 patre,
2910 5038 3065 5094 sicut
3111 5036 3169 5092 in
3231 5035 3480 5092 archivis
3539 5035 3758 5092 nostris

2100 5121 2352 5179 habetur
2371 5125 2842 5197 scriptum,omni
2865 5126 3289 5183 consuetudine
3319 5124 3518 5192 libera,
3546 5128 3757 5196 printer

2100 5213 2246 5269 duos
2278 5213 2498 5270 solidos
2519 5232 2898 5272 nummorum
2921 5216 2992 5272 de
3009 5215 3274 5273 custodia
3294 5219 3350 5271 et
3368 5212 3751 5286 pasnadium.

2098 5302 2208 5358 fuit
2234 5307 2458 5375 empta;
2483 5307 2570 5359 set
2600 5303 2752 5360 idem
2787 5305 3150 5372 Roscelinus,
3173 5303 3506 5360 irreverenti
3558 5306 3614 5358 et
3659 5302 3753 5358 in-

2098 5391 2315 5446 frunito
2364 5391 2561 5447 animo
2609 5393 2820 5464 victus,
2851 5400 2985 5467 post
3026 5394 3443 5463 venditionem,
3471 5390 3752 5448 vicariam

2096 5480 2360 5552 ejusdem
2390 5479 2535 5536 villa
2569 5499 2852 5557 usurpare
2903 5502 3017 5541 non
3066 5482 3320 5541 erubuit.
3354 5481 3463 5548 Qui
3509 5481 3753 5538 tandem

416 5580 564 5649 (164)
595 5576 826 5652 Vulgat.
859 5577 919 5636 in
952 5578 1089 5638 Gali.
1117 5579 1335 5654 Christ,
1368 5587 1410 5640 t.
1442 5582 1592 5652 VIII,
1623 5585 1814 5654 instr.,
1845 5587 1954 5645 col.
1991 5587 2116 5645 302.
