3988 6072
159 259 280 322 281

725 391 1144 447 CAPITULUM
1186 391 1275 447 IX.

463 481 537 537 De
566 487 710 536 terra
737 489 914 553 empta
945 499 976 536 a
1013 483 1238 537 Warz'no
1263 483 1543 538 monacho.

772 572 942 639 (Ante
973 588 1026 625 a.
1063 571 1243 642 1070.)

242 684 270 710 α
309 661 374 715 In
405 659 644 714 nomine
675 659 854 714 Jhesu
890 659 1100 714 Christi
1125 660 1354 714 Domini
1390 659 1590 715 nostri.
1618 660 1830 714 Notum

170 767 300 806 esse
325 748 606 804 volumus
630 748 906 804 omnibus
928 749 1255 804 Christianae
1279 749 1430 815 ﬁdei,
1449 754 1566 802 tam
1591 766 1835 821 praesen-

169 840 334 893 tibus
361 855 540 911 quam
569 838 800 904 futuris,
827 855 931 909 ego
956 837 1275 892 Landricus
1299 839 1834 909 abbas,omnesque

172 927 456 983 monachi
505 927 750 982 ccenobii
801 926 996 982 Sancti
1049 925 1195 981 Petri
1257 928 1646 997 Carnotensis,
1681 928 1832 999 quod

172 1018 423 1090 quidam
488 1015 793 1071 nonachus
854 1021 1068 1082 noster,
1105 1016 1381 1070 Warinus
1430 1017 1683 1083 nomine,
1720 1034 1834 1071 non

169 1107 348 1180 longe
367 1125 402 1161 a
421 1106 552 1161 vico
584 1104 896 1170 Bruerolis,
919 1121 1054 1160 cum
1079 1122 1323 1160 assensu
1348 1105 1697 1161 nobilissimi
1729 1105 1836 1160 viri

171 1196 425 1262 Alberti,
451 1195 750 1267 quandam
784 1199 997 1250 terram
1028 1195 1172 1249 emit
1193 1212 1325 1250 cum
1347 1193 1480 1249 luco
1504 1195 1839 1265 adjacentia

173 1287 444 1359 quodam
469 1283 728 1350 homine,
747 1282 1060 1339 Mascelino
1083 1284 1337 1352 nomine,
1357 1283 1473 1338 ﬁlio
1497 1283 1717 1339 scilicet
1740 1285 1840 1340 Ge-

172 1375 324 1431 raldi
365 1375 438 1429 de
473 1374 612 1428 Rest
637 1391 649 1440 ;
677 1390 779 1444 pro
800 1389 915 1445 qua
937 1377 1057 1428 tres
1089 1372 1268 1428 libras
1301 1390 1676 1428 nummorum
1703 1391 1837 1445 pra:-

173 1464 290 1519 {ato
327 1461 678 1527 Mascelino,
714 1479 829 1516 una
859 1479 990 1516 cum
1027 1479 1313 1517 consensu
1350 1461 1548 1517 domni
1578 1461 1667 1517 sui
1704 1464 1840 1517 Iler-

173 1553 350 1618 berti,
388 1553 463 1608 de
496 1553 664 1623 cujus
699 1551 978 1606 beneﬁcio
1007 1552 1208 1606 eadem
1250 1556 1406 1606 terra
1454 1556 1596 1607 erat.
1629 1555 1840 1606 Assen-

177 1659 314 1698 sum
359 1641 543 1696 etiam
605 1640 854 1712 praabuit
911 1640 1303 1713 Hildeburgis,
1336 1642 1546 1711 corzjux
1577 1641 1842 1710 ejusdem

796 260 1051 321 VETUS
1099 261 1386 322 AGANO.
1415 293 1493 304 —
1522 261 1668 320 LIB.
1715 261 1844 320 VII.
1897 257 2334 320 LANDBICUS
2378 258 2478 318 ET
2522 251 2968 318 HUBERTUS.

3461 243 3584 306 282

1855 393 1906 460 Α
1937 393 2050 450 loci
2095 389 2492 447 amicissimus
2551 386 2826 460 praefatus
2872 382 3166 447 Albertus,
3192 377 3582 436 libentissime

1942 481 2169 539 amnuit
2201 498 2267 536 ea
2299 477 2520 536 scilicet
2553 477 2791 542 ratione,
2826 477 2911 544 ut,
2946 476 3076 544 post
3107 473 3354 526 mortem
3383 467 3584 523 mulie-

1941 572 2043 638 ris,
2064 589 2198 644 pars
2229 573 2512 640 retempta
2542 567 2612 621 ab
2645 583 2732 635 ea,
2757 581 2889 620 cum
2913 560 3186 618 omnibus
3209 557 3494 614 militibus
3510 557 3582 612 ad

1941 663 2136 734 ipsum
2187 662 2392 715 ﬁscum
2446 655 2895 729 pertinentibus,
2931 655 2986 707 et
3017 650 3297 705 medietas
3328 645 3585 702 (ecclesia

1942 751 2198 808 Cruciaci
2230 749 2376 803 villae
2419 764 2595 818 quam
2645 743 2898 807 tenebat,
2936 741 3004 796 ad
3039 740 3316 795 Sanctum
3351 737 3584 792 Petrum

1943 841 2174 896 rediret.
2201 842 2322 905 Quo
2357 839 2526 900 facto,
2555 839 2686 907 post
2717 837 2961 887 mortem
2997 829 3324 893 amborum,
3360 824 3587 880 abbatis

1944 931 2163 986 scilicet
2181 929 2334 984 Land
2348 927 2444 981 rici
2463 943 2527 981 ac
2542 924 2738 996 sepius
2761 919 3097 976 nominandi
3122 916 3322 972 domui
3344 911 3586 980 Alberti,

1946 1021 2222 1094 praedicta
2241 1001 2536 1080 'matrona,
2563 1010 2870 1068 incurabili
2903 1009 3106 1065 morbo
3130 1021 3426 1079 percussa,
3451 1020 3589 1074 prae-

1947 1110 2194 1165 sentiam
2220 1113 2477 1162 nostram
2502 1104 2662 1168 adiit,
2689 1107 2745 1158 et
2766 1099 3138 1155 medietatem
3161 1093 3420 1150 Cruciaci
3442 1090 3590 1148 villa:

1949 1197 2237 1263 aacclesizc,
2269 1213 2445 1268 quam
2477 1193 2708 1249 tenebat
2739 1188 3189 1263 perpetuojure,
3222 1186 3389 1240 beato
3421 1185 3590 1237 Petro

1949 1287 2234 1361 apostolo,
2268 1291 2323 1341 et
2353 1291 2540 1342 cetera
2571 1300 2696 1355 quae
2758 1277 3149 1353 prmmisimus
3198 1271 3588 1339 contradidit;

1949 1396 2014 1435 eo
2037 1376 2306 1433 videlicet
2335 1379 2550 1442 tenore,
2578 1377 2642 1428 ut
2678 1372 2805 1426 viva
2836 1369 3261 1441 procuraretur,
3301 1366 3532 1418 mortua
3561 1377 3596 1416 a

1950 1469 2120 1526 nobis
2150 1465 2575 1539 sepeliretur,ct
2597 1461 2795 1517 anima
2816 1460 2944 1529 ejus
2966 1474 3032 1512 ac
3054 1455 3238 1511 unicae
3264 1449 3594 1522 ﬁlia,Alpes

1950 1557 2206 1621 nomine,
2243 1559 2297 1608 et
2329 1551 2594 1623 conjugis
2627 1547 2910 1610 Gauslini,
2947 1560 3168 1600 necnon
3221 1545 3278 1597 et
3329 1539 3595 1596 omnium

1952 1649 2259 1718 parentum
2293 1657 2534 1697 suorum
2566 1637 2793 1707 animae,
2817 1652 2919 1707 per
2939 1631 3268 1706 apostolum
3287 1631 3521 1684 Petrum
3540 1630 3598 1682 et

179 1730 479 1835 Ηθΐδεξξίν
512 1746 738 1785 necnon
780 1735 830 1784 (ει
883 1728 986 1784 mli
1035 1746 1258 1796 eorum,
1296 1731 1548 1785 HCI‘VBUS
1579 1730 1845 1785 videlicet
1877 1772 1922 1835 Β
1953 1716 2284 1810 orationum
2345 1733 2679 1786 nostrarum
2740 1723 3037 1796 suffragia,
3073 1722 3143 1777 ab
3175 1719 3334 1776 omni
3363 1716 3597 1773 vinculo

1229 1819 1243 1835 1
1376 1820 1419 1835 vv
1491 1820 1502 1835 I
1599 1825 1607 1835 ι
1695 1821 1708 1835 1
1770 1819 1806 1835 ιο
2136 1826 2144 1835 ι
2396 1821 2408 1835 ι
2503 1818 2516 1835 1
2572 1822 2580 1835 ι
2695 1817 2760 1835 2-,
2795 1831 2923 1835 __-__-
2961 1813 3175 1835 2-1—---
3237 1810 3597 1835 ...η-Α-Αλιιε-

179 1826 364 1892 atque
391 1819 577 1890 Hugo.
599 1819 705 1873 Pro
738 1835 852 1890 quo
881 1835 1124 1874 assensu
1156 1819 1343 1874 eidem
1376 1820 1651 1875 Herberto
1679 1819 1843 1874 dedi-

181 1927 319 1964 mus
355 1908 452 1963 XX
487 1907 702 1962 solidos
734 1924 1135 1974 nummorum,
1159 1913 1215 1963 et
1247 1909 1372 1979 ejus
1402 1909 1635 1980 conjugi
1670 1926 1848 1980 supra

180 2001 532 2054 memoratis
564 1996 609 2051 Χ
637 1996 895 2064 solidos;
931 1996 1068 2052 filiis
1098 2014 1230 2052 vero
1262 1997 1533 2052 dedimus
1589 2015 1848 2070 congrua

183 2089 368 2144 dona.
389 2085 611 2142 Deinde
643 2085 907 2141 Carnotis
939 2103 1142 2140 omnes
1176 2103 1292 2140 una
1321 2085 1495 2140 simul
1531 2086 1845 2152 venientes,

186 2178 417 2232 donum
449 2175 701 2248 praefata:
731 2179 896 2229 terra:
929 2173 1158 2246 publice
1207 2192 1384 2246 super
1430 2175 1608 2230 altare
1664 2175 1847 2230 sancti

185 2266 344 2321 Petri
381 2268 728 2336 posuerunt,
765 2280 831 2318 ac
881 2263 939 2318 in
993 2263 1208 2318 nostris
1239 2263 1602 2319 orationibus
1633 2264 1849 2318 ibidem

181 2372 284 2411 eos
315 2353 692 2426 collegimus.
727 2353 842 2407 Has
875 2357 1068 2407 autem
1098 2352 1320 2407 litteras
1355 2353 1480 2407 ideo
1513 2354 1634 2407 ﬁeri
1670 2353 1851 2408 volui-

183 2461 344 2506 mus.
381 2447 468 2508 ut,
501 2442 550 2497 si
583 2442 715 2514 quis
747 2441 1064 2513 aliquando
1095 2441 1233 2497 huic
1263 2443 1414 2497 dono
1447 2443 1732 2498 contraire
1764 2459 1854 2497 vo-

1955 1826 2323 1896 peccatorum
2359 1818 2658 1882 absolutae,
2684 1817 2929 1887 januam
2961 1813 3178 1867 intrare
3237 1810 3601 1865 mererentur

1955 1917 2178 1968 aeterne
2211 1909 2358 1964 vites.
2391 1908 2537 1963 Huic
2595 1911 2788 1961 autem
2847 1900 3164 1974 largitioni,
3197 1899 3326 1970 ipsa
3353 1897 3598 1952 interve-

1956 2003 2172 2066 niente,
2207 2015 2518 2056 assensum
2579 1994 2828 2068 praebuit
2875 1991 3378 2062 supramemorata
3410 1985 3597 2057 Alpes,

1958 2089 2079 2145 ﬁlia
2106 2088 2315 2160 ipsius,
2348 2103 2481 2142 cum
2515 2085 2761 2154 conjuge
2792 2078 3070 2136 Gauslino
3102 2080 3158 2132 et
3188 2073 3498 2146 nepotibus
3519 2071 3600 2127 Si-

1959 2195 2129 2234 mone
2163 2183 2219 2233 et
2251 2175 2520 2240 Radull‘o,
2555 2188 2806 2245 quorum
2837 2185 3065 2225 sorores
3094 2162 3436 2229 Emmelina,
3489 2161 3604 2216 Eva

1959 2273 2016 2324 et
2045 2265 2338 2323 Elisabeth
2373 2263 2870 2334 subscripserunt,
2905 2263 2962 2314 et
2988 2259 3128 2329 aput
3166 2256 3444 2310 Sanctum
3477 2250 3604 2306 Clo-

1962 2358 2259 2420 doaldum,
2292 2372 2426 2410 cum
2461 2357 2664 2418 matre,
2699 2351 2849 2406 hanc
2897 2352 3115 2404 cartam
3166 2342 3600 2399 roboraverunt.

1962 2448 2018 2504 Si
2044 2446 2176 2519 quis
2197 2462 2326 2500 vero
2349 2443 2485 2498 huic
2509 2443 2660 2497 dono
2688 2438 3002 2512 aliquando
3032 2432 3317 2490 contraire
3336 2428 3602 2497 voluerit,

183 2531 388 2598 luerit,
450 2531 1078 2586 excommunicationis
1157 2530 1350 2603 gladio
1409 2548 1746 2603 percussus,
1798 2535 1864 2587 et.
1954 2517 2142 2608 jud‘ici
2195 2535 2358 2608 prius
2391 2533 2430 2587 C
2462 2532 2640 2586 libras
2672 2527 2965 2602 persolvat
3011 2524 3158 2589 auri,
3192 2526 3268 2588 et,
3302 2519 3414 2576 nisi
3464 2517 3605 2574 regi-

185 2619 538 2678 testimonio
556 2619 857 2676 convictus
871 2636 1068 2674 eorum
1087 2637 1333 2692 quorum
1352 2621 1590 2676 nomina
1605 2621 1856 2676 subscri-

185 2711 448 2784 psimus,
468 2709 595 2764 sine
616 2708 824 2765 effectu
847 2726 978 2763 cum
1009 2709 1359 2764 verecundia
1380 2710 1659 2766 discedat.
1682 2710 1856 2764 Dom-

188 2818 304 2856 nus
317 2799 796 2870 Albertus,cujus
810 2797 950 2870 largi
963 2797 1134 2853 tionis
1149 2798 1379 2854 initium
1395 2798 1648 2870 plurima
1660 2817 1724 2854 su
1735 2799 1859 2854 bse-

191 2894 414 2946 cuntur
446 2887 623 2942 dona.
661 2887 972 2942 Herbertus
1004 2888 1073 2942 de
1101 2887 1406 2943 Burseriis.
1435 2889 1759 2943 Rodbertus
1789 2888 1859 2943 de

197 2976 486 3036 Fossatis.
519 2975 826 3031 Rainerius
861 2976 1278 3032 Finemundus.
1298 2976 1622 3032 Richardus
1648 2994 1862 3049 praepo-

199 3069 378 3125 situs.
413 3064 736 3136 Sulpicius.
763 3064 1098 3120 Gualterius
1129 3067 1200 3121 de
1233 3064 1862 3138 Ungena.ltem,Gual-

1964 2625 2176 2698 puerit,
2199 2640 2332 2679 cum
2363 2621 2456 2677 his
2485 2620 2583 2694 qui
2616 2618 2930 2676 Dominum
2963 2612 3119 2671 cruci
3153 2613 3419 2676 ﬁxerunt,
3445 2608 3503 2663 in
3526 2607 3611 2663 inv

1967 2697 2127 2771 t‘erno
2157 2715 2361 2786 lapsus
2391 2728 2571 2782 penas
2601 2709 2727 2764 luat
2755 2705 3245 2779 perpetuas.Acta
3268 2704 3356 2756 est
3387 2697 3612 2755 cartula

1966 2803 2253 2873 Carnutis,
2285 2820 2386 2858 νηί
2416 2799 2697 2856 kalendas
2731 2796 3002 2861 octobris,
3047 2798 3102 2849 et
3147 2790 3378 2864 publice
3435 2804 3612 2860 super

1969 2894 2150 2949 altare
2179 2891 2328 2947 beati
2361 2891 2512 2946 Petri
2545 2887 2789 2961 apostoli
2827 2885 3015 2958 posita
3031 2901 3064 2938 a
3080 2879 3359 2938 Gauslino
3378 2877 3501 2933 viro
3522 2876 3614 2932 Al-

1970 3001 2090 3056 pes,
2117 2986 2292 3054 atque
2316 2979 2504 3035 crucis
2537 2978 2704 3049 signo
2734 2977 2806 3031 ab
2837 2975 3038 3030 eodem
3070 2969 3611 3027 corroborata.(‘.um

1970 3089 2085 3144 quo
2111 3072 2345 3125 fuerunt
2371 3087 2382 3124 :
2413 3063 2985 3128 Albericus,clericus
3005 3061 3076 3117 de
3099 3060 3371 3116 Medanta
3399 3060 3610 3122 castro,

197 3157 388 3212 terius
442 3155 713 3226 PUDSCDS
771 3154 1025 3210 asinum-
1089 3153 1472 3210 Haimericus.
1532 3156 1855 3210 Rodbcrtus
1888 3142 1929 3208 Ε
1968 3142 2020 3217 et
2045 3160 2351 3222 Nivardus,
2378 3157 2534 3212 ﬁlius
2557 3152 3160 3228 Hugonis.Nobiscum
3186 3165 3317 3203 vero
3349 3146 3611 3200 fuerunt:

203 3244 562 3301 Mischinus.
599 3243 1009 3298 Guinebertus.
1044 3243 1403 3311 Tescelinus,
1423 3244 1676 3298 famulus
1700 3244 1861 3299 Pauli

203 3333 510 3390 monachi.
543 3332 848 3399 Radulfus,
885 3332 1141 3387 famulus
1163 3332 1402 3388 Guarini
1436 3333 1726 3388 monachi.
1761 3355 1788 3383 »

786 3439 1198 3494 CAPITULUM
1230 3440 1294 3494 X.

207 3532 280 3586 De
307 3530 564 3586 εει-ιεεὰ73
597 3529 854 3585 σηιείαοί
880 3528 1182 3598 medietate,
1213 3537 1264 3583 et
1296 3536 1443 3583 terra
1473 3528 1602 3584 data
1635 3531 1702 3584 ab
1729 3531 1866 3586 Her-

633 3599 750 3656 side
778 3608 1028 3655 matrona
1055 3600 1249 3656 Sancto
1283 3606 1455 3656 Petro.

818 3689 980 3760 (Ante
1013 3706 1064 3744 a.
1101 3688 1287 3758 4080.)

281 3803 312 3829 ‹(
352 3779 416 3834 In
443 3777 680 3833 nomine
701 3782 914 3832 sancta:
935 3781 991 3832 et
1015 3778 1328 3832 individua":
1352 3777 1870 3846 Trinitatis,l’atris

210 3873 268 3924 et
323 3866 458 3924 Filii
518 3870 577 3922 et
633 3865 889 3937 Spiritus
949 3866 1161 3922 sancti.
1199 3867 1316 3939 Ego
1350 3867 1660 3933 Hubertus,
1695 3867 1871 3923 nullis

213 3956 556 4014 extantibus
613 3955 859 4023 meritis,
894 3955 1096 4020 abbas,
1131 3955 1440 4026 omnisque
1500 3958 1872 4029 congregatio

215 4045 648 4102 monachorum
675 4043 919 4099 cmnobii
937 4044 1132 4099 Sancti
1159 4045 1302 4098 Petri
1337 4047 1725 4101 Carnotensis.
1761 4047 1874 4102 No-

217 4141 346 4192 tum
383 4150 516 4189 esse
549 4133 839 4199 volumus,
873 4137 991 4188 tam
1025 4132 1408 4204 przesentibus
1440 4151 1616 4206 quam
1637 4135 1871 4203 futuris,

220 4228 440 4280 sancta
485 4222 586 4277 Dei
641 4221 911 4277 ecclesia:
973 4221 1264 4290 ﬁdelibus,
1298 4223 1574 4294 quoniam
1606 4226 1874 4296 qumdam

222 4312 461 4376 mulier,
489 4310 791 4366 Hersindis
822 4312 1220 4382 nomine,jam
1257 4316 1487 4366 mortuo
1519 4330 1624 4367 suo
1645 4313 1786 4379 viro,
1821 4319 1878 4369 et

220 4403 433 4458 orbata
466 4400 739 4464 ﬁliis,diu
764 4416 1132 4456 commorans
1165 4401 1224 4454 in
1259 4401 1547 4456 territorio
1581 4403 1874 4458 Dorcasini

1971 3248 2248 3305 Ernult‘us
2279 3248 2472 3318 Niger,
2508 3244 2828 3301 Rainaldus
2856 3258 3051 3314 agaso,
3081 3236 3373 3294 Gilduinis
3405 3235 3612 3304 major,

1975 3338 2307 3411 Stephanus
2339 3335 2595 3402 Galoius,
2631 3333 3013 3394 Fulchardus,
3048 3322 3613 3392 Frodo,Adventius,

1975 3427 2335 3492 Tescelinus,
2361 3423 2769 3496 Leodegarius,
2798 3420 3096 3488 Girardus,
3129 3412 3622 3482 Rainaldus,Lau-

1977 3516 2365 3582 rentius,item
2383 3511 2912 3582 Laurentius.Aput
2923 3509 3200 3564 Sanctum
3215 3501 3614 3566 Clodoaldum,

1977 3605 2078 3660 ubi
2108 3605 2300 3676 Alpes,
2335 3620 2480 3658 uxor
2526 3599 2788 3656 Gauslini
2838 3599 2990 3654 hanc
3039 3599 3284 3660 cartam,
3319 3607 3453 3647 cum
3483 3588 3622 3644 ﬁliis

1980 3694 2350 3765 ﬁliabusque,
2379 3690 2648 3756 ﬁrmavit,
2668 3690 2903 3744 fuerunt
2933 3685 3027 3741 hi:
3063 3681 3329 3756 Ogerius,
3364 3681 3622 3735 decanus

1981 3783 2175 3841 Sancti
2208 3779 2544 3838 Chlodoaldi
2572 3798 2586 3848 ;
2620 3765 3624 3847 Teudo,0thgerius,Raduli‘us;Al-

1981 3874 2200 3938 bertus,
2237 3871 2392 3926 ﬁlius
2425 3867 2730 3941 Ingenulﬁ,
2754 3864 3070 3930 Ernulfus;
3105 3855 3622 3924 Gunherius,ﬁlius

1980 3959 2214 4016 Ernaldi
2249 3961 2318 4014 de
2351 3957 2532 4012 Vallo.
2561 3957 2717 4011 Hanc
2745 3969 2976 4027 quoque
2998 3955 3215 4006 cartam
3249 3947 3627 4002 ﬁrmaverunt

1984 4050 2084 4105 ﬁlii
2118 4047 2438 4112 Waszonis,
2465 4047 2626 4117 Hugo
2657 4042 2943 4112 videlicet,
2966 4039 3160 4094 domni
3184 4035 3401 4092 Alberti
3432 4033 3622 4101 heres,

1983 4145 2039 4196 et
2062 4137 2496 4210 Guaszp,t‘rater
2515 4137 2662 4206 ejus.
2688 4134 2748 4188 In
2775 4133 2888 4186 ﬁne
2909 4145 3140 4202 quoque
3163 4125 3403 4181 nomina
3424 4137 3626 4179 eorum

1985 4229 2203 4302 placuit
2225 4242 2458 4299 ponere,
2481 4225 2550 4279 de
2573 4239 2823 4295 quorum
2847 4218 3123 4275 beneﬁcio
3156 4213 3490 4289 prmscripta
3508 4211 3627 4265 lar-

1985 4298 2129 4393 gitia
2159 4298 2629 4380 descendit,utet
2661 4328 2764 4383 pro
2795 4309 2940 4382 ipsis
2963 4307 3186 4380 jugiter
3211 4308 3432 4359 oretur:
3453 4298 3630 4355 Main-

1986 4390 2180 4481 gotus,
2214 4405 2300 4458 vir
2332 4401 2654 4465 Hersindis,
2688 4417 2813 4472 quae
2844 4398 2951 4453 hoc
2982 4397 3199 4452 donum
3233 4391 3386 4447 dedit
3414 4408 3426 4456 ;
3462 4390 3629 4460 lnge-

222 4491 424 4556 castri,
451 4489 512 4544 in
543 4488 669 4578 loco
699 4488 920 4578 scilicet
951 4489 1050 4578 qui
1080 4493 1320 4544 vocatur
1349 4491 1700 4559 Cruciacus;
1735 4492 1876 4547 dum
1911 4515 1954 4578 Ι)
1988 4479 2206 4562 ᾗιιιῖυε,
2240 4494 2412 4565 cuius
2461 4490 2647 4546 ﬁlium
2701 4491 2826 4562 jam
2881 4485 3296 4560 przsmisimUS,
3329 4479 3628 4534 Albel‘tum

224 4597 296 4636 ex
324 4595 490 4635 more
549 4577 788 4633 militari
842 4577 1054 4634 servire
1108 4582 1431 4650 cogeretur,
1465 4595 1568 4651 pro
1600 4581 1878 4638 beneﬁcio

224 4669 384 4742 quod
419 4667 658 4723 tenebat
689 4667 759 4722 de
788 4668 1002 4722 domno
1045 4667 1295 4735 Alberto,
1332 4667 1451 4724 ﬁlio
1481 4669 1751 4725 videlicet
1782 4669 1883 4725 Ri-

227 4758 392 4814 baldi
424 4755 742 4813 clarissimi
773 4756 876 4811 viri
905 4757 1184 4829 ;ejusque
1216 4757 1441 4813 servicii
1471 4759 1644 4824 mole,
1678 4763 1741 4814 ut
1771 4761 1884 4815 fra-

227 4847 368 4921 gilis
397 4845 633 4914 mulier,
653 4846 972 4902 admodum
994 4851 1349 4918 gravaretur,
1375 4847 1610 4904 salubre
1632 4849 1886 4920 proposi-

229 4943 364 4992 tum
397 4936 647 5009 eligens,
680 4936 878 4992 domni
913 4936 1178 4991 Landrici
1217 4937 1464 5004 abbatis,
1499 4939 1886 4994 antecesseris

233 5026 376 5094 mei,
412 5025 783 5098 praesentiam
815 5026 979 5094 adiit,
1011 5026 1220 5082 obnixe
1252 5030 1453 5098 petens
1483 5033 1551 5082 ut
1581 5045 1690 5082 sua
1721 5046 1889 5100 prece

233 5116 526 5172 obtineret
550 5119 691 5187 aput
710 5115 995 5170 domuum
1018 5132 1190 5170 suum
1206 5115 1549 5187 praedictum
1565 5116 1887 5188 Albertum,

233 5205 654 5278 quatinus,pro
677 5203 874 5260 anima
893 5223 1001 5260 sua
1028 5209 1086 5260 et
1117 5221 1219 5276 pro
1249 5205 1560 5262 animabus
1581 5213 1891 5278 parentum

235 5309 506 5359 suorum,
542 5293 777 5349 daretur
805 5293 916 5348 sibi
945 5293 1192 5348 facultas
1223 5292 1554 5348 dimittendi
1583 5300 1745 5351 terrae
1773 5315 1890 5353 sua:

235 5381 613 5438 medietatem
645 5383 856 5438 Sancto
891 5385 1057 5436 Petro
1087 5381 1306 5452 propiis
1333 5381 1543 5436 usibus
1567 5383 1748 5440 altera
1779 5403 1894 5441 me-

235 5472 454 5527 dietate
483 5474 710 5527 retenta
739 5471 865 5527 sine
923 5469 1156 5525 servitio
1189 5470 1328 5524 dum
1360 5467 1671 5528 adviveret.
1706 5477 1894 5540 Quam

235 5564 458 5628 remmt
473 5565 600 5618 erat
617 5559 1074 5617 liberalissimus
1095 5574 1163 5615 ac
1183 5557 1297 5614 Deo
1319 5559 1563 5617 devotus
1589 5566 1892 5637 nostrique

1991 4584 2246 4641 nomine.
2272 4604 2299 4632 »

2543 4663 2954 4722 CAPITULUM
2993 4663 3082 4718 ΧΙ.

2401 4761 2474 4815 De
2502 4755 2810 4813 motendino
2840 4753 2997 4810 Malm
3027 4754 3224 4806 Parmae.

2590 4847 2754 4912 (Ante
2785 4860 2836 4898 a.
2874 4840 3054 4904 1070.)

2069 4963 2096 4990 ‹‹
2123 4944 2186 4994 In
2212 4936 2445 4993 nomine
2475 4934 2703 4991 Domini
2739 4932 2920 4987 nostri
2953 4931 3134 4986 Jhesu
3164 4924 3396 4983 Christi.
3424 4925 3637 4978 Notum

2000 5047 2126 5085 esse
2139 5028 2408 5082 volumus
2421 5025 2694 5082 omnibus
2708 5020 2919 5078 Christi
2937 5017 3205 5074 aecclesiaa
3221 5011 3638 5077 ﬁdelibus,tam

2002 5117 2373 5192 presentibus
2425 5130 2598 5188 quam
2662 5111 2899 5177 futuris,
2931 5126 3037 5181 ego
3072 5103 3392 5162 Landricus
3438 5100 3641 5165 abbas,

2002 5205 2390 5277 monachique
2413 5202 2658 5259 coenobii
2680 5200 2874 5256 Sancti
2892 5197 3040 5254 Petri
3055 5191 3446 5257 Carnotensis,
3465 5188 3642 5261 quod,

2003 5313 2134 5351 cum
2159 5294 2420 5350 azcclesia
2441 5294 2511 5346 de
2534 5290 2824 5346 Bruerolis
2845 5306 2879 5344 a
2900 5285 3264 5343 nobilissimo
3283 5277 3647 5336 viroAlberto

2002 5385 2171 5440 nobis
2201 5383 2406 5438 fuisset
2437 5379 2938 5446 concessa,visum
2962 5381 3052 5432 est
3075 5374 3245 5430 nobis
3275 5370 3650 5442 profuturum

2003 5493 2176 5540 esse,
2211 5473 2362 5529 tsub
2394 5471 2525 5544 ipsa
2555 5468 2817 5525 aacclesia
2847 5471 3123 5537 stagnum
3156 5464 3652 5532 con‘strueremus.

2005 5563 2168 5632 Quod
2193 5579 2328 5622 cum
2349 5558 2599 5618 minime
2622 5561 2822 5632 posset
2841 5554 2985 5621 ﬁeri,
3007 5551 3124 5610 nisi
3144 5550 3290 5604 foret
3308 5546 3505 5614 empta
3525 5557 3660 5598 arca
