3988 6072
329 271 450 336 283

1223 277 1456 342 PAULI
1499 278 1562 341 S.
1607 277 1841 341 PETRI
1885 277 2425 343 CARNOTENSIS
2469 279 2852 345 MONACHI.

3617 281 3739 346 28‘

332 407 509 466 uniUs
525 405 865 477 molendini,
891 407 1030 466 olim
1053 411 1338 468 nominati
1362 412 1515 468 Mala
1539 412 1971 479 Pcena,cuidam
2003 413 2058 478 Α
2088 411 2319 486 collegit
2355 413 2415 468 iu
2456 413 2820 470 orationibus
2877 413 3116 481 nostris,
3151 431 3218 470 ac
3275 413 3334 470 in
3392 413 3738 474 infirmitate

333 499 508 554 militi
538 498 812 556 Walterio
843 501 913 556 de
946 501 1204 572 Ungena,
1233 503 1403 572 cujus
1435 507 1556 557 erat
1586 503 1788 557 eadem
1824 519 1978 566 area,

325 588 618 660 jussimus
632 589 767 644 dare
782 607 964 644 unum
979 608 1210 662 aequum
1224 590 1508 645 obtimum
1525 595 1581 646 et
1594 592 1982 664 quadraginta

333 694 712 734 nummorum
745 678 1097 750 solidos,qui
1131 679 1252 734 dati
1285 685 1423 734 sunt
1453 698 1486 735 a
1517 681 1752 735 Warino
1786 697 1977 736 mona-

334 767 464 834 cho,
499 768 792 840 provisore
823 773 880 822 et
909 768 1243 824 ediﬁcatore
1265 768 1452 840 ipsius
1484 768 1614 824 loci.
1640 770 1718 824 Eo
1741 769 1978 841 quidem

331 859 531 912 tenore
554 857 742 928 ipsam
767 874 959 912 aream
984 858 1258 924 emimus,
1287 862 1367 927 ut,
1391 856 1554 912 nullo
1571 875 1832 930 unquam
1851 875 1981 914 con-

332 945 672 1013 tradicente,
707 945 762 1000 in
814 951 1095 1000 aeternum
1145 946 1410 1002 habendo
1461 947 1890 1018 possideamus,
1923 953 1982 1004 et

333 1033 582 1107 singulis
613 1035 784 1090 annis
814 1051 915 1106 pro
946 1035 1149 1089 eadem
1171 1052 1304 1090 area
1325 1035 1599 1106 praedicto
1631 1036 1907 1092 Walterio
1925 1042 1982 1093 et

332 1122 581 1196 posteris
613 1125 740 1194 ejus
771 1123 989 1180 solidos
1018 1125 1166 1179 duos
1196 1141 1572 1179 nummorum
1593 1125 1652 1179 in
1671 1125 1980 1180 festivitate

333 1211 520 1268 sancti
542 1211 789 1284 Remigii
808 1213 1292 1278 solvamus.0uod
1318 1212 1447 1268 siin
1471 1214 1662 1269 dando
1689 1214 1981 1287 negligen-

332 1305 420 1358 tes
452 1300 756 1367 fuerimus,
791 1301 1057 1372 legaliter
1101 1303 1463 1369 emendetur,
1499 1307 1556 1357 et
1585 1320 1720 1358 area
1749 1320 1982 1374 semper

332 1389 636 1446 habeatur.
665 1389 722 1446 Si
755 1390 888 1462 quis
921 1395 1118 1446 autem
1147 1390 1283 1445 huic
1314 1391 1473 1463 operi
1505 1391 1819 1464 aliquando
1850 1409 1982 1447 con-

333 1478 510 1535 traire
541 1478 930 1551 temptaverit,
965 1497 1100 1534 cum
1146 1480 1298 1535 Juda
1345 1480 1625 1535 traditore
1663 1482 1721 1536 in
1753 1481 1979 1536 inferno

333 1585 535 1640 pmnas
559 1568 701 1636 luat,
717 1567 832 1624 nisi
855 1567 1220 1624 satisfaciens
1244 1569 1778 1640 resipuerit.Testes
1800 1569 1980 1641 hujus

334 1655 414 1712 rei
439 1655 806 1712 subscribere
836 1657 1190 1713 curavimus.
1225 1657 1447 1726 Teudo,
1478 1657 1636 1714 ﬁlius
1667 1659 1976 1715 Roscelini.

2082 502 2377 572 jacentem
2393 503 2521 558 cibo
2537 503 2699 570 aluit,
2717 509 3085 560 etmortuum
3108 502 3388 576 sepelivit.
3413 503 3547 560 Post
3569 507 3741 577 cujus

2092 596 2360 656 mortem,
2387 592 2938 663 frater-ejusVitalis
2969 598 3186 648 terram
3221 597 3394 666 atque
3422 593 3618 650 lucum
3641 612 3738 651 ca-

2089 678 2414 735 lumniatus
2437 685 2543 746 est,
2563 687 2639 747 et,
2660 699 2792 736 cum
2819 681 3085 754 pertinax
3115 686 3270 737 esset
3299 680 3738 750 calumniando,

2090 785 2194 839 pro
2225 769 2425 824 eadem
2459 785 2519 823 re
2549 786 2582 824 a
2612 769 2923 825 Gausfrido
2963 770 3249 826 monacho
3279 769 3325 825 X
3355 787 3740 827 nummorum

2091 856 2308 912 solidos
2357 858 2603 929 ac'cepit,
2637 862 2715 924 et,
2749 875 2881 913 cum
2935 858 3243 914 Guarnerii
3275 857 3414 924 ﬁlio,
3448 876 3740 932 guerpum

2090 962 2266 1017 super
2295 944 2474 1000 altare
2506 947 2700 1002 Sancti
2732 947 3001 1002 Germani
3031 947 3246 1020 posuit,
3264 963 3460 1003 coram
3486 949 3742 1006 subscri-

2090 1033 2207 1104 ptis
2251 1033 2523 1088 testibus.
2558 1033 2832 1090 Walterio
2892 1035 2962 1090 de
3019 1035 3280 1107 Ungena.
3316 1037 3624 1094 Lamberto
3669 1039 3741 1094 de

2091 1120 2380 1177 Lammeri
2435 1121 2605 1177 Villa.
2643 1123 2973 1180 Rodbertus
3031 1123 3378 1180 Miscbinus.
3422 1124 3740 1198 Sulpicius,

2089 1209 2246 1266 ﬁlius
2276 1213 2424 1282 ejus.
2458 1211 2737 1267 Ernulfus
2768 1217 2951 1268 sutor.
2967 1212 3362 1269 Winebertus.
3396 1213 3456 1270 Si
3488 1215 3621 1287 quis
3643 1232 3744 1271 au-

2087 1303 2206 1354 tem
2238 1300 2373 1355 huic
2401 1301 2682 1372 emptioni
2715 1301 3004 1357 contraire
3033 1301 3282 1358 voluerit
3301 1306 3360 1357 et
3388 1319 3510 1358 rem
3532 1303 3603 1358 ad
3624 1303 3741 1376 pla-

2089 1388 2269 1445 citum
2309 1390 2558 1455 duxerit,
2593 1389 2801 1445 libram
2834 1391 2962 1445 auri
3005 1390 3266 1462 primum
3327 1390 3652 1462 persolvat;
3685 1397 3744 1448 et

2089 1478 2348 1549 quandiu
2382 1479 2440 1532 in
2466 1478 2778 1550 pertinatia
2808 1479 3146 1551 perstiterit,
3162 1496 3259 1534 ore
3294 1479 3390 1535 Dei
3420 1483 3477 1536 et
3507 1485 3741 1536 sancto-

2090 1584 2221 1622 rum
2254 1571 2708 1640 sanctarumque
2739 1568 3004 1623 omnium
3039 1568 3116 1623 sit
3147 1567 3478 1624 anathema.
3511 1591 3540 1620 »

2611 1675 3026 1732 CAPITULUM
3065 1675 3207 1731 XIV.

335 1744 662 1801 Richardus
692 1746 762 1800 de
794 1745 977 1801 Bairo.
1014 1745 1342 1802 Rodbertus
1369 1747 1440 1801 de
1475 1747 1749 1802 Fossatis.
1787 1749 1879 1804 Ivo
1909 1749 1982 1804 de

2158 1766 2233 1820 De
2261 1771 2406 1820 terra
2437 1765 2739 1836 Bulﬁnz‘aci
2769 1765 3120 1850 dqtaﬁaneto
3151 1765 3308 1822 Petro
3340 1781 3374 1820 α
3405 1764 3668 1821 Walterio

335 1833 758 1906 Regemalasto.
775 1834 1090 1906 Sulpicius,
1105 1834 1262 1890 filius
1292 1835 1628 1892 Hadeberti.
1653 1836 1980 1893 Richardus

335 1923 703 1996 praepositus.
737 1923 1046 1980 Rainerius
1079 1925 1501 1982 Fiuemuudus.
1536 1926 1864 1982 Rodbertus
1883 1927 1984 1983 Mi-

335 2012 601 2068 echinus.
639 2034 667 2062 ››

867 2103 1122 2159 CAPITU
1131 2103 1280 2160 LUM
1329 2103 1447 2160 XII.

422 2190 497 2247 De
525 2193 940 2248 commutatione
969 2201 1134 2249 terra?
1159 2210 1322 2265 quam
1349 2201 1606 2262 stagnum
1639 2201 1890 2266 cooperzt.

923 2281 1091 2353 (Ante
1122 2300 1174 2337 a.
1211 2282 1392 2352 1070.)

409 2389 438 2418 ‹‹
472 2371 536 2422 In
568 2367 782 2424 Christi
841 2370 1098 2426 nomine.
1131 2371 1249 2442 Ego
1308 2371 1491 2427 abbas
1549 2371 1892 2440 Landricus,
1927 2377 1985 2428 ct

337 2472 542 2512 omnes
573 2457 842 2512 monachi
891 2458 1138 2515 coenobii
1175 2460 1371 2514 Sancti
1407 2459 1554 2515 Petri
1587 2461 1980 2528 Carnoteusis,

338 2549 542 2602 uotum
575 2562 702 2602 esse
730 2546 1004 2604 volumus
1052 2549 1439 2620 praesentibus
1468 2555 1526 2604 et
1559 2549 1790 2617 futuris,
1825 2551 1983 2606 chri-

337 2635 540 2690 stianae
556 2634 825 2691 videlicet
843 2635 991 2691 ﬁdzei
1008 2637 1350 2703 cultoribus,
1371 2639 1547 2710 quod,
1569 2645 1862 2695 annuente
1875 2639 1986 2694 cla-

339 2723 573 2780 rissimo
604 2722 744 2790 viro,
770 2725 984 2781 domno
1012 2725 1280 2782 videlicet
1307 2727 1559 2792 Alberto,
1595 2745 1698 2798 pro
1729 2729 1982 2798 quadam

339 2817 496 2868 terra
515 2829 694 2884 quam
715 2813 971 2885 cooperit
991 2831 1142 2886 aqua
1163 2816 1375 2888 stagni,
1399 2815 1551 2872 infra
1583 2817 1775 2872 vicum
1808 2817 1982 2872 Brue-

341 2899 629 2957 rolensem
653 2902 1278 2970 constructi,dedimus
1300 2903 1358 2958 in
1381 2905 1986 2962 commutatioueduo-

342 2990 455 3046 bus
489 2990 790 3059 fratribus,
823 2992 1212 3048 Guauscelino
1251 2993 1472 3049 scilicet
1503 2997 1675 3065 atque
1706 2995 1982 3067 Sulpicio,

341 3079 519 3136 aliam
550 3084 766 3136 terram
795 3098 912 3137 non
939 3081 1109 3154 longe
1140 3100 1174 3138 a
1199 3081 1320 3139 vico
1348 3102 1360 3153 ;
1384 3101 1510 3156 quas
1541 3085 1891 3140 terminatur
1919 3102 1987 3141 ex

2807 1837 3017 1892 Palart.

2679 1927 2844 1998 (Ante
2875 1943 2928 1983 a.
2969 1927 3160 1995 1070.)

2163 2037 2191 2065 ‹‹
2228 2015 2290 2070 In
2322 2015 2557 2072 nomine
2588 2015 2775 2071 Patris
2807 2020 2864 2071 et
2896 2014 3019 2070 Filii
3053 2018 3110 2070 et
3138 2013 3384 2087 spiritus
3413 2013 3746 2070 sancti.No-

2091 2108 2218 2159 tum
2249 2121 2377 2160 esse
2406 2104 2699 2173 volumus,
2731 2122 2836 2178 ego
2884 2104 3208 2160 Landricus
3249 2103 3433 2158 abbas
3464 2107 3514 2158 et
3543 2102 3738 2158 omnis

2093 2194 2462 2266 congregatio
2495 2193 2915 2250 monachorum
2938 2191 3186 2248 coenobii
3211 2192 3407 2247 Sancti
3440 2190 3591 2247 Petri
3614 2193 3746 2248 Car-

2093 2282 2378 2348 notensis,
2409 2281 2684 2337 omnibus
2710 2285 2832 2336 tam
2867 2281 3239 2354 presentibus
3289 2296 3465 2352 quam
3500 2279 3738 2348 futuris,

2093 2374 2305 2424 sanctae
2328 2370 2428 2425 Dei
2449 2369 2720 2426 (ecclesiae
2751 2368 3096 2436 cultoribus,
3119 2371 3294 2441 quod,
3323 2373 3631 2441 postquam
3654 2369 3745 2423 vir

2093 2457 2285 2514 clarus
2296 2459 2722 2515 ethonorabilis
2739 2458 3297 2525 domnusAlbertus,
3315 2462 3488 2530 prout
3504 2462 3742 2529 tempus

2094 2547 2360 2614 contulit,
2385 2547 2512 2604 loco
2535 2552 2734 2603 nostro
2756 2552 2815 2602 et
2835 2547 3004 2602 nobis
3035 2545 3356 2603 zecclesiam
3389 2545 3586 2602 Sancti
3607 2546 3745 2602 Ger-

2094 2635 2254 2692 mani
2283 2637 2354 2691 de
2399 2635 2708 2703 Bruerolis,
2743 2652 2878 2692 cum
2929 2635 3059 2691 aliis
3109 2635 3304 2702 rebus,
3333 2639 3423 2690 est
3467 2633 3742 2706 largitus,

2095 2725 2404 2796 cujusdam
2426 2725 2517 2780 sui
2540 2725 2745 2780 militis
2765 2725 3214 2797 aspexitterram
3231 2741 3358 2796 quas
3380 2721 3742 2778 Bulfiniacus

2095 2815 2329 2882 dicitur,
2354 2815 2411 2869 iu
2437 2814 2761 2886 parrmchia
2791 2814 3052 2870 Cruciaci
3082 2813 3229 2868 villis
3259 2831 3273 2882 ;
3317 2813 3389 2868 de
3421 2829 3533 2884 qua
3558 2817 3738 2879 terra,

2094 2907 2236 2959 tunc
2257 2904 2495 2976 quidem
2517 2903 3112 2976 inhabitabili,sepius
3132 2903 3326 2976 ipsum
3343 2900 3587 2956 militem
3607 2900 3746 2956 sub-

2096 2993 2372 3048 mouebat
2393 2997 2458 3048 ut
2479 3011 2606 3049 eam
2630 2994 2796 3048 beato
2817 2993 2980 3048 Petro
3012 2991 3275 3065 apostolo
3307 2995 3364 3046 et
3393 2994 3593 3046 sancto
3609 2989 3748 3046 Ger-

2097 3098 2290 3148 mano,
2317 3100 2419 3154 pro
2452 3083 2658 3137 anima
2688 3099 2806 3138 suae
2838 3081 3116 3149 remedio,
3149 3081 3332 3136 daret.
3363 3080 3492 3146 Qui,
3512 3078 3611 3133 diu
3636 3077 3748 3133 dif-

341 3186 458 3224 uua
493 3173 674 3241 parte,
707 3171 962 3243 quadam
1011 3171 1154 3242 piro,
1189 3175 1246 3228 et
1292 3190 1360 3228 ex
1416 3172 1530 3229 alia
1585 3179 1746 3245 parte
1801 3173 1984 3230 rivulo
2017 3157 2058 3225 C
2099 3171 2310 3236 ferens,
2331 3170 2391 3226 in
2414 3171 2564 3227 bello
2597 3173 2750 3243 quod
2783 3170 2955 3243 longo
2985 3174 3246 3242 tempore
3275 3168 3427 3224 inter
3456 3168 3745 3222 domuum

343 3274 505 3330 aquae
537 3275 663 3330 quae
685 3264 926 3315 vocatur
954 3261 1183 3316 M'edua.
1209 3249 1718 3329 Dedimus'etiam,
1744 3279 1846 3334 pro
1877 3263 1986 3319 hac

341 3345 470 3418 ipsa
491 3364 570 3413 re,
597 3347 853 3420 Sulpicio
872 3348 920 3401 V
942 3365 1319 3404 nummorum
1345 3349 1561 3406 solidos
1591 3355 1645 3405 et
1677 3368 1854 3406 unam
1884 3353 1985 3407 do-

341 3452 528 3491 mum.
553 3436 712 3491 Hanc
731 3437 968 3508 quidem
991 3437 1506 3493 commutationem
1530 3439 1986 3496 factam‘annue-

343 3528 482 3579 runt
513 3540 655 3578 uxor
683 3525 942 3596 praedicti
974 3524 1238 3596 Sulpicii,
1281 3525 1516 3581 nomine
1573 3527 1896 3594 Roscelina,
1930 3531 1988 3584 et

345 3611 673 3668 Rodbertus
704 3612 862 3668 {ilius
891 3612 1518 3686 ejus.Subscripsimus
1540 3615 1716 3670 etiam
1749 3617 1988 3673 nomina

343 3699 610 3769 testium,
643 3705 707 3756 ut
743 3700 1118 3774 insurgentes
1166 3701 1310 3758 forte
1354 3720 1423 3757 ex
1471 3705 1732 3769 adverso,
1766 3705 1988 3762 ratione

342 3788 608 3855 convicti,
631 3788 901 3846 inefﬁcax
919 3794 1165 3846 conatus
1181 3807 1382 3847 eorum
1410 3792 1988 3850 deﬁciat.Walterius

342 3879 414 3935 de
445 3879 704 3952 Ungena.
738 3879 1066 3936 Richardus
1097 3883 1788 3953 praepositusRainerius
1820 3885 1987 3940 Fine-

340 3968 618 4024 muudus.
654 3969 1000 4024 Rodbertus.
1037 3969 1449 4026 Guinebertus.
1486 3972 1790 4028 Radulfus.
1827 3973 1985 4029 Hauc

341 4063 537 4113 autem
585 4055 871 4112 cartulam
912 4056 962 4113 si
1010 4058 1144 4130 quis
1192 4061 1540 4116 temerarius
1593 4063 1988 4118 contradicere

340 4144 728 4217 temptaverit,
753 4145 799 4200 Χ
820 4144 1000 4202 libras
1030 4147 1253 4219 argenti
1290 4147 1615 4220 persolvat;
1659 4154 1734 4218 et,
1776 4150 1823 4206 si
1857 4167 1988 4223 per—

340 4233 502 4288 tinax
533 4232 724 4302 fuerit,
760 4233 834 4289 sit
863 4235 1194 4305 anathema,
1247 4237 1428 4293 donec
1476 4238 1871 4309 resipiscendo
1915 4241 1985 4296 ad

341 4321 808 4378 emendationem
839 4322 1050 4378 veniat.
1089 4347 1115 4374 »

866 4413 1283 4470 CAPITULUM
1322 4414 1467 4470 XIII.

472 4501 548 4556 De
576 4508 720 4556 terra
748 4508 800 4557 et
829 4501 949 4557 luco
978 4510 1152 4574 empto
1181 4503 1248 4559 de
1281 4503 1581 4560 Guarnerio
1614 4504 1854 4561 Gazello.

927 4591 1093 4663 (Ante
1122 4609 1174 4646 a.
1212 4593 1392 4663 1080.)

414 4699 441 4727 «
474 4678 536 4733 In
560 4677 796 4734 nomine
819 4679 1048 4735 Domini
1073 4679 1258 4735 nostri
1288 4680 1472 4735 Jhesu
1507 4681 1744 4737 Christi.
1770 4683 1983 4739 Notum

340 4783 469 4823 esse
487 4766 779 4835 volumus,
805 4785 913 4823 nos
934 4767 1208 4823 monachi
1257 4767 1453 4823 Sancti
1486 4769 1634 4824 Petri
1672 4774 1983 4826 Carnoten-

341 4855 442 4923 sis,
469 4856 577 4910 sub
609 4856 818 4911 abbate
849 4857 1106 4911 Huberto
1147 4855 1398 4928 regulari
1448 4860 1680 4914 tramite
1707 4859 1982 4928 viventes,

341 4944 494 5016 quod
521 4944 760 5015 quidam
791 4942 980 5008 miles,
1007 4943 1243 4998 nomine
1273 4943 1650 5013 Guarnerius,
1673 4947 1986 5018 agnomine

342 5031 670 5100 Guazellus,
695 5031 863 5086 nobis
886 5030 1146 5086 vendidit
1168 5032 1598 5102 portiunculam
1627 5035 1714 5090 sui
1748 5035 1863 5091 luci
1885 5037 1986 5108 qui

333 5121 505 5193 juxta
526 5120 725 5175 lucum
750 5123 1018 5174 nostrum
1041 5119 1525 5190 adjacet;terram
1549 5140 1782 5196 quoque
1803 5126 1988 5181 arabi-

340 5209 456 5265 lem
490 5213 622 5263 ante
651 5207 872 5274 lucum,
899 5223 1100 5263 versus
1124 5213 1336 5264 terram
1362 5211 1523 5266 illam
1556 5229 1732 5284 quam
1765 5221 1988 5270 emerat

343 5296 619 5353 Warinus
652 5295 974 5351 monachus
1005 5314 1039 5351 a
1072 5297 1404 5364 Mascelino,
1439 5300 1669 5357 Geraldi
1709 5302 1849 5358 ﬁlio.
1884 5306 1986 5360 Ac-

344 5384 611 5456 cepitque
632 5385 928 5456 prodictus
949 5385 1453 5454 Guarnerius,tam
1477 5389 1546 5444 de
1566 5388 1698 5446 luco
1717 5409 1894 5464 quam
1917 5395 1988 5450 de

345 5479 518 5542 terra,
544 5475 1175 5546 taxatam‘peccuniam
1208 5493 1242 5532 a
1273 5478 1485 5533 domno
1511 5479 1759 5537 Ernaldo
1786 5499 1987 5538 mona-

347 5561 584 5636 cho,qui
606 5567 746 5622 tunc
764 5563 825 5621 in
845 5564 970 5622 vico
993 5564 1284 5624 Bruerolis
1305 5568 1990 5644 commanebat,eumque

2018 4532 2065 4595 D

2091 3259 2395 3315 Albertum
2425 3263 2482 3315 et
2512 3260 2875 3316 Guaszonem
2907 3259 3204 3326 fuit,idem
3229 3255 3743 3324 miles,Walterius

2096 3349 2350 3415 nomine,
2372 3349 2652 3404 Palardus
2675 3349 3180 3422 cognomine,ante
3201 3347 3469 3402 Castrum
3493 3345 3744 3413 Novum,

2097 3439 2242 3494 forte
2275 3437 2485 3492 accidit
2516 3443 2578 3493 ut
2607 3437 2859 3510 graviter
2889 3437 3247 3510 plagaretur,
3270 3440 3328 3491 et
3348 3435 3488 3490 dum
3509 3434 3749 3489 timeret

2097 3527 2266 3593 mori,
2288 3526 2592 3582 dominum
2626 3544 2802 3584 suum
2831 3526 3131 3582 Albertum
3154 3530 3329 3597 atque
3351 3539 3490 3580 suos
3505 3521 3751 3578 commi-

2095 3615 2309 3672 litones
2339 3617 2650 3682 advocans,
2684 3615 3057 3672 medietatem
3090 3613 3359 3686 predictaa
3389 3617 3574 3679 terra,
3605 3627 3745 3666 cum

2096 3722 2341 3762 assensu
2375 3704 2573 3760 domui
2605 3704 2717 3774 sui,
2742 3708 2944 3760 sancto
2977 3704 3142 3760 Petro
3160 3707 3217 3759 et
3231 3707 3433 3759 sancto
3455 3701 3746 3757 Germano

2095 3795 2406 3860 concessit,
2440 3794 2776 3866 donumque
2821 3810 3000 3864 super
3040 3791 3221 3848 altare
3253 3789 3439 3848 sancti
3471 3787 3748 3846 Germani

2094 3883 2425 3939 transmisit
2456 3900 2468 3938 :
2502 3900 2568 3939 eo
2601 3883 2836 3955 quidem
2867 3886 3091 3949 tenore,
3123 3885 3188 3936 ut
3210 3880 3335 3936 suis
3365 3877 3746 3945 usibus,dum

2065 3959 2068 3970 ’
2096 3972 2404 4037 adviveret,
2429 3971 2798 4027 medietatem
2820 3970 3064 4027 alteram
3090 3970 3364 4027 retineret
3388 3986 3402 4036 ;
3434 3973 3566 4040 post
3585 3983 3748 4021 mor-

2096 4065 2216 4116 tem
2245 4077 2377 4116 vero
2409 4061 2669 4132 corporis
2699 4061 2827 4132 ipsa
2856 4077 2966 4116 sua
2993 4059 3300 4126 medietas,
3334 4056 3447 4113 sibi
3477 4059 3746 4122 retemta,

2096 4149 2259 4205 alteri
2283 4151 2492 4220 juncta
2521 4149 2928 4216 medietati,ad
2961 4167 3031 4221 pr
3051 4169 3066 4203 ι’
3084 4148 3268 4204 fatum
3301 4144 3631 4218 apostolum
3655 4159 3752 4199 re-

2095 4239 2247 4294 diret
2269 4244 2327 4294 et
2348 4239 2418 4294 ad
2447 4242 2715 4294 sanctum
2739 4240 3116 4294 Germanum.
3138 4237 3300 4302 Quod
3322 4241 3378 4291 et
3400 4235 3618 4290 factum
3633 4237 3745 4302 est;

2096 4345 2256 4393 nam,
2281 4345 2346 4383 eo
2377 4332 2626 4395 mortuo,
2643 4327 2888 4398 jubeute
2910 4327 3124 4382 domno
3155 4325 3410 4390 Alberto,
3431 4327 3646 4380 terram
3675 4337 3750 4376 ex

2095 4417 2319 4488 integro
2352 4415 2688 4482 habuimus,
2705 4417 2760 4470 et
2778 4416 3051 4470 eumdem
3070 4412 3415 4471 Walterium
3444 4409 3504 4466 in
3529 4408 3750 4465 nostris

2095 4504 2476 4572 orationibus,
2511 4521 2646 4560 cum
2687 4503 2962 4560 omnibus
2996 4501 3468 4560 benefactoribus
3503 4497 3746 4566 nostris,

2095 4594 2402 4666 posuimus
2428 4611 2495 4649 ac
2516 4611 2620 4666 pro
2644 4593 2772 4664 ejus
2794 4592 2993 4648 anima
3015 4591 3288 4648 sacclesize
3313 4591 3483 4662 signa
3504 4587 3748 4660 pulsan-

2093 4687 2204 4748 tes,
2237 4689 2411 4754 atque
2443 4683 2558 4739 Deo
2589 4699 2790 4754 preces
2823 4681 3087 4737 fudimus
3119 4680 3346 4736 debitas
3379 4683 3437 4734 et
3465 4693 3654 4748 usque
3682 4675 3748 4733 in

2095 4779 2374 4829 aeternum
2403 4789 2438 4828 a
2467 4771 2634 4828 nobis
2667 4772 3018 4829 fundendas.
3053 4771 3116 4826 In
3148 4767 3484 4842 supradicto
3515 4781 3750 4838 quoque

2095 4863 2268 4928 dono,
2294 4879 2430 4934 sepe
2461 4862 2878 4916 memorandus
2909 4861 3164 4915 domnus
3194 4857 3488 4926 Albertus,
3513 4854 3666 4910 sicut
3684 4853 3751 4910 in

2095 4951 2304 5007 ceteris
2324 4950 2516 5023 donis,
2537 4954 2658 5005 tam
2681 4967 2716 5004 a
2736 4967 2797 5006 se
2829 4966 3007 5021 quam
3039 4967 3072 5004 a
3107 4948 3230 5004 suis
3260 4945 3534 5003 fidelibus
3557 4941 3751 5012 iactis,

2095 5041 2203 5096 hoc
2224 5029 2468 5110 addidit,
2495 5044 2560 5094 ut
2585 5039 2634 5094 si
2665 5043 2836 5094 antea
2868 5037 3064 5110 aliqua
3095 5035 3528 5093 consuetudine
3540 5049 3752 5105 grava-

2094 5130 2286 5194 batur,
2317 5144 2505 5201 neque
2533 5127 2771 5195 vicaria,
2811 5143 2998 5200 neque
3031 5127 3247 5197 hanno,
3280 5141 3469 5197 neque
3497 5121 3749 5190 teloneo,

2096 5221 2407 5290 postquam
2435 5217 2641 5272 datum
2673 5215 2868 5282 fuerit,
2903 5215 3020 5271 ullo
3073 5217 3246 5271 modo
3303 5215 3593 5287 gravetur.
3628 5209 3750 5265 Hoc

2096 5323 2330 5378 quoque
2353 5311 2556 5363 sancto
2580 5305 2746 5360 Petro
2777 5308 2836 5360 et
2867 5309 3070 5361 sancto
3102 5306 3412 5369 Germano,
3438 5301 3554 5356 Deo
3585 5299 3756 5354 devo-

2096 5401 2192 5452 tus
2224 5395 2310 5450 vir
2339 5395 2735 5462 dedit,volens
2768 5398 2835 5450 ut
2867 5395 3060 5466 quiete
3090 5391 3362 5450 monachi
3385 5405 3617 5463 semper
3635 5387 3752 5442 ini-

2097 5485 2154 5541 bi
2185 5485 2380 5541 vivant
2411 5489 2467 5540 et
2497 5485 2612 5540 Deo
2645 5484 2917 5540 serviant.
2952 5483 3150 5540 Voluit
3178 5482 3358 5540 etiam
3389 5477 3754 5536 maledictio-

2098 5591 2232 5632 nem
2263 5573 2578 5646 subscribi,
2607 5576 2693 5644 ut,
2727 5572 2779 5630 si
2811 5572 3111 5645 quispiam
3160 5569 3478 5645 aliquando
3504 5565 3758 5626 voluerit
