3988 6072
373 279 489 343 287

372 507 583 598 berti,a
611 514 882 582 praedicto
915 516 1143 589 clerico,
1178 507 1398 598 absque
1433 527 1607 585 ullius
1640 531 1892 589 hominis
1925 553 2018 590 ca-

373 595 618 666 lumnia,
667 612 934 661 emerunt
979 609 1154 667 etiam
1207 620 1261 669 et
1311 616 1554 674 alteram
1606 625 2017 687 medietatem;

373 687 577 744 dantes
609 691 660 745 ei
691 693 942 764 primum
969 697 1067 753 Vll
1090 701 1305 759 solidos
1338 713 1952 774 nummorum,dcinde
1973 715 2021 768 ν

371 776 972 856 solidos,rursumque
1006 789 1080 844 lll
1105 791 1353 860 solidos;
1389 798 1701 871 sepiusque
1725 803 1794 856 ad
1816 820 1914 859 eos
1938 822 2021 858 re-

371 867 572 923 deunti
611 871 895 928 dederunt
918 877 966 929 ei
997 883 1344 938 munuscula
1366 886 1474 939 sibi
1501 888 1644 958 ipsis
1669 894 2014 950 necessaria.

371 955 574 1014 Testes
613 959 791 1032 hujus
822 964 901 1018 rei
935 968 1296 1040 subscriptus
1344 973 1524 1031 lector
1567 980 1762 1036 videre
1805 989 2013 1053 potest.

371 1042 722 1102 Balduinum
757 1052 1142 1120 presbiterum
1166 1058 1510 1119 \Valterium
1535 1067 1605 1120 de
1632 1042 2018 1126 Unhena.Bal-

369 1131 594 1188 dricum
632 1136 1317 1203 BuccllumJtodbertum
1353 1152 2015 1215 Mischinuni.Guimun-

369 1220 511 1318 dum
545 1228 599 1318 et
629 1225 974 1318 Sulpicinm.
999 1233 2012 1318 fratres.Osmundum.Stephanum.

368 1309 597 1368 Morard
609 1332 636 1368 u
649 1317 872 1372 m.l"i'..-l;
885 1323 981 1376 ard
994 1341 1087 1378 um
1115 1330 1423 1400 prmpositu
1435 1334 1640 1389 m.Rod
1650 1338 1808 1391 bertu
1820 1356 1874 1393 m
1898 1357 2017 1394 car-

364 1402 718 1470 pentarium.

440 1511 466 1583 cf
504 1491 566 1545 In
599 1491 706 1549 hac
736 1512 966 1570 quoque
997 1507 1156 1559 carta
1203 1507 1376 1564 etiam
1429 1513 1703 1570 omnibus
1732 1515 2014 1583 ,fidelibus

365 1581 570 1634 notum
604 1598 732 1640 esse
761 1586 1050 1659 volumus,
1093 1597 1249 1664 quod
1301 1615 1335 1652 a
1383 1602 1654 1671 praedicto
1705 1604 2012 1663 Gausfrido

367 1670 654 1727 monacho
687 1691 840 1732 unus
857 1679 1214 1752 agripennus
1241 1670 1402 1741 terrre
1421 1695 1508 1745 est
1528 1697 1760 1764 emptus
1785 1695 1854 1750 de
1878 1713 2015 1767 quo-

365 1757 978 1852 dam-militemomine
1010 1771 1318 1846 Rodberto,
1351 1778 1522 1844 datis,
1557 1757 1659 1852 pro
1705 1801 1791 1851 eo,
1825 1757 2012 1842 XXXta

364 1845 568 1904 solidis
601 1867 999 1913 nummorum.
1034 1861 1212 1926 Quem
1247 1867 1634 1939 agripennum
1675 1873 2006 1942 Bardulfus,

363 1936 519 1993 ﬁlius
551 1939 871 2013 Bertranni,
906 1955 1108 2018 postea
1146 1936 1540 2016 calumniatus
1588 1966 1675 2016 est
1725 1981 1826 2034 pro
1877 1982 2004 2021 suo.

363 2025 530 2081 Proin
557 2040 949 2091 convenerunt
972 2053 1148 2111 super
1166 2047 1379 2100 terram
1403 2047 1656 2105 domnus
1688 2051 1851 2125 Hugo
1873 2071 2005 2109 cum

363 2114 489 2215 suis
521 2117 790 2178 fidelibus
822 2129 994 2197 atque
1025 2131 1279 2189 domnus
1314 2135 1672 2196 Gislebertus
1712 2114 2010 2215 deUTegu-

361 2201 544 2272 lariis,
579 2213 633 2263 et
659 2217 816 2268 certa
847 2216 1068 2274 ratione
1099 2220 1446 2281 invenerunt
1494 2246 1607 2284 non
1649 2247 1776 2287 esse
1805 2250 2005 2289 verum

361 2293 516 2363 quod
551 2295 862 2388 bardulfus
892 2308 1376 2369 asserebat.Tunc
1408 2315 1517 2388 ipsi
1551 2319 1748 2374 domni
1782 2339 2009 2378 omnes-

362 2397 477 2454 quo
534 2384 629 2439 alii
683 2388 900 2447 milites
947 2398 1348 2466 supradictum
1405 2384 1790 2479 agripennum
1841 2416 2006 2468 terra:

361 2475 562 2528 sancto
595 2475 758 2534 Petro
786 2485 842 2535 et
873 2489 1074 2540 sancto
1105 2487 1415 2560 Germano,
1446 2475 1571 2567 pari
1605 2515 1870 2567 assensu,
1891 2519 2009 2556 am-

360 2567 636 2620 nuerunt.
670 2567 767 2623 Set
797 2571 935 2641 quia
959 2589 1161 2632 omnes
1193 2580 1410 2650 pariter
1457 2588 1576 2640 tam
1626 2589 1786 2659 parvi
1827 2607 2004 2662 quam

361 2651 558 2723 magni
590 2653 659 2709 de
679 2653 805 2728 ipso
836 2659 958 2716 vico
997 2664 1265 2734 afferunt,
1299 2672 1537 2728 testium
1567 2677 1806 2732 nomina
1833 2679 2006 2735 subs-

363 2739 586 2796 cribere
626 2747 989 2816 superfluum
1022 2753 1182 2820 duxi,
1214 2773 1346 2813 cum
1381 2761 1553 2816 etiam
1587 2782 1892 2821 assensum
1923 2767 2004 2822 ibi

361 2827 672 2925 praebuerit
701 2833 993 2894 Guarinus
1026 2843 1094 2895 de
1127 2843 1362 2910 Islo,cui
1393 2850 1631 2922 pr0pius
1661 2853 1789 2925 ipsa
1819 2860 2003 2910 terru-

359 2914 418 2972 la
447 2915 812 2978 intereratln
848 2942 962 2997 quo
993 2930 1168 2986 etiam
1202 2933 1325 2990 loco
1359 2914 2003 3013 Milesindis.matrona,

360 3007 620 3100 conjunx
667 3015 962 3082 quondam
995 3017 1263 3076 Gualdini
1303 3025 1506 3083 militis
1547 3031 1672 3100 jam
1723 3007 2001 3100 defuncti,

359 3110 462 3166 pro
495 3098 691 3154 anima
722 3103 811 3156 sui
846 3105 1091 3164 senioris
1131 3115 1187 3166 et
1234 3130 1359 3181 sua,
1403 3117 1574 3187 juxta
1621 3125 1835 3176 terram
1871 3140 2004 3177 nos-

1272 299 1504 364 PAULI
1549 307 1616 368 S.
1660 303 1894 367 PETRI
1937 307 2472 375 CARNOTENSIS
2517 313 2892 378 MONACHI.

375 433 681 476 assensum
714 423 913 482 domni
946 427 1904 509 Hugonis,nepotisviriclarissimi
1925 443 2019 499 ΑΙ·
2051 443 2105 509 Α

2044 1817 2088 1880 Β

3668 315 3785 383 288

2665 449 3069 510 CAPITULUM
3109 451 3246 510 XIX.

2555 529 2629 585 De
2659 531 2866 588 vicaria
2893 533 3361 590 Eme-nteriarum

2721 624 2887 690 (Ante
2920 639 2971 680 a.
3006 624 3187 691 1080.)

2201 706 2644 781 «Omnipotens
2693 716 2860 780 Deus,
2914 713 3067 768 inter
3114 713 3228 769 alia
3277 712 3485 769 salutis
3535 715 3782 783 monita,

2127 801 2354 852 ortatur
2383 816 2489 854 nos
2521 799 2656 856 dare
2688 806 2751 856 ut
2782 802 3160 874 accipiamus,
3195 803 3416 858 scilicet
3447 808 3696 870 terrena,
3718 812 3785 860 ut

2127 886 2477 957 recipiamus
2505 889 2796 959 coelestia;
2849 892 3346 964 iterumque,dare
3394 891 3777 948 elemosinam

2127 980 2182 1029 et
2213 975 2470 1032 omniam
2486 981 2653 1036 nobis
2667 997 2794 1036 esse
2811 981 3270 1038 munda.lccirco
3287 980 3516 1036 inillius
3539 981 3778 1038 nomine

2125 1064 2224 1134 qui
2257 1065 2398 1120 talia
2426 1072 2644 1134 monet,
2679 1069 2795 1142 Ego
2844 1070 3144 1137 ltodulfus,
3187 1088 3290 1143 pro
3345 1070 3531 1127 salute
3561 1070 3773 1126 animae

2125 1170 2264 1209 mea:
2279 1161 2335 1210 et
2358 1157 2700 1214 remissione
2722 1166 3091 1231 peccatorum
3109 1177 3370 1216 meorum
3384 1165 3440 1216 et
3459 1160 3774 1234 conjungis

2124 1260 2286 1310 meae,
2321 1249 2378 1300 et
2409 1247 2662 1302 ﬁliorum
2710 1266 2998 1306 meorum.
3049 1249 3343 1306 Teudonis
3373 1256 3430 1306 et
3460 1250 3769 1323 Ingenulti,

2123 1349 2224 1388 seu
2257 1341 2562 1405 parentum
2613 1336 2698 1392 vel
2749 1355 3157 1395 successorum
3198 1356 3483 1405 meorum,
3517 1340 3772 1396 concedo

2123 1422 2335 1478 Sancto
2368 1428 2536 1480 Petro
2569 1425 2908 1483 Carnotensi
2959 1433 3018 1483 et
3065 1428 3370 1484 monachis
3401 1427 3619 1484 ibidem
3648 1444 3773 1484 ser-

2120 1511 2414 1569 vientibus
2443 1514 2718 1570 vicariam
2740 1522 2797 1572 et
2818 1517 3366 1574 commendaticiam
3386 1534 3562 1590 quam
3585 1517 3773 1572 habeo

2121 1600 2181 1654 in
2211 1606 2426 1657 terram
2459 1603 2743 1675 ipsorum,
2774 1605 2997 1662 scilicet
3020 1608 3079 1662 in
3105 1607 3239 1662 villa
3272 1624 3398 1678 quas
3431 1606 3647 1664 dicitur
3675 1607 3778 1664 EF

2121 1690 2454 1748 menterias.
2489 1695 2558 1748 Et
2588 1697 2651 1748 ut
2679 1693 2791 1750 ista
2821 1696 3120 1752 concessio
3170 1697 3228 1752 in
3260 1702 3606 1768 perpetuum
3637 1713 3773 1770 per-

2122 1785 2376 1846 maneat,
2411 1798 2606 1838 coram
2639 1784 2892 1840 testibus
2922 1784 3026 1840 bas
3058 1785 3281 1841 litteras
3312 1785 3780 1852 corroboravi,et

2120 1887 2265 1925 uxor
2313 1887 2443 1926 mea
2490 1889 2589 1927 seu
2638 1873 2740 1928 filii
2774 1875 3199 1946 praenominati.
3233 1877 3396 1942 Quod
3439 1874 3494 1931 si
3529 1874 3770 1947 aliquis,

2119 1959 2358 2015 ﬂamma
2387 1961 2724 2033 cupiditatis
2741 1980 3042 2031 accensus,
3059 1964 3358 2038 praefatam
3383 1962 3772 2022 elemosinam

2117 2047 2309 2104 delere
2339 2052 2725 2123 temptaverit,
2757 2053 2828 2109 de
2855 2052 3001 2110 libro
3027 2054 3158 2108 vita)
3187 2052 3246 2108 in
3290 2057 3640 2127 perpetuum
3672 2053 3770 2110 de-

2117 2135 2324 2192 leatur.

2188 2248 2215 2276 «
2249 2226 2306 2282 S.
2342 2227 2590 2296 Rodulti,
2617 2229 2715 2301 qui
2748 2228 2857 2285 hoc
2887 2235 3242 2304 praeceptum
3291 2231 3417 2288 ﬁeri
3452 2231 3658 2316 jussit.
3679 2277 3682 2280 .
3705 2231 3766 2288 S.

2117 2315 2410 2370 Teudonis
2441 2321 2497 2373 et
2526 2317 2584 2372 S.
2620 2317 2924 2389 Ingenulﬁ,
2959 2319 3214 2376 filiorum
3245 2317 3463 2393 ejus.S.
3490 2319 3764 2394 Ageverti

2116 2403 2605 2476 archipresbiteri.
2640 2408 2698 2463 S.
2733 2409 2963 2464 Erurdi.
2997 2410 3057 2465 S.
3091 2409 3312 2466 Hervei.
3347 2411 3406 2466 S.
3441 2409 3598 2466 Odm.
3624 2426 3767 2466 uxo-

2117 2492 2198 2548 ris
2232 2493 2548 2565 Ragenoldi
2578 2495 2925 2554 vicedomni.
2959 2499 3019 2554 S.
3053 2497 3400 2555 Huncboldi.
3439 2520 3468 2548 ι»

2189 2581 2439 2650 Miraris,
2482 2583 2681 2651 lector,
2733 2587 2889 2658 quod
2939 2586 3180 2644 alteram
3230 2593 3452 2644 certam
3491 2585 3664 2658 (169),
3694 2586 3768 2642 de

2116 2671 2318 2726 eadem
2348 2672 2584 2738 vicaria,
2619 2678 2770 2729 retro
2804 2680 2994 2731 actam
3027 2676 3337 2744 inveneris,
3362 2675 3518 2748 quod
3549 2675 3770 2747 impos-

2116 2758 2367 2815 sibilitas
2395 2759 2546 2816 hanc
2577 2761 2830 2818 habendi
2861 2763 3013 2820 fecit.
3044 2764 3262 2820 Verum
3292 2763 3454 2820 illam
3493 2763 3759 2831 alteram,

2115 2866 2242 2920 qua;
2275 2849 2430 2921 prior
2473 2851 2689 2924 scripta
2720 2852 3030 2919 invenitur,
3063 2853 3216 2910 sicut
3263 2871 3298 2910 a
3341 2871 3476 2910 vero
3517 2852 3766 2912 relatore

2116 2937 2312 3004 didici,
2345 2937 2424 2994 ita
2455 2939 2700 2996 edidi.ln
2727 2940 2836 2996 hoc
2856 2959 2990 2998 vero
3018 2942 3312 3016 discrepat
3341 2943 3502 3014 prior
3529 2943 3599 3000 ab
3624 2942 3762 3010 ista,

2116 3029 2271 3100 quod
2304 3029 2360 3083 in
2393 3045 2461 3084 ea
2489 3045 2856 3101 pervasorem
2885 3031 3110 3087 vicariae
3152 3031 3525 3089 Roscelinum
3580 3031 3769 3088 nomi-

2116 3123 2246 3184 nat;
2282 3118 2340 3172 in
2371 3117 2480 3174 hac
2511 3123 2706 3174 autem
2729 3120 3246 3193 ltadulfumzquod
3271 3121 3486 3176 idcirco
3510 3121 3654 3177 forte
3676 3138 3772 3177 ac-

361 3187 528 3251 tram,
563 3203 738 3258 quam
770 3193 910 3248 emit
945 3198 1216 3256 Warinus
1267 3206 1611 3276 monachus,
1661 3211 1822 3266 dedit
1871 3229 2001 3283 por-
2036 3191 2077 3256 C
2119 3207 2280 3273 cidit,
2315 3207 2453 3278 quia
2482 3207 2778 3264 binomius
2811 3210 3002 3274 fuit,et
3034 3187 3144 3266 usu
3167 3211 3406 3282 quidem
3428 3227 3660 3282 semper
3679 3215 3772 3266 est

355 3272 680 3332 tiunculam
715 3297 832 3335 suae
863 3286 1048 3351 terrai,
1081 3296 1314 3346 exorata
1363 3312 1395 3348 a
1444 3299 1729 3353 monacho
1778 3302 2002 3356 Guaus-

356 3361 534 3430 frido;
569 3383 694 3437 quae
711 3369 980 3426 terminat
998 3379 1276 3433 etterram
1292 3385 1560 3454 superius
1580 3386 2002 3460 dictam,quam

357 3450 500 3505 emit
529 3453 683 3509 idem
716 3456 1062 3548 Gaust‘ridus
1092 3481 1125 3518 a
1157 3450 1446 3524 Rodherto
1480 3473 1698 3541 milite;
1734 3450 2004 3548 superius

357 3554 589 3638 quoque
621 3543 968 3603 terminatur
1017 3551 1109 3606 via
1155 3571 1280 3626 quae
1330 3560 1489 3615 vadit
1517 3562 1588 3616 ad
1631 3543 1868 3632 saltum,
1904 3583 2006 3638 per

360 3627 614 3685 mediam
646 3637 858 3690 terram
889 3644 1172 3696 nostram.

429 3737 458 3765 ‹‹
488 3715 773 3777 Volumus
805 3723 1053 3798 denique
1084 3731 1155 3785 ab
1187 3735 1459 3793 omnibus
1492 3740 1648 3810 sciri,
1682 3745 1835 3814 quod
1868 3744 2002 3816 qui-

358 3804 492 3900 dam
527 3807 714 3877 miles,
749 3813 983 3871 nomine
1015 3817 1180 3892 Hugo
1211 3828 1266 3878 et
1301 3825 1625 3900 Famis,pro
1661 3831 1845 3888 salute
1874 3851 2001 3900 sua,

358 3891 509 3988 ultra
539 3900 836 3988 stagnum,
874 3904 1034 3961 dedit
1063 3913 1262 3967 sancto
1297 3916 1483 3984 Petro,
1505 3891 1658 3973 inter
1687 3921 1834 3976 duas
1859 3891 2002 3988 vias,

359 3983 704 4080 particulam
756 4007 873 4080 suae
922 3997 1086 4050 terrae
1119 3998 1492 4060 adherentem
1527 4007 1634 4078 ipsi
1677 4013 1903 4080 stagno,
1940 3983 2006 4065 ut

358 4077 598 4142 ruptum
629 4076 893 4136 videlicet
921 4083 1190 4142 violentia
1221 4106 1381 4162 aqua:
1415 4076 1644 4168 semper
1690 4076 2003 4166 reficiatur,

359 4160 518 4215 nullo
551 4180 807 4236 unquam
841 4160 1288 4233 contradicente:
1323 4181 1429 4246 Qui
1464 4160 1594 4238 cum
1627 4186 1820 4257 gladio
1869 4189 2007 4242 Nor-

360 4263 710 4308 mannorum
761 4256 1145 4334 interemptus
1180 4265 1402 4338 fuisset,
1437 4287 1538 4341 pro
1581 4256 1768 4346 ipSius
1809 4276 2008 4330 anima

359 4339 613 4408 eonjunx
645 4345 792 4413 ejus,
845 4347 1217 4425 Hildeburgis
1267 4359 1522 4427 nomine,
1576 4379 1707 4417 cum
1761 4382 2006 4421 assensu

359 4443 599 4484 suorum
632 4432 913 4502 fidelium,
950 4439 1107 4494 dedit
1136 4449 1336 4500 sancto
1369 4447 1530 4504 Petro
1561 4455 1617 4504 et
1638 4458 1836 4508 sancto
1869 4454 2008 4510 Ger-

2113 3295 2457 3352 Roscelinus
2490 3314 2588 3352 ore
2610 3297 2768 3370 vulgi
2798 3298 3168 3364 vocitatus,et
3195 3300 3254 3355 in
3285 3299 3554 3355 lavachro
3586 3298 3773 3371 bapti-

2113 3385 2318 3440 smatis
2352 3402 2384 3440 a
2416 3385 2662 3456 patrinis
2698 3386 2924 3441 Radulﬁ
2951 3405 3161 3444 nomen
3187 3383 3770 3461 estimpositum.\’eo

2113 3491 2264 3541 rum,
2301 3491 2533 3546 quoquo
2565 3475 2737 3530 modo
2783 3475 2877 3542 sit,
2921 3475 3095 3543 hanc,
3127 3477 3302 3532 sicuti
3345 3478 3628 3550 scriptam
3674 3476 3765 3531 in-

2112 3562 2260 3629 vcni,
2293 3563 2373 3617 ita
2403 3563 2770 3619 subscribere
2800 3563 2976 3631 volui,
3020 3582 3091 3620 ne
3139 3567 3362 3621 tedium
3393 3565 3480 3621 vel
3520 3565 3770 3639 pigrioia

2114 3668 2244 3706 mea
2276 3651 2555 3706 fratribus
2583 3651 3058 3708 inccommodum
3091 3653 3328 3725 aliquod
3359 3653 3592 3710 obiciat.

2655 3740 3068 3798 CAPITULUM
3108 3741 3217 3796 XX.

2550 3829 2626 3883 Dc
2681 3829 2931 3886 wcctesia
2993 3833 3043 3887 Ν
3047 3831 3322 3886 antitiaci.

2701 3920 2870 3986 (Ante
2900 3935 2952 3973 a.
2993 3919 3171 3989 1070.)

2187 4003 2526 4060 «Neminem
2549 4006 2879 4061 orthodoxa:
2903 4007 3037 4062 ﬁdei
3059 4007 3355 4063 catholicae
3386 4007 3768 4078 professionis

2113 4091 2292 4148 latere
2323 4109 2814 4166 usquequaquam
2837 4095 3381 4178 credimus,quanta
3403 4091 3765 4163 excellentia,

2115 4186 2234 4236 tam
2268 4181 2326 4236 in
2359 4183 2626 4254 praesenti
2661 4201 2832 4255 quem
2865 4184 2924 4239 in
2956 4186 3171 4250 futuro,
3209 4183 3463 4256 polleant
3505 4185 3626 4256 qui,
3661 4201 3770 4256 pro

2115 4269 2351 4325 nomine
2399 4271 2634 4338 Christi,
2667 4289 2736 4328 ex
2786 4273 3038 4346 propriis
3087 4273 3468 4329 facultatibus
3507 4273 3771 4344 aliquam

2115 4359 2446 4432 largitatem
2500 4362 2719 4417 sanctis
2769 4378 2835 4417 ac
2882 4362 3155 4418 fidelibus
3185 4364 3336 4434 ejus,
3370 4361 3540 4417 hilari
3570 4360 3776 4416 animo

2119 4450 2380 4520 prebent.
2416 4453 2557 4503 Cum
2592 4450 2750 4505 enim
2783 4467 2899 4506 non
2928 4451 3003 4506 sit
3032 4451 3312 4524 possibile
3329 4450 3652 4523 quemlibet
3673 4449 3776 4506 ho-

361 4533 534 4573 mano
567 4522 860 4591 quandam
889 4529 1101 4583 terram
1135 4548 1402 4590 saxosam
1434 4542 1489 4590 et
1519 4537 1825 4606 incultam,
1857 4541 2010 4597 inter
2040 4559 2085 4622 Ι)
2120 4537 2345 4591 minum
2377 4537 2767 4610 corruptionis
2790 4539 3110 4595 suaelabem
3133 4540 3770 4612 etfugere,immnnem~

357 4606 510 4662 viam
543 4625 671 4680 qum
703 4611 864 4668 ducit
894 4617 963 4671 ad
998 4619 1290 4677 Fontanas
1327 4624 1546 4692 villam,
1581 4633 1636 4683 et
1681 4628 1833 4684 viam
1883 4618 2042 4702 quos;

360 4697 520 4752 ducit
551 4699 619 4753 ad
653 4699 846 4758 villam
883 4705 1132 4764 Metonis
1171 4710 1434 4780 Villaris;
1488 4733 1612 4786 qum
1660 4735 1693 4772 a
1745 4697 1918 4790 rupe-
1947 4720 2006 4774 in

358 4789 688 4847 transverso
721 4791 944 4866 incipit,
971 4813 1096 4868 quae
1127 4798 1238 4852 sita
1262 4805 1347 4855 est
1370 4802 1539 4871 juxta
1570 4822 1800 4860 crucem
1820 4789 2009 4862 iOsan-

363 4891 469 4940 nae,
503 4883 559 4933 et
591 4878 892 4936 descendit
921 4884 1073 4938 inter
1100 4887 1247 4941 duas
1277 4887 1418 4955 vias,
1446 4909 1630 4963 usque
1674 4895 1744 4948 ad
1789 4895 1846 4949 id
1897 4896 2006 4951 loci

364 4967 463 5022 ubi
497 4971 818 5040 conjuncta:
852 4971 1000 5026 viam
1031 4989 1206 5028 unam
1230 4976 1557 5035 faciunt.Ad
1589 4983 1756 5052 cujus
1781 4983 2010 5039 divisio-

365 5074 495 5113 nem
529 5064 704 5130 atque
737 5061 1129 5117 ostensionem
1174 5064 1409 5136 plurimi
1463 5070 1532 5124 de
1578 5072 1700 5126 vico
1750 5072 2005 5140 fuerunt,

364 5146 517 5202 inter
544 5165 691 5218 quos
723 5147 1036 5206 Horbertus
1070 5156 1433 5226 praepositus,
1471 5158 1818 5229 Richardus,
1855 5162 2012 5217 Rod—

364 5235 564 5290 bertus
595 5236 943 5304 Inischinus,
979 5241 1342 5301 Humbaldus
1375 5247 1542 5306 miles
1584 5249 1911 5306 Rodbertus
1960 5255 2015 5306 et

364 5323 658 5381 Albertus.
692 5347 719 5375 ››

437 5601 588 5678 (169)
616 5602 758 5660 Vide
787 5601 938 5660 hanc
969 5603 1212 5662 alteram
1243 5603 1530 5675 chartam,
1559 5623 1688 5680 cap.
1717 5609 1773 5676 6,
1807 5606 2014 5666 lib.vu.

2120 4642 2232 4698 que
2255 4626 2476 4698 peccati
2500 4625 2559 4681 in
2581 4625 2690 4682 hac
2713 4628 3041 4700 corruptela
3062 4625 3529 4701 vivere,providit
3553 4627 3684 4700 pius
3711 4633 3773 4684 et

2121 4714 2453 4770 misericors
2484 4716 2772 4787 quasdam
2799 4719 3154 4786 occasiones,
3189 4735 3294 4774 seu
3343 4717 3774 4790 oportunitates

2121 4804 2336 4874 quibus
2379 4805 2545 4860 facile
2595 4810 2797 4862 nostra
2841 4807 3139 4864 valeamds
3185 4812 3420 4880 peccata
3463 4805 3768 4863 redimere.

2120 4893 2161 4947 E
2195 4893 2411 4963 quibus
2442 4893 2716 4949 omnibus
2735 4895 2831 4950 illa
2848 4897 2962 4952 duo
2984 4897 3222 4952 suavius
3243 4895 3498 4952 redolent
3523 4895 3776 4950 medica-

2122 4981 2303 5050 mina,
2334 4984 2618 5054 egrotanti
2653 4985 2860 5038 animze
2895 4985 3218 5053 familiaria,
3245 4986 3316 5040 de
3347 4985 3774 5056 quibusipsius

2119 5070 2380 5125 veritatis
2409 5088 2517 5125 vox
2543 5071 2627 5127 sic
2653 5073 2882 5128 intonat
2912 5073 3079 5128 beata
3111 5091 3125 5128 :
3159 5076 3289 5130 Date
3314 5080 3368 5130 et
3402 5073 3630 5129 dabitur
3671 5089 3774 5129 vo-

2125 5161 2240 5226 bis;
2272 5159 2571 5232 etjterum
2607 5178 2620 5216 :
2667 5163 2844 5218 Facite
2889 5163 3040 5218 vobis
3089 5165 3292 5219 amicos
3337 5163 3406 5218 de
3458 5178 3778 5218 mammona

2125 5251 2472 5320 iniquitaiis;
2502 5254 2559 5305 et
2585 5249 2728 5305 illud
2765 5267 2778 5305 :
2813 5253 2946 5306 Date
2974 5252 3324 5307 elanosinam
3353 5259 3405 5307 et
3429 5265 3549 5310 ecce
3587 5253 3778 5307 omnia

2121 5337 2328 5393 munda
2357 5347 2482 5394 sunt
2509 5339 2694 5407 vobis;
2722 5344 2779 5395 et
2812 5357 2824 5395 :
2857 5340 3010 5396 δέεαι
3027 5356 3166 5414 aqua
3185 5342 3463 5409 extinguit
3485 5342 3780 5410 ignem,ita

2124 5427 2420 5482 elemosina
2452 5438 2750 5500 peccatum.
2787 5429 2950 5486 Unde
3000 5433 3059 5485 et
3108 5445 3212 5504 ego
3245 5429 3574 5486 Bernardus
3603 5427 3782 5484 miles

2127 5515 2196 5570 de
2227 5523 2415 5572 castro
2445 5517 2881 5587 Ebroico,tanta
2909 5519 3276 5576 adortamina
3306 5517 3607 5590 scripturae
3627 5516 3780 5572 divi-
