3988 6072
190 198 322 262 289

825 199 1084 262 VETUS
1133 200 1424 262 AGANO.
1459 200 1711 261 -—LIB.
1758 201 1888 262 VII.
1941 200 2376 263 LANDRICUS
2423 202 2522 262 ET
2568 201 3012 264 HUB‘ERTUS.

3499 204 3620 266 290

194 348 281 390 nee
314 333 520 388 mente
550 331 952 395 considerans,
981 348 1099 387 una
1127 348 1258 388 cum
1293 348 1580 388 consensu
1614 331 1862 388 senioris
1891 336 1943 401 Α
1972 332 2538 406 Adelina,cognitum
2561 333 2830 389 volumus
2851 334 2972 389 fore
3002 333 3371 406 presentibus
3393 337 3448 390 et
3469 335 3620 390 futu-

195 420 313 476 mei
351 419 635 476 Rodberti
669 419 889 492 ﬁliique
922 420 1108 493 ipsius
1141 420 1433 483 Bodberti,
1467 439 1535 476 ex
1565 422 1736 491 cujus
1768 423 1864 476 be-

197 509 412 564 neﬁcio
435 509 702 574 est,cedo
736 510 806 564 ad
840 508 1030 564 locum
1067 510 1260 564 Sancti
1297 511 1447 565 Petri
1471 510 1862 576 Carnotensis,

194 602 249 654 et
287 597 610 654 monachis
661 599 877 654 ibidem
929 599 1044 654 Deo
1095 598 1864 672 famulantibus,quanrlam

195 687 555 751 ecclesiam,
581 704 716 744 cum
749 687 906 742 omni
941 687 1164 742 decima
1206 706 1332 759 quae
1364 688 1421 742 in
1456 705 1584 743 meo
1615 687 1863 744 domini-

192 782 330 836 catu
366 777 644 832 erat.Est
689 783 885 831 autem
945 776 1072 848 ipsa
1118 776 1381 832 meclesia
1436 777 1496 832 in
1556 781 1864 849 prospectu

189 865 426 922 Ebroici
449 866 655 935 castri,
679 866 736 922 in
762 866 898 922 villa
922 884 1049 939 qua:
1071 866 1435 922 Nantiliacus
1457 871 1722 934 vocatur;
1759 871 1869 922 est-

189 973 302 1028 que
369 960 613 1012 sacrata
643 955 702 1011 in
737 955 958 1010 honore
992 954 1262 1028 clavigeri
1323 956 1496 1010 Petri.
1525 956 1608 1011 Do
1663 955 1865 1010 itidem

189 1043 498 1102 licentiam
535 1044 680 1100 meis
711 1043 1019 1112 militibus,
1039 1049 1123 1110 ut,
1154 1043 1202 1099 si
1236 1045 1550 1100 concedere
1579 1043 1869 1099 voluerint

194 1150 259 1192 ex
282 1131 547 1190 decimis
574 1149 723 1203 quas
744 1149 812 1188 ex
843 1151 936 1190 me
967 1137 1186 1200 tenent,
1211 1133 1400 1189 eidem
1430 1133 1555 1188 loco
1580 1134 1720 1188 dent
1743 1132 1867 1188 sine

191 1222 310 1280 ullo
343 1222 746 1278 contradictu.
779 1223 850 1277 Et
893 1226 960 1278 ut
1004 1222 1113 1278 hoc
1143 1223 1360 1280 donum
1424 1223 1658 1278 ﬁrmum
1692 1226 1865 1293 esset,

190 1311 353 1385 gravi
391 1311 774 1368 incommodo
807 1315 1020 1379 tactus,
1047 1311 1116 1366 ab
1141 1312 1352 1367 abbate
1385 1312 1670 1368 Landrieo
1701 1310 1866 1367 babi-

191 1409 316 1458 tum
345 1400 753 1458 monachilem
782 1400 1000 1457 ibidem
1027 1401 1283 1472 suscepi.
1304 1401 1362 1456 Si
1387 1401 1518 1474 quis
1537 1418 1669 1457 vero
1689 1401 1867 1473 (quod

189 1491 410 1556 absit!)
432 1490 656 1546 diaboli
684 1489 988 1556 instinctu,
1013 1489 1122 1547 hoc
1162 1495 1373 1546 nostrae
1419 1489 1721 1562 parvitatis
1763 1491 1868 1546 do-

191 1598 338 1636 num
363 1579 696 1653 infringere
718 1579 1112 1652 temptaverit,
1129 1579 1274 1635 iram
1297 1579 1397 1634 Dei
1423 1580 1710 1647 incurrat;
1740 1580 1869 1634 bea-

190 1675 284 1726 tus
321 1669 540 1726 Petrus
571 1668 655 1726 illi
687 1667 1014 1725 contrarius
1047 1669 1148 1724 ﬁat
1193 1673 1249 1723 et
1289 1667 1584 1735 inimicus,
1611 1685 1742 1723 cum
1777 1685 1866 1723 ce-

189 1759 332 1814 teris
369 1757 661 1830 apostolis
713 1758 1018 1826 omnibus;
1061 1756 1207 1812 ovile
1239 1756 1452 1812 Christi
1498 1757 1716 1812 intrare
1758 1774 1872 1812 non

190 1856 504 1902 mereatur
532 1848 705 1917 cujus
733 1845 830 1900 ille
871 1846 1058 1901 claves
1091 1863 1124 1901 a
1155 1863 1388 1901 summo
1423 1851 1652 1917 pastore
1707 1863 1873 1902 acce-

196 1936 362 2008 pisse
392 1936 676 1994 creditur.
705 1937 907 1991 Tesles
928 1935 1106 2007 hujus
1129 1936 1207 1990 rei
1232 1940 1370 1990 sunt
1395 1935 1430 1990 ii
1459 1952 1603 2008 quos
1625 1935 1877 1993 subseri-

203 2025 464 2096 psimus.
492 2024 821 2080 Rodbertus
856 2024 1042 2092 miles,
1073 2041 1206 2079 cum
1257 2024 1542 2080 Albereda
1592 2042 1788 2094 uxore,
1821 2028 1877 2078 et

203 2115 520 2170 Rodberto
553 2113 669 2170 ﬁlio
702 2119 900 2182 suo,et
929 2114 1281 2186 Hildeburge
1329 2131 1522 2169 uxore.
1549 2114 1878 2170 Radbertus

203 2204 548 2260 monachus
575 2208 631 2259 et
661 2203 1007 2268 Ricbardus,
1042 2203 1269 2258 fratres.
1296 2202 1627 2258 Gualterius
1655 2202 1876 2274 presbi-

208 2299 318 2350 ter.
347 2291 597 2348 Urricus
630 2291 894 2348 clericus.
921 2293 1173 2347 Bernard
1187 2309 1253 2346 us
1283 2293 1482 2347 frater.
1510 2292 1880 2360 Radulfuset

213 2382 476 2438 Richard
489 2399 578 2449 us,
599 2382 966 2445 fratres,cum
991 2398 1188 2437 sorore
1209 2383 1435 2436 Emma.
1457 2381 1754 2436 Isnardus.
1777 2381 1882 2436 Ra-

215 2469 424 2525 dulfus
459 2469 702 2542 Pinguis
747 2469 989 2541 Lingua.
1016 2469 1319 2524 Girardus.
1343 2469 1632 2525 Tiberius.
1667 2469 1745 2524 De
1778 2470 1880 2529 bo:

219 2559 494 2616 minibus
520 2558 716 2614 Sancti
745 2558 894 2614 Petri
921 2575 932 2612 :
964 2556 1262 2624 Arnult'us,
1289 2557 1629 2622 Rainaldus,
1655 2557 1884 2614 Gualte—

220 2648 370 2712 rius,
389 2647 692 2702 Giraldus.
723 2646 802 2702 De
825 2646 1128 2702 monachis
1145 2663 1157 2700 :
1173 2647 1312 2711 Odo,
1331 2647 1536 2702 Strabo
1551 2647 1879 2713 Gervasius,

221 2737 548 2794 Herbertus
580 2736 886 2810 presbiter,
910 2736 1188 2792 Arnulfus
1222 2737 1428 2794 Rufus.
1455 2759 1482 2787 »

761 2823 1174 2880 CAPITULUM
1215 2823 1354 2880 XXI.

521 2915 600 2972 De
625 2913 862 2985 quadam
891 2920 1035 2968 terra
1066 2914 1126 2968 in
1159 2912 1374 2982 Capella
1403 2913 1589 2984 Regia.

823 3003 990 3070 (Ante
1021 3019 1074 3058 a.
1110 3001 1292 3070 I070.)

1903 1714 1950 1778 Β

1977 421 2222 494 ris,quia
2248 423 2388 477 adiit
2421 440 2526 478 nos
2565 423 2804 494 quidam
2838 423 3033 478 Sancti
3068 423 3218 478 Petri
3249 423 3619 478 Carnotensis

1977 511 2220 566 ccenobii
2281 511 2628 580 monachus,
2665 511 2898 567 nomine
2955 513 3270 581 Guarinus,
3304 513 3622 583 deprecans

1977 605 2182 659 nos.ut
2213 601 2323 656 sibi
2359 607 2596 668 terram,
2624 603 2661 657 C
2684 601 2951 656 videlicet
2995 602 3327 672 aripennos,
3356 619 3530 673 quam
3564 601 3622 656 in
3713 651 3716 654 .

1975 690 2332 745 dominicatu
2378 696 2599 758 nostro,
2626 691 2684 745 in
2737 689 2965 763 Brogilo
2998 689 3210 758 Amari,
3235 695 3431 746 tenere
3467 689 3624 746 vide-

1975 779 2207 843 bamur,
2254 780 2464 834 Sancto
2525 780 2688 834 Petro
2749 779 3098 834 censualiter
3153 780 3625 836 concederemus.

1977 870 2134 933 Quod
2164 868 2422 923 benivole
2445 867 2846 924 concessimus
2877 869 2946 922 ad
2979 885 3242 932 censum,
3263 873 3323 923 ut
3353 870 3625 940 depreca-

1976 961 2070 1011 tus
2102 961 2207 1023 est,
2233 957 2302 1010 ob
2336 957 2661 1012 remedium
2706 956 3038 1012 animarum
3070 957 3350 1030 genitoris
3379 963 3434 1012 et
3467 957 3627 1030 geni-

1976 1046 2137 1100 tricis
2162 1063 2302 1100 mea:
2327 1051 2383 1101 et
2405 1051 2760 1102 nostrarum.
2779 1051 2842 1100 Et
2864 1047 3264 1103 concessimus
3297 1052 3507 1102 terram
3540 1047 3626 1120 ip-

1978 1152 2102 1188 sam
2127 1135 2197 1189 ad
2228 1133 2444 1189 victum
2476 1134 2726 1190 fratrum
2761 1135 2820 1190 in
2853 1134 2975 1190 loco
3008 1135 3204 1190 Sancti
3235 1136 3389 1190 Petri
3413 1136 3627 1191 Carno-

1979 1222 2160 1278 tensis
2183 1223 2570 1288 manentium,
2589 1223 2667 1278 ita
2690 1229 2798 1278 uta
2817 1224 2988 1280 modo
3007 1224 3417 1296 perpetualiter
3437 1224 3626 1296 ipsam

1974 1315 2230 1379 teneant,
2249 1317 2304 1367 et
2325 1329 2526 1367 secure
2550 1313 2607 1366 in
2632 1330 2698 1368 ea
2730 1313 3020 1378 ediﬁeent,
3043 1316 3264 1386 absque
3293 1312 3411 1368 ullo
3435 1313 3627 1378 debito

1975 1405 2030 1456 et
2057 1400 2402 1467 redditione,
2425 1401 2682 1475 exceptis
2715 1401 2901 1458 tribus
2932 1401 3160 1470 solidis,
3183 1420 3330 1474 quos
3357 1403 3426 1458 de
3448 1418 3628 1458 censu

1977 1488 2203 1545 solvant
2247 1489 2304 1544 in
2339 1490 2644 1547 nativitate
2677 1491 2859 1546 sancti
2901 1491 3186 1547 Johannis
3220 1492 3492 1564 Baptista
3526 1509 3538 1547 :
3573 1495 3630 1548 et

1977 1578 2024 1634 si
2060 1579 2418 1651 negligentes
2451 1597 2518 1634 ex
2549 1579 2657 1634 hoc
2691 1581 2909 1634 fuerint
2939 1579 3201 1651 legaliter
3232 1581 3544 1636 emendcnt
3573 1585 3631 1637 et

1980 1673 2194 1723 terram
2231 1669 2540 1724 retineant.
2566 1669 2638 1724 Ut
2678 1674 2876 1723 autem
2935 1669 3056 1724 hac
3105 1670 3340 1725 donatio
3372 1670 3542 1725 ﬁrma
3568 1670 3628 1725 in

1985 1757 2246 1812 seculum
2281 1761 2636 1829 permaneat,
2670 1757 2819 1812 hanc
2852 1758 3136 1814 cartulam
3177 1759 3452 1814 manibus
3497 1776 3628 1832 pro-

1984 1846 2129 1918 priis
2161 1846 2544 1913 ﬁrmavimus,
2572 1851 2629 1902 et
2659 1847 2837 1902 simul
2869 1864 3070 1902 omnes
3107 1848 3220 1903 mei
3267 1847 3532 1904 homines
3563 1865 3632 1906 ex

1986 1935 2094 1989 hoc
2124 1939 2300 1989 testes
2327 1933 2659 1991 existentes.
2685 1937 2868 2001 Quam
2902 1936 3270 1990 donationem
3295 1937 3343 1991 si
3367 1921 3503 2008 quis
3535 1937 3634 1992 fal-

1988 2041 2115 2078 sare
2147 2023 2412 2090 voluerit,
2441 2023 2644 2078 libram
2698 2023 2823 2078 auri
2875 2030 3204 2098 componat,
3229 2031 3304 2093 et,
3329 2027 3441 2080 nisi
3489 2026 3632 2082 resi-

1987 2111 2197 2183 puerit,
2232 2114 2587 2184 dampnatus
2647 2117 2862 2184 pereat.
2891 2115 2948 2168 S.
2985 2114 3280 2180 Bodberti,
3341 2114 3634 2188 largitoris

1988 2199 2166 2271 hujus
2199 2201 2355 2256 doni.
2393 2203 2450 2256 S.
2483 2201 2758 2256 Adelinaz.
2803 2203 2860 2257 S.
2889 2201 3162 2258 Willelmi
3188 2204 3257 2258 de
3288 2204 3537 2270 Plancis,
3573 2205 3632 2260 S.

1990 2289 2244 2356 Ernaldi,
2275 2291 2372 2344 lilii
2409 2291 2649 2362 Ansgui.
2675 2291 2733 2344 S.
2760 2291 2984 2346 Osberti
3019 2292 3088 2347 de
3119 2292 3375 2365 Orgulio,
3401 2294 3459 2348 S.
3487 2295 3633 2348 Lan-

1990 2378 2181 2443 celini,
2227 2379 2326 2432 lilii
2367 2379 2666 2434 \Villelmi.
2702 2381 2760 2435 S.
2797 2381 3092 2447 Rodberti,
3137 2381 3238 2434 ﬁlii
3278 2382 3538 2437 Aszonis.
3574 2383 3632 2439 S.

1992 2465 2270 2534 Fulberti,
2291 2467 2394 2521 ﬁlii
2419 2468 2742 2522 Bertranni.
2759 2469 2816 2523 S.
2833 2469 3125 2537 Hubelini,
3150 2469 3406 2526 hominis
3429 2470 3632 2527 nostri.

1991 2558 2048 2612 S.
2088 2556 2370 2622 llerberti,
2404 2557 2600 2612 fratris
2635 2557 2839 2612 Morini
2873 2558 2944 2613 de
2974 2558 3165 2612 Curba
3194 2558 3362 2614 Villa.
3391 2580 3420 2610 ››

2486 2645 2834 2700 CAPITULU
2847 2647 2897 2700 M
2943 2647 3134 2702 XXIII.

2452 2735 2529 2789 Dc
2555 2733 2802 2789 (παιδεία
2830 2734 3184 2789 Plancarum.

2583 2823 2746 2893 (Ante
2777 2839 2828 2878 a.
2863 2823 3045 2896 1067.)

2064 2935 2090 2962 ‹‹
2126 2912 2186 2967 In
2221 2911 2454 2968 nomine
2495 2916 2706 2967 sanctae
2746 2917 2802 2967 et
2838 2910 3149 2968 individua:
3180 2911 3498 2981 Trinitatis,
3533 2913 3636 2968 Pa-

1992 3001 2098 3055 tris
2128 3005 2184 3055 et
2215 2999 2342 3056 Filii
2384 3005 2440 3054 et
2478 3000 2730 3072 Spiritus
2771 3001 2976 3066 sancti,
3007 3017 3200 3056 amen.
3226 3001 3637 3057 Universorum

293 3114 325 3146 ι
355 3093 422 3150 In
458 3090 674 3148 Christi
733 3091 990 3154 nomine,
1019 3091 1137 3163 Ego
1195 3090 1546 3159 Gualterius,
1581 3091 1881 3164 privignus
1913 3083 1954 3150 C
1995 3089 2258 3144 conditor
2279 3089 2562 3144 Dominus
2593 3088 2806 3144 Jbesus
2837 3087 3241 3160 Cbristus,qui
3272 3105 3305 3143 a
3335 3088 3451 3143 Deo
3475 3089 3639 3144 Patre

221 3181 493 3256 Ansgoti,
515 3185 575 3236 et
604 3184 792 3236 mater
839 3197 970 3235 mea
1001 3178 1330 3244 Pleitrudis,
1361 3179 1630 3235 volumus
1679 3186 1882 3236 notum

225 3272 346 3328 ﬁeri
378 3277 508 3327 tam
568 3269 954 3342 praesentibus
984 3285 1160 3340 quam
1219 3268 1453 3337 futuris,
1487 3269 1641 3342 quod
1703 3270 1884 3326 abbas

225 3359 559 3416 Landricus
604 3357 940 3414 monasterii
981 3357 1174 3412 Sancti
1211 3356 1363 3414 Petri
1395 3357 1764 3415 Carnotensis
1795 3375 1881 3414 se-

225 3449 474 3522 pissime
506 3464 696 3503 meam
722 3445 1093 3520 praesentiam
1122 3446 1324 3513 adivit,
1353 3447 1670 3519 deprecans
1694 3448 1882 3520 quati-

222 3556 336 3596 nus
369 3537 674 3610 quandam
707 3541 948 3602 terram,
980 3552 1107 3608 quas
1138 3539 1224 3591 est
1255 3540 1397 3608 aput
1429 3535 1720 3608 Capellam
1771 3537 1884 3592 Re-

222 3628 406 3702 giam,
421 3629 629 3682 saneto
648 3625 812 3680 Petro
834 3623 1342 3690 tribuerem.Quod
1366 3626 1529 3696 prius
1546 3625 1782 3698 quidem
1808 3626 1886 3681 fa-

221 3733 354 3772 cere
377 3713 565 3780 nolui,
581 3719 688 3776 set,
705 3713 831 3785 ipso
851 3713 1197 3786 persistente
1219 3713 1276 3768 in
1301 3731 1486 3786 prece,
1505 3720 1740 3787 accepta
1759 3731 1886 3787 pec-

221 3804 404 3860 cunia
429 3803 506 3858 ab
538 3819 625 3867 eo,
649 3802 838 3874 ipsam
891 3807 1107 3856 terram
1137 3807 1338 3858 sancto
1387 3807 1553 3858 Petro
1603 3803 1754 3871 dedi,
1781 3823 1883 3860 an-

222 3897 447 3949 nuente
483 3907 612 3946 meo
637 3890 864 3947 seniore
893 3891 1170 3958 lluberto,
1196 3908 1261 3946 ex
1293 3893 1462 3964 cujus
1494 3892 1772 3948 beneﬁcio
1804 3893 1886 3965 ip-

221 3999 353 4039 sam
387 3987 606 4036 terram
655 3984 982 4036 tenueram.
1011 3981 1231 4035 Census
1280 3985 1443 4035 terrae
1477 3981 1630 4036 ΙΙΙΙοι·
1659 3982 1882 4038 denarii

221 4068 492 4126 solvendi
525 4068 793 4124 kalendis
843 4068 1212 4139 septembris,
1236 4068 1296 4124 in
1321 4069 1618 4134 nativitate
1669 4075 1882 4127 sancta:

225 4159 449 4216 Mariae.
484 4158 555 4212 Et
595 4161 659 4212 ut
707 4157 828 4212 haec
857 4156 1086 4213 cartula
1136 4158 1308 4212 ﬁrma
1360 4164 1718 4230 permaneat,
1755 4177 1884 4217 mea

225 4265 410 4304 manu
445 4247 684 4319 signum
705 4245 895 4302 crucis
924 4245 1216 4317 impressi.
1245 4245 1301 4302 Si
1327 4247 1458 4319 quis
1480 4263 1631 4316 vero,
1657 4252 1757 4303 aut
1777 4265 1881 4320 ego

221 4343 327 4394 aut
357 4336 606 4394 heredes
637 4335 772 4402 mei,
797 4351 898 4392 seu
932 4334 1052 4390 ulla
1091 4335 1356 4407 Opposita
1386 4353 1652 4407 persona,
1681 4342 1884 4394 contra

222 4427 380 4483 hanc
406 4423 695 4481 cartulam
726 4423 921 4480 venire
977 4429 1078 4479 aut
1107 4441 1235 4479 eam
1293 4423 1607 4498 infringere
1639 4431 1881 4482 conatus
1913 4450 1958 4513 D

223 4516 424 4585 fuerit,
453 4531 572 4570 una
601 4530 736 4570 cum
781 4517 1020 4586 cogente
1049 4514 1214 4581 ﬁsco,
1238 4514 1362 4569 auri
1405 4513 1621 4571 solidos
1652 4515 1691 4571 C
1722 4532 1880 4572 com-

219 4608 429 4677 ponat,
451 4607 510 4660 et
565 4603 720 4674 quod
781 4602 988 4674 repetit
1025 4601 1317 4658 vindicare
1373 4620 1489 4658 non
1519 4603 1736 4672 valeat;
1798 4610 1886 4660 set

221 4709 488 4766 praesens
521 4690 749 4748 cartula
777 4691 936 4747 omni
970 4695 1230 4764 tempore
1261 4692 1430 4747 ﬁrma
1460 4698 1799 4764 permaneat
1829 4698 1885 4751 et

224 4779 598 4846 inconvulsa,
651 4779 1139 4853 constipulalione
1197 4781 1466 4837 subnixa.
1515 4782 1571 4836 S.
1606 4781 1789 4838 Ervei.
1825 4783 1882 4839 S.

225 4869 522 4926 Bernaldi.
557 4870 616 4926 S.
651 4869 914 4935 Huberti,
959 4869 1064 4924 lilii
1108 4869 1433 4942 Magnonis.
1481 4871 1538 4928 S.
1576 4872 1888 4927 lluncberti

225 4957 574 5016 Firmitatis.
624 4959 684 5016 S.
718 4957 962 5025 Ernulﬁ,
1005 4957 1108 5013 ﬁlii
1155 4959 1416 5030 Ansgoti.
1452 4960 1508 5016 S.
1544 4960 1885 5031 lngelbaldi.

225 5049 286 5107 S.
324 5047 646 5106 Laurentii.
683 5047 740 5104 S.
777 5046 1032 5102 Martini.
1069 5047 1126 5102 S.
1163 5046 1450 5104 Rainaldi.
1487 5049 1546 5118 S,
1581 5048 1822 5106 Giraldi.
1859 5073 1887 5100 »

749 5135 1166 5192 CAPITULUM
1206 5136 1374 5192 XXII.

698 5225 774 5282 De
803 5232 949 5281 terra
981 5226 1197 5296 Brogili
1217 5226 1427 5282 Amari.

831 5315 1002 5386 (Ante
1032 5331 1084 5372 a.
1120 5313 1307 5387 4080.)

301 5429 330 5454 α
365 5405 430 5462 In
463 5403 705 5464 nomine
738 5403 926 5460 Patris
956 5407 1014 5460 et
1041 5402 1165 5460 Filii
1187 5407 1243 5458 et
1264 5402 1520 5476 Spiritus
1550 5394 1892 5483 sancti.Ego

227 5491 899 5562 Rodbertus,Guillelmi
951 5491 1131 5561 ﬁlius,
1174 5496 1231 5550 et
1278 5507 1410 5552 mea
1458 5509 1620 5564 uxor,
1659 5498 1896 5555 nomine

1994 3178 2212 3233 missus
2237 3177 2294 3232 in
2319 3177 2705 3242 mundum,ut
2721 3194 2848 3249 quae
2871 3176 3097 3250 perdita
3111 3182 3275 3232 erant
3288 3180 3641 3234 restauraret

1992 3271 2048 3322 et
2106 3271 2430 3322 restaurata
2488 3271 2874 3334 conservaret,
2926 3265 3124 3321 vivens
3181 3264 3519 3321 incarnatus
3572 3282 3640 3322 ex

1992 3373 2223 3428 semper
2254 3355 2489 3427 Virgine
2521 3355 2704 3410 Maria
2733 3355 2790 3408 in
2825 3355 3014 3421 nobis,
3046 3353 3243 3410 docuit
3281 3371 3387 3410 nos
3417 3371 3484 3411 ea
3513 3371 3639 3427 quas

1994 3446 2064 3500 ad
2093 3444 2404 3500 utilitatem
2429 3445 2759 3500 animarum
2787 3449 3118 3500 nostrarum
3143 3445 3329 3499 forent
3358 3445 3636 3516 proﬁeua.

1995 3536 2151 3590 Inter
2185 3551 2311 3606 quae
2345 3533 2574 3589 monuit
2594 3551 2700 3589 nos
2731 3534 2868 3589 dare
2891 3550 2993 3606 pro
3017 3550 3078 3588 se
3101 3551 3168 3588 ex
3188 3533 3281 3588 his
3303 3549 3430 3604 quae
3461 3531 3644 3605 possi-

1993 3625 2220 3690 demus,
2239 3622 2515 3696 quatinus
2539 3622 2927 3694 centuplicata
2948 3622 3004 3676 in
3037 3623 3232 3677 futuro
3264 3622 3638 3694 recipiamus.

1997 3711 2207 3766 Deinde
2232 3728 2333 3782 per
2356 3709 2685 3782 apostolum
2718 3728 2915 3774 suum,
2937 3709 3090 3766 inter
3111 3710 3243 3778 alia,
3269 3715 3468 3764 monet
3499 3726 3642 3782 qua-

1993 3799 2153 3854 tinus
2187 3817 2420 3855 eremus
2443 3816 2544 3870 pro
2569 3798 2910 3866 invicem,ut
2934 3799 3245 3856 salvemur.
3271 3799 3372 3853 His
3393 3798 3643 3870 aliisque

1993 3888 2448 3960 quamplurimis
2477 3887 2633 3959 pulsi
2666 3887 3059 3956 suasionibus,
3087 3904 3152 3942 ac
3184 3887 3386 3942 moniti
3422 3886 3641 3942 allocu-

1993 3977 2276 4043 tionibus,
2296 3993 2400 4048 ego
2425 3975 2839 4032 Guidmundus
2861 3981 2917 4030 et
2947 3993 3076 4032 mea
3100 3993 3242 4032 uxor
3261 3977 3636 4041 Emma,cum

1993 4071 2193 4120 nostra
2211 4065 2392 4136 prole,
2415 4070 2479 4120 ut
2503 4064 2685 4120 moles
2707 4065 3113 4136 peccaminum
3149 4071 3514 4130 nostrorum,
3530 4065 3640 4122 alle

1991 4153 2268 4222 viaretur,
2290 4160 2348 4209 et
2380 4170 2482 4226 pro
2515 4153 2684 4209 nobis
2707 4154 2914 4208 diatim
2949 4159 3180 4210 orantes
3214 4171 3329 4210 non
3361 4155 3642 4222 deferent,

1992 4245 2164 4300 corde
2196 4243 2449 4315 benigno
2473 4246 2856 4314 promptaque
2877 4245 3193 4311 voluntate,
3218 4242 3488 4298 locellum
3512 4259 3646 4298 san-

1991 4337 2096 4388 cta:
2129 4332 2322 4388 Mariae
2355 4332 2424 4386 de
2467 4330 2693 4386 Plancis
2737 4331 3112 4387 concedimus
3145 4336 3346 4386 sancto
3380 4331 3546 4387 Petro
3577 4347 3646 4387 ex

1993 4421 2332 4477 Carnotensi
2381 4419 2823 4487 ccenobio,cum
2877 4420 3103 4476 decima
3145 4437 3271 4492 quas
3322 4421 3392 4474 ad
3445 4419 3641 4476 locum

1992 4512 2262 4584 pertinet,
2287 4516 2342 4566 et
2371 4510 2653 4566 suburbio
2675 4515 2733 4565 et
2759 4509 2983 4566 teloneo
3009 4515 3065 4564 et
3095 4510 3246 4577 fera;
3269 4525 3397 4565 eam
3421 4507 3645 4564 scilicet

1993 4606 2215 4674 partem
2251 4617 2376 4672 quae
2409 4600 2479 4654 ad
2511 4616 2605 4655 me
2640 4601 2890 4672 pertinet
2920 4616 2931 4654 :
2957 4603 3012 4654 et
3043 4615 3226 4653 unum
3279 4598 3650 4663 farinarium,

1997 4708 2130 4746 cum
2162 4689 2352 4746 tribus
2384 4689 2571 4762 leugis
2619 4706 2781 4760 aqua:
2833 4689 2903 4743 ad
2955 4689 3324 4761 piscandum,
3358 4687 3415 4743 id
3446 4692 3555 4758 est,
3588 4686 3648 4742 in

1997 4780 2154 4836 Rislo
2187 4786 2243 4835 et
2277 4779 2333 4834 in
2369 4779 2551 4834 Moira
2581 4786 2637 4834 et
2667 4781 2725 4834 in
2759 4779 2950 4846 Itone;
2981 4784 3037 4834 et
3063 4795 3239 4834 unam
3273 4777 3647 4850 piscatoriam

1995 4870 2054 4924 in
2089 4870 2380 4937 Tereiaco,
2415 4875 2471 4925 et
2520 4869 2806 4924 decimam
2840 4887 2909 4924 ex
2955 4868 3085 4925 aliis
3135 4868 3463 4941 piseatoriis
3493 4871 3549 4923 et
3578 4868 3650 4924 de

1999 4960 2249 5016 exclusis
2280 4978 2405 5032 qum
2439 4959 2516 5015 ibi
2551 4964 2690 5014 sunt
2720 4957 3079 5032 pertinentes
3110 4958 3180 5014 ad
3215 4975 3326 5014 me.
3360 4958 3442 5013 Do
3474 4957 3649 5013 etiam

2001 5052 2070 5106 de
2103 5051 2283 5124 pratis
2315 5055 2433 5106 tres
2464 5049 2775 5122 aripennos
2807 5055 2940 5105 ante
2964 5049 3367 5116 eeclesiam,et
3399 5050 3468 5104 de
3499 5053 3653 5104 terra

2001 5141 2479 5212 culta,quantum
2504 5139 2734 5194 duabus
2761 5138 3018 5194 carrucis
3051 5138 3289 5194 sufﬁcit.
3311 5137 3391 5192 De
3423 5135 3654 5192 Molinis

2001 5229 2268 5285 videlicet
2299 5247 2426 5286 meo
2461 5233 2672 5298 castro,
2698 5227 2987 5284 decimam
3031 5227 3273 5284 mercati
3304 5225 3484 5281 totius
3515 5223 3655 5280 anni

2003 5321 2279 5386 concedo,
2307 5325 2362 5375 et
2392 5320 2462 5375 de
2504 5319 2664 5374 omni
2718 5317 2938 5374 tributo
2970 5315 3288 5390 pertinenti
3339 5314 3410 5370 ad
3460 5313 3659 5386 ipsum

2005 5414 2285 5466 castrum.
2321 5407 2606 5465 Loculum
2639 5424 2868 5482 quoque
2911 5408 3215 5480 praefatum
3247 5405 3328 5462 ita
3374 5402 3664 5458 adornent

2007 5500 2282 5558 monachi
2312 5497 2513 5556 Sancti
2562 5496 2718 5555 Petri
2759 5502 2816 5554 et
2854 5496 3146 5565 ediﬁeent,
3171 5495 3256 5551 uti
3303 5507 3478 5551 suum
3530 5505 3662 5563 pro-
