3988 6072
205 177 328 238 297

848 182 1104 246 VETUS
1149 183 1432 247 AGANO.
1467 186 1722 247 -LIB.
1770 186 1899 251 VII.
1945 188 2384 252 LANDRIGUS
2429 190 2527 251 ET
2572 191 3014 254 HUBERTUS.

3497 193 3615 256 298

205 308 331 364 rico
364 311 648 368 manibus
667 313 918 386 propriis
939 315 1457 373 corroboravimus.
1474 318 1865 391 manibusque
1892 320 1948 387 Α
2048 320 2150 376 Hic
2182 320 2410 378 loculus
2431 326 2906 394 prazmemoratus
2929 323 3182 395 primum
3203 323 3458 380 acomite
3480 324 3619 382 Wil-

155 463 162 470 .
207 398 615 470 plurimorum
647 402 727 457 ibi
759 403 1076 460 astantium
1109 405 1599 462 corroborandam
1629 408 1867 464 tradidi-

207 505 364 544 mus.
377 489 854 564 Subscripsimus
872 491 1084 548 iterum
1103 498 1157 550 et
1179 501 1378 550 nostra
1393 497 1868 565 nomina,facien-

207 581 296 633 tes
325 579 572 652 signum
594 579 909 637 salutifera:
933 584 1124 638 crucis
1156 588 1212 639 et
1233 590 1514 656 ponentes
1537 587 1774 642 nomina
1790 591 1868 642 te-

206 667 397 722 stium
417 674 685 725 utrarum
708 671 984 743 partium.
1011 672 1068 728 S.
1085 672 1302 728 Odonis
1327 675 1577 743 comitis,
1593 675 1691 747 qui
1714 676 1865 732 hanc

207 757 596 814 donationem
627 759 783 815 fecit.
803 760 860 816 S.
877 760 1136 834 Hugonis
1165 762 1420 831 comitis,
1437 764 1631 820 fratris
1648 765 1866 821 Odonis

205 847 265 901 S.
289 846 652 920 Eustachiae,
667 849 886 905 sororis
913 851 1220 906 amborum
1257 852 1867 910 comitum.Secuntur

204 939 426 991 testes:
461 937 799 995 Gualterius
829 939 1246 1006 comes,Droco
1278 941 1349 996 de
1380 941 1700 1008 Conflante,
1722 944 1868 999 Gua-

207 1023 504 1080 lerannus
534 1027 606 1082 de
638 1027 876 1095 Parisio,
911 1029 1213 1085 Teduinus
1241 1029 1582 1098 vicecomes,
1606 1031 1865 1088 Oidelar-

204 1114 317 1169 dus
345 1134 359 1183 ;
401 1115 595 1190 Hugo,
626 1116 784 1173 ﬁlius
817 1117 1092 1173 Richardi
1137 1119 1210 1174 de
1261 1118 1604 1188 Bistisiaco;
1639 1121 1863 1177 Guaszo

202 1205 272 1260 de
309 1205 606 1274 Pissiaco;
643 1208 826 1279 llugo,
859 1205 1015 1262 [ilius
1059 1206 1339 1280 Liperici;
1375 1209 1703 1266 Rodbertns
1751 1211 1862 1266 Bu-

202 1295 402 1366 dicus,
423 1295 766 1364 Fulcuinus;
801 1295 1142 1366 Balduinus,
1167 1296 1670 1370 archicapellanus
1687 1299 1860 1372 regis;

202 1383 588 1441 Guiscelinus
618 1389 676 1441 et
704 1385 1350 1458 Richardus,capellani
1375 1404 1388 1454 ;
1423 1386 1865 1460 Albertus,prae-

199 1473 439 1546 positus
471 1474 691 1530 Jociaci
721 1473 879 1530 cellae
910 1491 934 1544 ;~
963 1474 1291 1532 Rodbertus
1325 1476 1394 1531 de
1425 1477 1690 1546 Fraxino,
1725 1477 1863 1533 [lul-

201 1563 407 1636 gerins
437 1564 652 1634 major.
673 1563 972 1620 Johannes
1001 1563 1400 1620 cubicularius
1445 1565 1682 1622 dictavit
1710 1566 1862 1624 hanc

203 1651 523 1708 cartulam.
539 1653 1130 1723 Droco,archidiacon
1141 1671 1209 1711 us
1239 1653 1538 1711 Vilcasini.
1574 1655 1680 1722 Qui
1705 1670 1856 1721 vero,

201 1742 427 1797 diaboli
457 1742 764 1810 instinctu,
800 1742 936 1798 huic
975 1744 1056 1799 rei
1097 1743 1385 1800 contraire
1412 1743 1683 1816 voluerit,
1719 1745 1858 1802 fisco

203 1831 364 1904 regis
396 1831 692 1903 persolvat
711 1836 945 1887 centum
982 1831 1160 1888 libras
1192 1832 1364 1888 colati
1404 1833 1552 1902 auri,
1582 1839 1639 1890 et
1685 1851 1859 1891 cona-

203 1927 300 1979 tus
333 1922 471 1993 ejus
503 1922 628 1977 sine
657 1921 863 1977 ell'ectu
893 1927 1252 1993 permaneat.
1288 1945 1318 1972 »

676 2009 1098 2066 CAPITULUM
1140 2011 1344 2067 XXIX.

594 2100 669 2155 De
693 2100 832 2156 cella
861 2099 1081 2156 Sancta”;
1113 2099 1466 2171 Gausburgis.

799 2190 967 2258 (Ante
996 2205 1050 2245 a.
1086 2191 1270 2259 1061.)

273 2304 303 2329 α
336 2280 403 2335 In
436 2277 661 2352 gremio
701 2282 914 2334 sanctae
954 2278 1158 2334 matris
1206 2278 1477 2335 zecclesiae
1527 2295 1662 2336 cum
1712 2280 1857 2338 fides

199 2368 608 2442 principatum
628 2371 845 2435 teneat,
860 2367 1280 2436 misericordia,
1297 2385 1423 2440 qua:
1447 2385 1615 2442 grece
1645 2369 1859 2426 dicitur

198 2457 550 2528 elemosina,
582 2473 718 2512 cum
774 2473 842 2512 ex
869 2457 1026 2512 fonte
1065 2455 1326 2512 caritatis
1378 2459 1670 2530 procedat,
1705 2459 1858 2516 inter

197 2547 451 2603 virtutes
481 2550 720 2604 caeteras
750 2562 866 2602 non
895 2545 1143 2604 habetur
1174 2545 1558 2612 ultima.Quai
1591 2537 1876 2620 quidem,

199 2637 346 2693 dum
380 2635 644 2692 minimis
674 2635 849 2692 Cristi
879 2635 1271 2704 distribuitur,
1306 2635 1573 2692 remissio
1599 2642 1855 2710 peccato-

196 2744 334 2782 rum
367 2725 736 2798 adipiscitur,
751 2741 996 2798 regnum
1018 2723 1295 2780 ccelorum
1325 2726 1703 2796 sperantibus
1723 2742 1852 2782 eam

197 2816 491 2888 aperitur,
523 2815 677 2870 unde
705 2819 796 2871 est
830 2813 973 2870 illud
1008 2831 1020 2869 :
1053 2815 1330 2885 Benefacit
1355 2816 1564 2872 anima:
1619 2831 1738 2872 suae
1765 2817 1854 2872 vir

196 2907 537 2972 misericors,
561 2908 617 2960 et
646 2903 815 2976 plura
848 2902 939 2959 his
969 2902 1488 2960 similia.Salvator
1516 2904 1730 2960 etenim
1755 2923 1853 2962 no-

199 2999 341 3062 ster,
376 2992 777 3050 universitatis
824 2992 1131 3059 Dominus,
1163 3009 1298 3048 cum
1356 2992 1481 3064 ipse
1513 2993 1588 3049 sit
1619 2999 1846 3066 potens,

1973 409 2146 465 lelmo
2177 411 2350 466 datus
2379 411 2619 484 quidam
2653 413 2936 468 monacho
2967 411 3614 479 Bonaavallensi,Berin-

1976 500 2137 572 gario
2170 501 2426 568 nomine,
2444 502 2770 558 dinoscitur
2797 519 2924 558 esse
2951 521 2962 570 ;
2994 506 3081 558 set
3113 502 3293 558 abbas
3324 519 3620 560 consecra-

1975 594 2092 654 tus,
2124 589 2413 646 bellorum
2445 591 2838 664 frequentiam
2871 595 3047 663 atque
3079 591 3185 647 loci
3220 595 3622 663 paupertatem

1974 679 2184 734 cotidie
2214 685 2568 736 crescentem
2598 681 2697 736 diu
2732 682 2879 736 ferre
2911 698 3024 737 non
3057 679 3276 747 valens,
3311 685 3519 752 sponte
3548 681 3621 738 ad

1973 785 2148 823 suum
2162 770 2489 824 cmuobium
2506 773 2594 824 est
2609 787 2895 837 reversus,
2915 771 3010 825 ubi
3036 774 3238 841 postea
3255 786 3424 825 suam
3439 775 3623 826 trans-

1973 857 2091 930 egit
2121 859 2320 914 vitam.
2355 859 2491 914 Post
2522 863 2770 914 mortem
2801 876 2929 914 vers
2977 858 3256 914 Willelmi
3309 859 3539 915 comitis
3566 863 3624 915 et

1975 946 2248 1003 Rodberti
2276 947 2379 1002 ﬁlii
2409 949 2746 1020 ejus,quem
2780 949 2968 1004 securi
3001 948 3224 1004 inimici
3255 951 3383 1020 ejus
3415 949 3472 1003 in
3505 966 3624 1004 car-

1972 1052 2100 1091 cere
2161 1037 2415 1109 positum
2447 1036 2880 1105 interfecerunt,
2923 1040 3038 1105 Ivo,
3089 1039 3266 1092 frater
3320 1036 3617 1107 Willelmi,

1973 1125 2032 1180 in
2066 1127 2281 1182 konore
2325 1127 2662 1192 succedens,
2697 1127 2965 1182 abbatem
3008 1127 3352 1182 Landricum
3404 1143 3620 1199 rogans

1973 1214 2231 1287 expetiit,
2265 1219 2330 1270 ut
2377 1215 2570 1276 locum
2604 1216 2908 1288 praefatum
2961 1217 3172 1273 Sancto
3213 1215 3378 1271 Petro
3409 1234 3620 1288 perpe-

1970 1308 2070 1359 tuo
2103 1304 2438 1360 habendum
2490 1307 2812 1377 susciperet
2852 1310 2908 1360 et
2950 1305 3266 1361 monachos
3297 1324 3437 1362 suos
3482 1305 3620 1362 illuc

1973 1393 2268 1466 dirigeret,
2288 1393 2503 1450 ibidem
2532 1393 2904 1450 militaturos.
2937 1395 3115 1465 Cujus
3145 1394 3410 1466 petitioni
3437 1395 3619 1452 abbas

1971 1481 2326 1554 obsequens,
2359 1482 2520 1539 misit
2544 1483 2829 1556 quosdam
2853 1484 2924 1540 de
2954 1483 3098 1550 suis,
3131 1483 3232 1555 qui
3278 1482 3472 1539 locum
3499 1484 3618 1542 fere

1969 1587 2073 1643 per
2102 1571 2417 1628 triennium
2451 1571 3024 1644 tenuerunt.jAccidit
3053 1576 3248 1629 autem
3281 1576 3346 1628 ut
3374 1572 3616 1645 quidam

1963 1661 2218 1731 juvenis,
2235 1663 2469 1718 nomine
2487 1661 2641 1730 Solo,
2656 1661 3004 1729 monachus,
3023 1661 3315 1718 Deodatus
3331 1679 3365 1718 a
3386 1661 3614 1720 lavacro

1969 1766 2135 1806 sacro
2156 1750 2462 1818 vocitatus,
2487 1750 2730 1818 ibidem,
2755 1755 2820 1806 ut
2847 1750 3161 1819 ferebatur,
3191 1751 3442 1823 quedam
3463 1751 3617 1808 nefa-

1969 1839 2057 1894 ria
2086 1840 2387 1905 actitabat,
2420 1839 2704 1907 et,zabuli
2735 1839 3040 1910 instinctu,
3057 1840 3280 1912 majora
3307 1840 3497 1896 adhuc
3515 1840 3613 1898 ﬂa-

1967 1928 2111 2000 gitia
2139 1928 2443 1986 moliretur
2471 1945 2668 2002 agere;
2695 1928 2769 1984 ad
2789 1929 2917 2000 ejus
2947 1928 3332 2000 complicibus
3349 1930 3610 1988 denuda-

1967 2022 2065 2074 tus
2093 2023 2216 2088 est;
2255 2023 2327 2086 et,
2358 2017 2626 2092 praesidio
2659 2018 2806 2091 fugae
2857 2017 3115 2090 elapsus,
3146 2017 3207 2073 in
3245 2018 3610 2075 Britanniam

1969 2124 2030 2164 se
2060 2107 2410 2180 suscipiens,
2425 2124 2665 2164 suorum
2694 2123 2934 2180 operum
2956 2107 3230 2178 pedorem
3253 2108 3422 2164 nobis
3442 2125 3613 2181 gran-

1969 2197 2101 2252 dem
2133 2197 2487 2269 relinquens,
2521 2214 2628 2252 nos
2677 2195 2950 2252 alienavit
2987 2213 3022 2251 a
3069 2194 3214 2266 loco,
3249 2201 3307 2252 et
3351 2195 3546 2254 locum
3577 2213 3613 2253 a

1967 2286 2156 2343 nobis.

2461 2401 2878 2458 CAPITULUM
2919 2400 3088 2459 XXX.

2251 2514 2326 2566 De
2354 2510 2577 2566 ecclesia
2604 2511 2782 2565 sancti
2809 2510 3045 2566 Dionisii
3069 2508 3317 2580 Nogioni.

2521 2619 2606 2687 (A.
2641 2616 2825 2673 circit.
2863 2617 3042 2689 1078.)

2034 2757 2060 2786 ‹‹
2096 2735 2157 2790 In
2179 2735 2327 2804 (174)
2348 2733 2571 2807 gremio
2601 2737 2821 2789 sanctce
2852 2732 3057 2789 matris
3087 2731 3356 2788 zecclesiae
3387 2750 3522 2790 cum
3539 2732 3604 2789 ﬁ-

1960 2825 2063 2880 des
2112 2823 2504 2896 principatum
2557 2827 2771 2889 teneat,
2801 2821 3220 2890 misericordia,
3253 2839 3379 2894 que
3429 2839 3599 2896 grece

1959 2913 2176 2969 dicitur
2203 2912 2540 2978 elemosina,
2565 2929 2697 2968 cum
2731 2927 2799 2968 ex
2828 2912 2984 2966 fonte
3009 2910 3268 2966 caritatis
3299 2912 3597 2984 procedat,

1958 3001 2116 3058 inter
2140 3001 2382 3057 virtutes
2413 3005 2634 3057 ceteras
2664 3017 2780 3056 non
2808 2999 3056 3055 habetur
3076 2999 3300 3055 ultima.
3319 3002 3453 3064 Qua
3475 3000 3600 3072 qui-

199 3087 475 3154 potentes
523 3099 639 3138 non
669 3080 868 3150 abicit,
901 3082 1179 3154 quoniam
1210 3081 1504 3137 neminem
1533 3083 1658 3138 vult
1697 3085 1850 3154 (173)
1877 3067 1924 3134 C
1960 3093 2116 3159 dem,
2149 3091 2292 3146 dum
2322 3089 2584 3145 minimis
2640 3088 2852 3145 Christi
2902 3087 3296 3156 distribuitur,
3331 3067 3598 3146 remissio

197 3173 414 3245 perire,
433 3177 525 3228 set
544 3172 617 3228 ad
649 3170 1004 3244 agnitionem
1035 3171 1294 3227 veritatis
1323 3170 1519 3226 venire
1541 3175 1599 3226 et
1617 3188 1720 3243 per
1736 3173 1851 3228 fru-

196 3268 330 3318 ctus
363 3261 656 3318 honorum
706 3278 948 3333 operum
979 3277 1184 3316 omnes
1206 3259 1409 3316 ﬁdeles
1437 3265 1606 3316 vocat
1635 3262 1707 3316 ad
1740 3278 1802 3317 se
1829 3278 1843 3330 ;

195 3361 298 3432 qui
329 3359 534 3427 etiam,
566 3358 624 3414 in
668 3357 997 3431 Evangelia,
1030 3357 1235 3413 mundi
1282 3361 1574 3414 amatores
1623 3361 1800 3415 terret
1829 3375 1843 3415 :

195 3449 413 3516 Omnis,
445 3447 642 3520 inquit
668 3449 834 3503 arbor
861 3462 987 3519 quae
1022 3462 1134 3502 non
1179 3448 1316 3516 facit
1360 3448 1604 3517 fructum
1645 3447 1848 3504 bonum

191 3538 504 3603 excidatur,
534 3543 588 3593 et
615 3537 674 3591 in
707 3539 884 3608 ignem
903 3537 1188 3603 mittetur;
1218 3539 1275 3592 et
1306 3535 1475 3608 plura
1505 3535 1598 3592 his
1629 3535 1848 3592 similia

191 3645 325 3700 qua
359 3643 479 3682 non
511 3630 653 3682 sunt
680 3624 817 3680 huic
846 3623 980 3680 stilo
1007 3625 1248 3680 credita.
1277 3623 1439 3680 Unde
1469 3641 1576 3698 ego
1595 3626 1849 3690 Ivo,cas-

192 3717 366 3772 sibus
397 3715 710 3770 mundanae
738 3713 1196 3770 conversationis
1225 3713 1500 3770 inretitus
1519 3731 1635 3786 prie
1655 3715 1847 3770 omni-

191 3807 329 3873 bus,
357 3809 730 3878 peccatorum
763 3803 1016 3876 pondere
1047 3819 1306 3874 pressus,
1341 3808 1743 3859 verumtamen
1774 3805 1846 3860 de

191 3893 580 3950 multitudine
594 3891 1127 3950 misericordiarum
1141 3891 1372 3947 Domini
1387 3909 1675 3963 praesumo
1699 3893 1846 3948 indi-

190 3999 347 4054 gnus
369 3999 523 4054 opus
553 3982 771 4036 bonum
795 3985 853 4037 et
870 3980 1024 4052 quod
1047 3980 1304 4036 creditur
1324 3979 1644 4050 laudabile;
1670 3981 1843 4038 locel-

187 4072 316 4128 lum
364 4072 593 4128 Sancta:
637 4069 989 4143 Gauburgis,
1037 4069 1098 4125 in
1145 4069 1438 4126 territorio
1496 4070 1844 4127 Belismensi

185 4161 396 4227 situm,
429 4176 569 4215 cum
599 4159 874 4215 omnibus
901 4159 974 4214 ad
1005 4157 1200 4230 ipsum
1230 4157 1424 4214 locum
1455 4159 1629 4215 rebus
1659 4160 1844 4232 perti-

187 4266 297 4305 neu
305 4250 492 4316 tibus,
507 4249 722 4306 Sancto
737 4247 900 4304 Petro
913 4251 1195 4304 Carnoten
1203 4246 1251 4303 si
1264 4247 1568 4304 committo
1597 4252 1656 4304 et
1666 4249 1838 4318 dono,

179 4337 470 4411 quatinus
503 4337 722 4394 ibidem
755 4337 1116 4393 militaturus
1146 4337 1264 4392 Deo
1304 4336 1668 4393 monasticus
1699 4339 1840 4395 ordo

1955 3185 2324 3253 peccatorum
2357 3177 2722 3250 adipiscitur,
2757 3193 3004 3250 regnum
3042 3175 3315 3232 caelorum
3353 3193 3598 3249 operan-

1954 3269 2114 3326 tibus
2141 3285 2269 3325 eam
2302 3267 2577 3341 aperitur.
2600 3266 2760 3322 Unde
2791 3271 2879 3322 est
2900 3265 3074 3322 illud:
3100 3267 3599 3338 Benefacitanimm

1951 3374 2070 3416 sua
2098 3361 2186 3414 vir
2211 3359 2523 3414 misericors
2543 3377 2562 3424 ,-
2593 3360 2649 3412 et
2670 3355 2840 3428 plura
2859 3354 2953 3410 his
2982 3353 3219 3411 similia.
3240 3355 3503 3412 Salvator
3521 3359 3601 3412 et-

1953 3449 2110 3505 enim
2142 3451 2357 3515 noster,
2389 3444 2784 3502 universitatis
2817 3443 3116 3512 Dominus,
3177 3461 3314 3500 cum
3363 3443 3490 3518 ipse
3519 3444 3599 3502 sit

1954 3541 2179 3610 potens,
2213 3540 2480 3609 potentes
2508 3551 2624 3590 non
2657 3533 2852 3602 abicit,
2869 3533 3148 3605 quoniam
3177 3533 3475 3590 neminem
3498 3549 3596 3606 pe-

1953 3627 2068 3683 rire
2096 3628 2368 3698 (l75),set
2397 3624 2469 3680 ad
2502 3623 2857 3696 agnitionem
2888 3622 3084 3678 venire
3115 3622 3396 3692 veritatis,
3418 3626 3476 3679 et
3495 3639 3599 3696 per

1953 3715 2178 3772 fructus
2209 3715 2494 3770 bonorum
2526 3729 2768 3784 operum
2791 3728 2994 3767 omnes
3011 3711 3208 3768 fideles
3228 3716 3394 3768 vocat
3415 3713 3486 3768 ad
3511 3729 3593 3781 se;

1954 3805 2053 3878 qui
2082 3803 2279 3870 etiam,
2311 3803 2372 3858 in
2429 3799 2759 3874 Evangelia,
2793 3801 3000 3856 mundi
3049 3805 3339 3856 amatores
3370 3804 3546 3857 terret
3577 3817 3592 3856 :

1955 3894 2162 3960 Omnis,
2195 3892 2407 3964 inquit,
2440 3892 2604 3946 arbor
2635 3907 2753 3962 qua:
2779 3907 2889 3946 non
2926 3891 3060 3962 facit
3105 3892 3348 3962 fructum
3397 3889 3597 3946 bonum

1951 3983 2250 4048 excidatur,
2262 3989 2312 4036 et
2337 3983 2399 4036 in
2430 3982 2613 4049 ignem
2635 3981 2914 4047 mittetur;
2946 3983 3004 4034 et
3034 3978 3204 4051 plura
3231 3978 3324 4035 his
3355 3978 3593 4050 similia,

1952 4089 2078 4144 quae
2111 4088 2224 4127 non
2246 4073 2385 4126 sunt
2405 4068 2542 4124 huic
2565 4067 2699 4124 stilo
2720 4068 2961 4124 credita.
2977 4067 3140 4124 Unde
3157 4085 3260 4141 ego
3283 4069 3591 4138 Rotrocus,

1949 4161 2216 4218 cassibus
2247 4158 2559 4214 mundana
2581 4156 3036 4213 conversationis
3055 4156 3350 4224 inretitus,
3367 4156 3593 4213 militiae

1945 4250 2131 4308 armis
2161 4247 2606 4319 accinctus,prae
2639 4246 2908 4303 omnibus
2938 4250 3309 4318 peccatorum
3342 4246 3594 4318 pondere

1950 4355 2208 4413 pressus,
2237 4339 2640 4393 verumtamen
2667 4336 2737 4392 de
2767 4334 3148 4390 multitudine
3169 4334 3595 4391 miscricordia-

177 4427 492 4484 habeatur.
508 4426 582 4484 Ut
609 4432 807 4482 autem
841 4425 948 4482 hoc
981 4426 1200 4482 donum
1232 4425 1441 4482 stabile
1470 4429 1526 4481 et
1545 4425 1837 4482 inconvul-
1865 4439 1913 4504 ι)
1943 4445 2076 4484 rum
2099 4426 2328 4483 Domini
2351 4441 2640 4498 prmsumo
2663 4424 3101 4496 indignusopus
3113 4424 3336 4480 bonum
3359 4427 3415 4479 et
3434 4423 3591 4495 quod

176 4533 312 4572 sum
329 4513 810 4589 permaneatvolo
821 4513 1117 4580 omnibus,
1133 4519 1252 4570 tam
1270 4514 1638 4586 presentibus
1660 4532 1836 4588 quam

173 4611 231 4661 et
263 4605 509 4672 futuris,
541 4619 645 4677 per
687 4603 1058 4660 succedentia
1104 4607 1389 4676 tempora,
1427 4608 1634 4660 notum
1683 4621 1830 4674 esse,

171 4695 394 4751 domno
425 4710 560 4750 meo
592 4693 863 4750 Hainrico
893 4693 1036 4766 regi,
1068 4709 1138 4748 ex
1177 4693 1352 4763 cujus
1391 4692 1691 4749 benedicio
1721 4699 1831 4762 est,

171 4803 265 4841 me
296 4783 803 4840 corroborandum
859 4781 1187 4838 tradidisse.
1207 4782 1266 4838 Si
1308 4781 1441 4852 quis
1463 4783 1834 4851 vero,diabo-

173 4875 296 4929 lica
327 4872 642 4947 pravitatis
690 4871 997 4940 instinctu,
1030 4870 1166 4927 huic
1205 4871 1358 4926 facto
1407 4871 1584 4944 (quod
1618 4872 1836 4940 absit!)

172 4963 511 5019 contrarius
525 4961 796 5026 extiterit,
811 4960 956 5016 iram
973 4959 1074 5015 Dei
1089 4961 1383 5028 incurrat;
1410 4961 1614 5016 beatus
1631 4961 1837 5018 Petrus

173 5052 259 5107 illi
279 5051 616 5108 contrarius
639 5052 740 5105 fiat
759 5049 1125 5116 etinimicus,
1142 5065 1276 5104 cum
1301 5049 1510 5104 ceteris
1529 5049 1829 5118 omnibus;

177 5149 236 5197 et
269 5140 510 5214 propria
531 5139 988 5213 praesumptione
1007 5138 1310 5205 confusus,
1328 5137 1487 5194 mille
1502 5137 1684 5194 libras
1705 5140 1833 5195 auri

180 5231 304 5304 regi
355 5231 736 5299 Francorum,
781 5227 854 5285 ob
902 5231 1242 5284 temeratem
1308 5226 1561 5300 injuriae,
1613 5228 1839 5301 persol-

181 5327 296 5378 vat.
327 5343 360 5372 κ»

251 5427 406 5501 (173)
439 5426 557 5501 Sic,
585 5431 646 5484 et
664 5424 966 5501 superius,
997 5381 1236 5501 cap.2_€_5.

254 5491 406 5576 (174)
437 5491 600 5557 Hauc
629 5491 896 5557 chai'tam
915 5491 1100 5556 habes
1121 5495 1336 5554 editam
1357 5491 1424 5554 in
1454 5493 1596 5556 Gali.
1613 5495 1840 5568 Christ,

513 5627 787 5693 ΡΑτιιοι..
831 5624 1007 5744 CLV:

1945 4517 2204 4574 creditur
2245 4513 2638 4582 laudabilius;
2688 4512 3112 4569 monasterium
3157 4511 3398 4580 scilicet,
3435 4512 3592 4584 quod

1943 4624 2110 4663 meus
2142 4604 2368 4678 genitor
2395 4603 2754 4660 Gausfredus
2783 4603 2843 4656 in
2872 4601 3091 4657 honore
3122 4599 3310 4656 sancti
3346 4600 3592 4656 Dionisii

1943 4701 2282 4753 construere
2311 4691 2579 4765 coepit,in
2609 4690 2896 4747 territorio
2929 4707 3045 4746 non
3078 4689 3249 4762 longe
3281 4689 3536 4745 distante
3557 4705 3593 4746 a

1945 4783 2181 4841 castello
2209 4782 2489 4854 Nogiomo
2521 4781 2696 4850 dicto,
2732 4779 2903 4852 cupio
2935 4778 3192 4852 amplius
3223 4779 3506 4835 adornare
3535 4780 3593 4834 et

1947 4871 2705 4947 magnilicaro.Venerandze
2718 4869 2934 4942 quippe
2947 4867 3240 4925 memoria:
3254 4869 3434 4924 abbas
3448 4869 3592 4924 Lan-

1947 4962 2144 5018 dricus
2176 4977 2268 5016 me
2301 4959 2504 5015 adicus
2536 4958 2743 5015 obnixe
2769 4957 3308 5032 rogavit,quatinus
3338 4958 3592 5013 eundem

1942 5048 2364 5107 monasterium
2424 5051 2633 5104 Sancto
2702 5049 2868 5104 Petro
2940 5047 3302 5115 Carnotensi,
3354 5047 3428 5102 ob
3477 5046 3593 5102 mei

1941 5139 2286 5198 memoriam
2313 5142 2370 5194 et
2414 5137 2608 5194 uxoris
2656 5137 3028 5210 ﬁliorumque
3077 5152 3364 5203 meorum,
3400 5140 3458 5192 et
3487 5151 3594 5208 pro

1944 5231 2143 5286 anima
2171 5225 2492 5302 supradicti
2523 5226 2805 5298 genitoris
2837 5227 2952 5282 mei
2984 5231 3041 5282 et
3069 5225 3275 5284 matris
3305 5240 3469 5291 meae,
3503 5225 3602 5281 do-

1947 5335 2171 5376 narem.
2186 5317 2350 5386 Quod
2369 5333 2475 5391 ego
2491 5314 2879 5374 libentissime
2901 5316 3104 5386 annui,
3125 5319 3194 5374 ut
3212 5314 3370 5371 idem
3399 5315 3603 5386 pastor

2023 5425 2066 5498 Ι,
2100 5423 2254 5498 VIII,
2283 5425 2481 5498 iustr.,
2515 5423 2628 5498 col.
2659 5425 2783 5485 304.

2023 5497 2171 5576 (475)
2204 5496 2510 5558 omissum
2529 5496 2676 5560 vult.

3215 5617 3300 5689 10
