3968 6080
157 351 263 412 301

779 351 1032 416 VETUS
1077 353 1365 415 AGANO.
1399 385 1475 398 —-
1505 353 1654 414 LIB.
1701 352 1836 419 VII.
1878 353 2320 420 LANDRICUS
2367 356 2467 418 ET
2511 357 2956 420 HUBERTUS.

3453 356 3570 419 302

155 481 484 552 Teoderici,
516 487 575 540 et
601 483 820 541 ibidem
852 486 1069 542 factnm
1100 490 1191 543 est
1219 484 1522 559 placitum.
1545 486 1812 542 Afﬁrma—
1837 487 1894 555 Α
1924 489 2320 562 Transgrandi
2355 490 2551 546 Ponte.
2588 489 2875 546 Rodulfus
2903 485 3226 545 Musculus.
3252 485 3566 556 Guarinus,

152 572 692 646 bantque-nepotcs
722 575 1019 642 Rodberti,
1043 575 1318 648 quoniam
1343 591 1412 631 ea
1430 575 1809 632 conventione

143 662 442 734 judicium
483 662 701 719 femina
729 668 960 736 portare
996 665 1231 732 fecerat,
1282 668 1367 732 ut,
1400 669 1532 737 post
1561 669 1805 721 mortem

150 752 422 824 ejusdem
455 751 705 817 feminae,
757 752 999 810 heredes
1051 753 1327 809 Rodberti
1359 754 1548 826 ipsam
1591 759 1804 810 terram

148 841 202 895 in
234 841 387 897 ﬁsco
419 842 489 896 de
511 841 720 897 abbate
739 846 1020 898 tenerent.
1044 844 1126 898 Ad
1160 843 1268 898 hoc
1284 842 1804 899 contradicendum

145 930 290 986 satis
323 930 653 986 habuimus
681 935 882 987 testes.
933 933 1097 988 Tunc
1129 931 1251 987 Odo
1282 947 1476 987 comes
1517 932 1806 1003 judicavit

145 1036 428 1092 campum
465 1019 614 1086 fieri,
645 1019 868 1076 scilicet
897 1037 965 1076 ex
995 1019 1104 1076 hoc
1134 1021 1288 1093 quod
1311 1019 1390 1075 illi
1416 1019 1689 1076 dicebant
1708 1021 1806 1078 he-

141 1109 308 1164 redes
339 1109 625 1165 Rodberti
657 1109 716 1164 in
740 1109 1058 1181 judicium,
1091 1109 1246 1182 quod
1278 1108 1496 1164 femina
1526 1109 1802 1166 Rodberti

140 1198 272 1253 fecit
306 1203 569 1271 portare,
604 1197 786 1254 fuisse
812 1199 1048 1255 missos.
1082 1197 1275 1255 Testis
1305 1214 1437 1254 vero
1468 1199 1663 1256 Sancti
1693 1201 1801 1256 Pe-

139 1287 207 1342 tri
240 1287 486 1343 dicebat
518 1304 658 1355 non,
709 1287 823 1344 nisi
873 1287 1245 1344 solummodo
1289 1287 1588 1345 feminam.
1637 1291 1801 1346 Tunc

140 1375 505 1445 Rodbertus,
539 1394 697 1434 unus
727 1394 796 1433 ex
817 1377 943 1449 jam
972 1377 1113 1434 dicti
1147 1377 1477 1449 nepotibus,
1511 1377 1670 1434 dedit
1699 1396 1800 1436 co-

139 1465 260 1521 miti
288 1465 611 1539 guadium.
646 1465 1000 1522 Teodericus
1028 1483 1182 1534 vero,
1205 1466 1378 1523 homo
1402 1466 1598 1524 Sancti
1622 1467 1796 1537 Petri,

140 1553 234 1626 qui
258 1555 398 1624 jam
432 1555 627 1626 major
647 1554 780 1622 fuit,
804 1554 1077 1612 similiter
1097 1573 1274 1611 suum
1296 1556 1579 1628 guadium
1601 1556 1799 1613 comiti

139 1643 297 1700 dedit
329 1644 409 1699 ad
444 1643 988 1700 contradicendum.
1022 1644 1229 1700 Postea
1257 1661 1413 1716 vero,
1463 1651 1799 1704 remanente

140 1749 368 1806 campo,
409 1733 728 1789 concordia
759 1732 842 1788 sic
873 1733 1024 1788 facta
1053 1733 1185 1789 fuit.
1217 1734 1413 1790 Abbas
1448 1734 1794 1803 Landricus,

137 1823 417 1896 episcopo
430 1821 749 1878 Teoderico
765 1825 1026 1894 rogante,
1044 1823 1433 1895 quadraginta
1445 1823 1661 1881 solidos
1683 1824 1794 1898 ipsi

137 1912 439 1968 Rodberto
458 1915 517 1967 et
544 1910 876 1979 Sancelino,
902 1911 1065 1966 fratri
1080 1911 1232 1983 ejus,
1248 1912 1426 1977 dedit,
1446 1915 1501 1968 et
1531 1914 1678 1969 duos
1692 1914 1798 1970 ari-

136 2018 358 2074 pennos
375 2001 566 2056 vineae
588 1999 833 2066 remisit,
853 2017 1000 2072 quos
1023 2000 1352 2056 Rodbertus
1373 2005 1628 2058 Corneus
1652 2004 1796 2059 San-

135 2096 219 2146 cto
249 2090 430 2146 Petro
463 2089 813 2157 dedit,’dum
834 2089 905 2144 ab
923 2089 1092 2144 abate
1112 2089 1460 2162 Magcnardo
1482 2090 1671 2163 ipsam
1689 2097 1798 2148 ter-

136 2197 253 2235 ram
284 2178 541 2251 recepit.
573 2179 691 2251 Ipsi
720 2195 854 2234 vero
885 2178 1091 2234 fratres
1137 2178 1468 2236 Rodbertus
1499 2185 1557 2236 et
1585 2181 1793 2239 Sancio

134 2269 870 2341 guerpiveruntterram,et
882 2267 1258 2339 fidejussores
1273 2267 1557 2324 dederunt
1569 2270 1648 2325 sei
1656 2287 1794 2343 psos

134 2363 182 2413 et
213 2359 367 2414 duos
389 2355 670 2413 homines
690 2373 846 2414 suos.
869 2356 1211 2412 Gilduinum
1234 2356 1681 2429 etEmalricum,
1705 2364 1789 2430 ut,

135 2447 176 2503 si
206 2449 454 2521 quando
487 2447 563 2502 ab
593 2445 812 2518 aliquo,
847 2463 916 2502 ex
946 2450 1107 2518 parte
1133 2462 1356 2518 eorum,
1377 2445 1504 2519 ipsa
1523 2452 1678 2504 terra
1697 2466 1791 2505 ca-

133 2536 592 2609 lumpniaretur,
617 2535 728 2608 ipsi
751 2535 993 2591 liberam
1017 2552 1145 2590 eam
1173 2536 1501 2608 redderent,
1525 2541 1582 2593 et
1605 2542 1789 2595 totam

131 2625 540 2700 calumpniam
574 2625 630 2679 in
664 2625 889 2680 curiam
920 2623 1150 2680 comitis
1172 2625 1494 2681 eraderent.
1519 2626 1647 2682 Haec
1661 2644 1792 2683 con-

129 2716 324 2771 cordia
359 2716 424 2770 in
456 2713 715 2787 episcopi
746 2713 911 2769 curia
942 2715 1095 2769 facta
1124 2714 1266 2782 fuit;
1300 2718 1357 2769 et
1399 2714 1791 2773 interfuerunt

128 2805 319 2873 multi,
342 2821 417 2860 ex
432 2803 652 2875 quibus
670 2803 910 2875 quidam
929 2802 1020 2858 hic
1034 2802 1350 2875 subscripti
1365 2809 1535 2861 sunt:
1567 2804 1785 2876 Nivelo,

127 2896 402 2952 Albertus
432 2894 504 2948 de
527 2892 914 2948 Gualardone‘
935 2892 1216 2965 Rogerius
1239 2892 1557 2962 Podardus,
1583 2895 1788 2952 Haimo

131 2985 445 3050 Barbatus,
468 2981 740 3055 Girogius
761 2980 1027 3049 clericus,
1053 2981 1366 3038 Herbertus
1393 2983 1786 3042 Carnotensis.

130 3075 208 3130 Ex
220 3073 477 3131 nostris:
503 3071 684 3140 Dodo,
706 3071 1104 3137 Herbrannus,
1120 3071 1439 3138 Adventus,
1462 3073 1784 3142 Teduinus,

134 3164 513 3231 Lambertus,
567 3160 921 3228 Labaddon;
966 3160 1345 3228 Gausiredus,
1401 3161 1644 3217 filiaster
1682 3163 1786 3219 Os-

132 3251 298 3308 berti.
338 3273 368 3300 »

617 3337 1030 3396 CAPITULUM
1071 3336 1308 3393 XXXIV.

131 3431 358 3486 Donatio
402 3427 864 3484 consuetudinum
904 3429 1069 3497 burgz'
1094 3443 1128 3482 α
1161 3426 1419 3484 6ίίἀυίηο
1457 3429 1786 3487 vicecomz'te.

711 3516 806 3586 (29
825 3515 1006 3590 April.
1042 3517 1228 3584 4046.)

197 3632 226 3657 (ς
263 3606 563 3675 Quoniam
595 3610 819 3662 certum
851 3609 946 3663 est
971 3609 1301 3678 aeternaque
1348 3604 1473 3678 lege
1503 3607 1786 3679 positum,

130 3704 188 3753 ut
220 3696 411 3753 nichil
440 3699 637 3752 contet
651 3694 934 3766 genitum,
950 3692 1176 3751 cunctis
1192 3695 1459 3767 congruit
1476 3695 1788 3753 chrisciani

129 3786 391 3842 nominis
424 3785 487 3840 in
518 3784 625 3840 hoc
666 3784 912 3839 fortunae
958 3782 1083 3839 salo
1130 3782 1357 3856 positis,
1392 3801 1506 3840 non
1557 3787 1790 3843 credere

129 3876 446 3949 fugacibus
477 3873 685 3941 bonis;
726 3873 1096 3945 pensandum
1128 3875 1217 3928 est
1260 3872 1430 3929 nobis
1457 3872 1654 3946 itaque
1702 3879 1786 3945 ut,

129 3965 304 4038 digno
337 3965 540 4019 fructu
573 3962 922 4035 pmnitentia:
956 3961 1174 4034 pariter
1203 3965 1261 4018 et
1289 3960 1640 4030 elemosinae,
1674 3981 1791 4020 me-

126 4071 368 4109 reamur
398 4052 685 4123 gaudium
716 4051 842 4107 sine
876 4051 1008 4118 ﬁne,
1062 4049 1325 4122 rapiente
1356 4067 1464 4108 nos
1515 4067 1643 4108 sero
1669 4053 1785 4108 die.

128 4142 317 4214 Hujus
345 4141 430 4197 rei
466 4139 672 4214 gratia,
704 4157 809 4213 ego
841 4139 1078 4211 quidem
1111 4139 1442 4206 Gilduinus,
1466 4139 1789 4197 vicecomes

126 4231 458 4286 Carnotinaa
492 4228 676 4297 urbis,
710 4245 969 4300 uxorque
999 4228 1256 4300 propria,
1289 4227 1524 4284 nomine
1556 4229 1790 4286 Emme-

127 4319 266 4387 lina,
303 4337 430 4374 una
453 4335 591 4374 cum
606 4317 738 4374 ﬁliis
753 4317 970 4374 nostris
985 4315 1373 4384 dulcissimis,
1398 4321 1600 4373 sancto
1625 4317 1790 4374 Petro

130 4408 539 4482 apostolorum
557 4407 827 4480 principi,
849 4405 1304 4462 consuetudines
1326 4405 1550 4462 scilicet
1573 4407 1664 4463 sui
1691 4425 1790 4464 su-

131 4498 354 4565 burbii,
372 4514 506 4570 quas
527 4495 710 4552 nostri
729 4500 866 4551 sunt
873 4495 1050 4567 juris,
1073 4499 1377 4568 gratanter
1391 4495 1789 4566 concedimus,

1917 577 2189 651 princeps
2222 595 2493 635 cocorum
2524 579 2901 635 vicecomitis.
2934 578 3265 644 Durandus,
3290 576 3571 648 pinccrna

1915 668 2166 724 comitis.
2201 668 2521 735 Teduinus,
2575 670 2765 739 major
2814 667 3010 723 Sancti
3046 665 3216 722 Petri.
3268 665 3566 725 Ernulfus.

1915 755 2227 812 Durandus
2259 757 2615 813 cellerarius.
2650 757 2976 829 Hugolinus
3006 772 3200 811 cocus.
3232 754 3567 810 Tedbaldus

1913 844 2257 901 Boldardus.
2275 847 2477 902 Ericus
2491 864 2653 919 puer.
2674 847 2746 902 IIl
2767 845 3048 901 kalendas
3063 844 3178 899 mai
3193 843 3300 899 hoc
3325 846 3564 898 auctum

1911 938 2018 995 est.
2056 939 2333 1007 regnante
2378 934 2762 991 invictissimo
2813 951 2945 1007 rege
2977 933 3252 1001 Henrico;
3307 932 3563 987 secundo

1911 1041 2065 1079 anno
2096 1029 2228 1096 post
2257 1023 2476 1080 bellum
2510 1041 2624 1096 quo
2656 1028 2862 1096 captus
2882 1027 2971 1079 est
2990 1022 3342 1078 Tedbaldus.
3368 1037 3561 1076 comes

1911 1111 2226 1185 palatinus,
2260 1130 2294 1170 a
2323 1113 2534 1170 comite
2565 1111 2983 1186 Andegavensi,
3041 1111 3352 1167 Gausfrido
3403 1110 3560 1165 Mar-

1909 1200 2065 1258 tello.
2103 1224 2130 1252 ››

2414 1291 2670 1348 CAPITU
2681 1291 2826 1347 LUM
2864 1289 3055 1346 XXXV

2156 1381 2368 1454 Emptio
2394 1389 2552 1437 terra
2585 1380 2853 1437 Gualterii
2879 1387 2930 1436 et
2961 1378 3298 1436 Guarnerii..

2495 1472 2666 1539 (Ante
2698 1486 2750 1526 a.
2787 1468 2968 1541 1070.)

1980 1579 2008 1607 ‹‹
2044 1557 2106 1613 ln
2127 1557 2361 1614 nomine
2375 1562 2586 1615 sanctae
2612 1563 2669 1614 et
2692 1557 3002 1613 individua
3019 1555 3346 1624 Trinitatis,
3367 1554 3556 1612 Patris

1907 1648 1964 1701 et
1998 1646 2124 1702 Filii
2156 1651 2214 1703 et
2255 1647 2508 1720 Spiritus
2556 1647 2774 1704 Sancti.
2808 1648 2926 1720 Ego
2976 1645 3320 1712 Landricus,
3369 1644 3556 1718 gratia

1907 1734 2029 1804 Dei,
2063 1736 2244 1792 abbas
2277 1737 2518 1792 coenobii
2555 1736 2751 1793 Sancti
2783 1735 2934 1792 Petri
2963 1734 3356 1802 Carnotensis,
3399 1733 3554 1805 quod

1907 1825 2180 1880 decenter
2207 1831 2264 1881 et
2285 1825 2620 1894 honoriﬁce,
2657 1843 2772 1881 non
2805 1824 2976 1897 longe
2998 1824 3069 1880 ab
3096 1823 3279 1896 ipsius
3301 1822 3554 1878 civitatis

1907 1918 2076 1987 porta
2122 1931 2249 1986 quae
2296 1919 2536 1970 vocatur
2563 1914 2887 1986 lCinerosa,
2932 1912 3142 1986 priscis
3186 1911 3554 1985 temporibus

1905 2003 2085 2059 situm
2118 2008 2240 2072 est;
2273 2003 2333 2058 in
2367 2021 2481 2076 quo
2530 2021 2647 2060 non
2681 2003 2912 2059 modica
2961 2000 3382 2058 monachorum
3414 2017 3551 2056 con-

1904 2093 2183 2165 gregatio,
2226 2094 2550 2150 secundum
2605 2091 2870 2165 regulam
2922 2091 3107 2147 sancti
3157 2089 3445 2146 Benedicti
3485 2105 3551 2144 ac

1904 2181 2152 2238 aliorum
2183 2183 2633 2255 przscedentium
2669 2185 2902 2255 patrum
2931 2179 3212 2252 exempla,
3236 2178 3330 2251 pie
3350 2178 3548 2235 vivens

1901 2269 1963 2326 in
2008 2271 2243 2344 hymnis
2291 2276 2348 2328 ct
2375 2270 2616 2327 canticis
2664 2269 3049 2342 spiritalibus,
3099 2268 3308 2324 intimo
3355 2266 3548 2324 cordis

1902 2361 2113 2417 affectu
2136 2360 2397 2435 pervigil,
2417 2364 2858 2431 ceterarumque
2878 2359 3163 2415 virtutum
3191 2356 3364 2413 claris
3387 2357 3549 2412 ador-

1902 2455 2038 2506 nata
2067 2449 2427 2523 insignibus;
2463 2449 2666 2522 perdia
2691 2453 2747 2505 et
2775 2465 2993 2521 pernox
3021 2447 3208 2503 tendit
3236 2446 3339 2512 ire,
3381 2445 3544 2501 Petro

1900 2538 2167 2611 praesule,
2197 2556 2299 2612 per
2318 2538 2496 2611 hujus
2527 2538 2732 2593 mundi
2763 2553 3088 2610 numquam
3107 2535 3370 2608 quietum
3394 2533 3548 2607 pela-

1899 2644 2030 2701 gus,
2066 2629 2135 2684 ad
2167 2633 2393 2684 aeternae
2424 2628 2624 2700 patriae
2669 2632 2902 2700 portum
2954 2643 3184 2699 semper
3213 2639 3540 2691 ammnum;

1899 2717 2195 2772 Christum
2229 2734 2461 2790 quoque
2516 2716 2719 2772 sedula
2765 2733 2931 2788 prece
2960 2719 3157 2772 exorat
3186 2731 3288 2787 pro
3335 2716 3543 2769 cuncto

1898 2805 2112 2879 populo
2143 2805 2447 2874 catholico,
2481 2805 2810 2878 specialiter
2851 2821 2986 2860 vero
3025 2822 3128 2877 pro
3159 2803 3252 2859 his
3291 2818 3541 2875 quorum

1898 2895 2313 2952 beneﬁciorum
2355 2901 2529 2968 atque
2569 2893 2946 2967 largitionum
2985 2891 3306 2964 juvamine,
3343 2893 3401 2946 in
3434 2891 3543 2947 hoc

1899 2984 2088 3058 fragili
2138 2984 2331 3041 carnis
2374 2983 2701 3057 gurgustio,
2756 2983 2897 3038 dum
2945 2981 3102 3049 vivit,
3155 2984 3538 3037 sustentatur.

1897 3073 2043 3130 Cum
2075 3073 2206 3143 hac,
2238 3068 2501 3147 inquam,
2525 3090 2630 3146 ego
2652 3071 2966 3144 praedictus
2989 3071 3168 3126 abbas
3191 3073 3396 3125 notum
3421 3067 3541 3124 fore

1895 3163 2168 3220 volumus
2191 3162 2418 3219 cunctis
2435 3161 2728 3232 fidelibus,
2751 3164 2872 3216 tam
2897 3159 3185 3232 presentis
3208 3173 3386 3231 quam
3409 3174 3542 3212 ven-

1817 3235 1860 3302 C
1898 3252 2012 3308 turi
2045 3252 2152 3320 evi,
2185 3252 2341 3324 quod
2372 3250 2612 3322 quidam
2644 3249 2968 3305 monachus
3000 3252 3216 3315 noster,
3258 3244 3539 3302 Warinus

1898 3341 2152 3409 nomine,
2178 3344 2389 3396 nostra:
2419 3339 2725 3411 cujusdam
2749 3337 2905 3394 cellas
2935 3337 3214 3410 provisor,
3237 3335 3296 3391 in
3324 3333 3541 3390 ﬁnibus

1895 3429 2336 3488 Normanniaain
2367 3428 2586 3484 honore
2615 3427 2716 3483 Dei
2747 3425 3042 3500 genitricis
3064 3425 3257 3482 Maria
3274 3428 3541 3482 constru-

1897 3526 2021 3588 ctzs,
2057 3520 2114 3575 in
2145 3519 2282 3574 villa
2311 3535 2438 3591 quae
2466 3517 2639 3590 vulgo
2671 3516 2914 3572 Plancas
2941 3521 3197 3583 vocatur,
3230 3532 3264 3571 a
3283 3515 3540 3588 quodam

1897 3609 2241 3684 presbitero,
2290 3606 2524 3663 nomine
2579 3605 2871 3673 Fulberto,
2895 3605 3031 3677 jure
3080 3607 3371 3677 perpetuae
3401 3602 3544 3660 emit

1897 3698 2214 3771 emptionis
2243 3703 2479 3765 terram,
2508 3693 2773 3752 videlicet
2821 3693 3100 3751 Gualterii
3131 3693 3202 3749 de
3248 3692 3386 3748 Vico
3426 3695 3542 3748 ter-

1898 3803 2144 3860 ramque
2190 3784 2516 3842 Guarnerii.
2570 3785 2675 3840 Pro
2734 3783 2842 3840 hac
2899 3798 3132 3855 quoque
3174 3781 3268 3836 XX
3324 3780 3543 3837 solidos

1897 3891 2276 3932 nummorum
2289 3873 2466 3941 dedit,
2487 3890 2590 3946 pro
2608 3871 2790 3928 altera
2805 3877 2922 3928 tres
2938 3871 3119 3926 libras
3143 3887 3542 3925 nummorum.

1898 3963 2132 4022 Domini
2163 3963 2377 4036 quippe
2417 3962 2735 4035 supradicti
2786 3959 3116 4035 presbiteri,
3163 3961 3277 4016 duo
3325 3957 3547 4015 scilicet

1898 4056 2126 4121 fratres,
2159 4050 2486 4110 Willelmus
2517 4051 2588 4106 de
2615 4052 2820 4123 Fageto
2841 4049 3304 4117 etGuimundus,
3327 4053 3390 4103 ut
3408 4047 3544 4104 buic

1896 4140 2215 4200 venditioni
2256 4140 2579 4212 praeberent
2626 4156 2959 4207 assensum,
2994 4137 3087 4194 XX
3117 4137 3354 4206 solidos,
3409 4140 3544 4191 tan-

1900 4233 2281 4302 tumdemque
2310 4229 2484 4284 etiam
2513 4229 2727 4284 domno
2761 4243 2963 4284 eorum
2996 4226 3175 4292 dedit,
3208 4223 3542 4281 Guimnndo

1901 4320 2122 4378 scilicet
2152 4317 2344 4384 Felici,
2395 4318 2566 4389 cujus
2595 4321 2736 4373 tunc
2784 4320 2908 4372 erat
2938 4316 3134 4388 ipsum
3183 4318 3441 4370 castrum
3473 4312 3543 4367 de

1898 4410 2148 4479 Molinis,
2181 4410 2252 4464 de
2283 4408 2452 4480 cujus
2500 4405 2781 4462 beneficio
2829 4404 3149 4478 supradicti
3179 4404 3294 4459 duo
3335 4403 3544 4457 fratres

1901 4504 2118 4557 terram
2149 4497 2311 4554 illam
2361 4499 2689 4552 tenuerant.
2734 4495 2952 4566 Itaque,
3009 4498 3130 4549 tam
3162 4509 3196 4548 a
3223 4489 3544 4564 presbitero

133 4594 196 4643 ut
225 4585 513 4643 monachi
546 4586 746 4642 devote
767 4585 818 4640 ei
839 4585 1154 4642 servientes
1175 4584 1233 4639 in
1261 4584 1521 4639 coenobio
1543 4586 1698 4656 quod
1722 4585 1794 4641 si-
1823 4608 1870 4670 D
1901 4586 2236 4660 supradicto
2256 4603 2434 4658 quam
2453 4583 2729 4640 adomnis
2746 4584 2873 4656 ejus
2895 4581 3272 4655 supradictis,
3287 4579 3546 4652 positum

131 4684 257 4733 tum
291 4681 387 4732 est
409 4677 587 4747 juxta
614 4675 916 4747 praefatam
943 4675 1169 4741 urbem,
1185 4675 1288 4744 jus
1309 4672 1564 4728 habeant
1587 4673 1789 4729 orandi

133 4784 234 4838 pro
269 4765 470 4822 salute
499 4768 720 4833 nostra,
751 4768 810 4819 et
841 4763 1088 4835 singulis
1127 4761 1318 4829 annis,
1363 4766 1493 4833 post
1541 4767 1790 4818 mortem

137 4855 334 4911 carnis
362 4853 735 4926 singulorum
777 4850 1172 4907 anniversaria
1215 4849 1526 4905 celebrent.
1561 4849 1790 4906 Tribui-

137 4961 272 4999 mus
294 4943 482 4999 etiam
497 4959 682 4997 unum
703 4939 1026 5009 furnillum,
1051 4943 1290 5010 excepto
1314 4955 1512 5006 censu,
1537 4939 1608 4994 ab
1632 4939 1792 4995 omni

135 5030 568 5088 consuetudine
599 5029 867 5095 liberum,
901 5033 958 5084 et
989 5027 1250 5084 ortulum
1273 5027 1547 5082 arborum
1572 5026 1796 5086 laetissi-

136 5138 331 5177 mum.
367 5121 528 5176 Hanc
561 5125 758 5174 autem
792 5117 1075 5174 cartulam
1100 5116 1466 5172 firmavimus
1487 5116 1694 5173 horum
1717 5123 1796 5175 te-

137 5210 426 5267 stimonio
441 5225 692 5281 quorum
715 5207 954 5264 nomina
970 5205 1455 5278 subscripsimus,
1483 5206 1649 5279 signo
1672 5223 1799 5264 cru-

140 5301 224 5356 cis
255 5316 392 5355 eam
441 5297 904 5353 corroborantes.
954 5295 1266 5351 Gilduinns
1308 5294 1649 5364 vicecomes,
1698 5297 1796 5368 qui

139 5388 295 5445 hanc
329 5387 709 5443 donationem
731 5385 884 5442 fecit.
917 5379 1254 5440 Harduinus
1273 5383 1612 5452 vicecomes,
1642 5385 1800 5443 {ilius

141 5480 292 5550 eius.
328 5475 655 5548 Elisabeth,
687 5492 832 5532 uxor
881 5475 1172 5546 ejusdem.
1207 5473 1462 5529 Joannes
1511 5473 1796 5533 medicus.

147 5568 362 5624 Guiszo
410 5565 698 5622 medicus.
747 5563 1052 5620 Girbertus
1097 5561 1402 5635 presbiter.
1456 5561 1799 5622 Goscelinus

143 5655 461 5733 presbiter,
491 5654 817 5713 Rodbertus
848 5654 920 5710 de
947 5650 1102 5709 Villa
1131 5650 1273 5708 Pali.
1317 5649 1698 5710 Herbrannus
1729 5654 1802 5713 de

1899 4682 1989 4734 est
2006 4677 2226 4732 donum
2257 4691 2432 4746 super
2454 4673 2636 4730 altare
2667 4675 2833 4729 almae
2856 4671 3060 4728 matris
3081 4669 3337 4739 Domini,
3356 4667 3556 4738 viden,.

1899 4765 2058 4822 tibus
2075 4768 2132 4820 et
2151 4763 2529 4820 audientibus
2551 4761 2642 4818 his
2665 4779 2912 4835 quorum
2926 4759 3287 4817 nominasub
3301 4758 3554 4815 scribere

1901 4853 2336 4910 mandavimus.
2360 4851 2528 4908 Prius
2547 4868 2681 4907 vero
2705 4851 3006 4923 assignare
3033 4849 3390 4916 curavimus,
3417 4846 3558 4919 quia

1903 4943 2198 5009 Giraldus,
2219 4940 2538 5015 supradicti
2558 4940 2864 5013 presbiteri
2891 4939 3068 5008 filius,
3093 4937 3336 4995 adnisus
3356 4940 3444 4993 est
3466 4953 3552 4992 re-

1902 5033 2153 5088 clamare
2185 5031 2294 5087 sibi
2327 5028 2675 5101 supradictae
2706 5033 2870 5085 terra:
2903 5035 3160 5102 partem;
3189 5032 3298 5096 set,
3349 5025 3550 5082 convi-

1903 5127 2033 5179 ctus
2064 5121 2125 5175 in
2155 5120 2318 5176 curia
2335 5120 2404 5174 de
2426 5117 2660 5174 Molinis
2682 5118 2879 5187 castri,
2905 5136 3098 5175 coram
3123 5119 3340 5174 domna
3360 5115 3548 5188 ipsius

1908 5209 2084 5266 castri
2113 5208 2411 5275 Albereda,
2447 5205 2667 5261 scilicet
2697 5205 2818 5263 ﬁlia
2845 5207 3165 5263 Guimnndi
3192 5204 3419 5274 Felicis,
3453 5204 3550 5259 do-

1907 5307 2051 5355 num
2083 5303 2139 5354 et
2167 5297 2291 5369 ipse
2320 5296 2517 5368 posuit
2546 5312 2724 5367 super
2752 5295 2951 5364 altare,
2977 5297 3199 5352 habens
3225 5295 3361 5350 inde
3383 5293 3552 5365 quin-

1909 5387 2193 5460 quaginta
2222 5386 2458 5442 solidos.
2493 5386 2672 5456 Cujus
2703 5384 2784 5441 rei
2819 5389 2996 5441 testes
3045 5389 3185 5440 sunt
3214 5383 3308 5438 hi:
3362 5381 3551 5438 Guido

1909 5476 2212 5550 presbiter,
2247 5474 2553 5530 Fulbertus
2583 5473 2654 5530 de
2686 5473 2936 5542 Plancis,
2960 5475 3274 5530 Herbertus
3297 5472 3366 5526 de
3397 5469 3557 5527 Meli-

1910 5569 2092 5635 curte,
2123 5565 2438 5621 Seirannus
2469 5565 2540 5619 de
2574 5562 2826 5631 Plancis,
2877 5562 3189 5619 Restaldus
3242 5559 3553 5628 mediator,

1909 5654 2231 5723 Corbellus,
2289 5651 2640 5711 Guillelmus
2680 5651 2917 5726 vinitor,
2948 5650 3242 5711 Turoldus
3273 5647 3554 5724 famulus,
