3968 6080
435 334 553 397 303

1323 337 1558 399 PAULI
1605 336 1668 397 S.
1715 334 1948 396 PETRI
1988 332 2527 396 CARNO'I‘ENSIS
2573 329 2952 393 MONACHI.

3713 325 3837 386 304

439 466 768 523 Willelmus
798 468 1080 534 Canutus,
1120 468 1451 525 Willelmus
1479 470 1552 525 de
1597 467 1811 540 Aspris.
1845 465 2074 523 Willel-
2104 466 2159 534 Α
2188 465 2298 522 sibi
2330 465 2522 521 carnis
2553 463 2930 520 delectaiione
2959 462 3332 528 adheserunt,
3366 459 3697 532 pmnitendo
3728 458 3834 514 de-

435 573 592 627 mus,
625 555 785 613 ﬁlius
825 556 1089 626 Milonis;
1120 556 1417 614 Ebrardus
1449 558 1517 613 de
1550 558 1732 630 Ruga.
1770 579 1798 605 »

917 646 1329 704 CAPITULUM
1367 647 1601 703 XXXVI.

512 738 594 793 De
620 732 863 793 (ecclesia
895 736 1054 794 Villa?
1089 736 1335 803 Villonis,
1368 753 1431 791 ac
1459 733 1523 791 de
1552 744 1698 792 terra
1729 736 1809 790 ibi
1837 735 1984 791 data.

1058 826 1242 894 (Anno
1275 824 1457 891 1059.)

510 937 538 965 ‹‹
573 914 637 969 In
666 913 903 972 nomine
932 917 1149 971 sanctae
1182 916 1239 970 et
1270 913 1579 970 individua:
1612 912 1935 969 Trinitatis.
1967 913 2085 985 Ego

438 1001 579 1073 Odo,
613 1003 772 1060 ﬁlius
802 1001 1143 1069 Guazzonis,
1177 1005 1382 1057 notum
1431 1019 1558 1058 esse
1588 1001 1738 1067 volo,
1789 1006 1907 1057 tam
1941 1018 2085 1073 prae-

440 1075 704 1149 sentibus
718 1092 995 1148 omnibus
1012 1109 1187 1164 quam
1209 1088 1680 1158 succedentibus,
1704 1091 1843 1162 quia
1865 1106 2088 1145 memor

440 1180 620 1236 divini
650 1179 863 1253 eloquii
897 1179 1187 1236 dicentis:
1225 1185 1386 1248 Date,
1419 1188 1469 1236 et
1498 1179 1718 1235 dabitur
1738 1181 1904 1245 vobis,
1938 1179 2083 1251 ipse,

439 1270 704 1341 inquam,
737 1286 840 1341 pro
869 1268 1059 1326 salute
1088 1269 1297 1325 animae
1329 1285 1567 1329 messae
1589 1268 1875 1340 conjugis,
1900 1285 1968 1322 ex
1988 1268 2086 1322 be-

440 1358 684 1426 neﬁciis,
719 1374 848 1430 qua
869 1358 1123 1431 denique
1138 1355 1536 1431 temporaliter
1556 1357 1854 1430 possidere
1870 1356 2085 1421 videor,

439 1446 780 1515 azcclesiam,
834 1464 959 1520 qua:
1010 1445 1150 1504 olim
1204 1446 1437 1518 quidem
1472 1447 1586 1502 sita
1633 1451 1718 1502 est
1745 1445 1805 1500 in
1832 1445 1956 1501 loco
1988 1443 2088 1517 qui

437 1541 679 1610 vocatu;
692 1536 842 1591 Villa
855 1536 1125 1607 Villonis,
1149 1552 1306 1591 nunc
1327 1553 1482 1607 vero,
1504 1534 1950 1590 imminentibus
1973 1550 2090 1589 ma-

437 1622 531 1696 lis,
566 1627 636 1683 ad
670 1622 956 1681 nichilum
990 1626 1309 1693 redactam,
1345 1643 1476 1681 cum
1501 1629 1656 1681 terra
1675 1641 1741 1681 ac
1768 1624 1995 1679 decima
2017 1624 2089 1679 ad

438 1714 761 1773 aacclesiam
785 1713 1120 1788 pertinenti,
1139 1718 1475 1786 terramque
1490 1712 1665 1770 aliam
1690 1714 1865 1769 unius
1887 1712 2086 1768 aratri.

2191 555 2386 624 ﬂeant,
2417 559 2473 610 et
2500 554 2700 609 futura
2727 556 2986 619 caveant,
3012 566 3255 622 seseque
3279 549 3564 605 bonorum
3590 564 3833 621 Operum

2192 641 2722 699 sinceravoluntate
2736 640 3066 697 adherendo
3084 640 3211 711 conj
3222 642 3465 711 ungant,
3481 654 3545 693 ac
3558 641 3677 692 toto
3701 636 3835 692 nisu

2191 731 2523 789 Conditoris
2558 731 2878 803 iussionem
2910 733 3235 802 sequantur
3265 727 3542 783 dicentis:
3568 726 3673 795 Qui
3701 724 3837 781 reli-

2194 823 2370 895 querit
2415 838 2614 891 agrum
2660 820 2744 876 vel
2785 818 3026 883 domum,
3068 834 3165 873 seu
3197 814 3356 872 aliud
3394 816 3610 889 aliquid
3650 817 3711 871 in
3739 813 3839 870 hoc

2190 910 2413 979 mundo,
2439 918 2658 982 propter
2682 925 2787 973 me,
2818 909 3132 980 centuplum
3161 908 3221 962 iu
3249 909 3440 979 futuro
3478 907 3726 978 accipiet,
3772 921 3838 959 ac

2192 1002 2359 1056 vitam
2378 1010 2639 1055 aeternam
2667 999 2772 1054 late
2815 996 3246 1069 possidebilﬂoc
3270 1012 3376 1068 ego
3429 994 3835 1050 dulcissonum

2193 1088 2404 1144 Christi
2425 1087 2719 1161 eulogium
2741 1086 2943 1159 patula
2959 1102 3118 1149 aure,
3138 1084 3282 1141 Urso
3302 1082 3556 1150 nomine,
3574 1100 3644 1140 au
3656 1083 3832 1148 riens,

2194 1195 2312 1234 una
2328 1193 2763 1233 cumconsensu
2779 1175 2980 1252 domni
3008 1175 3121 1231 mei
3144 1173 3434 1240 Walterii,
3459 1173 3562 1228 ﬁlii
3584 1172 3835 1241 Viviani,

2194 1268 2364 1339 cujus
2386 1264 2731 1322 beneﬁcium
2753 1269 2994 1321 actenus
3016 1268 3208 1320 tenere
3230 1262 3389 1318 visus
3415 1279 3569 1331 sum,
3594 1278 3837 1317 censum

2190 1355 2459 1412 videlicet
2505 1353 2773 1410 aacclesiae
2803 1354 2874 1408 de
2917 1351 3192 1420 Salicioli,
3243 1368 3469 1409 necnon
3500 1355 3556 1406 et
3584 1351 3712 1407 ΧΧιί
3742 1351 3841 1409 ΙΙΙ·

2187 1446 2399 1518 jugera
2420 1448 2606 1509 terrae,
2626 1443 2799 1516 juxta
2817 1442 3010 1514 ipsam
3031 1440 3376 1507 aeccleciam,
3401 1440 3473 1496 ad
3494 1439 3838 1497 orientalem

2196 1534 2428 1607 plagam
2462 1533 2657 1601 sitam,
2688 1549 2791 1604 pro
2822 1531 3009 1588 salute
3039 1531 3249 1587 animae
3280 1547 3421 1586 mea:
3452 1535 3509 1586 et
3529 1535 3838 1603 parentum

2197 1639 2484 1690 meorum,
2517 1623 2728 1678 Sancto
2762 1621 2926 1676 Petro
2958 1619 3204 1676 coenobii
3235 1619 3627 1687 Carnotensis,
3660 1619 3838 1677 dona-

2196 1712 2354 1768 tione
2384 1711 2624 1777 directa,
2657 1710 2940 1779 concedo;
2991 1714 3076 1775 ut,
3111 1707 3271 1764 nullo
3320 1725 3579 1782 unquam
3611 1708 3671 1764 in
3715 1725 3837 1775 evo,

436 1810 641 1862 sancto
672 1804 836 1860 Petro
869 1808 1044 1877 atque
1094 1804 1293 1860 abbati
1343 1803 1629 1860 Landrico
1670 1800 2090 1874 monachisque
2119 1836 2168 1902 Β
2198 1799 2395 1872 aliquo
2426 1800 2619 1899 modo,
2654 1800 2725 1854 ad
2760 1798 2944 1898 ullum
2975 1798 3258 1897 heredum
3289 1814 3553 1897 meorum
3667 1801 3843 1854 retor-

439 1895 567 1968 ejus
590 1894 724 1967 jure
752 1892 1167 1968 possidendam
1189 1893 1415 1961 tribuo;
1441 1893 1750 1965 Agoberto,
1772 1890 2087 1947 venerabili

439 1982 710 2056 episcopo
740 1985 1055 2051 annuente,
1080 1998 1303 2036 necnon
1329 1979 1696 2037 nobilissima
1722 1980 1939 2035 domna
1959 1995 2090 2034 mea

442 2070 695 2127 Mahilde
747 2074 922 2142 atque
968 2070 1096 2140 ejus
1147 2069 1264 2124 ﬁlio
1313 2068 1631 2136 Willelmo,
1667 2069 1737 2124 de
1781 2068 1999 2140 quibus
2030 2068 2087 2123 id

438 2158 727 2233 possideo.
747 2156 1156 2230 Hancquidem
1177 2157 1496 2213 azcclcsiam
1521 2156 1825 2213 Ricberius
1848 2156 2087 2229 quidam

438 2245 609 2303 miles
639 2251 879 2302 actenus
907 2263 975 2301 ex
996 2263 1090 2302 me
1120 2246 1339 2313 tenuit;
1365 2248 1470 2312 set,
1504 2263 1537 2300 a
1570 2262 1662 2301 me
1684 2262 1869 2318 nuper
1890 2262 2090 2317 peccu-

437 2336 534 2392 nia
562 2340 817 2408 accepta,
851 2351 978 2391 eam
1011 2334 1189 2390 michi
1220 2333 1473 2390 reddidit
1494 2334 1551 2388 in
1578 2337 1891 2406 conspectu
1914 2331 2090 2405 pluri-

436 2441 667 2481 morum
688 2423 1020 2491 hominum,
1040 2420 1109 2479 de
1132 2422 1422 2495 quibusin
1446 2421 1845 2478 testimonium
1871 2439 2087 2495 paucos

434 2513 800 2570 subscribam
822 2511 1215 2567 :Bernardum
1236 2511 1306 2567 de
1321 2511 1496 2567 Buslo
1520 2530 1533 2580 ;
1555 2510 2086 2579 Rodulfum,ﬁlium

436 2600 746 2676 Hungerii;
779 2600 1162 2657 Gausl‘ridum
1193 2601 1264 2656 de
1292 2600 1513 2671 Braiao,
1548 2599 1926 2655 Guillelmum
1952 2615 2090 2672 prae-

438 2691 725 2766 positum;
780 2689 1121 2766 Radull‘um,
1179 2688 1366 2745 ﬁlium
1420 2689 1777 2762 Leodcgarii.
1829 2691 2086 2756 Quorum

440 2765 616 2836 etiam
640 2778 908 2834 consultu
932 2765 1329 2851 sdpradictam
1353 2777 1725 2833 donationem
1751 2778 1878 2844 feci,
1898 2783 1963 2832 ut
1985 2777 2087 2833 ha-

442 2867 632 2932 beam,
665 2863 934 2922 videlicet
962 2865 1088 2938 ipse
1118 2869 1176 2920 et
1208 2882 1353 2921 uxor
1383 2882 1532 2931 mea,
1565 2864 1801 2920 nomine
1842 2866 2089 2920 Ermen-

445 2955 663 3030 gardis,
695 2971 765 3011 ex
794 2952 903 3010 hac
935 2950 1028 3009 die
1059 2958 1115 3009 et
1135 2953 1426 3026 deinceps,
1451 2953 1864 3009 beneﬁciorum
1886 2954 2092 3011 suifra-

445 3043 542 3117 gia
570 3044 627 3099 et
655 3036 984 3099 orationum
1036 3041 1481 3100 monachorum.
1530 3042 1690 3108 Quod
1723 3040 1770 3098 si
1799 3040 1938 3097 alibi
1976 3042 2088 3116 ipsi

445 3131 658 3188 melius
673 3130 922 3187 viderint
936 3147 1115 3203 supra
1130 3134 1513 3186 memoratam
1536 3129 1855 3186 zecclesiam
1871 3130 2091 3186 reediﬁ-

2197 1894 2464 1961 queatur.
2496 1888 2712 1944 Adibeo
2729 1888 2903 1943 etiam
2927 1886 3196 1960 conjugis
3218 1904 3358 1943 mea:
3373 1886 3651 1944 Ausindis
3665 1891 3842 1959 atque

2197 1978 2300 2033 ﬁlii
2334 1979 2445 2033 mei
2478 1977 2632 2033 unici
2668 1976 2974 2033 Gisleberti
3007 1980 3065 2031 et
3095 1975 3347 2031 ﬁliarum
3389 1993 3651 2031 mearum
3703 1993 3840 2033 con-

2198 2083 2458 2134 sensum,
2493 2066 2770 2138 quatinus
2800 2081 3029 2120 mecum
3079 2064 3480 2120 retributionis
3529 2064 3843 2138 participes

2198 2173 2325 2213 esse
2353 2156 2412 2210 in
2444 2160 2657 2210 aeterna
2683 2154 2801 2210 vita
2828 2153 3076 2210 valeant.
3106 2155 3264 2219 Quod
3299 2154 3349 2208 si
3383 2153 3559 2209 michi
3583 2153 3702 2209 vita
3739 2171 3843 2211 co-

2198 2263 2323 2301 mes
2355 2244 2550 2309 fuerit,
2585 2261 2651 2300 ac
2696 2243 2935 2316 propius
2957 2243 3029 2298 ad
3056 2242 3253 2314 ipsum
3276 2243 3626 2309 cmnobium,
3646 2260 3848 2299 mona-

2196 2334 2338 2390 stice
2368 2333 2649 2401 victurus,
2696 2332 2967 2388 accedere
3010 2329 3246 2387 voluero
3296 2336 3582 2403 quantum
3610 2332 3726 2387 Dco
3758 2332 3844 2387 fa-

2197 2419 2434 2478 cultatis
2465 2422 2670 2488 aderit,
2699 2406 2920 2494 augens
2948 2420 3169 2476 donum
3200 2420 3623 2492 supradictum,
3656 2425 3732 2489 et,
3757 2421 3846 2476 si-

2198 2516 2298 2568 cut
2338 2512 2418 2566 ait
2469 2509 2989 2583 Psalmographus:
3036 2510 3271 2565 Placabo
3317 2512 3612 2566 Dominum
3656 2527 3848 2566 meum

2198 2603 2257 2657 in
2291 2602 2402 2656 vita
2428 2616 2579 2666 mea;
2602 2600 2840 2671 psallam
2869 2599 2972 2654 Deo
3001 2615 3119 2654 meo
3148 2598 3395 2670 quaudiu
3414 2615 3525 2654 ero.
3559 2598 3629 2655 Ut
3645 2603 3846 2654 autem

2198 2689 2318 2744 haec
2349 2687 2574 2744 cartula
2590 2682 2940 2743 inviolabilis
2961 2691 3314 2759 permaneat,
3342 2687 3717 2758 ﬁdejussores
3736 2704 3846 2743 seu

2198 2783 2396 2845 testes,
2414 2776 2705 2833 subscribi
2720 2775 2875 2831 volui
2895 2793 2908 2830 :
2931 2775 3288 2832 Richardum
3313 2775 3620 2843 clericum;
3644 2777 3725 2832 Ad
3737 2776 3847 2834 ral-

2198 2867 2340 2922 dum
2371 2871 2426 2922 et
2457 2866 2838 2933 Bernardum,
2872 2866 3081 2920 fratres
3120 2865 3277 2936 ejus;
3323 2864 3707 2934 Gualterium,
3740 2883 3845 2923 ne-
3884 2904 3891 2911 -

2198 2960 2391 3030 potem
2423 2972 2642 3022 meum,
2673 2954 3029 3027 praenomine
3057 2953 3404 3021 Postellum;
3429 2955 3843 3012 Marcuardum

2199 3046 2269 3101 de
2301 3044 2582 3101 Givriaco.
2617 3043 2916 3100 Subscribi
2947 3043 3100 3100 volui
3148 3044 3434 3117 quosdam
3476 3044 3842 3100 audientium

2199 3140 2256 3190 et
2282 3133 2627 3199 videntium,
2663 3137 2746 3200 ut,
2782 3132 2833 3189 si
2863 3133 3008 3188 forte
3036 3134 3212 3206 (quod
3237 3133 3442 3201 absit!)
3467 3132 3679 3205 aliquis
3702 3133 3844 3190 huic

444 3223 691 3280 caudam
722 3237 871 3290 esse,
906 3219 1007 3276 ubi
1054 3219 1362 3287 voluerint,
1396 3219 1457 3274 in
1487 3237 1636 3292 opus
1685 3218 1952 3275 (ecclesia:
1985 3236 2088 3276 seu
2120 3205 2163 3272 (ἶ
2202 3222 2499 3280 donationi
2532 3221 2819 3278 contraire
2846 3205 3115 3291 voluerit(
3147 3239 3350 3278 omnes
3389 3222 3666 3278 adversus
3702 3240 3843 3279 eum

444 3308 716 3368 cimiterii
746 3315 865 3366 tres
915 3309 1225 3382 aripennos
1273 3314 1460 3379 terrae,
1494 3307 1551 3363 in
1584 3309 1788 3364 eadem
1834 3308 1992 3376 villa,
2021 3307 2091 3363 li~

443 3402 647 3458 benter
661 3400 938 3467 tribuam,
964 3403 1253 3455 reservato
1273 3398 1382 3453 sibi
1404 3398 1529 3454 loco
1548 3401 1770 3453 mutato
1798 3396 2088 3454 azcclesiaa.

444 3488 590 3557 Quia
617 3504 750 3544 vero
780 3487 852 3542 ab
878 3486 1141 3561 apostolo
1172 3486 1457 3558 scriptum
1482 3503 1609 3542 esse
1631 3485 1824 3554 audio,
1851 3485 2092 3542 hilarem

443 3577 687 3633 datorem
737 3577 927 3646 diligit
970 3574 1132 3641 Deus,
1182 3591 1365 3647 augeo
1410 3574 1546 3629 huic
1594 3576 1746 3630 dono
1796 3575 2090 3646 quendam

446 3682 645 3723 meum
676 3663 946 3731 militem,
996 3663 1233 3719 nomine
1282 3661 1587 3734 Stabilem,
1640 3679 1774 3718 cum
1809 3667 1963 3719 terra
1986 3680 2090 3719 seu

444 3753 690 3821 decima,
721 3768 898 3825 quam
928 3770 996 3808 ex
1022 3768 1151 3807 meo
1193 3750 1472 3807 beneﬁcio
1504 3752 1563 3806 in
1594 3752 1797 3808 eodem
1848 3750 1972 3808 loco
2004 3757 2089 3808 te-

444 3840 642 3899 nebat.
681 3842 876 3897 Abbas
924 3841 1121 3913 itaque
1150 3844 1207 3895 et
1236 3839 1531 3909 monachi,
1583 3857 1683 3913 pro
1713 3839 1843 3896 istis
1894 3841 2087 3912 rebus,

443 3928 872 4006 quinquaginta
896 3928 1114 3985 solidos
1164 3945 1542 3984 nummorum
1592 3930 1771 3985 michi
1801 3931 2090 3986 dederunt

441 4018 701 4076 caritatis
732 4018 904 4075 dono.
938 4022 1098 4073 Hanc
1148 4023 1341 4073 autem
1387 4018 1698 4087 cartulam,
1748 4019 2087 4076 nominibus

441 4107 695 4181 propriis
738 4108 1194 4175 corroboratam,
1241 4105 1289 4162 si
1319 4106 1453 4179 quis
1500 4108 1828 4164 contrarius
1876 4113 2085 4165 nostra

441 4194 616 4253 saluti
647 4196 940 4271 suggilare
966 4195 1282 4268 aliquando
1314 4195 1481 4252 nisus
1502 4196 1839 4264 fuerit,cum
1862 4197 2085 4254 Dathan

441 4289 499 4342 et
528 4284 744 4353 Abiron
772 4285 1009 4357 ignibus
1034 4283 1313 4357 gehennae
1367 4286 1687 4358 subjaceat.
1740 4285 1970 4358 Scripta
1998 4291 2087 4342 est

440 4374 693 4447 denique
713 4373 983 4430 Hainrico
1006 4389 1139 4448 rege
1164 4379 1463 4446 regnante,
1487 4374 1545 4428 in
1565 4374 1768 4430 eodem
1789 4392 1941 4430 anno
1967 4392 2083 4448 quo

441 4462 747 4521 substituit
775 4462 887 4518 sibi
918 4462 978 4517 in
1009 4478 1187 4536 regno
1237 4462 1611 4536 Pbylippum.
1665 4463 1853 4520 ﬁlium
1883 4481 2080 4521 suum.

441 4551 500 4609 S.
543 4550 781 4619 Odonis,
815 4551 916 4639 qui
948 4549 1100 4607 hanc
1131 4552 1507 4608 donationem
1556 4552 1710 4609 fecit.
1748 4553 1807 4609 S.
1839 4554 2079 4608 Ermen-
2110 4574 2158 4639 D

439 4639 660 4713 gardis,
708 4638 907 4695 uxoris
957 4640 1106 4711 ejus.
1142 4639 1200 4695 S.
1251 4639 1598 4714 Avesgaudi.
1652 4640 1881 4710 nepotis
1930 4641 2078 4712 ejus.

422 4722 499 4784 'S.
530 4728 715 4785 Ervei.
749 4730 808 4784 S.
843 4727 1103 4802 Hugonis
1135 4728 1205 4785 de
1238 4727 1606 4785 Barzilleriis.
1641 4729 1699 4785 S.
1725 4729 1986 4785 Herberti
2010 4731 2081 4786 de

438 4816 651 4874 Teonis
703 4816 872 4872 Villa.
935 4817 1016 4872 Ex
1071 4821 1305 4873 nostra:
1363 4817 1718 4890 Stephanus,
1779 4818 2078 4888 Ernulf’us,

440 4903 757 4971 Fulchdus,
818 4905 1178 4973 Tescelinus,
1231 4905 1616 4962 Gauscelinus
1665 4907 1736 4962 de
1801 4907 2082 4981 Fragante

435 4993 606 5057 Villa,
638 5016 667 5046 »

900 5084 1019 5137 (ΖΑΓ
1034 5082 1248 5138 ITULU
1259 5083 1312 5138 M
1353 5083 1621 5141 XXXVIII

630 5173 703 5228 Dc
733 5171 994 5228 azcclesia:
1024 5188 1187 5228 censu
1217 5172 1470 5230 Salicioli
1496 5183 1546 5229 et
1578 5182 1723 5230 terra
1752 5174 1879 5231 data

1022 5262 1186 5333 (Ante
1218 5278 1269 5316 a.
1308 5263 1491 5329 1080.)
1952 5314 1986 5338 ο

504 5371 535 5402 α
558 5346 623 5407 In
655 5350 891 5407 nomine
920 5355 1132 5405 sanctae
1154 5355 1211 5406 ct
1232 5351 1539 5407 individua:
1564 5353 2081 5421 Trinitatis,Patris

431 5440 491 5496 et
520 5438 646 5495 Filii
676 5444 733 5496 et
750 5439 1002 5514 Spiritus
1021 5439 1236 5496 Sancti.
1261 5440 1477 5496 Omnes
1498 5442 1553 5495 in
1572 5441 1797 5499 Christo
1822 5446 2077 5517 renatos,

431 5525 651 5601 quique
680 5527 740 5584 in
780 5527 908 5602 ipso
938 5527 1031 5602 pie
1078 5529 1266 5584 vivere
1298 5527 1517 5597 volunt,
1565 5547 1794 5604 semper
1824 5531 2078 5589 intentos

431 5626 561 5677 Osse
590 5618 887 5689 condecet,
912 5620 977 5676 ut
992 5616 1253 5676 maculas
1274 5622 1513 5676 terrenae
1536 5618 1920 5696 contagionis,
1949 5637 2077 5694 quae

2198 3315 2576 3384 consurgant,
2610 3315 2665 3366 et
2693 3327 2796 3383 pro
2828 3310 2943 3366 Deo
2972 3311 3226 3380 videant,
3257 3315 3322 3365 ut
3350 3312 3478 3382 ejus
3525 3310 3692 3367 nisus
3723 3329 3844 3368 non

2197 3400 2404 3456 valeat.
2440 3399 2604 3466 Urso,
2637 3399 2736 3471 qui
2770 3398 2919 3455 hanc
2949 3398 3321 3455 donationem
3354 3399 3506 3456 fecit.
3538 3400 3841 3471 Ausindis,

2199 3506 2344 3545 uxor
2370 3490 2519 3560 ejus.
2553 3487 2933 3553 Gislebertus,
2957 3487 3115 3544 ﬁlius
3135 3490 3284 3560 ejus.
3315 3488 3653 3545 Gualterius
3674 3489 3846 3545 Dom-

2199 3595 2331 3648 nus,
2364 3577 2521 3632 ﬁlius
2542 3576 2787 3631 Viviani.
2806 3575 3106 3643 Vivianus,
3126 3576 3284 3634 ﬁlius
3297 3578 3446 3648 eius.
3468 3576 3844 3651 Hild‘eburgis

2198 3684 2343 3723 uxor
2371 3665 2651 3722 Walterii.
2678 3665 2851 3722 Fulco
2875 3666 3240 3738 praepositus.
3272 3666 3585 3723 Herbertus
3612 3668 3682 3724 de
3705 3672 3846 3723 Bur-

2198 3756 2385 3811 seriis.
2452 3754 2739 3811 Rodulfus
2817 3754 2890 3809 de
2940 3753 3201 3811 Calliolo.
3252 3756 3602 3812 Amalricus.
3653 3756 3843 3813 Guido

2197 3844 2500 3917 presbiter.
2534 3844 2849 3899 Herbertus
2888 3844 3193 3916 presbiter.
3245 3845 3519 3901 Giraldus
3561 3846 3841 3902 decanus.

2197 3933 2513 4005 lsengrius.
2575 3931 2897 3988 Rainaldus
2952 3932 3022 3989 de
3076 3932 3245 3989 Harei
3299 3933 3494 3990 Curte.
3553 3928 3844 3990 Radull‘us

2196 4020 2484 4078 Gruellus.
2518 4021 2633 4088 Ivo,
2670 4020 2826 4076 ﬁlius
2849 4020 3139 4078 Fulconis.
3164 4021 3449 4079 Radulfus
3467 4023 3537 4078 de
3563 4023 3840 4080 Mercato.

2194 4109 2829 4168 WalteriusPostellus.
2855 4110 3204 4177 Rodbertus,
3226 4110 3592 4167 inﬁrmorum
3616 4115 3841 4167 custos.

2194 4199 2506 4259 Walterius
2539 4200 2608 4254 de
2630 4199 2853 4256 Groslu.
2888 4199 3295 4273 Leodegarius,
3318 4199 3476 4257 ﬁlius
3496 4200 3839 4273 Hildegarii.

2194 4287 2618 4346 Guauscelinus
2649 4288 2719 4344 de
2748 4287 3003 4344 Villaris.
3037 4288 3351 4360 Otrannus,
3376 4289 3531 4345 ﬁlius
3561 4290 3706 4362 ejus.
3745 4311 3772 4339 υ

2635 4395 3053 4451 CAPITULUM
3091 4395 3387 4452 XXXVIII.

2196 4489 2274 4541 De
2296 4486 2503 4541 vicaria
2551 4485 2690 4540 atrii
2734 4484 2973 4540 (ecclesia
2998 4484 3182 4541 Auctis
3227 4486 3397 4555 villae,
3429 4494 3480 4542 et
3508 4485 3845 4543 molendtno-

2931 4572 3077 4611 rum.

2778 4644 2947 4713 (Ante
2974 4660 3026 4700 a.
3065 4645 3247 4717 1080.)

2260 4756 2287 4784 ‹‹
2323 4733 2387 4789 In
2419 4732 2654 4788 nomiue
2683 4737 2898 4789 sancta:
2928 4736 2986 4789 et
3014 4732 3324 4791 individuae
3356 4735 3680 4793 Trinitatis.
3715 4737 3840 4810 Ego

2187 4821 2454 4892 Adelina,
2487 4821 2829 4894 parentibus
2863 4826 2993 4878 orta
3022 4824 3347 4879 secundum
3375 4824 3553 4880 seculi
3587 4825 3845 4897 dignita-

2190 4916 2307 4967 tem
2341 4909 2655 4970 natalibus.
2676 4909 3000 4967 clarissimo
3025 4912 3257 4968 cuidam
3275 4913 3417 4986 viro,
3433 4914 3666 4970 nomine
3687 4914 3846 4971 Rod-

2189 5000 2374 5066 berto,
2401 5000 2525 5069 jam
2557 5000 2830 5056 secundis
2847 5001 3092 5073 nuptiis,
3109 5001 3383 5059 nobiliter
3399 5002 3686 5076 copulata;
3702 5019 3839 5077 ego,

2189 5088 2455 5160 inquam,
2488 5094 2693 5145 notum
2715 5106 2843 5144 esse
2861 5088 2987 5145 volo
3001 5089 3276 5147 omnibus
3289 5095 3501 5147 sanctae
3513 5092 3611 5147 Dei
3633 5091 3844 5148 aeccle-

2189 5176 2286 5232 size
2304 5175 2648 5245 cultoribus,
2678 5178 2979 5249 quoniam,
2998 5195 3101 5250 pro
3118 5178 3306 5235 salute
3322 5180 3523 5236 domni
3538 5180 3650 5237 mei
3673 5180 3842 5236 Rod-

2189 5266 2357 5333 berti,
2393 5266 2494 5338 qui
2524 5270 2715 5322 tactus
2744 5266 2905 5340 gravi
2933 5267 3192 5340 corporis
3221 5267 3610 5338 incommodo,
3650 5269 3845 5327 divini

2187 5354 2346 5411 verbi
2377 5372 2493 5411 non
2526 5355 2837 5411 immemor
2864 5355 3144 5413 dicentis:
3181 5358 3286 5426 Qui
3315 5366 3464 5415 amat
3497 5366 3710 5432 patrem
3736 5369 3848 5418 aut

2186 5451 2418 5501 matrem
2446 5453 2545 5501 aut
2570 5460 2801 5501 uxorem
2829 5453 2931 5501 aut
2954 5446 3117 5518 ﬁlios,
3146 5447 3272 5519 plus
3303 5463 3467 5519 quom
3494 5464 3598 5515 me,
3630 5464 3737 5504 non
3758 5457 3847 5508 est

2186 5550 2272 5589 me
2299 5532 2536 5603 dignus,-
2565 5532 2764 5591 omnia
2792 5551 2918 5607 quas
2948 5534 3011 5590 in
3041 5535 3261 5592 mundo
3279 5535 3679 5613 temporaliter
3697 5553 3842 5611 pos-

2185 5621 2414 5680 sidebat
2442 5614 2874 5699 derelinquens,
2908 5624 3020 5682 sub
3042 5623 3250 5683 abbate
3274 5624 3582 5697 Landrico,
3611 5624 3675 5686 in
3701 5641 3847 5687 san-
