3988 6072
125 200 247 267 305

756 200 1011 266 VETUS
1054 202 1343 267 AGANO.
1374 238 1451 250 —
1483 203 1630 266 LIB.
1675 202 1807 265 VII.
1854 202 2296 267 LANDRICUS
2340 203 2444 266 ET
2485 203 2932 269 HUBERTUS.

3428 199 3550 266 306

123 336 201 395 cti
234 336 421 403 Petri,
454 335 848 411 apostelorum
894 335 1197 411 principis,
1248 339 1526 408 eaanobio,
1559 337 1782 395 scilicet
1808 338 1864 406 Α
1895 341 2322 413 cartam,quam
2354 337 2465 395 sibi
2496 336 2770 395 monachi
2789 338 2988 395 Sancti
3008 334 3245 399 Martini
3267 336 3543 407 fecerant,

124 426 502 493 Carnotensi,
554 442 786 482 comam
846 427 1056 500 capitis
1096 428 1412 500 deponens,
1463 427 1785 484 monastice

120 516 423 583 victurus,
440 515 644 571 factori
660 532 766 571 suo
787 533 848 572 se
870 516 1099 572 tradere
1121 516 1347 572 studuit
1367 534 1379 586 ;
1397 516 1525 588 ejus
1546 517 1783 590 quidem

122 604 563 679 deprecatione,
597 621 701 677 pro
733 603 923 661 salute
944 604 1152 660 animae
1174 622 1291 661 suae
1315 605 1644 679 pariterque
1666 605 1785 661 ani-

123 711 233 750 ma:
264 693 458 767 patris
480 693 595 750 mei
627 693 933 767 Ingenulﬁ,
968 698 1142 767 atque
1172 694 1437 760 Johanis,
1471 693 1646 767 primi
1672 693 1781 750 mei

122 783 619 851 senioris,saneto
632 782 1051 839 monachorum
1074 783 1400 854 cetui,inibi
1421 782 1781 857 degentium,

122 873 389 930 concedo
409 870 577 927 illam
606 871 907 940 vicariam,
938 889 1068 944 quae
1099 889 1133 928 a
1162 873 1505 945 parentibus
1538 873 1684 929 meis
1700 872 1782 927 vi-

123 963 389 1019 debatur
407 960 524 1017 mei
547 960 704 1032 juris
725 978 874 1027 esse,
897 965 1021 1016 tam
1052 961 1111 1016 in
1143 961 1290 1018 atrio
1311 961 1583 1018 aeeelesize
1606 978 1783 1035 quam

122 1051 180 1107 in
213 1050 606 1117 molendinis,
638 1055 696 1106 et
724 1050 783 1105 in
814 1055 970 1106 terra
998 1054 1231 1106 eorumf
1266 1053 1332 1107 ut
1355 1051 1784 1124 perpetuojure

124 1145 179 1197 et
204 1139 502 1196 vicariam
532 1144 589 1195 et
615 1156 820 1196 omnes
848 1139 1301 1196 eonsuetudides
1325 1139 1650 1211 judiciarize
1681 1157 1781 1214 po-

122 1229 362 1286 testatis
391 1228 756 1302 possideant,
788 1232 845 1284 et
864 1227 990 1284 sine
1012 1227 1133 1285 ulla
1163 1227 1499 1301 calumpnia
1526 1233 1780 1285 teneant.

124 1323 195 1375 Ut
223 1323 436 1375 autem
468 1316 693 1374 certula
717 1316 776 1372 in
812 1317 923 1373 hac
953 1334 1015 1373 re
1060 1317 1292 1373 firmius
1340 1317 1550 1385 valeat,
1604 1335 1784 1374 manu

126 1408 371 1483 propria
399 1424 533 1464 eam
586 1406 970 1473 corroborari,
1023 1407 1414 1479 manibusque
1462 1406 1783 1465 multorum

124 1498 374 1555 testium
430 1495 925 1553 corroborandam
968 1495 1203 1564 tradidi,
1256 1512 1509 1568 quorum
1546 1497 1787 1553 nomina

126 1589 301 1644 etiam
320 1585 667 1659 subscripta
686 1585 1115 1641 sunt.Andreas
1136 1585 1206 1641 de
1223 1583 1783 1651 Moncello.Guiddo,

126 1677 285 1733 ﬁlius
315 1674 567 1732 Girelmi
600 1672 819 1730 Malum
855 1672 1458 1730 Auxilium.Adraldus
1489 1674 1560 1730 de
1591 1672 1782 1729 Croto.

128 1764 503 1823 Frodelinus.
536 1762 869 1820 Gualterins
918 1763 1225 1835 presbiter.
1285 1761 1558 1819 Giraldus
1588 1779 1784 1819 cocus.

128 1853 460 1912 Rainaldus
490 1869 688 1926 agaso.
720 1850 1281 1909 Frodo.Adventius.
1316 1851 1644 1909 Richardus
1673 1850 1787 1909 cle-

126 1944 305 2015 ricus,
340 1948 405 2001 et
433 1942 559 1999 alii.
594 1964 625 1992 n

621 2031 1034 2088 CAPITULUM
1070 2030 1307 2087 XXXIX.

524 2123 600 2179 De
624 2122 867 2178 (ecclesia
893 2122 1194 2194 superioris
1238 2120 1405 2177 Croti.

764 2210 950 2283 (Anno
980 2209 1169 2279 4061.)

197 2325 229 2355 α
258 2306 630 2359 Cunctorum
652 2298 896 2357 creatori
926 2297 1241 2365 famulans,
1266 2315 1400 2354 cum
1432 2298 1662 2355 duobus
1684 2298 1798 2355 fra-

126 2394 324 2450 tribus
356 2391 534 2459 meis,
561 2388 852 2446 Richardo
872 2387 1081 2445 clerico
1098 2392 1154 2444 et
1174 2387 1466 2443 Berncrdo
1489 2387 1792 2461 laico,ego,

124 2483 401 2555 inquam,
438 2478 723 2535 Adraldus
751 2478 964 2534 Sancto
995 2477 1161 2533 Petro
1194 2475 1450 2533 ecenobii
1483 2476 1802 2534 Carnoten-

123 2572 205 2629 sis
218 2568 599 2645 superiorem
623 2565 947 2623 aecelesiam
969 2565 1291 2623 Croti.cum
1314 2569 1570 2638 quatuor
1596 2565 1797 2640 hospi-

126 2662 314 2730 tibus,
350 2655 773 2737 perpetualiter
791 2655 983 2711 libens
1014 2655 1290 2723 concedo,
1315 2671 1419 2727 pro
1452 2654 1650 2711 anima
1676 2654 1801 2728 qui-

125 2752 259 2807 dem
292 2747 560 2822 prOpria,
595 2750 770 2818 atque
798 2744 1111 2801 animabus
1155 2748 1465 2816 parentum
1500 2749 1799 2800 meorum;

126 2846 211 2906 ut,
242 2839 409 2896 sicut
434 2836 498 2892 in
530 2833 895 2892 orationibus
946 2832 1369 2903 monachorum
1404 2832 1641 2904 Majoris
1676 2832 1801 2888 Mo-

128 2926 397 2994 nasterii,
430 2924 651 2998 quibus
678 2939 808 2979 eam
838 2920 1114 2994 primitus
1133 2920 1531 2999 vendideram,
1564 2919 1803 2977 collecti

128 3032 367 3082 sumus,
381 3015 465 3069 ita
485 3013 544 3068 in
561 3012 810 3068 istorum
832 3010 1022 3066 simus
1043 3010 1143 3083 qui
1168 3013 1369 3083 postea
1388 3011 1461 3066 ab
1481 3010 1629 3083 ipsis
1647 3026 1805 3066 eme-

130 3112 289 3163 runt.
327 3103 601 3160 Habeant
639 3100 838 3172 itaque
876 3081 1145 3155 msnaehi
1170 3081 1375 3155 Sancti
1421 3081 1570 3155 Petri
1601 3099 1791 3171 ipsam
1823 3081 1866 3147 C

131 3193 488 3259 ecclesiam,
520 3207 588 3247 ac
609 3193 823 3245 aeterno
841 3190 977 3261 jure
998 3187 1356 3260 possideant,
1379 3188 1451 3244 ab
1474 3187 1583 3243 hac
1610 3187 1703 3243 die
1736 3187 1795 3242 in

132 3290 327 3349 antea,
363 3279 533 3337 nulla
577 3279 935 3336 reirentante
978 3275 1344 3349 calumpnia;
1386 3280 1444 3332 et
1473 3294 1507 3331 a
1534 3293 1651 3349 quo
1698 3292 1795 3332 vo-

130 3372 356 3429 luerint
385 3369 688 3426 sacerdote
704 3366 1084 3433 deserxiatur,
1114 3365 1307 3438 priore
1327 3365 1650 3438 postposita
1669 3382 1801 3421 con-

130 3462 429 3529 ventione,
464 3475 586 3531 qua
614 3456 977 3513 ﬁrmavimus
1001 3459 1068 3511 ut
1098 3455 1426 3511 monachus
1456 3454 1537 3510 ibi
1569 3470 1802 3526 semper

134 3568 249 3609 non
280 3550 537 3607 deferet.
573 3546 679 3603 Pro
726 3545 857 3611 hac,
910 3543 1176 3618 inquam,
1228 3560 1288 3599 re
1335 3543 1537 3599 decem
1582 3542 1801 3599 solidos

135 3652 529 3697 nummorum
556 3634 870 3713 accipiens,
905 3633 1316 3706 deprecatione
1329 3630 1583 3688 Ascelini
1606 3648 1802 3688 mona-

136 3730 251 3796 chi,
304 3724 653 3783 consobrini
705 3723 843 3793 mei,
889 3722 1043 3778 hanc
1088 3738 1293 3778 novam
1338 3719 1623 3777 cartulam
1676 3737 1806 3777 mea

138 3836 323 3875 manu
358 3813 751 3879 corroboravi,
783 3811 1105 3884 ceterispue
1132 3809 1377 3866 inferius
1408 3809 1643 3883 scriptis
1672 3826 1804 3866 cor-

139 3904 550 3965 roborandum
582 3902 713 3959 dedi
734 3918 749 3958 :
771 3899 1086 3958 Gencelino
1119 3900 1358 3968 decano,
1394 3898 1650 3955 Gerardo
1682 3916 1807 3972 pre-

138 4000 387 4062 sbitero,
422 3992 711 4050 Rainaido
742 3989 973 4059 clerico,
1008 3986 1338 4056 Godefrino,
1365 3986 1486 4042 filio
1528 3986 1759 4043 Raherii
1787 4005 1801 4057 ;

143 4085 414 4149 lsnardo,
449 4081 682 4148 Ursoni,
712 4078 985 4144 Postello,
1029 4076 1235 4147 Odoni,
1272 4075 1572 4143 Fulberto,
1604 4075 1804 4132 Berin-

146 4174 333 4249 gerio,
369 4169 673 4236 Walterio,
709 4168 1022 4225 Bodberto.
1056 4166 1230 4222 Facta
1254 4169 1347 4221 est
1377 4164 1501 4221 haec
1534 4170 1694 4221 carta
1714 4182 1804 4222 se-

145 4263 344 4321 cundo
375 4276 534 4317 anno
566 4256 816 4335 Philippi
838 4255 992 4329 regis
1018 4254 1265 4327 regni,et
1286 4253 1526 4309 reeitata
1547 4271 1613 4309 ac
1644 4254 1809 4311 robo-

148 4358 277 4410 rata
302 4355 446 4408 ante
478 4352 675 4422 portas
723 4344 994 4402 ecclesiae
1027 4343 1212 4400 sancti
1261 4342 1565 4415 Stephani,
1599 4342 1804 4400 Drocis

148 4448 370 4499 castro.
409 4464 432 4491 ι

1892 444 1996 500 per
2027 444 2381 483 consensum
2414 426 2594 483 totius
2616 427 2883 500 capituli,
2918 427 3087 484 nobis
3118 427 3392 495 reddidit,
3417 443 3546 500 quia

1893 532 2080 589 usque
2109 515 2167 571 in
2200 521 2544 589 praesentem
2582 516 2763 586 diem,
2810 517 2962 574 inter
3014 516 3127 573 alia
3165 515 3545 593 agiographa,

1892 621 2071 678 penes
2103 622 2209 661 nos
2241 608 2526 662 servatur.

2433 695 2842 752 CAPITULUM
2874 696 2987 753 XL.

2106 787 2185 840 De
2210 791 2409 857 septem
2437 787 2557 840 acri
2574 793 2737 843 terra?
2764 784 2907 841 datis
2934 793 3118 842 sancto
3146 785 3328 843 Petro.

2479 875 2647 942 (Ante
2679 891 2731 929 a.
2766 875 2953 944 4070.)

1966 984 1994 1011 «
2030 962 2093 1017 In
2124 960 2338 1018 Christi
2386 962 2624 1019 nomine
2676 964 2795 1037 Ego
2836 963 3176 1031 Landricus,
3211 964 3392 1022 abbas
3424 981 3542 1023 cos-

1892 1049 2050 1106 nobii
2082 1051 2278 1107 Sancti
2310 1051 2460 1108 Petri
2507 1051 2900 1119 Carnotensis,
2952 1053 3262 1126 omnisque
3291 1070 3542 1127 congre—

1890 1139 2045 1213 gatio
2090 1146 2289 1196 nostra
2336 1140 2780 1209 monachorum,
2833 1146 3043 1197 notum
3090 1159 3221 1198 esse
3269 1140 3542 1205 volumus

1893 1227 2168 1285 omnibus
2205 1229 2533 1285 christianae
2565 1229 2701 1285 fidei
2725 1228 3069 1297 cultoribus,
3094 1234 3214 1287 tam
3237 1229 3540 1303 praesentis

1891 1316 1980 1373 evi
2010 1334 2188 1388 quam
2220 1317 2425 1386 furari,
2459 1319 2613 1393 quod
2638 1318 2876 1391 quidam
2907 1320 3280 1375 Normannus
3309 1334 3536 1393 genere,

1895 1406 2206 1462 Herbertus
2239 1406 2493 1473 nomine,
2525 1408 2596 1463 de
2645 1407 2777 1463 Meli
2808 1409 2979 1464 Curte
3010 1408 3068 1463 in
3092 1404 3380 1464 territorio
3412 1404 3538 1464 Mo-

1893 1493 2149 1551 linorum
2197 1495 2393 1563 castri,
2445 1500 2669 1569 septem
2721 1513 2919 1553 accras
2965 1501 3150 1562 terrae,
3186 1513 3289 1569 pro
3320 1495 3536 1564 anima,

1893 1589 2095 1640 sancto
2127 1584 2313 1651 Petro,
2347 1600 2481 1639 eum
2511 1584 2672 1640 omni
2699 1585 3144 1653 consuetudine,
3168 1585 3394 1654 tribuit,
3429 1586 3538 1642 do-

1893 1689 2155 1745 numque
2175 1689 2349 1745 super
2366 1670 2547 1729 altare
2571 1673 2756 1729 sancti
2788 1673 2935 1729 Petri
2969 1691 3146 1731 manu
3183 1691 3291 1730 sua
3310 1675 3535 1747 posuit;

1894 1766 1953 1818 et
1984 1778 2087 1835 pro
2118 1761 2226 1818 hac
2256 1767 2461 1818 reante
2480 1762 2675 1836 ipsum
2690 1761 2891 1829 altare,
2916 1779 3018 1837 per
3036 1767 3377 1837 argenteum
3398 1763 3539 1820 mis-

1895 1850 2101 1915 salem,
2142 1851 2212 1907 de
2258 1851 2643 1917 orationibus,
2690 1856 2813 1907 tom
2863 1852 3241 1929 praesentium
3290 1853 3538 1908 fratrum

1896 1956 2073 2013 quam
2097 1940 2556 2007 succedentium,
2580 1956 2715 1996 eum
2738 1940 3000 1999 revestiri
3026 1940 3540 2010 voluimus,coram

1896 2028 2147 2086 testibus
2176 2028 2305 2085 his:
2341 2028 2601 2103 Hugone,
2634 2029 2955 2103 presbitero
2985 2028 3416 2097 Bonevallensi;
3440 2034 3544 2085 Ar-

1898 2116 2062 2174 nulfo
2073 2118 2249 2192 Nigro
2264 2135 2278 2187 ;
2294 2118 2536 2175 Warino
2558 2117 2887 2188 cellerario;
2935 2117 3187 2185 Ilildulfo
3210 2123 3268 2175 et
3289 2116 3545 2182 Gausfrir

1900 2207 1994 2274 do,
2029 2207 2336 2277 fratribus;
2388 2206 2692 2275 Oidelerio,
2744 2206 2978 2267 Ainerio
3029 2206 3382 2277 Iavendario,
3422 2207 3542 2267 En-

1901 2295 2159 2370 gelberto
2188 2313 2345 2353 coco.
2380 2295 2438 2352 Si
2483 2294 2616 2369 quis
2664 2301 2859 2353 autem
2908 2296 3044 2352 huic
3074 2296 3224 2353 dono
3254 2297 3545 2363 contraire

1901 2384 2167 2452 voluerit,
2201 2385 2543 2441 auctoritate
2572 2385 2820 2458 apostoli
2853 2384 3023 2453 Petri,
3059 2385 3150 2441 cui
3184 2386 3388 2441 datum
3417 2388 3548 2457 luit,

1856 2509 1861 2515 ι
1905 2474 1984 2530 sit
1998 2474 2558 2543 excommunicatus;
2573 2472 2769 2545 et,nisi
2786 2473 2983 2531 vivens
2999 2475 3072 2531 ad
3093 2474 3552 2535 satisfactionem

1907 2563 2251 2638 confugerit,
2282 2564 2343 2619 in
2373 2563 2600 2620 inferno
2631 2567 2920 2635 mortuus,
2954 2563 3150 2621 doloat
3169 2581 3232 2621 se
3263 2564 3556 2625 sustinere

1908 2670 2110 2727 poenas
2140 2658 2473 2727 perpetuas.
2510 2675 2538 2704 »

1954 2736 1970 2747 ’
2430 2741 2840 2799 CAPITULUM
2888 2742 3031 2799 XLI.

2157 2833 2234 2888 De
2259 2832 2742 2893 consuetudinibus
2779 2833 3109 2889 Broillamat
3135 2830 3307 2905 (179.)

2497 2920 2664 2993 (Ante
2702 2937 2756 2976 a.
2790 2921 2975 2990 1067.)

1987 3033 2013 3061 ‹‹
2049 3011 2112 3066 In
2144 3010 2380 3065 nomine
2428 3012 2641 3067 sanctae
2690 3013 2749 3064 et
2795 3008 3107 3067 individuae
3136 3009 3461 3077 Trinitatis,
3491 3008 3555 3066 in

1902 3100 2073 3171 cujus
2095 3114 2272 3171 regno
2286 3096 2442 3170 viget
2466 3097 2743 3169 quietudo
2764 3098 2924 3171 pacis
2947 3096 3557 3171 perpetuae.0mnibus

1904 3188 1966 3245 in
1997 3187 2278 3244 comitatu
2308 3202 2437 3242 meo
2460 3186 2825 3259 degentibus,
2852 3202 2957 3259 ego
2979 3185 3334 3253 Willclmus,
3359 3202 3556 3244 comes

1904 3274 2296 3341 Normanniaa,
2311 3280 2515 3331 notum
2539 3274 2685 3331 facio
2707 3276 2859 3348 quod
2880 3292 3058 3348 penes
3079 3292 3185 3331 nos
3208 3278 3403 3331 actum
3425 3292 3555 3332 esse

1908 3364 2243 3439 perdocebit
2273 3363 2605 3436 subscripta
2635 3364 3035 3420 narratio.Est
3065 3363 3124 3421 in
3155 3363 3424 3437 partibus
3451 3381 3554 3420 no-

1908 3454 2048 3511 stris
2082 3453 2221 3509 villa
2267 3453 2556 3525 quaedam,
2607 3452 2943 3513 Broillemat
2996 3451 3317 3521 nominata,
3368 3450 3558 3510 sancti

1914 3543 2061 3600 Petri
2092 3541 2342 3615 apostoli
2388 3541 2739 3598 monasierio
2786 3541 3124 3599 Carnotensi
3170 3542 3242 3598 ab
3292 3542 3558 3615 ejusdem

1911 3630 2416 3689 constructoribus
2467 3630 2795 3704 antiquitus
2862 3631 3022 3697 data,
3090 3630 3244 3705 quod
3292 3629 3561 3688 videlicet

1911 3720 2099 3778 saucti
2127 3721 2276 3775 Petri
2310 3720 2730 3775 monasterium
2782 3719 2843 3775 in
2889 3719 3160 3776 Caonotis
3189 3718 3440 3777 civitatis
3472 3723 3565 3777 est

1913 3810 2196 3867 suburbio
2227 3809 2430 3864 situm.
2482 3808 2671 3880 Hujus
2704 3807 2903 3880 itaque
2935 3807 3262 3865 monachus
3294 3808 3557 3882 quidam,

1913 3898 2261 3958 Gausfridus
2290 3897 2545 3965 nomine,
2576 3897 2815 3953 veniens
2840 3897 2914 3954 ad
2945 3914 3074 3966 nos,
3107 3896 3328 3971 rogavit
3358 3900 3560 3963 sancto

1914 3990 2079 4045 Petro
2101 3986 2301 4044 donari
2320 3986 2602 4059 praedicta
2620 3985 2767 4041 villae
2791 3989 3137 4059 potestatem
3152 3985 3557 4059 judiciariam,

1913 4094 2092 4151 quam
2121 4075 2369 4150 ego,Deo
2391 4076 2663 4141 donante,
2679 4075 2834 4133 inter
2856 4074 2972 4130 alia
2992 4073 3248 4148 plurima
3273 4074 3561 4132 hactenus

1914 4165 2144 4240 possedi
2167 4181 2270 4239 per
2289 4168 2504 4221 sortem
2526 4162 2960 4222 hereditariam.
2979 4164 3233 4237 Sperans
3253 4163 3434 4237 igitur
3452 4180 3558 4238 ego

1914 4254 2092 4312 michi
2123 4254 2471 4329 quandoque
2502 4253 2709 4309 debere
2740 4251 2984 4309 relaxari
3006 4261 3259 4326 peccata,
3275 4256 3562 4325 potestate

1914 4343 2175 4402 solvendi
2223 4359 2328 4416 per
2374 4343 2799 4415 redemptorem
2864 4344 3066 4398 sancto
3115 4340 3278 4398 Petro
3326 4339 3559 4409 collata,

1836 4444 1882 4508 Ι)
1914 4433 2101 4507 ipsius
2130 4431 2472 4489 monasterii
2500 4430 2730 4487 abbatis
2760 4429 3032 4486 Landrici
3062 4433 3120 4486 et
3149 4428 3414 4486 omnium
3445 4429 3561 4486 fra-

217 4532 358 4588 Haec
388 4527 632 4602 praefata
650 4515 896 4581 ecclesia
924 4539 958 4578 a
978 4522 1232 4595 quodam
1257 4520 1543 4577 monacho
1566 4519 1804 4592 Majoris
1910 4528 2067 4579 trum
2081 4539 2276 4578 annuo
2300 4519 2862 4595 petitionibus,quas
2875 4518 3045 4574 nobis
3070 4517 3345 4592 prmfatus
3367 4533 3565 4577 mona-

148 4616 518 4685 Mcnasterii,
551 4613 820 4670 Ascelinc
851 4610 1105 4677 nomine,
1135 4614 1332 4682 empta
1361 4608 1508 4677 fuit;
1542 4614 1649 4677 set,
1671 4626 1805 4665 cum

146 4710 373 4767 videret
402 4720 618 4781 parum
656 4701 929 4759 utilitatis
974 4700 1188 4766 inesse,
1237 4703 1413 4773 atque
1464 4698 1805 4755 diuturnam

148 4797 577 4873 inprobitatem
606 4793 755 4864 (177)
784 4788 1042 4857 Adraldi,
1077 4806 1112 4844 a
1139 4804 1256 4862 quo
1287 4793 1525 4858 emerat,
1550 4787 1645 4843 vix
1674 4803 1808 4862 egre

148 4890 303 4946 ferre
332 4884 575 4952 valeret,
609 4882 683 4951 ad
708 4881 980 4939 abbatem
1012 4877 1369 4935 Landricum
1401 4895 1462 4934 se
1490 4878 1637 4951 (178)
1669 4893 1806 4934 con-

148 4982 409 5043 vertens,
440 4971 609 5046 petiit
624 4974 690 5027 ut
708 4970 782 5029 ab
801 4986 868 5029 eo
892 4984 1020 5025 eam
1044 4971 1282 5035 emeret,
1303 4965 1582 5038 quatinus
1611 4965 1807 5022 acele-

152 5068 261 5124 siis
292 5063 499 5122 Sancti
532 5060 703 5128 Petri,
752 5058 908 5114 inter
935 5073 1082 5129 quas
1112 5060 1256 5122 erat,
1291 5056 1660 5127 jungerctur.
1695 5055 1811 5111 Ita-

152 5173 269 5232 que
290 5153 503 5216 abbas,
525 5149 837 5224 providens
848 5144 1465 5232 utilitateml‘uturam,
1486 5142 1815 5216 postposuit

156 5231 511 5321 praesentem
546 5235 1051 5312 importunitatem
1072 5231 1201 5300 viri,
1235 5248 1361 5305 qua:
1382 5247 1515 5287 cum
1546 5248 1719 5289 carne
1746 5234 1811 5290 fi-

158 5319 334 5403 ίιίι-αι,
366 5326 833 5389 deditmonaebo
854 5323 1111 5383 sedecim
1130 5335 1511 5378 nummorum
1537 5319 1817 5391 libras;et

226 5443 383 5509 (177)
410 5436 747 5509 Additcod.
780 5434 852 5489 B:
869 5440 939 5509 Δει
964 5428 1338 5509 insatiabilem
1367 5428 1741 5497 νιιριιίιίίίιξθηι.

230 5503 372 5584 i78)'
384 5508 570 5567 Addit
596 5507 753 5564 idem
782 5503 911 5562 cod.
938 5519 952 5558 :
982 5508 1145 5558 αδια..

1913 4612 2062 4668 chus
2084 4609 2547 4684 suggessit,ipsis
2569 4607 3047 4681 preeipientibus.
3072 4604 3360 4678 Quicquid
3384 4604 3566 4683 igitur

1914 4701 1974 4756 in
2004 4701 2279 4773 praedicta
2306 4697 2444 4753 villa
2469 4698 2668 4753 videor
2696 4696 2977 4764 obtinere,
3001 4699 3202 4753 saneto
3232 4698 3422 4765 Petro,
3433 4694 3562 4766 jam

1914 4807 1985 4847 ex
2012 4789 2120 4846 hac
2143 4789 2237 4844 die
2266 4785 2694 4860 perpetualiter,
2734 4786 2933 4854 trado;
2958 4784 3099 4858 quia
3128 4783 3186 4840 in
3218 4782 3417 4839 futura
3445 4781 3565 4840 vita

1915 4879 1975 4935 id
2010 4877 2177 4933 illum
2209 4875 2387 4935 michi
2430 4874 2748 4935 retribuere
2777 4875 2989 4931 debere
3015 4872 3420 4930 indubitanter
3440 4887 3563 4928 ere»

1917 4968 2010 5023 do.
2041 4964 2401 5037 Subscriptis
2431 4969 2627 5020 autem
2657 4964 2998 5021 nominibus
3026 4963 3371 5020 idoneorum
3411 4960 3566 5017 vire-

1919 5073 2073 5123 rum,
2097 5054 2317 5111 scilicet
2336 5053 2395 5108 in
2422 5054 2530 5109 hac
2546 5053 2858 5109 traditione
2881 5051 3264 5125 presentium,
3286 5050 3417 5124 ipsa
3436 5065 3569 5115 con-

1920 5146 2208 5210 ﬁrmatur,
2242 5147 2363 5198 uta
2394 5142 2552 5199 nullo
2584 5159 2991 5200 successorum
3026 5156 3293 5198 meorum
3324 5138 3570 5211 posthac

1922 5234 2272 5290 dissovatur.
2306 5232 2364 5288 S.
2402 5230 2675 5288 Willelmi
2706 5231 2962 5297 comitis,
2991 5232 3093 5301 qui
3123 5230 3277 5286 hanc
3306 5226 3572 5282 donatio-

1924 5339 2059 5378 nem
2102 5320 2256 5378 feeit.
2307 5322 2367 5377 S.
2402 5320 2703 5388 Rodberti,
2753 5319 2952 5376 t‘ratris
2990 5323 3141 5391 ejus.
3176 5318 3235 5374 S.
3268 5313 3573 5389 Willelmi,

1995 5428 2145 5499 (170)
2178 5428 2243 5486 In
2275 5427 2463 5485 indice
2492 5428 2672 5499 capit.
2702 5427 2989 5505 scriptum
3022 5432 3135 5493 est,
3166 5421 3538 5490 Broidtamqu
3562 5441 3580 5477 :
