3988 6072
339 281 457 346 307

1221 277 1456 342 PAULI
1500 277 1564 339 S.
1608 273 1844 336 PE'I‘RI
1887 269 2431 334 CARNOTENSIS
2478 269 2856 332 MONACHI.

3621 266 3740 330 308

339 413 444 470 ﬁlii
463 411 784 471 Osberti.S.
811 411 1182 470 Corbutionis
1201 413 1270 469 de
1289 410 1532 468 Falesia.
1562 411 1620 465 S.
1653 403 1981 474 Gisleberti,
2015 404 2070 472 Α
2099 402 2353 460 dictione
2385 402 2530 476 (483)
2563 401 2658 458 III.
2682 401 2962 459 Erbertus
3008 400 3263 474 scripsit,
3310 399 3636 458 monachus
3686 404 3747 456 et

338 501 632 576 praepositi
681 503 752 558 de
781 502 978 560 Usmis
1026 503 1084 559 S.
1136 501 1406 558 Balduini
1439 501 1509 556 de
1557 496 1714 556 Gaci.
1748 497 1808 554 S.
1842 496 1981 551 Her-

334 591 484 648 berti
515 592 586 647 de
617 591 750 648 Meli
779 591 970 648 Curte.
1002 614 1031 642 »

407 681 606 754 Sopito
637 680 1057 753 persecutionis
1074 681 1326 749 turbine,
1349 683 1405 736 et
1436 678 1730 735 restinctis
1754 677 1983 732 iracun-

339 770 444 827 dia:
459 769 714 826 ﬂammis
726 787 873 843 quas
890 771 1190 826 evomebat
1207 768 1558 826 insatiabilis
1571 767 1982 842 acephalorum

340 859 750 920 amaritudinis
781 858 960 928 zelus,
1013 877 1247 915 rursum
1282 858 1515 914 animus
1544 857 1736 914 intimi
1765 859 1983 917 amoris

343 953 416 1008 ad
446 956 634 1008 cartas
685 949 1022 1006 scribendas
1068 948 1418 1015 acceneitur,
1470 964 1616 1019 quas
1647 948 1982 1015 omiseram,

342 1042 649 1098 tabescens
680 1039 996 1097 sevissimze
1029 1038 1394 1110 tempestatis
1435 1038 1706 1106 horrore;
1741 1039 1985 1112 cupiens

345 1135 579 1203 ceptum
611 1145 760 1201 opus
789 1128 860 1184 ad
892 1128 1070 1183 ﬁnem
1102 1127 1418 1200 perducese
1449 1126 1747 1199 quatinus,
1776 1126 1988 1200 pietate

347 1218 542 1275 divina
570 1215 947 1290 propiciante,
981 1217 1052 1272 ab
1084 1215 1186 1272 illa
1205 1215 1532 1272 detestabili
1559 1233 1694 1272 voce
1717 1233 1987 1273 mancam

347 1306 660 1365 immunis:
692 1308 796 1363 Iste
844 1305 1004 1362 Immo
1048 1306 1206 1376 (πρῖε
1249 1304 1523 1377 edi/icere,
1575 1314 1768 1362 etnon
1809 1307 1993 1380 potuit

342 1397 614 1470 perﬁcere.

415 1485 582 1541 Nunc
611 1500 747 1558 ergo
765 1487 954 1540 cartas
975 1482 1201 1540 Gesiaci
1223 1482 1398 1551 cellae,
1423 1499 1558 1540 cum
1579 1500 1694 1556 prae
1717 1483 1992 1542 manibus

343 1573 615 1643 habeam,
650 1572 789 1629 libet
819 1577 1141 1630 contexere.

861 1661 1277 1719 CAPITULUM
1316 1662 1484 1719 XLII.

508 1753 582 1809 De
607 1767 794 1808 mamu
822 1751 983 1824 ﬁrma
1019 1769 1182 1824 quam
1215 1751 1484 1808 Gisbertus
1513 1751 1683 1808 abbas
1709 1752 1838 1824 fecit

937 1839 1028 1908 (29
1069 1844 1228 1912 Sept.
1257 1840 1410 1910 986.)

427 1954 455 1982 ‹‹
489 1931 633 2002 (180)
668 1932 730 1985 In
763 1929 977 1985 Christi
1009 1930 1265 1986 nomine.
1291 1930 1618 1998 Gisbertus,
1645 1929 1840 1986 divina
1872 1947 2000 2003 pro-

355 2020 687 2094 piciatione,
720 2020 921 2086 abbas,
954 2020 1261 2092 omnisque
1291 2036 1429 2092 grex
1475 2019 1849 2076 Carnotensis
1881 2036 2000 2075 cce-

357 2109 516 2166 nobii
549 2108 766 2164 summi
790 2108 972 2181 apicis
995 2107 1394 2180 apostolorum
1417 2108 1564 2164 Petri
1599 2113 1658 2164 et
1688 2107 2002 2174 Pauli,uni-

354 2215 532 2254 versae
556 2195 776 2252 militiae
797 2195 1086 2268 presentis
1108 2214 1212 2253 seu
1236 2197 1443 2252 futurae
1475 2196 1768 2254 ﬁdelibus.
1795 2199 2003 2266 Quam-

353 2286 442 2342 vis
473 2290 686 2342 zeterna
719 2285 841 2358 lege
872 2284 1196 2340 sanctiatur
1218 2285 1396 2342 nichil
1419 2291 1685 2343 constare
1715 2285 2000 2359 genitum,

355 2374 651 2447 nichilque
683 2390 810 2430 esse
841 2374 942 2430 diu
972 2375 1322 2447 quandoque
1341 2375 1633 2442 luturum;
1668 2379 1895 2432 constat
1917 2379 2004 2431 ta-

355 2482 490 2522 men
513 2463 672 2520 nullo
696 2461 906 2520 melius
927 2480 1136 2536 genere
1149 2463 1450 2520 reformari
1468 2481 1637 2536 posse
1663 2463 2006 2521 memoriam

357 2551 779 2626 praeteritorum
794 2569 971 2624 quam
989 2551 1359 2608 attestatione
1371 2551 2010 2619 1itterarum.Quocirca

358 2641 765 2698 universorum
789 2641 1069 2710 ﬁdelium,
1085 2645 1204 2696 tam
1223 2641 1598 2713 praesentium
1620 2659 1797 2715 quam
1817 2659 2012 2698 succe-

363 2731 648 2800 dentium,
699 2730 1070 2804 perpenderit
1119 2730 1430 2798 industria,
1477 2731 1756 2804 quoniam
1805 2731 2014 2788 adierit

365 2821 609 2896 quidam
641 2818 829 2890 miles,
880 2819 1091 2875 Uertus
1143 2819 1399 2887 nomine,
1435 2825 1645 2876 nostrae
1689 2819 2013 2877 devotionis

369 2909 710 2969 unanimem
733 2925 1084 2965 consensum
1106 2908 1449 2982 suppliciter
1472 2911 1882 2984 deprecans,ut
1901 2908 2014 2965 sibi

371 3015 592 3072 sueque
623 2997 877 3071 conjugi,
907 2997 1186 3055 vocabulo
1215 2998 1386 3072 Aigaa,
1421 2999 1640 3072 unique
1668 2997 1882 3058 hmrcdi
1921 3015 2017 3056 eo-

2097 490 2288 548 levita.
2325 513 2352 541 »

2162 581 2292 636 Haec
2323 597 2415 638 res
2435 585 2600 655 gesta
2621 596 2906 653 magnum
2928 579 3098 636 nobis
3118 579 3414 653 generavit
3434 579 3747 636 detrimen-

2089 673 2238 738 tum,
2271 670 2426 726 sicut
2447 670 2574 741 jam
2605 669 3076 742 praelibavimus;
3130 685 3288 736 nam,
3323 668 3618 724 defunctis
3648 669 3747 725 his

2092 759 2308 832 quibus
2338 759 2560 832 prefata
2589 763 2752 814 carta
2779 759 3016 815 tenendi
3047 774 3362 814 assensum
3392 758 3746 831 praebuerat,

2092 866 2292 905 eorum
2341 847 2705 922 superstites,
2735 849 2792 903 vi
2837 853 2893 904 et
2939 847 3240 920 impunitae
3289 846 3542 903 audaciae
3601 864 3751 921 pre-

2094 938 2446 1010 sumptione,
2472 955 2575 1010 per
2593 955 2882 994 annorum
2903 936 3222 993 multorum
3249 936 3750 993 currieulatenere

2093 1026 2423 1082 voluerunt.
2457 1029 2714 1092 Quorum
2741 1026 2996 1099 quedam
3028 1025 3258 1092 mulier,
3283 1024 3519 1082 nomine
3546 1025 3746 1095 Adela,

2096 1115 2460 1172 secularibus
2492 1114 2638 1171 fulta
2660 1115 2975 1188 praesidiis,
2998 1115 3178 1172 ictum
3201 1115 3505 1172 cotidiana;
3527 1131 3753 1172 excom-

2102 1204 2521 1260 municationis
2553 1204 2670 1260 fore
2704 1222 2807 1278 per
2837 1205 2949 1261 tria
2979 1204 3168 1261 lustra
3197 1204 3613 1273 sustinens,vix
3622 1206 3751 1277 jam

2097 1293 2261 1350 senio
2285 1294 2439 1351 fessa
2468 1298 2525 1350 et
2554 1293 2928 1351 inrevocabili
2959 1299 3145 1350 morte
3165 1294 3490 1367 perterrita,
3525 1294 3754 1351 dimisit

2100 1382 2300 1452 invita,
2335 1383 2483 1440 ferre
2513 1383 2729 1440 timens
2757 1382 3378 1440 excommunicationis
3403 1383 3653 1440 vincula.
3670 1384 3754 1441 De

2100 1489 2218 1545 qua
2237 1490 2297 1530 re
2317 1473 2461 1529 XXX
2481 1471 2643 1528 libra:
2658 1489 3038 1529 nummorum
3055 1476 3193 1529 sunt
3211 1472 3357 1529 data;
3373 1473 3604 1529 duabus
3623 1474 3754 1546 ejus

2100 1561 2337 1618 ﬁliabus
2367 1567 2424 1618 et
2453 1578 2655 1618 earum
2673 1562 3045 1636 conjugibus,
3079 1566 3144 1618 ut
3172 1560 3258 1618 vel
3290 1561 3375 1618 sic
3395 1562 3759 1636 extinguere-

2101 1654 2199 1706 tur
2227 1651 2612 1708 immoderata
2641 1668 2842 1708 eorum
2862 1651 3172 1724 cupiditas,
3191 1668 3318 1724 quae
3350 1651 3755 1725 quinquennio

2028 1778 2076 1843 B
2105 1740 2275 1796 nobis
2291 1739 2529 1814 quidem
2542 1741 2719 1798 tacita
2743 1742 2996 1796 fructum
3019 1741 3183 1796 fundi
3210 1757 3442 1797 sumere
3462 1741 3751 1814 permisit.

2106 1830 2273 1886 Nunc
2304 1833 2498 1885 autem
2531 1829 2802 1897 rediviva,
2836 1829 3146 1899 ebulliens,
3193 1831 3282 1886 fas
3313 1834 3371 1886 et
3398 1831 3560 1887 nefas
3605 1848 3762 1904 equa

2105 1917 2270 1974 lance
2320 1936 2594 1991 pensans,
2647 1918 2866 1990 injuste
2913 1924 3160 1992 usurpat
3206 1919 3365 1992 quod
3418 1919 3756 1993 reliquerat,

2106 2007 2274 2064 beato
2309 2008 2470 2064 Petro
2499 2009 2760 2081 apostolo
2783 2008 3127 2082 inspiciente
3147 2013 3204 2066 et
3225 2009 3415 2066 adhuc
3436 2008 3534 2083 pia
3577 2027 3760 2066 manu

2109 2095 2391 2153 retinente
2421 2097 2760 2154 vindictam.

2601 2187 3018 2244 CAPITULUM
3066 2187 3261 2244 XLIII.

2219 2279 2304 2332 De
2331 2276 2722 2334 consuetudine
2749 2276 2876 2333 data
2905 2293 2939 2333 a
2973 2278 3234 2335 Walterio
3261 2281 3456 2335 comite
3486 2279 3651 2352 (183).

2692 2365 2876 2435 (Circa
2907 2384 2959 2422 a.
2996 2368 3176 2438 1006.)

2187 2477 2215 2504 ‹‹
2250 2453 2312 2509 In
2336 2454 2482 2528 (484)
2505 2456 2741 2512 nomine
2775 2461 2988 2512 sancta:
3014 2461 3070 2513 et
3095 2456 3403 2513 individuis
3434 2457 3764 2514 Trinitatis.

2118 2542 2361 2600 Salubre
2374 2549 2550 2617 atque
2564 2545 2707 2601 utile
2727 2550 2783 2600 et
2803 2547 3130 2618 proﬁcuum
3155 2546 3361 2602 anima:
3384 2551 3596 2604 nostrae
3609 2547 3769 2619 judi-

2119 2649 2344 2701 camus,
2379 2639 2443 2689 ut
2472 2651 2539 2689 ex
2560 2634 2652 2690 his
2671 2651 2798 2708 quae
2823 2635 2880 2690 in
2899 2636 3168 2708 praesenti
3193 2635 3388 2693 seculo
3411 2637 3582 2693 nobis
3603 2638 3768 2694 aDeo

2120 2721 2332 2778 collata
2347 2724 2630 2792 sunt,Deo
2652 2723 3069 2791 servientibus,
3085 2743 3188 2798 pro
3202 2724 3388 2782 salute
3411 2725 3768 2794 animarum,

2122 2812 2723 2885 concedamus.0uicq
2733 2813 2829 2870 uid
2844 2814 3000 2870 enim
3017 2814 3077 2870 in
3096 2815 3203 2871 hoc
3219 2816 3437 2871 mundo
3451 2815 3770 2885 cernimus,

2124 2905 2599 2957 momentaneum
2631 2907 2686 2958 et
2706 2903 3108 2959 transitorium
3143 2908 3199 2960 et
3227 2903 3501 2960 instabile
3530 2906 3772 2962 omnino

2121 2990 2593 3062 comprobemus.
2644 2992 2864 3048 Idcirco
2899 3009 3004 3066 ego
3043 2992 3358 3050 Walterius
3385 2995 3554 3064 (185),
3585 2995 3778 3068 gratia

371 3106 526 3160 rum,
559 3088 617 3144 in
651 3104 798 3160 pago
827 3086 1136 3155 Vilcasino,
1190 3105 1259 3144 ex
1303 3089 1538 3144 abbatia
1575 3089 1756 3146 beata:
1788 3106 2019 3162 semper
2054 3152 2088 3162 Α
2127 3078 2250 3146 Dei.
2281 3097 2496 3146 comes.
2547 3081 2871 3154 prOiectum
2913 3087 2972 3138 et
3020 3081 3279 3138 salutum
3306 3083 3513 3138 animae
3547 3100 3687 3140 mea!
3717 3090 3778 3140 et

371 3152 615 3251 virginis
647 3152 860 3241 lliavriaa,
894 3193 1073 3249 quam
1097 3152 1254 3234 illius
1302 3177 1413 3234 loci
1443 3177 1644 3234 incolae
1674 3152 2016 3252 Avangliam
2046 3152 2090 3217 C
2130 3169 2400 3243 conjugis
2432 3152 2572 3226 mea—3
2603 3169 2862 3227 Adelidis
2889 3170 3259 3244 ﬁliorumque
3283 3189 3571 3241 meorum,
3599 3172 3771 3246 quic-

373 3267 598 3336 dicunt,
630 3265 687 3320 in
736 3265 861 3321 loco
893 3265 993 3336 qui
1041 3271 1282 3322 vocatur
1318 3267 1514 3324 Altera
1539 3267 1709 3336 Villa,
1743 3285 2018 3324 mansum

373 3373 557 3413 unum
591 3355 651 3409 in
675 3353 1055 3422 dominicatu,
1077 3372 1211 3410 cum
1234 3356 1520 3412 universis
1539 3357 1803 3428 ejusdem
1830 3356 2020 3413 mansi

375 3442 804 3516 appendentiis,
831 3443 942 3497 sub
964 3460 1159 3499 annuo
1185 3444 1360 3500 reditt
1380 3445 1465 3500 vel
1488 3462 1666 3500 censu
1689 3447 2026 3502 concedere-

376 3549 526 3589 mus.
549 3530 731 3604 Igitur
750 3530 1018 3603 petitioni
1041 3533 1169 3604 ejus
1188 3533 1574 3590 concordibus
1595 3534 1809 3590 animis
1830 3551 2025 3591 assen-

376 3621 606 3688 tientes,
642 3618 753 3674 sibi
784 3623 957 3691 atque
985 3619 1172 3692 ipsius
1194 3621 1321 3693 jam
1354 3621 1504 3678 dicte
1531 3622 1714 3691 uxori,
1747 3623 1846 3678 uni
1879 3640 2024 3695 quo-

351 3721 492 3782 quo
521 3707 720 3764 heredi
751 3724 974 3777 eorum,
1009 3713 1074 3764 ut
1104 3710 1327 3765 dictum
1372 3715 1480 3780 est,
1522 3712 1825 3782 praefatum
1858 3729 2022 3767 man-

379 3815 514 3854 sum
546 3795 944 3863 concedimus,
980 3797 1079 3853 illa
1107 3798 1376 3855 videlicet
1417 3801 1640 3859 ratione
1665 3805 1910 3868 servata,
1941 3805 2024 3870 ut,

381 3884 631 3958 singulis
663 3884 832 3941 annis
865 3885 925 3940 in
966 3886 1315 3943 solennitate
1346 3889 1534 3944 sancti
1569 3889 1836 3963 Remigii,
1886 3888 2031 3945 soli-

381 3975 487 4030 dos
516 3973 591 4028 VI
620 3972 969 4046 persolvant.
1003 3977 1165 4041 Quod
1198 3975 1245 4032 si
1268 3975 1628 4050 negligentes
1657 3983 1760 4034 aut
1789 3978 2031 4036 rebelles

381 4064 452 4118 de
483 4063 591 4118 hoc
621 4079 801 4118 censu
833 4063 1153 4135 extiterint,
1185 4064 1446 4137 legitime
1479 4068 1810 4135 emendent,
1830 4073 1887 4123 et
1917 4085 2031 4140 prae

349 4155 643 4206 notatam
677 4155 894 4207 terram
928 4170 1042 4208 non
1077 4155 1322 4224 perdant
1353 4155 1480 4210 Haac
1509 4173 1643 4212 vero
1674 4157 1918 4224 cartula,
1961 4157 2032 4213 ad

2129 3257 2269 3330 quid
2283 3259 2702 3316 consuetudine
2723 3259 3027 3334 temporali
3039 3261 3112 3317 ad
3125 3278 3230 3317 nos
3247 3262 3535 3334 pertinere
3544 3261 3776 3318 videtur

2129 3348 2200 3402 de
2232 3347 2479 3403 navibus
2512 3349 2711 3404 Sancti
2745 3349 2894 3405 Petri
2913 3349 3294 3419 Jociacencis,
3317 3367 3420 3422 per
3439 3351 3774 3423 Sequanam

2129 3437 2571 3493 transeuntibus
2594 3455 2770 3510 prope
2792 3443 3058 3494 nostrum
3090 3438 3579 3512 castellum,quod
3602 3439 3779 3514 vulgo

2131 3525 2344 3582 dicitur
2363 3526 2656 3594 Medanta,
2689 3544 2790 3600 per
2811 3528 3273 3600 deprecationem
3297 3527 3580 3584 Mainardi
3609 3529 3788 3585 abba-

2133 3615 2210 3672 tis
2239 3619 2295 3671 et
2323 3620 2646 3671 ceterorum
2677 3617 2947 3684 fratrum,
2979 3617 3167 3674 eidem
3198 3617 3323 3674 loco
3345 3617 3784 3685 concessimus;

2133 3720 2202 3759 ea
2234 3704 2452 3760 ratione
2485 3709 2549 3760 ut
2580 3722 2768 3778 neque
2795 3722 2921 3779 ego,
2953 3723 3142 3779 neque
3166 3706 3271 3762 ﬁlii
3291 3707 3426 3774 mei,
3456 3706 3545 3762 vel
3568 3706 3788 3780 aliquis

2135 3793 2540 3850 ministrorum
2573 3799 2930 3862 nostrorum,
2963 3812 3066 3868 per
3093 3795 3464 3852 succcdentia
3495 3801 3786 3869 tempora,

2138 3881 2397 3954 accipere
2427 3882 2649 3956 aliquid
2682 3885 2908 3940 debeat.
2943 3885 3104 3950 Quod
3139 3884 3188 3940 si
3221 3884 3433 3958 aliquis
3455 3889 3656 3941 contra
3674 3883 3792 3941 hoc

2139 3977 2351 4028 nostrae
2401 3971 2730 4045 largitionis
2779 3973 2998 4028 donum
3047 3974 3348 4047 insurgere
3396 3973 3790 4047 temptaverit.

2142 4061 2570 4118 maledictionis
2591 4065 2646 4118 et
2669 4062 3058 4119 anathematis
3079 4061 3308 4119 vinculo
3325 4063 3638 4137 obligatus,
3666 4079 3796 4135 per-

2143 4156 2334 4224 pntua:
2349 4150 2749 4223 dampnationi
2775 4152 2903 4223 subj
2912 4156 3103 4221 aceat;
3127 4157 3185 4208 et
3201 4152 3343 4224 quia
3363 4169 3498 4208 cum
3525 4152 3797 4208 benefac-

381 4239 764 4295 obtinendum
784 4239 1221 4309 ﬁrmiorem,sui
1235 4242 1795 4316 vigorem,manibus
1817 4245 2035 4302 nostris
2142 4241 2370 4296 toribus
2382 4246 2603 4312 partem
2619 4240 2829 4296 habere
2843 4239 3051 4308 noluit,
3065 4257 3198 4296 cum
3216 4239 3794 4314 blasphematoribus

382 4328 704 4384 adtrectata
714 4332 771 4384 et
783 4328 1168 4402 plurimorum
1185 4331 1524 4387 nominibus
1539 4333 2038 4408 habeturinsigni-

380 4420 441 4472 ta
463 4421 643 4488 atque
676 4417 1067 4474 corroborata.
1089 4419 1210 4474 Odo
1227 4420 1918 4495 comes.Walterius(181)
1939 4440 2033 4480 co-

2143 4334 2200 4385 et
2231 4328 2699 4402 persecutoribus
2716 4329 2967 4397 Domini,
2999 4333 3056 4386 et
3083 4328 3792 4396 Judatraditore,Dathan

2145 4434 2377 4490 quoque
2407 4421 2464 4473 et
2490 4417 2726 4484 Abiron,
2777 4434 2925 4490 quos
2973 4422 3130 4474 terra
3174 4417 3331 4474 vivos
3361 4417 3686 4485 absorbuit,
3723 4417 3787 4473 in

382 4521 527 4562 mes.
560 4505 753 4560 Abbas
777 4505 1070 4561 Gibertus.
1104 4507 1420 4563 Durandus
1446 4508 1722 4566 decanus.
1755 4511 2033 4568 Erbertus
2062 4509 2112 4576 D
2142 4513 2426 4564 aeternum
2461 4507 2768 4579 dispereat.
2819 4507 2889 4562 Et
2918 4511 2986 4562 ut
3016 4507 3124 4563 hoc
3154 4511 3368 4564 nostrae
3420 4506 3792 4564 auctoritatis

381 4592 725 4649 monachus.
745 4593 954 4650 Alveus
971 4595 1317 4652 monachus.
1341 4597 1665 4653 Tedbertus
1683 4599 2030 4656 monachus.

380 4681 678 4738 Johannes
700 4683 1041 4741 monachus.
1063 4685 1409 4742 Benedictus
1433 4687 1775 4743 monachus.
1795 4689 2027 4762 Magen-

381 4771 581 4827 fredui
612 4773 952 4830 monachus.
989 4777 1197 4828 Actum
1228 4773 1454 4830 Gisiaco
1491 4775 1692 4842 fundo,
1724 4777 1798 4832 III
1827 4776 2028 4834 kalen-

383 4859 590 4914 darum
623 4861 966 4928 ectobrium,
993 4861 1182 4933 primo
1211 4878 1364 4917 anno
1395 4863 1557 4935 regni
1591 4862 1904 4936 Cludovici,
1940 4866 2028 4922 in-

454 5003 600 5073 (180)
633 5002 751 5058 Hoc
782 5003 1244 5058 instrumentum
1277 5004 1746 5060 transferendum
1770 5011 1859 5063 est
1889 5007 2030 5065 inli-

383 5073 555 5130 brum
589 5073 840 5146 Gisberti
858 5074 1120 5146 abbatis,
1157 5091 1335 5146 supra
1363 5075 1473 5130 col.
1505 5078 1766 5132 241-242.

453 5147 606 5211 (181)
634 5142 948 5199 Walterius
982 5144 1024 5210 Ι,
1055 5142 1250 5201 comes
1280 5146 1668 5203 Dorcassinus
1707 5155 1764 5205 et
1791 5149 2028 5206 Velcas-

382 5215 552 5290 sinus
581 5214 797 5290 de_quo
827 5214 1019 5270 videre
1041 5233 1247 5290 supra,
1268 5233 1407 5290 cap.
1443 5217 1486 5290 Ι.

453 5287 600 5355 (182)
633 5284 734 5339 Hic
769 5284 1158 5356 praetermissa
1187 5284 1416 5343 videtur
1446 5289 1504 5344 in
1528 5291 1653 5345 cod.
1687 5289 1880 5347 littera
1915 5310 2028 5347 nu-

383 5356 702 5430 meralis_x,
740 5357 1229 5430 quandoquidem
1280 5359 1404 5415 dies
1441 5377 1498 5414 III
1529 5361 1761 5416 kalend.
1805 5365 2025 5420 octobr.

382 5431 494 5502 a.1
535 5426 815 5502 Ludovidi
854 5426 1112 5502 v,_quod
1165 5435 1398 5502 tempus
1439 5433 1710 5487 convenit
1753 5451 1886 5490 cum
1935 5437 2028 5492 die

379 5498 451 5553 29
479 5498 796 5624 segtembr.
831 5515 884 5554 a.
917 5498 1051 5556 Chr.
1083 5503 1206 5570 986,
1243 5498 1446 5556 iridict.
1482 5519 1578 5557 xxv
1607 5503 2030 5579 incurrit);

451 5571 542 5624 (18
586 5572 603 5624 )
635 5568 826 5624 Huius
857 5569 1068 5624 chartzn
1120 5576 1354 5624 tempus
1385 5573 1698 5624 coniicitur
1726 5592 1793 5624 ex
1825 5576 2029 5624 nhartn

451 5568 603 5640 (183)
635 5568 826 5642 Hujus
857 5569 1068 5629 chartae
1120 5568 1354 5646 tempus
1385 5573 1698 5645 conjicitur
1726 5592 1795 5632 ex
1825 5568 2030 5636 charta

2143 4600 2497 4670 praeceptum
2529 4594 2936 4652 inconvulsum
2968 4601 3326 4668 permaneat,
3362 4613 3542 4652 manu
3572 4600 3790 4651 nostrae

2137 4686 2282 4741 illud
2309 4685 2736 4758 subscriptione
2755 4685 3136 4755 firmavimus,
3160 4689 3218 4742 et
3234 4686 3508 4742 manibus
3530 4685 3791 4741 ﬁliorum

2137 4781 2196 4832 et
2245 4773 2508 4830 ﬁdelium
2567 4780 2902 4831 nostrorum
2961 4775 3360 4832 roborandam
3410 4774 3791 4832 tradidimus.

2138 4865 2197 4922 S.
2232 4863 2494 4920 Walterii
2525 4863 2778 4920 comitis.
2813 4864 2870 4920 S.
2925 4863 3178 4932 Rodulﬁ,
3230 4863 3334 4918 ﬁlii
3365 4864 3514 4936 ejus.
3549 4863 3607 4919 S.
3639 4863 3798 4920 Dro-

2137 5005 2524 5064 Gemeticensi
2541 5005 2894 5062 monasterio
2915 5005 2987 5061 ab
3011 5005 3215 5060 eodem
3238 5003 3538 5071 Walterio,
3562 5002 3800 5060 Valeas-

2142 5079 2254 5134 sini
2285 5078 2518 5144 comite,
2551 5079 2705 5143 data,
2742 5093 2894 5132 anno
2929 5078 3084 5146 1006,
3118 5077 3190 5132 de
3221 5076 3425 5132 eodem
3459 5074 3724 5146 vectigali
3762 5093 3801 5132 a

2141 5150 2388 5223 navigiis
2438 5166 2539 5223 per
2587 5150 2952 5223 Sequansm_
2974 5147 3460 5223 commeantibus,
3486 5146 3794 5219 exigendo.

2138 5219 2455 5276 Vide'l'Ari
2476 5221 2540 5276 de
2571 5219 2786 5291 vériﬁer
2816 5221 2890 5275 te:
2913 5220 3096 5291 Dates,
3129 5219 3267 5291 t.7II,
3303 5236 3338 5290 p
3368 5219 3494 5291 682.

2211 5294 2358 5362 (484)
2393 5293 2508 5347 Ista
2555 5287 2758 5347 charta
2805 5291 2877 5346 ad
2911 5287 3127 5347 librum
3177 5287 3514 5363 Meg—enardi
3558 5287 3795 5346 abbatis

2138 5364 2408 5437 pertinet.

2139 5430 2358 5561 ἓῃμδὸ)
2401 5433 2717 5490 Walterius
2750 5434 2819 5499 ΙΙ,
2853 5433 3036 5490 Albus
3066 5432 3434 5506 cognomine,
3465 5430 3736 5488 Walterii
3768 5437 3794 5488 Ι

2206 5525 2316 5561 1118.

2206 5525 2316 5562 1118.
