3988 6072
123 219 246 284 309

763 229 1018 295 VETUS
1062 233 1348 296 AGANO.
1384 267 1451 280 -—
1487 234 1634 297 LIB.
1666 233 1798 298 VII.
1843 233 2293 300 LANDRICUS
2337 233 2437 298 ET
2480 235 2926 303 HUBEBTUS.

3407 236 3529 301 310

121 356 316 429 genis,
351 355 460 414 filii
503 359 652 432 ejus.
685 361 743 418 8.
776 363 1039 421 Walterii
1091 365 1316 422 militis.
1352 368 1410 423 8.
1445 367 1773 441 Rorigonis.
1807 367 1861 434 Α
1889 367 2075 442 ipsius
2106 369 2297 425 herbae
2329 386 2557 443 precem
2589 375 2850 427 aratrum
2883 371 2999 428 sive
3029 371 3205 427 boum
3237 371 3405 444 quasi
3428 389 3532 445 per

123 446 182 501 S.
217 446 507 520 Hugonis.
547 449 605 506 S.
658 451 959 510 Sansonis.
1011 455 1069 511 8.
1115 455 1331 514 Uberti.
1382 457 1440 513 8.
1492 458 1772 531 Hugonis.

123 535 180 592 8.
213 536 501 593 Addonis.
539 539 598 594 8.
631 539 978 599 Guadsonis.
1019 567 1047 594 ››

630 629 1046 689 CAPITULUM
1087 635 1274 691 XLIV.

387 721 468 773 De
493 719 702 775 ancilla
732 719 861 776 data
887 739 921 776 a
958 723 1278 781 Waleranno
1307 727 1516 781 comite.

716 811 886 879 (Ante
917 828 970 866 a.
1008 814 1186 881 1071).

187 919 216 943 ‹‹
253 897 320 950 In
359 895 599 952 nomine
620 901 834 953 sanctae
852 905 907 954 et
924 899 1234 957 individua:
1254 903 1774 972 Trinitatis,Patris

116 989 170 1040 et
201 983 338 1040 Filii
371 991 432 1040 et
465 986 717 1059 Spiritus
769 988 988 1044 Sancti.
1022 991 1138 1062 Ego
1170 991 1573 1049 Gualerannus
1603 995 1772 1062 (186),

117 1073 420 1130 Mellentis
447 1075 625 1131 castri
656 1083 1083 1143 comes,notum
1115 1097 1243 1136 esse
1271 1081 1398 1136 volo
1429 1087 1642 1138 sanctae
1675 1081 1775 1137 Dei

117 1163 379 1220 ecclesiae
413 1163 710 1231 fidelibus,
741 1170 864 1220 tam
898 1168 1268 1237 presentibus
1312 1188 1484 1242 quam
1538 1171 1771 1238 futuris,

114 1254 248 1326 quia
279 1251 536 1326 quidam
587 1253 762 1310 homo
793 1272 862 1311 ex
895 1255 1116 1312 familia
1145 1259 1341 1314 Sancti
1379 1260 1528 1316 Petri
1563 1261 1775 1317 Gisccii

111 1347 296 1409 ortus,
335 1340 442 1414 qui
473 1341 637 1398 locus
666 1344 911 1400 ccenobii
941 1345 1313 1404 Carnotensis
1345 1347 1490 1404 cella
1525 1366 1654 1406 esse
1683 1350 1773 1406 di-

111 1432 417 1488 noscitur:
454 1431 632 1488 homo
663 1433 900 1504 quidem
923 1440 1163 1491 vocatur
1181 1437 1530 1506 Walterius;
1557 1439 1655 1511 qui
1678 1457 1771 1496 ac-

110 1521 266 1595 cepit
299 1520 421 1577 sibi
455 1539 694 1578 uxorem
728 1541 905 1579 unam
938 1541 1006 1580 ex
1027 1525 1255 1582 ancillis
1279 1527 1612 1594 meis.Quod
1637 1546 1772 1584 cum

110 1610 782 1684 rescissem,utrumque
810 1617 867 1668 et
892 1613 1186 1669 hominem
1220 1619 1276 1670 et
1308 1614 1610 1672 mulierem
1645 1635 1772 1674 meo

105 1700 225 1772 juri
245 1700 584 1772 mancipari
603 1701 1318 1773 disposui.lnterveniente
1341 1722 1471 1761 vero
1494 1723 1627 1761 cum
1652 1707 1773 1779 qui-
1804 1740 1852 1805 Β

112 1790 372 1844 busdam
403 1789 713 1846 monachis
745 1790 952 1847 abbate
981 1793 1201 1864 praefati
1234 1794 1500 1859 cwnobii,
1537 1797 1772 1851 nomine

110 1879 427 1945 Landrico,
465 1895 569 1952 pro
599 1895 794 1935 amore
828 1880 923 1935 Dei
955 1883 1396 1954 omnipotentis,
1431 1884 1530 1956 qui
1575 1885 1774 1941 omnia

109 1967 454 2024 necessaria
487 1986 594 2024 sua
617 1969 877 2041 gratuita
922 1971 1177 2027 bonitate
1227 1972 1622 2029 amministrat
1648 1974 1771 2031 suis

107 2058 428 2125 ﬁdelibus;
466 2075 600 2112 cum
631 2075 922 2115 consensu
953 2059 1309 2118 dulcissima:
1343 2079 1481 2117 mea:
1504 2063 1772 2135 coniugis

105 2152 158 2202 et
174 2146 461 2203 sobolum
486 2146 864 2221 fideliumque
887 2151 1367 2223 meorum,ipsam
1393 2151 1587 2207 dimisi
1612 2170 1772 2208 man-

104 2237 567 2310 cipationem,et
598 2237 902 2294 mulierem
932 2256 1058 2311 qua:
1090 2240 1201 2295 mei
1227 2241 1384 2310 juris
1413 2246 1556 2307 erat,
1591 2240 1768 2297 simul

102 2343 237 2382 cum
268 2327 400 2382 viro
435 2343 567 2394 suo,
601 2330 804 2382 sancto
836 2327 1000 2383 Petro
1033 2329 1315 2396 concessi,
1344 2330 1504 2396 ut,ab
1537 2329 1644 2385 hoc
1677 2330 1769 2386 die

100 2416 161 2472 in
195 2419 395 2482 antea,
421 2417 561 2487 jure
591 2421 869 2488 perpetuo
900 2417 1196 2490 possideat
1227 2422 1346 2474 tam
1388 2419 1547 2490 ipsos
1591 2436 1767 2491 quam

101 2523 252 2578 quos
286 2505 396 2578 qui
430 2521 501 2560 ex
529 2504 622 2560 his
653 2507 995 2577 procreandi
1029 2508 1252 2562 sunt.Si
1277 2508 1410 2580 quis
1439 2513 1636 2565 autem
1667 2508 1768 2564 he-

103 2595 318 2651 redum
355 2610 625 2650 meorum
659 2594 796 2650 huic
825 2594 1156 2668 largitionis
1196 2613 1335 2652 meae
1384 2597 1768 2670 portiunculae

103 2683 405 2740 contraire
437 2683 704 2752 voluerit,
722 2689 963 2740 sanctus
994 2685 1194 2741 Petrus
1224 2685 1272 2741 ei
1307 2685 1511 2742 obvius
1541 2691 1768 2760 portam

106 2773 353 2828 claudat
391 2772 680 2839 Paradisi,
711 2777 787 2842 et,
815 2772 929 2829 nisi
980 2774 1310 2846 resipuerit,
1345 2774 1768 2848 gehennalibus

107 2861 395 2918 claustris
427 2862 796 2934 puniendum
827 2863 1040 2918 tradat.
1073 2863 1146 2920 Ut
1176 2868 1370 2920 autem
1403 2863 1523 2920 haec
1545 2863 1771 2920 cartula

107 2953 186 3008 sit
212 2952 469 3017 firmior,
504 2951 672 3022 signo
713 2952 1147 3024 astipulationis
1194 2971 1356 3024 meae,
1392 2958 1523 3009 ante
1571 2953 1772 3010 aeccle-

109 3042 258 3097 siam
294 3040 491 3097 sancti
522 3040 766 3113 Nigasii,
798 3059 925 3096 eam
953 3041 1198 3114 signavi,
1225 3046 1282 3098 et
1304 3041 1440 3097 filiis
1472 3042 1771 3098 fidelibus-

1887 460 2368 516 consuetudinem
2403 464 2744 533 extorquere
2767 461 2838 515 ab
2865 460 3205 517 hominibus
3229 478 3343 516 non
3366 461 3533 518 time-

1884 554 1989 606 ret.
2024 550 2130 606 Pro
2160 549 2290 621 hac,
2318 550 3009 622 inquam,consuetudine
3032 550 3186 606 mala
3209 567 3384 623 quam
3405 550 3532 622 ipse

1885 644 2017 711 post
2034 657 2166 694 eum
2188 657 2372 712 usque
2393 657 2549 695 nunc
2575 640 3129 713 usurpavi,graviter
3149 657 3241 696 me
3259 655 3532 712 peccasse

1884 729 2193 796 confiteor;
2227 734 2420 801 atque,
2457 731 2695 802 Ilugone
2725 730 2901 785 fratre
2931 747 3057 786 meo
3103 733 3419 797 annuente,
3452 728 3530 785 si-

1885 821 1983 872 cut
2012 816 2308 889 proposui,
2343 834 2445 888 pro
2479 817 2791 872 animabus
2824 815 3060 880 nostris,
3093 832 3289 871 coram
3338 815 3531 870 omni-

1885 907 2015 973 bus,
2049 906 2335 978 relinun.
2370 906 2527 961 Hanc
2561 910 2755 962 autem
2796 911 3015 962 cartam
3065 921 3242 960 manu
3297 903 3531 977 propria

1884 1011 2018 1050 cum
2063 996 2254 1051 crucis
2302 995 2468 1067 signo
2521 995 2849 1065 corroboro,
2883 1011 3212 1066 nomenque
3244 1010 3440 1049 meum
3474 997 3530 1048 et

1885 1084 2123 1139 nomina
2153 1083 2413 1139 fidelium
2458 1088 2792 1139 nostrorum
2843 1082 3210 1138 subscribere
3232 1081 3432 1152 jubeo.
3468 1079 3529 1135 Si

1884 1171 2016 1244 quis
2033 1177 2227 1229 autem
2246 1173 2580 1228 malesanus
2599 1172 2915 1244 aliquando
2932 1171 3083 1227 hanc
3102 1187 3222 1225 rem
3241 1167 3528 1224 contraire

1882 1261 2147 1328 voluerit,
2183 1262 2292 1317 nisi
2337 1262 2451 1317 cito
2501 1261 2826 1334 resipuerit,
2859 1278 2993 1316 cum
3045 1259 3269 1314 Dathan
3301 1261 3358 1314 et
3385 1255 3527 1312 Abi-

1883 1368 1988 1406 ron
2017 1350 2182 1406 vivus
2224 1351 2608 1407 absorbeatur
2654 1351 2868 1418 humo;
2901 1366 3036 1404 cum
3086 1347 3308 1403 Herode
3354 1345 3528 1400 inno-

1882 1443 2117 1495 centum
2177 1440 2452 1507 occisore,
2506 1445 2682 1512 atque
2738 1439 2913 1503 Juda,
2947 1436 3179 1494 Domini
3226 1434 3524 1502 traditore,

1882 1529 2148 1584 tradatur
2176 1529 2412 1602 ignibus
2442 1529 2739 1602 gehennae.
2769 1530 2827 1584 8.
2863 1526 3123 1583 Hildu'ini
3147 1523 3526 1591 vicecomitis,

1883 1617 1983 1689 qui
2017 1617 2167 1672 hanc
2198 1618 2683 1674 consuetudinem
2705 1611 3528 1687 dimisit.S.Hugonis,fratris

1882 1707 2028 1777 ejus.
2063 1705 2313 1762 Nomina
2341 1706 2576 1762 testium
2609 1724 2622 1762 :
2658 1705 3083 1770 Gualerannus,
3119 1701 3444 1758 monachus
3472 1705 3529 1757 et

1882 1795 2246 1868 praepositus,
2267 1796 2367 1868 qui
2399 1814 2500 1868 pro
2525 1796 2634 1852 hac
2657 1813 2716 1851 re
2738 1795 2883 1850 XXX
2907 1809 3284 1850 nummorum
3307 1789 3526 1846 solidos

1879 1884 2201 1940 vicecomiti
2235 1885 2426 1952 dedit;
2462 1885 2678 1941 Paulus
2709 1883 3053 1950 monachus,
3087 1881 3184 1954 qui
3217 1880 3370 1935 hanc
3399 1895 3525 1935 car-

1881 1977 2001 2029 tam
2036 1973 2300 2047 scripsit;
2337 1973 2701 2041 Roscelinus,
2735 1973 2856 2029 Odo
2900 1973 2970 2027 de
3021 1973 3256 2035 Roseto,
3299 1967 3527 2024 Aimar-

1882 2062 2012 2129 dus,
2047 2062 2204 2117 filius
2235 2062 2552 2129 Guntardi;
2587 2063 2774 2117 Adam
2807 2063 2878 2117 de
2900 2059 3258 2116 Buscheledo
3279 2076 3292 2126 ;
3316 2057 3526 2114 Walte-

1881 2149 2024 2217 rius,
2059 2150 2215 2206 ﬁlius
2247 2151 2507 2222 Hugonis
2541 2151 2610 2206 de
2630 2151 2904 2206 Aincurte
2927 2168 2940 2218 ;
2966 2148 3317 2214 Willelmus,
3341 2163 3524 2218 nepos

1878 2239 2041 2309 ejus;
2073 2238 2402 2295 Willelmus
2447 2238 2674 2294 Plicans
2722 2239 2999 2304 Montem,
3034 2238 3198 2310 Hugo
3243 2237 3524 2291 Brustans

1879 2327 2152 2394 Salicem,
2208 2328 2501 2384 Hubertus
2561 2329 2632 2382 de
2690 2329 2922 2395 Roseto,
2966 2327 3153 2382 Hurso
3203 2329 3523 2392 mercator;
3625 2332 3634 2341 '

1879 2416 2192 2485 Turoldus,
2227 2416 2384 2472 illius
2434 2418 2581 2488 ejus,
2615 2417 2908 2472 Hubertus
2939 2414 3268 2480 Donzellus,
3297 2411 3525 2469 Gausli-

1851 2512 1992 2561 'nus
2029 2505 2422 2574 Normannus,
2455 2506 2845 2574 Gambardus,
2879 2504 3197 2562 Garnerius
3248 2501 3459 2558 Bultio.
3495 2523 3524 2551 »

2376 2594 2726 2650 CAPITULU
2736 2594 2789 2649 Μ
2829 2593 3020 2649 XLVI.

2090 2684 2166 2740 De
2190 2685 2312 2756 fera
2341 2700 2505 2758 quam
2535 2691 2892 2756 usurpaverat
2922 2687 3092 2738 Draco
3121 2695 3311 2737 comes.

2469 2774 2632 2842 (Ante
2664 2791 2717 2830 a.
2757 2773 2933 2845 l036).

1953 2885 1980 2912 ‹‹
2013 2861 2262 2927 Veritas,
2296 2878 2422 2933 quae
2445 2867 2535 2918 est
2564 2862 2664 2918 Dei
2699 2862 2876 2927 ﬁlius,
2909 2860 3010 2934 qui
3043 2859 3186 2916 dixit
3219 2875 3232 2914 :
3265 2861 3376 2930 Ego
3403 2874 3526 2915 sum

1878 2952 2331 3017 veritas,ortatur
2360 2955 2418 3006 et
2447 2951 2613 3006 docet
2645 2950 2834 3006 aliena
2853 2967 2969 3006 non
2992 2965 3194 3022 rapere
3215 2952 3272 3004 et
3293 2947 3530 3020 prepria

1879 3038 2104 3113 largiri.
2126 3041 2489 3112 QuaprOptcr
2517 3056 2622 3113 ego
2653 3040 2837 3096 Droco
2872 3040 3041 3108 (187),
3071 3053 3266 3093 comes
3285 3035 3528 3092 Ambia-

107 3146 223 3201 que
255 3128 412 3183 meis
447 3111 938 3185 corroborandam
971 3111 1272 3186 tradidi.S.
1297 3130 1650 3186 Gualeranni
1683 3147 1772 3186 co-
1801 3111 1842 3177 Ο
1883 3111 2176 3194 nensium,
2209 3129 2282 3184 ob
2332 3111 2589 3184 amorem
2641 3127 2744 3182 filii
2797 3127 2893 3183 Dei
2931 3131 2988 3182 et
3019 3125 3268 3182 salutem
3318 3124 3528 3180 anima:

109 3219 294 3274 mitis.
319 3218 381 3273 S.
404 3217 669 3289 Hugonis
700 3217 1092 3291 primogeniti.
1118 3219 1176 3274 8.
1202 3219 1470 3292 conjugis
1490 3219 1768 3276 Adelidis.

106 3307 169 3363 8.
204 3305 575 3362 Gualeranni
610 3305 733 3362 filii.
761 3307 818 3362 S.
845 3306 1096 3364 Fulcoisi
1121 3306 1244 3362 ﬁlii.
1271 3308 1330 3362 8.
1354 3307 1601 3362 Teduini
1624 3307 1772 3364 vice-

107 3395 370 3451 comitis.
408 3395 471 3449 S.
505 3393 718 3449 lleluisi
754 3394 967 3451 clerici.
993 3396 1050 3452 S.
1077 3395 1362 3468 Drogonis
1393 3396 1464 3450 de
1494 3396 1770 3452 Collante.

107 3486 165 3540 S.
185 3481 439 3539 Ansoldi
469 3481 692 3539 Parisii.
717 3484 775 3539 S.
801 3483 1199 3552 Hilduini,ﬁlii
1232 3484 1512 3540 Hermeri.
1545 3487 1598 3541 S.
1635 3485 1775 3542 Wil-

109 3573 272 3628 lelmi
327 3570 512 3627 Calvi.
549 3572 606 3627 8.
642 3572 943 3627 Guarnerii
995 3573 1306 3646 praepositi.
1350 3574 1408 3628 8.
1443 3573 1661 3630 Odonis
1705 3576 1775 3631 de

113 3663 310 3718 Porta.
349 3661 408 3717 S.
447 3660 724 3716 Bernardi
771 3661 916 3718 Alba
965 3662 1137 3718 Sella.
1177 3663 1235 3718 8.
1271 3661 1509 3718 Guarini
1557 3663 1772 3721 clerici.

113 3750 354 3807 Vitalis.
391 3748 702 3806 Johannis.
743 3774 764 3798 ι

645 3857 1060 3915 CAPITULUM
1099 3859 1264 3914 VLV.

121 3951 198 4004 De
250 3963 436 4020 prava
495 3945 898 4074 consuetudine;
935 3957 1202 4031 asurpata
1231 3964 1265 4002 (ι
1309 3949 1614 4004 vicecomite
1666 3950 1780 4004 Hil-

898 4035 1048 4074 amo.

898 4035 1048 4074 amo.

723 4108 889 4174 (Ante
922 4124 972 4162 a.
1008 4107 1190 4174 1080.)

192 4221 218 4247 α
257 4198 322 4253 In
359 4195 603 4251 nomine
633 4198 847 4250 sanctas
879 4199 936 4250 et
967 4195 1280 4250 individua:
1311 4195 1627 4252 Trinilatis.
1664 4197 1780 4268 Ego

1882 3215 2536 3286 meae,consuetudinem
2570 3232 2744 3288 quam
2779 3213 3162 3271 calunniabar
3190 3229 3284 3269 me
3313 3213 3529 3268 habere

1880 3308 1940 3363 in
1976 3308 2093 3362 fera
2124 3306 2320 3363 Sancti
2371 3307 2524 3360 Petri
2553 3304 2925 3370 Gisiacensis,
2958 3321 3085 3376 quae
3129 3307 3218 3358 est
3248 3301 3530 3358 kalendas

1873 3393 2044 3467 julii;
2078 3400 2135 3452 et
2158 3395 2566 3451 brennaticum
2598 3394 2753 3466 quod
2793 3393 3012 3464 injuste
3060 3391 3417 3464 accipiebam
3469 3389 3530 3446 in

1881 3483 2214 3540 Calderiaco
2263 3487 2320 3538 et
2370 3487 2571 3540 sancto
2621 3482 2803 3538 Cirico
2835 3487 2890 3538 et
2920 3481 3199 3536 Droconis
3247 3483 3429 3548 curte,
3463 3495 3532 3534 ex

1881 3578 2002 3630 toto
2031 3573 2299 3640 dimitto;
2333 3577 2390 3628 et
2426 3576 2488 3627 ut
2539 3571 2660 3627 haec
2710 3569 2978 3626 remissio
3027 3571 3197 3624 firma
3235 3568 3293 3623 in
3326 3583 3529 3640 perpe-

1883 3668 2051 3718 tuum
2086 3666 2340 3728 maneat,
2375 3679 2549 3717 manu
2587 3660 2820 3732 propria
2849 3659 2956 3716 has
3005 3658 3227 3714 litteras
3259 3657 3529 3712 corrobo-

1776 3800 1785 3808 .
1885 3751 2002 3806 ravi
2031 3768 2164 3806 cum
2197 3768 2373 3806 uxore
2405 3755 2461 3805 et
2492 3749 2628 3804 filiis
2656 3752 2713 3804 et
2743 3746 3015 3803 fidelibus
3038 3745 3206 3802 meis.
3232 3746 3291 3800 S.
3323 3745 3530 3800 Droco-

1885 3840 1977 3896 nis
2010 3839 2260 3896 comitis.
2290 3841 2348 3894 S.
2381 3839 2564 3894 Ehtde
2593 3837 2926 3893 comitissw.
2951 3838 3010 3892 8.
3037 3831 3532 3900 Fulconis,fratris

1886 3928 2138 3985 comitis.
2172 3930 2230 3984 8.
2265 3926 2516 3992 Rodulfi,
2552 3926 2654 3981 filii
2687 3925 2942 3982 comitis.
2977 3925 3034 3982 8.
3069 3921 3369 3988 Gualterii,
3393 3919 3534 3977 alte-

1888 4019 2011 4074 rius
2061 4016 2186 4072 ﬁlii.
2216 4018 2274 4072 S.
2310 4016 2611 4071 Sansonis.
2645 4015 2702 4071 8.
2737 4014 3000 4087 Hugonis
3051 4015 3336 4068 Brustans
3384 4008 3541 4066 Sali-

1889 4124 2037 4163 cem.
2072 4107 2130 4161 S.
2167 4104 2382 4160 Arnulfi
2416 4103 2729 4176 praepositi.
2765 4104 2822 4160 8.
2857 4101 3069 4176 Agardi
3095 4097 3541 4158 Fortini.S.Gal-

1889 4194 2014 4252 terii
2049 4196 2120 4250 de
2149 4193 2840 4249 Gronniaco.S.Rodberti
2875 4193 2944 4247 de
2973 4191 3115 4246 Viri.
3149 4185 3540 4246 S.Othmundi

123 4286 451 4352 Hilduinus
481 4285 1062 4351 vicecomes,auditor
1090 4285 1325 4357 quidem
1359 4283 1627 4352 dicentis,
1649 4285 1784 4358 quia
1891 4286 1951 4340 8.
1981 4283 2285 4348 Guidonis,
2324 4281 2428 4337 filii
2463 4280 2906 4355 Sansgualonis.
2943 4281 3000 4336 S.
3035 4277 3226 4335 lvonis
3269 4277 3534 4346 Guespae.

124 4376 414 4449 gaudium
451 4378 540 4428 est
570 4371 793 4446 angelis
815 4372 914 4428 Dei
947 4390 1122 4445 super
1143 4389 1258 4428 uno
1279 4377 1579 4445 peccatore
1600 4374 1782 4446 paeni-

1893 4375 1950 4429 S.
1986 4371 2263 4428 Gualterii
2299 4371 2524 4426 Franci.
2559 4371 2617 4425 8.
2653 4370 2890 4425 Huberti
2925 4369 2995 4423 de
3026 4368 3256 4422 Roseto.
3281 4365 3340 4420 8.
3366 4363 3542 4418 Urso-

125 4465 376 4520 tentiam
412 4465 646 4534 agente,
680 4465 882 4517 notum
911 4479 1038 4517 esse
1069 4461 1195 4517 volo
1227 4466 1348 4517 tam
1399 4462 1784 4534 praesentibus
1823 4484 1864 4548 ι)
1896 4461 1990 4517 nis
2019 4459 2439 4516 archidiaconi.
2476 4459 2533 4514 8.
2569 4458 2832 4529 Hugonis
2867 4453 3220 4511 Bascodelis.
3255 4474 3283 4502 ››

125 4569 304 4624 quam
332 4549 555 4605 futuris
573 4554 784 4605 sancta
807 4549 906 4605 Dei
935 4549 1189 4606 ecclesia:
1208 4549 1785 4622 ﬁdelibus,quoniam

130 4658 356 4713 pascua
377 4645 549 4694 terrae
581 4655 910 4705 meae,more
939 4639 1178 4711 antiquo
1201 4640 1452 4711 jureque
1479 4644 1783 4712 perpetuo,

131 4730 415 4786 omnibus
448 4726 652 4783 bestiis
680 4730 846 4782 terra:
879 4726 1074 4782 Sancti
1110 4727 1258 4782 Petri
1286 4727 1644 4784 Jociacensis
1673 4728 1786 4784 cel-

133 4818 220 4888 lae,
255 4823 380 4874 tam
417 4816 480 4871 in
525 4817 701 4871 bosco
749 4832 926 4888 quam
975 4819 1135 4872 extra
1167 4817 1434 4884 boscum,
1467 4817 1667 4884 reddo,
1701 4821 1785 4885 ut,

2385 4546 2801 4602 CAPITULUM
2840 4544 3059 4600 XLVII.

1897 4645 1976 4696 De
2009 4640 2301 4694 Rainberfo
2347 4645 2398 4692 ct
2424 4636 2762 4707 Frodburga,
2798 4635 2864 4690 ab
2913 4633 3092 4689 Odone
3141 4631 3334 4688 comite
3379 4628 3546 4685 datis.

2487 4727 2652 4795 (Ante
2685 4743 2736 4780 a.
2772 4725 2954 4796 1064).

1969 4840 1998 4867 ‹‹
2029 4818 2090 4872 In
2122 4815 2222 4872 Dei
2254 4814 2510 4871 nomine.
2545 4815 2660 4886 Ego
2691 4813 2832 4880 Odo,
2857 4812 3124 4868 Manasse
3154 4807 3546 4875 ﬁlius,notum

133 4910 362 4979 absque
415 4905 542 4960 ulla
587 4904 1062 4970 contradictione,
1095 4905 1370 4977 deinceps
1430 4905 1684 4962 habeant
1735 4914 1788 4962 et
1899 4908 2086 4962 facere
2118 4903 2245 4960 volo
2277 4903 2548 4977 praesenti
2583 4903 2797 4974 populo
2822 4906 2880 4957 et
2902 4903 3260 4965 futuro,cum
3283 4896 3551 4969 Hugone,

133 5003 387 5070 pascant
417 5000 565 5051 aestn
598 5010 666 5050 ac
695 4993 919 5061 hieme;
953 5011 1055 5066 pro
1086 4994 1273 5050 salute
1321 4994 1542 5050 scilicet
1581 4994 1788 5050 anima:
1901 4996 2076 5050 fratre
2107 5010 2256 5063 meo,
2291 4997 2605 5059 annuente,
2637 5007 2729 5046 me
2781 4989 3011 5046 dedisse
3051 4985 3392 5044 Carnotensi
3429 5002 3556 5042 m0-

135 5103 280 5143 meaa
311 5091 372 5142 et
403 5102 510 5157 pro
552 5083 804 5139 remedio
855 5084 1062 5138 animae
1112 5082 1295 5156 patris
1344 5084 1455 5139 mei
1508 5084 1793 5156 Hugonis,

136 5177 261 5248 qui,
295 5177 544 5231 absente
566 5172 829 5242 justicia,
865 5172 1013 5228 hanc
1046 5189 1282 5244 pravam
1307 5174 1794 5229 consuetudinem

1905 5083 2159 5140 nasterio
2189 5082 2373 5137 sancti
2409 5080 2557 5136 Petri
2602 5097 2668 5134 ac
2716 5076 3036 5135 Josiacensi
3087 5074 3243 5131 cellae
3294 5073 3557 5146 praedicti

1908 5169 2343 5236 monasterii,cx
2377 5174 2576 5225 nostra
2599 5168 2820 5224 familia
2841 5162 3338 5232 servum,nomine
3360 5161 3560 5217 Raim-

139 5265 360 5329 intulit,
393 5268 465 5318 ut
495 5268 554 5318 et
583 5261 822 5316 herbam
863 5265 1079 5316 vetaret
1128 5278 1304 5333 quam
1355 5261 1510 5317 Deus
1542 5263 1612 5317 de
1645 5267 1800 5320 terra
1909 5261 2142 5316 bertum
2175 5262 2230 5313 et
2261 5256 2844 5324 ancillam,vocabulo
2878 5254 3300 5324 Frodburgam,
3321 5249 3563 5306 fratrem

141 5357 325 5424 jussit
353 5352 638 5410 omnibus
670 5350 874 5407 bestiis
918 5350 1256 5423 producere,
1292 5354 1466 5422 atque
1497 5367 1599 5422 pro
1633 5358 1803 5423 pastu
1909 5348 2179 5403 videlicet
2211 5365 2275 5402 ac
2309 5362 2587 5412 sororem,
2623 5364 2758 5402 cum
2805 5344 2942 5400 filiis
2976 5359 3042 5398 ac
3072 5340 3307 5396 ﬁliabus
3336 5353 3565 5406 eorum,

208 5464 356 5532 (186)
406 5458 816 5532 Gualerannus
847 5457 965 5532 sive
993 5456 1381 5532 Walcrannus
1410 5456 1482 5523 II,
1517 5457 1802 5532 Mellentis

142 5525 320 5590 centri
341 5525 576 5600 comes,
607 5525 754 5586 obiit
781 5529 892 5586 vel.
923 5547 975 5584 a.
1013 5527 1152 5584 1069
1177 5525 1263 5583 vel
1299 5531 1595 5599 sequente.

1985 5453 2133 5536 (187)
2167 5457 2364 5536 Draco,
2397 5468 2594 5534 comes
2644 5448 3145 5536 Ambiaqepsium,
3194 5459 3413 5500 veneno
3468 5461 3570 5500 ne-

1918 5530 2082 5582 catus
2111 5522 2171 5580 in
2207 5524 2492 5599 Bithynia,
2526 5531 2790 5584 exeunte.
2826 5522 2984 5579 1035.
