  <div class='ocr_page' id='page_1' title='image "/cluster/home/n/w/nwhite01/storage/ocr_20150623/155/hvd.32044054760137/160.png"; bbox 0 0 3968 6080; ppageno 0'>
   <div class='ocr_carea' id='block_1_1' title="bbox 178 294 303 359">
    <p class='ocr_par' dir='ltr' id='par_1_1' title="bbox 178 294 303 359">
     <span class='ocr_line' id='line_1_1' title="bbox 178 294 303 359; baseline -0.016 0"><span class='ocrx_word' id='word_1_1' title='bbox 178 294 303 359; x_wconf 72' lang='grc'>313</span> 
     </span>
    </p>
   </div>
   <div class='ocr_carea' id='block_1_2' title="bbox 804 286 2987 356">
    <p class='ocr_par' dir='ltr' id='par_1_2' title="bbox 804 286 2987 356">
     <span class='ocr_line' id='line_1_2' title="bbox 804 286 2987 356; baseline -0.004 0"><span class='ocrx_word' id='word_1_2' title='bbox 804 291 1059 356; x_wconf 81' lang='lat' dir='ltr'>VETUS</span> <span class='ocrx_word' id='word_1_3' title='bbox 1102 291 1387 354; x_wconf 78' lang='lat' dir='ltr'>AGANO.</span> <span class='ocrx_word' id='word_1_4' title='bbox 1419 325 1498 335; x_wconf 91' lang='lat'><strong><em>—</em></strong></span> <span class='ocrx_word' id='word_1_5' title='bbox 1525 291 1674 352; x_wconf 90' lang='lat' dir='ltr'><strong>LIB.</strong></span> <span class='ocrx_word' id='word_1_6' title='bbox 1724 290 1856 353; x_wconf 81' lang='lat' dir='ltr'><strong>VII.</strong></span> <span class='ocrx_word' id='word_1_7' title='bbox 1903 286 2350 351; x_wconf 82' lang='lat' dir='ltr'>LANDRICUS</span> <span class='ocrx_word' id='word_1_8' title='bbox 2393 288 2495 349; x_wconf 84' lang='lat' dir='ltr'>ET</span> <span class='ocrx_word' id='word_1_9' title='bbox 2538 286 2987 350; x_wconf 80' lang='lat' dir='ltr'>HUBERTUS.</span> 
     </span>
    </p>
   </div>
   <div class='ocr_carea' id='block_1_3' title="bbox 3475 287 3596 352">
    <p class='ocr_par' dir='ltr' id='par_1_3' title="bbox 3475 287 3596 352">
     <span class='ocr_line' id='line_1_3' title="bbox 3475 287 3596 352; baseline -0.025 -1"><span class='ocrx_word' id='word_1_10' title='bbox 3475 287 3596 352; x_wconf 74' lang='grc'>314</span> 
     </span>
    </p>
   </div>
   <div class='ocr_carea' id='block_1_4' title="bbox 182 418 3595 494">
    <p class='ocr_par' dir='ltr' id='par_1_4' title="bbox 182 418 3595 494">
     <span class='ocr_line' id='line_1_4' title="bbox 182 418 3595 494; baseline -0.002 -7"><span class='ocrx_word' id='word_1_11' title='bbox 182 432 249 487; x_wconf 78' lang='lat' dir='ltr'>et.</span> <span class='ocrx_word' id='word_1_12' title='bbox 264 432 716 487; x_wconf 73' lang='lat' dir='ltr'>antecessorum</span> <span class='ocrx_word' id='word_1_13' title='bbox 733 444 836 484; x_wconf 88' lang='lat' dir='ltr'>seu</span> <span class='ocrx_word' id='word_1_14' title='bbox 854 441 1262 483; x_wconf 90' lang='lat' dir='ltr'>successorum</span> <span class='ocrx_word' id='word_1_15' title='bbox 1280 423 1838 492; x_wconf 88' lang='lat' dir='ltr'>meorum,condono</span> <span class='ocrx_word' id='word_1_16' title='bbox 1868 424 1919 490; x_wconf 87' lang='grc' dir='ltr'><strong>Α</strong></span> <span class='ocrx_word' id='word_1_17' title='bbox 1951 439 2053 479; x_wconf 85' lang='lat' dir='ltr'>seu</span> <span class='ocrx_word' id='word_1_18' title='bbox 2082 424 2387 494; x_wconf 89' lang='lat' dir='ltr'>parentum</span> <span class='ocrx_word' id='word_1_19' title='bbox 2438 424 2793 490; x_wconf 85' lang='lat' dir='ltr'>nostrorum,</span> <span class='ocrx_word' id='word_1_20' title='bbox 2827 418 3309 478; x_wconf 80' lang='lat' dir='ltr'>consuetudinem</span> <span class='ocrx_word' id='word_1_21' title='bbox 3362 420 3595 492; x_wconf 91' lang='lat' dir='ltr'>telonei,</span> 
     </span>
    </p>
   </div>
   <div class='ocr_carea' id='block_1_5' title="bbox 184 512 1844 587">
    <p class='ocr_par' dir='ltr' id='par_1_5' title="bbox 184 512 1844 587">
     <span class='ocr_line' id='line_1_5' title="bbox 184 512 1844 587; baseline -0.005 -11"><span class='ocrx_word' id='word_1_22' title='bbox 184 519 450 576; x_wconf 69' lang='lat' dir='ltr'>canobio</span> <span class='ocrx_word' id='word_1_23' title='bbox 480 516 751 576; x_wconf 63' lang='lat' dir='ltr'>ecclesia:</span> <span class='ocrx_word' id='word_1_24' title='bbox 782 515 1175 581; x_wconf 88' lang='lat' dir='ltr'>Carnotensis,</span> <span class='ocrx_word' id='word_1_25' title='bbox 1211 515 1367 587; x_wconf 91' lang='lat' dir='ltr'>quod</span> <span class='ocrx_word' id='word_1_26' title='bbox 1398 514 1456 569; x_wconf 91' lang='lat' dir='ltr'>in</span> <span class='ocrx_word' id='word_1_27' title='bbox 1489 512 1844 569; x_wconf 78' lang='lat' dir='ltr'>suburbanis</span> 
     </span>
    </p>
   </div>
   <div class='ocr_carea' id='block_1_6' title="bbox 185 602 1842 679">
    <p class='ocr_par' dir='ltr' id='par_1_6' title="bbox 185 602 1842 679">
     <span class='ocr_line' id='line_1_6' title="bbox 185 602 1842 679; baseline -0.005 -15"><span class='ocrx_word' id='word_1_28' title='bbox 185 607 458 679; x_wconf 83' lang='lat' dir='ltr'>ejusdem</span> <span class='ocrx_word' id='word_1_29' title='bbox 492 606 746 663; x_wconf 88' lang='lat' dir='ltr'>civitatis</span> <span class='ocrx_word' id='word_1_30' title='bbox 776 606 953 661; x_wconf 90' lang='lat' dir='ltr'>situm</span> <span class='ocrx_word' id='word_1_31' title='bbox 988 610 1095 671; x_wconf 88' lang='lat' dir='ltr'>est,</span> <span class='ocrx_word' id='word_1_32' title='bbox 1130 603 1191 659; x_wconf 92' lang='lat' dir='ltr'>in</span> <span class='ocrx_word' id='word_1_33' title='bbox 1223 603 1443 659; x_wconf 85' lang='lat' dir='ltr'>honore</span> <span class='ocrx_word' id='word_1_34' title='bbox 1474 603 1627 659; x_wconf 82' lang='lat' dir='ltr'>beati</span> <span class='ocrx_word' id='word_1_35' title='bbox 1670 602 1842 670; x_wconf 88' lang='lat' dir='ltr'>Petri,</span> 
     </span>
    </p>
   </div>
   <div class='ocr_carea' id='block_1_7' title="bbox 184 690 1845 777">
    <p class='ocr_par' dir='ltr' id='par_1_7' title="bbox 184 690 1845 777">
     <span class='ocr_line' id='line_1_7' title="bbox 184 690 1845 777; baseline -0.005 -24"><span class='ocrx_word' id='word_1_36' title='bbox 184 694 592 777; x_wconf 79' lang='lat' dir='ltr'>apostolorum</span> <span class='ocrx_word' id='word_1_37' title='bbox 624 693 925 768; x_wconf 81' lang='lat' dir='ltr'>principis,</span> <span class='ocrx_word' id='word_1_38' title='bbox 953 692 1247 749; x_wconf 86' lang='lat' dir='ltr'>teloneum</span> <span class='ocrx_word' id='word_1_39' title='bbox 1276 691 1397 747; x_wconf 85' lang='lat' dir='ltr'>vini</span> <span class='ocrx_word' id='word_1_40' title='bbox 1427 692 1666 765; x_wconf 77' lang='lat' dir='ltr'>proprii,</span> <span class='ocrx_word' id='word_1_41' title='bbox 1691 690 1845 762; x_wconf 90' lang='lat' dir='ltr'>quod</span> 
     </span>
    </p>
   </div>
   <div class='ocr_carea' id='block_1_8' title="bbox 185 781 1848 857">
    <p class='ocr_par' dir='ltr' id='par_1_8' title="bbox 185 781 1848 857">
     <span class='ocr_line' id='line_1_8' title="bbox 185 781 1848 857; baseline -0.004 -16"><span class='ocrx_word' id='word_1_42' title='bbox 185 784 440 842; x_wconf 82' lang='lat' dir='ltr'>antehac</span> <span class='ocrx_word' id='word_1_43' title='bbox 470 783 656 857; x_wconf 89' lang='lat' dir='ltr'>accipi</span> <span class='ocrx_word' id='word_1_44' title='bbox 686 783 909 840; x_wconf 80' lang='lat' dir='ltr'>solebat</span> <span class='ocrx_word' id='word_1_45' title='bbox 957 783 1017 837; x_wconf 90' lang='lat' dir='ltr'>in</span> <span class='ocrx_word' id='word_1_46' title='bbox 1076 781 1202 838; x_wconf 90' lang='lat' dir='ltr'>loco</span> <span class='ocrx_word' id='word_1_47' title='bbox 1244 781 1399 853; x_wconf 90' lang='lat' dir='ltr'>juris</span> <span class='ocrx_word' id='word_1_48' title='bbox 1439 781 1644 847; x_wconf 78' lang='lat' dir='ltr'>nostri,</span> <span class='ocrx_word' id='word_1_49' title='bbox 1678 782 1848 851; x_wconf 86' lang='lat' dir='ltr'>cujus</span> 
     </span>
    </p>
   </div>
   <div class='ocr_carea' id='block_1_9' title="bbox 184 868 1845 947">
    <p class='ocr_par' dir='ltr' id='par_1_9' title="bbox 184 868 1845 947">
     <span class='ocr_line' id='line_1_9' title="bbox 184 868 1845 947; baseline -0.004 -17"><span class='ocrx_word' id='word_1_50' title='bbox 184 879 369 947; x_wconf 84' lang='lat' dir='ltr'>caput</span> <span class='ocrx_word' id='word_1_51' title='bbox 399 878 492 929; x_wconf 85' lang='lat' dir='ltr'>est</span> <span class='ocrx_word' id='word_1_52' title='bbox 539 872 903 935; x_wconf 83' lang='lat' dir='ltr'>Andeleium,</span> <span class='ocrx_word' id='word_1_53' title='bbox 928 876 993 926; x_wconf 89' lang='lat' dir='ltr'>ut</span> <span class='ocrx_word' id='word_1_54' title='bbox 1041 871 1250 927; x_wconf 87' lang='lat' dir='ltr'>amodo</span> <span class='ocrx_word' id='word_1_55' title='bbox 1300 869 1552 925; x_wconf 80' lang='lat' dir='ltr'>ministri</span> <span class='ocrx_word' id='word_1_56' title='bbox 1586 868 1845 941; x_wconf 59' lang='lat' dir='ltr'>prwdicti</span> 
     </span>
    </p>
   </div>
   <div class='ocr_carea' id='block_1_10' title="bbox 184 958 1848 1033">
    <p class='ocr_par' dir='ltr' id='par_1_10' title="bbox 184 958 1848 1033">
     <span class='ocr_line' id='line_1_10' title="bbox 184 958 1848 1033; baseline -0.004 -14"><span class='ocrx_word' id='word_1_57' title='bbox 184 962 441 1020; x_wconf 65' lang='lat' dir='ltr'>casnobii</span> <span class='ocrx_word' id='word_1_58' title='bbox 475 961 665 1018; x_wconf 88' lang='lat' dir='ltr'>securi</span> <span class='ocrx_word' id='word_1_59' title='bbox 696 964 834 1017; x_wconf 87' lang='lat' dir='ltr'>eant</span> <span class='ocrx_word' id='word_1_60' title='bbox 863 978 966 1033; x_wconf 89' lang='lat' dir='ltr'>per</span> <span class='ocrx_word' id='word_1_61' title='bbox 995 960 1339 1033; x_wconf 65' lang='lat' dir='ltr'>praedictum</span> <span class='ocrx_word' id='word_1_62' title='bbox 1370 958 1587 1025; x_wconf 89' lang='lat' dir='ltr'>locum,</span> <span class='ocrx_word' id='word_1_63' title='bbox 1627 959 1848 1030; x_wconf 85' lang='lat' dir='ltr'>absque</span> 
     </span>
    </p>
   </div>
   <div class='ocr_carea' id='block_1_11' title="bbox 183 1046 1848 1121">
    <p class='ocr_par' dir='ltr' id='par_1_11' title="bbox 183 1046 1848 1121">
     <span class='ocr_line' id='line_1_11' title="bbox 183 1046 1848 1121; baseline -0.004 -13"><span class='ocrx_word' id='word_1_64' title='bbox 183 1051 307 1108; x_wconf 84' lang='lat' dir='ltr'>ulla</span> <span class='ocrx_word' id='word_1_65' title='bbox 338 1051 647 1108; x_wconf 78' lang='lat' dir='ltr'>exactione</span> <span class='ocrx_word' id='word_1_66' title='bbox 676 1049 927 1121; x_wconf 79' lang='lat' dir='ltr'>alicujus</span> <span class='ocrx_word' id='word_1_67' title='bbox 971 1048 1205 1113; x_wconf 90' lang='lat' dir='ltr'>telonei,</span> <span class='ocrx_word' id='word_1_68' title='bbox 1238 1049 1447 1104; x_wconf 89' lang='lat' dir='ltr'>amodo</span> <span class='ocrx_word' id='word_1_69' title='bbox 1480 1052 1538 1103; x_wconf 89' lang='lat' dir='ltr'>et</span> <span class='ocrx_word' id='word_1_70' title='bbox 1572 1064 1759 1120; x_wconf 90' lang='lat' dir='ltr'>usque</span> <span class='ocrx_word' id='word_1_71' title='bbox 1788 1046 1848 1101; x_wconf 90' lang='lat' dir='ltr'>in</span> 
     </span>
    </p>
   </div>
   <div class='ocr_carea' id='block_1_12' title="bbox 185 1136 1849 1213">
    <p class='ocr_par' dir='ltr' id='par_1_12' title="bbox 185 1136 1849 1213">
     <span class='ocr_line' id='line_1_12' title="bbox 185 1136 1849 1213; baseline -0.003 -17"><span class='ocrx_word' id='word_1_72' title='bbox 185 1141 646 1213; x_wconf 85' lang='lat' dir='ltr'>sempiternum.</span> <span class='ocrx_word' id='word_1_73' title='bbox 676 1141 888 1194; x_wconf 84' lang='lat' dir='ltr'>Actum</span> <span class='ocrx_word' id='word_1_74' title='bbox 921 1137 1252 1210; x_wconf 81' lang='lat' dir='ltr'>Rotomagi,</span> <span class='ocrx_word' id='word_1_75' title='bbox 1286 1136 1472 1210; x_wconf 82' lang='lat' dir='ltr'>pridie</span> <span class='ocrx_word' id='word_1_76' title='bbox 1521 1137 1655 1192; x_wconf 90' lang='lat' dir='ltr'>idus</span> <span class='ocrx_word' id='word_1_77' title='bbox 1695 1140 1849 1192; x_wconf 89' lang='lat' dir='ltr'>octo-</span> 
     </span>
    </p>
   </div>
   <div class='ocr_carea' id='block_1_13' title="bbox 184 1223 1852 1301">
    <p class='ocr_par' dir='ltr' id='par_1_13' title="bbox 184 1223 1852 1301">
     <span class='ocr_line' id='line_1_13' title="bbox 184 1223 1852 1301; baseline -0.006 -14"><span class='ocrx_word' id='word_1_78' title='bbox 184 1229 332 1299; x_wconf 86' lang='lat' dir='ltr'>bris,</span> <span class='ocrx_word' id='word_1_79' title='bbox 381 1230 446 1285; x_wconf 89' lang='lat' dir='ltr'>in</span> <span class='ocrx_word' id='word_1_80' title='bbox 498 1227 811 1301; x_wconf 69' lang='lat' dir='ltr'>praesentia</span> <span class='ocrx_word' id='word_1_81' title='bbox 852 1225 1049 1283; x_wconf 87' lang='lat' dir='ltr'>domui</span> <span class='ocrx_word' id='word_1_82' title='bbox 1098 1226 1351 1281; x_wconf 88' lang='lat' dir='ltr'>Maurilii</span> <span class='ocrx_word' id='word_1_83' title='bbox 1403 1223 1852 1298; x_wconf 89' lang='lat' dir='ltr'>archiepisc0pi,</span> 
     </span>
    </p>
   </div>
   <div class='ocr_carea' id='block_1_14' title="bbox 187 1312 1857 1381">
    <p class='ocr_par' dir='ltr' id='par_1_14' title="bbox 187 1312 1857 1381">
     <span class='ocr_line' id='line_1_14' title="bbox 187 1312 1857 1381; baseline -0.004 -6"><span class='ocrx_word' id='word_1_84' title='bbox 187 1317 536 1375; x_wconf 72' lang='lat' dir='ltr'>astantibus</span> <span class='ocrx_word' id='word_1_85' title='bbox 566 1321 624 1373; x_wconf 89' lang='lat' dir='ltr'>et</span> <span class='ocrx_word' id='word_1_86' title='bbox 653 1315 982 1372; x_wconf 85' lang='lat' dir='ltr'>faventibus</span> <span class='ocrx_word' id='word_1_87' title='bbox 1012 1314 1647 1381; x_wconf 81' lang='lat' dir='ltr'>canonicis,Benedicto</span> <span class='ocrx_word' id='word_1_88' title='bbox 1673 1312 1857 1370; x_wconf 88' lang='lat' dir='ltr'>archi-</span> 
     </span>
    </p>
   </div>
   <div class='ocr_carea' id='block_1_15' title="bbox 187 1404 1854 1479">
    <p class='ocr_par' dir='ltr' id='par_1_15' title="bbox 187 1404 1854 1479">
     <span class='ocr_line' id='line_1_15' title="bbox 187 1404 1854 1479; baseline -0.004 -15"><span class='ocrx_word' id='word_1_89' title='bbox 187 1404 756 1479; x_wconf 82' lang='lat' dir='ltr'>diacono,Stigaudo</span> <span class='ocrx_word' id='word_1_90' title='bbox 787 1404 1339 1475; x_wconf 85' lang='lat' dir='ltr'>cantore,Godberto</span> <span class='ocrx_word' id='word_1_91' title='bbox 1370 1404 1669 1470; x_wconf 89' lang='lat' dir='ltr'>canonico,</span> <span class='ocrx_word' id='word_1_92' title='bbox 1705 1404 1854 1459; x_wconf 88' lang='lat' dir='ltr'>Lan-</span> 
     </span>
    </p>
   </div>
   <div class='ocr_carea' id='block_1_16' title="bbox 188 1491 1854 1562">
    <p class='ocr_par' dir='ltr' id='par_1_16' title="bbox 188 1491 1854 1562">
     <span class='ocr_line' id='line_1_16' title="bbox 188 1491 1854 1562; baseline -0.004 -8"><span class='ocrx_word' id='word_1_93' title='bbox 188 1496 354 1554; x_wconf 87' lang='lat' dir='ltr'>drico</span> <span class='ocrx_word' id='word_1_94' title='bbox 416 1493 726 1562; x_wconf 86' lang='lat' dir='ltr'>canonico,</span> <span class='ocrx_word' id='word_1_95' title='bbox 772 1493 1139 1549; x_wconf 86' lang='lat' dir='ltr'>Walcbelino</span> <span class='ocrx_word' id='word_1_96' title='bbox 1188 1493 1489 1559; x_wconf 89' lang='lat' dir='ltr'>canonico,</span> <span class='ocrx_word' id='word_1_97' title='bbox 1536 1491 1854 1558; x_wconf 88' lang='lat' dir='ltr'>Willelmo,</span> 
     </span>
    </p>
   </div>
   <div class='ocr_carea' id='block_1_17' title="bbox 190 1580 1856 1655">
    <p class='ocr_par' dir='ltr' id='par_1_17' title="bbox 190 1580 1856 1655">
     <span class='ocr_line' id='line_1_17' title="bbox 190 1580 1856 1655; baseline -0.004 -12"><span class='ocrx_word' id='word_1_98' title='bbox 190 1584 511 1643; x_wconf 82' lang='lat' dir='ltr'>monachis</span> <span class='ocrx_word' id='word_1_99' title='bbox 542 1587 739 1651; x_wconf 74' lang='lat' dir='ltr'>etiam,</span> <span class='ocrx_word' id='word_1_100' title='bbox 771 1581 1099 1640; x_wconf 86' lang='lat' dir='ltr'>Waleramo</span> <span class='ocrx_word' id='word_1_101' title='bbox 1132 1582 1441 1655; x_wconf 70' lang='lat' dir='ltr'>praeposito</span> <span class='ocrx_word' id='word_1_102' title='bbox 1481 1580 1717 1648; x_wconf 89' lang='lat' dir='ltr'>Gisiaci,</span> <span class='ocrx_word' id='word_1_103' title='bbox 1748 1582 1856 1636; x_wconf 88' lang='lat' dir='ltr'>Te-</span> 
     </span>
    </p>
   </div>
   <div class='ocr_carea' id='block_1_18' title="bbox 192 1668 1856 1743">
    <p class='ocr_par' dir='ltr' id='par_1_18' title="bbox 192 1668 1856 1743">
     <span class='ocr_line' id='line_1_18' title="bbox 192 1668 1856 1743; baseline -0.004 -13"><span class='ocrx_word' id='word_1_104' title='bbox 192 1673 381 1730; x_wconf 88' lang='lat' dir='ltr'>duino</span> <span class='ocrx_word' id='word_1_105' title='bbox 414 1672 597 1727; x_wconf 76' lang='lat' dir='ltr'>fratre</span> <span class='ocrx_word' id='word_1_106' title='bbox 621 1670 777 1743; x_wconf 84' lang='lat' dir='ltr'>ejus;</span> <span class='ocrx_word' id='word_1_107' title='bbox 811 1668 996 1736; x_wconf 91' lang='lat' dir='ltr'>laicis,</span> <span class='ocrx_word' id='word_1_108' title='bbox 1020 1668 1305 1725; x_wconf 87' lang='lat' dir='ltr'>Gelduino</span> <span class='ocrx_word' id='word_1_109' title='bbox 1330 1669 1856 1742; x_wconf 89' lang='lat' dir='ltr'>majore,Deodato,</span> 
     </span>
    </p>
   </div>
   <div class='ocr_carea' id='block_1_19' title="bbox 194 1748 1299 1820">
    <p class='ocr_par' dir='ltr' id='par_1_19' title="bbox 194 1748 1299 1820">
     <span class='ocr_line' id='line_1_19' title="bbox 194 1748 1299 1820; baseline -0.005 -1"><span class='ocrx_word' id='word_1_110' title='bbox 194 1762 536 1820; x_wconf 86' lang='lat' dir='ltr'>Guisberto.</span> <span class='ocrx_word' id='word_1_111' title='bbox 572 1782 605 1809; x_wconf 75' lang='grc' dir='ltr'><strong>η</strong></span> <span class='ocrx_word' id='word_1_112' title='bbox 1292 1748 1299 1761; x_wconf 78' lang='grc'><em>’</em></span> 
     </span>
    </p>
   </div>
   <div class='ocr_carea' id='block_1_20' title="bbox 758 1847 1305 1904">
    <p class='ocr_par' dir='ltr' id='par_1_20' title="bbox 758 1847 1305 1904">
     <span class='ocr_line' id='line_1_20' title="bbox 758 1847 1305 1904; baseline -0.004 0"><span class='ocrx_word' id='word_1_113' title='bbox 758 1847 1171 1904; x_wconf 84' lang='lat' dir='ltr'>CAPITULUM</span> <span class='ocrx_word' id='word_1_114' title='bbox 1212 1848 1305 1903; x_wconf 86' lang='lat' dir='ltr'>LI.</span> 
     </span>
    </p>
   </div>
   <div class='ocr_carea' id='block_1_21' title="bbox 347 1936 1714 2012">
    <p class='ocr_par' dir='ltr' id='par_1_21' title="bbox 347 1936 1714 2012">
     <span class='ocr_line' id='line_1_21' title="bbox 347 1936 1714 2012; baseline -0.004 -15"><span class='ocrx_word' id='word_1_115' title='bbox 347 1942 427 1997; x_wconf 81' lang='lat' dir='ltr'>De</span> <span class='ocrx_word' id='word_1_116' title='bbox 450 1940 677 2012; x_wconf 69' lang='lat' dir='ltr'>pascuis</span> <span class='ocrx_word' id='word_1_117' title='bbox 706 1953 832 2010; x_wconf 69' lang='lat' dir='ltr'>qua:</span> <span class='ocrx_word' id='word_1_118' title='bbox 860 1938 1074 1993; x_wconf 76' lang='lat' dir='ltr'>vetabat</span> <span class='ocrx_word' id='word_1_119' title='bbox 1104 1936 1374 1994; x_wconf 70' lang='lat' dir='ltr'>Teduinus</span> <span class='ocrx_word' id='word_1_120' title='bbox 1405 1938 1714 1993; x_wconf 76' lang='lat' dir='ltr'>vicecomcs.</span> 
     </span>
    </p>
   </div>
   <div class='ocr_carea' id='block_1_22' title="bbox 803 2027 1280 2099">
    <p class='ocr_par' dir='ltr' id='par_1_22' title="bbox 803 2027 1280 2099">
     <span class='ocr_line' id='line_1_22' title="bbox 803 2027 1280 2099; baseline 0 -18"><span class='ocrx_word' id='word_1_121' title='bbox 803 2027 976 2099; x_wconf 86' lang='lat' dir='ltr'>(Ante</span> <span class='ocrx_word' id='word_1_122' title='bbox 1006 2043 1057 2082; x_wconf 88' lang='lat' dir='ltr'>a.</span> <span class='ocrx_word' id='word_1_123' title='bbox 1097 2027 1280 2095; x_wconf 87' lang='grc'>1070.)</span> 
     </span>
    </p>
   </div>
   <div class='ocr_carea' id='block_1_23' title="bbox 262 2112 1862 2188">
    <p class='ocr_par' dir='ltr' id='par_1_23' title="bbox 262 2112 1862 2188">
     <span class='ocr_line' id='line_1_23' title="bbox 262 2112 1862 2188; baseline -0.002 -18"><span class='ocrx_word' id='word_1_124' title='bbox 262 2144 298 2170; x_wconf 75' lang='grc' dir='ltr'>(ς</span> <span class='ocrx_word' id='word_1_125' title='bbox 323 2121 394 2175; x_wconf 83' lang='lat' dir='ltr'><strong>In</strong></span> <span class='ocrx_word' id='word_1_126' title='bbox 427 2117 534 2174; x_wconf 88' lang='lat' dir='ltr'>Dei</span> <span class='ocrx_word' id='word_1_127' title='bbox 562 2116 821 2173; x_wconf 88' lang='lat' dir='ltr'>nomine.</span> <span class='ocrx_word' id='word_1_128' title='bbox 844 2116 963 2188; x_wconf 88' lang='lat' dir='ltr'>Ego</span> <span class='ocrx_word' id='word_1_129' title='bbox 993 2114 1655 2182; x_wconf 89' lang='lat' dir='ltr'>Teduinus,vicecomes</span> <span class='ocrx_word' id='word_1_130' title='bbox 1686 2112 1862 2170; x_wconf 92' lang='lat' dir='ltr'>castri</span> 
     </span>
    </p>
   </div>
   <div class='ocr_carea' id='block_1_24' title="bbox 200 2203 1863 2276">
    <p class='ocr_par' dir='ltr' id='par_1_24' title="bbox 200 2203 1863 2276">
     <span class='ocr_line' id='line_1_24' title="bbox 200 2203 1863 2276; baseline -0.006 -9"><span class='ocrx_word' id='word_1_131' title='bbox 200 2207 526 2274; x_wconf 79' lang='lat' dir='ltr'>Mellentis,</span> <span class='ocrx_word' id='word_1_132' title='bbox 551 2205 681 2262; x_wconf 89' lang='lat' dir='ltr'>volo</span> <span class='ocrx_word' id='word_1_133' title='bbox 706 2208 911 2261; x_wconf 85' lang='lat' dir='ltr'>notum</span> <span class='ocrx_word' id='word_1_134' title='bbox 942 2204 1066 2259; x_wconf 84' lang='lat' dir='ltr'>ﬁeri</span> <span class='ocrx_word' id='word_1_135' title='bbox 1108 2203 1383 2259; x_wconf 87' lang='lat' dir='ltr'>omnibus</span> <span class='ocrx_word' id='word_1_136' title='bbox 1412 2210 1531 2258; x_wconf 85' lang='lat' dir='ltr'>tam</span> <span class='ocrx_word' id='word_1_137' title='bbox 1565 2203 1863 2276; x_wconf 69' lang='lat' dir='ltr'>praasenti-</span> 
     </span>
    </p>
   </div>
   <div class='ocr_carea' id='block_1_25' title="bbox 201 2292 1862 2370">
    <p class='ocr_par' dir='ltr' id='par_1_25' title="bbox 201 2292 1862 2370">
     <span class='ocr_line' id='line_1_25' title="bbox 201 2292 1862 2370; baseline -0.005 -15"><span class='ocrx_word' id='word_1_138' title='bbox 201 2300 313 2356; x_wconf 88' lang='lat' dir='ltr'>bus</span> <span class='ocrx_word' id='word_1_139' title='bbox 342 2313 534 2370; x_wconf 86' lang='lat' dir='ltr'>quam</span> <span class='ocrx_word' id='word_1_140' title='bbox 564 2295 800 2361; x_wconf 85' lang='lat' dir='ltr'>futuris,</span> <span class='ocrx_word' id='word_1_141' title='bbox 832 2293 1112 2366; x_wconf 87' lang='lat' dir='ltr'>quoniam</span> <span class='ocrx_word' id='word_1_142' title='bbox 1144 2292 1630 2348; x_wconf 83' lang='lat' dir='ltr'>consuetudinem</span> <span class='ocrx_word' id='word_1_143' title='bbox 1677 2292 1862 2358; x_wconf 80' lang='lat' dir='ltr'>illam,</span> 
     </span>
    </p>
   </div>
   <div class='ocr_carea' id='block_1_26' title="bbox 203 2380 1869 2461">
    <p class='ocr_par' dir='ltr' id='par_1_26' title="bbox 203 2380 1869 2461">
     <span class='ocr_line' id='line_1_26' title="bbox 203 2380 1869 2461; baseline -0.004 -18"><span class='ocrx_word' id='word_1_144' title='bbox 203 2403 383 2461; x_wconf 78' lang='lat' dir='ltr'>quam</span> <span class='ocrx_word' id='word_1_145' title='bbox 422 2390 670 2441; x_wconf 77' lang='lat' dir='ltr'>actenus</span> <span class='ocrx_word' id='word_1_146' title='bbox 698 2383 919 2455; x_wconf 85' lang='lat' dir='ltr'>injuste</span> <span class='ocrx_word' id='word_1_147' title='bbox 945 2382 1004 2436; x_wconf 92' lang='lat' dir='ltr'>in</span> <span class='ocrx_word' id='word_1_148' title='bbox 1037 2385 1191 2437; x_wconf 89' lang='lat' dir='ltr'>terra</span> <span class='ocrx_word' id='word_1_149' title='bbox 1237 2398 1369 2437; x_wconf 85' lang='lat' dir='ltr'>mea</span> <span class='ocrx_word' id='word_1_150' title='bbox 1413 2381 1596 2450; x_wconf 87' lang='lat' dir='ltr'>tenui,</span> <span class='ocrx_word' id='word_1_151' title='bbox 1648 2380 1869 2437; x_wconf 80' lang='lat' dir='ltr'>scilicet</span> 
     </span>
    </p>
   </div>
   <div class='ocr_carea' id='block_1_27' title="bbox 200 2470 1866 2547">
    <p class='ocr_par' dir='ltr' id='par_1_27' title="bbox 200 2470 1866 2547">
     <span class='ocr_line' id='line_1_27' title="bbox 200 2470 1866 2547; baseline -0.005 -14"><span class='ocrx_word' id='word_1_152' title='bbox 200 2475 481 2533; x_wconf 76' lang='lat' dir='ltr'>vetuendi</span> <span class='ocrx_word' id='word_1_153' title='bbox 513 2490 737 2547; x_wconf 87' lang='lat' dir='ltr'>pascua</span> <span class='ocrx_word' id='word_1_154' title='bbox 782 2472 989 2528; x_wconf 89' lang='lat' dir='ltr'>bestiis</span> <span class='ocrx_word' id='word_1_155' title='bbox 1038 2470 1236 2527; x_wconf 86' lang='lat' dir='ltr'>Sancti</span> <span class='ocrx_word' id='word_1_156' title='bbox 1286 2472 1439 2526; x_wconf 89' lang='lat' dir='ltr'>Petri</span> <span class='ocrx_word' id='word_1_157' title='bbox 1490 2471 1866 2541; x_wconf 89' lang='lat' dir='ltr'>Gisiacensis,</span> 
     </span>
    </p>
   </div>
   <div class='ocr_carea' id='block_1_28' title="bbox 205 2559 1865 2640">
    <p class='ocr_par' dir='ltr' id='par_1_28' title="bbox 205 2559 1865 2640">
     <span class='ocr_line' id='line_1_28' title="bbox 205 2559 1865 2640; baseline -0.004 -19"><span class='ocrx_word' id='word_1_158' title='bbox 205 2581 388 2640; x_wconf 82' lang='lat' dir='ltr'>quam</span> <span class='ocrx_word' id='word_1_159' title='bbox 440 2564 665 2635; x_wconf 84' lang='lat' dir='ltr'>injuste</span> <span class='ocrx_word' id='word_1_160' title='bbox 707 2562 999 2628; x_wconf 83' lang='lat' dir='ltr'>tenebam,</span> <span class='ocrx_word' id='word_1_161' title='bbox 1054 2578 1191 2617; x_wconf 91' lang='lat' dir='ltr'>cum</span> <span class='ocrx_word' id='word_1_162' title='bbox 1239 2578 1368 2618; x_wconf 87' lang='lat' dir='ltr'>meo</span> <span class='ocrx_word' id='word_1_163' title='bbox 1418 2561 1537 2617; x_wconf 81' lang='lat' dir='ltr'>filio</span> <span class='ocrx_word' id='word_1_164' title='bbox 1586 2559 1865 2626; x_wconf 87' lang='lat' dir='ltr'>Gualteri,</span> 
     </span>
    </p>
   </div>
   <div class='ocr_carea' id='block_1_29' title="bbox 204 2651 1868 2730">
    <p class='ocr_par' dir='ltr' id='par_1_29' title="bbox 204 2651 1868 2730">
     <span class='ocr_line' id='line_1_29' title="bbox 204 2651 1868 2730; baseline -0.004 -20"><span class='ocrx_word' id='word_1_165' title='bbox 204 2653 574 2730; x_wconf 71' lang='lat' dir='ltr'>praenomine</span> <span class='ocrx_word' id='word_1_166' title='bbox 604 2655 803 2707; x_wconf 87' lang='lat' dir='ltr'>autem</span> <span class='ocrx_word' id='word_1_167' title='bbox 853 2655 1184 2723; x_wconf 87' lang='lat' dir='ltr'>noncupato</span> <span class='ocrx_word' id='word_1_168' title='bbox 1234 2651 1485 2725; x_wconf 81' lang='lat' dir='ltr'>Pagano,</span> <span class='ocrx_word' id='word_1_169' title='bbox 1539 2651 1868 2707; x_wconf 83' lang='lat' dir='ltr'>astantibus</span> 
     </span>
    </p>
   </div>
   <div class='ocr_carea' id='block_1_30' title="bbox 204 2739 1869 2819">
    <p class='ocr_par' dir='ltr' id='par_1_30' title="bbox 204 2739 1869 2819">
     <span class='ocr_line' id='line_1_30' title="bbox 204 2739 1869 2819; baseline -0.004 -19"><span class='ocrx_word' id='word_1_170' title='bbox 204 2744 509 2819; x_wconf 85' lang='lat' dir='ltr'>plurimis,</span> <span class='ocrx_word' id='word_1_171' title='bbox 541 2745 678 2797; x_wconf 86' lang='lat' dir='ltr'>ante</span> <span class='ocrx_word' id='word_1_172' title='bbox 707 2740 889 2796; x_wconf 86' lang='lat' dir='ltr'>altare</span> <span class='ocrx_word' id='word_1_173' title='bbox 919 2740 1185 2812; x_wconf 88' lang='lat' dir='ltr'>ejusdem</span> <span class='ocrx_word' id='word_1_174' title='bbox 1225 2740 1420 2796; x_wconf 87' lang='lat' dir='ltr'>Sancti</span> <span class='ocrx_word' id='word_1_175' title='bbox 1470 2740 1621 2796; x_wconf 89' lang='lat' dir='ltr'>Petri</span> <span class='ocrx_word' id='word_1_176' title='bbox 1672 2739 1869 2795; x_wconf 83' lang='lat' dir='ltr'>Gesia-</span> 
     </span>
    </p>
   </div>
   <div class='ocr_carea' id='block_1_31' title="bbox 208 2830 1870 2903">
    <p class='ocr_par' dir='ltr' id='par_1_31' title="bbox 208 2830 1870 2903">
     <span class='ocr_line' id='line_1_31' title="bbox 208 2830 1870 2903; baseline -0.005 -11"><span class='ocrx_word' id='word_1_177' title='bbox 208 2833 370 2891; x_wconf 86' lang='lat' dir='ltr'>censi</span> <span class='ocrx_word' id='word_1_178' title='bbox 404 2831 640 2899; x_wconf 87' lang='lat' dir='ltr'>dimisi;</span> <span class='ocrx_word' id='word_1_179' title='bbox 674 2847 741 2887; x_wconf 87' lang='lat' dir='ltr'>ac</span> <span class='ocrx_word' id='word_1_180' title='bbox 770 2830 1149 2903; x_wconf 85' lang='lat' dir='ltr'>postmodum</span> <span class='ocrx_word' id='word_1_181' title='bbox 1194 2830 1540 2902; x_wconf 87' lang='lat' dir='ltr'>deprecatus</span> <span class='ocrx_word' id='word_1_182' title='bbox 1581 2847 1713 2885; x_wconf 91' lang='lat' dir='ltr'>sum</span> <span class='ocrx_word' id='word_1_183' title='bbox 1746 2845 1870 2884; x_wconf 91' lang='lat' dir='ltr'>mo-</span> 
     </span>
    </p>
   </div>
   <div class='ocr_carea' id='block_1_32' title="bbox 208 2918 1873 2993">
    <p class='ocr_par' dir='ltr' id='par_1_32' title="bbox 208 2918 1873 2993">
     <span class='ocr_line' id='line_1_32' title="bbox 208 2918 1873 2993; baseline -0.004 -13"><span class='ocrx_word' id='word_1_184' title='bbox 208 2922 438 2980; x_wconf 85' lang='lat' dir='ltr'>nachos</span> <span class='ocrx_word' id='word_1_185' title='bbox 468 2918 579 2976; x_wconf 92' lang='lat' dir='ltr'>loci</span> <span class='ocrx_word' id='word_1_186' title='bbox 599 2919 883 2993; x_wconf 88' lang='lat' dir='ltr'>ipsius,ut</span> <span class='ocrx_word' id='word_1_187' title='bbox 898 2918 1218 2975; x_wconf 88' lang='lat' dir='ltr'>Carnotum</span> <span class='ocrx_word' id='word_1_188' title='bbox 1240 2923 1543 2991; x_wconf 86' lang='lat' dir='ltr'>pergerent</span> <span class='ocrx_word' id='word_1_189' title='bbox 1557 2918 1873 2990; x_wconf 87' lang='lat' dir='ltr'>abbatique</span> 
     </span>
    </p>
   </div>
   <div class='ocr_carea' id='block_1_33' title="bbox 210 3006 1875 3075">
    <p class='ocr_par' dir='ltr' id='par_1_33' title="bbox 210 3006 1875 3075">
     <span class='ocr_line' id='line_1_33' title="bbox 210 3006 1875 3075; baseline -0.004 -7"><span class='ocrx_word' id='word_1_190' title='bbox 210 3009 562 3069; x_wconf 80' lang='lat' dir='ltr'>monasterii</span> <span class='ocrx_word' id='word_1_191' title='bbox 621 3008 819 3065; x_wconf 85' lang='lat' dir='ltr'>Sancti</span> <span class='ocrx_word' id='word_1_192' title='bbox 878 3007 1053 3075; x_wconf 89' lang='lat' dir='ltr'>Petri,</span> <span class='ocrx_word' id='word_1_193' title='bbox 1126 3006 1395 3063; x_wconf 85' lang='lat' dir='ltr'>videlicet</span> <span class='ocrx_word' id='word_1_194' title='bbox 1459 3006 1760 3074; x_wconf 88' lang='lat' dir='ltr'>Landrico,</span> <span class='ocrx_word' id='word_1_195' title='bbox 1819 3010 1875 3062; x_wconf 87' lang='lat' dir='ltr'>et</span> 
     </span>
    </p>
   </div>
   <div class='ocr_carea' id='block_1_34' title="bbox 214 3095 1875 3169">
    <p class='ocr_par' dir='ltr' id='par_1_34' title="bbox 214 3095 1875 3169">
     <span class='ocr_line' id='line_1_34' title="bbox 214 3095 1875 3169; baseline -0.004 -11"><span class='ocrx_word' id='word_1_196' title='bbox 214 3100 500 3159; x_wconf 88' lang='lat' dir='ltr'>omnibus</span> <span class='ocrx_word' id='word_1_197' title='bbox 535 3098 812 3154; x_wconf 80' lang='lat' dir='ltr'>fratribus</span> <span class='ocrx_word' id='word_1_198' title='bbox 844 3096 1121 3165; x_wconf 89' lang='lat' dir='ltr'>dicerent,</span> <span class='ocrx_word' id='word_1_199' title='bbox 1149 3100 1438 3169; x_wconf 86' lang='lat' dir='ltr'>quatenus</span> <span class='ocrx_word' id='word_1_200' title='bbox 1468 3096 1614 3152; x_wconf 89' lang='lat' dir='ltr'>mihi</span> <span class='ocrx_word' id='word_1_201' title='bbox 1647 3095 1875 3151; x_wconf 89' lang='lat' dir='ltr'>absolu-</span> 
     </span>
    </p>
   </div>
   <div class='ocr_carea' id='block_1_35' title="bbox 213 3178 1948 3260">
    <p class='ocr_par' dir='ltr' id='par_1_35' title="bbox 213 3178 1948 3260">
     <span class='ocr_line' id='line_1_35' title="bbox 213 3178 1948 3260; baseline -0.004 -14"><span class='ocrx_word' id='word_1_202' title='bbox 213 3191 464 3260; x_wconf 86' lang='lat' dir='ltr'>tionem,</span> <span class='ocrx_word' id='word_1_203' title='bbox 497 3187 571 3242; x_wconf 89' lang='lat' dir='ltr'>de</span> <span class='ocrx_word' id='word_1_204' title='bbox 598 3203 668 3243; x_wconf 89' lang='lat' dir='ltr'>eo</span> <span class='ocrx_word' id='word_1_205' title='bbox 697 3185 851 3259; x_wconf 90' lang='lat' dir='ltr'>quod</span> <span class='ocrx_word' id='word_1_206' title='bbox 882 3202 985 3257; x_wconf 89' lang='lat' dir='ltr'>per</span> <span class='ocrx_word' id='word_1_207' title='bbox 1012 3190 1134 3240; x_wconf 87' lang='lat' dir='ltr'>tam</span> <span class='ocrx_word' id='word_1_208' title='bbox 1164 3185 1407 3259; x_wconf 86' lang='lat' dir='ltr'>longum</span> <span class='ocrx_word' id='word_1_209' title='bbox 1438 3185 1720 3257; x_wconf 89' lang='lat' dir='ltr'>temporis</span> <span class='ocrx_word' id='word_1_210' title='bbox 1750 3201 1876 3256; x_wconf 87' lang='lat' dir='ltr'>spa—</span> <span class='ocrx_word' id='word_1_211' title='bbox 1906 3178 1948 3244; x_wconf 86' lang='lat' dir='ltr'>C</span> 
     </span>
    </p>
   </div>
   <div class='ocr_carea' id='block_1_36' title="bbox 219 3274 1880 3350">
    <p class='ocr_par' dir='ltr' id='par_1_36' title="bbox 219 3274 1880 3350">
     <span class='ocr_line' id='line_1_36' title="bbox 219 3274 1880 3350; baseline -0.005 -14"><span class='ocrx_word' id='word_1_212' title='bbox 219 3280 378 3336; x_wconf 87' lang='lat' dir='ltr'>cium</span> <span class='ocrx_word' id='word_1_213' title='bbox 414 3278 609 3350; x_wconf 80' lang='lat' dir='ltr'>ipsam</span> <span class='ocrx_word' id='word_1_214' title='bbox 639 3274 1124 3331; x_wconf 81' lang='lat' dir='ltr'>consuetudinem</span> <span class='ocrx_word' id='word_1_215' title='bbox 1155 3274 1375 3345; x_wconf 87' lang='lat' dir='ltr'>injuste</span> <span class='ocrx_word' id='word_1_216' title='bbox 1427 3278 1751 3340; x_wconf 88' lang='lat' dir='ltr'>tenueram,</span> <span class='ocrx_word' id='word_1_217' title='bbox 1784 3274 1880 3328; x_wconf 86' lang='lat' dir='ltr'>da-</span> 
     </span>
    </p>
   </div>
   <div class='ocr_carea' id='block_1_37' title="bbox 220 3361 1880 3439">
    <p class='ocr_par' dir='ltr' id='par_1_37' title="bbox 220 3361 1880 3439">
     <span class='ocr_line' id='line_1_37' title="bbox 220 3361 1880 3439; baseline -0.005 -14"><span class='ocrx_word' id='word_1_218' title='bbox 220 3372 373 3439; x_wconf 83' lang='lat' dir='ltr'>rent,</span> <span class='ocrx_word' id='word_1_219' title='bbox 421 3365 588 3432; x_wconf 88' lang='lat' dir='ltr'>Quod</span> <span class='ocrx_word' id='word_1_220' title='bbox 632 3363 842 3420; x_wconf 89' lang='lat' dir='ltr'>libenti</span> <span class='ocrx_word' id='word_1_221' title='bbox 884 3363 1080 3419; x_wconf 88' lang='lat' dir='ltr'>animo</span> <span class='ocrx_word' id='word_1_222' title='bbox 1131 3362 1613 3435; x_wconf 87' lang='lat' dir='ltr'>adimpleverunt.</span> <span class='ocrx_word' id='word_1_223' title='bbox 1647 3363 1708 3418; x_wconf 88' lang='lat' dir='ltr'>Si</span> <span class='ocrx_word' id='word_1_224' title='bbox 1747 3361 1880 3435; x_wconf 89' lang='lat' dir='ltr'>quis</span> 
     </span>
    </p>
   </div>
   <div class='ocr_carea' id='block_1_38' title="bbox 215 3451 1881 3520">
    <p class='ocr_par' dir='ltr' id='par_1_38' title="bbox 215 3451 1881 3520">
     <span class='ocr_line' id='line_1_38' title="bbox 215 3451 1881 3520; baseline -0.004 -7"><span class='ocrx_word' id='word_1_225' title='bbox 215 3472 352 3513; x_wconf 80' lang='lat' dir='ltr'>vero</span> <span class='ocrx_word' id='word_1_226' title='bbox 384 3455 545 3512; x_wconf 89' lang='lat' dir='ltr'>hanc</span> <span class='ocrx_word' id='word_1_227' title='bbox 574 3452 1061 3509; x_wconf 86' lang='lat' dir='ltr'>consuetudinem</span> <span class='ocrx_word' id='word_1_228' title='bbox 1092 3452 1303 3507; x_wconf 89' lang='lat' dir='ltr'>iterare</span> <span class='ocrx_word' id='word_1_229' title='bbox 1343 3451 1612 3520; x_wconf 87' lang='lat' dir='ltr'>voluerit,</span> <span class='ocrx_word' id='word_1_230' title='bbox 1647 3452 1881 3507; x_wconf 84' lang='lat' dir='ltr'>anathe-</span> 
     </span>
    </p>
   </div>
   <div class='ocr_carea' id='block_1_39' title="bbox 216 3540 1880 3615">
    <p class='ocr_par' dir='ltr' id='par_1_39' title="bbox 216 3540 1880 3615">
     <span class='ocr_line' id='line_1_39' title="bbox 216 3540 1880 3615; baseline -0.005 -12"><span class='ocrx_word' id='word_1_231' title='bbox 216 3545 542 3603; x_wconf 80' lang='lat' dir='ltr'>matizatus</span> <span class='ocrx_word' id='word_1_232' title='bbox 571 3544 747 3615; x_wconf 86' lang='lat' dir='ltr'>atque</span> <span class='ocrx_word' id='word_1_233' title='bbox 775 3541 1073 3597; x_wconf 89' lang='lat' dir='ltr'>convictus</span> <span class='ocrx_word' id='word_1_234' title='bbox 1121 3540 1371 3596; x_wconf 88' lang='lat' dir='ltr'>testibus</span> <span class='ocrx_word' id='word_1_235' title='bbox 1400 3540 1459 3596; x_wconf 88' lang='lat' dir='ltr'>in</span> <span class='ocrx_word' id='word_1_236' title='bbox 1494 3541 1880 3613; x_wconf 88' lang='lat' dir='ltr'>perditionem</span> 
     </span>
    </p>
   </div>
   <div class='ocr_carea' id='block_1_40' title="bbox 213 3629 1879 3708">
    <p class='ocr_par' dir='ltr' id='par_1_40' title="bbox 213 3629 1879 3708">
     <span class='ocr_line' id='line_1_40' title="bbox 213 3629 1879 3708; baseline -0.006 -14"><span class='ocrx_word' id='word_1_237' title='bbox 213 3641 327 3708; x_wconf 74' lang='lat' dir='ltr'>est,</span> <span class='ocrx_word' id='word_1_238' title='bbox 343 3651 489 3693; x_wconf 88' lang='lat' dir='ltr'>cum</span> <span class='ocrx_word' id='word_1_239' title='bbox 519 3635 690 3689; x_wconf 88' lang='lat' dir='ltr'>Anna</span> <span class='ocrx_word' id='word_1_240' title='bbox 716 3636 776 3687; x_wconf 89' lang='lat' dir='ltr'>et</span> <span class='ocrx_word' id='word_1_241' title='bbox 803 3630 1137 3704; x_wconf 79' lang='lat' dir='ltr'>Caypha.Ut</span> <span class='ocrx_word' id='word_1_242' title='bbox 1167 3635 1360 3686; x_wconf 88' lang='lat' dir='ltr'>autem</span> <span class='ocrx_word' id='word_1_243' title='bbox 1394 3630 1517 3685; x_wconf 84' lang='lat' dir='ltr'>haec</span> <span class='ocrx_word' id='word_1_244' title='bbox 1547 3629 1771 3685; x_wconf 87' lang='lat' dir='ltr'>cartula</span> <span class='ocrx_word' id='word_1_245' title='bbox 1791 3629 1879 3684; x_wconf 90' lang='lat' dir='ltr'>in-</span> 
     </span>
    </p>
   </div>
   <div class='ocr_carea' id='block_1_41' title="bbox 210 3718 1881 3792">
    <p class='ocr_par' dir='ltr' id='par_1_41' title="bbox 210 3718 1881 3792">
     <span class='ocr_line' id='line_1_41' title="bbox 210 3718 1881 3792; baseline -0.005 -10"><span class='ocrx_word' id='word_1_246' title='bbox 210 3723 516 3783; x_wconf 84' lang='lat' dir='ltr'>violabilis</span> <span class='ocrx_word' id='word_1_247' title='bbox 545 3720 852 3786; x_wconf 81' lang='lat' dir='ltr'>consistat,</span> <span class='ocrx_word' id='word_1_248' title='bbox 883 3723 1019 3775; x_wconf 86' lang='lat' dir='ltr'>ante</span> <span class='ocrx_word' id='word_1_249' title='bbox 1057 3718 1255 3792; x_wconf 90' lang='lat' dir='ltr'>ipsum</span> <span class='ocrx_word' id='word_1_250' title='bbox 1304 3719 1507 3786; x_wconf 87' lang='lat' dir='ltr'>altare,</span> <span class='ocrx_word' id='word_1_251' title='bbox 1542 3736 1666 3774; x_wconf 88' lang='lat' dir='ltr'>mea</span> <span class='ocrx_word' id='word_1_252' title='bbox 1702 3735 1881 3774; x_wconf 90' lang='lat' dir='ltr'>manu</span> 
     </span>
    </p>
   </div>
   <div class='ocr_carea' id='block_1_42' title="bbox 212 3808 1881 3881">
    <p class='ocr_par' dir='ltr' id='par_1_42' title="bbox 212 3808 1881 3881">
     <span class='ocr_line' id='line_1_42' title="bbox 212 3808 1881 3881; baseline -0.005 -9"><span class='ocrx_word' id='word_1_253' title='bbox 212 3820 272 3872; x_wconf 85' lang='lat' dir='ltr'>et</span> <span class='ocrx_word' id='word_1_254' title='bbox 300 3831 493 3871; x_wconf 86' lang='lat' dir='ltr'>manu</span> <span class='ocrx_word' id='word_1_255' title='bbox 542 3811 649 3867; x_wconf 80' lang='lat' dir='ltr'>ﬁlii</span> <span class='ocrx_word' id='word_1_256' title='bbox 690 3810 807 3866; x_wconf 89' lang='lat' dir='ltr'>mei</span> <span class='ocrx_word' id='word_1_257' title='bbox 856 3808 1343 3881; x_wconf 81' lang='lat' dir='ltr'>supranominati,</span> <span class='ocrx_word' id='word_1_258' title='bbox 1380 3808 1624 3875; x_wconf 83' lang='lat' dir='ltr'>ﬁrmavi,</span> <span class='ocrx_word' id='word_1_259' title='bbox 1684 3825 1881 3864; x_wconf 87' lang='lat' dir='ltr'>coram</span> 
     </span>
    </p>
   </div>
   <div class='ocr_carea' id='block_1_43' title="bbox 214 3897 1887 3975">
    <p class='ocr_par' dir='ltr' id='par_1_43' title="bbox 214 3897 1887 3975">
     <span class='ocr_line' id='line_1_43' title="bbox 214 3897 1887 3975; baseline -0.005 -14"><span class='ocrx_word' id='word_1_260' title='bbox 214 3902 578 3975; x_wconf 79' lang='lat' dir='ltr'>subscriptis</span> <span class='ocrx_word' id='word_1_261' title='bbox 592 3900 858 3957; x_wconf 60' lang='lat' dir='ltr'>testibus</span> <span class='ocrx_word' id='word_1_262' title='bbox 889 3915 904 3953; x_wconf 87' lang='lat'>:</span> <span class='ocrx_word' id='word_1_263' title='bbox 935 3897 1234 3954; x_wconf 88' lang='lat' dir='ltr'>Johannes</span> <span class='ocrx_word' id='word_1_264' title='bbox 1265 3898 1635 3969; x_wconf 71' lang='lat' dir='ltr'>praapositus,</span> <span class='ocrx_word' id='word_1_265' title='bbox 1670 3897 1887 3953; x_wconf 86' lang='lat' dir='ltr'>AdeleI-</span> 
     </span>
    </p>
   </div>
   <div class='ocr_carea' id='block_1_44' title="bbox 214 3985 1878 4057">
    <p class='ocr_par' dir='ltr' id='par_1_44' title="bbox 214 3985 1878 4057">
     <span class='ocr_line' id='line_1_44' title="bbox 214 3985 1878 4057; baseline -0.004 -8"><span class='ocrx_word' id='word_1_266' title='bbox 214 4010 354 4048; x_wconf 82' lang='lat' dir='ltr'>mus</span> <span class='ocrx_word' id='word_1_267' title='bbox 386 3993 465 4046; x_wconf 89' lang='lat' dir='ltr'>de</span> <span class='ocrx_word' id='word_1_268' title='bbox 497 3989 716 4057; x_wconf 83' lang='lat' dir='ltr'>Feluix,</span> <span class='ocrx_word' id='word_1_269' title='bbox 743 3989 867 4045; x_wconf 92' lang='lat' dir='ltr'>Odo</span> <span class='ocrx_word' id='word_1_270' title='bbox 896 3988 968 4043; x_wconf 90' lang='lat' dir='ltr'>de</span> <span class='ocrx_word' id='word_1_271' title='bbox 1000 3987 1195 4042; x_wconf 85' lang='lat' dir='ltr'>Monte</span> <span class='ocrx_word' id='word_1_272' title='bbox 1225 3986 1522 4041; x_wconf 89' lang='lat' dir='ltr'>Morentii:</span> <span class='ocrx_word' id='word_1_273' title='bbox 1557 3985 1878 4055; x_wconf 88' lang='lat' dir='ltr'>Teduinus,</span> 
     </span>
    </p>
   </div>
   <div class='ocr_carea' id='block_1_45' title="bbox 217 4073 1883 4146">
    <p class='ocr_par' dir='ltr' id='par_1_45' title="bbox 217 4073 1883 4146">
     <span class='ocr_line' id='line_1_45' title="bbox 217 4073 1883 4146; baseline -0.004 -10"><span class='ocrx_word' id='word_1_274' title='bbox 217 4080 381 4136; x_wconf 81' lang='lat' dir='ltr'>ﬁlius</span> <span class='ocrx_word' id='word_1_275' title='bbox 410 4078 678 4146; x_wconf 85' lang='lat' dir='ltr'>Viviani;</span> <span class='ocrx_word' id='word_1_276' title='bbox 718 4076 1031 4133; x_wconf 85' lang='lat' dir='ltr'>Walterius</span> <span class='ocrx_word' id='word_1_277' title='bbox 1062 4076 1135 4131; x_wconf 91' lang='lat' dir='ltr'>de</span> <span class='ocrx_word' id='word_1_278' title='bbox 1163 4073 1688 4141; x_wconf 83' lang='lat' dir='ltr'>Aneis,Rainaldus</span> <span class='ocrx_word' id='word_1_279' title='bbox 1719 4091 1883 4130; x_wconf 85' lang='lat' dir='ltr'>sene-</span> 
     </span>
    </p>
   </div>
   <div class='ocr_carea' id='block_1_46' title="bbox 218 4163 1883 4231">
    <p class='ocr_par' dir='ltr' id='par_1_46' title="bbox 218 4163 1883 4231">
     <span class='ocr_line' id='line_1_46' title="bbox 218 4163 1883 4231; baseline -0.004 -5"><span class='ocrx_word' id='word_1_280' title='bbox 218 4168 480 4226; x_wconf 78' lang='lat' dir='ltr'>scalcus.</span> <span class='ocrx_word' id='word_1_281' title='bbox 511 4166 597 4223; x_wconf 82' lang='lat' dir='ltr'><strong>Ex</strong></span> <span class='ocrx_word' id='word_1_282' title='bbox 625 4166 844 4222; x_wconf 83' lang='lat' dir='ltr'>nostris</span> <span class='ocrx_word' id='word_1_283' title='bbox 879 4183 891 4222; x_wconf 89' lang='lat'>:</span> <span class='ocrx_word' id='word_1_284' title='bbox 928 4165 1278 4222; x_wconf 85' lang='lat' dir='ltr'>Gausfridus</span> <span class='ocrx_word' id='word_1_285' title='bbox 1328 4164 1582 4231; x_wconf 89' lang='lat' dir='ltr'>Bicotus,</span> <span class='ocrx_word' id='word_1_286' title='bbox 1618 4163 1883 4219; x_wconf 90' lang='lat' dir='ltr'>Oduinus</span> 
     </span>
    </p>
   </div>
   <div class='ocr_carea' id='block_1_47' title="bbox 222 4251 1881 4329">
    <p class='ocr_par' dir='ltr' id='par_1_47' title="bbox 222 4251 1881 4329">
     <span class='ocr_line' id='line_1_47' title="bbox 222 4251 1881 4329; baseline -0.003 -16"><span class='ocrx_word' id='word_1_287' title='bbox 222 4259 449 4329; x_wconf 79' lang='lat' dir='ltr'>major;</span> <span class='ocrx_word' id='word_1_288' title='bbox 511 4255 633 4311; x_wconf 88' lang='lat' dir='ltr'>Odo</span> <span class='ocrx_word' id='word_1_289' title='bbox 691 4261 750 4310; x_wconf 91' lang='lat' dir='ltr'>et</span> <span class='ocrx_word' id='word_1_290' title='bbox 821 4255 1174 4322; x_wconf 87' lang='lat' dir='ltr'>Bernardus,</span> <span class='ocrx_word' id='word_1_291' title='bbox 1235 4254 1473 4321; x_wconf 85' lang='lat' dir='ltr'>fratres;</span> <span class='ocrx_word' id='word_1_292' title='bbox 1535 4251 1881 4321; x_wconf 90' lang='lat' dir='ltr'>Brunellus;</span> 
     </span>
    </p>
   </div>
   <div class='ocr_carea' id='block_1_48' title="bbox 224 4342 1882 4419">
    <p class='ocr_par' dir='ltr' id='par_1_48' title="bbox 224 4342 1882 4419">
     <span class='ocr_line' id='line_1_48' title="bbox 224 4342 1882 4419; baseline -0.003 -16"><span class='ocrx_word' id='word_1_293' title='bbox 224 4346 590 4419; x_wconf 84' lang='lat' dir='ltr'>Stephanus,</span> <span class='ocrx_word' id='word_1_294' title='bbox 624 4343 780 4399; x_wconf 82' lang='lat' dir='ltr'>ﬁlius</span> <span class='ocrx_word' id='word_1_295' title='bbox 806 4342 1100 4411; x_wconf 87' lang='lat' dir='ltr'>Aitrudis;</span> <span class='ocrx_word' id='word_1_296' title='bbox 1137 4342 1457 4410; x_wconf 82' lang='lat' dir='ltr'>Huboldus,</span> <span class='ocrx_word' id='word_1_297' title='bbox 1503 4342 1882 4409; x_wconf 88' lang='lat' dir='ltr'>Gislebertus,</span> 
     </span>
    </p>
   </div>
   <div class='ocr_carea' id='block_1_49' title="bbox 226 4430 1886 4503">
    <p class='ocr_par' dir='ltr' id='par_1_49' title="bbox 226 4430 1886 4503">
     <span class='ocr_line' id='line_1_49' title="bbox 226 4430 1886 4503; baseline -0.004 -11"><span class='ocrx_word' id='word_1_298' title='bbox 226 4433 935 4501; x_wconf 62' lang='lat' dir='ltr'>Berneriusﬁausbertus</span> <span class='ocrx_word' id='word_1_299' title='bbox 963 4430 1167 4503; x_wconf 89' lang='lat' dir='ltr'>pistor,</span> <span class='ocrx_word' id='word_1_300' title='bbox 1204 4431 1515 4487; x_wconf 88' lang='lat' dir='ltr'>llerbertus</span> <span class='ocrx_word' id='word_1_301' title='bbox 1541 4431 1742 4503; x_wconf 89' lang='lat' dir='ltr'>pistor,</span> <span class='ocrx_word' id='word_1_302' title='bbox 1755 4433 1886 4488; x_wconf 85' lang='lat' dir='ltr'>Her-</span> 
     </span>
    </p>
   </div>
   <div class='ocr_carea' id='block_1_50' title="bbox 224 4519 1963 4618">
    <p class='ocr_par' dir='ltr' id='par_1_50' title="bbox 224 4519 1963 4618">
     <span class='ocr_line' id='line_1_50' title="bbox 224 4519 1963 4618; baseline -0.001 -39"><span class='ocrx_word' id='word_1_303' title='bbox 224 4521 471 4580; x_wconf 82' lang='lat' dir='ltr'>belinus</span> <span class='ocrx_word' id='word_1_304' title='bbox 496 4523 570 4577; x_wconf 91' lang='lat' dir='ltr'>de</span> <span class='ocrx_word' id='word_1_305' title='bbox 598 4521 781 4593; x_wconf 82' lang='lat' dir='ltr'>Rupe,</span> <span class='ocrx_word' id='word_1_306' title='bbox 818 4519 1196 4585; x_wconf 88' lang='lat' dir='ltr'>Guarnerius,</span> <span class='ocrx_word' id='word_1_307' title='bbox 1230 4519 1644 4586; x_wconf 84' lang='lat' dir='ltr'>Constantius;</span> <span class='ocrx_word' id='word_1_308' title='bbox 1678 4522 1884 4577; x_wconf 82' lang='lat' dir='ltr'>Rosce-</span> <span class='ocrx_word' id='word_1_309' title='bbox 1920 4554 1963 4618; x_wconf 62' lang='grc' dir='ltr'><strong>Β</strong></span> 
     </span>
    </p>
   </div>
   <div class='ocr_carea' id='block_1_51' title="bbox 222 4607 1885 4682">
    <p class='ocr_par' dir='ltr' id='par_1_51' title="bbox 222 4607 1885 4682">
     <span class='ocr_line' id='line_1_51' title="bbox 222 4607 1885 4682; baseline -0.002 -15"><span class='ocrx_word' id='word_1_310' title='bbox 222 4610 415 4679; x_wconf 85' lang='lat' dir='ltr'>linus,</span> <span class='ocrx_word' id='word_1_311' title='bbox 464 4609 823 4682; x_wconf 68' lang='lat' dir='ltr'>praenomine</span> <span class='ocrx_word' id='word_1_312' title='bbox 851 4608 1152 4681; x_wconf 85' lang='lat' dir='ltr'>Equulus;</span> <span class='ocrx_word' id='word_1_313' title='bbox 1183 4607 1506 4677; x_wconf 87' lang='lat' dir='ltr'>Teduinus,</span> <span class='ocrx_word' id='word_1_314' title='bbox 1541 4608 1699 4664; x_wconf 86' lang='lat' dir='ltr'>ﬁlius</span> <span class='ocrx_word' id='word_1_315' title='bbox 1730 4610 1885 4665; x_wconf 87' lang='lat' dir='ltr'>Rod-</span> 
     </span>
    </p>
   </div>
   <div class='ocr_carea' id='block_1_52' title="bbox 226 4694 1268 4769">
    <p class='ocr_par' dir='ltr' id='par_1_52' title="bbox 226 4694 1268 4769">
     <span class='ocr_line' id='line_1_52' title="bbox 226 4694 1268 4769; baseline -0.01 -13"><span class='ocrx_word' id='word_1_316' title='bbox 226 4699 414 4769; x_wconf 84' lang='lat' dir='ltr'>berti;</span> <span class='ocrx_word' id='word_1_317' title='bbox 449 4697 747 4766; x_wconf 82' lang='lat' dir='ltr'>Ernult‘us,</span> <span class='ocrx_word' id='word_1_318' title='bbox 777 4697 938 4753; x_wconf 81' lang='lat' dir='ltr'>ﬁlius</span> <span class='ocrx_word' id='word_1_319' title='bbox 969 4694 1203 4752; x_wconf 90' lang='lat' dir='ltr'>Oduini.</span> <span class='ocrx_word' id='word_1_320' title='bbox 1238 4717 1268 4745; x_wconf 84' lang='lat'>»</span> 
     </span>
    </p>
   </div>
   <div class='ocr_carea' id='block_1_53' title="bbox 773 4784 1342 4842">
    <p class='ocr_par' dir='ltr' id='par_1_53' title="bbox 773 4784 1342 4842">
     <span class='ocr_line' id='line_1_53' title="bbox 773 4784 1342 4842; baseline -0.004 0"><span class='ocrx_word' id='word_1_321' title='bbox 773 4784 1031 4842; x_wconf 82' lang='lat' dir='ltr'>CAPITU</span> <span class='ocrx_word' id='word_1_322' title='bbox 1041 4785 1185 4842; x_wconf 71' lang='lat' dir='ltr'>LUM</span> <span class='ocrx_word' id='word_1_323' title='bbox 1226 4784 1342 4840; x_wconf 91' lang='lat' dir='ltr'>LII.</span> 
     </span>
    </p>
   </div>
   <div class='ocr_carea' id='block_1_54' title="bbox 654 4874 1469 4932">
    <p class='ocr_par' dir='ltr' id='par_1_54' title="bbox 654 4874 1469 4932">
     <span class='ocr_line' id='line_1_54' title="bbox 654 4874 1469 4932; baseline -0.002 -1"><span class='ocrx_word' id='word_1_324' title='bbox 654 4877 729 4931; x_wconf 70' lang='lat' dir='ltr'>De</span> <span class='ocrx_word' id='word_1_325' title='bbox 755 4874 962 4932; x_wconf 78' lang='lat' dir='ltr'>teloneo</span> <span class='ocrx_word' id='word_1_326' title='bbox 993 4874 1255 4930; x_wconf 79' lang='lat' dir='ltr'>Vcrnonis</span> <span class='ocrx_word' id='word_1_327' title='bbox 1283 4876 1469 4930; x_wconf 62' lang='lat' dir='ltr'>castri.</span> 
     </span>
    </p>
   </div>
   <div class='ocr_carea' id='block_1_55' title="bbox 831 4963 1309 5033">
    <p class='ocr_par' dir='ltr' id='par_1_55' title="bbox 831 4963 1309 5033">
     <span class='ocr_line' id='line_1_55' title="bbox 831 4963 1309 5033; baseline -0.004 -15"><span class='ocrx_word' id='word_1_328' title='bbox 831 4964 1002 5033; x_wconf 86' lang='lat' dir='ltr'>(Ante</span> <span class='ocrx_word' id='word_1_329' title='bbox 1032 4979 1086 5018; x_wconf 84' lang='lat' dir='ltr'>a.</span> <span class='ocrx_word' id='word_1_330' title='bbox 1122 4963 1309 5031; x_wconf 89' lang='grc'>1061.)</span> 
     </span>
    </p>
   </div>
   <div class='ocr_carea' id='block_1_56' title="bbox 309 5051 1891 5111">
    <p class='ocr_par' dir='ltr' id='par_1_56' title="bbox 309 5051 1891 5111">
     <span class='ocr_line' id='line_1_56' title="bbox 309 5051 1891 5111; baseline 0.002 -5"><span class='ocrx_word' id='word_1_331' title='bbox 309 5073 341 5106; x_wconf 75' lang='grc' dir='ltr'>α</span> <span class='ocrx_word' id='word_1_332' title='bbox 369 5053 440 5111; x_wconf 90' lang='lat' dir='ltr'><strong>In</strong></span> <span class='ocrx_word' id='word_1_333' title='bbox 471 5051 575 5109; x_wconf 89' lang='lat' dir='ltr'>Dei</span> <span class='ocrx_word' id='word_1_334' title='bbox 604 5052 861 5109; x_wconf 88' lang='lat' dir='ltr'>nomine.</span> <span class='ocrx_word' id='word_1_335' title='bbox 894 5051 1110 5108; x_wconf 88' lang='lat' dir='ltr'>Notum</span> <span class='ocrx_word' id='word_1_336' title='bbox 1140 5067 1270 5107; x_wconf 88' lang='lat' dir='ltr'>esse</span> <span class='ocrx_word' id='word_1_337' title='bbox 1296 5051 1569 5108; x_wconf 89' lang='lat' dir='ltr'>volumus</span> <span class='ocrx_word' id='word_1_338' title='bbox 1616 5054 1891 5110; x_wconf 89' lang='lat' dir='ltr'>omnibus</span> 
     </span>
    </p>
   </div>
   <div class='ocr_carea' id='block_1_57' title="bbox 232 5138 1890 5216">
    <p class='ocr_par' dir='ltr' id='par_1_57' title="bbox 232 5138 1890 5216">
     <span class='ocr_line' id='line_1_57' title="bbox 232 5138 1890 5216; baseline -0.001 -16"><span class='ocrx_word' id='word_1_339' title='bbox 232 5138 625 5210; x_wconf 74' lang='lat' dir='ltr'>Christicolis,</span> <span class='ocrx_word' id='word_1_340' title='bbox 663 5145 785 5199; x_wconf 78' lang='lat' dir='ltr'>tam</span> <span class='ocrx_word' id='word_1_341' title='bbox 836 5139 1225 5213; x_wconf 66' lang='lat' dir='ltr'>praesentibus</span> <span class='ocrx_word' id='word_1_342' title='bbox 1273 5156 1449 5213; x_wconf 89' lang='lat' dir='ltr'>quam</span> <span class='ocrx_word' id='word_1_343' title='bbox 1498 5141 1730 5210; x_wconf 83' lang='lat' dir='ltr'>futuris,</span> <span class='ocrx_word' id='word_1_344' title='bbox 1785 5160 1890 5216; x_wconf 85' lang='lat' dir='ltr'>ego</span> 
     </span>
    </p>
   </div>
   <div class='ocr_carea' id='block_1_58' title="bbox 233 5228 1891 5305">
    <p class='ocr_par' dir='ltr' id='par_1_58' title="bbox 233 5228 1891 5305">
     <span class='ocr_line' id='line_1_58' title="bbox 233 5228 1891 5305; baseline 0.001 -18"><span class='ocrx_word' id='word_1_345' title='bbox 233 5231 408 5305; x_wconf 80' lang='lat' dir='ltr'>Bugo</span> <span class='ocrx_word' id='word_1_346' title='bbox 439 5229 787 5298; x_wconf 85' lang='lat' dir='ltr'>monachus,</span> <span class='ocrx_word' id='word_1_347' title='bbox 834 5245 971 5286; x_wconf 90' lang='lat' dir='ltr'>cum</span> <span class='ocrx_word' id='word_1_348' title='bbox 1016 5228 1139 5284; x_wconf 84' lang='lat' dir='ltr'>filio</span> <span class='ocrx_word' id='word_1_349' title='bbox 1183 5244 1311 5284; x_wconf 89' lang='lat' dir='ltr'>meo</span> <span class='ocrx_word' id='word_1_350' title='bbox 1359 5228 1654 5286; x_wconf 86' lang='lat' dir='ltr'>Willelmo</span> <span class='ocrx_word' id='word_1_351' title='bbox 1701 5231 1891 5288; x_wconf 88' lang='lat' dir='ltr'>adhuc</span> 
     </span>
    </p>
   </div>
   <div class='ocr_carea' id='block_1_59' title="bbox 230 5315 1890 5394">
    <p class='ocr_par' dir='ltr' id='par_1_59' title="bbox 230 5315 1890 5394">
     <span class='ocr_line' id='line_1_59' title="bbox 230 5315 1890 5394; baseline -0.001 -16"><span class='ocrx_word' id='word_1_352' title='bbox 230 5318 508 5394; x_wconf 79' lang='lat' dir='ltr'>puerulo,</span> <span class='ocrx_word' id='word_1_353' title='bbox 538 5319 696 5392; x_wconf 82' lang='lat' dir='ltr'>quia,</span> <span class='ocrx_word' id='word_1_354' title='bbox 728 5334 835 5392; x_wconf 89' lang='lat' dir='ltr'>pro</span> <span class='ocrx_word' id='word_1_355' title='bbox 880 5318 1139 5375; x_wconf 86' lang='lat' dir='ltr'>remedio</span> <span class='ocrx_word' id='word_1_356' title='bbox 1187 5315 1519 5373; x_wconf 88' lang='lat' dir='ltr'>animarum</span> <span class='ocrx_word' id='word_1_357' title='bbox 1558 5324 1890 5376; x_wconf 89' lang='lat' dir='ltr'>nostrarum</span> 
     </span>
    </p>
   </div>
   <div class='ocr_carea' id='block_1_60' title="bbox 330 5514 996 5584">
    <p class='ocr_par' dir='ltr' id='par_1_60' title="bbox 330 5514 996 5584">
     <span class='ocr_line' id='line_1_60' title="bbox 330 5514 996 5584; baseline -0.002 -12"><span class='ocrx_word' id='word_1_358' title='bbox 330 5516 459 5584; x_wconf 70' lang='lat'>493)</span> <span class='ocrx_word' id='word_1_359' title='bbox 491 5514 791 5572; x_wconf 89' lang='lat' dir='ltr'>Omissum</span> <span class='ocrx_word' id='word_1_360' title='bbox 819 5516 996 5571; x_wconf 74' lang='lat' dir='ltr'>crucis</span> 
     </span>
    </p>
   </div>
   <div class='ocr_carea' id='block_1_61' title="bbox 1888 1805 1936 1871">
    <p class='ocr_par' dir='ltr' id='par_1_61' title="bbox 1888 1805 1936 1871">
     <span class='ocr_line' id='line_1_61' title="bbox 1888 1805 1936 1871; baseline 0 0"><span class='ocrx_word' id='word_1_361' title='bbox 1888 1805 1936 1871; x_wconf 92' lang='lat' dir='ltr'><strong>B</strong></span> 
     </span>
    </p>
   </div>
   <div class='ocr_carea' id='block_1_62' title="bbox 1954 511 3599 585">
    <p class='ocr_par' dir='ltr' id='par_1_62' title="bbox 1954 511 3599 585">
     <span class='ocr_line' id='line_1_62' title="bbox 1954 511 3599 585; baseline 0.002 -20"><span class='ocrx_word' id='word_1_362' title='bbox 1954 512 2107 584; x_wconf 92' lang='lat' dir='ltr'>quod</span> <span class='ocrx_word' id='word_1_363' title='bbox 2141 512 2293 583; x_wconf 86' lang='lat' dir='ltr'>apud</span> <span class='ocrx_word' id='word_1_364' title='bbox 2316 511 2642 566; x_wconf 82' lang='lat' dir='ltr'>Vernonem</span> <span class='ocrx_word' id='word_1_365' title='bbox 2662 515 2917 566; x_wconf 89' lang='lat' dir='ltr'>castrum</span> <span class='ocrx_word' id='word_1_366' title='bbox 2939 514 3203 566; x_wconf 88' lang='lat' dir='ltr'>nostrum</span> <span class='ocrx_word' id='word_1_367' title='bbox 3235 528 3392 566; x_wconf 91' lang='lat' dir='ltr'>nunc</span> <span class='ocrx_word' id='word_1_368' title='bbox 3414 529 3599 585; x_wconf 88' lang='lat' dir='ltr'>usque</span> 
     </span>
    </p>
   </div>
   <div class='ocr_carea' id='block_1_63' title="bbox 1954 599 3599 673">
    <p class='ocr_par' dir='ltr' id='par_1_63' title="bbox 1954 599 3599 673">
     <span class='ocr_line' id='line_1_63' title="bbox 1954 599 3599 673; baseline -0.001 -17"><span class='ocrx_word' id='word_1_369' title='bbox 1954 606 2044 657; x_wconf 89' lang='lat' dir='ltr'>est</span> <span class='ocrx_word' id='word_1_370' title='bbox 2070 606 2363 673; x_wconf 76' lang='lat' dir='ltr'>acceptus,</span> <span class='ocrx_word' id='word_1_371' title='bbox 2397 601 2607 655; x_wconf 85' lang='lat' dir='ltr'>Sancto</span> <span class='ocrx_word' id='word_1_372' title='bbox 2638 604 2805 655; x_wconf 89' lang='lat' dir='ltr'>Petro</span> <span class='ocrx_word' id='word_1_373' title='bbox 2837 599 3081 655; x_wconf 68' lang='lat' dir='ltr'>caanobii</span> <span class='ocrx_word' id='word_1_374' title='bbox 3112 600 3483 655; x_wconf 89' lang='lat' dir='ltr'>Carnotensis</span> <span class='ocrx_word' id='word_1_375' title='bbox 3512 604 3599 655; x_wconf 89' lang='lat' dir='ltr'>at-</span> 
     </span>
    </p>
   </div>
   <div class='ocr_carea' id='block_1_64' title="bbox 1956 687 3605 762">
    <p class='ocr_par' dir='ltr' id='par_1_64' title="bbox 1956 687 3605 762">
     <span class='ocr_line' id='line_1_64' title="bbox 1956 687 3605 762; baseline -0.001 -17"><span class='ocrx_word' id='word_1_376' title='bbox 1956 707 2067 762; x_wconf 86' lang='lat' dir='ltr'>que</span> <span class='ocrx_word' id='word_1_377' title='bbox 2097 689 2310 745; x_wconf 89' lang='lat' dir='ltr'>Josiaci</span> <span class='ocrx_word' id='word_1_378' title='bbox 2344 688 2952 761; x_wconf 46' lang='lat' dir='ltr'>cellamonachisque</span> <span class='ocrx_word' id='word_1_379' title='bbox 2984 689 3103 744; x_wconf 90' lang='lat' dir='ltr'>illic</span> <span class='ocrx_word' id='word_1_380' title='bbox 3132 688 3246 745; x_wconf 91' lang='lat' dir='ltr'>Deo</span> <span class='ocrx_word' id='word_1_381' title='bbox 3270 687 3605 745; x_wconf 83' lang='lat' dir='ltr'>famulanti-</span> 
     </span>
    </p>
   </div>
   <div class='ocr_carea' id='block_1_65' title="bbox 1955 777 3603 852">
    <p class='ocr_par' dir='ltr' id='par_1_65' title="bbox 1955 777 3603 852">
     <span class='ocr_line' id='line_1_65' title="bbox 1955 777 3603 852; baseline 0 -18"><span class='ocrx_word' id='word_1_382' title='bbox 1955 778 2510 852; x_wconf 82' lang='lat' dir='ltr'>bus,perpetualiter</span> <span class='ocrx_word' id='word_1_383' title='bbox 2537 778 2933 846; x_wconf 89' lang='lat' dir='ltr'>concedimus,</span> <span class='ocrx_word' id='word_1_384' title='bbox 2970 782 3035 833; x_wconf 87' lang='lat' dir='ltr'>ut</span> <span class='ocrx_word' id='word_1_385' title='bbox 3064 777 3293 833; x_wconf 89' lang='lat' dir='ltr'>nullum</span> <span class='ocrx_word' id='word_1_386' title='bbox 3326 778 3386 833; x_wconf 92' lang='lat' dir='ltr'>in</span> <span class='ocrx_word' id='word_1_387' title='bbox 3417 781 3603 850; x_wconf 84' lang='lat' dir='ltr'>poste-</span> 
     </span>
    </p>
   </div>
   <div class='ocr_carea' id='block_1_66' title="bbox 1956 866 3608 939">
    <p class='ocr_par' dir='ltr' id='par_1_66' title="bbox 1956 866 3608 939">
     <span class='ocr_line' id='line_1_66' title="bbox 1956 866 3608 939; baseline 0 -17"><span class='ocrx_word' id='word_1_388' title='bbox 1956 884 2087 923; x_wconf 89' lang='lat' dir='ltr'>rum</span> <span class='ocrx_word' id='word_1_389' title='bbox 2121 867 2450 939; x_wconf 80' lang='lat' dir='ltr'>persolvant</span> <span class='ocrx_word' id='word_1_390' title='bbox 2479 866 2767 922; x_wconf 88' lang='lat' dir='ltr'>teloneum</span> <span class='ocrx_word' id='word_1_391' title='bbox 2795 867 2864 923; x_wconf 90' lang='lat' dir='ltr'>de</span> <span class='ocrx_word' id='word_1_392' title='bbox 2896 868 3071 927; x_wconf 89' lang='lat' dir='ltr'>rebus</span> <span class='ocrx_word' id='word_1_393' title='bbox 3100 867 3295 922; x_wconf 89' lang='lat' dir='ltr'>Sancti</span> <span class='ocrx_word' id='word_1_394' title='bbox 3332 866 3608 939; x_wconf 84' lang='lat' dir='ltr'>Petri,per</span> 
     </span>
    </p>
   </div>
   <div class='ocr_carea' id='block_1_67' title="bbox 1959 956 3610 1029">
    <p class='ocr_par' dir='ltr' id='par_1_67' title="bbox 1959 956 3610 1029">
     <span class='ocr_line' id='line_1_67' title="bbox 1959 956 3610 1029; baseline 0.001 -19"><span class='ocrx_word' id='word_1_395' title='bbox 1959 956 2172 1011; x_wconf 87' lang='lat' dir='ltr'>ﬂumen</span> <span class='ocrx_word' id='word_1_396' title='bbox 2208 957 2509 1028; x_wconf 69' lang='lat' dir='ltr'>Sequanae,</span> <span class='ocrx_word' id='word_1_397' title='bbox 2543 956 2661 1012; x_wconf 89' lang='lat' dir='ltr'>sive</span> <span class='ocrx_word' id='word_1_398' title='bbox 2692 974 2794 1029; x_wconf 89' lang='lat' dir='ltr'>per</span> <span class='ocrx_word' id='word_1_399' title='bbox 2823 961 3058 1023; x_wconf 88' lang='lat' dir='ltr'>terram,</span> <span class='ocrx_word' id='word_1_400' title='bbox 3091 956 3480 1029; x_wconf 83' lang='lat' dir='ltr'>Rotomagum</span> <span class='ocrx_word' id='word_1_401' title='bbox 3513 956 3610 1012; x_wconf 88' lang='lat' dir='ltr'>ad-</span> 
     </span>
    </p>
   </div>
   <div class='ocr_carea' id='block_1_68' title="bbox 1959 1045 3608 1119">
    <p class='ocr_par' dir='ltr' id='par_1_68' title="bbox 1959 1045 3608 1119">
     <span class='ocr_line' id='line_1_68' title="bbox 1959 1045 3608 1119; baseline 0.001 -18"><span class='ocrx_word' id='word_1_402' title='bbox 1959 1045 2153 1101; x_wconf 88' lang='lat' dir='ltr'>ductis</span> <span class='ocrx_word' id='word_1_403' title='bbox 2182 1045 2269 1100; x_wconf 86' lang='lat' dir='ltr'>vel</span> <span class='ocrx_word' id='word_1_404' title='bbox 2303 1046 2437 1099; x_wconf 89' lang='lat' dir='ltr'>inde</span> <span class='ocrx_word' id='word_1_405' title='bbox 2466 1045 2742 1101; x_wconf 87' lang='lat' dir='ltr'>reductis.</span> <span class='ocrx_word' id='word_1_406' title='bbox 2776 1046 2893 1101; x_wconf 87' lang='lat' dir='ltr'>Hoc</span> <span class='ocrx_word' id='word_1_407' title='bbox 2925 1046 3163 1118; x_wconf 90' lang='lat' dir='ltr'>quidem</span> <span class='ocrx_word' id='word_1_408' title='bbox 3196 1062 3299 1119; x_wconf 90' lang='lat' dir='ltr'>per</span> <span class='ocrx_word' id='word_1_409' title='bbox 3328 1046 3608 1119; x_wconf 66' lang='lat' dir='ltr'>praedica-</span> 
     </span>
    </p>
   </div>
   <div class='ocr_carea' id='block_1_69' title="bbox 1958 1133 3608 1206">
    <p class='ocr_par' dir='ltr' id='par_1_69' title="bbox 1958 1133 3608 1206">
     <span class='ocr_line' id='line_1_69' title="bbox 1958 1133 3608 1206; baseline 0.001 -17"><span class='ocrx_word' id='word_1_410' title='bbox 1958 1133 2174 1189; x_wconf 90' lang='lat' dir='ltr'>tionem</span> <span class='ocrx_word' id='word_1_411' title='bbox 2206 1134 2474 1189; x_wconf 90' lang='lat' dir='ltr'>Landrici</span> <span class='ocrx_word' id='word_1_412' title='bbox 2508 1134 2727 1206; x_wconf 78' lang='lat' dir='ltr'>praefati</span> <span class='ocrx_word' id='word_1_413' title='bbox 2762 1134 3005 1190; x_wconf 72' lang='lat' dir='ltr'>cmnobii</span> <span class='ocrx_word' id='word_1_414' title='bbox 3038 1135 3267 1191; x_wconf 85' lang='lat' dir='ltr'>abbatis</span> <span class='ocrx_word' id='word_1_415' title='bbox 3313 1134 3608 1192; x_wconf 84' lang='lat' dir='ltr'>concessi-</span> 
     </span>
    </p>
   </div>
   <div class='ocr_carea' id='block_1_70' title="bbox 1961 1223 3609 1295">
    <p class='ocr_par' dir='ltr' id='par_1_70' title="bbox 1961 1223 3609 1295">
     <span class='ocr_line' id='line_1_70' title="bbox 1961 1223 3609 1295; baseline 0.002 -18"><span class='ocrx_word' id='word_1_416' title='bbox 1961 1240 2116 1289; x_wconf 91' lang='lat' dir='ltr'>mus,</span> <span class='ocrx_word' id='word_1_417' title='bbox 2166 1240 2200 1278; x_wconf 87' lang='lat' dir='ltr'>a</span> <span class='ocrx_word' id='word_1_418' title='bbox 2249 1240 2362 1295; x_wconf 90' lang='lat' dir='ltr'>quo</span> <span class='ocrx_word' id='word_1_419' title='bbox 2413 1223 2656 1295; x_wconf 89' lang='lat' dir='ltr'>proinde</span> <span class='ocrx_word' id='word_1_420' title='bbox 2703 1227 2759 1279; x_wconf 89' lang='lat' dir='ltr'>et</span> <span class='ocrx_word' id='word_1_421' title='bbox 2808 1224 3099 1280; x_wconf 88' lang='lat' dir='ltr'>orationes</span> <span class='ocrx_word' id='word_1_422' title='bbox 3146 1224 3256 1280; x_wconf 91' lang='lat' dir='ltr'>loci</span> <span class='ocrx_word' id='word_1_423' title='bbox 3308 1242 3374 1280; x_wconf 87' lang='lat' dir='ltr'>ac</span> <span class='ocrx_word' id='word_1_424' title='bbox 3425 1242 3609 1280; x_wconf 89' lang='lat' dir='ltr'>unum</span> 
     </span>
    </p>
   </div>
   <div class='ocr_carea' id='block_1_71' title="bbox 1961 1312 3614 1386">
    <p class='ocr_par' dir='ltr' id='par_1_71' title="bbox 1961 1312 3614 1386">
     <span class='ocr_line' id='line_1_71' title="bbox 1961 1312 3614 1386; baseline 0.001 -19"><span class='ocrx_word' id='word_1_425' title='bbox 1961 1328 2177 1384; x_wconf 89' lang='lat' dir='ltr'>equum</span> <span class='ocrx_word' id='word_1_426' title='bbox 2209 1312 2496 1384; x_wconf 88' lang='lat' dir='ltr'>optimum</span> <span class='ocrx_word' id='word_1_427' title='bbox 2520 1312 2934 1385; x_wconf 88' lang='lat' dir='ltr'>recepimus.Si</span> <span class='ocrx_word' id='word_1_428' title='bbox 2964 1313 3098 1386; x_wconf 89' lang='lat' dir='ltr'>quis</span> <span class='ocrx_word' id='word_1_429' title='bbox 3129 1316 3324 1369; x_wconf 87' lang='lat' dir='ltr'>autem</span> <span class='ocrx_word' id='word_1_430' title='bbox 3355 1313 3614 1370; x_wconf 70' lang='lat' dir='ltr'>ecclesias</span> 
     </span>
    </p>
   </div>
   <div class='ocr_carea' id='block_1_72' title="bbox 1963 1400 3616 1474">
    <p class='ocr_par' dir='ltr' id='par_1_72' title="bbox 1963 1400 3616 1474">
     <span class='ocr_line' id='line_1_72' title="bbox 1963 1400 3616 1474; baseline 0.001 -17"><span class='ocrx_word' id='word_1_431' title='bbox 1963 1417 2157 1457; x_wconf 87' lang='lat' dir='ltr'>rerum</span> <span class='ocrx_word' id='word_1_432' title='bbox 2192 1402 2424 1456; x_wconf 91' lang='lat' dir='ltr'>invasor</span> <span class='ocrx_word' id='word_1_433' title='bbox 2450 1406 2650 1456; x_wconf 86' lang='lat' dir='ltr'>contra</span> <span class='ocrx_word' id='word_1_434' title='bbox 2678 1401 2828 1456; x_wconf 89' lang='lat' dir='ltr'>hanc</span> <span class='ocrx_word' id='word_1_435' title='bbox 2859 1400 3225 1474; x_wconf 84' lang='lat' dir='ltr'>largitionem</span> <span class='ocrx_word' id='word_1_436' title='bbox 3249 1406 3509 1459; x_wconf 88' lang='lat' dir='ltr'>nostram</span> <span class='ocrx_word' id='word_1_437' title='bbox 3532 1403 3616 1459; x_wconf 88' lang='lat' dir='ltr'>in-</span> 
     </span>
    </p>
   </div>
   <div class='ocr_carea' id='block_1_73' title="bbox 1966 1490 3613 1563">
    <p class='ocr_par' dir='ltr' id='par_1_73' title="bbox 1966 1490 3613 1563">
     <span class='ocr_line' id='line_1_73' title="bbox 1966 1490 3613 1563; baseline 0.002 -17"><span class='ocrx_word' id='word_1_438' title='bbox 1966 1508 2203 1563; x_wconf 79' lang='lat' dir='ltr'>surgere</span> <span class='ocrx_word' id='word_1_439' title='bbox 2242 1491 2623 1563; x_wconf 87' lang='lat' dir='ltr'>temptaverit,</span> <span class='ocrx_word' id='word_1_440' title='bbox 2657 1490 2957 1547; x_wconf 90' lang='lat' dir='ltr'>insolubili</span> <span class='ocrx_word' id='word_1_441' title='bbox 3005 1491 3434 1549; x_wconf 87' lang='lat' dir='ltr'>maledictionis</span> <span class='ocrx_word' id='word_1_442' title='bbox 3464 1509 3613 1549; x_wconf 79' lang='lat' dir='ltr'>nexu</span> 
     </span>
    </p>
   </div>
   <div class='ocr_carea' id='block_1_74' title="bbox 1966 1579 3616 1654">
    <p class='ocr_par' dir='ltr' id='par_1_74' title="bbox 1966 1579 3616 1654">
     <span class='ocr_line' id='line_1_74' title="bbox 1966 1579 3616 1654; baseline 0.002 -19"><span class='ocrx_word' id='word_1_443' title='bbox 1966 1580 2343 1653; x_wconf 85' lang='lat' dir='ltr'>ligatus,cum</span> <span class='ocrx_word' id='word_1_444' title='bbox 2376 1579 2580 1635; x_wconf 89' lang='lat' dir='ltr'>zabulo</span> <span class='ocrx_word' id='word_1_445' title='bbox 2611 1581 2877 1636; x_wconf 86' lang='lat' dir='ltr'>tradatur</span> <span class='ocrx_word' id='word_1_446' title='bbox 2906 1582 3202 1654; x_wconf 87' lang='lat' dir='ltr'>perpetuis</span> <span class='ocrx_word' id='word_1_447' title='bbox 3234 1582 3438 1654; x_wconf 75' lang='lat' dir='ltr'>pomis.</span> <span class='ocrx_word' id='word_1_448' title='bbox 3459 1584 3616 1638; x_wconf 82' lang='lat' dir='ltr'>Hanc</span> 
     </span>
    </p>
   </div>
   <div class='ocr_carea' id='block_1_75' title="bbox 1968 1670 3596 1745">
    <p class='ocr_par' dir='ltr' id='par_1_75' title="bbox 1968 1670 3596 1745">
     <span class='ocr_line' id='line_1_75' title="bbox 1968 1670 3596 1745; baseline 0.002 -20"><span class='ocrx_word' id='word_1_449' title='bbox 1968 1674 2164 1726; x_wconf 86' lang='lat' dir='ltr'>autem</span> <span class='ocrx_word' id='word_1_450' title='bbox 2197 1670 2481 1725; x_wconf 87' lang='lat' dir='ltr'>cartulam</span> <span class='ocrx_word' id='word_1_451' title='bbox 2515 1671 2789 1726; x_wconf 88' lang='lat' dir='ltr'>manibus</span> <span class='ocrx_word' id='word_1_452' title='bbox 2812 1672 3028 1727; x_wconf 88' lang='lat' dir='ltr'>nostris</span> <span class='ocrx_word' id='word_1_453' title='bbox 3059 1688 3193 1727; x_wconf 90' lang='lat' dir='ltr'>cum</span> <span class='ocrx_word' id='word_1_454' title='bbox 3225 1671 3409 1745; x_wconf 84' lang='lat' dir='ltr'>signis</span> <span class='ocrx_word' id='word_1_455' title='bbox 3432 1689 3596 1729; x_wconf 91' lang='lat' dir='ltr'>corro</span> 
     </span>
    </p>
   </div>
   <div class='ocr_carea' id='block_1_76' title="bbox 1968 1758 3619 1835">
    <p class='ocr_par' dir='ltr' id='par_1_76' title="bbox 1968 1758 3619 1835">
     <span class='ocr_line' id='line_1_76' title="bbox 1968 1758 3619 1835; baseline 0.002 -21"><span class='ocrx_word' id='word_1_456' title='bbox 1968 1758 2868 1833; x_wconf 88' lang='lat' dir='ltr'>boravimus,aliisque,quorum</span> <span class='ocrx_word' id='word_1_457' title='bbox 2895 1761 3137 1817; x_wconf 91' lang='lat' dir='ltr'>nomina</span> <span class='ocrx_word' id='word_1_458' title='bbox 3164 1762 3498 1835; x_wconf 88' lang='lat' dir='ltr'>subscripta</span> <span class='ocrx_word' id='word_1_459' title='bbox 3519 1760 3619 1818; x_wconf 88' lang='lat' dir='ltr'>ha-</span> 
     </span>
    </p>
   </div>
   <div class='ocr_carea' id='block_1_77' title="bbox 1968 1849 3619 1924">
    <p class='ocr_par' dir='ltr' id='par_1_77' title="bbox 1968 1849 3619 1924">
     <span class='ocr_line' id='line_1_77' title="bbox 1968 1849 3619 1924; baseline 0.001 -20"><span class='ocrx_word' id='word_1_460' title='bbox 1968 1849 2202 1915; x_wconf 88' lang='lat' dir='ltr'>bentur,</span> <span class='ocrx_word' id='word_1_461' title='bbox 2233 1849 2720 1904; x_wconf 89' lang='lat' dir='ltr'>corroborandam</span> <span class='ocrx_word' id='word_1_462' title='bbox 2756 1849 3381 1924; x_wconf 86' lang='lat' dir='ltr'>dedimus.S.Hugonis</span> <span class='ocrx_word' id='word_1_463' title='bbox 3411 1866 3619 1907; x_wconf 86' lang='lat' dir='ltr'>mona-</span> 
     </span>
    </p>
   </div>
   <div class='ocr_carea' id='block_1_78' title="bbox 1972 1936 3616 2011">
    <p class='ocr_par' dir='ltr' id='par_1_78' title="bbox 1972 1936 3616 2011">
     <span class='ocr_line' id='line_1_78' title="bbox 1972 1936 3616 2011; baseline 0.002 -19"><span class='ocrx_word' id='word_1_464' title='bbox 1972 1937 2086 1992; x_wconf 91' lang='lat' dir='ltr'>chi.</span> <span class='ocrx_word' id='word_1_465' title='bbox 2120 1938 2178 1993; x_wconf 87' lang='lat' dir='ltr'>S.</span> <span class='ocrx_word' id='word_1_466' title='bbox 2213 1936 2512 2005; x_wconf 83' lang='lat' dir='ltr'>Willelmi,</span> <span class='ocrx_word' id='word_1_467' title='bbox 2549 1938 2653 1993; x_wconf 81' lang='lat' dir='ltr'>filii</span> <span class='ocrx_word' id='word_1_468' title='bbox 2686 1939 2900 2011; x_wconf 88' lang='lat' dir='ltr'>cjus.S.</span> <span class='ocrx_word' id='word_1_469' title='bbox 2936 1939 3207 1996; x_wconf 84' lang='lat' dir='ltr'>Richardi</span> <span class='ocrx_word' id='word_1_470' title='bbox 3238 1939 3616 1997; x_wconf 88' lang='lat' dir='ltr'>vicecomitis.</span> 
     </span>
    </p>
   </div>
   <div class='ocr_carea' id='block_1_79' title="bbox 1973 2027 3617 2099">
    <p class='ocr_par' dir='ltr' id='par_1_79' title="bbox 1973 2027 3617 2099">
     <span class='ocr_line' id='line_1_79' title="bbox 1973 2027 3617 2099; baseline 0.001 -16"><span class='ocrx_word' id='word_1_471' title='bbox 1973 2028 2031 2083; x_wconf 90' lang='lat' dir='ltr'>S.</span> <span class='ocrx_word' id='word_1_472' title='bbox 2079 2027 2330 2099; x_wconf 84' lang='lat' dir='ltr'>Rogerii.</span> <span class='ocrx_word' id='word_1_473' title='bbox 2382 2028 2441 2082; x_wconf 90' lang='lat' dir='ltr'>S.</span> <span class='ocrx_word' id='word_1_474' title='bbox 2494 2028 2729 2084; x_wconf 89' lang='lat' dir='ltr'>Schroc.</span> <span class='ocrx_word' id='word_1_475' title='bbox 2781 2029 2839 2085; x_wconf 92' lang='lat' dir='ltr'>S.</span> <span class='ocrx_word' id='word_1_476' title='bbox 2894 2029 3192 2085; x_wconf 88' lang='lat' dir='ltr'>Willelmi.</span> <span class='ocrx_word' id='word_1_477' title='bbox 3242 2030 3300 2085; x_wconf 88' lang='lat' dir='ltr'>S.</span> <span class='ocrx_word' id='word_1_478' title='bbox 3350 2029 3617 2085; x_wconf 85' lang='lat' dir='ltr'>Raherri.</span> 
     </span>
    </p>
   </div>
   <div class='ocr_carea' id='block_1_80' title="bbox 1973 2114 3619 2188">
    <p class='ocr_par' dir='ltr' id='par_1_80' title="bbox 1973 2114 3619 2188">
     <span class='ocr_line' id='line_1_80' title="bbox 1973 2114 3619 2188; baseline 0.001 -17"><span class='ocrx_word' id='word_1_479' title='bbox 1973 2116 2032 2171; x_wconf 91' lang='lat' dir='ltr'>S.</span> <span class='ocrx_word' id='word_1_480' title='bbox 2064 2114 2345 2170; x_wconf 70' lang='lat' dir='ltr'>\Villelmi</span> <span class='ocrx_word' id='word_1_481' title='bbox 2395 2116 2709 2188; x_wconf 67' lang='lat' dir='ltr'>praepositi.</span> <span class='ocrx_word' id='word_1_482' title='bbox 2759 2117 2818 2173; x_wconf 89' lang='lat' dir='ltr'>S.</span> <span class='ocrx_word' id='word_1_483' title='bbox 2871 2117 3185 2173; x_wconf 84' lang='lat' dir='ltr'>Godefridi.</span> <span class='ocrx_word' id='word_1_484' title='bbox 3221 2118 3278 2173; x_wconf 91' lang='lat' dir='ltr'>S.</span> <span class='ocrx_word' id='word_1_485' title='bbox 3312 2116 3619 2174; x_wconf 85' lang='lat' dir='ltr'>Osmundi.</span> 
     </span>
    </p>
   </div>
   <div class='ocr_carea' id='block_1_81' title="bbox 1975 2203 3625 2279">
    <p class='ocr_par' dir='ltr' id='par_1_81' title="bbox 1975 2203 3625 2279">
     <span class='ocr_line' id='line_1_81' title="bbox 1975 2203 3625 2279; baseline 0.002 -19"><span class='ocrx_word' id='word_1_486' title='bbox 1975 2205 2033 2260; x_wconf 90' lang='lat' dir='ltr'>S.</span> <span class='ocrx_word' id='word_1_487' title='bbox 2067 2203 2327 2260; x_wconf 89' lang='lat' dir='ltr'>Girelmi.</span> <span class='ocrx_word' id='word_1_488' title='bbox 2362 2205 2420 2260; x_wconf 90' lang='lat' dir='ltr'>S.</span> <span class='ocrx_word' id='word_1_489' title='bbox 2456 2206 2687 2261; x_wconf 88' lang='lat' dir='ltr'>Letardi</span> <span class='ocrx_word' id='word_1_490' title='bbox 2719 2205 3023 2279; x_wconf 84' lang='lat' dir='ltr'>capellani.</span> <span class='ocrx_word' id='word_1_491' title='bbox 3058 2206 3125 2261; x_wconf 90' lang='lat' dir='ltr'>Hi</span> <span class='ocrx_word' id='word_1_492' title='bbox 3176 2210 3355 2263; x_wconf 87' lang='lat' dir='ltr'>testes</span> <span class='ocrx_word' id='word_1_493' title='bbox 3388 2211 3528 2262; x_wconf 88' lang='lat' dir='ltr'>sunt</span> <span class='ocrx_word' id='word_1_494' title='bbox 3557 2224 3625 2263; x_wconf 83' lang='lat' dir='ltr'>ex</span> 
     </span>
    </p>
   </div>
   <div class='ocr_carea' id='block_1_82' title="bbox 1975 2294 3627 2369">
    <p class='ocr_par' dir='ltr' id='par_1_82' title="bbox 1975 2294 3627 2369">
     <span class='ocr_line' id='line_1_82' title="bbox 1975 2294 3627 2369; baseline 0.003 -22"><span class='ocrx_word' id='word_1_495' title='bbox 1975 2297 2137 2366; x_wconf 89' lang='lat' dir='ltr'>parte</span> <span class='ocrx_word' id='word_1_496' title='bbox 2167 2294 2449 2365; x_wconf 86' lang='lat' dir='ltr'>Hugonis,</span> <span class='ocrx_word' id='word_1_497' title='bbox 2478 2294 2660 2366; x_wconf 88' lang='lat' dir='ltr'>hujus</span> <span class='ocrx_word' id='word_1_498' title='bbox 2690 2295 2768 2350; x_wconf 90' lang='lat' dir='ltr'>rei</span> <span class='ocrx_word' id='word_1_499' title='bbox 2802 2294 3114 2368; x_wconf 87' lang='lat' dir='ltr'>largitoris.</span> <span class='ocrx_word' id='word_1_500' title='bbox 3149 2296 3230 2351; x_wconf 85' lang='lat' dir='ltr'>Ex</span> <span class='ocrx_word' id='word_1_501' title='bbox 3257 2301 3420 2369; x_wconf 84' lang='lat' dir='ltr'>parte</span> <span class='ocrx_word' id='word_1_502' title='bbox 3452 2296 3627 2352; x_wconf 86' lang='lat' dir='ltr'>abba-</span> 
     </span>
    </p>
   </div>
   <div class='ocr_carea' id='block_1_83' title="bbox 1974 2382 3625 2458">
    <p class='ocr_par' dir='ltr' id='par_1_83' title="bbox 1974 2382 3625 2458">
     <span class='ocr_line' id='line_1_83' title="bbox 1974 2382 3625 2458; baseline 0.002 -20"><span class='ocrx_word' id='word_1_503' title='bbox 1974 2384 2053 2438; x_wconf 89' lang='lat' dir='ltr'>tis</span> <span class='ocrx_word' id='word_1_504' title='bbox 2084 2400 2099 2440; x_wconf 90' lang='lat'><strong>:</strong></span> <span class='ocrx_word' id='word_1_505' title='bbox 2130 2382 2421 2449; x_wconf 86' lang='lat' dir='ltr'>Albertus,</span> <span class='ocrx_word' id='word_1_506' title='bbox 2444 2384 2769 2439; x_wconf 87' lang='lat' dir='ltr'>monachus</span> <span class='ocrx_word' id='word_1_507' title='bbox 2799 2390 2855 2439; x_wconf 91' lang='lat' dir='ltr'>et</span> <span class='ocrx_word' id='word_1_508' title='bbox 2884 2385 3260 2458; x_wconf 69' lang='lat' dir='ltr'>praepositus;</span> <span class='ocrx_word' id='word_1_509' title='bbox 3292 2385 3625 2442; x_wconf 87' lang='lat' dir='ltr'>Mainardus</span> 
     </span>
    </p>
   </div>
   <div class='ocr_carea' id='block_1_84' title="bbox 1977 2472 3627 2548">
    <p class='ocr_par' dir='ltr' id='par_1_84' title="bbox 1977 2472 3627 2548">
     <span class='ocr_line' id='line_1_84' title="bbox 1977 2472 3627 2548; baseline 0.001 -19"><span class='ocrx_word' id='word_1_510' title='bbox 1977 2472 2304 2529; x_wconf 85' lang='lat' dir='ltr'>monachus</span> <span class='ocrx_word' id='word_1_511' title='bbox 2335 2476 2391 2527; x_wconf 89' lang='lat' dir='ltr'>et</span> <span class='ocrx_word' id='word_1_512' title='bbox 2419 2472 2683 2545; x_wconf 85' lang='lat' dir='ltr'>bajulus;</span> <span class='ocrx_word' id='word_1_513' title='bbox 2716 2474 3065 2530; x_wconf 81' lang='lat' dir='ltr'>Gaust‘ridus</span> <span class='ocrx_word' id='word_1_514' title='bbox 3097 2473 3360 2548; x_wconf 85' lang='lat' dir='ltr'>Bigotus;</span> <span class='ocrx_word' id='word_1_515' title='bbox 3392 2476 3627 2531; x_wconf 86' lang='lat' dir='ltr'>Bernar-</span> 
     </span>
    </p>
   </div>
   <div class='ocr_carea' id='block_1_85' title="bbox 1979 2560 3623 2632">
    <p class='ocr_par' dir='ltr' id='par_1_85' title="bbox 1979 2560 3623 2632">
     <span class='ocr_line' id='line_1_85' title="bbox 1979 2560 3623 2632; baseline 0.001 -14"><span class='ocrx_word' id='word_1_516' title='bbox 1979 2563 2110 2630; x_wconf 90' lang='lat' dir='ltr'>dus,</span> <span class='ocrx_word' id='word_1_517' title='bbox 2142 2560 2300 2617; x_wconf 74' lang='lat' dir='ltr'>illius</span> <span class='ocrx_word' id='word_1_518' title='bbox 2339 2561 2635 2632; x_wconf 86' lang='lat' dir='ltr'>Vulmari;</span> <span class='ocrx_word' id='word_1_519' title='bbox 2686 2562 3031 2631; x_wconf 89' lang='lat' dir='ltr'>Hubelinus,</span> <span class='ocrx_word' id='word_1_520' title='bbox 3082 2564 3309 2621; x_wconf 91' lang='lat' dir='ltr'>Guiddo</span> <span class='ocrx_word' id='word_1_521' title='bbox 3356 2563 3623 2620; x_wconf 88' lang='lat' dir='ltr'>clericus.</span> 
     </span>
    </p>
   </div>
   <div class='ocr_carea' id='block_1_86' title="bbox 1978 2650 3625 2721">
    <p class='ocr_par' dir='ltr' id='par_1_86' title="bbox 1978 2650 3625 2721">
     <span class='ocr_line' id='line_1_86' title="bbox 1978 2650 3625 2721; baseline 0.001 -14"><span class='ocrx_word' id='word_1_522' title='bbox 1978 2653 2180 2707; x_wconf 81' lang='lat' dir='ltr'>Actum</span> <span class='ocrx_word' id='word_1_523' title='bbox 2227 2654 2316 2706; x_wconf 88' lang='lat' dir='ltr'>est</span> <span class='ocrx_word' id='word_1_524' title='bbox 2361 2650 2471 2706; x_wconf 90' lang='lat' dir='ltr'>hoc</span> <span class='ocrx_word' id='word_1_525' title='bbox 2517 2650 2577 2706; x_wconf 91' lang='lat' dir='ltr'>in</span> <span class='ocrx_word' id='word_1_526' title='bbox 2626 2651 2891 2707; x_wconf 90' lang='lat' dir='ltr'>Vernone</span> <span class='ocrx_word' id='word_1_527' title='bbox 2923 2656 3134 2721; x_wconf 88' lang='lat' dir='ltr'>castro,</span> <span class='ocrx_word' id='word_1_528' title='bbox 3168 2653 3262 2709; x_wconf 90' lang='lat' dir='ltr'>die</span> <span class='ocrx_word' id='word_1_529' title='bbox 3292 2653 3625 2709; x_wconf 88' lang='lat' dir='ltr'>festivitatis</span> 
     </span>
    </p>
   </div>
   <div class='ocr_carea' id='block_1_87' title="bbox 1981 2739 3627 2816">
    <p class='ocr_par' dir='ltr' id='par_1_87' title="bbox 1981 2739 3627 2816">
     <span class='ocr_line' id='line_1_87' title="bbox 1981 2739 3627 2816; baseline 0.003 -22"><span class='ocrx_word' id='word_1_530' title='bbox 1981 2739 2165 2795; x_wconf 88' lang='lat' dir='ltr'>sancti</span> <span class='ocrx_word' id='word_1_531' title='bbox 2197 2739 2510 2795; x_wconf 88' lang='lat' dir='ltr'>Clementis</span> <span class='ocrx_word' id='word_1_532' title='bbox 2540 2741 2833 2813; x_wconf 78' lang='lat' dir='ltr'>martyris,</span> <span class='ocrx_word' id='word_1_533' title='bbox 2866 2746 3144 2815; x_wconf 89' lang='lat' dir='ltr'>regnante</span> <span class='ocrx_word' id='word_1_534' title='bbox 3172 2741 3465 2815; x_wconf 88' lang='lat' dir='ltr'>impavido</span> <span class='ocrx_word' id='word_1_535' title='bbox 3493 2757 3627 2816; x_wconf 86' lang='lat' dir='ltr'>rege</span> 
     </span>
    </p>
   </div>
   <div class='ocr_carea' id='block_1_88' title="bbox 1981 2827 3627 2894">
    <p class='ocr_par' dir='ltr' id='par_1_88' title="bbox 1981 2827 3627 2894">
     <span class='ocr_line' id='line_1_88' title="bbox 1981 2827 3627 2894; baseline 0.004 -12"><span class='ocrx_word' id='word_1_536' title='bbox 1981 2828 2271 2894; x_wconf 89' lang='lat' dir='ltr'>Hainrico,</span> <span class='ocrx_word' id='word_1_537' title='bbox 2307 2832 2362 2884; x_wconf 88' lang='lat' dir='ltr'>et</span> <span class='ocrx_word' id='word_1_538' title='bbox 2392 2827 2686 2885; x_wconf 87' lang='lat' dir='ltr'>Willelmo</span> <span class='ocrx_word' id='word_1_539' title='bbox 2717 2829 2932 2885; x_wconf 88' lang='lat' dir='ltr'>illustri</span> <span class='ocrx_word' id='word_1_540' title='bbox 2963 2830 3176 2887; x_wconf 89' lang='lat' dir='ltr'>comite</span> <span class='ocrx_word' id='word_1_541' title='bbox 3212 2834 3445 2888; x_wconf 88' lang='lat' dir='ltr'>tenente</span> <span class='ocrx_word' id='word_1_542' title='bbox 3484 2832 3627 2888; x_wconf 86' lang='lat' dir='ltr'>Nor-</span> 
     </span>
    </p>
   </div>
   <div class='ocr_carea' id='block_1_89' title="bbox 1982 2917 2686 2973">
    <p class='ocr_par' dir='ltr' id='par_1_89' title="bbox 1982 2917 2686 2973">
     <span class='ocr_line' id='line_1_89' title="bbox 1982 2917 2686 2973; baseline -0.003 0"><span class='ocrx_word' id='word_1_543' title='bbox 1982 2917 2231 2973; x_wconf 68' lang='lat' dir='ltr'>manniae</span> <span class='ocrx_word' id='word_1_544' title='bbox 2264 2917 2686 2973; x_wconf 87' lang='lat' dir='ltr'>monarchiam.</span> 
     </span>
    </p>
   </div>
   <div class='ocr_carea' id='block_1_90' title="bbox 2515 3051 3107 3109">
    <p class='ocr_par' dir='ltr' id='par_1_90' title="bbox 2515 3051 3107 3109">
     <span class='ocr_line' id='line_1_90' title="bbox 2515 3051 3107 3109; baseline 0.005 -3"><span class='ocrx_word' id='word_1_545' title='bbox 2515 3051 2918 3108; x_wconf 87' lang='lat' dir='ltr'>CAPlTULUM</span> <span class='ocrx_word' id='word_1_546' title='bbox 2958 3054 3107 3109; x_wconf 87' lang='lat' dir='ltr'><strong>LIII.</strong></span> 
     </span>
    </p>
   </div>
   <div class='ocr_carea' id='block_1_91' title="bbox 2232 3141 3388 3200">
    <p class='ocr_par' dir='ltr' id='par_1_91' title="bbox 2232 3141 3388 3200">
     <span class='ocr_line' id='line_1_91' title="bbox 2232 3141 3388 3200; baseline 0.005 -6"><span class='ocrx_word' id='word_1_547' title='bbox 2232 3142 2307 3195; x_wconf 83' lang='lat' dir='ltr'>Dc</span> <span class='ocrx_word' id='word_1_548' title='bbox 2334 3156 2486 3195; x_wconf 80' lang='lat' dir='ltr'>servo</span> <span class='ocrx_word' id='word_1_549' title='bbox 2516 3144 2572 3195; x_wconf 84' lang='lat' dir='ltr'>et</span> <span class='ocrx_word' id='word_1_550' title='bbox 2601 3141 2808 3196; x_wconf 65' lang='lat' dir='ltr'>ancilla</span> <span class='ocrx_word' id='word_1_551' title='bbox 2844 3141 2975 3197; x_wconf 81' lang='lat' dir='ltr'>data</span> <span class='ocrx_word' id='word_1_552' title='bbox 3004 3160 3038 3198; x_wconf 91' lang='lat' dir='ltr'>a</span> <span class='ocrx_word' id='word_1_553' title='bbox 3068 3142 3388 3200; x_wconf 82' lang='lat' dir='ltr'>Gamenonc.</span> 
     </span>
    </p>
   </div>
   <div class='ocr_carea' id='block_1_92' title="bbox 2581 3247 3049 3321">
    <p class='ocr_par' dir='ltr' id='par_1_92' title="bbox 2581 3247 3049 3321">
     <span class='ocr_line' id='line_1_92' title="bbox 2581 3247 3049 3321; baseline 0.002 -19"><span class='ocrx_word' id='word_1_554' title='bbox 2581 3247 2749 3319; x_wconf 88' lang='lat' dir='ltr'>(Ante</span> <span class='ocrx_word' id='word_1_555' title='bbox 2779 3265 2832 3315; x_wconf 87' lang='lat' dir='ltr'>a,</span> <span class='ocrx_word' id='word_1_556' title='bbox 2867 3249 3049 3321; x_wconf 87' lang='grc'>1071.)</span> 
     </span>
    </p>
   </div>
   <div class='ocr_carea' id='block_1_93' title="bbox 2060 3362 3634 3438">
    <p class='ocr_par' dir='ltr' id='par_1_93' title="bbox 2060 3362 3634 3438">
     <span class='ocr_line' id='line_1_93' title="bbox 2060 3362 3634 3438; baseline 0.01 -26"><span class='ocrx_word' id='word_1_557' title='bbox 2060 3385 2087 3412; x_wconf 89' lang='grc'>‹‹</span> <span class='ocrx_word' id='word_1_558' title='bbox 2119 3362 2181 3417; x_wconf 93' lang='lat' dir='ltr'><strong>In</strong></span> <span class='ocrx_word' id='word_1_559' title='bbox 2228 3362 2441 3417; x_wconf 88' lang='lat' dir='ltr'>Christi</span> <span class='ocrx_word' id='word_1_560' title='bbox 2493 3362 2749 3418; x_wconf 90' lang='lat' dir='ltr'>nomine.</span> <span class='ocrx_word' id='word_1_561' title='bbox 2783 3364 2902 3438; x_wconf 87' lang='lat' dir='ltr'>Ego</span> <span class='ocrx_word' id='word_1_562' title='bbox 2951 3367 3206 3423; x_wconf 87' lang='lat' dir='ltr'>Gameno</span> <span class='ocrx_word' id='word_1_563' title='bbox 3253 3371 3457 3424; x_wconf 89' lang='lat' dir='ltr'>notum</span> <span class='ocrx_word' id='word_1_564' title='bbox 3506 3386 3634 3427; x_wconf 91' lang='lat' dir='ltr'>esse</span> 
     </span>
    </p>
   </div>
   <div class='ocr_carea' id='block_1_94' title="bbox 1985 3452 3634 3525">
    <p class='ocr_par' dir='ltr' id='par_1_94' title="bbox 1985 3452 3634 3525">
     <span class='ocr_line' id='line_1_94' title="bbox 1985 3452 3634 3525; baseline 0.005 -18"><span class='ocrx_word' id='word_1_565' title='bbox 1985 3452 2115 3507; x_wconf 90' lang='lat' dir='ltr'>volo</span> <span class='ocrx_word' id='word_1_566' title='bbox 2143 3457 2265 3507; x_wconf 89' lang='lat' dir='ltr'>tam</span> <span class='ocrx_word' id='word_1_567' title='bbox 2297 3452 2684 3524; x_wconf 68' lang='lat' dir='ltr'>praesentibus</span> <span class='ocrx_word' id='word_1_568' title='bbox 2716 3470 2894 3525; x_wconf 88' lang='lat' dir='ltr'>quam</span> <span class='ocrx_word' id='word_1_569' title='bbox 2926 3455 3160 3523; x_wconf 89' lang='lat' dir='ltr'>futuris,</span> <span class='ocrx_word' id='word_1_570' title='bbox 3193 3459 3634 3517; x_wconf 85' lang='lat' dir='ltr'>conventionem</span> 
     </span>
    </p>
   </div>
   <div class='ocr_carea' id='block_1_95' title="bbox 1989 3541 3636 3619">
    <p class='ocr_par' dir='ltr' id='par_1_95' title="bbox 1989 3541 3636 3619">
     <span class='ocr_line' id='line_1_95' title="bbox 1989 3541 3636 3619; baseline 0.008 -24"><span class='ocrx_word' id='word_1_571' title='bbox 1989 3558 2167 3614; x_wconf 88' lang='lat' dir='ltr'>quam</span> <span class='ocrx_word' id='word_1_572' title='bbox 2201 3558 2337 3615; x_wconf 90' lang='lat' dir='ltr'>erga</span> <span class='ocrx_word' id='word_1_573' title='bbox 2368 3541 2687 3598; x_wconf 87' lang='lat' dir='ltr'>monachos</span> <span class='ocrx_word' id='word_1_574' title='bbox 2717 3543 2912 3599; x_wconf 89' lang='lat' dir='ltr'>Sancti</span> <span class='ocrx_word' id='word_1_575' title='bbox 2946 3544 3092 3600; x_wconf 90' lang='lat' dir='ltr'>Petri</span> <span class='ocrx_word' id='word_1_576' title='bbox 3127 3546 3339 3604; x_wconf 91' lang='lat' dir='ltr'>Gisiaci</span> <span class='ocrx_word' id='word_1_577' title='bbox 3371 3549 3500 3619; x_wconf 86' lang='lat' dir='ltr'>feci,</span> <span class='ocrx_word' id='word_1_578' title='bbox 3525 3552 3636 3608; x_wconf 90' lang='lat' dir='ltr'>sub</span> 
     </span>
    </p>
   </div>
   <div class='ocr_carea' id='block_1_96' title="bbox 1990 3630 3633 3712">
    <p class='ocr_par' dir='ltr' id='par_1_96' title="bbox 1990 3630 3633 3712">
     <span class='ocr_line' id='line_1_96' title="bbox 1990 3630 3633 3712; baseline 0.008 -27"><span class='ocrx_word' id='word_1_579' title='bbox 1990 3648 2240 3704; x_wconf 86' lang='lat' dir='ltr'>quorum</span> <span class='ocrx_word' id='word_1_580' title='bbox 2293 3630 2670 3705; x_wconf 63' lang='lat' dir='ltr'>praevidentia</span> <span class='ocrx_word' id='word_1_581' title='bbox 2715 3636 2855 3689; x_wconf 88' lang='lat' dir='ltr'>tunc</span> <span class='ocrx_word' id='word_1_582' title='bbox 2904 3633 3067 3692; x_wconf 90' lang='lat' dir='ltr'>locus</span> <span class='ocrx_word' id='word_1_583' title='bbox 3115 3636 3241 3710; x_wconf 90' lang='lat' dir='ltr'>ipse</span> <span class='ocrx_word' id='word_1_584' title='bbox 3289 3637 3633 3712; x_wconf 87' lang='lat' dir='ltr'>habebatur,</span> 
     </span>
    </p>
   </div>
   <div class='ocr_carea' id='block_1_97' title="bbox 1991 3720 3634 3801">
    <p class='ocr_par' dir='ltr' id='par_1_97' title="bbox 1991 3720 3634 3801">
     <span class='ocr_line' id='line_1_97' title="bbox 1991 3720 3634 3801; baseline 0.007 -25"><span class='ocrx_word' id='word_1_585' title='bbox 1991 3720 2213 3776; x_wconf 88' lang='lat' dir='ltr'>scilicet</span> <span class='ocrx_word' id='word_1_586' title='bbox 2242 3720 2313 3775; x_wconf 90' lang='lat' dir='ltr'>de</span> <span class='ocrx_word' id='word_1_587' title='bbox 2344 3722 2601 3792; x_wconf 91' lang='lat' dir='ltr'>quodam</span> <span class='ocrx_word' id='word_1_588' title='bbox 2646 3739 2775 3777; x_wconf 87' lang='lat' dir='ltr'>meo</span> <span class='ocrx_word' id='word_1_589' title='bbox 2825 3740 3009 3793; x_wconf 88' lang='lat' dir='ltr'>servo,</span> <span class='ocrx_word' id='word_1_590' title='bbox 3061 3726 3297 3783; x_wconf 90' lang='lat' dir='ltr'>nomine</span> <span class='ocrx_word' id='word_1_591' title='bbox 3346 3728 3634 3801; x_wconf 86' lang='lat' dir='ltr'>Reinerio,</span> 
     </span>
    </p>
   </div>
   <div class='ocr_carea' id='block_1_98' title="bbox 1992 3809 3639 3887">
    <p class='ocr_par' dir='ltr' id='par_1_98' title="bbox 1992 3809 3639 3887">
     <span class='ocr_line' id='line_1_98' title="bbox 1992 3809 3639 3887; baseline 0.007 -22"><span class='ocrx_word' id='word_1_592' title='bbox 1992 3826 2215 3880; x_wconf 88' lang='lat' dir='ltr'>suaque</span> <span class='ocrx_word' id='word_1_593' title='bbox 2240 3810 2485 3881; x_wconf 88' lang='lat' dir='ltr'>conjuge</span> <span class='ocrx_word' id='word_1_594' title='bbox 2518 3814 2574 3865; x_wconf 88' lang='lat' dir='ltr'>et</span> <span class='ocrx_word' id='word_1_595' title='bbox 2603 3809 2704 3865; x_wconf 83' lang='lat' dir='ltr'>filii</span> <span class='ocrx_word' id='word_1_596' title='bbox 2737 3812 2884 3883; x_wconf 88' lang='lat' dir='ltr'>ejus.</span> <span class='ocrx_word' id='word_1_597' title='bbox 2934 3813 3451 3887; x_wconf 89' lang='lat' dir='ltr'>Interpellaverunt</span> <span class='ocrx_word' id='word_1_598' title='bbox 3480 3819 3639 3877; x_wconf 90' lang='lat' dir='ltr'>enim</span> 
     </span>
    </p>
   </div>
   <div class='ocr_carea' id='block_1_99' title="bbox 1992 3898 3641 3975">
    <p class='ocr_par' dir='ltr' id='par_1_99' title="bbox 1992 3898 3641 3975">
     <span class='ocr_line' id='line_1_99' title="bbox 1992 3898 3641 3975; baseline 0.007 -22"><span class='ocrx_word' id='word_1_599' title='bbox 1992 3915 2084 3953; x_wconf 89' lang='lat' dir='ltr'>me</span> <span class='ocrx_word' id='word_1_600' title='bbox 2116 3898 2334 3970; x_wconf 69' lang='lat' dir='ltr'>praefati</span> <span class='ocrx_word' id='word_1_601' title='bbox 2366 3899 2635 3955; x_wconf 87' lang='lat' dir='ltr'>monachi</span> <span class='ocrx_word' id='word_1_602' title='bbox 2666 3901 2737 3956; x_wconf 90' lang='lat' dir='ltr'>de</span> <span class='ocrx_word' id='word_1_603' title='bbox 2768 3902 3104 3975; x_wconf 89' lang='lat' dir='ltr'>supradicto</span> <span class='ocrx_word' id='word_1_604' title='bbox 3138 3922 3320 3974; x_wconf 89' lang='lat' dir='ltr'>servo,</span> <span class='ocrx_word' id='word_1_605' title='bbox 3355 3912 3417 3962; x_wconf 90' lang='lat' dir='ltr'>ut</span> <span class='ocrx_word' id='word_1_606' title='bbox 3456 3911 3641 3965; x_wconf 89' lang='lat' dir='ltr'>trade-</span> 
     </span>
    </p>
   </div>
   <div class='ocr_carea' id='block_1_100' title="bbox 1991 3987 3639 4068">
    <p class='ocr_par' dir='ltr' id='par_1_100' title="bbox 1991 3987 3639 4068">
     <span class='ocr_line' id='line_1_100' title="bbox 1991 3987 3639 4068; baseline 0.008 -28"><span class='ocrx_word' id='word_1_607' title='bbox 1991 4004 2113 4042; x_wconf 89' lang='lat' dir='ltr'>rem</span> <span class='ocrx_word' id='word_1_608' title='bbox 2143 3987 2310 4042; x_wconf 89' lang='lat' dir='ltr'>illum</span> <span class='ocrx_word' id='word_1_609' title='bbox 2363 3989 2573 4044; x_wconf 90' lang='lat' dir='ltr'>Sancto</span> <span class='ocrx_word' id='word_1_610' title='bbox 2624 3990 2808 4047; x_wconf 89' lang='lat' dir='ltr'>Petro.</span> <span class='ocrx_word' id='word_1_611' title='bbox 2846 3993 3007 4057; x_wconf 88' lang='lat' dir='ltr'>Quod</span> <span class='ocrx_word' id='word_1_612' title='bbox 3048 4011 3152 4068; x_wconf 91' lang='lat' dir='ltr'>ego</span> <span class='ocrx_word' id='word_1_613' title='bbox 3182 3993 3432 4052; x_wconf 85' lang='lat' dir='ltr'>libenter</span> <span class='ocrx_word' id='word_1_614' title='bbox 3459 3999 3639 4054; x_wconf 89' lang='lat' dir='ltr'>annui</span> 
     </span>
    </p>
   </div>
   <div class='ocr_carea' id='block_1_101' title="bbox 1992 4076 3641 4156">
    <p class='ocr_par' dir='ltr' id='par_1_101' title="bbox 1992 4076 3641 4156">
     <span class='ocr_line' id='line_1_101' title="bbox 1992 4076 3641 4156; baseline 0.007 -25"><span class='ocrx_word' id='word_1_615' title='bbox 1992 4076 2256 4148; x_wconf 90' lang='lat' dir='ltr'>petitioni</span> <span class='ocrx_word' id='word_1_616' title='bbox 2296 4093 2517 4133; x_wconf 89' lang='lat' dir='ltr'>eorum.</span> <span class='ocrx_word' id='word_1_617' title='bbox 2552 4080 2791 4135; x_wconf 89' lang='lat' dir='ltr'>Tradidi</span> <span class='ocrx_word' id='word_1_618' title='bbox 2838 4097 2974 4154; x_wconf 88' lang='lat' dir='ltr'>ergo</span> <span class='ocrx_word' id='word_1_619' title='bbox 3010 4099 3143 4138; x_wconf 90' lang='lat' dir='ltr'>eum</span> <span class='ocrx_word' id='word_1_620' title='bbox 3191 4084 3400 4141; x_wconf 89' lang='lat' dir='ltr'>Sancto</span> <span class='ocrx_word' id='word_1_621' title='bbox 3452 4085 3641 4156; x_wconf 88' lang='lat' dir='ltr'>Petro,</span> 
     </span>
    </p>
   </div>
   <div class='ocr_carea' id='block_1_102' title="bbox 1992 4165 3641 4249">
    <p class='ocr_par' dir='ltr' id='par_1_102' title="bbox 1992 4165 3641 4249">
     <span class='ocr_line' id='line_1_102' title="bbox 1992 4165 3641 4249; baseline 0.007 -28"><span class='ocrx_word' id='word_1_622' title='bbox 1992 4181 2126 4221; x_wconf 89' lang='lat' dir='ltr'>cum</span> <span class='ocrx_word' id='word_1_623' title='bbox 2161 4182 2336 4221; x_wconf 85' lang='lat' dir='ltr'>uxore</span> <span class='ocrx_word' id='word_1_624' title='bbox 2367 4171 2423 4221; x_wconf 91' lang='lat' dir='ltr'>et</span> <span class='ocrx_word' id='word_1_625' title='bbox 2453 4165 2579 4235; x_wconf 83' lang='lat' dir='ltr'>filii,</span> <span class='ocrx_word' id='word_1_626' title='bbox 2612 4166 2715 4223; x_wconf 90' lang='lat' dir='ltr'>tali</span> <span class='ocrx_word' id='word_1_627' title='bbox 2748 4172 2968 4239; x_wconf 87' lang='lat' dir='ltr'>tenore,</span> <span class='ocrx_word' id='word_1_628' title='bbox 3009 4175 3074 4226; x_wconf 89' lang='lat' dir='ltr'>ut</span> <span class='ocrx_word' id='word_1_629' title='bbox 3120 4176 3241 4228; x_wconf 89' lang='lat' dir='ltr'>tam</span> <span class='ocrx_word' id='word_1_630' title='bbox 3290 4173 3416 4246; x_wconf 88' lang='lat' dir='ltr'>ipse</span> <span class='ocrx_word' id='word_1_631' title='bbox 3463 4191 3641 4249; x_wconf 89' lang='lat' dir='ltr'>quam</span> 
     </span>
    </p>
   </div>
   <div class='ocr_carea' id='block_1_103' title="bbox 1993 4252 3642 4334">
    <p class='ocr_par' dir='ltr' id='par_1_103' title="bbox 1993 4252 3642 4334">
     <span class='ocr_line' id='line_1_103' title="bbox 1993 4252 3642 4334; baseline 0.006 -24"><span class='ocrx_word' id='word_1_632' title='bbox 1993 4252 2184 4310; x_wconf 89' lang='lat' dir='ltr'>omnis</span> <span class='ocrx_word' id='word_1_633' title='bbox 2216 4253 2506 4310; x_wconf 88' lang='lat' dir='ltr'>successio</span> <span class='ocrx_word' id='word_1_634' title='bbox 2538 4256 2665 4327; x_wconf 86' lang='lat' dir='ltr'>ejus</span> <span class='ocrx_word' id='word_1_635' title='bbox 2696 4257 3112 4331; x_wconf 88' lang='lat' dir='ltr'>perpetualiter</span> <span class='ocrx_word' id='word_1_636' title='bbox 3161 4268 3543 4334; x_wconf 86' lang='lat' dir='ltr'>permaneant</span> <span class='ocrx_word' id='word_1_637' title='bbox 3582 4264 3642 4319; x_wconf 91' lang='lat' dir='ltr'>in</span> 
     </span>
    </p>
   </div>
   <div class='ocr_carea' id='block_1_104' title="bbox 1993 4342 3647 4426">
    <p class='ocr_par' dir='ltr' id='par_1_104' title="bbox 1993 4342 3647 4426">
     <span class='ocr_line' id='line_1_104' title="bbox 1993 4342 3647 4426; baseline 0.007 -28"><span class='ocrx_word' id='word_1_638' title='bbox 1993 4342 2226 4398; x_wconf 88' lang='lat' dir='ltr'>servitio</span> <span class='ocrx_word' id='word_1_639' title='bbox 2257 4342 2365 4398; x_wconf 93' lang='lat' dir='ltr'>loci</span> <span class='ocrx_word' id='word_1_640' title='bbox 2399 4343 2716 4415; x_wconf 87' lang='lat' dir='ltr'>ipsius.Et,</span> <span class='ocrx_word' id='word_1_641' title='bbox 2749 4351 2811 4401; x_wconf 93' lang='lat' dir='ltr'>ut</span> <span class='ocrx_word' id='word_1_642' title='bbox 2842 4346 2963 4403; x_wconf 70' lang='lat' dir='ltr'>hazc</span> <span class='ocrx_word' id='word_1_643' title='bbox 2994 4350 3295 4405; x_wconf 90' lang='lat' dir='ltr'>conventio</span> <span class='ocrx_word' id='word_1_644' title='bbox 3329 4352 3498 4408; x_wconf 84' lang='lat' dir='ltr'>firma</span> <span class='ocrx_word' id='word_1_645' title='bbox 3521 4370 3647 4426; x_wconf 90' lang='lat' dir='ltr'>per-</span> 
     </span>
    </p>
   </div>
   <div class='ocr_carea' id='block_1_105' title="bbox 1993 4432 3624 4512">
    <p class='ocr_par' dir='ltr' id='par_1_105' title="bbox 1993 4432 3624 4512">
     <span class='ocr_line' id='line_1_105' title="bbox 1993 4432 3624 4512; baseline 0.006 -25"><span class='ocrx_word' id='word_1_646' title='bbox 1993 4436 2247 4495; x_wconf 82' lang='lat' dir='ltr'>maneat,</span> <span class='ocrx_word' id='word_1_647' title='bbox 2282 4432 2387 4487; x_wconf 91' lang='lat' dir='ltr'>has</span> <span class='ocrx_word' id='word_1_648' title='bbox 2418 4432 2640 4489; x_wconf 88' lang='lat' dir='ltr'>litteras</span> <span class='ocrx_word' id='word_1_649' title='bbox 2685 4434 2743 4490; x_wconf 92' lang='lat' dir='ltr'>in</span> <span class='ocrx_word' id='word_1_650' title='bbox 2796 4436 3138 4492; x_wconf 86' lang='lat' dir='ltr'>membrana</span> <span class='ocrx_word' id='word_1_651' title='bbox 3169 4438 3290 4494; x_wconf 84' lang='lat' dir='ltr'>ﬁeri</span> <span class='ocrx_word' id='word_1_652' title='bbox 3315 4440 3491 4512; x_wconf 89' lang='lat' dir='ltr'>jussi,</span> <span class='ocrx_word' id='word_1_653' title='bbox 3528 4459 3624 4498; x_wconf 88' lang='lat' dir='ltr'>ma</span> 
     </span>
    </p>
   </div>
   <div class='ocr_carea' id='block_1_106' title="bbox 1994 4521 3643 4601">
    <p class='ocr_par' dir='ltr' id='par_1_106' title="bbox 1994 4521 3643 4601">
     <span class='ocr_line' id='line_1_106' title="bbox 1994 4521 3643 4601; baseline 0.006 -26"><span class='ocrx_word' id='word_1_654' title='bbox 1994 4538 2192 4592; x_wconf 90' lang='lat' dir='ltr'>nuque</span> <span class='ocrx_word' id='word_1_655' title='bbox 2224 4521 2456 4594; x_wconf 88' lang='lat' dir='ltr'>propria</span> <span class='ocrx_word' id='word_1_656' title='bbox 2485 4540 2583 4577; x_wconf 89' lang='lat' dir='ltr'>eas</span> <span class='ocrx_word' id='word_1_657' title='bbox 2615 4523 2859 4592; x_wconf 74' lang='lat' dir='ltr'>firmavi,</span> <span class='ocrx_word' id='word_1_658' title='bbox 2892 4530 2949 4580; x_wconf 89' lang='lat' dir='ltr'>et</span> <span class='ocrx_word' id='word_1_659' title='bbox 2980 4525 3214 4600; x_wconf 89' lang='lat' dir='ltr'>signum</span> <span class='ocrx_word' id='word_1_660' title='bbox 3252 4534 3464 4584; x_wconf 68' lang='lat' dir='ltr'>sanctae</span> <span class='ocrx_word' id='word_1_661' title='bbox 3494 4530 3643 4601; x_wconf 74' lang='lat'>(293)</span> 
     </span>
    </p>
   </div>
   <div class='ocr_carea' id='block_1_107' title="bbox 1997 4609 3647 4691">
    <p class='ocr_par' dir='ltr' id='par_1_107' title="bbox 1997 4609 3647 4691">
     <span class='ocr_line' id='line_1_107' title="bbox 1997 4609 3647 4691; baseline 0.007 -27"><span class='ocrx_word' id='word_1_662' title='bbox 1997 4609 2239 4682; x_wconf 89' lang='lat' dir='ltr'>imponi,</span> <span class='ocrx_word' id='word_1_663' title='bbox 2272 4628 2406 4665; x_wconf 90' lang='lat' dir='ltr'>cum</span> <span class='ocrx_word' id='word_1_664' title='bbox 2440 4628 2614 4666; x_wconf 84' lang='lat' dir='ltr'>uxore</span> <span class='ocrx_word' id='word_1_665' title='bbox 2645 4617 2702 4667; x_wconf 91' lang='lat' dir='ltr'>et</span> <span class='ocrx_word' id='word_1_666' title='bbox 2733 4612 2870 4669; x_wconf 85' lang='lat' dir='ltr'>ﬁliis</span> <span class='ocrx_word' id='word_1_667' title='bbox 2922 4615 3103 4684; x_wconf 90' lang='lat' dir='ltr'>meis;</span> <span class='ocrx_word' id='word_1_668' title='bbox 3156 4615 3370 4672; x_wconf 89' lang='lat' dir='ltr'>seniori</span> <span class='ocrx_word' id='word_1_669' title='bbox 3413 4635 3647 4691; x_wconf 87' lang='lat' dir='ltr'>quoque</span> 
     </span>
    </p>
   </div>
   <div class='ocr_carea' id='block_1_108' title="bbox 1998 4699 3644 4771">
    <p class='ocr_par' dir='ltr' id='par_1_108' title="bbox 1998 4699 3644 4771">
     <span class='ocr_line' id='line_1_108' title="bbox 1998 4699 3644 4771; baseline 0.006 -17"><span class='ocrx_word' id='word_1_670' title='bbox 1998 4716 2148 4765; x_wconf 89' lang='lat' dir='ltr'>meo,</span> <span class='ocrx_word' id='word_1_671' title='bbox 2183 4699 2418 4755; x_wconf 89' lang='lat' dir='ltr'>nomine</span> <span class='ocrx_word' id='word_1_672' title='bbox 2450 4700 2793 4756; x_wconf 89' lang='lat' dir='ltr'>Waleranno</span> <span class='ocrx_word' id='word_1_673' title='bbox 2818 4703 3101 4771; x_wconf 72' lang='lat' dir='ltr'>(494),eas</span> <span class='ocrx_word' id='word_1_674' title='bbox 3131 4705 3346 4761; x_wconf 87' lang='lat' dir='ltr'>obtulit</span> <span class='ocrx_word' id='word_1_675' title='bbox 3376 4708 3644 4764; x_wconf 71' lang='lat' dir='ltr'>coarobo-</span> 
     </span>
    </p>
   </div>
   <div class='ocr_carea' id='block_1_109' title="bbox 1998 4787 3648 4862">
    <p class='ocr_par' dir='ltr' id='par_1_109' title="bbox 1998 4787 3648 4862">
     <span class='ocr_line' id='line_1_109' title="bbox 1998 4787 3648 4862; baseline 0.007 -20"><span class='ocrx_word' id='word_1_676' title='bbox 1998 4788 2397 4853; x_wconf 88' lang='lat' dir='ltr'>randas.Quas</span> <span class='ocrx_word' id='word_1_677' title='bbox 2420 4787 2469 4843; x_wconf 92' lang='lat' dir='ltr'>si</span> <span class='ocrx_word' id='word_1_678' title='bbox 2492 4789 2623 4861; x_wconf 92' lang='lat' dir='ltr'>quis</span> <span class='ocrx_word' id='word_1_679' title='bbox 2651 4795 2956 4862; x_wconf 90' lang='lat' dir='ltr'>parentum</span> <span class='ocrx_word' id='word_1_680' title='bbox 2983 4809 3245 4849; x_wconf 87' lang='lat' dir='ltr'>meorum</span> <span class='ocrx_word' id='word_1_681' title='bbox 3272 4794 3393 4852; x_wconf 91' lang='lat' dir='ltr'>sive</span> <span class='ocrx_word' id='word_1_682' title='bbox 3422 4813 3648 4854; x_wconf 89' lang='lat' dir='ltr'>succes-</span> 
     </span>
    </p>
   </div>
   <div class='ocr_carea' id='block_1_110' title="bbox 1999 4878 3646 4946">
    <p class='ocr_par' dir='ltr' id='par_1_110' title="bbox 1999 4878 3646 4946">
     <span class='ocr_line' id='line_1_110' title="bbox 1999 4878 3646 4946; baseline 0.006 -14"><span class='ocrx_word' id='word_1_683' title='bbox 1999 4893 2198 4932; x_wconf 89' lang='lat' dir='ltr'>sorum</span> <span class='ocrx_word' id='word_1_684' title='bbox 2250 4893 2513 4932; x_wconf 89' lang='lat' dir='ltr'>meorum</span> <span class='ocrx_word' id='word_1_685' title='bbox 2571 4878 3004 4946; x_wconf 84' lang='lat' dir='ltr'>contradixerit,</span> <span class='ocrx_word' id='word_1_686' title='bbox 3061 4881 3151 4938; x_wconf 87' lang='lat' dir='ltr'>vel</span> <span class='ocrx_word' id='word_1_687' title='bbox 3204 4885 3646 4942; x_wconf 88' lang='lat' dir='ltr'>conventionem</span> 
     </span>
    </p>
   </div>
   <div class='ocr_carea' id='block_1_111' title="bbox 1998 4965 3645 5042">
    <p class='ocr_par' dir='ltr' id='par_1_111' title="bbox 1998 4965 3645 5042">
     <span class='ocr_line' id='line_1_111' title="bbox 1998 4965 3645 5042; baseline 0.005 -22"><span class='ocrx_word' id='word_1_688' title='bbox 1998 4965 2298 5021; x_wconf 88' lang='lat' dir='ltr'>destruere</span> <span class='ocrx_word' id='word_1_689' title='bbox 2330 4966 2716 5037; x_wconf 88' lang='lat' dir='ltr'>temptaverit,</span> <span class='ocrx_word' id='word_1_690' title='bbox 2724 4968 2923 5039; x_wconf 90' lang='lat' dir='ltr'>jaculo</span> <span class='ocrx_word' id='word_1_691' title='bbox 2954 4973 3162 5026; x_wconf 70' lang='lat' dir='ltr'>eternaa</span> <span class='ocrx_word' id='word_1_692' title='bbox 3195 4971 3645 5042; x_wconf 89' lang='lat' dir='ltr'>maledictionis,</span> 
     </span>
    </p>
   </div>
   <div class='ocr_carea' id='block_1_112' title="bbox 1999 5048 3647 5135">
    <p class='ocr_par' dir='ltr' id='par_1_112' title="bbox 1999 5048 3647 5135">
     <span class='ocr_line' id='line_1_112' title="bbox 1999 5048 3647 5135; baseline 0.007 -27"><span class='ocrx_word' id='word_1_693' title='bbox 1999 5071 2133 5109; x_wconf 88' lang='lat' dir='ltr'>cum</span> <span class='ocrx_word' id='word_1_694' title='bbox 2156 5054 2188 5109; x_wconf 91' lang='lat' dir='ltr'><strong>J</strong></span> <span class='ocrx_word' id='word_1_695' title='bbox 2194 5054 2311 5108; x_wconf 90' lang='lat' dir='ltr'>uda</span> <span class='ocrx_word' id='word_1_696' title='bbox 2333 5048 3449 5135; x_wconf 77' lang='lat' dir='ltr'>proditore,subjaceat.Subscripsimus</span> <span class='ocrx_word' id='word_1_697' title='bbox 3469 5063 3647 5119; x_wconf 90' lang='lat' dir='ltr'>etiam</span> 
     </span>
    </p>
   </div>
   <div class='ocr_carea' id='block_1_113' title="bbox 1999 5142 3645 5208">
    <p class='ocr_par' dir='ltr' id='par_1_113' title="bbox 1999 5142 3645 5208">
     <span class='ocr_line' id='line_1_113' title="bbox 1999 5142 3645 5208; baseline 0.006 -10"><span class='ocrx_word' id='word_1_698' title='bbox 1999 5147 2178 5198; x_wconf 88' lang='lat' dir='ltr'>testes</span> <span class='ocrx_word' id='word_1_699' title='bbox 2208 5142 2511 5200; x_wconf 90' lang='lat' dir='ltr'>audientes</span> <span class='ocrx_word' id='word_1_700' title='bbox 2534 5149 2591 5199; x_wconf 90' lang='lat' dir='ltr'>et</span> <span class='ocrx_word' id='word_1_701' title='bbox 2618 5144 3645 5208; x_wconf 82' lang='lat' dir='ltr'>videntes.Hilduardus.Ricuardus.</span> 
     </span>
    </p>
   </div>
   <div class='ocr_carea' id='block_1_114' title="bbox 1998 5230 3649 5304">
    <p class='ocr_par' dir='ltr' id='par_1_114' title="bbox 1998 5230 3649 5304">
     <span class='ocr_line' id='line_1_114' title="bbox 1998 5230 3649 5304; baseline 0.007 -19"><span class='ocrx_word' id='word_1_702' title='bbox 1998 5230 2152 5286; x_wconf 81' lang='lat' dir='ltr'>Milo.</span> <span class='ocrx_word' id='word_1_703' title='bbox 2188 5231 2658 5289; x_wconf 89' lang='lat' dir='ltr'>Guinemundus.</span> <span class='ocrx_word' id='word_1_704' title='bbox 2691 5234 3009 5293; x_wconf 89' lang='lat' dir='ltr'>Johannes.</span> <span class='ocrx_word' id='word_1_705' title='bbox 3052 5237 3355 5297; x_wconf 88' lang='lat' dir='ltr'>Albaldus.</span> <span class='ocrx_word' id='word_1_706' title='bbox 3389 5241 3649 5304; x_wconf 78' lang='lat' dir='ltr'>Guarne-</span> 
     </span>
    </p>
   </div>
   <div class='ocr_carea' id='block_1_115' title="bbox 1998 5337 2208 5376">
    <p class='ocr_par' dir='ltr' id='par_1_115' title="bbox 1998 5337 2208 5376">
     <span class='ocr_line' id='line_1_115' title="bbox 1998 5337 2208 5376; baseline 0.005 -1"><span class='ocrx_word' id='word_1_707' title='bbox 1998 5337 2143 5376; x_wconf 84' lang='lat' dir='ltr'>mus.</span> <span class='ocrx_word' id='word_1_708' title='bbox 2180 5341 2208 5369; x_wconf 75' lang='lat'><strong><em>”</em></strong></span> 
     </span>
    </p>
   </div>
   <div class='ocr_carea' id='block_1_116' title="bbox 331 5584 2761 5664">
    <p class='ocr_par' dir='ltr' id='par_1_116' title="bbox 331 5584 2761 5664">
     <span class='ocr_line' id='line_1_116' title="bbox 331 5584 2761 5664; baseline 0.002 -19"><span class='ocrx_word' id='word_1_709' title='bbox 331 5586 462 5661; x_wconf 71' lang='grc'>194)</span> <span class='ocrx_word' id='word_1_710' title='bbox 493 5586 554 5645; x_wconf 84' lang='lat' dir='ltr'>Is</span> <span class='ocrx_word' id='word_1_711' title='bbox 569 5591 659 5644; x_wconf 89' lang='lat' dir='ltr'>est</span> <span class='ocrx_word' id='word_1_712' title='bbox 683 5603 882 5644; x_wconf 90' lang='lat' dir='ltr'>comes</span> <span class='ocrx_word' id='word_1_713' title='bbox 900 5585 1188 5643; x_wconf 84' lang='lat' dir='ltr'>Mellentis</span> <span class='ocrx_word' id='word_1_714' title='bbox 1209 5584 1804 5655; x_wconf 87' lang='lat' dir='ltr'>castri,Walerannus</span> <span class='ocrx_word' id='word_1_715' title='bbox 1826 5588 1894 5657; x_wconf 93' lang='lat' dir='ltr'><strong>II,</strong></span> <span class='ocrx_word' id='word_1_716' title='bbox 1936 5589 2007 5646; x_wconf 90' lang='lat' dir='ltr'>de</span> <span class='ocrx_word' id='word_1_717' title='bbox 2037 5606 2155 5662; x_wconf 89' lang='lat' dir='ltr'>quo</span> <span class='ocrx_word' id='word_1_718' title='bbox 2187 5606 2384 5662; x_wconf 89' lang='lat' dir='ltr'>supra,</span> <span class='ocrx_word' id='word_1_719' title='bbox 2419 5607 2545 5664; x_wconf 89' lang='lat' dir='ltr'>cap.</span> <span class='ocrx_word' id='word_1_720' title='bbox 2575 5590 2761 5649; x_wconf 88' lang='lat' dir='ltr'><strong>XLIV.</strong></span> 
     </span>
    </p>
   </div>
  </div>
