3968 6080
158 241 282 304 317

791 238 1050 301 VETUS
1094 236 1385 300 AGANO.
1427 270 1498 282 —
1524 238 1671 299 LIB.
1718 237 1850 301 VII.
1896 236 2341 300 LANDRIGUS
2388 237 2490 300 ΕΤ
2533 239 2986 302 HUBERTUS.
3032 266 3040 269 -

3476 240 3595 304 318

160 374 329 433 ﬁlius
348 371 615 431 Hilduini
637 372 708 429 de
722 370 1165 439 AblaniMonte;
1191 371 1522 427 Bernardus
1544 371 1613 426 de
1627 370 1817 441 Prato;
1858 374 1910 440 Α
1939 369 2230 426 aecclesiae.
2264 368 2507 438 Deinde,
2538 369 2856 445 instigante
2887 370 3139 442 diabolo,
3172 372 3442 446 quaedam
3486 392 3594 434 ne-
3644 370 3653 373 τ

162 461 681 531 Huboldus,ﬁlius
711 461 977 529 Martini;
1012 461 1373 517 Gausbertus
1430 462 1656 533 major;
1696 460 1826 516 Bol-

163 551 581 622 dardus,tilius
612 549 1145 609 Rainardi.Paulus
1178 549 1413 622 scripsit
1444 549 1827 606 monachus.»

672 638 1091 697 CAPITULUM
1134 638 1320 695 LVIII.

494 732 571 788 De
599 730 755 801 Aigae
785 729 945 786 Curte
972 729 1101 785 data
1131 746 1165 785 α
1196 727 1507 785 Geretrude.

799 820 989 893 (Anno
1024 818 1206 890 1062.)

235 935 265 961 ι(
292 915 363 967 In
386 909 628 966 nomine
650 913 866 966 sancta
888 912 945 965 et
966 907 1277 963 individuae
1300 907 1626 979 Trinitatis,
1645 908 1833 964 Patris

165 1006 225 1059 et
246 999 382 1058 Filii
414 1004 475 1056 et
498 998 753 1072 Spiritus
772 998 987 1054 Sancti.
1005 998 1149 1054 Cum
1176 1002 1416 1053 cunctos
1441 1003 1673 1054 maneat
1707 1015 1834 1054 sors

164 1087 592 1163 inreparabilis
611 1086 1236 1159 horae,przecavendum
1263 1092 1352 1142 est
1384 1086 1700 1160 unicuique
1732 1104 1835 1143 no-

164 1183 387 1246 strum,
421 1194 497 1234 ne
525 1181 721 1233 teneat
750 1175 943 1232 levum
975 1175 1104 1245 iter,
1134 1176 1470 1231 tendentem
1512 1176 1584 1231 ad
1634 1194 1837 1250 poenas

164 1266 425 1337 inferni;
452 1271 544 1325 set
568 1281 938 1337 summopere
960 1264 1251 1321 custodiat
1263 1264 1509 1337 justitiae
1540 1267 1836 1333 semitam,

166 1357 491 1415 ducentem
545 1356 619 1412 ad
668 1371 927 1412 amoenas
976 1359 1204 1410 aeterna:
1247 1354 1377 1410 vitae
1438 1355 1626 1423 sedes,
1659 1372 1838 1428 quam

166 1446 419 1520 quidem
452 1444 749 1502 custodire
781 1443 1031 1517 quisque
1063 1444 1296 1517 poterit,
1328 1444 1377 1500 si
1411 1443 1704 1501 mandatis
1735 1446 1841 1501 Do-

1936 459 2052 533 ptis
2082 458 2477 532 ejus,nomine
2499 458 2894 534 Hildeburgis,
2910 479 3055 517 uxor
3075 460 3297 519 scilicet
3317 463 3594 522 Rodberti

1938 548 2144 605 militis
2176 549 2245 604 de
2276 552 2467 605 castro
2491 548 2815 620 Ebroico,vi
2846 554 2903 606 et
2933 549 3181 607 seculari
3213 551 3474 624 potentia
3502 553 3592 611 in-

1937 638 2089 695 vasit
2119 637 2317 694 omnia
2348 656 2475 710 qua:
2508 643 2711 695 sancto
2744 639 2909 695 Petro
2943 644 3256 698 matertera
3309 642 3462 714 ejus,
3491 659 3597 715 pro

1941 747 2048 786 sua
2079 727 2403 785 contulerat
2432 728 2651 798 anima,
2686 733 2742 784 et
2790 730 3106 785 Dominum
3157 734 3214 786 et
3264 730 3596 803 apostolum

1941 818 2070 889 ejus
2104 819 2359 887 Petrum,
2393 821 2513 873 tam
2545 817 2675 890 ipsa
2722 835 2900 890 quam
2954 819 3268 890 praedictus
3319 820 3409 875 vir
3445 821 3594 893 ejus,

1943 906 2505 974 exhereditaverunt,
2551 911 2607 963 et
2656 908 2989 964 mundanos
3037 908 3305 964 homines
3355 909 3599 968 heredes

1945 999 2131 1053 tacere
2164 996 2516 1053 maluerunt.
2551 997 2631 1053 De
2661 1014 2913 1069 quorum
2945 996 3197 1054 facinore
3229 1015 3334 1054 nos
3364 998 3598 1057 interim

1943 1089 2221 1154 tacentes,
2256 1086 2391 1155 Deo,
2424 1086 2746 1159 equissimo
2768 1086 2979 1158 judici,
3010 1087 3465 1146 examinandum
3494 1087 3602 1147 lin-

1948 1175 2207 1248 quimus.

2474 1264 2891 1321 CAPITULUM
2933 1264 3073 1321 LIX.

2336 1358 2407 1410 De
2436 1353 2738 1411 redditione
2765 1354 2961 1411 Geneth
2993 1354 3171 1413 Villae.

2573 1445 2760 1513 (Anno
2795 1445 2978 1514 1066.)

168 1536 321 1593 mini
354 1534 615 1591 inianter
643 1532 900 1589 oboedire
921 1532 1193 1588 vuluerit.
1216 1532 1590 1589 Dominicum
1613 1550 1845 1607 quoque

166 1633 537 1699 praeceptum
569 1627 677 1694 est,
703 1627 770 1679 ut
798 1638 910 1678 sua
940 1620 1211 1695 quisque,
1236 1640 1339 1695 pro
1372 1622 1474 1678 Dei
1505 1623 1843 1689 amore,lar-

169 1715 402 1789 giatur:
440 1712 523 1769 ait
549 1712 709 1769 enim
736 1728 750 1767 :
784 1717 933 1768 Date
961 1718 1013 1767 et
1038 1710 1264 1768 dabitur
1290 1712 1476 1780 vobis;
1507 1716 1583 1782 et,
1610 1715 1842 1784 quieun-

2026 1554 2054 1583 «
2087 1532 2150 1587 In
2181 1531 2418 1588 nomine
2450 1531 2664 1589 ’Patris
2721 1536 2779 1589 et
2828 1532 2956 1589 Filii
2997 1536 3054 1589 et
3098 1532 3350 1606 Spiritus
3380 1534 3598 1593 Sancti.

1950 1620 2130 1677 Adela
2160 1638 2304 1676 uxor
2334 1622 2629 1693 quondam
2678 1621 2918 1678 lluberti
2967 1621 3170 1678 militis
3219 1623 3288 1679 de
3330 1623 3604 1682 Medanta

1954 1714 2294 1778 castro,tam
2317 1710 2705 1782 praesentibus
2738 1716 2949 1767 sancta:
2981 1711 3082 1767 Dei
3113 1711 3385 1768 aacclesiaa
3418 1713 3602 1771 fideli-

170 1820 276 1878 que
300 1801 518 1859 dederit
548 1802 779 1857 calicem
803 1815 973 1873 aqua:
999 1799 1230 1872 [rigidae
1258 1808 1470 1856 tantum
1524 1802 1583 1856 in
1627 1804 1849 1858 nomine
1877 1799 1923 1814 "
1958 1800 2067 1855 bus
2097 1816 2273 1872 quam
2304 1799 2538 1867 futuris,
2573 1803 2775 1855 notum
2806 1817 2934 1857 esse
2959 1800 3107 1870 volo,
3143 1800 3419 1875 quoniam
3442 1807 3607 1876 pater

170 1909 310 1961 meo,
346 1908 511 1947 amen
561 1890 682 1948 dico
730 1891 902 1957 vobis,
936 1905 1049 1946 non
1092 1889 1283 1962 perdet
1324 1890 1624 1946 mercedem
1666 1908 1847 1947 auam-
1957 1888 2065 1944 viri
2088 1888 2202 1944 mei
2227 1888 2497 1961 superius
2528 1888 3113 1956 memorati,Gisberti
3145 1892 3372 1948 abbatis
3403 1909 3605 1950 mona-

172 1983 276 2040 His
306 1986 368 2038 et
392 1980 529 2037 aliis
558 1980 661 2036 Dei
692 1978 1109 2051 omnipotentis
1149 1978 1344 2047 dtctis,
1378 1996 1483 2053 ego
1536 1981 1847 2052 peccatrix,
1958 1978 2322 2050 chorumque
2354 1981 2692 2034 sanctorum
2725 1978 3121 2051 apostolorum
3156 1980 3306 2036 Petri
3346 1986 3403 2039 et
3442 1981 3605 2039 Pauli

174 2069 523 2130 Geretrudis
554 2068 1146 2139 nomine,secundum
1170 2068 1352 2124 seculi
1375 2070 1715 2142 dignitatem
1735 2089 1850 2127 non
1959 2066 2203 2127 coenobii
2255 2066 2625 2123 Carnotensis
2662 2067 3031 2140 praesentiam
3080 2068 3383 2127 humiliter
3437 2072 3603 2141 adiit,

173 2161 405 2218 inﬁmis
434 2158 784 2233 parentibus
815 2163 964 2227 orta,
998 2157 1413 2227 libentissime,
1449 2159 1509 2213 in
1562 2164 1850 2232 quantum
1958 2161 2161 2228 petens
2189 2155 2397 2211 obnixe
2446 2160 2509 2211 ut
2557 2156 2669 2212 sibi
2719 2160 2775 2211 et
2822 2157 3055 2230 conjugi
3107 2157 3352 2232 propriae
3388 2159 3607 2233 unique

175 2248 455 2325 praevalet
486 2265 619 2304 mea
646 2246 1129 2320 pusillanimitas,
1160 2247 1395 2304 obedire
1433 2248 1699 2316 studens,
1731 2248 1850 2313 alo-~
1959 2262 2161 2302 eorum
2193 2244 2413 2317 heredi,
2446 2245 2506 2300 in
2540 2261 2718 2300 manu
2750 2245 2919 2301 ﬁrma
2948 2246 3300 2304 censualiter
3327 2251 3605 2307 concede-

178 2342 322 2397 dum
356 2338 874 2412 quendam,quem
898 2338 1053 2410 jure,
1076 2337 1293 2404 videor,
1319 2337 1589 2409 possideo
1617 2337 1676 2393 in
1708 2339 1854 2412 Aiga
1961 2339 2089 2390 rent
2118 2339 2331 2390 terram
2359 2334 2581 2390 scilicet
2607 2334 2829 2390 Geneth
2862 2334 3044 2404 Villae,
3071 2353 3197 2409 quae
3219 2340 3308 2393 est
3336 2337 3393 2392 in
3424 2338 3609 2397 Vilca—

178 2428 384 2494 Curte,
418 2428 540 2483 Deo
589 2426 979 2499 omnipotenti
1026 2431 1082 2482 et
1130 2427 1343 2483 Sancte
1390 2430 1559 2482 Petro
1603 2428 1851 2491 Gesiaci,
1961 2423 2075 2480 sini
2107 2423 2423 2492 territorio;
2457 2441 2584 2496 quae
2616 2424 2788 2480 tertia
2814 2423 2990 2480 etiam
3027 2442 3162 2498 pars
3191 2426 3338 2483 villae
3368 2427 3608 2486 videba-

178 2517 340 2575 cella
390 2515 629 2577 scilicet.
667 2515 916 2572 cuenobii
973 2515 1366 2585 Carnotensis,
1411 2520 1545 2589 post
1604 2522 1851 2575 mortem
1961 2517 2059 2569 tur
2087 2530 2233 2581 esse,
2267 2514 2438 2584 cujus
2468 2513 2776 2585 antiquum
2810 2513 3177 2583 vocabulum,
3204 2516 3340 2588 quia
3364 2534 3607 2590 praesen-

176 2624 397 2674 meam,
432 2604 789 2662 hereditario
811 2607 948 2677 jure
979 2605 1424 2678 possidendum,
1460 2623 1687 2675 annuo;
1715 2624 1855 2680 qua-
1960 2602 2119 2658 tibus
2140 2607 2229 2659 est
2245 2602 2963 2675 perincognitum,futuris
2981 2603 3353 2661 scribendum
3368 2606 3609 2664 minime

176 2696 342 2752 tinus
370 2694 557 2763 idem,
590 2695 683 2751 eui
716 2712 751 2751 a
780 2694 1021 2751 Domino
1051 2698 1139 2750 est
1176 2695 1401 2750 dictum
1439 2712 1451 2750 :
1487 2700 1854 2769 Quaecunque

178 2787 449 2857 ligaveris
495 2800 663 2857 super
711 2791 934 2852 terram,
967 2791 1128 2839 erunt
1167 2785 1335 2855 ligata
1380 2792 1432 2839 et
1479 2786 1540 2839 in
1569 2785 1738 2853 creto,-
1770 2790 1850 2852 et,

176 2890 542 2951 quacumque
568 2874 797 2931 solveris
825 2890 989 2946 super
1016 2881 1238 2941 terram,
1288 2880 1453 2929 erunt
1498 2874 1677 2930 soluta
1713 2883 1763 2931 et
1793 2878 1854 2931 in

177 2966 340 3033 aeto,-
359 2961 607 3020 vincula
622 2962 892 3020 videlicet
929 2967 1303 3036 peccatorum
1326 2978 1593 3018 meorum
1620 2963 1851 3037 meique
1960 2976 2093 3016 cum
2118 2960 2325 3015 animai
2348 2977 2467 3015 suae
2489 2959 2858 3027 detrimento,
2881 2960 3009 3016 sine
3049 2962 3251 3031 dubio,
3270 2963 3478 3020 exinde
3505 2981 3613 3038 pa-

183 3052 482 3127 conjugis,
514 3052 754 3109 nomine
784 3051 1068 3120 Hilduini,
1104 3050 1211 3107 filii
1245 3051 1530 3118 Hermari,
1561 3056 1617 3108 et
1643 3070 1851 3125 paren-
1893 3121 1923 3127 _
1962 3049 2224 3105 radisum
2256 3049 2655 3121 perdiderunt.
2672 3049 2752 3105 De
2785 3066 3034 3121 quorum
3067 3067 3310 3107 numero
3340 3051 3469 3125 ipsa
3489 3070 3617 3126 pec-

182 3148 310 3199 tum
338 3140 847 3210 meorum,solvat,
873 3142 1141 3213 nejudex
1157 3141 1540 3214 equissimus,
1563 3141 1621 3196 in
1645 3142 1853 3200 ultimo
1883 3121 1924 3186 C
1959 3137 2159 3206 catrix,
2196 3142 2432 3210 peccata
2472 3138 2725 3210 peccatis
2770 3137 3050 3210 adiciens,
3085 3140 3193 3195 sub
3224 3141 3615 3200 anathematis

1960 2691 2375 2764 perpendimus
2388 2708 2515 2748 esse
2538 2692 3099 2765 profuturum.Hanc
3117 2694 3367 2768 denique
3392 2700 3611 2754 terram

1961 2781 2103 2836 dum
2136 2780 2423 2847 vixerunt,
2448 2782 2584 2853 jure
2613 2781 2878 2851 heredes,
2910 2781 3019 2837 visi
3051 2787 3191 2840 sunt
3239 2801 3355 2840 non
3396 2785 3613 2858 injuste

1960 2870 2391 2943 possidere.Cui
2415 2875 2611 2926 autem
2631 2875 2762 2943 post
2785 2887 2883 2926 eos
2909 2874 3250 2945 usurpando
3272 2876 3611 2947 tenuerunt,

184 3231 477 3300 examine,
503 3248 641 3287 cum
665 3231 928 3305 reprobis
950 3231 1023 3286 ad
1046 3230 1363 3287 infernales
1389 3248 1593 3303 poenas
1631 3230 1854 3288 mittatf

184 3326 274 3378 set
301 3320 473 3376 illam
507 3320 679 3377 nobis
710 3319 1056 3376 melliiluam
1086 3336 1287 3376 vocem
1319 3318 1553 3385 inferat,
1588 3337 1705 3392 qua
1753 3322 1858 3377 de-

187 3408 478 3466 mulcebit
522 3408 705 3480 justis
758 3408 1031 3482 inquiens
1067 3425 1081 3465 :
1116 3410 1315 3476 Venite,
1362 3408 1627 3464 benedicti
1675 3412 1859 3467 Patria

185 3497 595 3572 mei,pouidete
614 3514 845 3568 regnum
868 3498 1009 3570 quod
1026 3506 1285 3571 paratum
1304 3506 1384 3554 est
1401 3498 1552 3554 vobis
1562 3499 1630 3554 ab
1643 3500 1860 3569 origine

184 3588 409 3645 mundi.
443 3587 735 3656 Concedo,
768 3587 1033 3661 inquam,
1064 3586 1255 3660 ipsius
1287 3586 1440 3643 alodi
1468 3592 1683 3644 terram
1742 3589 1859 3644 cul‘

1964 3225 2217 3294 vinculo,
2243 3244 2344 3299 per
2363 3226 2456 3282 XX
2472 3230 2529 3282 et
2548 3226 2803 3300 amplius
2825 3244 3012 3284 annos
3032 3232 3163 3301 post
3182 3228 3289 3284 viri
3310 3230 3425 3286 mei
3460 3248 3615 3288 mor-

1966 3319 2106 3380 tem,
2142 3320 2342 3371 contra
2370 3316 2457 3371 fas
2486 3333 2601 3371 non
2628 3315 2798 3372 timui
2853 3316 3031 3372 michi
3077 3316 3343 3374 retinere.
3375 3319 3613 3391 Verum,

1967 3404 2246 3477 qniajam
2280 3422 2426 3460 anus
2446 3405 2506 3460 in
2529 3405 2707 3476 hujus
2726 3405 2851 3461 vita:
2876 3406 3051 3462 metis
3070 3407 3279 3479 pedem
3301 3407 3561 3482 impono,
3583 3427 3619 3467 a

1967 3493 2120 3550 malo
2145 3494 2431 3567 principio
2452 3511 2586 3549 eum
2608 3493 2829 3551 salubri
2853 3495 3097 3552 consilio
3120 3496 3410 3554 retrahere
3422 3498 3613 3572 cupio.

1966 3585 2087 3651 Quo
2119 3584 2282 3639 aditu
2316 3583 2373 3638 id
2403 3583 2624 3639 valeam
2676 3584 2882 3653 facere,
2915 3583 3046 3658 ipsa
3092 3586 3425 3644 communis
3468 3587 3615 3645 ratio

178 3683 301 3734 tam
335 3680 396 3734 et
425 3675 739 3742 incultam,
764 3675 1048 3750 irriguam
1079 3681 1138 3732 et
1167 3676 1416 3743 aridam,
1449 3680 1618 3748 prata
1659 3681 1717 3733 et
1756 3677 1855 3733 sil-

174 3767 656 3840 vam,ingressus
685 3765 816 3838 ejus
845 3770 903 3821 et
932 3766 1328 3837 exitus,atquc
1360 3764 1631 3821 aecclesiae
1664 3771 1856 3838 partes

174 3856 324 3914 duas
355 3872 495 3928 quae
539 3859 683 3911 sunt
723 3855 839 3911 mei
880 3854 1056 3927 juris.
1087 3853 1358 3919 Quandiu
1408 3859 1606 3911 autem
1657 3854 1854 3912 vivens

175 3948 382 4002 tenere
413 3942 680 4011 voluero,
715 3945 786 4000 de
815 3944 1153 4017 supradicto
1184 3943 1353 4000 alodo
1395 3943 1544 3999 duos
1595 3943 1855 4017 hospites

171 4037 415 4090 tantum
445 4033 800 4089 investitura
817 4033 1029 4090 Sancto
1055 4033 1242 4099 Petro,
1260 4042 1445 4088 unum
1479 4032 1701 4089 scilicet
1722 4052 1852 4106 pro-

172 4124 303 4196 pria
328 4122 665 4191 voluntate,
699 4122 947 4179 alterum
979 4122 1203 4195 praefati
1235 4121 1506 4194 conjugis
1537 4122 1653 4178 mei
1706 4125 1853 4196 peti-

175 4212 357 4268 tione.
377 4212 546 4267 Hanc
567 4215 762 4268 autem
787 4210 1074 4267 cartulam
1095 4210 1370 4267 manibus
1394 4211 1855 4286 nominibusque

1964 3673 2170 3744 pandit
2214 3672 2479 3728 videlicet
2528 3678 2593 3728 ut
2633 3673 2812 3745 hujus
2860 3672 3279 3731 immanissimi
3339 3676 3614 3736 facinoris

1963 3760 2253 3833 postulem
2283 3760 2535 3831 veniam,
2573 3779 2697 3833 quae
2731 3762 2882 3819 male
2914 3763 3075 3819 tenui
3106 3764 3429 3822 dimittens.
3451 3765 3614 3824 Unde

1965 3868 2121 3907 nunc
2145 3851 2334 3923 ipsam
2375 3867 2617 3906 manum
2661 3852 2893 3907 firmam
2942 3851 3199 3925 primum
3250 3854 3448 3923 reddo,
3478 3860 3614 3913 ante

1964 3940 2246 3996 domnum
2275 3945 2542 3996 nostrum
2583 3939 2856 3996 comitem
2900 3941 3218 3998 Radulfum
3266 3944 3511 4017 ejusque
3542 3945 3613 4001 ﬁ-

1960 4029 2128 4095 lium,
2153 4029 2387 4086 nomine
2407 4029 3000 4101 Walterium,terram
3030 4048 3161 4088 vero
3194 4032 3450 4090 retinens
3480 4033 3614 4091 bre-

1958 4118 2211 4175 vissimae
2267 4119 2395 4174 vitae
2458 4136 2597 4175 meae
2652 4119 3070 4178 necessariam.
3111 4122 3428 4195 Postquam
3476 4140 3613 4198 ergo

1962 4209 2235 4265 defuncta
2266 4209 2447 4277 fucro,
2482 4208 2645 4264 nulla
2675 4208 3026 4282 refragante,
3058 4209 3310 4268 habeant
3341 4213 3613 4270 monachi

174 4300 437 4374 propriis
454 4300 836 4357 corroborare
853 4299 1212 4366 volumus,et
1239 4300 1579 4357 nominibus
1602 4300 1852 4357 aliorum
1962 4298 2159 4355 Sancti
2183 4298 2332 4354 Petri
2364 4298 2552 4371 ipsam
2584 4302 2801 4353 terram
2841 4302 3121 4371 perpetuo
3169 4300 3609 4371 possidendam.

174 4389 552 4446 corroborari
586 4388 831 4461 dignum
853 4389 1150 4457 duximus,
1175 4393 1259 4456 ut,
1285 4389 1333 4446 si
1360 4390 1503 4445 forte
1535 4389 1850 4462 aliquando
1965 4387 2105 4443 Huic
2136 4404 2366 4460 quoque
2397 4386 2709 4443 redditioni
2742 4387 3120 4460 praebuerunt
3150 4404 3459 4444 assensum
3488 4391 3613 4446 An-

174 4478 364 4552 (qnod
394 4476 615 4548 absit!)
648 4479 999 4535 attaminare
1047 4477 1295 4535 voluerit
1350 4478 1697 4551 inscriptam
1748 4497 1849 4536 no-
1882 4497 1929 4560 D
1961 4476 2225 4533 scherius
2254 4492 2432 4549 gener
2462 4492 2627 4533 meus
2659 4480 2717 4533 et
2747 4476 2880 4532 filiae
2912 4478 3061 4550 ejus,
3093 4493 3344 4549 quarum
3374 4478 3615 4536 nomina

178 4572 370 4625 stram
400 4566 562 4623 hanc
592 4566 890 4625 dationem
925 4584 1104 4641 quam
1153 4567 1423 4635 fecimus,
1458 4568 1851 4625 anathematis
1960 4569 2101 4621 sunt
2129 4564 2249 4620 haec
2274 4582 2286 4620 :
2312 4565 2539 4633 Havisa,
2565 4565 2862 4634 Mahildis,
2900 4566 3119 4636 Avicia,
3149 4565 3348 4635 Adela,
3383 4566 3615 4625 Helvisa

168 4655 386 4731 jugulo
419 4655 671 4712 feriatur
694 4662 752 4713 et
781 4662 917 4713 ante
956 4657 1190 4729 judices
1240 4655 1419 4728 digna
1467 4655 1593 4730 lege
1641 4658 1853 4713 acriter
1961 4654 2354 4728 quoque,jam
2385 4656 2697 4727 conjugata
2716 4671 2850 4710 cum
2880 4656 3003 4713 viro
3035 4673 3141 4713 suo
3169 4655 3429 4712 statuali.
3463 4656 3614 4724 Quia

175 4745 532 4819 castigatus,
566 4749 685 4803 tres
709 4746 836 4803 auri
866 4747 1049 4803 libras
1081 4745 1265 4803 solvat
1294 4750 1352 4800 et
1379 4745 1506 4816 ejus
1546 4746 1712 4802 nisus
1744 4748 1856 4802 mi-
1954 4762 2086 4800 vero
2117 4744 2175 4799 in
2208 4743 2402 4799 locum
2434 4760 2618 4799 unum
2671 4760 2769 4799 eas
2816 4744 3084 4818 colligere
3129 4744 3522 4818 nequivimus,
3555 4750 3613 4802 et

176 4834 340 4891 nime
371 4833 585 4890 valeat.
621 4836 833 4892 Actum
881 4839 971 4892 est
1015 4834 1126 4892 hoc
1174 4834 1431 4891 secundo
1475 4851 1628 4889 anno
1677 4837 1841 4909 regni
1951 4839 2079 4894 loca
2108 4831 2345 4906 singula
2373 4831 2433 4887 in
2465 4832 2678 4904 quibus
2708 4838 3089 4889 assenserunt
3138 4839 3195 4891 et
3241 4834 3610 4909 singulorum

178 4923 436 4997 Philippi
496 4922 652 4997 regis
699 4925 892 4981 adhuc
935 4923 1186 4998 pueruli,
1220 4923 1586 4997 gubernante
1629 4924 1839 4982 abbate
1946 4917 2206 4979 locorum
2223 4921 2537 4995 separatim
2560 4922 2696 4978 huic
2714 4922 3228 4980 cartulaeinscrere
3251 4924 3607 4987 curavimus.

178 5011 472 5069 Landrico
505 5011 701 5069 locum
732 5018 1023 5071 nostrum.
1054 5012 1273 5070 Paulus
1322 5011 1648 5068 monachus
1701 5015 1840 5070 scri-
1946 5013 2149 5085 Itaque
2172 5016 2309 5068 ante
2340 5010 2618 5065 comitem
2647 5010 2961 5066 Radulfum
2988 5010 3292 5086 ﬁliumque
3314 5013 3442 5086 ejus
3458 5013 3613 5070 Wal-

183 5101 324 5175 psit.
351 5124 383 5151 κ
1958 5103 2173 5157 terium
2203 5102 2442 5157 fuerunt
2462 5098 2521 5154 hi
2545 5115 2558 5154 :
2585 5099 2944 5155 Gausfredus
2965 5101 3037 5156 de
3059 5100 3609 5169 Gummeth,Simon

251 5189 386 5246 Haec
415 5194 616 5248 autem
648 5195 920 5249 matrona
949 5189 1286 5249 Geretrudis
1320 5193 1637 5262 antequam
1677 5208 1849 5247 secu-
1958 5192 2028 5247 de
2060 5191 2252 5247 Monte
2302 5189 2491 5257 Forti;
2527 5187 2864 5258 Mainerius,
2900 5190 3079 5246 frater
3129 5190 3288 5262 ejus;
3324 5190 3611 5249 Radulfus

183 5278 309 5335 lum
340 5280 648 5338 moriendo
675 5281 1049 5355 relinqueret,
1099 5282 1303 5337 sancto
1355 5280 1517 5335 Petro
1566 5284 1624 5335 et
1681 5280 1848 5337 nobis
1959 5281 2147 5336 Malus
2193 5278 2465 5347 Vicinus;
2500 5278 2848 5347 Rodbertus,
2903 5279 3059 5337 ﬁlius
3116 5280 3276 5352 ejus;
3310 5280 3607 5348 Arraldus,

187 5368 537 5442 praedictum
567 5369 808 5427 alodum
840 5369 1105 5443 reliquit;
1140 5373 1199 5425 et
1229 5385 1333 5441 per
1370 5368 1542 5440 plura
1584 5372 1849 5441 tempora
1957 5369 2301 5442 Sansgualo,
2334 5368 2568 5434 Waszo,
2595 5366 2740 5423 Urso
2771 5367 2843 5423 de
2875 5369 3170 5441 Fontanis,
3204 5368 3508 5426 Albericus
3538 5370 3611 5427 de

187 5457 581 5531 possedimus,
615 5476 733 5517 non
765 5460 961 5517 solum
991 5476 1059 5516 ea
1085 5458 1334 5522 vivente,
1366 5461 1458 5513 set
1485 5456 1662 5513 etiam
1694 5463 1850 5530 post-
1955 5458 2126 5514 Blara
2154 5458 2420 5528 ecclesia,
2456 5454 2790 5513 Gualterius
2831 5457 2902 5512 de
2932 5458 3242 5528 Montiaco,
3274 5458 3610 5516 Guidardus

190 5562 363 5618 quam
382 5552 624 5607 mortua
643 5549 757 5606 fuit
776 5554 836 5607 et
850 5548 1079 5623 sepulta
1098 5551 1232 5606 ante
1262 5546 1414 5604 fores
1454 5546 1587 5603 atrii
1619 5546 1844 5604 Gesiaci
1955 5549 2027 5605 de
2059 5546 2638 5619 Stampis,llubertus
2668 5546 2739 5603 de
2768 5544 3612 5625 Maisi,Rodolphus,Germun~
