3988 6072
330 259 449 333 319

1233 266 1465 334 PAULI
1512 269 1575 332 S.
1621 269 1854 332 PETRI
1897 267 2439 331 CARNOTENSIS
2484 267 2861 331 MONACHI.

3627 265 3750 331 320

331 411 460 479 dus,
496 409 640 476 Odo,
692 406 850 464 ﬁlius
898 403 1166 474 Cuschze;
1217 404 1361 470 Odo,
1421 405 1599 459 frater
1658 402 1974 471 Frohardi;
2009 405 2061 469 Α
2093 402 2522 459 roborationem
2555 401 2798 474 prepria:
2831 418 3044 457 manus
3075 417 3477 474 manuumque
3502 401 3746 458 testium

328 499 552 567 Ericus,
576 497 856 571 Rogerius
879 496 1275 559 Normannus,
1307 494 1572 565 Ulgerius
1607 494 1813 562 major,
1857 491 1977 547 Odo

331 590 548 656 maior;
583 587 912 642 Bernardus
947 591 1000 640 et
1029 583 1330 650 Arnulfus,
1355 584 1592 648 fratres;
1617 582 1977 636 Gausbertus

328 676 912 750 major;'Gualterius
944 679 1001 728 et
1031 673 1340 728 Rainerius
1399 674 1624 735 fratres,
1659 671 1974 735 llubertus,

326 763 1196 832 Joannes,Letaldus,0dardus
1231 762 1298 816 de
1331 759 1458 814 Alto
1490 765 1716 826 monte;
1754 758 1974 813 llildui-

327 875 440 912 nus
471 860 525 912 et
557 854 934 916 Guarnerius,
972 851 1128 906 ﬁlius
1149 853 1308 920 ejus;
1336 848 1678 904 Roscelinus
1700 847 1971 919 equulus,

328 945 682 1011 Rainardus;
718 943 836 998 Odc
869 941 1025 995 ﬁlius
1059 940 1214 1011 Ogis.
1255 941 1311 992 ln
1345 937 1482 992 villa
1513 955 1638 1009 qua:
1671 938 1886 990 dicitur
1908 936 1974 990 Ri

327 1035 533 1090 annuit
563 1031 916 1088 Anscherius
944 1046 1119 1103 gener
1145 1028 1355 1093 Adelze,
1390 1044 1523 1081 cum
1555 1026 1671 1081 ﬁlia
1720 1043 1826 1081 sua
1871 1043 1974 1080 no-

325 1124 483 1179 mine
531 1122 760 1178 Advisa.
799 1120 982 1190 Hujus
1031 1117 1110 1172 rei
1155 1121 1332 1172 testes
1364 1120 1503 1170 sunt
1535 1133 1546 1170 :
1583 1115 1971 1180 Gislebcrtus;

324 1209 859 1275 Eustachius,ﬁlius
894 1207 1150 1280 Hugonis
1177 1223 1243 1260 ex
1264 1205 1516 1260 Ansellis
1546 1205 1728 1270 Villa;
1765 1202 1975 1258 Itodul-

323 1302 448 1368 fus;
481 1301 781 1355 Girrird'is.
816 1298 968 1348 (ἓν-η
1004 1295 1260 1368 llugonis
1309 1295 1379 1348 de
1429 1293 1713 1360 Dorlech;
1747 1291 1974 1346 Adelel-

322 1407 475 1454 mus,
501 1390 657 1444 ﬁlius
687 1387 911 1442 Alt'ridi.
937 1385 1228 1440 Gerardus
1252 1384 1322 1438 de
1346 1382 1583 1438 Alleato.
1612 1383 1674 1436 In
1699 1381 1974 1436 Noviomo

321 1482 656 1536 annuerunt
686 1475 961 1531 Mahildis
991 1479 1047 1528 et
1069 1473 1283 1536 Avicia,
1301 1489 1550 1537 sorores,
1575 1471 1703 1524 ﬁlize
1726 1469 1977 1524 Ansche-

319 1569 410 1625 rii.
440 1569 622 1641 Hujus
652 1565 733 1622 rei
764 1569 943 1620 testes
971 1569 1109 1618 sunt
1136 1579 1148 1616 :
1174 1562 1560 1627 (lislebertus;
1593 1557 1972 1622 Anscherius,

321 1657 479 1713 ﬁlius
508 1653 877 1719 Guantelmi;
912 1650 1344 1716 Guenelannus,
1373 1649 1528 1704 ﬁlius
1551 1648 1858 1703 Gisloberti
1903 1647 1975 1702 de

2087 493 2815 564 subscriptorumqmnam
2839 490 3470 547 excommunicationis
3495 491 3752 546 subscri-

2087 581 2220 636 bere
2253 582 2555 648 mandavi;
2593 586 2657 635 ut
2699 581 2966 653 quisquis
2998 580 3135 635 huic
3191 579 3426 635 cartulae
3459 581 3749 636 contraire

2086 669 2349 738 voluerit,
2385 688 2516 725 cum
2546 671 2700 726 Juda
2729 671 3028 740 traditore,
3063 686 3198 724 cum
3234 669 3461 724 Dathan
3511 676 3568 725 et
3607 671 3746 725 Abi-

2087 777 2210 826 ron,
2245 777 2392 832 quos
2415 760 2574 815 vivos
2605 764 2756 814 terra
2785 758 3118 828 obsorbuit;
3149 775 3285 814 cum
3324 759 3748 821 llerodé,inno-

2085 849 2340 904 centium
2400 849 2676 917 occisore,
2711 853 2766 902 et
2823 865 2957 904 cum
3015 848 3259 914 Nerone,
3299 847 3447 903 Petri
3498 853 3554 903 et
3581 848 3748 902 Pauli

2082 926 2470 1003 interlectore,
2498 937 2554 992 in
2591 938 2815 992 inferno
2849 942 3066 1009 pereat.
3105 937 3367 1009 Paganus
3399 937 3741 994 vicecomes.

2086 1026 2486 1092 Rainsuindis,
2521 1043 2666 1082 uxor
2695 1028 2842 1097 ejus.
2886 1025 3215 1082 Joscelinus
3259 1026 3330 1081 de
3381 1025 3738 1099 Botigniaco.

2083 1120 2250 1188 l-lugo
2307 1116 2626 1170 Comedens
2696 1115 3027 1170 Rusticum.
3089 1115 3210 1170 Odo
3270 1116 3342 1170 de
3400 1114 3735 1187 Vernugiln.

2082 1203 2564 1270 Ebrardus,ﬁlius
2586 1203 2840 1260 Ernaldi.
2864 1203 3194 1260 Joscelinus
3226 1203 3524 1276 parvulus.
3561 1203 3736 1260 Fulco

2085 1293 2444 1364 praepositus.
2479 1293 2794 1362 Teduinus,
2827 1292 2985 1349 ﬁlius
3027 1293 3238 1348 Otoldi.
3276 1292 3612 1349 Fulcolinus
3660 1294 3732 1350 de

2085 1382 2289 1438 Nielfa.
2327 1383 2636 1438 Ilerbertus
2666 1381 2938 1437 vicarius.
2967 1382 3282 1437 Guibertus
3315 1383 3386 1437 de
3418 1382 3604 1438 Maisi.
3630 1384 3744 1437 An-

2085 1473 2307 1526 soldus.
2327 1471 2611 1526 Rodulfus
2633 1477 2688 1526 et
2715 1471 2860 1538 Odo,
2878 1471 3105 1526 fratres.
3131 1470 3432 1527 Teduinus
3456 1470 3735 1542 Vivanda.

2084 1562 2164 1615 Ex
2222 1567 2384 1632 parte
2443 1560 2797 1616 Gualeranni
2857 1559 3174 1616 monachi:
3211 1560 3480 1633 Ulgerius
3523 1562 3734 1632 major,

2084 1649 2205 1704 0do
2237 1652 2450 1719 major;
2488 1650 2839 1715 Bornardus,
2872 1650 3049 1704 frater
3095 1650 3253 1720 ejus;
3300 1649 3594 1717 Oduinus;
3628 1651 3738 1704 Ar-

320 1747 611 1814 Portibus,
647 1743 950 1816 Rogerius,
985 1739 1141 1795 ﬁlius
1202 1739 1450 1805 Alfredi;
1485 1737 1782 1802 (lirardus,
1819 1736 1975 1790 ﬁlius
2007 1774 2053 1838 Β
2084 1738 2303 1806 nulfus,
2331 1738 2486 1793 ﬁlius
2510 1740 2672 1809 ejus;
2708 1736 3028 1793 Rainaldus
3058 1738 3737 1804 Cossardus,lierbertus

317 1834 546 1907 Hugoni
577 1833 648 1888 de
677 1830 942 1887 Dorlech.
980 1831 1140 1900 Hugo
1174 1827 1443 1882 statualis
1473 1827 1528 1881 in
1564 1827 1838 1880 Medanta
1879 1842 1973 1879 ca-

319 1931 441 1981 stro
473 1922 700 1984 annuit.
737 1938 871 1976 cum
898 1920 1146 1990 conjuge
1178 1935 1286 1972 sua
1318 1916 1561 1971 l~lelvisa.
1597 1917 1766 1971 Teste
1789 1919 1930 1968 sunt
1959 1923 1972 1960 ε

317 2011 672 2086 Sansgualo;
707 2011 850 2080 Odo,
883 2010 1060 2064 frater
1108 2006 1419 2073 Frohardi;
1462 2005 1788 2059 Almaricus
1834 2003 1970 2059 Sine

316 2101 457 2169 Pilo,
491 2099 829 2156 Tedbaldus
864 2098 932 2152 de
965 2095 1234 2168 EpiscOpi
1269 2096 1486 2160 Monte,
1509 2093 1855 2149 Gausfridus
1872 2093 1972 2147 Co-

313 2191 547 2259 oerdus,
609 2187 850 2256 Gadelo;
884 2186 1189 2242 Teduinus
1237 2189 1292 2238 et
1346 2183 1664 2249 Johannes,
1719 2183 1965 2250 fratres;

312 2279 637 2348 Ascelinus,
670 2276 988 2340 Ebrardus,
1017 2275 1137 2330 Odo
1188 2274 1396 2342 major,
1430 2271 1699 2344 Ulgerius
1757 2272 1963 2342 major,

314 2370 675 2426 Gausbertus
723 2366 940 2435 major;
977 2364 1303 2418 Rodbertus
1359 2363 1430 2416 de
1475 2360 1713 2416 Botonis
1755 2360 1962 2428 Curtze,

314 2457 651 2524 Mauricius,
677 2455 1026 2520 Bernardus,
1062 2451 1344 2524 Rogerius
1375 2451 1579 2522 pistor,
1628 2450 1962 2515 llerbcrtus,

313 2545 667 2613 Tedbaldus,
705 2542 1032 2607 Hilduinus,
1084 2539 1410 2606 Brunellus,
1463 2539 1796 2606 Garnerius,
1849 2538 1964 2593 llil-

313 2636 530 2692 duinus
553 2629 1560 2701 Tirellus,!luboldus,Fulchardus.
1587 2632 1744 2682 Hanc
1769 2633 1964 2682 autem

311 2729 532 2782 cartam
564 2740 741 2778 manu
793 2719 1026 2794 propria
1075 2718 1630 2784 ﬁrmavi,manibus
1682 2715 1964 2771 comitum

312 2813 542 2870 Radulﬁ
561 2817 617 2868 et
641 2810 742 2866 ﬁlii
767 2811 895 2880 ejus
920 2808 1180 2864 Walterii
1207 2807 1703 2862 corroborandum
1727 2805 1938 2860 tradidi
1955 2859 1971 2882 ,

309 2919 535 2959 necnon
558 2905 614 2956 et
632 2899 982 2956 obtimatum
1006 2914 1224 2953 eorum.
1256 2896 1396 2950 lluic
1418 2913 1550 2950 vero
1575 2895 1730 2967 operi
1758 2895 1804 2949 si
1834 2894 1966 2966 quis

308 2991 591 3048 heredum
623 3006 887 3045 meorum
919 2987 1314 3043 contradicere
1345 2984 1612 3051 voluerit,
1650 3000 1784 3039 cum
1815 2983 1969 3038 Juda

306 3080 588 3136 traditore
620 3083 817 3152 pereat
846 3078 906 3133 in
938 3077 1164 3132 inferno
1196 3075 1322 3130 sine
1357 3075 1490 3129 ﬁne.
1527 3075 1731 3128 Actum
1765 3072 1871 3127 hoc
1893 3072 1967 3126 VI

2087 1827 2296 1896 llluns;
2329 1828 2700 1882 Germundus
2729 1832 2787 1882 ct
2821 1827 3400 1896 Bernerius,fratres;
3429 1826 3738 1883 llilduinus

2082 1922 2138 1972 et
2189 1916 2536 1982 Amalricus,
2572 1917 2806 1986 fratres;
2841 1916 3157 1972 Hilduinus
3203 1914 3475 1984 Tirellus,
3504 1916 3626 1971 Odc
3662 1917 3734 1972 de

2080 2006 2214 2060 Alto
2253 2006 2481 2072 Munte;
2515 2005 2894 2071 Guarnerius,
2918 2004 3075 2060 ﬁlius
3125 2005 3472 2074 Germundi;
3512 2005 3734 2061 Tedui-

2079 2094 2376 2160 nus,ﬁlius
2407 2095 2714 2163 Rodberti;
2743 2094 3053 2151 Brunellus
3079 2098 3136 2150 et
3168 2093 3464 2163 Morellus,
3489 2095 3728 2163 fratres;

2079 2183 2383 2257 Sansgalo,
2416 2183 2680 2250 Otoldus,
2719 2183 3040 2240 Hubaldus.
3079 2206 3100 2234 ι

2601 2273 3020 2328 CAPITULUM
3063 2273 3200 2328 LXI.

2503 2349 2581 2400 De
2607 2352 2804 2416 quarta
2830 2354 2987 2416 parte
3019 2345 3299 2401 Guariaci.

2677 2435 2844 2506 (Ante
2875 2452 2928 2489 a.
2965 2436 3149 2502 1070.)

2146 2546 2174 2573 ‹‹
2197 2522 2579 2594 Veritas,qu:e
2611 2522 2875 2579 Christus
2904 2527 3010 2591 est,
3033 2523 3157 2579 suis
3178 2524 3530 2596 sequacibus
3555 2526 3730 2596 jubet

2075 2612 2264 2668 aliena
2297 2630 2410 2667 non
2443 2629 2646 2684 rapere
2690 2617 2746 2668 et
2793 2630 2903 2668 sua
2944 2611 3166 2686 largiri.
3204 2613 3443 2681 ldcirco,
3480 2631 3584 2686 pro
3618 2615 3728 2670 Re-

2075 2701 2395 2774 demptoris
2416 2717 2744 2774 amore,ego
2779 2702 2960 2774 Hugo,
2993 2702 3277 2758 Brustans
3303 2701 3550 2758 Salicem
3583 2721 3731 2776 prae-

2074 2790 2331 2858 nomine,
2359 2791 2656 2862 quandam
2706 2796 2920 2846 terram
2962 2791 3117 2862 juris
3169 2791 3302 2860 mei,
3338 2808 3442 2864 pro
3471 2793 3730 2850 remedio

2075 2879 2281 2935 anima:
2315 2896 2453 2934 mea
2486 2880 2800 2951 uxorisque
2831 2896 2969 2935 mea:
3001 2884 3060 2935 et
3090 2879 3195 2934 ﬁlii
3227 2881 3362 2950 mei,
3387 2881 3600 2940 Sancto
3623 2882 3728 2937 Pe-

2074 2973 2184 3035 tro,
2204 2968 2568 3024 Gesiacensis
2597 2967 2863 3024 videlicet
2879 2967 3036 3024 cellae
3059 2969 3303 3024 caanobii
3327 2970 3725 3041 Carnotensis,

2077 3059 2645 3130 concedo,quartum
2676 3057 2899 3114 scilicet
2930 3061 3152 3130 partem
3185 3058 3455 3116 accclesiaa
3475 3065 3535 3116 et
3553 3059 3726 3128 villae,

309 3187 463 3227 anno
485 3141 735 3242 Philippi
759 3165 1258 3241 regis,indictione
1273 3163 1367 3218 Vil
1391 3163 1560 3236 (198).
1595 3161 1814 3217 Paulus
1841 3178 1962 3217 mo-

2083 3164 2204 3220 qua:
2235 3152 2476 3202 vocatur
2505 3146 2866 3215 Guairiacus,
2901 3151 3290 3219 quartamque
3321 3153 3546 3221 partem
3569 3148 3730 3205 silvae

310 3259 534 3316 nachus
565 3256 922 3331 perscripsit,
958 3259 1014 3311 et
1045 3255 1452 3310 Gualerannus
1500 3251 1826 3307 monachus
1859 3268 1960 3322 pro

309 3347 419 3404 hoc
447 3349 574 3420 ipso
605 3347 744 3402 XXX
773 3345 952 3400 libras
985 3360 1365 3398 nummorum
1398 3342 1576 3406 dedit,
1612 3345 1818 3412 praeter
1851 3340 1961 3394 mi-

311 3437 472 3492 nima
499 3435 721 3491 exenia.

855 3521 1270 3577 CAPITULUM
1315 3520 1424 3574 LX.

310 3615 384 3670 Dc
427 3612 814 3670 consuetudine
856 3611 1312 3737 vineazFGuarf'ni
1357 3610 1545 3664 clerici
1589 3617 1640 3664 ct
1682 3609 1963 3665 Gualterz’i

1073 3699 1244 3737 rancz.

1073 3699 1244 3737 ναυσί.

904 3772 1071 3842 (Ante
1103 3789 1155 3826 a.
1193 3772 1376 3838 1070.)

383 3888 412 3916 κ
434 3866 650 3922 Notum
691 3862 769 3918 sit
798 3862 1073 3917 omnibus
1097 3864 1309 3915 sancta:
1338 3858 1437 3914 Dei
1465 3857 1734 3914 aecclesize
1768 3857 1960 3912 ﬁdeli-

309 3956 440 4020 bus,
466 3959 587 4010 tam
619 3951 1004 4024 prementibus
1048 3966 1224 4022 quam
1277 3947 1507 4014 futuris,
1543 3947 1822 4020 quoniam
1854 3964 1958 4019 ego

311 4043 647 4108 Walterius,
680 4040 1036 4114 praenomine
1069 4039 1356 4111 Paganns,
1391 4038 1638 4093 Teduini
1692 4036 1868 4102 ﬁlius,
1904 4039 1962 4091 et

305 4133 626 4188 vicecomes
651 4129 824 4186 castri
846 4127 1160 4194 Mellensis,
1184 4144 1285 4200 pro
1309 4126 1703 4198 adipiscendis
1734 4131 1957 4180 aeterna:

308 4220 506 4295 patrie
538 4218 812 4292 praemiis,
845 4218 916 4272 de
947 4217 1039 4273 his
1070 4235 1196 4289 quae
1228 4216 1284 4270 in
1321 4215 1516 4271 seculo
1564 4214 1832 4287 praesenti
1871 4219 1957 4269 te-

307 4328 446 4367 nere
473 4309 687 4374 videor,
721 4325 839 4363 una
867 4324 1002 4362 cum
1035 4307 1281 4377 conjuge
1314 4323 1462 4372 mea,
1498 4305 1734 4360 nomine
1782 4303 1957 4358 Rain-

307 4400 648 4472 suinde,pro
677 4396 875 4453 anima
896 4395 1079 4468 patris
1111 4394 1223 4450 mei
1252 4399 1309 4449 et
1342 4393 1545 4449 matris
1567 4410 1728 4458 meae,
1755 4397 1957 4448 sancto

307 4491 492 4557 Petro,
555 4486 919 4543 Gesiacensis
977 4484 1242 4540 videlicet
1297 4483 1540 4538 cmnobii
1584 4481 1956 4537 Carnotensis
1988 4515 2033 4578 D

306 4576 987 4644 celle,consuetudinem
1020 4591 1198 4646 quam
1233 4572 1409 4628 michi
1434 4571 1622 4627 clamo
1647 4572 1704 4625 in
1728 4571 1955 4625 vineam

303 4667 530 4724 Warini
563 4666 754 4722 clerici
788 4665 1038 4720 remitto.
1073 4665 1233 4718 Dono
1264 4663 1438 4718 etiam
1471 4660 1956 4716 consuetudinem

303 4758 482 4812 vineaa
531 4755 796 4811 Walterii
841 4754 1267 4825 Franci,quam
1318 4751 1555 4806 dederat
1603 4750 1728 4820 ipse
1760 4753 1961 4804 saneto

308 4845 506 4912 Petro;
531 4850 596 4899 ut
626 4843 825 4899 nullus
839 4842 1120 4898 heredum
1144 4857 1409 4897 meorum
1432 4839 1708 4910 deinceps
1752 4838 1965 4892 audeat

307 4934 625 5006 quicquam
648 4930 1090 4988 consuetudinis
1112 4931 1172 4985 in
1193 4931 1288 4985 his
1310 4928 1495 4984 vineis
1520 4933 1795 4999 repetere.
1815 4927 1967 4982 Sunt

306 5027 504 5078 autem
535 5021 624 5075 hee
651 5021 827 5076 vincte
856 5021 914 5074 in
963 5019 1252 5074 territorio
1302 5016 1562 5082 Masiaci,
1595 5016 1742 5072 villas
1793 5033 1957 5071 meae.

307 5111 478 5168 Posui
499 5110 769 5181 denique,
786 5125 888 5180 per
907 5107 1372 5178 deprecationem
1387 5110 1428 5162 (ἶ
1440 5105 1736 5161 ualeranni
1760 5123 1934 5160 mona
1946 5147 1967 5156 -

306 5201 421 5266 chi,
437 5203 624 5254 metas
644 5197 900 5270 petrinas
922 5213 1051 5267 qua:
1071 5195 1332 5251 dividant
1353 5195 1540 5251 sancti
1567 5195 1714 5250 Petri
1740 5199 1954 5249 terram

305 5307 372 5346 ac
403 5305 616 5351 meam,
641 5303 715 5342 ne
742 5285 996 5356 amplius
1029 5285 1106 5339 sit
1127 5284 1394 5356 jurgium
1429 5283 1578 5339 inter
1608 5301 1700 5338 me
1731 5288 1788 5338 et
1837 5298 1958 5337 mo-

306 5378 525 5436 nachos
555 5375 741 5432 sancti
772 5373 943 5441 Petri,
977 5390 1080 5428 seu
1111 5390 1307 5428 servos
1349 5389 1508 5428 meos
1542 5378 1598 5427 et
1629 5390 1826 5428 servos
1857 5388 1960 5427 eo-

304 5486 459 5526 rum.
495 5467 569 5523 Ut
596 5470 790 5522 autem
821 5463 944 5519 haec
973 5466 1133 5518 certa
1163 5461 1386 5517 ﬁrmior
1431 5468 1789 5534 permaneat,
1823 5463 1957 5534 post

2071 3241 2129 3291 et
2160 3235 2480 3292 molendini
2515 3240 2691 3308 atque
2722 3240 3049 3308 pratorum,
3083 3241 3316 3309 excepto
3349 3235 3646 3294 viridiario
3670 3245 3731 3294 et

2072 3325 2428 3380 culturis.Ut
2454 3330 2649 3380 autem
2682 3325 2803 3380 hzec
2826 3325 3052 3380 cartula
3085 3326 3255 3380 ﬁrma
3284 3332 3728 3393 maneat,manu

2071 3431 2202 3469 mea
2226 3418 2283 3469 et
2318 3432 2492 3468 manu
2519 3413 2768 3470 senioris
2789 3414 2903 3470 mei
2931 3414 3166 3470 comitis
3185 3414 3531 3484 Walterii,in
3552 3418 3730 3488 cujus

2071 3503 2351 3558 comitatu
2382 3508 2490 3569 est,
2525 3503 2921 3576 manibusque
2962 3503 3225 3560 ﬁdelium
3275 3521 3557 3574 meorum,
3591 3523 3727 3562 cor-

2072 3592 2358 3648 roboravi.
2393 3593 2452 3647 Si
2486 3593 2619 3664 quis
2658 3597 2854 3648 autem
2903 3596 3104 3648 contra
3155 3592 3308 3648 hanc
3355 3595 3729 3652 donationem

2070 3680 2289 3753 aliquid
2323 3681 2693 3754 temptaverit
2723 3698 2912 3754 agere,
2947 3682 3004 3736 in
3037 3681 3262 3738 inferno
3294 3681 3553 3739 inferiori
3585 3685 3728 3739 mit-

2069 3775 2246 3836 tatur,
2281 3771 2379 3826 ubi
2411 3771 2586 3843 ignis,
2622 3772 2722 3843 qui
2757 3788 3056 3843 nonquam
3088 3770 3607 3844 extinguitur,cum
3631 3791 3731 3831 ar-

2069 3861 2229 3928 deat;
2253 3867 2309 3915 et
2337 3861 2570 3928 vermis,
2605 3860 2703 3932 qui
2736 3877 3032 3932 nonquam
3066 3861 3330 3930 moritur,
3358 3878 3562 3918 carnes
3593 3865 3726 3935 ejus

2069 3949 2577 4004 conrodat.Adens
2599 3950 2773 4004 etiam
2798 3949 2934 4004 huic
2964 3951 3137 4017 dono,
3161 3955 3361 4007 sancto
3394 3956 3560 4007 Petro
3592 3967 3726 4007 con-

2069 4039 2208 4094 cedo
2252 4039 2548 4110 quandam
2598 4038 2982 4106 collibertam,
3018 4039 3253 4095 nomine
3300 4036 3723 4112 Ingelburglm,

2068 4127 2252 4182 ﬁliam
2275 4126 2495 4182 scilicet
2520 4128 2808 4183 Guasterii
2841 4128 3059 4200 Caprae.
3097 4130 3278 4200 Atque
3321 4146 3390 4184 ex
3438 4129 3728 4186 ambabus

2067 4218 2242 4272 rebus
2273 4217 2495 4272 donum
2528 4234 2704 4289 super
2733 4215 2916 4272 altare
2943 4218 3128 4272 sancti
3172 4218 3320 4273 Petri
3369 4218 3599 4290 publice
3621 4236 3728 4291 po-

2068 4305 2180 4361 sui.
2215 4307 2392 4376 Cujus
2436 4302 2514 4361 rei
2549 4310 2729 4362 testes
2779 4311 2916 4361 sunt
2963 4306 3022 4362 hi
3059 4323 3073 4362 :
3111 4309 3293 4380 Hugo,
3329 4307 3486 4363 ﬁlius
3518 4325 3680 4368 meus
3710 4329 3724 4380 ;

2069 4395 2314 4460 Beatrix,
2340 4394 2463 4449 ﬁlia
2521 4411 2681 4463 mea;
2715 4394 3072 4463 Adelelmus,
3122 4396 3554 4466 Frodmundus,
3602 4398 3728 4454 Odo

2067 4483 2398 4550 Donzellus,
2431 4484 2745 4538 Ansfridus
2791 4485 3122 4552 lmbardus,
3156 4484 3465 4544 Huboldus
3513 4487 3725 4558 major,

2070 4572 2411 4638 llubelinus,
2447 4573 2792 4639 Bernardus,
2829 4573 3172 4646 Hugolinns.
3207 4575 3286 4630 Ex
3319 4580 3482 4646 parte
3521 4591 3725 4631 mona-

2070 4662 2313 4717 chorum
2350 4678 2363 4716 :
2397 4661 2742 4718 Gausfridus
2790 4661 3055 4734 Bigotus;
3090 4663 3296 4733 Arnul,
3331 4665 3508 4719 frater
3552 4666 3680 4735 ejus
3709 4683 3724 4734 ;

2070 4751 2152 4807 Od
2163 4751 2692 4816 uinus,Rannulfus
2718 4751 3722 4824 presbyter,RainaldusCossutius,

2069 4842 2386 4908 Adventus,
2437 4841 2813 4906 Gausbertus,
2851 4839 3236 4912 Fulchardus,
3278 4843 3605 4898 Rodbertus
3649 4843 3726 4898 de

2072 4929 2295 4985 Gizecio
2326 4933 2382 4985 et
2413 4929 2714 4996 Arnulfus,
2748 4929 2905 4986 ﬁlius
2935 4931 3084 5002 ejus.

2147 5019 2246 5073 llic
2293 5019 2381 5073 vir
2427 5036 2494 5074 ex
2541 5018 2942 5090 superioribus
2989 5019 3165 5074 castri
3197 5019 3466 5076 Medantc
3506 5021 3719 5089 extitit,

2073 5108 2398 5162 secundum
2457 5107 2638 5162 seculi
2697 5107 3074 5179 dignitatem;
3126 5109 3344 5180 praedia
3383 5114 3441 5164 et
3489 5109 3726 5166 divitias

2073 5202 2332 5252 terrenas
2362 5214 2465 5269 pro
2495 5197 2597 5252 Dei
2629 5213 2824 5252 amore
2857 5196 3214 5269 relinquens,
3251 5214 3479 5253 comam
3511 5197 3723 5272 capitis

2073 5290 2130 5339 et
2159 5285 2423 5352 barbam,
2457 5285 2516 5340 in
2549 5285 2656 5341 hoc
2705 5285 2966 5341 cmnobic
3015 5287 3126 5341 sub
3171 5287 3382 5343 abbate
3414 5288 3721 5354 Landrico,

2071 5375 2348 5445 totundit,
2383 5379 2460 5441 et,
2512 5374 2779 5430 habitum
2829 5375 3222 5432 monachilem
3260 5376 3614 5450 suscipiens,
3649 5377 3724 5434 de

2073 5464 2268 5520 seculo
2327 5481 2576 5538 nequam
2637 5465 2832 5522 nudus
2883 5468 3074 5521 totum
3129 5483 3191 5522 se
3247 5466 3502 5524 contulit
3552 5467 3726 5525 bonis

373 5575 528 5655 (498)
555 5572 798 5632 Indictio
853 5571 955 5628 VII
1013 5569 1281 5634 convenit
1338 5585 1472 5626 cum
1531 5588 1564 5627 a
1621 5571 1777 5639 1069,
1831 5585 1947 5626 non

2083 5589 2184 5629 :em
2219 5589 2352 5629 cum
2386 5590 2440 5629 a.
2473 5573 2629 5630 4066.
2669 5578 2784 5630 Art.
2819 5573 2883 5631 de
2910 5577 3021 5631 ver.
3055 5574 3132 5632 les
3163 5573 3276 5632 dat.
