3988 6072
229 305 353 368 321

861 303 1120 368 VETUS
1165 303 1454 366 AGANO.
1489 333 1555 346 --
1597 303 1744 364 LIB.
1791 302 1920 364 VII.
1968 300 2409 364 LANDRICUS
2452 301 2552 362 ET
2596 300 3036 364 HUBERTUS.

3521 307 3639 372 322

232 439 516 513 operibus
575 437 898 493 informari.
963 437 1093 509 Qui,
1156 453 1458 492 summum
1525 435 1886 490 obcedientiaa
1918 455 1970 521 Α
2001 433 2393 490 contradicere
2423 432 2687 500 voluerit,
2722 432 2949 506 legibus
2979 435 3298 503 convictus,
3349 441 3406 493 et
3434 443 3640 494 aucto-

233 534 294 584 et
349 525 708 582 humilitatis
784 527 1010 598 apicem
1089 526 1508 592 conscendens,
1559 542 1593 579 a
1650 525 1886 598 praefato

237 617 452 672 abbate
499 615 764 687 provisor
793 621 850 670 et
881 619 1079 670 custos
1139 613 1362 669 Gesiaci
1421 613 1532 670 loci
1581 613 1888 669 constitui-

236 711 357 760 tur.
391 707 577 770 Quem
635 721 770 759 cum
829 704 958 759 sine
1007 703 1137 759 dolo
1183 709 1238 760 et
1297 703 1613 758 ambitione
1671 705 1892 774 regeret

237 794 506 862 feliciter,
567 797 797 866 quantae
855 792 1252 864 simplicitatis
1308 797 1366 847 et
1422 797 1592 848 castae
1661 792 1890 847 astutia:

236 884 497 939 extiterit
527 883 783 955 prudens
811 881 992 938 lector
1041 882 1303 938 conicere
1351 882 1410 936 in
1461 881 1582 937 solo
1624 898 1892 936 sermone

238 977 436 1044 potest
456 972 624 1044 (199).
647 973 794 1027 Nam
818 988 967 1038 cum,
999 972 1251 1044 quadam
1275 971 1419 1038 vice,
1445 987 1578 1026 cum
1601 971 1808 1026 abbate
1831 970 1890 1024 in

235 1062 378 1117 villa
408 1079 538 1134 qua:
569 1065 808 1116 vocatur
837 1060 1184 1116 Fontinidus
1205 1060 1574 1126 comedisset,
1599 1063 1657 1114 et
1679 1061 1748 1114 ad
1777 1076 1894 1114 mo-

237 1151 571 1208 nasterium
603 1151 851 1206 festinus
884 1150 1150 1218 redisset,
1177 1167 1212 1205 a
1244 1149 1522 1204 fratribus
1553 1148 1889 1220 inquisitus,

238 1246 448 1297 utrum
477 1257 544 1297 eo
575 1241 666 1296 die
725 1239 1075 1296 comedisset
1131 1257 1204 1295 an
1260 1256 1372 1294 non
1402 1258 1415 1308 ;
1449 1237 1509 1292 in
1535 1255 1596 1293 se
1629 1255 1892 1294 reversus

239 1329 558 1404 paululum
605 1329 806 1386 herere
864 1329 1038 1402 cmpit
1093 1329 1288 1384 animo
1339 1332 1396 1384 et
1433 1327 1706 1401 cogitare,
1742 1326 1896 1381 intra

235 1438 302 1476 se
334 1419 541 1476 dicens
575 1437 588 1474 :
623 1419 682 1474 Si
712 1419 908 1474 dixero
941 1418 1187 1489 comedi,
1222 1418 1468 1474 forsitan
1505 1417 1694 1488 jejuni
1747 1433 1893 1488 pren-

235 1509 533 1566 varicator
562 1525 690 1565 esse
721 1508 1150 1580 reprehendar;
1183 1512 1358 1580 atque
1389 1506 1438 1563 si
1468 1506 1770 1562 veritatem
1803 1507 1896 1561 de-

238 1616 412 1672 nego,
441 1598 729 1654 mendacii
764 1614 907 1653 neve
939 1602 1243 1669 correptus
1274 1597 1466 1652 abibo.
1491 1596 1676 1660 Tunc,
1713 1593 1896 1649 fratri-

239 1689 357 1744 bus
408 1687 933 1761 interrogantibus,
967 1686 1338 1759 respondisse
1382 1686 1600 1740 fertur:
1635 1707 1663 1735 «
1694 1685 1753 1740 Si
1787 1684 1892 1739 do-

242 1803 268 1828 ιι
307 1795 490 1833 mnus
511 1776 694 1833 abbas
717 1776 988 1842 comedit,
1012 1780 1067 1831 et
1087 1792 1192 1830 nos
1220 1793 1233 1843 ;
1259 1779 1345 1830 set
1366 1774 1413 1829 si
1437 1774 1690 1829 domnus
1712 1773 1894 1828 abbas

245 1891 273 1918 α
306 1884 426 1922 non
463 1865 735 1933 comedit,
769 1883 874 1921 nec
906 1882 1032 1920 nos.
1069 1887 1097 1915 ››
1131 1865 1445 1936 Postquam
1492 1881 1624 1919 vero
1671 1865 1742 1918 de
1769 1879 1895 1935 pre-

239 1957 396 2011 senti
423 1955 622 2012 seculo
653 1954 923 2018 decessit,
951 1953 1105 2008 filius
1138 1954 1288 2023 ejus,
1319 1954 1613 2025 equivocis
1646 1952 1896 2007 nomini-

241 2048 378 2112 bus,
417 2046 655 2100 functus
687 2045 797 2099 sub
832 2043 1020 2099 balteo
1053 2042 1315 2111 militari,
1351 2043 1519 2098 bonis
1572 2041 1834 2096 moribus
1865 2059 1898 2096 a

242 2139 412 2206 patre
447 2151 562 2189 non
592 2133 952 2204 discrepans,
987 2132 1044 2186 in
1079 2119 1353 2204 praedicta
1395 2132 1550 2199 villa,
1584 2131 1807 2186 scilicet
1839 2131 1893 2184 in

244 2223 583 2288 Guairiaco,
607 2226 807 2278 sancto
843 2226 1030 2287 Petro,
1050 2221 1228 2277 simili
1257 2223 1428 2276 modo
1460 2226 1524 2275 ut
1554 2226 1716 2293 pater
1747 2222 1895 2292 ejus,

244 2312 427 2368 aliam
477 2315 748 2384 quartam
782 2314 1008 2383 partem
1037 2309 1184 2364 villa:
1218 2309 1525 2377 concessit,
1560 2311 1899 2381 donumque

245 2420 428 2476 super
460 2401 641 2456 altare
671 2399 866 2472 posuit
897 2417 1090 2456 coram
1123 2399 1394 2465 testibus,
1424 2416 1492 2454 ex
1512 2400 1714 2453 eadem
1739 2403 1900 2470 parte

245 2491 665 2548 investituram
726 2489 898 2545 modo
951 2506 1133 2544 unum
1179 2488 1469 2560 hospitem
1520 2488 1895 2559 relinquens;

245 2587 456 2654 atque,
487 2585 618 2654 post
646 2579 826 2651 hujus
855 2579 984 2634 vitae
1015 2595 1277 2644 cursum,
1310 2583 1432 2633 tota
1480 2595 1615 2649 pars
1675 2579 1901 2649 integra

244 2671 500 2736 existat;
533 2668 816 2741 quatinus
863 2667 1108 2723 heredes
1159 2668 1307 2738 ejus,
1342 2683 1410 2722 ex
1447 2671 1587 2722 tunc
1617 2667 1675 2720 in
1709 2673 1896 2732 antea,

246 2759 624 2815 medietatem
647 2757 795 2812 villae
816 2757 1172 2828 possideant,
1199 2762 1256 2811 et
1279 2761 1518 2811 sanctus
1551 2756 1771 2821 Petrus,
1799 2773 1899 2828 pro

247 2849 526 2922 ingressu
559 2846 811 2904 cmlestis
842 2845 1058 2919 patriae,
1095 2845 1457 2901 tantumdem
1489 2845 1718 2900 habeat.

767 2934 1184 2991 CAPITULUM
1227 2934 1389 2990 LXII.

398 3033 478 3085 De
507 3027 739 3084 Gibuino
769 3034 819 3082 et
852 3024 1150 3090 Gualando,
1183 3033 1233 3080 et
1264 3025 1526 3081 uxoribus
1553 3042 1757 3082 eorum.

881 3115 1064 3186 (Anno
1100 3115 1283 3181 1061.)

324 3231 350 3256 ‹‹
377 3211 445 3262 In
469 3206 703 3262 nomine
725 3209 940 3260 sanctae
963 3209 1019 3257 et
1040 3202 1348 3258 individua
1376 3202 1700 3269 Trinitatis,
1718 3203 1902 3259 Patris
1933 3197 1974 3262 C

250 3302 308 3353 et
333 3295 466 3353 Filii
490 3301 548 3352 et
577 3293 832 3368 Spiritus
862 3292 1080 3349 Sancti.
1115 3291 1353 3347 Cunctis
1385 3297 1576 3364 pateat
1608 3291 1900 3360 fidelibus,

249 3392 374 3442 tam
399 3383 788 3460 praesentibus
813 3399 988 3455 quam
1020 3381 1253 3448 futuris,
1281 3382 1350 3436 de
1368 3382 1620 3453 quodam
1644 3381 1900 3450 homine,

251 3473 509 3530 Gibuino
541 3471 797 3538 nomine,
833 3471 932 3543 qui
962 3469 1020 3525 in
1052 3475 1207 3526 terra
1261 3470 1447 3526 sancti
1505 3469 1654 3525 Petri
1703 3470 1903 3526 decem

251 3568 311 3620 et
340 3568 474 3618 octo
507 3561 677 3618 annis
706 3561 888 3616 libere
924 3560 1161 3615 mansit.
1197 3561 1378 3626 Quem
1411 3563 1574 3632 pater
1604 3577 1790 3626 meus,
1821 3558 1902 3614 vi-

249 3651 875 3719 cccomes,Teduinus
932 3649 1186 3715 nomine,
1239 3648 1293 3702 vi
1342 3653 1400 3704 et
1456 3652 1740 3720 potestate
1791 3647 1904 3703 sibi

237 3745 384 3817 jure
416 3739 716 3798 servitutis
746 3738 1071 3811 usurpavit.
1106 3737 1222 3793 Hoc
1274 3755 1528 3809 namque
1576 3736 1808 3802 accidit,
1843 3741 1906 3792 ut

247 3847 562 3890 summum
585 3830 687 3902 jus
720 3845 956 3884 summa
985 3827 1062 3882 sit
1098 3826 1414 3898 injusticia.
1449 3827 1661 3882 Tenuit
1707 3826 1904 3898 itaque

247 3927 424 3994 pater
454 3937 622 3975 meus
652 3919 901 3974 eundem
932 3917 1252 3982 hominem,
1276 3921 1333 3970 et
1363 3933 1488 3988 ego,
1522 3921 1653 3988 post
1683 3916 1899 3989 ipsum,

249 4029 356 4084 per
391 4007 696 4082 plusculos
740 4023 944 4062 annos.
977 4005 1215 4073 Verum,
1247 4005 1386 4076 quia
1416 4022 1484 4059 ex
1515 4022 1632 4059 una
1662 4022 1721 4060 re
1752 4005 1905 4060 male

248 4115 534 4172 possessa
550 4097 805 4169 plurima
820 4094 1106 4150 sustantia
1130 4110 1369 4166 persepe
1392 4093 1903 4166 corripitur,timo-

249 4207 314 4246 re
337 4187 709 4245 cruciatuum
742 4191 1088 4240 aeternorum
1119 4184 1351 4251 ductus,
1375 4182 1591 4255 pariter
1620 4188 1678 4239 et
1707 4201 1903 4239 amore

252 4279 356 4335 Dei
391 4273 836 4348 omnipotentis,
868 4272 1114 4328 dicentis
1148 4289 1160 4326 :
1193 4272 1348 4328 Solve
1400 4273 1691 4343 fasciculos
1721 4273 1902 4344 depri-

250 4376 462 4423 mente:
491 4373 544 4423 et
567 4381 722 4420 omne
750 4365 923 4418 honus
949 4362 1270 4434 disrumpe;
1300 4378 1426 4435 ego,
1459 4361 1721 4433 inquam,
1754 4361 1906 4418 Wal-

249 4456 465 4523 terius,
489 4451 847 4527 praenomine
877 4451 1146 4524 Paganus
1164 4450 1506 4517 vicecomes,
1534 4454 1591 4506 et
1613 4468 1756 4506 uxor
1776 4469 1904 4507 mea

246 4542 578 4608 Raisindis,
602 4557 707 4614 per
727 4557 901 4612 quam
925 4539 1246 4613 supradicti
1278 4539 1534 4595 hominis
1565 4539 1901 4596 servitutem
1933 4563 1980 4626 D

250 4632 659 4708 possederam,
680 4647 846 4686 versa
874 4629 1016 4696 vice,
1040 4629 1207 4684 Gihui
1217 4645 1381 4695 num,
1406 4630 1756 4700 fratremque
1777 4630 1904 4699 ejus

253 4721 638 4787 Walandum,
671 4725 728 4775 et
760 4735 967 4775 uxores
1027 4735 1229 4774 eorum
1289 4734 1640 4789 omnemque
1684 4717 1905 4790 prolem

251 4818 435 4884 atque
484 4826 719 4865 omnem
770 4825 972 4864 eorum
1013 4807 1398 4879 sequentiam,
1427 4825 1458 4862 a
1481 4808 1626 4879 jugo
1657 4808 1906 4862 servitu-

250 4901 330 4957 tis
363 4898 626 4967 absolvo,
661 4901 718 4953 et
745 4897 944 4954 vineas
974 4913 1120 4969 quas
1161 4897 1314 4952 idem
1349 4895 1637 4952 Gibuinus
1665 4897 1906 4952 Arnulfo

251 4991 323 5047 de
358 4989 636 5045 Medanta
666 4991 857 5043 castro
907 4985 1246 5042 vendiderat
1294 4985 1546 5040 dimitto.
1581 4986 1670 5052 Et,
1704 4991 1768 5040 ut
1797 4986 1907 5041 hoc

235 5063 414 5136 'facta
436 5077 675 5134 libertas
699 5077 869 5132 ﬁrma
888 5075 948 5130 in
971 5081 1251 5132 aeternum
1284 5080 1640 5146 permaneat,
1657 5074 1907 5147 propriis

255 5167 624 5233 nominibus,
649 5183 781 5222 cum
812 5164 996 5238 signis
1029 5180 1314 5219 manuum
1346 5169 1700 5231 nostrarum,
1722 5182 1908 5222 corro-

252 5256 598 5314 boravimus
621 5256 772 5312 hanc
794 5259 1036 5322 certam,
1063 5257 1120 5308 et
1134 5252 1264 5308 aliis
1286 5253 1776 5309 corroborandam
1800 5260 1909 5310 tra-

251 5347 523 5404 didimus
549 5363 562 5414 ;
589 5350 676 5414 ut,
691 5345 744 5402 si
775 5345 922 5401 forte
952 5342 1165 5416 aliquis
1198 5341 1350 5398 male
1380 5359 1561 5398 sanus
1591 5341 1906 5416 aliquando

319 5471 478 5600 £11952
508 5474 646 5538 Qua
675 5472 746 5530 de
776 5473 1018 5545 [lugens
1074 5467 1211 5525 inde
1265 5471 1598 5542 sequuntur
1625 5469 1844 5527 absunt
1873 5485 1908 5526 a

252 5560 386 5602 οοα.
428 5560 488 5599 ὕ.

324 5616 477 5696 (200)
507 5615 670 5678 Hanc
698 5615 967 5680 chartam
996 5611 1307 5674 retulimus
1337 5612 1410 5676 ad
1455 5615 1688 5689 tempus
1717 5613 1906 5676 Theo-

2001 525 2170 578 ritate
2200 523 2300 578 Dei
2331 523 2893 590 excommunicatus,
2916 523 3124 579 libram
3150 525 3476 598 a‘urljudici
3513 547 3642 600 per-

1999 613 2203 670 solvat.
2235 618 2291 666 et
2321 617 2565 668 conatus
2597 613 2724 683 ejus
2754 612 3021 668 inefficax
3050 622 3406 686 permaneat.
3441 620 3642 676 Testes

2001 702 2176 771 hujus
2201 702 2276 756 rei
2302 701 2498 756 suntii
2525 719 2538 756 :
2592 702 2896 770 Radulfus,
2923 702 3080 760 filius
3112 704 3390 761 Gualonis
3417 708 3642 778 presbi-

1999 791 2105 845 teri
2135 809 2146 858 ;
2182 790 2528 845 Gualdricus
2550 791 2618 845 de
2643 791 3020 864 Rangisport;
3046 793 3646 867 Sigismundusﬁlius

2001 877 2238 934 Ernaldi
2269 880 2338 934 de
2369 879 2601 952 Brugilo
2627 897 2641 946 ;
2675 880 3021 938 Guillclmus
3051 883 3408 941 citharedus.
3443 889 3646 945 Testes

2002 967 2255 1034 Gibuini,
2289 967 2409 1022 vice
2455 969 2642 1023 sancti
2676 969 2846 1035 Petri,
2881 971 3062 1041 cuiv‘se
3094 980 3300 1044 sponte
3331 976 3596 1032 subdidit
3627 993 3642 1033 :

2001 1057 2268 1129 Ulgerius
2304 1059 2508 1128 major,
2544 1058 2900 1113 Gausbertus
2933 1062 3138 1131 major,
3158 1061 3478 1130 Rainaldus
3507 1067 3645 1123 Cos-

2003 1147 2233 1213 sardus,
2286 1145 2603 1214 Johannes,
2662 1147 2963 1216 Hadulfus,
3013 1151 3342 1209 Amalricus
3397 1160 3644 1226 Bornus,

2001 1233 2282 1298 Alelmus,
2318 1234 2614 1290 Ernulfus.
2651 1238 2826 1292 Facta
2854 1243 2943 1293 est
2974 1239 3096 1294 haec
3127 1239 3362 1298 libertas
3389 1246 3646 1302 secundo

2004 1341 2154 1380 anno
2181 1323 2342 1396 regni
2373 1324 2524 1396 regis
2560 1323 2802 1397 Philippi
2831 1327 3021 1382 adhuc
3052 1330 3302 1400 pueruli.
3337 1353 3366 1382 »

2075 1413 2240 1468 Nunc
2270 1417 2566 1467 vertamus
2597 1413 2888 1469 calamum
2923 1416 2992 1470 ad
3028 1424 3216 1474 εἰη-ωε
3247 1437 3371 1491 quae
3403 1427 3644 1492 restant,

2005 1502 2143 1574 quia
2173 1501 2416 1570 Gesiaci,
2451 1519 2597 1574 quas
2629 1502 2686 1556 in
2722 1521 2898 1559 manu
2933 1505 3270 1578 habuimus,
3305 1513 3647 1585 perscripsi-

2005 1611 2156 1648 H1118.

2501 1682 2920 1740 CAPITULUM
2962 1687 3148 1744 LXIII.

2006 1777 2082 1828 De
2125 1773 2301 1827 vineis
2349 1778 2399 1826 et
2446 1770 2600 1826 domo
2650 1771 2781 1826 data
2806 1790 2839 1828 a
2870 1776 3125 1844 Firmato,
3157 1784 3416 1839 canonico
3457 1788 3651 1844 Sancti

2710 1845 2950 1901 Leobim'.

2595 1934 2762 1999 (Ante
2796 1952 2848 1988 a.
2885 1937 3066 2009 1049.)

2083 2043 2110 2070 ‹‹
2134 2023 2278 2087 {200)
2306 2021 2364 2074 In
2389 2021 2600 2076 Christi
2625 2023 2880 2079 nomine.
2906 2025 3023 2098 Ego
3046 2029 3338 2088 Firmatus
3379 2037 3649 2094 sacerdos

2009 2109 2204 2165 Sancti
2269 2109 2504 2165 Leobini
2557 2109 2849 2168 Dunensis
2898 2115 3094 2184 castri,
3131 2123 3334 2175 notum
3363 2122 3491 2178 volo
3523 2141 3651 2181 esse

2009 2203 2128 2252 tam
2162 2199 2533 2269 presentibus
2578 2217 2754 2270 quam
2789 2202 3021 2269 futuris,
3057 2205 3327 2280 qualiter,
3359 2212 3431 2266 ob
3465 2230 3649 2270 reme-

2009 2287 2171 2342 dium
2206 2287 2411 2341 animm
2446 2306 2587 2343 mea:
2617 2294 2673 2344 et
2701 2291 2895 2346 fratris
2928 2294 3038 2347 mei
3067 2295 3305 2365 Elherti,
3339 2299 3410 2354 d0
3438 2301 3650 2360 Sancto

2009 2376 2174 2430 Petro
2207 2377 2541 2432 Carnotensi
2575 2379 2815 2433 domum
2844 2398 3033 2436 meam
3058 2384 3230 2440 sitam
3250 2387 3304 2441 in
3323 2394 3511 2446 castro
3533 2392 3652 2449 Du-

2011 2483 2207 2532 ncnsc,
2245 2483 2358 2520 non
2389 2465 2558 2539 longe
2590 2485 2624 2522 a
2651 2471 3000 2526 monasterio
3031 2479 3243 2530 sanctae
3274 2477 3373 2532 Dei
3406 2481 3652 2551 genitri-

2009 2555 2092 2608 cis
2108 2555 2332 2623 Mariai;
2359 2554 2456 2609 tali
2483 2555 2530 2612 si
2553 2556 2788 2628 quidem
2815 2560 3036 2617 ratione
3059 2567 3416 2635 ut,quandiu
3439 2570 3654 2640 vixero,

2011 2659 2110 2715 per
2140 2643 2494 2699 voluntatem
2528 2651 2585 2700 et
2611 2647 2941 2716 jussionem
2991 2653 3412 2712 monachorum
3456 2659 3654 2716 Sancti

2011 2731 2182 2798 Petri,
2205 2749 2332 2787 eam
2366 2735 2693 2790 custodiam
2729 2735 2976 2809 ipsique,
3002 2741 3136 2811 jure
3167 2743 3560 2816 dominorum,
3593 2749 3654 2806 in

2011 2827 2288 2892 perpetuo
2323 2823 2677 2894 possideant.
2707 2827 2765 2881 Si
2797 2827 2930 2898 quis
2962 2835 3178 2899 autem,
3213 2837 3591 2905 praemonitus
3623 2857 3658 2896 a

2012 2910 2262 2978 diabolo,
2299 2912 2694 2985 calumpniam
2736 2915 2821 2970 vel
2854 2917 2969 2972 vim
3003 2919 3215 2976 Sancto
3249 2923 3412 2980 Petro
3442 2925 3655 2986 inferre

2012 2992 2376 3071 temptaverit
2405 3002 2583 3072 (quod
2632 3002 2873 3059 minime
2917 3008 3168 3077 estimo),
3202 3014 3520 3082 pontificali
3551 3035 3654 3072 au-

2015 3088 2277 3142 ctoritate
2310 3106 2370 3144 se
2402 3090 2842 3161 dampnandum
2873 3093 2933 3147 in
2965 3103 3311 3168 perpetuum
3341 3101 3506 3168 sciat,
3542 3104 3654 3162 nisi

2014 3177 2252 3248 dignam
2285 3178 2483 3232 fecerit
2513 3179 2935 3250 paenitentiam.
2971 3185 3083 3239 lloc
3132 3203 3288 3260 ergo,
3322 3196 3385 3244 ut
3415 3192 3652 3250 firmum

2015 3271 2370 3339 permaneat,
2409 3284 2534 3322 meo
2566 3269 2804 3339 pastori,
2839 3271 3054 3328 domno
3105 3275 3415 3334 Teoderico
3467 3283 3656 3353 ponti-

2014 3356 2127 3422 ficti,
2152 3357 2318 3426 cujus
2342 3361 2602 3428 tempore
2634 3357 2741 3413 hoc
2773 3359 2884 3431 egi,
2920 3363 3412 3424 corroborandum
3444 3372 3651 3429 obtuli.

2013 3445 2095 3501 D0
2118 3446 2288 3501 etiam
2315 3445 2652 3502 beatissimo
2676 3447 3044 3518 Petro,juxta
3065 3452 3341 3512 Sanctum
3354 3459 3652 3532 Albinum,

2013 3533 2072 3588 in
2106 3534 2393 3590 territorio
2425 3552 2604 3606 supra
2649 3536 2789 3592 dicti
2835 3540 3030 3608 castri,
3064 3545 3182 3598 tres
3213 3548 3541 3616 quartarios
3571 3552 3653 3606 vi-

2015 3642 2155 3691 neae,
2211 3624 2431 3695 absque
2490 3624 2608 3679 ulla
2665 3629 3124 3698 consuetudine;
3157 3631 3297 3689 item
3340 3637 3652 3698 dimidium

2015 3715 2361 3784 aripennum
2395 3713 2774 3785 vineze,juxta
2797 3716 2993 3772 vineas
3015 3719 3210 3776 fratris
3243 3723 3354 3778 mei
3389 3726 3649 3786 Ailberti.

2015 3805 2201 3875 Hujus
2225 3803 2303 3857 rei
2327 3807 2506 3857 testes
2539 3807 2677 3858 sunt
2707 3803 2838 3860 isti:
2873 3805 2993 3860 Odo
3025 3808 3492 3883 archidiaconus,
3529 3818 3650 3875 Odo

2016 3893 2291 3956 decanus,
2353 3891 2692 3946 Fredericus
2750 3894 3067 3966 presbyter,
3126 3897 3284 3972 Dago
3341 3905 3648 3979 presbiter,

2015 3979 2425 4036 Godescaudus
2457 3979 2661 4047 miles;
2693 3981 2996 4038 Ascelinus
3046 3985 3212 4043 miles
3256 3993 3312 4044 et
3342 3991 3506 4065 Hugo
3537 3996 3652 4051 mi-

2013 4069 2118 4136 les,
2145 4068 2299 4123 ﬁlius
2329 4069 2457 4140 eius
2482 4086 2494 4136 ;
2530 4067 2649 4123 Odo
2681 4070 2988 4127 Brunellus
3013 4091 3026 4140 ;
3063 4074 3453 4148 Engelbaldus
3483 4083 3651 4142 miles

2013 4163 2068 4214 et
2093 4157 2431 4222 Rainaldus,
2459 4155 2616 4212 ﬁlius
2637 4158 2763 4229 ejus
2789 4177 2802 4227 ;
2827 4160 3010 4227 Dodo,
3032 4164 3229 4221 Sancti
3252 4167 3401 4225 Petri
3423 4175 3653 4232 canoni-

2014 4266 2154 4316 cus;
2189 4247 2476 4316 Elbertus,
2513 4245 2824 4304 lrlildierius
2854 4248 3120 4309 clericus.
3153 4277 3181 4304 »

2507 4353 2928 4411 CAPITULUM
2970 4358 3154 4415 LXIV.

2421 4443 2609 4498 Manus
2627 4445 2791 4515 ﬁrma
2819 4445 2884 4500 de
2919 4447 3241 4509 Trunniaco.

2597 4534 2765 4601 (Ante
2797 4551 2847 4588 a.
2888 4536 3068 4604 1070.)

2087 4646 2112 4672 α
2148 4624 2212 4677 In
2241 4619 2476 4677 nomine
2507 4625 2719 4676 sanctae
2750 4627 2804 4678 et
2835 4622 3146 4681 individua;
3179 4629 3501 4690 Trinitatis.
3535 4636 3653 4710 Ego

2016 4710 2338 4767 Landricus
2370 4710 2570 4778 abbas,
2605 4715 2661 4764 et
2690 4728 2892 4766 omnes
2940 4716 3209 4771 monachi
3240 4723 3486 4778 ccenobii
3518 4725 3654 4782 Car-

2014 4800 2298 4866 notensis,
2332 4802 2536 4853 notum
2581 4816 2706 4855 esse
2738 4799 3008 4857 volumus
3039 4805 3333 4874 omnibus,
3365 4813 3484 4866 tam
3510 4830 3654 4885 prmo

2015 4889 2282 4944 sentibus
2313 4905 2489 4960 quam
2519 4887 2755 4954 futuris,
2787 4891 3064 4960 quoniam
3099 4895 3170 4950 ad
3202 4913 3308 4952 nos
3335 4901 3494 4958 venit
3525 4903 3654 4975 qui.

2015 4979 2173 5043 dam,
2209 4977 2443 5032 nomine
2475 4977 2678 5044 Roszo,
2709 4978 3015 5048 postulans
3073 4982 3183 5038 sibi
3238 4985 3360 5043 dari
3393 4996 3655 5048 nostram

2016 5067 2313 5139 quandam
2345 5063 2621 5120 terrulam
2655 5082 2825 5138 quam
2861 5067 2986 5140 ipse
3016 5071 3252 5142 quidem
3277 5093 3378 5148 per
3397 5083 3657 5137 anteces‘

2018 5172 2178 5212 seres
2191 5171 2330 5210 suos
2343 5153 2901 5211 reclamabat.Terra
2921 5164 3115 5216 autem
3137 5161 3412 5221 dividitur
3429 5167 3658 5227 duabus

2017 5245 2304 5318 partibus,
2341 5261 2457 5299 una
2487 5259 2720 5315 quoque
2751 5245 2808 5300 in
2843 5247 3385 5318 Trunniaco,altera
3415 5257 3661 5316 Gemma

2017 5336 2129 5392 sita
2149 5338 2254 5391 est.
2281 5333 2635 5406 Deprecatus
2658 5339 2746 5390 est
2776 5333 2950 5392 etiam
2981 5341 3048 5393 ut
3079 5339 3239 5395 fratri
3262 5358 3389 5410 suo,
3425 5347 3663 5405 nomine

2017 5461 2217 5592 (1182?,
2251 5457 2626 5519 Carnotensis
2659 5459 2938 5537 episcopi,
2963 5462 3065 5538 qui
3094 5463 3211 5522 vita
3239 5461 3476 5525 functus
3497 5473 3588 5528 est
3608 5485 3664 5535 θ..
