3988 6072
363 308 483 370 323

1252 308 1490 372 PAULI
1536 309 1596 370 S.
1646 305 1878 368 PETRI
1923 305 2460 370 CARNOTENSIS
2503 308 2879 371 MONACHI.

3647 309 3770 371 324

363 440 1117 509 Alcherio,concederemus
1147 444 1204 498 et
1233 441 1334 497 uni
1366 442 1560 498 heredi
1593 457 1823 509 eorum;
1849 441 2003 513 quod
2032 439 2087 508 Α
2117 445 2315 498 nostro
2338 443 2728 517 coenobio,pro
2742 443 2995 517 praefatis
3011 443 3185 500 rebus
3198 442 3762 517 datis,reciperetur;

271 543 278 550 ’
366 531 602 603 quidem
662 530 932 599 fecimus,
963 547 1030 587 eo
1091 548 1323 604 quoque
1379 535 1597 599 tenore,
1630 536 1694 587 ut
1724 531 1780 586 in
1817 530 2010 586 natale

363 619 757 692 apostolorum
792 620 940 676 Petri
973 625 1028 676 et
1059 620 1242 687 Pauli,
1269 639 1394 693 quae
1417 624 1504 676 est
1535 621 1593 675 in
1626 637 1825 676 mense
1849 619 2004 692 julii,

361 709 458 763 XII
492 709 762 766 denarios
811 711 884 766 de
933 727 1111 766 censu
1161 711 1426 765 reddant.
1461 713 1642 777 Quem
1685 709 2006 764 terminum

360 797 410 855 si
440 799 793 872 transgressi
846 799 1082 868 fuerint,
1128 800 1459 866 emendent,
1493 803 1550 854 et
1593 804 1807 854 terram
1860 817 2006 871 prae-

360 889 577 945 dictam
608 892 860 945 teneant.
893 889 965 944 Ut
1013 893 1206 944 autem
1267 888 1390 958 haec
1447 887 1671 944 cartula
1728 887 2006 944 inviolata

360 982 612 1046 maneat,
647 979 865 1034 nostris
895 995 1022 1035 eam
1057 977 1332 1033 manibus
1381 977 1740 1034 corroborari
1773 976 2002 1033 censui-

356 1083 510 1123 mus.
534 1069 572 1124 S
610 1068 878 1123 Landrici
902 1067 1150 1123 abbatis.
1166 1065 1420 1122 Rainerii
1444 1066 1674 1140 prioris.
1693 1066 1998 1122 Marcuini.

355 1157 654 1214 Rodberti.
690 1155 951 1212 Arefasti.
1000 1156 1308 1230 Agenardi.
1344 1156 1625 1211 Durandi.
1660 1156 1995 1211 Raimundi.

354 1246 610 1302 Ernaldi.
648 1245 881 1302 Alberti.
917 1245 1273 1319 Magenardi.
1308 1245 1562 1301 Martini.
1599 1243 1779 1301 Pauli.
1816 1245 1998 1318 Rage-

351 1335 532 1392 naldi.
570 1357 597 1385 »

861 1424 1115 1480 CAPITU
1127 1423 1274 1480 LUM
1317 1423 1482 1479 LXV.

574 1519 657 1572 De
681 1514 896 1570 duabus
919 1515 1068 1570 arei:
1093 1513 1383 1586 redemptis
1415 1531 1449 1568 α
1479 1513 1764 1569 Landrico.

937 1605 1103 1672 (Ante
1135 1620 1188 1658 a.
1224 1605 1407 1671 1061.)

417 1695 632 1750 Notum
690 1710 818 1750 esse
870 1691 1162 1758 volumus,
1197 1709 1301 1766 ego
1352 1691 1674 1748 Landricus
1723 1693 1906 1748 abbas
1937 1698 1994 1748 et

346 1801 549 1842 omnes
581 1782 852 1840 monachi
902 1783 1088 1838 sancti
1131 1782 1280 1838 Petri
1314 1781 1560 1838 coanobii
1591 1781 1986 1850 Carnotensis,
2018 1817 2066 1881 B

341 1878 461 1930 tam
495 1873 879 1947 praesentibus
908 1889 1084 1944 quam
1119 1871 1351 1940 futuris,
1379 1869 1774 1942 quoniam,llI
1804 1889 1989 1928 nonas

345 1963 696 2030 novembris,
728 1961 1062 2029 Walterius,
1092 1960 1437 2032 cognomine
1470 1961 1701 2033 Fugans
1733 1962 1985 2033 Lupum,

342 2069 476 2108 cum
510 2069 688 2108 uxore
719 2068 827 2106 sua
853 2050 1124 2122 Unberga
1174 2053 1348 2121 atque
1392 2049 1693 2122 privignis,
1729 2050 1984 2119 Simone,

343 2141 649 2197 Milesinde
665 2145 722 2196 et
737 2138 970 2212 Oydela,
999 2143 1294 2194 annuente
1326 2139 1540 2194 domno
1571 2155 1677 2193 suo
1707 2139 1982 2209 Guarino,

339 2247 473 2286 cum
510 2246 687 2286 uxore
719 2245 826 2285 sua
873 2227 1168 2296 Adelaide,
1203 2227 1350 2282 duas
1409 2244 1574 2283 areas
1631 2233 1817 2294 terrae,
1851 2246 1983 2285 cum

338 2320 570 2376 duobus
593 2317 819 2386 incolis,
846 2321 1046 2373 sancto
1078 2316 1244 2372 Petro
1278 2320 1554 2389 perpetuo
1587 2316 1887 2374 habendas
1905 2319 1985 2374 di-

337 2409 526 2478 misit;
553 2408 797 2482 proinde
817 2425 850 2462 a
883 2406 1052 2462 nobis
1083 2423 1267 2461 unum
1298 2422 1515 2478 equum
1549 2406 1983 2478 accipiens,tres

336 2498 516 2554 libras
548 2497 854 2562 valentem,
889 2500 944 2551 et
976 2495 1303 2551 orationum
1336 2494 1635 2551 beneficia.
1670 2497 1847 2552 Terra
1879 2514 1982 2552 au-

335 2593 452 2645 tem
488 2587 616 2660 ipsa
645 2590 734 2643 est
765 2603 943 2658 super
991 2584 1259 2640 clausum
1315 2588 1602 2652 nostrum,
1638 2584 1695 2639 in
1725 2585 1848 2640 vico
1881 2587 1979 2658 qui

336 2676 574 2750 respicit
598 2677 666 2732 ad
701 2680 926 2748 portam
960 2691 1087 2746 qua;
1119 2678 1206 2729 est
1228 2675 1394 2745 juxta
1429 2674 1624 2728 Sancti
1659 2675 1978 2742 Michaelis,

333 2766 472 2822 olim
503 2766 738 2838 quidem
759 2765 828 2820 ab
847 2764 1055 2819 abbate
1073 2763 1312 2818 Arnulfo
1337 2763 1408 2817 ad
1439 2767 1672 2834 tempus
1705 2781 1981 2820 concessa

334 2854 618 2922 Teudoni,
652 2853 1006 2910 antecessori
1053 2851 1276 2907 Warini
1310 2853 1380 2906 de
1411 2853 1613 2907 Turre.
1651 2853 1839 2924 Hujus
1899 2855 1978 2910 rei

331 2950 510 3002 testes
541 2950 708 3000 sunt:
731 2942 1024 2998 Ansoldus
1056 2942 1127 2996 de
1160 2940 1444 3014 Mungerii
1478 2941 1646 3008 Villa,
1665 2941 1978 2999 Walterius

331 3035 401 3091 de
433 3033 700 3090 Munheri
731 3031 918 3100 Villa;
953 3031 1320 3099 Gausfridus,
1355 3030 1511 3086 ﬁlius
1541 3032 1704 3102 ejus;
1744 3032 1979 3087 Landri-

329 3141 453 3194 cus,
480 3124 638 3180 ﬁlius
669 3121 944 3194 Hungcrii
973 3140 986 3190 ;
1017 3121 1349 3193 Stephanus
1381 3125 1438 3176 et
1466 3121 1976 3190 Adventius,ﬁlius

330 3189 488 3287 ejus;
526 3214 691 3286 Hugo
723 3189 1028 3284 presbiter,
1072 3189 1247 3266 Fulco
1277 3211 1576 3280 Eunucus,
1611 3211 1972 3281 Oidclerius;
2008 3189 2049 3252 C

329 3303 620 3377 Girogius,
645 3301 802 3357 ﬁlius
821 3299 1148 3355 Gauscelini
1167 3298 1503 3368 ;Ermenold
1515 3317 1602 3370 us,
1619 3300 1975 3372 Stephanus,

329 3392 654 3456 Teduinus,
684 3389 960 3446 Warinus
993 3387 1194 3460 pistor.
1229 3390 1431 3443 Actum
1464 3393 1551 3442 est
1581 3390 1844 3456 Carnotjs
1877 3407 1954 3462 pu
1977 3433 1998 3443 -

329 3482 498 3550 blice,
532 3479 592 3535 in
651 3477 896 3534 ecclesia
956 3477 1141 3532 sancti
1196 3476 1367 3542 Petri,
1401 3481 1678 3550 regnante
1734 3477 1978 3536 Henrico

315 3587 483 3645 .regc.
518 3567 735 3625 Paulus
767 3563 1093 3621 monachus
1125 3564 1380 3636 scripsit.
1415 3586 1441 3614 »

828 3653 1246 3710 CAPITULUM
1289 3653 1475 3708 LXVI.

731 3750 810 3802 De
839 3751 1021 3800 sancto
1056 3743 1316 3799 Germano
1350 3744 1576 3816 Alogiae.

918 3835 1088 3902 (Ante
1119 3849 1173 3887 a.
1207 3833 1390 3904 4070.)

403 3950 431 3978 ‹‹
462 3927 526 3984 In
555 3923 765 3982 Christi
797 3921 1054 3978 nomine.
1086 3923 1204 3994 Ego
1237 3921 1582 3988 Landricus,
1615 3923 1804 3996 gratia
1851 3925 1975 3993 Dei,

331 4018 512 4074 abbas
542 4013 787 4072 ccenobii
820 4011 1216 4078 Carnotensis,
1247 4014 1304 4066 et
1333 4011 1526 4068 omnis
1557 4013 1978 4069 monachorum

331 4103 701 4179 congregatio
733 4101 911 4156 michi
943 4099 1280 4167 commissa,
1313 4104 1518 4156 notum
1551 4118 1680 4158 esse
1709 4101 1980 4160 volumus

331 4194 558 4252 cunctis
576 4189 1018 4249 successoribus
1037 4189 1397 4255 nostris,tam
1419 4191 1786 4262 presentibus
1802 4209 1980 4264 quam

331 4283 564 4351 futuris,
589 4282 743 4356 quod
763 4280 1004 4353 quidam
1037 4278 1322 4351 presbiter
1337 4277 1606 4334 aecclesize
1625 4281 1810 4336 sancti
1844 4283 1980 4337 Ger-

329 4368 960 4445 maniAlogiae,Natalis
973 4367 1747 4438 nomine,tanta3dilectionis
1761 4374 1818 4426 et
1831 4388 1988 4430 amo-

327 4465 410 4522 ris
425 4479 563 4536 erga
575 4478 682 4518 nos
697 4464 754 4516 et
767 4459 957 4514 locum
976 4461 1240 4513 nostrum
1257 4455 1465 4526 extitit,
1482 4462 1565 4525 ut,
1582 4475 1762 4514 sanus
1788 4465 1982 4516 mente

2120 531 2165 584 si
2190 549 2320 587 vero
2337 549 2496 588 mors
2513 550 2645 588 eum
2665 533 2725 588 in
2743 532 2991 589 clericali
3015 533 3217 590 habitu
3244 533 3603 607 praeveniret,
3635 551 3766 590 cor-

2117 637 2227 691 pus
2240 620 2366 690 ejus
2390 621 2449 676 in
2473 622 2758 678 cimiterio
2781 622 3140 679 humaretur.
3159 624 3320 690 Quod
3343 622 3543 679 libenti
3565 623 3765 678 animo

2117 709 2314 764 domni
2340 711 2488 782 ejus,
2512 712 2843 766 Bernardus
2875 711 3140 768 videlicet
3171 713 3241 769 de
3265 711 3436 769 Buslo
3456 715 3514 768 et
3541 711 3764 770 Walte-

2115 797 2237 852 rius
2250 799 2320 853 de
2335 799 2527 855 Monte
2542 801 2814 863 Mirabili.
2834 806 3233 870 assenserunt,
3258 805 3314 858 et
3337 803 3407 858 de
3429 801 3552 858 suis
3585 801 3764 858 rebus

2114 889 2417 958 praefatum
2442 890 2757 957 donum,ut
2779 890 2836 944 in
2851 890 2975 945 suis
2997 889 3139 946 locis
3161 891 3627 964 dicetur,augere
3641 907 3760 947 ma-

2112 975 2348 1032 luerunt
2363 996 2376 1045 ;
2391 981 2447 1033 et
2461 996 2636 1051 super
2649 978 2827 1034 altare
2841 979 3235 1051 apostolorum
3250 980 3398 1036 Petri
3413 984 3468 1036 et
3481 979 3640 1036 Pauli
3655 998 3760 1053 pu-

2111 1064 2281 1133 blice,
2308 1067 2366 1121 in
2391 1068 2698 1139 presentia
2715 1067 2906 1123 omnis
2937 1068 3406 1143 congregationis
3426 1072 3603 1142 atque
3631 1069 3762 1141 plu-

2111 1155 2394 1212 rimorum
2426 1157 2908 1230 hominum,poni
2941 1159 3388 1228 mandaverunt,
3412 1163 3468 1214 et
3489 1159 3758 1232 apicibus

2109 1245 2383 1300 omnibus
2415 1245 2662 1318 posteris
2694 1247 2982 1302 notiﬁcari
3005 1248 3345 1319 jusserunt;
3379 1264 3584 1304 omnes
3614 1265 3756 1305 con-

2102 1333 2209 1388 trai
2220 1351 2278 1389 re
2306 1339 2593 1392 conantes
2640 1336 2790 1392 nodo
2817 1336 3438 1394 excommunicationis
3469 1338 3757 1394 constrin-

2103 1427 2307 1494 gentes
2342 1428 2398 1479 et
2428 1442 2629 1480 eorum
2663 1425 2912 1496 animas,
2945 1425 3059 1481 nisi
3089 1424 3441 1498 resipuerint
3470 1431 3528 1483 et
3553 1427 3624 1483 ad
3657 1445 3754 1484 sa-

2101 1511 2456 1568 tisfactionis
2512 1515 2837 1570 remedium
2898 1515 3284 1588 confugerint,
3343 1515 3404 1571 in
3452 1515 3751 1574 infernum

2101 1600 2488 1674 imprecantes
2520 1601 2660 1670 labi,
2694 1621 2826 1658 cum
2859 1603 3090 1660 diabolo
3140 1605 3368 1660 veniam
3400 1609 3458 1662 et
3488 1606 3751 1679 requiem

2100 1689 2423 1747 habituras.
2458 1691 2602 1746 Huic
2634 1692 2715 1747 rei
2746 1710 3054 1749 assensum
3103 1693 3351 1766 praebuit
3399 1695 3751 1754 Gausfridus

2100 1779 2171 1834 de
2203 1779 2463 1847 Medena,
2491 1781 2589 1853 qui
2623 1797 2688 1836 eo
2718 1784 2979 1855 tempore
3011 1781 3290 1839 honorem
3320 1782 3534 1857 Alogizs
3565 1800 3632 1840 ex
3662 1783 3752 1840 in-

2098 1871 2260 1941 tegro
2282 1869 2534 1924 tenebat.
2559 1874 2954 1926 Assenserunt
2975 1872 3151 1926 etiam
3175 1871 3468 1939 Mahildis,
3492 1875 3751 1945 conjunx

2097 1959 2245 2028 ejus,
2273 1962 2327 2013 et
2357 1957 2714 2028 Willelmus,
2739 1960 3042 2034 privignus
3065 1961 3376 2029 Gausfridi,
3401 1965 3577 2034 atque
3591 1963 3751 2020 Wal-

2094 2048 2300 2116 terius,
2322 2047 2480 2104 Illius
2512 2050 2660 2120 ejus.
2693 2049 2850 2112 Alios
2879 2054 3058 2106 testes
3090 2050 3539 2120 subscriberem,
3569 2052 3618 2109 si
3650 2071 3748 2110 su-

2095 2136 2384 2208 perﬂuum
2419 2155 2533 2192 non
2565 2137 2878 2194 videretur.
2914 2161 2942 2188 »

2585 2228 2995 2284 CAPITULUM
3036 2229 3251 2286 LXVII.

2399 2322 2476 2372 De
2504 2324 2650 2372 terra
2679 2317 2805 2373 data
2838 2336 2872 2372 a
2900 2318 3136 2375 Mahilde
3161 2328 3434 2378 matrona.

2683 2409 2850 2476 (Ante
2881 2424 2933 2462 a.
2970 2409 3154 2478 1070.)

2163 2517 2190 2543 ‹‹
2226 2493 2510 2566 Quicquid
2545 2493 2680 2550 boni
2713 2494 2924 2568 agitur,
2960 2495 3018 2550 in
3053 2495 3240 2569 ipsius
3278 2498 3513 2556 nomine
3545 2501 3744 2576 agitur

2091 2601 2124 2638 a
2154 2601 2266 2656 quo
2299 2583 2474 2639 homo
2505 2588 2570 2639 ut
2599 2585 2818 2640 bonum
2849 2584 2986 2640 velit
3025 2586 3346 2658 inspiratur
3375 2592 3432 2644 et
3457 2591 3529 2646 ad
3562 2608 3739 2665 agen-

2089 2674 2230 2728 dum
2262 2672 2596 2745 erigitur,et
2625 2691 2812 2745 usque
2843 2673 2900 2728 in
2935 2675 3107 2730 finem
3142 2679 3599 2746 perseveratione
3626 2681 3741 2739 fac-

2088 2762 2556 2834 tusperfectusin
2573 2768 2852 2818 aeternum
2876 2769 3304 2821 remuneratur.
3320 2767 3740 2842 Domnaigitur

2091 2851 2383 2919 Mahildis,
2419 2869 2520 2924 pro
2555 2853 2954 2924 redemptione
2986 2854 3195 2909 animae
3227 2872 3345 2911 suae
3398 2861 3572 2930 atque
3603 2861 3738 2916 ani-

2088 2958 2318 2996 marum
2351 2941 2649 2996 seniorum
2680 2942 3244 3010 suorum,Willelmi
3270 2944 3538 3003 videlicet
3559 2953 3738 3021 atque

2087 3029 2400 3098 Gausfridi,
2435 3046 2500 3084 ac
2530 3035 2840 3102 parentum
2873 3031 3245 3105 filiorumque
3274 3050 3539 3103 suorum,
3573 3038 3738 3094 dedit

2088 3125 2289 3174 sancto
2322 3121 2607 3175 Germano
2639 3125 2876 3188 terram,
2904 3137 3054 3192 quae,
3070 3122 3242 3192 juxta
3261 3123 3525 3194 ejusdem
3557 3127 3736 3184 eccle-

2087 3209 2184 3263 sia:
2217 3209 2569 3264 cimiterium
2601 3209 2732 3275 sita,
2767 3209 3047 3265 dividitur
3083 3211 3195 3279 via,
3229 3229 3345 3284 qua
3375 3221 3627 3288 pergunt
3656 3217 3733 3273 ab

2086 3299 2287 3354 eadem
2319 3297 2560 3353 basilica
2589 3298 2662 3352 ad
2693 3297 3132 3367 Colummerios,
3161 3304 3218 3357 et
3239 3303 3309 3358 ab
3342 3304 3543 3360 eadem
3575 3310 3736 3364 terra

2086 3387 2462 3454 terminatur;
2487 3390 2542 3442 et
2569 3385 2704 3442 hinc
2735 3388 2804 3442 de
2837 3388 3031 3444 Monte
3061 3389 3268 3446 Cancri
3301 3395 3356 3446 et
3378 3393 3451 3447 ab
3475 3393 3733 3468 Algunni

2085 3477 2253 3543 Villa,
2288 3479 2483 3548 atque,
2534 3493 2604 3531 ex
2661 3475 2841 3532 altera
2893 3481 3078 3548 parte,
3139 3479 3211 3534 de
3271 3478 3499 3538 Ulsiaco
3556 3487 3614 3538 et
3660 3484 3737 3542 de

2085 3570 2242 3622 terra
2273 3564 2483 3620 Insulae
2517 3569 2571 3620 et
2599 3565 2670 3620 de
2712 3570 2865 3620 terra
2893 3567 2962 3622 de
2993 3566 3296 3624 Balduino.
3331 3571 3536 3626 Totam
3579 3571 3736 3631 hanc

2087 3660 2304 3711 terram
2335 3671 2468 3710 cum
2492 3658 2677 3726 prato,
2714 3654 2865 3710 sicut
2891 3655 2950 3710 in
2982 3656 3341 3714 dominicatu
3373 3659 3732 3732 obtinuerat,

2089 3745 2305 3800 donum
2332 3760 2509 3815 super
2521 3743 2702 3798 altare
2724 3744 2910 3799 sancti
2929 3745 3201 3801 Germani
3225 3746 3550 3822 posuit.Cuj
3560 3768 3628 3807 us
3648 3751 3736 3808 rei

2087 3838 2264 3888 testes
2295 3832 2552 3887 existunt
2585 3847 2597 3886 :
2631 3832 2946 3904 Algrinus;
2998 3833 3333 3890 Adelelmus
3381 3854 3448 3892 ac
3486 3839 3734 3910 Natalis,

2090 3925 2455 3991 sacerdotes;
2489 3921 2716 3978 Guiddo
2749 3924 3010 3992 Guarini,
3047 3925 3375 3982 Rodbertus
3415 3929 3736 3987 Lamberti.

2090 4014 2206 4068 Hoc
2229 4013 2423 4084 ipsum
2448 4012 2687 4080 donum,
2713 4012 2884 4068 sicuti
2908 4017 3096 4069 mater
3116 4015 3346 4083 fecerat,
3371 4016 3454 4073 ita
3481 4017 3739 4076 domnus

2088 4101 2424 4156 Willelmus
2455 4100 2611 4155 filius
2643 4102 2770 4172 ejus
2799 4100 3049 4158 libenter
3094 4105 3399 4161 concessit.
3435 4106 3622 4179 Hujus
3653 4109 3741 4164 rei

2091 4197 2231 4246 sunt
2263 4194 2438 4246 testes
2471 4207 2484 4245 :
2532 4189 2866 4258 Walterius,
2903 4191 3163 4264 Hugonis
3214 4194 3426 4264 frater;
3457 4197 3739 4255 Eirardus

2093 4282 2162 4337 de
2195 4282 2370 4335 Busto
2398 4280 2569 4347 Loco,
2594 4278 2904 4335 Walterius
2936 4281 3006 4335 de
3040 4281 3302 4338 Monheri
3331 4283 3500 4353 Villa,
3525 4285 3739 4343 Hame-

2090 4369 2248 4428 linus
2281 4368 2607 4436 Livarecus,
2643 4367 2896 4423 Briccius
2917 4369 2986 4424 de
3015 4369 3262 4426 Castello
3294 4373 3437 4442 Leti,
3470 4374 3740 4432 Gausfri-

2094 4459 2226 4525 dus,
2261 4458 2424 4530 Hugo
2483 4457 2552 4512 de
2609 4455 2978 4528 Barzilleriis,
3013 4458 3367 4532 Rajenaldus
3416 4463 3736 4536 Gausfridi,

327 4559 386 4612 et
408 4568 666 4626 corpore,
695 4547 977 4622 quesierit
1005 4565 1038 4602 a
1060 4546 1294 4602 domnis
1325 4546 1469 4614 suis,
1495 4547 1566 4602 de
1587 4547 1801 4619 quibus
1831 4566 1975 4620 prae-
2006 4565 2053 4628 D
2086 4547 2416 4604 Bernardus
2447 4546 2517 4601 de
2547 4545 2699 4600 Villa
2726 4545 2963 4602 Abonis.
3000 4569 3027 4599 ››

328 4643 545 4700 dictam
579 4638 881 4698 ecclesiam
915 4641 972 4694 et
1001 4636 1145 4692 alias
1176 4653 1268 4692 res
1300 4636 1359 4690 in
1393 4635 1671 4692 beneﬁcio
1717 4638 1974 4705 tenebat,

327 4737 393 4789 ut
422 4729 623 4788 omnia
652 4747 780 4802 quae
813 4729 884 4784 ab
917 4727 1002 4782 eis
1033 4726 1340 4782 videbatur
1387 4725 1706 4797 possidere,
1742 4744 1843 4797 pro
1875 4726 1976 4782 Dei

328 4837 525 4879 amore
555 4835 622 4875 ac
652 4815 1048 4888 redemptione
1077 4813 1407 4870 animarum
1441 4830 1705 4880 suarum,
1731 4814 1975 4870 faculta-

325 4914 446 4966 tem
468 4909 518 4964 ei
543 4907 868 4963 tribuerent
889 4902 1334 4960 transfundendi
1353 4903 1409 4957 in
1429 4907 1770 4974 potestatem
1787 4903 1974 4959 sancti

328 4995 477 5053 Petri
499 5000 556 5050 et
576 4993 998 5049 monachorum
1020 4993 1147 5063 ejus
1173 5009 1186 5059 ;
1223 4991 1650 5063 quatinusjure
1671 4997 1973 5063 perpetuo,

327 5085 453 5141 sine
485 5083 607 5139 ulla
636 5082 952 5148 calumnia,
974 5081 1312 5152 possideant
1331 5085 1385 5135 et
1401 5079 1656 5134 habeant
1675 5082 1974 5152 przefatam

327 5173 551 5230 scilicet
579 5169 921 5238 aacclesiam,
953 5175 1287 5240 terramque
1319 5168 1390 5223 ad
1451 5167 1631 5224 altare
1679 5171 1976 5241 pertinen-

323 5268 464 5330 tem,
489 5259 842 5318 offerendam
873 5263 930 5313 et
960 5257 1344 5329 sepulturam,
1369 5257 1805 5330 decimulasque
1829 5276 1975 5330 quas

324 5350 578 5419 tenebat,
614 5346 932 5405 molendini
984 5345 1161 5401 unius
1212 5345 1606 5414 medietatem,
1641 5351 1975 5420 terramque

327 5437 504 5493 aratri
526 5437 706 5493 unius
731 5454 743 5505 ;
781 5439 836 5490 ct
860 5433 919 5490 in
944 5433 1066 5489 Alto
1091 5433 1353 5488 Pedaneo
1377 5433 1524 5488 duos
1558 5434 1870 5506 aripennos
1898 5435 1976 5490 νὶ-

325 5542 467 5594 nece,
495 5543 560 5583 eo
611 5525 846 5598 quidem
897 5521 1118 5591 tenore,
1152 5526 1236 5588 ut,
1270 5522 1319 5577 si
1351 5521 1665 5594 aliquando
1703 5524 1974 5582 voluntas

324 5613 378 5676 ei
402 5619 740 5693 suggereret
784 5614 982 5672 venire
1025 5613 1100 5672 ad
1149 5611 1541 5669 monachilem
1598 5611 1867 5671 habitum
1914 5615 1973 5672 in

2556 4635 2974 4692 CAPITULUM
3018 4637 3258 4695 LXVIII.

2440 4726 2515 4781 De
2537 4727 2625 4780 via
2654 4724 2781 4780 data
2809 4725 2876 4780 ab
2907 4725 3093 4782 eadem
3119 4727 3372 4786 Mahilde.

2680 4815 2847 4883 (Ante
2879 4832 2931 4869 a.
2965 4817 3148 4884 1070.)

2157 4927 2184 4954 ‹‹
2211 4904 2272 4958 In
2298 4903 2534 4959 nomine
2554 4903 2744 4958 Patris
2777 4908 2832 4959 et
2865 4903 2992 4959 Filii
3021 4909 3079 4960 et
3105 4905 3356 4979 Spiritus
3374 4909 3590 4967 Sancti.
3615 4911 3743 4970 No-

2081 4997 2207 5048 tum
2221 5010 2347 5049 esse
2359 4992 2486 5048 volo
2506 4993 2783 5048 omnibus
2805 4998 3017 5049 sanctae
3033 4994 3133 5050 Dei
3149 4995 3419 5054 aecclesizs
3437 4999 3750 5078 fidelibus.

2086 5088 2206 5138 tam
2240 5082 2609 5154 presentibus
2641 5099 2817 5153 quam
2851 5083 3084 5156 futuris,
3113 5087 3265 5157 quod
3300 5102 3426 5161 ego,
3461 5088 3742 5148 Mabildis

2086 5171 2343 5238 nomine,
2390 5189 2537 5244 quae,
2593 5171 2942 5227 hereditario
2995 5175 3150 5245 jure,
3211 5175 3449 5234 honoris
3494 5177 3740 5252 Alogiaa,

2084 5260 2280 5315 divino
2311 5263 2715 5330 nutu,domna
2741 5278 2869 5318 esse
2899 5262 3134 5333 videor;
3170 5283 3271 5338 pro
3303 5267 3405 5323 Dei
3437 5270 3743 5336 amore,de

2085 5367 2199 5422 quo
2259 5352 2456 5406 omnia
2507 5368 2633 5423 qua
2667 5351 2738 5406 ad
2770 5368 2944 5407 usum
2975 5352 3103 5408 vita:
3135 5353 3408 5412 humanaa
3439 5357 3742 5431 pertinent

2083 5439 2268 5494 habeo
2321 5444 2374 5495 et
2418 5441 2511 5495 cui
2569 5441 2768 5497 omnia
2825 5441 3027 5510 debeo,
3059 5460 3163 5499 seu
3194 5461 3299 5517 pro
3329 5445 3548 5504 honore
3577 5447 3738 5506 beati

2085 5527 2258 5595 Petri,
2290 5528 2688 5600 apostolorum
2721 5530 3024 5604 principis,
3059 5533 3175 5601 cui,
3226 5532 3380 5591 inter
3408 5533 3524 5591 alia
3551 5535 3732 5607 dona,

2086 5615 2408 5676 mcclesiam
2437 5618 2624 5676 sancti
2655 5619 2928 5677 Germani
2947 5620 3008 5678 in
3029 5621 3159 5698 ipsa
3183 5621 3399 5700 Alogie
3428 5640 3565 5685 area
3591 5640 3735 5686 con-
