3988 6072
191 229 304 294 325

808 229 1064 296 VETUS
1107 226 1397 296 AGANO.
1425 227 1679 295 -LIB.
1728 227 1858 294 VII.
1905 226 2346 294 LANDRICUS
2390 229 2491 293 ET
2536 229 2978 297 HUBERTUS.

3469 235 3586 299 326

192 365 489 435 cedimus;
524 379 680 422 nunc
711 366 948 438 quidem
965 365 1258 440 publicam
1274 367 1581 440 viam,qum
1597 371 1838 423 actenus
1867 366 1921 432 Α
1951 365 2242 433 fessionis,
2273 369 2393 420 tam
2426 367 2810 438 praesentibus
2840 384 3016 440 quam
3055 367 3290 436 futuris,
3325 387 3430 426 nos
3461 389 3587 428 mo-

184 454 646 529 juxtaparietem
669 455 857 529 ipsius
879 456 1003 512 visa
1023 461 1112 512 est
1131 457 1344 530 ire,pro
1363 457 1614 512 remedio
1631 457 1838 512 animze

193 562 330 601 mea:
358 544 451 601 vel
477 549 791 618 parentum
825 562 1109 613 meorum,
1144 547 1213 601 ab
1247 545 1373 618 ipso
1412 545 1538 602 loco
1577 562 1834 612 amoveo,

191 639 274 696 ut,
309 634 382 688 ab
413 633 524 689 hac
555 633 648 690 die
677 635 734 689 in
769 640 959 702 antea,
989 635 1131 690 foris
1161 639 1254 690 eat
1283 636 1485 691 eadem
1515 635 1608 690 via
1637 633 1837 707 procul

193 724 262 779 ab
293 722 579 794 (ecclesia,
609 728 673 779 ut
702 723 972 779 monachi
1005 724 1146 780 inibi
1180 729 1660 779 commorantesa
1689 741 1840 778 com-

189 812 526 868 meantibus
539 817 713 884 atque
726 812 1089 869 exactoribus
1103 813 1304 868 tributi
1318 812 1836 880 consuetudinarii,

190 901 316 958 sine
344 900 753 974 inquietudine
796 901 1014 974 aliqua,
1045 902 1164 957 sint
1194 903 1420 958 remoti.
1454 903 1614 957 Hanc
1645 908 1838 956 autem

191 990 479 1047 cartulam
509 990 634 1046 fieri
657 991 919 1062 jussi,ac
952 992 1172 1047 donum
1199 993 1302 1046 via:
1334 993 1582 1064 praefatae
1598 1008 1838 1063 peream

191 1097 370 1153 super
394 1079 580 1136 altare
595 1079 995 1153 apostolorum
1022 1080 1171 1136 Petri
1184 1085 1240 1136 et
1262 1080 1422 1136 Pauli
1446 1080 1635 1153 posui,
1651 1079 1841 1136 crucis

191 1169 430 1242 signum
467 1185 596 1224 mea
627 1185 804 1224 manu
834 1168 1360 1241 imprimens;idem
1389 1167 1841 1241 ﬁerijubensbis

192 1259 290 1331 qui
323 1275 560 1314 mecum
591 1259 834 1314 aderant
863 1262 1176 1332 praesentes
1210 1275 1223 1313 ε
1256 1257 1838 1331 Warinopreeposito,

190 1348 460 1416 Eirardo,
491 1347 787 1404 Bernardo
819 1348 889 1403 de
919 1347 1287 1416 Barzilleriis,
1321 1347 1520 1404 David.
1555 1369 1584 1397 »

694 1437 1114 1493 CAPITULUM
1156 1437 1345 1493 LXIX.

455 1527 529 1582 De
556 1526 767 1582 vicaria
795 1535 975 1598 empta
1002 1526 1068 1583 de
1097 1526 1316 1583 Mitam’s
1352 1527 1579 1584 Vitiare.

785 1617 953 1685 (Ante
985 1633 1036 1671 a.
1073 1617 1255 1685 1080.)

259 1729 287 1755 α
324 1704 638 1772 Quoniam,
654 1705 826 1776 juxta
851 1704 1110 1760 veritatis
1143 1705 1842 1777 sententiam,iniquitate

193 1792 577 1850 habundante
605 1798 662 1848 et
691 1793 1012 1850 multorum
1045 1795 1282 1850 caritate
1309 1795 1843 1867 refrigescente,res

195 1899 318 1955 qua
349 1899 386 1938 a
417 1882 631 1955 priscis
658 1882 930 1938 fidelibus
960 1882 1221 1939 ecclesiis
1244 1883 1462 1938 collatae
1487 1882 1846 1939 suntabinfi-

195 1971 429 2027 delibus
460 1971 1849 2044 insaciabilicupiditateinvadunturetdiripiun-

197 2065 310 2129 tur,
345 2065 424 2127 et,
461 2061 786 2116 secundum
827 2061 1142 2134 prophetia:
1183 2061 1544 2129 vaticinium,
1580 2077 1709 2116 raro
1760 2061 1847 2115 in-

201 2149 440 2206 venitur
469 2149 570 2222 qui
601 2167 670 2206 ex
697 2151 939 2206 adverso
969 2151 1292 2208 ascendens
1325 2152 1576 2224 obponat
1611 2167 1848 2206 nurum

198 2256 302 2312 pro
334 2240 514 2295 domo
539 2238 988 2312 Israel,perutile
1000 2244 1089 2296 est
1103 2239 1480 2296 ecclesiarum
1499 2239 1704 2295 cultori
1719 2241 1849 2307 bus,

200 2328 270 2383 ad
302 2328 729 2384 confutandam
761 2327 1097 2385 calumniam
1126 2346 1524 2402 pervasorum,
1557 2329 1627 2384 de
1674 2329 1852 2383 rbus

200 2417 425 2473 eisdem
457 2416 716 2472 ccclesiis
751 2417 986 2473 traditis
1031 2417 1444 2491 cirographum
1497 2419 1744 2474 condere
1796 2423 1853 2473 et

201 2522 456 2562 servare.
490 2507 855 2578 Quapropter
880 2523 987 2563 nos
1019 2508 1296 2564 cenobitaa
1345 2508 1498 2563 beati
1531 2507 1680 2563 Petri
1713 2509 1851 2562 Car-
1884 2542 1890 2547 ο

201 2594 472 2651 notensis
500 2595 839 2651 studuimus
869 2595 1077 2652 litteris
1118 2597 1396 2653 mandare
1444 2597 1663 2652 donum
1697 2597 1850 2668 quod

199 2683 336 2739 fecit
365 2683 731 2753 Fulcherius',
765 2685 992 2741 Girardi
1027 2685 1524 2758 ﬁlius,apostolico
1557 2686 1852 2757 Petro,pro

200 2790 308 2828 sua
357 2790 724 2846 suorumque
773 2780 1082 2846 parentum
1131 2774 1464 2842 animabus,
1517 2775 1588 2830 de
1639 2775 1855 2830 vicaria

203 2879 382 2934 quam
417 2863 676 2918 habebat
705 2863 764 2917 in
799 2863 1004 2918 Mitani
1036 2863 1251 2919 Villare
1283 2868 1338 2919 et
1386 2864 1445 2919 in
1495 2865 1652 2919 omni
1701 2868 1856 2918 terra

201 2952 354 3007 beati
391 2951 569 3006 Petri.
603 2951 731 3024 Ipse
759 2952 995 3025 quippe,
1015 2957 1070 3009 et
1097 2970 1302 3029 omnes
1333 2970 1580 3025 quorum
1615 2952 1855 3008 nomina

199 3040 453 3096 inferius
483 3039 702 3113 scripta
732 3045 890 3109 sunt,
926 3041 1024 3114 qui
1064 3043 1122 3097 in
1171 3042 1506 3115 supradicta
1552 3047 1706 3098 terra
1753 3059 1855 3114 per

1948 455 2117 510 nachi
2152 455 2336 509 sancti
2370 455 2540 520 Petri,
2567 456 2721 527 quia,
2745 461 3053 528 postquam
3083 456 3358 514 vicariam
3386 460 3456 514 de
3490 461 3589 515 Mi-

1946 544 2067 598 tani
2116 543 2330 599 Villare
2371 545 2645 612 emimus,
2689 546 2842 600 sicut
2888 545 3158 617 superius
3206 547 3482 616 diximus,
3515 552 3586 607 ab

1947 632 2222 688 omnibus
2254 632 2346 687 his
2376 635 2546 704 cujus
2576 651 2701 690 esse
2732 635 3058 702 videbatur,
3078 635 3178 690 ﬁlii
3204 637 3487 694 Fulcherii
3519 642 3588 696 (le

1948 721 2278 789 Scrineolis,
2330 721 2595 777 videlicet
2651 723 2936 778 Iliduinus
2984 729 3040 779 et
3086 725 3422 794 Walterius,
3461 729 3589 785 viva

1945 827 2083 866 voce
2113 816 2285 882 atque
2316 815 2434 866 toto
2467 812 2911 877 nisu,instinctu
2945 813 3250 880 diabolico,
3275 816 3590 874 reclamare

1949 904 2268 971 coeperunt,
2301 900 2475 955 variis
2525 900 2714 955 modis
2761 901 3036 972 injuriam
3071 902 3239 958 nobis
3273 905 3586 976 facientes;

1947 989 2301 1060 tandemque
2337 988 2827 1060 resipisccntes,et
2858 991 2928 1045 de
2959 997 3193 1062 peccato
3225 1011 3333 1049 suo
3360 995 3588 1051 veniam

1949 1076 2335 1148 postulantes,
2371 1082 2594 1149 sponte,
2629 1095 2915 1150 guerpum
2946 1079 3171 1135 vicariae
3204 1099 3379 1154 quam
3411 1085 3590 1140 recla-

1951 1166 2192 1221 mabant
2223 1183 2399 1238 super
2427 1166 2608 1221 altare
2639 1167 2826 1222 sancti
2856 1167 3005 1223 Petri
3026 1174 3328 1241 ponentes,
3344 1176 3400 1228 et
3426 1175 3594 1230 venia

1951 1254 2263 1326 impetrata
2295 1272 2470 1326 quam
2504 1255 3184 1327 poscebant,nostrarum
3215 1276 3452 1330 precum
3469 1280 3596 1335 par-

1950 1342 2155 1414 ticipes
2187 1343 2492 1398 nobiscum
2525 1361 2652 1400 esse
2691 1351 3012 1417 cmperunt.
3045 1348 3248 1404 Testes
3287 1354 3483 1407 autem
3524 1368 3595 1408 ex

1953 1431 2061 1487 hac
2093 1433 2163 1486 de
2193 1449 2254 1488 re
2284 1438 2483 1488 nostra
2513 1439 2675 1506 parte
2707 1434 3338 1496 fueruntzFrodlandus
3353 1445 3414 1496 et
3443 1441 3598 1497 Gun-

1953 1521 2203 1589 baudus,
2239 1521 2396 1577 ﬁlius
2427 1523 2588 1594 ejus;
2621 1523 2953 1595 Stephanus
3002 1527 3212 1598 major,
3249 1530 3594 1587 Laurentius

1954 1609 2388 1678 cubicularius;
2449 1612 2766 1668 Herbertus
2829 1617 2887 1668 et
2941 1615 3238 1683 Warinus,
3305 1617 3592 1690 pistores;

1956 1698 2276 1755 Walterius
2306 1701 2816 1766 sartor,Hubertus
2847 1704 3303 1762 matricularius.
3323 1709 3404 1762 Ex
3438 1715 3597 1782 parte

1959 1804 2158 1843 eorum
2196 1804 2209 1842 :
2244 1788 2537 1860 Giraldus,
2571 1791 2824 1863 armiger
2870 1791 3144 1850 Walterii.
3181 1795 3240 1850 Si
3283 1796 3417 1868 quis
3464 1815 3598 1854 vero

1956 1876 2092 1931 huic
2123 1877 2354 1931 cartula:
2387 1879 2673 1934 contraire
2703 1881 3088 1951 temptaverit,
3121 1883 3234 1939 nisi
3284 1885 3356 1940 ad
3397 1903 3597 1942 emen-

1957 1966 2248 2021 dationem
2273 1965 2622 2038 resipiscens
2641 1969 3598 2048 confugerit,anathematisjugulo

1959 2055 2275 2120 sauciatus,
2309 2055 2368 2109 in
2399 2056 2667 2123 infermo,
2704 2073 2836 2112 cum
2870 2058 3090 2115 Anania
3119 2065 3174 2142 et
3225 2063 3471 2135 Saphira
3501 2082 3599 2120 sa-

1959 2143 2196 2216 crilegio
2227 2145 2566 2217 peremptis,
2597 2146 2722 2200 sine
2753 2147 2868 2202 fine
2898 2164 3100 2220 pmnas
3127 2149 3270 2206 luat.
3307 2174 3336 2201 ››

2455 2252 2867 2309 CAPITULUM
2919 2255 3102 2312 LXXI.

1959 2341 2042 2392 De
2071 2339 2350 2416 ηιιτᾱξιξιαιβ
2374 2342 2667 2416 sepultura:
2695 2351 2744 2397 et
2768 2347 2933 2416 panis
2961 2353 3121 2416 atque
3147 2347 3392 2407 candelze
3421 2353 3603 2410 (recie-

2044 2412 2148 2466 sz'ac
2178 2411 2400 2481 Alogz'w,
2431 2411 2560 2468 data
2589 2431 2623 2468 a
2653 2411 2914 2470 Walterio
2951 2411 3216 2474 cie-Monte
3245 2420 3507 2480 Mirabili.

2548 2504 2715 2571 (Ante
2745 2520 2798 2558 a.
2836 2505 3018 2578 1080.)

2033 2587 2308 2644 «Notum
2343 2607 2470 2645 esse
2517 2591 2790 2648 volumus
2837 2593 3112 2652 omnibus
3163 2601 3602 2659 successoribus

1961 2677 2201 2744 nostris,
2232 2678 2497 2735 videlicet
2527 2698 2632 2736 nos
2664 2681 2932 2737 monachi
2965 2687 3151 2740 sancti
3187 2687 3336 2743 Petri
3357 2691 3604 2746 ccenobii

1962 2763 2356 2833 Carnotensis,
2391 2768 2548 2840 quia,
2583 2775 2894 2842 postquam
2930 2773 3260 2832 Bernardus
3309 2779 3380 2833 de
3431 2779 3604 2836 Buslo

1962 2853 2280 2910 azcclesiam
2315 2858 2500 2912 sancti
2533 2858 2805 2914 Germani
2844 2861 2914 2916 de
2943 2861 3164 2935 Alogia,
3201 2865 3424 2922 vivente
3457 2869 3604 2924 Lan-

1962 2941 2121 2996 drico
2153 2945 2490 3017 abbate,pro
2523 2947 2709 3002 salute
2732 2949 2939 3004 animae
2958 2967 3074 3005 suae
3089 2953 3604 3027 contulit,quidam

1965 3029 2229 3099 clericus,
2264 3034 2498 3090 nomine
2528 3035 2845 3092 Walterius
2877 3039 2946 3093 de
2996 3039 3264 3109 Castello,
3298 3043 3390 3098 cui
3437 3061 3605 3102 voca-

203 3147 342 3186 eum
393 3128 620 3202 aliquid
673 3129 887 3186 habere
934 3130 1302 3199 videbantur,
1355 3133 1645 3188 dederunt
1687 3132 1854 3187 beato
1887 3123 1929 3189 ρ
1968 3119 2172 3174 bulum
2204 3127 2291 3176 est
2315 3123 2480 3179 Mons
2500 3124 2846 3193 Mirellus,in
2863 3127 3607 3191 eademaacclesiaclamare

203 3219 371 3274 Petro
402 3219 686 3291 quicquid
704 3219 817 3274 sibi
850 3221 1217 3292 competebat
1240 3221 1397 3292 jure;
1423 3225 1482 3277 et
1513 3225 1860 3293 acceperunt

203 3308 520 3364 karitative
569 3325 603 3363 a
645 3307 954 3364 Gausfrido
985 3309 1180 3383 Nigro,
1213 3311 1466 3366 domnus
1517 3310 1860 3366 Fulcherius

202 3397 297 3452 XL
325 3413 708 3452 nummorum
741 3397 988 3467 solidos;
1023 3397 1410 3472 Ingelrannus
1440 3401 1510 3455 de
1539 3398 1783 3454 Nociaco
1814 3398 1859 3453 X

202 3486 464 3554 solidos;
500 3485 831 3554 Ililduinus,
868 3487 1024 3543 ﬁlius
1057 3488 1342 3544 Fulcherii
1375 3490 1445 3545 de
1474 3488 1854 3558 Scriniololis,

201 3579 249 3630 X
281 3575 532 3644 solidos;
556 3577 804 3632 llerveus
835 3577 905 3633 de
935 3576 1192 3634 Caletulo
1225 3578 1372 3633 XXV
1402 3578 1640 3647 solidos;
1670 3579 1855 3651 Hugo,

199 3666 387 3721 frater
410 3665 564 3736 ejus,
595 3664 646 3717 V
675 3664 893 3722 solidos
922 3671 978 3721 et
1007 3667 1373 3736 societatem;
1401 3668 1684 3740 Rogerius
1712 3685 1857 3740 prae-

197 3754 447 3810 nomine
479 3752 791 3825 Cochinus,
824 3755 870 3810 X
901 3755 1148 3824 solidos;
1180 3756 1397 3812 Fulcho
1428 3774 1680 3828 quoque,
1702 3756 1858 3812 {ilius

194 3842 410 3915 ejus,V
442 3841 746 3909 solidos,et
773 3843 1092 3900 Rainaldus
1114 3844 1262 3900 alter
1275 3845 1857 3902 ﬁliussemimodium

196 3949 424 3988 avena.
482 3931 576 3986 Hii
629 3949 853 4000 omnes,
909 3950 1056 4005 quos
1111 3934 1586 4002 memoravimus,
1637 3935 1857 3990 donum

197 4021 462 4094 praefatae
493 4020 718 4076 vicariae
750 4039 928 4093 super
949 4021 1128 4078 altare
1159 4022 1312 4079 beati
1333 4024 1482 4079 Petri
1515 4029 1856 4095 posuerunt,

198 4109 600 4182 praesentibus
630 4109 722 4166 his
753 4127 1005 4182 quorum
1021 4112 1258 4167 nomina
1271 4112 1563 4168 memoria:
1583 4115 1861 4169 mandare

203 4198 538 4254 maluimus
573 4215 586 4254 :
617 4198 1001 4256 Gauscelinus
1031 4200 1101 4255 de
1131 4200 1861 4274 FraganiVilla,ﬁliusejus

207 4287 584 4352 Roscelinus,
615 4292 674 4344 et
701 4288 1004 4362 Georgius,
1040 4293 1098 4344 et
1125 4289 1465 4358 Walterius,
1499 4309 1678 4363 nepos
1711 4293 1858 4363 ejus;

207 4376 549 4433 Radbertus
589 4377 898 4446 Adoratus,
934 4378 1248 4435 Gunterius
1298 4381 1511 4436 Gruem
1558 4383 1640 4436 Ad
1691 4399 1860 4438 suam

205 4464 470 4558 sellam;
502 4465 817 4535 Galterius,
841 4467 1188 4558 Archenoldi
1223 4467 1400 4540 filius,
1434 4469 1556 4525 Udo
1589 4471 1659 4525 de
1708 4471 1860 4526 Scri-
1892 4495 1937 4558 D

203 4554 407 4610 niolis.
444 4555 560 4610 Iste
606 4572 676 4611 ex
723 4561 888 4628 parte
935 4555 1218 4628 ipsorum.
1271 4559 1352 4613 Ex
1400 4562 1600 4614 nostra
1647 4564 1854 4632 parte:

203 4643 536 4700 “'alterius
579 4649 907 4717 trapezeta;
952 4646 1301 4715 Bernardus,
1352 4645 1508 4703 filius
1555 4648 1859 4716 Vulmari;

201 4732 548 4789 Bermerius
592 4733 899 4806 presbiter,
934 4734 1255 4792 Landricus
1303 4737 1511 4808 major,
1541 4737 1860 4794 Walterius

203 4823 431 4894 major;
467 4822 800 4894 Durandus,
834 4823 1129 4879 Gualdrici
1163 4824 1348 4893 filius;
1388 4826 1728 4883 Laurentius
1759 4845 1858 4884 cu-

202 4911 562 4980 bicularius,
597 4912 878 4986 Gerogius
902 4913 1239 4982 canonicus,
1275 4913 1544 4972 Giraldus
1579 4916 1860 4972 archima-

199 5001 395 5074 girus,
433 5000 756 5057 Herbertus
785 5001 1233 5076 archimagirus,
1267 5003 1560 5061 Guarinus
1609 5006 1856 5062 echono-

201 5106 366 5158 mus,
400 5089 726 5147 Oidelerius
757 5090 1143 5160 stabularius;
1167 5091 1521 5162 Tescelinus,
1554 5094 1713 5152 ﬁlius
1739 5096 1858 5152 Hil-

199 5178 470 5252 degarii;
506 5179 726 5249 Frodo;
762 5179 1143 5248 Gislehertus,
1176 5180 1334 5236 ﬁlius
1365 5181 1576 5238 Lorini.
1618 5206 1645 5232 ››

730 5268 1145 5324 CAPITULUM
1189 5269 1341 5325 LXX.

685 5358 816 5415 Item
842 5357 908 5414 de
933 5356 1120 5414 eadem
1148 5361 1386 5416 vicaria.

799 5450 969 5517 (Ante
1003 5463 1055 5502 a.
1094 5447 1276 5516 1080.)

269 5537 496 5600 Notum
543 5552 676 5596 esse
717 5536 991 5597 volumus
1040 5535 1316 5594 omnibus
1363 5535 1695 5597 christiana
1724 5558 1858 5619 pro-

1969 3209 2140 3280 coepit
2171 3211 2538 3267 medietatem
2572 3213 3089 3288 sepulturae,panis
3121 3222 3178 3274 et
3207 3221 3604 3278 candelarum.

1969 3297 2227 3354 Tandem
2262 3301 2478 3356 nostris
2512 3302 2692 3359 ﬂexus
2723 3303 3103 3375 petitionibus
3133 3311 3308 3380 atque
3338 3312 3604 3382 pecunia,

1968 3386 2245 3459 quicquid
2278 3390 2336 3444 in
2369 3391 2646 3462 prardicta
2677 3391 2935 3448 aecclesia
2965 3393 3178 3452 habere
3221 3398 3471 3466 dicebat,
3504 3418 3608 3474 pro

1967 3476 2175 3532 animis
2206 3495 2323 3534 suae
2355 3481 2609 3536 remedio
2639 3480 2726 3536 vel
2760 3487 3069 3554 parentum
3109 3502 3372 3554 suorum,
3404 3489 3607 3546 volun-

1965 3565 2124 3620 taria:
2157 3573 2358 3624 sancto
2391 3569 2575 3636 Petro,
2607 3569 2666 3624 in
2699 3571 2906 3627 usibus
2933 3573 3198 3642 fratrum,
3231 3578 3489 3635 conferre
3519 3580 3612 3636 de-

1967 3657 2178 3724 crevit;
2212 3663 2267 3712 et
2296 3657 2480 3714 ﬁlium
2522 3677 2695 3715 suum
2745 3661 3108 3732 Walterium,
3135 3664 3261 3735 jam
3311 3666 3607 3738 clericum,

1967 3745 2038 3798 ad
2072 3745 2224 3801 hanc
2255 3748 2456 3802 urbem
2487 3748 2882 3822 venire,atque
2902 3767 3187 3824 guerpum
3201 3755 3607 3826 praedictarum

1967 3850 2163 3888 rerum
2208 3853 2383 3908 super
2428 3836 2611 3892 altare
2661 3838 2811 3893 Petri
2854 3840 3098 3912 apostoli
3129 3843 3380 3916 publice,
3412 3863 3608 3903 coram

1967 3923 2139 3979 nobis
2167 3929 2224 3979 et
2255 3925 2491 3982 famulis
2522 3926 2758 3996 nostris,
2805 3945 3016 4001 ponere
3038 3931 3241 4002 jussit,
3275 3938 3356 4002 ut,
3388 3935 3460 3991 ab
3509 3935 3609 3993 illa

1969 4011 2062 4067 die
2115 4014 2172 4068 in
2219 4019 2410 4083 antea,
2452 4015 2861 4087 possideamus
2909 4023 2965 4074 et
3012 4019 3356 4092 habeamus,
3387 4024 3609 4098 absque

1969 4100 2089 4158 ulla
2136 4101 2542 4174 inquietudine
2587 4107 2918 4178 cujuspiam
2971 4107 3434 4169 calumniatoris.
3477 4115 3608 4186 Qui,

1969 4191 2270 4264 complens
2311 4193 2467 4265 quod
2503 4195 2764 4266 jusserat
2794 4200 2976 4268 pater,
3008 4197 3153 4254 XXII
3184 4199 3294 4256 sibi
3343 4201 3546 4259 solidis
3575 4221 3609 4260 a

1968 4280 2138 4336 nobis
2170 4281 2343 4350 datis,
2364 4283 2435 4338 ad
2469 4287 2694 4355 patrem
2729 4285 3105 4358 rediit.Cujus
3121 4288 3201 4344 rei
3233 4289 3609 4350 notitiamine

1969 4372 2235 4426 tradatur
2263 4371 2556 4438 oblivioni,
2589 4373 2726 4428 huic
2775 4375 2934 4446 Operi
2968 4375 3286 4433 maluimus
3314 4379 3604 4451 inserere;

1970 4461 2220 4532 atque,si
2253 4460 2545 4533 quispiam
2569 4462 2847 4518 heredum
2867 4465 3237 4535 praefatorum
3252 4467 3607 4526 calumniam

1969 4550 2338 4622 temptaverit
2366 4551 2852 4624 inferre,pecunia
2885 4553 3125 4624 proinde
3155 4555 3606 4628 dataobiciatur,

1969 4643 2026 4694 et
2047 4639 2302 4712 judices,
2334 4644 2466 4696 ante
2498 4657 2646 4712 quos
2677 4641 2954 4712 cuiquam
2987 4641 3146 4698 litem
3171 4643 3454 4715 intulerit,
3480 4649 3606 4704 auri

1969 4726 2179 4784 libram
2211 4729 2282 4784 ab
2315 4745 2380 4784 eo
2409 4729 2676 4802 exigant;
2711 4735 2954 4786 conatus
2985 4749 3217 4806 quoque
3262 4735 3389 4806 ejus
3422 4735 3608 4793 ineffi-

1969 4834 2073 4872 cax
2102 4822 2462 4890 permaneat,
2495 4823 2549 4873 et
2581 4819 2806 4874 tamdiu
2856 4823 3394 4880 excommunicatus
3445 4843 3606 4899 pers-

1967 4911 2048 4962 tet
2078 4907 2340 4979 quandiu
2375 4907 2434 4962 in
2465 4907 2572 4962 hac
2605 4908 2916 4979 pertinatia
2940 4911 3610 4982 perstiterit.Testeslar—

1966 4995 2204 5068 gitionis
2234 5014 2410 5068 quam
2446 4997 2578 5051 fecit
2619 4997 2950 5068 Walterius,
2985 5002 3338 5072 praenomine
3387 5005 3608 5076 Infans,

1967 5090 2024 5142 et
2053 5086 2210 5141 filius
2240 5086 2388 5157 ejus,
2417 5089 2555 5141 sunt
2586 5085 2644 5140 hi
2696 5105 2946 5160 quorum
2993 5090 3231 5146 nomina
3275 5095 3609 5152 curavimus

1967 5176 2355 5233 subscribere.
2386 5177 2464 5231 Ex
2495 5180 2656 5248 parte
2687 5179 2815 5249 ejus
2860 5178 3097 5235 fuerunt
3143 5180 3223 5235 hii
3259 5198 3272 5236 :
3308 5181 3488 5239 Droco
3539 5185 3612 5241 dc

1968 5263 2294 5332 Domicilio,
2329 5267 2641 5334 Nibardus,
2677 5267 2970 5324 Hubertus
3019 5268 3094 5324 de
3144 5269 3337 5325 Monte
3381 5270 3610 5329 Mirelli.

1967 5354 2052 5410 Ex
2103 5355 2364 5412 nostris:
2427 5355 2743 5424 Tedaldus,
2797 5357 2977 5412 frater
3019 5356 3260 5414 Huberti
3317 5360 3614 5428 quondam

1968 5445 2234 5513 abbatis;
2270 5446 2608 5512 Fulcardus,
2641 5445 3008 5514 Oidelerius;
3041 5445 3389 5502 Gausfridus
3419 5452 3473 5502 et
3494 5446 3614 5502 Hil-

1968 5534 2192 5610 dulfus,
2226 5535 2470 5609 fratres;
2503 5533 2844 5613 Gilduinus,
2876 5535 3066 5610 major
3095 5536 3167 5594 de
3213 5533 3380 5594 Sesni
3426 5533 3614 5609 Villa;
