3968 6080
372 281 488 344 327

1258 276 1491 339 PAULI
1538 278 1601 338 S.
1648 276 1881 337 PETRI
1927 274 2467 363 CARNOTENSIS
2513 273 2889 337 MONACHI.

3652 272 3770 337 328

378 411 684 467 Durandus
714 407 1466 479 ﬁlius,rasalor:Durandus
1491 407 2017 475 faber,Harduinus
2045 408 2100 475 Α
2128 406 2451 473 vium,cum
2482 406 2756 463 omnibus
2787 403 3302 461 terminationibus
3330 402 3773 477 suis,pertinen—

374 505 429 558 et
479 499 764 567 Gaudius,
816 498 1062 567 fratres;
1098 497 1419 553 Rainaldus
1468 514 1664 570 agaso,
1710 496 2017 552 Haldricus

374 595 556 658 sutor,
590 589 907 645 Herbertus
955 586 1160 660 pistor,
1194 586 1515 642 Rainaldus
1563 585 1884 641 adlocutus.
1918 585 2020 641 Isti

373 685 430 737 et
461 677 559 735 alii
588 678 858 733 viderunt
887 694 1101 749 ponere
1131 692 1421 749 guerpum
1451 692 1628 748 super
1657 673 1839 730 altare
1866 674 2024 747 prin-

375 767 571 842 cipali.
608 790 636 817 ›)

872 853 1129 910 CAPITU
1139 853 1221 910 LU
1232 853 1285 908 M
1310 853 1522 909 LXXII.

566 948 643 1003 De
672 952 823 1001 terra
851 943 979 999 data
1010 945 1069 999 in
1103 942 1435 999 Carbonmsi
1464 960 1497 997 a
1529 941 1811 998 Girvardo.

958 1036 1133 1103 (Ante
1163 1049 1215 1087 a.
1255 1030 1434 1104 1070.)

448 1148 476 1177 «
507 1125 723 1180 Notum
755 1138 884 1178 esse
913 1120 1186 1177 volumus
1218 1120 1494 1176 omnibus
1526 1119 1859 1175 christianae
1888 1118 2022 1174 fidei

330 1214 717 1284 cultoribus,
770 1216 888 1267 tam
946 1210 1332 1284 praesentibus
1392 1227 1569 1282 quam
1630 1210 1863 1277 futuris,
1916 1225 2022 1281 ego

378 1301 693 1359 Landricus
724 1301 906 1357 abbas
936 1299 1182 1355 eoenohii
1216 1298 1401 1354 sancti
1432 1298 1586 1355 Petri
1627 1297 2022 1368 Carnotensis,

373 1408 507 1449 cum
540 1390 814 1447 omnibus
847 1389 1023 1445 michi
1042 1388 1554 1460 commissis,quod
1572 1388 1807 1460 quidam
1830 1386 2020 1455 miles,

374 1481 689 1539 Girvardus
734 1478 990 1547 nomine,
1031 1478 1089 1533 in
1141 1477 1496 1534 Corbonensi
1544 1476 1838 1533 territorio
1883 1475 2023 1532 olim

375 1570 691 1644 quemdam
728 1568 964 1625 alodum
991 1567 1132 1623 emit
1157 1566 2023 1640 aquodamhomine,Ansberto

374 1659 633 1732 nomine,
667 1663 721 1714 et
755 1658 824 1714 ab
853 1656 983 1714 aliis
1015 1657 1660 1729 quibusdam,quorum
1694 1655 1935 1711 nomina
1964 1654 2024 1709 in

377 1746 792 1821 subsequentis
835 1747 1146 1803 habentur.
1198 1745 1361 1802 Unde
1412 1750 1572 1801 earta
1619 1745 1774 1800 facta
1821 1747 1928 1812 est,
1970 1747 2027 1798 et

377 1856 410 1895 a
442 1838 588 1895 duce
619 1839 861 1911 Hugone
911 1840 1085 1908 atque
1133 1852 1167 1891 a
1216 1834 1427 1891 comite
1478 1834 1697 1906 praefati
1749 1832 2026 1889 territorii

378 1927 767 1984 corroborata.
803 1924 1070 1991 Quandiu
1102 1927 1158 1979 et
1186 1918 1377 1991 libuit,
1413 1922 1674 1996 possedit
1713 1926 1769 1978 et
1797 1921 2024 1989 tenuit;

379 2020 580 2090 postea
627 2014 980 2071 censualiter
1028 2031 1061 2067 a
1111 2012 1377 2068 Gisberto
1428 2012 1636 2067 abbate
1686 2012 1823 2066 data
1849 2015 1936 2066 est
1967 2010 2025 2064 in

379 2123 557 2161 manu
592 2105 761 2159 ﬁrma
790 2103 820 2158 d
833 2104 1021 2165 uobus
1035 2102 1254 2174 prazfati
1272 2100 1535 2156 Girvardi
1553 2101 1891 2173 parentibus
1905 2099 2029 2154 uni-

380 2210 492 2267 que
523 2194 721 2249 heredi
753 2210 975 2259 eorum,
1027 2208 1092 2246 eo
1142 2189 1378 2262 quidem
1428 2195 1648 2255 tenore,
1680 2194 1763 2257 ut,
1808 2193 2025 2244 statuto

378 2288 640 2356 tempore
671 2286 729 2337 et
757 2282 870 2349 die,
906 2298 1116 2337 census
1148 2278 1513 2348 redderetur;
1541 2279 1691 2351 quod
1725 2277 1774 2333 si
1807 2278 1863 2332 in
1900 2278 2026 2332 red-

380 2373 570 2428 dendo
617 2370 768 2427 tardi
818 2370 1166 2436 extitissent,
1215 2366 1480 2442 legaliter
1536 2368 1915 2423 emendarent
1970 2370 2029 2421 et

340 2462 594 2518 ’terram
643 2477 757 2516 non
804 2460 1123 2533 perderent.
1162 2458 1244 2513 Ex
1287 2457 1396 2512 hoc
1444 2460 1603 2512 earta
1649 2456 1803 2512 facta
1854 2460 1911 2511 et
1955 2456 2026 2511 ab

380 2549 540 2606 omni
592 2550 839 2605 fratrum
892 2549 1041 2617 (201)
1089 2545 1479 2602 corroborata.
1537 2550 1673 2601 Post
1730 2545 2025 2617 quoddam

380 2639 763 2696 interstitium
794 2637 1094 2709 temporis,
1127 2635 1187 2690 in
1218 2639 1409 2690 castro
1446 2634 1808 2690 Mauritaniae
1834 2633 2026 2689 voraci

381 2728 517 2802 igne
531 2731 787 2783 cremata
803 2725 1128 2783 est.Nostra
1140 2723 1375 2797 quidem
1391 2729 1508 2779 tem
1515 2742 1616 2796 pes
1625 2728 1736 2779 tate
1750 2740 1883 2778 cum
1898 2739 2027 2778 eam

384 2816 742 2890 requirerem
777 2815 847 2871 ad
880 2812 1475 2882 videndum,confessi
1497 2817 1771 2868 sunteam
1786 2812 2028 2867 minime

381 2922 442 2962 se
473 2905 707 2971 habere,
742 2903 950 2960 obnixe
987 2902 1336 2976 flagitantes,
1370 2906 1436 2957 ut
1465 2901 1548 2957 eis
1588 2900 1896 2957 clementia
1922 2918 2025 2956 no-

381 2999 503 3051 stra
531 3011 658 3051 eam
693 2995 1012 3061 renovaret,
1038 2997 1113 3060 et,
1149 2990 1327 3047 simili
1360 2991 1533 3046 modo
1566 2995 1630 3046 ut
1659 2990 1822 3063 prius
1852 2990 1911 3045 in
1944 2989 2027 3045 al-

380 3088 505 3140 tera
529 3088 688 3140 earta
721 3082 977 3156 positum
1010 3080 1391 3148 erat,duobus
1421 3085 1476 3135 et
1499 3079 1805 3134 uniheredi
1825 3095 2026 3135 eorum

2128 497 2286 552 tibus
2317 499 2387 552 ad
2420 497 2617 569 ipsum
2645 495 2982 552 alodum.In
3014 494 3273 550 Rovredo
3304 491 3773 566 quippevillaest

2128 604 2372 642 mansus
2427 604 2578 642 unus
2624 602 2757 641 cum
2803 584 2974 640 terris
3024 589 3080 640 et
3127 582 3330 656 pratis,
3365 583 3666 656 pertinens
3695 582 3769 638 ad

2128 676 2435 747 praefatum
2465 674 2722 731 alodum.
2755 672 3039 747 Itaque,in
3072 688 3382 729 commune
3411 672 3776 729 consentien-

2130 765 2289 821 tibus
2318 764 2592 820 omnihus
2632 763 2977 837 prepinquis
3027 762 3263 834 nostris,
3295 761 3585 834 praedictis
3630 758 3774 818 viris

2129 871 2199 910 ea
2227 854 2448 910 ratione
2478 853 2768 908 tradimus
2800 869 2866 908 ac
2886 852 3195 908 vendimus
3224 851 3459 908 alodum
3479 854 3771 922 nostrum,

2132 948 2218 1014 ut,
2252 944 2323 999 ah
2355 943 2636 998 hodierna
2680 942 2773 997 die
2819 945 2877 997 et
2922 941 3215 1015 deinceps,
3249 941 3500 997 eundem
3532 939 3775 996 alodum

2131 1033 2491 1105 possideant,
2551 1035 3011 1104 potestatemque
3065 1030 3319 1086 habeant
3373 1030 3660 1086 vendendi
3715 1033 3778 1086 et

2132 1122 2307 1177 dandi
2342 1121 2435 1177 cui
2467 1120 2903 1188 voluerint,sine
2936 1119 3055 1176 ulla
3074 1119 3370 1176 calunnia.
3404 1118 3781 1177 Terminatur

2132 1212 2381 1283 denique
2414 1212 2485 1267 ab
2516 1227 2631 1266 uno
2661 1210 2839 1266 latere
2868 1210 3070 1266 Odana
3099 1207 3773 1278 ﬂuvio;secundolatere,

2130 1302 2224 1356 via
2252 1300 2523 1374 publica;
2556 1300 2758 1367 tereio,
2786 1304 2943 1355 terra
2973 1299 3158 1355 sancti
3190 1298 3571 1367 Launomari;
3596 1315 3778 1371 quar-

2093 1377 2097 1387 ’
2132 1394 2210 1457 to,
2244 1390 2413 1445 alodo
2445 1389 2780 1445 Ruinnaldi.
2817 1389 2875 1445 Si
2906 1388 3038 1461 quis
3068 1393 3264 1444 autem
3305 1388 3588 1444 heredum
3634 1402 3775 1445 nos-

2131 1484 2356 1535 trorum
2387 1479 2537 1535 hanc
2574 1478 2966 1535 venditionem
3013 1477 3329 1551 infringere
3377 1477 3465 1534 vel
3510 1476 3775 1551 calump-

2134 1569 2294 1625 niare
2324 1569 2710 1641 temptaverit,
2742 1568 2891 1624 iram
2922 1566 3024 1623 Dei
3064 1567 3342 1635 incurrat,
3375 1572 3434 1623 et
3480 1567 3635 1639 quod
3685 1584 3776 1624 re-

2133 1658 2368 1731 petierit
2397 1675 2512 1713 non
2542 1657 2798 1725 evincat;
2832 1661 2921 1712 set
2951 1656 3044 1713 cui
3073 1656 3235 1713 litem
3266 1655 3533 1712 intulerit
3561 1655 3776 1712 libram

2135 1747 2260 1802 auri
2304 1746 2628 1820 persolvere
2671 1751 2929 1821 cogatur.
2976 1745 3261 1813 Quatinus
3310 1749 3504 1802 autem
3552 1745 3780 1802 ﬁrmior

2136 1834 2257 1891 haec
2288 1840 2447 1891 earta
2473 1833 3112 1907 permaneat,manibus
3127 1833 3781 1908 propriiseorroboravi—

2137 1942 2290 1993 mus,
2324 1929 2499 1996 atque
2551 1924 2718 1980 ducis
2767 1924 3029 1997 Hugonis
3078 1923 3483 1996 nobiliumque
3515 1923 3775 1981 virorum

2136 2014 2629 2069 corroborandum
2663 2014 2951 2083 dedimus,
2981 2030 3232 2086 quorum
3266 2014 3506 2070 nomina
3533 2014 3777 2071 manda-

2134 2102 2327 2158 vimus
2375 2103 2762 2159 subscribere.
2805 2104 2863 2159 S.
2898 2102 3158 2177 Hugonis
3206 2104 3394 2163 ducis.
3426 2104 3485 2161 S.
3516 2103 3776 2160 ﬁliorum

2136 2194 2283 2264 ejus,
2319 2192 2563 2248 Othonis
2618 2198 2675 2249 et
2724 2193 3004 2266 Hugonis.
3056 2194 3114 2250 S.
3168 2193 3385 2251 Odonis
3428 2193 3678 2250 comitis.
3712 2193 3775 2249 S.

2136 2282 2418 2354 Hugonis,
2473 2283 2703 2338 comitis
2752 2283 3280 2339 Cenomannorum.
3332 2284 3391 2339 S.
3425 2282 3647 2350 Hervei,
3679 2299 3777 2340 co-

2136 2369 2295 2426 mitis
2329 2371 2710 2428 Mauritania.
2737 2372 2796 2428 S.
2822 2372 3115 2428 Lamberti
3146 2372 3522 2430 vieecomitis.
3548 2373 3603 2429 S.
3629 2371 3776 2428 Wil-

2135 2459 2294 2515 lelmi
2324 2460 2928 2517 advocati.S.Siefridi.
2948 2462 3005 2517 S.
3022 2462 3299 2518 Aimonis.
3319 2462 3378 2518 S.
3398 2461 3775 2519 Gualeranni.

2138 2550 2195 2605 S.
2248 2548 2482 2605 Erlandi
2530 2550 2749 2605 vicarii.
2796 2554 2944 2607 Data
2999 2555 3088 2607 est
3130 2551 3233 2607 VII
3276 2550 3557 2608 kalendas
3609 2549 3775 2620 Julii,

2137 2656 2286 2694 anno
2320 2639 2505 2711 primo
2536 2639 2699 2713 regni
2731 2640 2885 2712 regis
2916 2639 3256 2697 Chlotharii.
3286 2660 3313 2693 υ

2206 2728 2399 2783 Nostri
2432 2728 2679 2801 denique
2701 2735 3097 2786 antecessores
3120 2730 3270 2786 hanc
3284 2730 3394 2787 sibi
3426 2735 3646 2786 cartam
3658 2731 3781 2787 suf-

2136 2819 2308 2873 ﬁcere
2353 2818 2672 2887 credentes,
2708 2817 2767 2873 in
2816 2818 3066 2874 archivis
3107 2818 3363 2876 ecclesiae
3405 2836 3632 2877 servare
3658 2819 3778 2879 du-

2136 2906 2433 2974 rantes,ad
2465 2905 2843 2977 posteriorem
2876 2905 3170 2976 noticiam,
3204 2924 3381 2980 super
3409 2907 3518 2964 hac
3549 2924 3610 2965 re
3640 2906 3783 2964 alte-

2136 3012 2260 3051 ram
2290 2995 2544 3051 scribere
2575 2995 2969 3069 neglexerunt,
3002 3001 3211 3069 praater
3254 3014 3496 3053 manum
3544 2998 3777 3054 ﬁrmam

2137 3102 2315 3157 quam
2329 3085 2525 3139 datam
2553 3102 2678 3141 esse
2692 3086 2762 3140 ab
2787 3086 2994 3142 abbate
3008 3086 3290 3143 Landrico
3305 3087 3524 3160 praefati
3543 3104 3775 3143 sumus.

381 3173 782 3229 concederem.
818 3171 976 3238 Quod
1012 3174 1069 3226 et
1108 3170 1234 3238 feci,
1270 3173 1557 3236 statuens,
1592 3174 1655 3224 ut
1700 3168 1758 3222 in
1808 3167 2027 3223 festivi-
2062 3159 2103 3226 C
2206 3174 2371 3228 Nune
2402 3190 2537 3245 ergo
2568 3174 2743 3230 stilus
2772 3176 2844 3230 ad
2876 3176 3081 3231 cellam
3113 3159 3362 3232 Ladonis
3391 3176 3575 3232 Curia:
3614 3175 3779 3232 festi-

380 3267 500 3318 tate
529 3261 716 3319 sancti
751 3259 1019 3333 Remigii,
1053 3259 1178 3314 sine
1220 3258 1516 3326 dilatione,
1550 3274 1790 3314 censum
1824 3257 2024 3313 redde-

380 3355 532 3419 rent,
549 3351 809 3423 quinque
841 3349 1060 3405 scilicet
1093 3347 1198 3404 sol.
1219 3364 1618 3416 nummorum;
1645 3347 1746 3419 qui
1770 3346 1818 3402 si
1840 3344 2027 3419 negli-

380 3444 585 3513 gentes
614 3439 673 3494 in
705 3438 1000 3494 reddendo
1040 3436 1351 3502 extiterint,
1386 3435 1649 3508 legaliter
1694 3435 2023 3503 emendent,

380 3533 438 3584 et
466 3532 683 3584 terram
717 3542 832 3582 non
866 3526 1128 3599 perdant,
1165 3525 1346 3580 donec
1393 3523 1624 3578 deﬁciat
1667 3522 1882 3579 tercius
1926 3522 2027 3578 he-

380 3633 492 3673 res.
526 3615 754 3672 Plaeuit
783 3615 958 3671 etiam
992 3614 1129 3669 huic
1160 3613 1384 3687 paginae
1408 3617 1624 3669 certam
1661 3612 1921 3668 Girvardi
1945 3611 2030 3666 in-

381 3721 592 3776 serere,
626 3690 804 3778 quam
854 3721 1031 3776 super
1079 3702 1258 3758 altare
1298 3701 1483 3757 sancti
1520 3701 1689 3769 Petri,
1724 3701 2026 3774 praefatam

377 3800 597 3851 terram
631 3795 800 3862 dans,
834 3793 1050 3867 posuit.
1088 3814 1115 3840 ››

854 3879 1267 3937 CAPITULUM
1310 3878 1555 3935 LXXIII.

670 3974 744 4029 De
772 3969 930 4028 alodo
960 3978 1133 4042 empto
1164 3988 1198 4024 α
1230 3969 1505 4026 Gz'rvardo
1533 3969 1727 4025 milite.

986 4061 1077 4127 (25
1101 4059 1237 4115 Jun.
1271 4059 1424 4128 954.)

449 4173 478 4201 «
512 4151 659 4220 (202)
690 4149 751 4207 In
787 4149 889 4206 Dei
921 4148 1398 4216 nomine,Notum
1430 4164 1558 4204 esse
1589 4145 1859 4202 volumus
1879 4163 2026 4201 cun-

376 4238 488 4295 ctis
518 4239 813 4315 ﬁdelibus,
837 4243 958 4294 tam
992 4237 1380 4311 praesentibus
1419 4254 1597 4309 quam
1652 4235 1888 4303 futuris,
1922 4251 2027 4307 ego

374 4327 643 4385 videlicet
666 4329 1033 4393 Lambertus,
1060 4325 1217 4383 ﬁlius
1247 4326 1541 4393 Ansberti,
1562 4342 1695 4380 cum
1723 4324 2024 4396 Girberga,

322 4403 341 4417 ’
377 4434 573 4474 sorore
604 4434 987 4484 mea,necnon
1018 4420 1074 4472 et
1105 4415 1449 4488 propinquis
1473 4413 1689 4470 nostris
1721 4412 2028 4484 Guaningo

375 4505 578 4599 etﬁliis
591 4507 719 4579 ejus
736 4506 1012 4599 Gadilone
1027 4510 1199 4577 atque
1218 4505 1455 4599 Ingone,
1570 4500 1706 4599 filia~
1724 4502 2025 4599 Girberga,
2063 4535 2105 4599 Β

375 4593 514 4668 quia
531 4601 797 4652 nostrum
818 4595 1261 4666 alodum,quem
1280 4593 1339 4647 in
1360 4590 1652 4673 territorio
1668 4589 2028 4645 Corbonensi

376 4688 617 4741 actenus
647 4684 997 4741 hereditario
1021 4686 1156 4756 jure
1189 4681 1579 4755 possedimus,
1614 4679 1892 4735 Girvardo
1926 4678 2030 4733 mi-

374 4772 462 4828 liti
494 4774 777 4847 fratrique
808 4791 913 4830 suo
956 4774 1299 4840 Gertranno,
1335 4770 1518 4826 Odoni
1571 4785 1803 4841 quoque
1854 4772 2028 4839 atque

376 4861 681 4936 Ildegario,
714 4862 1181 4919 transfundendo
1214 4859 1600 4915 distrahimus
1627 4876 1639 4926 ;
1675 4856 2030 4928 accipientes

376 4950 447 5007 ab
479 4952 562 5007 eis
590 4952 648 5007 in
679 4956 919 5025 argento
948 4950 1117 5006 XXIII
1150 4948 1368 5005 solidos
1398 4962 1798 5002 nummorum.
1818 4946 2031 5000 Estau-

375 5043 496 5095 tem
527 5041 734 5097 alodus
763 5040 909 5111 ipse.
943 5055 1121 5110 quem
1150 5036 1478 5103 vendimus,
1515 5034 1573 5089 in
1600 5033 1737 5089 villa
1768 5034 2027 5089 Condato

376 5129 633 5197 nomine,
667 5145 801 5184 cum
834 5127 1004 5183 terris
1036 5126 1212 5181 cultis
1244 5130 1300 5181 et
1328 5124 1589 5190 incultis,
1617 5122 1799 5195 pratis
1832 5127 1887 5178 et
1921 5140 2027 5195 pa-

377 5217 557 5286 scuis,
587 5233 837 5289 areaque
868 5214 1187 5271 molendinl
1222 5214 1398 5271 unius
1430 5230 1606 5287 super
1635 5212 1899 5268 Odanam
1916 5211 2029 5267 ﬂu-

447 5377 599 5445 (201)
632 5375 726 5432 Sic
759 5375 816 5430 in
849 5375 1019 5431 codd.

449 5442 595 5519 (202)
626 5448 900 5503 Confecta
927 5451 1018 5502 est
1043 5446 1247 5519 charta
1276 5444 1390 5501 ista
1422 5448 1683 5515 tempore
1714 5442 2029 5517 Ragenfre-

378 5517 464 5586 di,
493 5517 752 5592 episcopi
780 5518 1175 5592 Qarnotensis.

2137 3280 2248 3318 nus
2279 3268 2555 3329 vertatur,
2588 3267 2763 3336 atque
2793 3269 2983 3321 cartas
3013 3267 3420 3323 tantummodo
3472 3267 3619 3322 duas
3645 3281 3777 3336 qua

2138 3352 2406 3408 Landrici
2455 3352 2684 3408 abbatis
2733 3360 2993 3426 tempore
3041 3355 3189 3410 data
3235 3359 3376 3411 sunt
3430 3355 3778 3422 scribentes,

2136 3443 2312 3496 ﬁnem
2346 3441 2651 3507 faciamus,
2684 3446 2740 3498 et
2768 3443 2853 3499 sic
2883 3444 2953 3499 ad
2972 3444 3201 3500 abbatis
3224 3444 3462 3501 Huberti
3476 3445 3625 3514 (203)
3656 3458 3780 3498 car-

2135 3533 2225 3585 tas
2256 3529 2511 3603 pennula
2542 3535 2740 3586 nostra
2768 3537 2982 3588 currat.

2615 3619 3027 3677 CAPITULUM
3069 3622 3304 3679 LXXIV.

2231 3714 2313 3765 De
2342 3709 2479 3764 cella
2508 3709 2737 3765 Ladonis
2764 3711 2949 3768 Cariae
2976 3711 3104 3767 data
3132 3729 3167 3768 a
3201 3713 3452 3770 Walterio
3480 3714 3692 3769 comite.

2725 3800 2878 3872 (Feb.
2915 3802 3179 3870 a.1055.)

2212 3911 2239 3938 ‹‹
2271 3888 2512 3944 Summe
2546 3889 2691 3960 (204)
2720 3890 3113 3946 necessarium
3145 3891 3465 3965 unicuique
3485 3895 3776 3960 nostrum,

2138 3980 2203 4032 ut
2230 3994 2300 4032 ex
2328 3976 2422 4032 his
2452 3994 2579 4048 quae
2609 3978 2669 4032 in
2700 3977 2810 4033 hoc
2841 3980 3063 4035 mundo
3090 3980 3530 4038 suntsibiaDeo
3544 3980 3776 4048 collata,

2136 4071 2372 4138 propter
2401 4066 2905 4123 honoriﬁcentiam
2936 4068 3687 4141 Omnipotentis,zecelesias
3714 4069 3780 4127 in

2138 4160 2474 4210 sanctorum
2507 4156 2791 4212 memoria
2821 4156 2935 4213 late
2982 4175 3085 4230 per
3131 4160 3331 4215 orbem
3386 4163 3777 4228 constructas,

2138 4243 2536 4316 apostolorum
2566 4244 2836 4302 videlicet
2865 4251 3677 4320 ceterorumque‘sanctorum
3693 4247 3782 4304 lo~

2139 4332 2433 4404 cupletare
2464 4333 3091 4409 muneribus.Dignum
3121 4341 3212 4394 est
3231 4337 3429 4410 itaque
3451 4336 3785 4411 apostolum

2137 4426 2373 4477 Petrum
2405 4421 2632 4494 placare
2664 4440 2840 4494 quam
2873 4425 3111 4496 optimis
3141 4426 3331 4495 donis,
3349 4427 3451 4499 qui
3482 4442 3786 4484 summum

2138 4514 2297 4566 tenet
2328 4511 2553 4583 apicem
2587 4528 2621 4567 a
2650 4512 2896 4569 Domino
2924 4512 3145 4587 ligandi
3178 4514 3557 4589 solvendique
3590 4532 3792 4589 pecca-

2140 4599 2369 4654 minum
2388 4617 2572 4656 nexus
2597 4600 2655 4655 in
2689 4604 2842 4657 terra
2868 4606 2925 4657 et
2953 4602 3012 4658 in
3035 4603 3428 4662 ccelo.ldcirco
3458 4621 3791 4679 ego,comes

2136 4688 2478 4757 Walterius,
2502 4707 2605 4761 pro
2620 4689 2808 4747 salute
2825 4691 3033 4747 animae
3052 4710 3193 4749 mea:
3206 4698 3263 4750 et
3284 4695 3540 4751 remedio
3559 4694 3793 4751 anima—

2138 4795 2271 4833 rum
2303 4783 2741 4834 antecessorum
2779 4797 3066 4849 meorum,
3092 4781 3265 4839 laude
3291 4783 3554 4840 ﬁdelium
3570 4787 3796 4841 nostro-

2139 4885 2290 4933 rum,
2319 4868 2676 4938 superiorem
2693 4868 3016 4925 meclesiam
3042 4871 3292 4928 Ledonis
3305 4872 3488 4929 Curia
3510 4872 3794 4931 fratribus

2139 4955 2384 5011 ceenobii
2407 4956 2595 5011 sancti
2628 4956 2777 5013 Petri
2810 4940 3792 5035 Carnotensis,perdeprecationem

2140 5044 2407 5100 Landrici
2437 5045 2947 5113 abbatis,concedo
2969 5054 3144 5122 atque
3159 5049 3795 5124 submitto;quantinua

2141 5133 2411 5189 monachi
2444 5135 2709 5205 ejusdem
2741 5137 2987 5193 cmnobii
3018 5138 3262 5196 liberam
3293 5139 3550 5197 habeant
3570 5145 3628 5196 et
3657 5156 3794 5213 pos-

2139 5222 2390 5289 sideant,
2415 5222 2567 5279 sicut
2598 5241 2724 5297 ego,
2747 5230 2803 5280 et
2830 5231 2998 5298 pater
3027 5245 3194 5285 meus
3223 5229 3408 5287 Draco
3439 5246 3654 5297 comes,
3683 5228 3797 5287 ha-

2138 5364 2308 5446 editze
2338 5370 2504 5446 sunt;
2537 5384 2636 5423 eas
2666 5368 2931 5440 ejusdem
2965 5372 3378 5446 abbatis,'quze
3410 5373 3533 5432 solo
3566 5373 3627 5430 in
3659 5373 3794 5432 cod.

2139 5436 2182 5491 Β
2213 5436 3002 5528 ῑξξεῖςυτξλιιξτν,φοὲίηίιιμριιξι.θ
3033 5436 3370 5528 Prodesse:

2210 5508 2358 5593 (204)
2390 5510 2596 5567 Exstat
2635 5511 2696 5567 in
2741 5508 2877 5570 σῑιιι.
2904 5508 3139 5593 "caret,
3173 5521 3217 5576 t.
3250 5518 3401 5593 VIII,
3447 5517 3644 5593 Iusta,
3677 5516 3795 5580 col.

449 5578 598 5668 (203)
629 5578 968 5668 deplures
998 5589 1181 5666 hujus
1210 5585 1454 5648 Huberti
1470 5585 1684 5645 chartae
1704 5586 1836 5661 jam
1848 5601 2032 5662 supra
2135 5578 2258 5639 302.
