3988 6072
167 227 309 292 3³29·
799 229 1057 293 VETUS
1100 225 1392 291 A‘GA‘NO.
1425 261 1501 272 —
1531 226 1684 292 LIB.
1727 226 1861 291 VII.
1904 223 2348 288 LANDRICUS
2393 225 2502 290 ET
2536 207 2980 291 HUBERTUS.
3497 220 3617 290 330

171 359 512 417 buimuseet
539 359 933 434 possedimus,
968 364 1192 416 remota
1221 359 1380 415 omni
1413 355 1836 416 consuetudine
1866 359 1912 424 A
1947 356 2152 425 levam,
2186 359 2357 430 atque
2429 355 2799 414 medietatem
2856 358 3054 414 tribut.
3120 357 3393 426 Calcedae,
3461 361 3613 428 sicut

168 454 234 504 et
257 450 672 522 inquietudine
697 449 1111 505 archidiaconi.
1132 448 1597 504 Concedo-etiam
1622 453 1834 503 terram
1947 445 2181 502 Trenna
2229 464 2384 518 aqua
2413 447 2615 503 currit.
2640 449 2795 516 Quze,
2821 448 3090 520 quamvis
3119 449 3430 504 videantur
3473 467 3601 507 esse

170 538 330 594 intra
356 538 592 606 vallem,
613 539 765 594 sicut
789 539 929 594 olim
951 543 1210 594 castrum
1245 537 1703 614 fuissenvidetur;
1737 537 1839 593 dea
1948 536 2101 590 dona
2134 535 2502 607 parvissima,
2537 539 2752 602 tamen,
2773 535 2912 607 quia
2947 537 3059 592 fide
3090 537 3262 608 plena
3291 544 3346 593 ct
3377 539 3603 613 integra

169 627 388 682 cimam
424 644 656 700 quoque
688 627 978 700 pecudum
1025 633 1199 699 atque
1239 628 1669 697 jumentorum,
1693 641 1834 681 can-

168 715 364 771 delam
397 721 457 771 et
485 733 718 788 panem,
743 733 964 772 necnon
1015 721 1071 771 et
1110 715 1478 788 sepulturam
1521 715 1831 784 hominum

167 805 315 859 inibi
345 805 776 872 habitantium;
807 805 1318 876 inferiusquoque
1350 821 1535 859 unum
1567 805 1830 870 furnum,

164 909 302 948 cum
337 898 497 949 terra
527 893 585 948 in
619 909 736 966 qua
784 894 952 949 situs'
995 898 1103 960 est,
1128 893 1228 964 qui
1289 893 1582 948 omnibus.
1622 892 1840 948 incolis.

163 982 577 1054 superioribus
607 988 664 1037 et
692 982 1068 1038 inferioribus
1097 981 1175 1038 sit
1206 981 1524 1054 singularis
1549 999 1562 1036 :
1594 982 1748 1053 quod
1781 981 1830 1037 si

163 1071 330 1127 solus
362 1088 481 1127 non
515 1071 738 1127 sufficit
766 1071 1063 1136 omnibus,
1094 1087 1264 1126 nemo
1297 1070 1544 1126 alterum
1576 1074 1828 1142 potesta-

165 1165 278 1216 tem
317 1159 636 1216 ediﬁcandi
667 1160 899 1228 habent,
926 1173 1114 1232 neque
1146 1159 1393 1216 inferius
1432 1175 1621 1231 neque
1652 1175 1829 1230 supe-

161 1249 306 1314 rius,
331 1247 454 1304 nisi
485 1249 759 1305 monachi
783 1255 1039 1321 quorum
1069 1248 1180 1304 erit
1211 1247 1678 1304 emolumentum
1709 1248 1830 1303 fur—

161 1338 238 1393 ni.
269 1338 358 1393 Do
379 1337 564 1394 etiam
596 1347 700 1410 per
718 1347 958 1409 campos
988 1342 1204 1393 terram
1243 1344 1530 1410 quantum
1568 1341 1844 1392 aratrum:

161 1443 366 1482 eorum
389 1443 562 1482 arare
585 1425 819 1498 poterit,
834 1443 966 1481 cum
991 1425 1249 1493 decima;
1275 1443 1388 1481 non
1421 1425 1594 1498 longe
1616 1426 1839 1497 quippe

160 1515 232 1570 ab
262 1514 534 1572 aecclesia
558 1514 874 1572 m’olendini
907 1515 1083 1571 unius
1106 1515 1476 1570 medietatem
1501 1521 1557 1569 et
1580 1514 1828 1586 piscato-

161 1605 316 1659 riam
343 1621 540 1660 unam-
559 1603 618 1657 in
639 1602 798 1659 Villa
819 1603 998 1659 Nova.
1022 1605 1343 1658 Assensum
1369 1603 1620 1674 denique
1641 1601 1828 1659 omni-

161 1691 750 1750 bus-meisfidelibus
801 1692 1346 1764 prtebeo,quatinus
1378 1692 1448 1746 de
1484 1691 1662 1747 rebus
1692 1705 1828 1764 pro.

161 1782 306 1854 priis
326 1799 483 1854 quas
512 1799 584 1838 ex
611 1785 810 1837 nostro
841 1781 1124 1852 beneﬁcio
1146 1780 1417 1836 videntur
1458 1784 1674 1848 tenere,
1709 1784 1845 1866 tam.

159 1872 215 1926 in
247 1869 428 1926 terris
449 1887 632 1942 quam
663 1869 724 1924 in
746 1869 1012 1936 decimis,
1037 1869 1336 1926 licentiam
1371 1867 1628 1924 habeant
1653 1869 1842 1924 dandl‘

159 1964 366 2020 sancto
400 1942 684 2025 Petro,.ut
732 1958 1008 2030 praefatus
1060 1957 1243 2024 locus,
1268 1957 1374 2012 cui.
1413 1957 1685 2014 dedimus
1714 1955 1830 2014 ini-

158 2049 332 2114 tium,
364 2046 736 2104 deserviatur
763 2064 797 2103 a
828 2046 1136 2103 monachis
1153 2046 1248 2102 die
1270 2050 1597 2117 noctuque;
1629 2050 1686 2101 et
1714 2063 1846 2102 non.

159 2137 356 2194 solum
391 2153 498 2209 per
519 2153 634 2201 me,
658 2137 760 2192 sed
791 2135 966 2194 etiam
993 2153 1096 2207 per
1120 2134 1324 2192 ﬁdeles
1347 2151 1530 2204 meos,
1554 2151 1832 2207 augmen-

167 2231 350 2291 tetur,
373 2232 442 2281 ut
471 2225 711 2297 pariter,
736 2225 904 2282 beato
935 2225 1100 2280 Petro
1141 2223 1404 2296 apostolo
1441 2223 1830 2280 intervenien-

159 2321 234 2382 te,
259 2333 296 2370 a
334 2320 715 2387 peccatorum
760 2313 1008 2369 vinculis
1064 2312 1339 2380 absoluti,
1374 2327 1725 2380 mereamur,
1767 2311 1827 2368 in

161 2404 506 2460 ccelestibus
555 2403 751 2476 reg-nis
806 2407 1146 2458 sanctor-nm
1204 2401 1468 2458 omnium
1527 2404 1844 2458 consortes

161 2493 522 2560 fieri,-bonis
581 2492 1054 2564 adepti'asternaa.
1095 2488 1314 2563 gloria.
1349 2491 1408 2548 Si
1441 2489 1574 2562 quis
1627 2493 1824 2546 autem

159 2582 532 2655 propbanus,
552 2580 839 2636 diabolica
859 2579 1162 2646 instinctu,
1183 2579 1333 2634 hanc
1355 2583 1578 2636 certam
1598 2584 1824 2634 contra-

159 2671 416 2727 dicendo
448 2669 754 2730 adnullare
791 2668 1180 2740 temptaverit,
1206 2686 1304 2725 ore
1341 2667 1442 2724 Dei
1473 2672 1530 2724 et
1557 2667 1838 2726 omnium,

161 2765 508 2816 sanctorum
550 2757 1112 2823 excommunicatus,
1162 2756 1275 2812 nisi
1326 2756 1638 2829 resipuerit
1684 2755 1822 2814 sati-

160 2848 485 2914 sfaciendo,
511 2851 868 2920 permaneat,
900 2851 958 2904 et
987 2846 1120 2904 auri
1141 2845 1322 2902 libras
1350 2845 1397 2902 X
1427 2845 1648 2918 phiscis
1668 2845 1824 2919 regis

160 2936 476 3010 persolvat,
499 2935 784 3008 nisusque
804 2937 934 3007 ejus
959 2935 1229 2990 inefﬁcax
1257 2938 1576 2990 remaneat.
1605 2933 1828 2990 Placuit

160 3026 348 3082 etiam
370 3029 602 3082 certam
633 3024 805 3091 hanc,
839 3029 906 3080 ut
931 3022 1272 3080 inconvulsa
1302 3027 1660 3096 permaneat,
1695 3040 1818 3080 ma-

1943 623 2246 680 dcvotione
2279 624 2397 680 hac
2431 642 2704 696 exequor,
2727 643 3099 697 nequaquam
3132 626 3471 683 incredulus
3501 646 3596 685 ero

1942 711 2100 768 illius
2151 712 2321 785 elogii
2372 713 2665 770 dicentis:
2703 714 2808 782 Qui
2851 715 3059 770 dederit
3103 723 3316 771 tantum
3370 717 3598 773 calicem

1939 817 2100 873 aqua?
2125 802 2356 874 frigidm
2396 805 2453 858 in
2499 805 2721 859 nomine
2749 805 2988 870 Domini,
3019 805 3314 860 mercedem
3343 807 3592 877 accipiet.

1940 889 2012 946 Ut
2044 890 2199 946 enim
2253 891 2334 946 ait
2367 891 2669 964 Scriptura
2703 909 2716 945 :
2754 891 2995 961 Regnum
3039 895 3147 949 Dei
3191 901 3406 949 tantum
3451 895 3596 951 valet

1939 988 2209 1052 quantum
2237 979 2421 1036 habes.
2451 980 2674 1037 Placuit
2705 980 2880 1037 etiam
2912 981 3062 1038 hanc
3088 988 3328 1050 cartam,
3352 987 3416 1038 ut
3446 999 3596 1040 sem-

1938 1083 2042 1140 per
2069 1069 2411 1125 inconvulsa
2435 1075 2794 1141 permaneat,
2819 1081 2998 1125 manu
3021 1071 3357 1127 domni‘mei
3381 1073 3594 1140 Walte.

1938 1157 2007 1212 ril
2042 1157 2274 1214 comitis
2302 1163 2358 1213 et
2389 1175 2518 1214 mea
2557 1164 2732 1230 atque
2765 1159 3032 1214 omnium
3079 1165 3413 1216 nostrorum
3445 1161 3593 1218 fide-

1937 1245 2082 1301 lium
2116 1247 2492 1318 praesentium
2527 1246 2802 1304 manibus
2833 1248 3214 1318 corroborari,
3243 1254 3300 1304 et
3328 1248 3480 1305 inter
3508 1265 3597 1306 ce-

1936 1337 2060 1390 tera
2077 1335 2320 1390 donaria
2342 1335 2399 1390 in
2422 1335 2674 1390 archivis
2696 1334 3034 1392 monasterii
3058 1337 3287 1409 reponi;
3313 1337 3598 1408 quatinus

1938 1423 2209 1478 monachi
2242 1423 2462 1495 praefati
2497 1424 2742 1479 ccencbii
2791 1441 2880 1479 res
2929 1425 3095 1479 datas
3127 1441 3160 1480 a
3191 1442 3301 1494 me,
3328 1423 3589 1496 quandiu

1939 1513 2197 1567 mundus
2230 1513 2568 1584 perstiterit,
2595 1513 2862 1568 habendo
2913 1513 3252 1585 possideant
3297 1518 3354 1568 et
3401 1513 3588 1586 possi-

1939 1601 2129 1656 dendo
2162 1601 2435 1668 habeant,
2465 1607 2639 1674 atque
2679 1619 2911 1673 semper
2943 1619 3044 1674 pro
3095 1601 3310 1658 nostris
3361 1602 3600 1660 delictis

1943 1689 2119 1744 Deum
2153 1696 2409 1758 exorent,
2427 1690 2612 1756 ut,vel
2635 1690 2693 1744 in
2716 1689 2924 1746 ultimo
2948 1691 3232 1758 examine,
3258 1691 3470 1762 ajusto
3488 1693 3586 1764 ju-

1941 1777 2066 1834 dice
2096 1778 2211 1834 Deo
2242 1795 2572 1835 mereamus
2598 1778 2825 1836 veniam
2856 1783 3188 1838 nostrorum
3221 1779 3586 1837 delictorum.

1941 1866 2000 1924 Si
2032 1867 2164 1940 quis
2195 1874 2389 1925 autem
2415 1871 2694 1942 profanus
2717 1869 3032 1942 aliquando
3052 1869 3203 1926 hanc
3233 1874 3455 1927 certam
3475 1871 3588 1928 vio-

1937 1955 2058 2012 lare
2089 1958 2476 2030 temptaverit,
2503 1958 2615 2014 nisi
2649 1958 2761 2014 cito
2793 1959 3104 2032 resipuerit
3142 1964 3198 2014 et
3235 1959 3309 2014 ad
3350 1960 3589 2018 satisfa-

1938 2045 2149 2102 ctionis
2172 2047 2495 2102 remedium
2513 2047 2859 2120 confugerit,
2874 2065 3007 2103 cum
3026 2047 3252 2104 Dathan
3270 2052 3329 2104 et
3347 2049 3587 2120 Abiron,

1939 2151 2086 2206 quos
2117 2152 2234 2191 sua=
2259 2137 2654 2207 presuntionis
2676 2135 2882 2192 merito
2900 2135 3058 2192 vivos
3079 2140 3233 2192 terra
3262 2137 3585 2207 obsorbuit,

1937 2229 1993 2278 et
2012 2241 2146 2278 cum
2175 2223 2266 2280 his
2289 2224 2387 2296 qui
2410 2225 2721 2279 Dominum
2747 2224 3179 2290 crucifixerunt,
3206 2225 3416 2281 inferni
3444 2227 3588 2299 igni-

1936 2312 2048 2368 bus
2064 2312 2476 2386 vermibusque
2500 2329 2802 2385 nunquam
2846 2314 3144 2370 morituris
3166 2314 3453 2370 tradatur.
3478 2316 3586 2372 No-

1935 2401 2094 2456 mina
2144 2419 2376 2474 qucque
2429 2404 2938 2458 corroboratorum
2999 2403 3336 2476 subscripta
3387 2403 3600 2460 lectori

1882 2535 1886 2539 .
1933 2488 2177 2563 legenda
2207 2492 2510 2547 ostendere
2541 2492 2896 2558 curavimus,
2930 2498 2996 2548 ut
3026 2493 3252 2549 occasio
3283 2493 3342 2548 in
3380 2497 3596 2552 nostro

1933 2595 2105 2649 opere
2136 2578 2299 2635 nulla
2354 2579 2686 2635 inveniatur
2729 2581 2801 2636 ab
2851 2579 3046 2653 aliquo
3097 2581 3576 2654 calumpniatore.

1933 2667 2078 2722 Data
2109 2685 2260 2724 anno
2291 2669 2458 2724 XXlX
2489 2669 2646 2741 regni
2683 2669 2936 2725 Hainrici
2973 2670 3144 2742 regis,
3164 2675 3219 2726 et
3251 2671 3442 2743 posita
3471 2688 3578 2744 pu-

1931 2755 2080 2812 blice
2112 2771 2288 2829 super
2317 2757 2500 2813 altare
2530 2758 2715 2814 sancti
2749 2759 2899 2815 Petri
2924 2759 3172 2815 Ledonis
3193 2760 3393 2816 Curiis.
3419 2759 3578 2816 Wal-

1931 2845 2120 2902 terius'
2161 2863 2376 2902 comes.
2415 2846 2726 2920 Drogo,qui
2757 2847 2864 2902 hoc
2894 2846 3142 2919 largitus
3171 2852 3280 2904 est.
3329 2849 3582 2906 Guarne—

1931 2933 2156 2990 riusde
2189 2934 2366 2990 Ponte
2399 2935 2586 2990 Iserze.
2621 2934 2950 2990 Rodbertus
2983 2934 3209 2992 Calvus.
3237 2935 3576 2991 Balduinus'.

1928 3022 2346 3078 A‘malricusde
2365 3023 2543 3078 Ponte
2565 3023 2749 3079 Isarae.
2765 3023 3055 3079 Ericus‘de
3073 3023 3363 3080 Medanta.
3382 3025 3582 3082 Abbas

162 3132 239 3170 nu
270 3113 518 3188 proprie.
563 3130 696 3170 cum
744 3112 942 3169 crucis
985 3112 1173 3184 signo,
1205 3111 1818 3181 corroborarix;.mani-
1851 3097 1894 3164 C
1934 3111 2274 3168 Landricus.
2304 3110 2578 3167 Albertus
2613 3112 2957 3167 monachus.
2992 3111 3350 3169 Gislemarus
3383 3129 3580 3170 mona-

161 3204 392 3275 busque
424 3216 692 3262 meorum
727 3201 988 3258 ﬁdelium
1019 3201 1514 3258 cOrroborandum
1544 3201 1694 3257 tradi
1726 3219 1833 3258 ra--

161 3297 288 3349 tum
303 3291 868 3363 duximus,quor-um
893 3291 1134 3348 nomina
1153 3289 1488 3362 subscripta
1505 3289 1814 3348 habentur.

159 3381 384 3453 Dieque
413 3380 722 3438 dominica.
744 3397 872 3453 quae
901 3379 1117 3436 dicitur
1139 3379 1294 3447 LXX,
1319 3395 1474 3436 anno
1499 3379 1701 3436 XXIIII
1729 3396 1817 3436 re-

157 3471 256 3542 gni
285 3467 552 3525 Hainrici
573 3468 748 3540 regis,
770 3485 950 3540 super
967 3467 1152 3524 altare
1170 3467 1357 3524 sancti
1381 3468 1534 3524 Petri
1555 3468 1816 3536 Gesiaco,

160 3576 290 3630 quas
322 3557 554 3631 prafati
600 3555 756 3612 cella
792 3560 882 3612 est
912 3555 1182 3623 cccnobii,
1216 3555 1452 3628 publice
1487 3555 1814 3631 posuimus.

153 3647 490 3713 Teduinus,
517 3645 840 3702 vicecomes
878 3644 1168 3702 Mellentis
1211 3645 1410 3702 castri.
1435 3633 1647 3713 Gualo,‘
1675 3645 1822 3702 vice—

155 3753 356 3793 comes
413 3733 594 3790 castri
647 3732 828 3792 Calidi
883 3733 1115 3794 Montis.
1150 3732 1437 3791 Nivardus
1494 3735 1566 3791 de
1623 3735 1820 3792 Monte

157 3825 340 3882 Forti.
375 3821 666 3879 Radulfus
705 3821 894 3878 Malus
921 3821 1184 3879 Vicinus.
1210 3821 1542 3880 Gualterius
1573 3823 1642 3880 de
1680 3828 1821 3880 Pen-

155 3915 335 3972 siaco.
370 3913 659 3985 Drogode
689 3911 975 3967 Cuﬂante.
1001 3911 1360 3968 Guarnerius
1399 3915 1458 3966 et
1493 3912 1821 3970 Amalricus

155 4005 224 4058 de
248 4003 440 4058 Ponte
462 4001 650 4056 Iaera.
671 3999 958 4055 Radulfus
980 3998 1296 4055 Delicatus.
1314 4000 1630 4057 Walter-ius
1652 4003 1823 4058 Fran-

155 4109 281 4150 cus.
309 4090 524 4147 Ericus
555 4093 612 4145 et
640 4088 979 4162 Ingelerius,
1014 4089 1242 4146 fratres.
1269 4111 1298 4138 ι»

663 4176 1081 4233 CAPITULUM
1125 4177 1331 4233 LXXV.

353 4269 433 4325 De
460 4275 607 4324 terra
635 4265 764 4322 data
790 4284 820 4322 a
851 4267 1091 4324 Dracone
1118 4267 1180 4322 in
1209 4268 1433 4324 Laconis
1467 4267 1628 4324 Villa.

792 4359 979 4427 (Anno
1013 4358 1198 4425 1060.)

1927 3199 2095 3255 chus.
2150 3199 2496 3256 Rodbertus.
2530 3200 2880 3257 Gausfridus
2933 3201 3187 3273 Bigotus.
3222 3197 3574 3272 Bernardus‘,

1925 3289 2188 3346 Vulmari
2235 3290 2414 3346 ﬁlius.
2449 3287 2713 3348 Oduinus
2761 3292 2968 3363 major.
3013 3291 3363 3360 Bernardus,
3397 3307 3584 3366 nepos

1927 3379 2257 3437 Gislemari.
2286 3402 2315 3431 »

2404 3469 2820 3527 CAPITULUM
2862 3469 3095 3527 LXXVI.

2065 3559 2142 3615 De
2167 3559 2518 3616 conventione
2547 3557 2857 3615 Gauscelini
2883 3558 2947 3615 de
2972 3560 3246 3632 Fragani:
3273 3559 3432 3616 Vilia.

2524 3649 2690 3721 (Ante
2716 3666 2768 3704 a.
2804 3649 2986 3718 1070.)

1998 3753 2026 3786 α
2052 3735 2364 3792 Conventio
2382 3736 2715 3793 Gauscelini
2733 3736 2851 3793 Gau
2861 3737 3024 3793 sfridi
3043 3737 3114 3794 de
3136 3737 3412 3812 Fraganis
3427 3735 3580 3794 Villa

1927 3839 2070 3880 cum
2093 3825 2302 3880 abbate
2336 3824 2620 3881 Landrico
2648 3825 2894 3881 coenobii
2927 3827 3113 3882 sancti
3147 3825 3321 3896 Petri,
3345 3830 3410 3883 ut
3440 3826 3574 3896 sibi,

1928 3914 2070 3968 dum
2128 3913 2363 3982 viveret,
2395 3913 2456 3970 in
2516 3915 2691 3969 Manu
2718 3913 2952 3981 Villare,
2984 3915 3332 3988 aripennum
3392 3927 3599 3986 unum.

1928 4006 2093 4057 terra:
2125 4002 2308 4058 abbas
2353 4003 2693 4059 concederet
2731 4004 2802 4059 ad
2842 4005 3300 4061 construendum
3334 4005 3413 4062 ibi
3444 4005 3578 4061 hor-

1929 4107 2093 4146 reum
2126 4108 2346 4160 unum;
2369 4108 2434 4146 eo
2457 4091 2681 4148 scilicet
2712 4096 2909 4148 tenore
2931 4098 2996 4148 ut
3019 4094 3295 4166 quicquid
3315 4094 3478 4150 vivus
3500 4094 3580 4150 ibi

1929 4185 2255 4253 reponeret,
2279 4185 2480 4236 sancto
2504 4179 2671 4237 Petro
2700 4187 2967 4238 mortuus
2991 4181 3404 4250 dimitteret,et
3423 4183 3582 4239 insu-

1931 4283 2034 4342 per
2049 4269 2179 4325 alod
2190 4285 2286 4325 um
2306 4270 2606 4342 proprium
2630 4270 2689 4325 in
2705 4270 2841 4328 villa
2858 4289 2982 4344 quae
2997 4271 3574 4341 vocaturHulsetum',

1931 4359 2102 4430 cujus
2160 4357 2315 4414 alodi
2346 4358 2493 4431 (205)
2525 4358 2714 4416 cultor
2769 4365 2893 4416 erat
2921 4361 3240 4434 Suggerius
3298 4360 3576 4417 rusticus.

229 4473 258 4500 ε(
280 4448 532 4505 Cunctis
557 4451 770 4503 sancta:
793 4445 894 4536 Dei
916 4445 1185 4503 (ecclesiae
1211 4445 1504 4536 fidelibus,
1529 4451 1652 4503 tam
1684 4465 1820 4521 prze-
1855 4471 1901 4536 D
1933 4447 2058 4503 Non
2102 4447 2294 4504 solum
2331 4451 2528 4504 autem
2569 4449 2750 4505 abbas
2788 4449 2896 4505 hoc
2937 4449 3245 4515 concessit,
3275 4453 3363 4505 set
3401 4449 3578 4508 etiam

159 4538 436 4595 sentibus
468 4553 648 4608 quam
701 4534 936 4603 futuris,
973 4540 1177 4591 notum
1222 4553 1350 4592 esse
1395 4535 1688 4604 volumus,
1720 4553 1826 4610 ego

160 4629 346 4684 Droc‘o
378 4627 456 4682 de
485 4625 748 4682 Cuﬂante
778 4629 992 4692 castro,
1019 4624 1176 4681 intra
1215 4626 1549 4698 Sequanam
1581 4625 1825 4681 ﬂuvium

161 4719 293 4780 sito,
320 4714 628 4788 quoniam,
667 4729 769 4786 pro
801 4714 1056 4769 remedio
1107 4715 1314 4769 animae
1349 4731 1488 4770 meae
1518 4719 1692 4787 atque
1724 4733 1826 4787 pro

161 4806 483 4861 animabus
499 4809 808 4875 parentum
833 4819 1370 4872 meorum,assensu
1396 4803 1657 4859 fidelium
1679 4821 1830 4859 meo-

163 4909 294 4950 rum
330 4898 512 4965 atque
556 4891 956 4964 deprecatione
1013 4891 1282 4950 Landrici
1339 4892 1568 4947 abbatis
1601 4892 1827 4948 cenobii

165 4980 569 5049 Carnotensis,
594 4985 796 5036 sancto
828 4980 992 5036 Petro
1016 4980 1262 5035 Ledonis
1293 4980 1497 5049 Curia,
1524 4999 1650 5053 quae
1683 4980 1829 5037 cella

164 5089 293 5128 esse
325 5069 662 5126 dinoscitur
692 5068 1060 5124 Carnotensis
1100 5068 1365 5135 cmnobii,
1392 5070 1526 5124 data
1563 5070 1831 5126 videlicet

165 5180 197 5217 a
220 5161 446 5218 comite
469 5157 769 5227 Walterio,
791 5157 978 5214 libens
1001 5157 1236 5230 quidem
1260 5159 1550 5227 donando,
1575 5163 1828 5216 concedo

168 5253 224 5306 in
258 5250 476 5306 Leonis
496 5247 648 5303 Villa
668 5247 768 5303 VII
789 5247 1054 5320 hospites
1081 5245 1390 5318 plenarios,
1407 5263 1541 5303 cum
1573 5249 1828 5321 quadam

168 5345 332 5412 parte
359 5337 550 5407 bosci,
572 5335 726 5394 sicut
755 5336 994 5410 publica
1021 5335 1116 5392 via
1161 5335 1465 5393 Belvacina
1518 5337 1726 5394 dividit
1755 5339 1827 5396 ad

1935 4538 2177 4592 domum
2194 4553 2525 4610 unam,quae
2543 4538 2601 4592 in
2617 4537 2863 4594 Luciaco
2878 4555 3054 4610 super
3069 4537 3312 4611 prelum
3325 4538 3578 4609 quodam

1935 4627 2164 4693 erat,ad
2197 4627 2657 4684 construendum
2692 4627 2988 4696 horreum,
3009 4645 3142 4683 cum
3176 4628 3374 4684 decem
3407 4641 3578 4683 num-

1935 4733 2166 4772 morum
2212 4715 2416 4772 solidis
2467 4716 2644 4773 dedit.
2678 4717 2784 4783 Qui
2816 4717 3180 4784 Gausfridus,
3226 4716 3581 4790 praenomine

1937 4803 2341 4871 Gauscelinus,
2376 4803 2571 4859 statim
2624 4810 2688 4860 ut
2733 4804 3062 4877 impetravit
3109 4805 3262 4876 quod
3315 4804 3578 4878 petierat,

1936 4909 2071 4947 cum
2104 4909 2279 4948 uxore
2307 4897 2365 4948 et
2394 4893 2614 4962 liberis,
2640 4911 2818 4966 super
2841 4892 3020 4949 altare
3041 4893 3226 4950 sancti
3250 4893 3400 4949 Petri
3428 4893 3581 4950 alodi

1937 4982 2155 5040 donum
2189 4980 2402 5052 posuit,
2419 4982 2649 5050 et,dum
2677 4983 2911 5049 viveret,
2938 4983 3146 5039 statuit
3177 4983 3582 5039 investituram

1938 5069 2188 5142 singulis
2219 5069 2389 5126 annis
2421 5075 2672 5143 quatuor
2699 5089 2972 5129 nummos
3003 5077 3204 5129 sancto
3236 5073 3402 5128 Petro
3433 5072 3581 5129 dari.

1938 5162 2060 5228 Quo
2079 5163 2332 5224 mortuo,
2347 5159 2450 5214 ﬁlii
2473 5161 2602 5233 ejus
2618 5166 2673 5217 et
2690 5162 2929 5235 plurimi
2948 5168 3246 5236 nepotum,
3262 5179 3364 5234 pro
3388 5161 3588 5220 anima

1939 5247 2194 5304 defuncti
2216 5251 2271 5302 et
2292 5265 2399 5304 sua
2421 5249 2628 5316 salute,
2654 5250 2904 5322 publice,
2930 5252 3207 5320 secundo,
3233 5265 3410 5320 super
3435 5247 3590 5304 alta-

1940 5354 2000 5394 re
2042 5334 2231 5393 sancti
2271 5337 2419 5394 Pctri
2461 5337 2686 5411 praefati
2725 5339 2879 5396 alodi
2918 5338 3140 5396 donum
3179 5340 3590 5408 reposuerunt.

233 5447 390 5516 (205)
421 5445 529 5502 Hic
559 5444 776 5502 desinit
804 5445 933 5502 cod.
963 5445 1031 5500 A9.
1063 5443 1337 5500 extremis
1381 5442 1538 5500 foliis
1584 5445 1822 5506 avulsis.
1855 5449 1992 5516 Quae
2023 5446 2100 5502 ad
2127 5443 2280 5502 hanc
2325 5451 2553 5521 partem
2602 5447 2858 5518 primam
2889 5445 3234 5517 adjecimus,
3267 5453 3336 5501 ea
3365 5459 3436 5499 ex
3462 5444 3594 5501 cod'.

167 5519 209 5577 Β
240 5522 493 5593 sumpta
520 5521 681 5575 sunt.

495 5643 764 5710 PATROL.
809 5642 984 5710 CLV.

3207 5639 3284 5705 ιι
