3988 6072
368 275 484 354 33,1

1250 273 1486 338 PAULI
1530 275 1595 337 S.
1641 274 1875 337 PETRI
1918 271 2464 359 CARNOTENSIS
2509 271 2890 336 MONACHI.

3655 272 3774 336 332

371 413 480 470 Pro
504 426 620 483 qua
639 425 698 465 re
722 407 1071 465 beneﬁcium
1103 425 1137 464 a
1165 407 1468 464 monachis
1490 408 1820 465 orationum
1846 409 2015 465 bene-
2043 410 2097 476 Α
2128 408 2396 481 conjuge,
2433 406 2534 480 qui
2565 405 2802 462 alodum
2834 421 3029 471 suum,
3071 403 3132 460 in
3163 402 3367 462 eodem
3397 402 3544 475 loco,
3570 412 3776 466 sancto

373 501 509 557 ﬁcia
537 502 900 571 receperunt.
944 497 1164 553 Placuit
1203 498 1400 565 etiam,
1436 499 1757 554 secundum
1797 513 2019 553 morem

375 586 1136 653 ecclesiasticummumina
1163 590 1284 644 tam
1334 586 1588 642 ﬁliorum
1617 604 1793 659 quam
1844 603 2018 655 nepo-

375 676 632 749 tum,qui
650 679 964 749 praesentes
981 675 1466 746 fuerunt,necnon
1483 676 1871 748 quorumdam
1886 675 2022 731 alio-

376 783 509 826 rum
535 765 864 834 hominum,
889 764 1283 833 subscribere;
1309 769 1392 831 ut,
1421 765 1468 820 si
1491 764 1804 836 aliquando
1834 765 2023 820 insur-

375 873 511 931 gere
536 854 752 927 aliquis
781 853 1000 912 insana:
1031 853 1246 909 mentis
1267 857 1471 909 contra
1498 853 1607 909 hoc
1630 854 1848 908 donum
1881 857 2023 908 tem-

374 944 642 1019 ptaverit,
667 941 998 1002 testimonio
1048 941 1257 1002 horum
1303 942 1650 1008 cumvictus,
1673 943 1802 1013 ejus
1855 941 2021 997 nisus

372 1035 664 1106 depereat,
687 1036 744 1088 et
772 1032 900 1104 ejus
931 1029 1129 1092 anima
1157 1029 1215 1085 in
1249 1030 1474 1086 inferno
1508 1048 1708 1103 paanas
1739 1030 1882 1086 luat.
1909 1031 2020 1086 Ito-

373 1123 649 1190 scelinus,
683 1120 1018 1193 Gregorius,
1050 1119 1237 1192 Hugo,
1280 1119 1476 1187 Fulco,
1511 1121 1739 1190 fratres,
1772 1119 1878 1174 ﬁlii
1923 1121 2020 1175 de-

371 1211 560 1272 functi
591 1210 689 1284 qui
720 1209 830 1268 hoc
869 1209 1088 1266 donum
1121 1207 1286 1276 fecit;
1315 1209 1664 1281 Guidbergis
1693 1213 1750 1264 et
1782 1207 2022 1264 Hersin-

374 1301 487 1372 dis,
513 1316 741 1360 sorores
765 1297 1054 1366 defuncti;
1078 1297 1382 1370 Gerogius,
1408 1297 1758 1364 Gualterius,
1784 1297 2023 1370 Stepha-

373 1407 506 1458 nus,
529 1385 824 1446 Ansoldus
854 1390 912 1442 et
941 1384 1258 1451 Guarinus,
1289 1389 1529 1457 nepotes
1560 1387 1707 1457 ejus.
1733 1387 1814 1441 Ex
1857 1395 2022 1458 parte

374 1473 799 1537 monachorum
825 1489 838 1528 :
861 1471 1178 1529 Gauslinus
1205 1472 1275 1528 de
1298 1473 1530 1545 Leugis,
1546 1472 1929 1545 Ingelrannus
1951 1474 2021 1529 de

371 1560 980 1628 Nociaco.Gualterius
996 1565 1312 1634 trapezeta;
1329 1560 1682 1629 Gualterius,
1699 1561 1857 1617 ﬁlius
1875 1563 2023 1618 Gan-

373 1652 624 1721 deberti;
645 1650 938 1710 Hildull‘us
954 1654 1010 1705 et
1023 1650 1604 1715 Gaust‘ridus,i‘ratres
1623 1650 2018 1721 ;Gunbaldus,

373 1741 735 1808 Tescelinus,
756 1739 1096 1807 Adventius,
1125 1738 1494 1795 Laurentius.
1521 1761 1548 1789 υ

836 1870 1253 1930 CAPITULUM
1295 1872 1556 1928 LXXVII.

900 1968 980 2018 De
1009 1961 1184 2018 alodis
1219 1961 1491 2017 Mesliaci.

963 2069 1132 2138 (Ante
1160 2085 1214 2124 a.
1249 2069 1434 2137 1070.)

445 2211 472 2240 ‹‹
505 2188 766 2244 Prmsens
797 2181 1058 2240 ecclesia
1084 2200 1186 2255 per
1215 2200 1392 2255 quam
1423 2182 1544 2238 itur
1573 2183 1644 2239 ad
1675 2182 1836 2238 illam
1860 2183 2023 2241 coele-

371 2281 521 2334 stem
544 2293 670 2347 qua
694 2272 878 2330 nescit
904 2271 1064 2328 abire
1089 2271 1286 2341 ﬁnem,
1303 2287 1533 2342 semper
1553 2271 1790 2343 quidem
1813 2272 2021 2328 aChri-

369 2366 444 2421 sti
475 2363 747 2423 ﬁdelibus
798 2359 1098 2418 beneﬁciis
1145 2359 1377 2414 dilatari
1407 2365 1465 2415 et
1495 2359 1693 2432 aligeri
1740 2360 1909 2426 solet,
1941 2367 2015 2429 et,

369 2452 639 2527 quamvis
669 2449 937 2509 diabolus
967 2447 1115 2503 dolis
1146 2447 1745 2521 infestacionibusque
1775 2467 2017 2505 suorum

367 2541 690 2601 satellitum
721 2556 850 2596 eam
882 2536 1170 2594 debellare
1199 2537 1454 2604 festinet,
1487 2543 1704 2603 tamen,
1734 2539 1866 2593 ﬁdei
1899 2544 2019 2595 sta-

372 2631 596 2691 bilitate
627 2634 802 2700 atque
831 2626 1092 2682 caritatis
1115 2625 1387 2681 ﬁrmitate
1408 2626 1676 2695 subnixa,
1700 2627 2020 2684 immobilis

378 2737 567 2792 usque
593 2718 654 2776 in
683 2718 858 2775 ﬁnem
909 2714 1086 2771 seculi
1134 2714 1602 2787 invincibilisque
1635 2716 2017 2788 permanebit.

375 2809 578 2880 Itaque
601 2805 704 2862 ﬁlii
737 2805 886 2876 ejus,
910 2820 1012 2877 pro
1043 2801 1135 2859 sui
1165 2802 1504 2875 capacitate,
1531 2803 1642 2859 ﬁde
1682 2809 1738 2859 et
1776 2806 2018 2861 caritate

368 2895 634 2963 radicati,
658 2899 886 2950 terrena
919 2890 1136 2966 praedia
1165 2892 1612 2964 mundanasque
1635 2893 1867 2950 divitias
1899 2912 2016 2950 suae

370 2983 545 3046 matri
593 2981 918 3048 conferunt,
944 2985 1009 3037 ut
1039 2996 1141 3054 pro
1173 2980 1411 3040 caducis
1443 2985 1500 3036 et
1548 2981 1794 3038 terrenis
1842 2984 2018 3040 rebus

370 3077 704 3131 mercentur
724 3070 1005 3127 caelestes.
1021 3069 1204 3136 Unde,
1221 3069 1373 3126 sicut
1396 3070 1736 3127 scribuntur
1765 3072 1822 3126 in
1845 3073 2015 3129 ecsto-

369 3180 500 3218 rum
522 3160 771 3230 albo,ita
789 3159 1031 3232 dignum
1053 3161 1142 3213 est
1172 3163 1234 3214 ut
1261 3175 1462 3215 eorum
1490 3160 1728 3215 nomina
1747 3161 2014 3231 apicibus
2045 3153 2087 3219 C

366 3251 662 3308 memoria)
695 3247 956 3306 ﬁdelium
986 3247 1313 3313 tradantur,
1346 3248 1627 3319 quatinus
1657 3250 1728 3304 ab
1767 3251 1910 3321 ipsis
1941 3252 2013 3306 ad

363 3341 547 3402 Deum
581 3355 684 3412 pro
716 3337 833 3394 illis
873 3353 1105 3408 semper
1133 3341 1430 3402 oretur,ut
1468 3338 1528 3392 in
1569 3339 2012 3396 resurrectionis

362 3429 549 3503 gloria
578 3427 729 3482 inter
748 3431 983 3486 sanctos
1015 3424 1344 3480 resuscitati
1367 3425 1670 3496 respirent.
1699 3427 1878 3498 Igitur
1905 3446 2010 3500 ego

361 3516 706 3583 Landricus,
759 3512 1005 3571 ccenobii
1045 3511 1417 3568 Carnotensis
1474 3513 1676 3581 abbas,
1710 3519 1766 3570 et
1817 3516 2009 3572 omnis

357 3604 782 3664 monachorum
813 3619 951 3675 grex
981 3599 1159 3655 michi
1193 3599 1566 3668 commissus,
1591 3602 1650 3657 in
1677 3602 1784 3658 hac
1807 3605 1939 3660 sced
1952 3623 2010 3660 u-

353 3693 432 3761 la,
456 3693 698 3750 nomina
722 3707 924 3748 eorum
957 3688 1367 3744 mandavimus
1407 3691 1756 3762 ponere,qui
1789 3691 1846 3746 in
1882 3692 2007 3749 loco

354 3782 454 3855 qui
482 3785 723 3839 vocatur
752 3778 1084 3844 Mesliacus,
1111 3782 1312 3834 sancto
1345 3778 1530 3846 Petro,
1557 3795 1660 3851 pro
1691 3780 2006 3839 animabus

353 3870 782 3944 suis,proprios
816 3867 1028 3924 fundos
1048 3865 1714 3933 contulerunt.Quorum
1746 3871 2005 3941 primum

351 3960 490 4032 poni
513 3959 808 4030 jussimus
831 3956 1230 4014 Germundum
1255 3956 1805 4027 presbiterum,qui,
1831 3959 2000 4014 habi-

352 4055 480 4105 tum
511 4045 898 4107 monachilem
940 4043 1289 4117 suscipiens,
1322 4050 1377 4100 et
1407 4045 1654 4102 fundum
1701 4051 1757 4102 et
1803 4049 2004 4105 omnia

353 4155 482 4210 quae
497 4136 705 4197 habuit
725 4139 926 4192 sancto
950 4133 1116 4190 Petro
1139 4133 1394 4206 reliquit.
1412 4134 1772 4206 Secundum,
1792 4136 2004 4192 Radul-

351 4226 500 4292 fum,
525 4229 750 4298 patrem
781 4221 1064 4280 Gualterii
1097 4221 1539 4294 monetarii,qui
1581 4223 1836 4280 moriens
1869 4226 2004 4280 fun-

353 4315 497 4370 dum
528 4331 706 4372 suum
735 4315 936 4370 sancto
978 4310 1142 4366 Petro
1179 4310 1421 4366 dimisit.
1448 4311 1717 4367 Tercium
1749 4314 2000 4370 eundem

352 4401 828 4475 Walterium,qui
845 4417 993 4474 quos
1014 4399 1203 4472 potuit
1218 4415 1410 4454 emere
1428 4399 1485 4454 in
1504 4401 1705 4456 eodem
1729 4399 1851 4457 loco
1875 4403 2003 4458 fun-

351 4493 456 4551 dos
488 4495 690 4552 sancto
722 4491 888 4548 Petro
921 4488 1165 4587 dimisit,
1192 4505 1292 4560 pro
1325 4487 1523 4587 anima
1553 4488 1656 4543 ﬁlii
1689 4489 1782 4587 sui
1815 4491 1999 4547 Gaus-
2031 4524 2078 4587 Β

346 4581 483 4641 fridi
515 4581 730 4646 clerici,
760 4585 824 4636 ut
871 4581 998 4652 ejus
1028 4577 1491 4634 anniversarium
1541 4578 1843 4635 annuatim
1877 4580 1999 4648 ﬁat,

347 4687 483 4730 cum
515 4670 700 4745 signis
743 4669 1119 4736 sonantibus;
1155 4667 1402 4722 redemit
1431 4668 1608 4724 etiam
1651 4669 1819 4724 nobis
1851 4669 2000 4725 duos

346 4761 657 4836 aripennos
678 4759 856 4816 vineae
907 4758 965 4812 in
997 4756 1196 4814 clauso
1249 4760 1470 4827 nostro,
1517 4758 1686 4827 juxta
1717 4757 1996 4812 Sanctum

344 4849 1056 4914 Bartholomeum,versus
1083 4845 1409 4910 meridiem,
1439 4863 1540 4916 pro
1573 4846 1770 4900 anima
1803 4847 1995 4917 patrui

344 4937 782 5001 suiHatonis,ut
799 4933 1050 5007 singulis
1072 4933 1244 4990 annis
1265 4936 1362 4988 ﬁat
1380 4935 1507 5004 ejus
1529 4934 1993 4990 anniversarium

342 5041 475 5082 cum
506 5025 692 5097 signis
715 5025 1081 5080 sonantibus.
1107 5025 1411 5089 Quartum,
1438 5024 1742 5090 Horreum,
1769 5027 1992 5094 patrem

341 5112 631 5173 Fulcberii
663 5112 924 5170 canonici
949 5113 1132 5167 sancti
1159 5112 1529 5184 Μεινὶέηῄᾳυί
1562 5113 1778 5168 ibidem
1811 5131 1988 5170 suum

339 5203 587 5260 fnndum
621 5203 851 5258 duobus
899 5201 1110 5256 modiis
1148 5204 1427 5256 sementis
1469 5208 1668 5258 sancto
1701 5202 1865 5257 Petro
1899 5219 1987 5258 re-

334 5290 529 5366 liquit.
553 5291 856 5359 Quintum,
897 5289 1242 5357 Ansoldum,
1283 5307 1415 5346 cum
1458 5291 1848 5363 Ermcngarde
1879 5307 1988 5347 sua

401 5431 899 5507 (206)_Nonnullas
922 5433 1048 5507 jam
1069 5433 1312 5507 chartas
1342 5432 1580 5507 Huberti
1615 5433 1844 5488 abbatis
1871 5431 1985 5487 edi-

329 5503 710 5577 dimus'inter
737 5521 836 5561 eas
869 5503 1168 5577 Landrici;
1203 5505 1389 5575 deque
1419 5503 1619 5577 ordine
1650 5511 1982 5577 temporum

324 5575 388 5635 in
419 5577 589 5636 codd.
623 5577 856 5635 turbato
888 5575 1233 5632 monuimus
1261 5573 1460 5649 supra,
1490 5573 1656 5631 initio
1687 5573 1792 5632 lib:
1821 5575 1942 5632 VII.

2130 496 2294 552 Petro
2325 495 2569 554 dimisit.
2594 495 2654 552 Si
2685 495 2818 568 quis
2857 499 3051 550 autem
3083 493 3423 567 prophanus
3453 511 3522 552 ex
3549 495 3643 553 his
3672 498 3782 554 do-

2129 585 2222 640 nis
2244 585 2560 658 quicquam
2582 586 2814 640 demere
2835 583 3225 656 temptaverit,
3245 583 3639 642 anathematis
3658 585 3778 659 gla-

2129 674 2226 730 dio
2247 690 2580 746 percussus,
2608 690 2741 730 cum
2765 671 2994 729 diabolo
3016 671 3074 728 in
3099 673 3326 731 inferno
3346 677 3568 746 trusus,
3594 692 3778 749 penas

2127 763 2253 819 luat
2282 763 2408 820 sine
2439 764 2552 819 ﬁne
2584 779 2916 818 mansuras.
2944 784 2972 812 »

2579 867 2996 925 CAPITULUM
3039 868 3326 926 LXXVIII.

2128 960 2202 1016 De
2230 960 2444 1014 vicaria
2461 959 2637 1014 Hunis
2675 958 2846 1024 Villa’,
2865 959 3091 1086 statim
3126 959 3370 1018 ecclesia?
3416 960 3780 1020 Rerlamantis

2904 1046 2924 1084 ι
3028 1071 3042 1085 .

2904 1046 3042 1085 ιιιάε.

2721 1118 2884 1190 (Ante
2915 1134 2966 1173 a.
3003 1118 3186 1190 1080.)

2204 1257 2232 1285 ‹‹
2258 1239 2322 1290 In
2344 1235 2490 1307 (206)
2517 1233 2750 1291 nomine
2772 1237 2986 1290 sanctae
3017 1237 3075 1289 et
3103 1233 3416 1291 individua:
3446 1236 3776 1296 Trinitatis.

2128 1324 2247 1396 Ego
2288 1324 2603 1386 Hubertus,
2629 1323 2817 1396 gratia
2848 1322 2970 1388 Dei,
2993 1322 3195 1392 abbas,
3219 1327 3276 1378 et
3310 1324 3502 1380 omnis
3532 1342 3780 1399 congre-

2130 1413 2288 1484 gatio
2319 1413 2504 1468 sancti
2537 1412 2685 1468 Petri
2710 1411 3084 1467 Carnotensis
3113 1413 3382 1481 cmnobii,
3415 1420 3619 1472 notum
3649 1433 3779 1474 esse

2127 1501 2420 1569 volumus,
2444 1506 2566 1556 tam
2598 1500 2984 1573 praesentibus
3005 1518 3184 1572 quam
3217 1502 3396 1558 futuri
3429 1504 3537 1573 evi,
3565 1511 3779 1563 sancte

2129 1589 2229 1646 Dei
2261 1589 2532 1646 aecclesize
2564 1589 2856 1656 ﬁdelibus,
2885 1589 3250 1659 Walterium,
3284 1591 3550 1649 videlicet
3589 1594 3778 1652 ﬁlium

2130 1678 2412 1746 Fladaldi,
2436 1679 2808 1734 medietatem
2829 1678 3056 1734 vicaria;
3078 1679 3264 1735 Hunis
3287 1680 3443 1737 Villae
3473 1699 3698 1740 necnon
3725 1689 3783 1741 et

2053 1783 2097 1848 Β
2130 1767 2525 1823 Reclamantis
2555 1766 2718 1822 Villae
2776 1765 2908 1822 atrii
2952 1765 3246 1835 ecclesiae,
3269 1785 3336 1824 ac
3366 1769 3556 1828 tocius
3611 1777 3781 1830 terra:

2130 1873 2258 1929 quae
2289 1857 2360 1912 ad
2393 1857 2536 1913 istas
2561 1857 2711 1913 duas
2729 1855 2897 1911 villas
2928 1856 3199 1928 pertinet,
3221 1873 3326 1929 pro
3355 1858 3542 1916 salute
3571 1877 3690 1917 sua
3721 1866 3783 1920 et

2129 1945 2399 2019 conjugis
2421 1945 2650 2013 animae,
2666 1949 2840 2016 atque
2859 1961 2962 2016 pro
2985 1945 3297 2002 animabus
3317 1953 3624 2019 parentum
3649 1967 3782 2008 suo-

2129 2052 2282 2100 rum,
2327 2039 2528 2092 sancto
2559 2035 2724 2090 Petro
2755 2033 3115 2090 concessisse
3162 2041 3441 2108 perpetuo
3472 2039 3642 2110 jure;
3675 2057 3780 2113 pro

2130 2141 2311 2196 eaque
2342 2123 2637 2196 accepisse
2670 2122 3058 2196 agripennum
3090 2140 3274 2182 unum
3305 2126 3506 2195 vineae,
3528 2145 3657 2200 qua
3687 2147 3781 2186 vo-

2131 2217 2296 2268 eatur
2335 2213 2680 2280 Radt'redus,
2715 2228 2820 2284 pro
2871 2229 2986 2284 quo
3017 2212 3186 2268 nobis
3216 2214 3607 2272 offerebantur
3636 2217 3782 2274 XXV

2127 2303 2274 2359 libre
2297 2320 2692 2359 nummorum.
2712 2302 2857 2357 Huic
2880 2319 3111 2375 quoque
3133 2303 3284 2360 dono
3303 2321 3614 2363 assensum
3632 2324 3781 2380 pra:-

2129 2393 2384 2448 buerunt
2413 2391 2729 2448 Walterius
2760 2392 2830 2448 de
2867 2391 3094 2459 Alneto,
3119 2393 3289 2464 cujus
3316 2394 3596 2452 beneﬁcio
3627 2396 3781 2456 hanc

2129 2483 2318 2554 ipsam
2360 2480 2635 2536 vicariam
2677 2497 2856 2553 supra
2881 2481 3075 2537 dictus
3105 2480 3438 2540 Gualterius
3470 2488 3778 2558 tenuerat;

2129 2571 2350 2643 ﬁliique
2383 2572 2511 2642 ejus
2539 2569 2894 2636 Gunberius,
2917 2569 3252 2638 Gauslinus,
3277 2571 3612 2631 Gualterius
3641 2593 3779 2631 cum

2130 2665 2312 2732 patre,
2329 2676 2634 2716 assenseru
2645 2658 3207 2730 nt.Subscripsimus
3223 2661 3402 2716 etiam
3420 2661 3781 2734 propinquos

2130 2749 2409 2809 Walterii.
2429 2764 2643 2822 eosque
2665 2748 2765 2820 qui
2797 2763 2932 2802 cum
2963 2763 3029 2802 eo
3050 2748 3306 2816 fuerunt,
3335 2751 3568 2822 quando
3602 2769 3784 2826 super

2128 2839 2309 2894 altare
2340 2837 2526 2894 sancti
2572 2837 2719 2892 Petri
2752 2836 2927 2906 hujus
2963 2835 3043 2890 rei
3073 2852 3361 2910 guerpum
3395 2840 3609 2912 posuit,
3642 2859 3780 2898 nec-

2127 2945 2242 2984 non
2274 2932 2330 2984 et
2364 2925 2717 2982 famulorum
2770 2930 3103 2980 nostrorum
3154 2926 3412 2995 nomina,
3437 2943 3584 3000 quos
3631 2929 3780 2986 inibi

2126 3016 2474 3084 habuimus;
2499 3020 2564 3070 ut
2583 3015 2629 3070 si
2656 3013 2790 3086 quis
2811 3030 3072 3085 unquam
3097 3013 3234 3070 huic
3249 3015 3408 3087 operi
3427 3017 3780 3075 calumniari

2127 3105 2514 3178 temptaverit,
2540 3103 2702 3176 prius
2730 3121 2764 3158 a
2793 3102 3098 3159 liminibus
3127 3110 3340 3158 sanctis
3370 3104 3470 3160 Dei
3503 3106 3777 3164 ecclesia

2127 3198 2548 3267 sequestratus,
2583 3197 2639 3248 et
2669 3190 3060 3247 anathematis
3095 3191 3306 3263 jugulo
3345 3193 3664 3264 sauciatus,
3700 3197 3775 3253 ab

2122 3301 2238 3339 uno
2270 3283 2478 3338 horum
2498 3279 2704 3337 baculo
2727 3279 2967 3335 ultionis
2990 3279 3368 3353 propellatur,
3383 3281 3497 3338 nisi
3520 3283 3779 3356 resipue-

2122 3373 2215 3439 rit,
2235 3371 2292 3426 in
2319 3371 2544 3426 inferno
2576 3367 2856 3424 inferiori.
2882 3367 3257 3437 Rejenaldus,
3273 3369 3450 3426 frater
3468 3371 3771 3431 Gualterii.

2121 3459 2512 3529 Fredesindis,
2545 3458 2672 3529 conj
2685 3475 2758 3513 nx
2787 3457 2935 3528 ejus.
2965 3456 3266 3522 Beliardis,
3289 3474 3455 3515 soror
3481 3461 3630 3531 ejus.
3655 3461 3774 3516 Ra-

2109 3549 2408 3622 jenaldus,
2435 3547 2593 3603 ﬁlius
2623 3549 2772 3618 ejus.
2797 3544 3062 3613 Adelina,
3089 3544 3209 3600 ﬁlia
3231 3547 3380 3617 ejus.
3405 3546 3773 3608 Gislebertus

2117 3639 2189 3694 de
2224 3637 2557 3693 Britiniaco.
2594 3635 2910 3691 Nobiscum
2941 3650 2954 3688 :
2986 3633 3268 3705 Gerogius
3316 3640 3374 3690 et
3422 3635 3618 3702 Fulco,
3649 3638 3774 3693 fra-

2115 3732 2234 3784 tres
2281 3731 2336 3782 et
2393 3723 2688 3791 canonici;
2748 3723 3004 3778 Erardus
3060 3722 3398 3790 canonicus,
3433 3723 3772 3782 Gualterius

2116 3814 2496 3880 monetarius,
2513 3813 2825 3870 Gilduinus
2858 3811 3066 3883 major,
3079 3810 3383 3867 Girbertus
3407 3814 3612 3883 major,
3638 3815 3770 3870 Ste-

2115 3905 2346 3978 phanus
2375 3903 2587 3972 major;
2614 3900 2956 3958 Goscelinus
2979 3905 3037 3955 et
3060 3899 3410 3967 Rodbertus,
3435 3901 3768 3972 telonearii;

2114 3993 2405 4049 Guarinus
2437 3993 2640 4064 pistor,
2673 3989 3022 4057 Teodaldus,
3054 3989 3439 4061 Fulchardus,
3463 3991 3766 4060 Aventius,

2114 4083 2381 4148 Lorinus,
2415 4080 2794 4147 Gislebertus,
2824 4078 3188 4146 Gunbaldus,
3215 4079 3570 4152 Oydelerius,
3607 4081 3768 4138 Lau-

2112 4171 2356 4238 rentius,
2392 4169 2716 4226 Rainaldus
2760 4185 2956 4242 agaso,
3000 4169 3403 4242 Ragenfredus
3435 4170 3507 4226 de
3553 4170 3765 4228 Recla-

2111 4259 2328 4317 mantis
2359 4259 2508 4314 Villa
2540 4260 2709 4332 (207).
2737 4279 2764 4307 »

2587 4372 2939 4431 CAPITULU
2949 4374 3002 4430 M
3045 4373 3276 4430 LXXIX.

2375 4466 2448 4522 De
2477 4473 2590 4522 orto
2617 4471 2790 4536 empto
2821 4480 2983 4535 super
3007 4464 3213 4534 ﬂumen
3247 4462 3492 4520 Andure.

2704 4555 2872 4622 (Ante
2901 4569 2953 4609 a.
2989 4552 3171 4625 1080.)

2182 4685 2208 4712 ‹‹
2243 4661 2456 4717 Notum
2495 4677 2624 4716 esse
2658 4659 2946 4730 volumus,
2968 4674 3074 4731 ego
3124 4658 3419 4716 Hubertus
3466 4659 3671 4728 abbas,
3705 4664 3770 4719 et

2107 4767 2311 4806 omnes
2359 4747 2630 4804 monachi
2663 4747 2908 4803 ccenobii
2960 4746 3351 4816 Carnotensis,
3385 4747 3526 4821 quia
3573 4767 3763 4822 quen-

2107 4841 2240 4896 dam
2272 4845 2486 4905 ortum,
2520 4839 2577 4893 in
2612 4842 2814 4894 nostra
2857 4841 3009 4892 terra
3039 4837 3212 4907 juxta
3240 4841 3434 4892 ortnm
3486 4843 3762 4896 nostrum

2105 4930 2308 4995 situm,
2333 4929 2601 5001 quaedam
2634 4925 2863 4994 mulier,
2894 4925 3198 4982 Roscelina
3237 4926 3494 4995 nomine,
3528 4944 3629 4999 per
3657 4927 3757 4984 XX

2103 5024 2159 5074 et
2189 5018 2441 5090 amplius
2491 5033 2694 5084 annos,
2721 5033 2754 5070 a
2784 5014 2972 5088 primo
3003 5013 3229 5070 seniore
3278 5031 3383 5070 suo
3416 5015 3752 5084 Gausfrido,

2101 5108 2255 5163 dotis
2277 5108 2433 5178 jure,
2456 5121 2798 5162 concessum
2823 5107 3119 5171 tenuerat;
3144 5103 3214 5159 de
3245 5120 3360 5175 quo
3393 5103 3622 5159 nullum
3651 5103 3761 5161 ha-

2099 5197 2226 5253 buit
2255 5195 2536 5252 sobolem.
2577 5194 2761 5262 Nunc,
2795 5192 3202 5266 quadrigama,
3230 5210 3264 5248 a
3293 5192 3464 5248 nobis
3493 5195 3754 5249 taxatam

2096 5284 2440 5358 peccuniam
2472 5283 2785 5356 accipiens,
2819 5280 3054 5354 reliquit
3099 5279 3513 5355 perpetualiter
3559 5279 3752 5354 possi-

2165 5428 2312 5496 (207)
2333 5427 2396 5483 In
2419 5426 2546 5482 cod.
2575 5425 2728 5482 dicto
2749 5431 3036 5495 Argenteo,
3060 5428 3194 5496 post
3217 5423 3459 5482 nomina
3478 5422 3750 5494 testium,

2093 5495 2299 5556 addita,
2349 5503 2488 5556 sunt
2543 5497 2664 5554 haec
2695 5515 2709 5552 :
2740 5499 2932 5555 Actum
2959 5495 3164 5571 esthoc
3213 5497 3434 5571 publica
3463 5495 3754 5568 Cernetis,

2091 5580 2356 5644 regnante
2381 5571 2637 5644 Philippo
2666 5585 2788 5644 rege
2817 5585 2962 5628 anno
2991 5569 3074 5627 IX.
