3988 6072
198 319 343 382 ῖ337

847 321 1106 385 VETUS
1149 322 1431 386 AGANO.
1466 358 1543 368 —
1571 325 1720 386 LIB.
1763 324 1895 386 VII.
1943 327 2388 391 LANDRICUS
2431 329 2535 391 ET
2577 331 3022 398 HUBERTUS.

3509 335 3634 400 338

214 453 358 526 cipi.
381 471 487 527 pro
517 453 716 510 anima
745 471 850 511 sua
869 459 928 511 et
947 455 1216 528 conjugis
1246 473 1312 512 ac
1343 461 1648 530 parentum
1683 457 1869 514 domi-
1899 459 1955 525 Α
1981 458 2140 515 tione
2162 461 2754 539 precii;habeantque
2775 464 3023 523 altareet
3036 465 3484 542 oﬁ‘erendasper
3513 470 3629 527 cir-

217 561 552 617 norumque
584 561 849 609 suorum,
884 545 1296 617 presbiterium
1346 547 1614 603 aecclesia:
1657 552 1868 603 sanctae

215 633 435 700 Maria,
458 651 584 705 quae
606 651 720 689 non
744 633 913 706 longe
934 634 1193 690 sitacsta
1210 635 1676 709 flumineAlogiaa
1698 637 1867 702 villae,

210 728 270 778 et
300 739 478 778 omne
509 723 786 796 quicquid
813 724 882 778 ad
915 722 1110 796 ipsum
1145 724 1554 796 presbiterium
1583 727 1871 797 pertinere

210 812 498 878 noscitur,
524 818 642 867 tam
667 813 722 866 in
743 812 923 868 altare
955 830 1130 885 quam
1163 812 1220 867 in
1255 813 1584 883 efferendis,
1606 815 1867 887 sepultu-

209 903 311 967 ris,
349 902 619 966 decimis,
643 903 778 972 jure
809 908 1084 975 perpetuo
1115 902 1419 970 concessit,
1450 909 1514 959 ut
1544 904 1866 960 habeamus

207 995 386 1064 atque
417 991 547 1046 sine
567 991 687 1046 ulla
711 991 1171 1047 contradictione
1201 991 1862 1063 possideamus.Donum

205 1080 412 1153 itaque
447 1081 626 1150 hujus
657 1079 1004 1153 largitionis,
1026 1097 1128 1152 per
1158 1097 1467 1137 asseusum
1497 1082 1722 1137 domna:
1747 1100 1863 1137 suae

209 1169 597 1234 Mahildze,de
614 1187 731 1241 qua
757 1170 814 1224 id
844 1169 1190 1225 beneficium
1219 1171 1470 1238 tenebat,
1489 1187 1666 1243 super
1682 1171 1864 1227 altare

205 1259 419 1315 Rancti
457 1257 704 1314 Romani
746 1259 1006 1314 martiris
1055 1258 1271 1330 posuit,
1306 1259 1408 1331 qui
1467 1277 1581 1315 non
1631 1259 1800 1333 longe
1830 1278 1864 1316 a

203 1348 415 1404 Braiao
439 1353 635 1403 castro
659 1346 922 1420 apostolo
945 1347 1230 1420 quaeritur
1249 1351 1305 1403 et
1326 1353 1650 1404 veneratur.
1679 1349 1862 1420 Cujus

203 1437 367 1492 ﬁlius
399 1435 740 1493 Gualterius
773 1436 1020 1492 clericus
1069 1436 1334 1492 Carnotis
1383 1447 1582 1509 postea
1610 1436 1771 1504 abiit,
1805 1442 1863 1494 et

201 1543 267 1580 ex
279 1525 493 1582 eadem
517 1543 578 1580 re
600 1526 820 1582 donum
844 1541 1022 1598 super
1038 1524 1217 1581 altare
1240 1526 1423 1581 sancti
1445 1526 1592 1582 Petri
1619 1526 1816 1599 posuit
1843 1545 1856 1595 ;

201 1615 466 1687 indeque
485 1615 628 1671 XXX
649 1615 867 1671 solidos
888 1631 1265 1670 nummorum
1291 1632 1325 1670 a
1346 1615 1516 1671 nobis
1539 1615 1774 1688 recepit,
1792 1633 1858 1672 ac

202 1705 380 1760 matri
415 1703 912 1761 sumVsolidosin
944 1720 1059 1759 uno
1091 1704 1368 1760 mantello
1398 1709 1592 1776 empto
1627 1705 1855 1760 detulit.

203 1796 388 1861 Quam
425 1794 804 1849 donationem
847 1793 1118 1866 quisquis
1173 1793 1465 1850 retrahere
1510 1793 1759 1850 voluerit
1786 1795 1858 1850 ab
1887 1829 1935 1893 B

199 1884 488 1940 omnibus
505 1884 726 1939 sanctis
748 1883 846 1938 Dei
870 1883 1568 1948 excommunicatus,cum
1583 1884 1860 1940 omnibus

201 1972 442 2036 Domini
477 1972 956 2045 cruciﬁgentibus
989 1977 1047 2027 et
1077 1989 1208 2028 cnm
1241 1972 1394 2028 Juda
1423 1972 1856 2044 proditore,nisi

197 2062 541 2134 resipuerit,
559 2062 614 2116 in
649 2061 874 2117 inferno
905 2064 1342 2134 pereat.Actum
1364 2067 1452 2117 est
1473 2061 1580 2116 hoc
1604 2061 1854 2135 publice,

198 2151 413 2222 Brajao
448 2156 662 2215 castro,
695 2151 850 2205 intra
879 2149 1152 2205 horreum
1185 2149 1382 2206 Sancti
1411 2151 1678 2218 Romani,
1706 2168 1857 2207 anno

197 2255 355 2294 nono
369 2238 530 2311 regis
544 2237 1340 2311 Philippi,assistentibushis
1354 2237 1604 2311 quorum
1619 2240 1858 2294 nomina

199 2326 716 2398 subscripsimus:
752 2327 1042 2382 Bernardo
1093 2328 1163 2382 de
1217 2326 1424 2396 Buslo;
1461 2327 1744 2383 Landrico
1787 2328 1857 2384 de

199 2415 460 2484 Toriello
503 2420 560 2470 et
607 2416 823 2482 Odone,
860 2415 1034 2472 fratre
1083 2433 1228 2484 suo;
1263 2415 1556 2471 Gualterio
1607 2417 1853 2482 Infante,

200 2505 302 2578 qui
363 2505 519 2560 hanc
574 2504 950 2559 donationem
1010 2505 1178 2572 fecit;
1217 2504 1464 2560 Radulfo
1522 2506 1887 2586 praeposito,_

202 2593 542 2660 Gausfrido,
578 2593 848 2659 Raiardo,
879 2592 1159 2649 Rainaldo
1191 2594 1513 2650 forestario.
1547 2595 1627 2649 Ex
1657 2599 1856 2650 nostra

201 2689 416 2755 parte:
454 2682 733 2738 Girvardo
791 2683 1031 2754 majore,
1088 2682 1398 2738 Laurentio
1455 2683 1851 2752 cubiculario;

199 2770 523 2837 Bernardo,
560 2771 675 2826 ﬁlio
705 2770 1008 2839 Vulmari;
1045 2771 1372 2827 Frollando.
1409 2794 1436 2821 »

639 2859 1051 2916 CAPITULUM
1093 2860 1405 2916 LXXXVIII

202 2951 276 3007 De
295 2950 598 3022 jum'oratu
624 2948 896 3006 azcctesiaz
924 2951 1100 3005 sancti
1130 2951 1354 3005 Leobini
1393 2949 1850 3007 Castridunensis.

798 3041 964 3105 (Ante
995 3056 1046 3094 a.
1082 3039 1268 3107 1080.)

274 3152 304 3180 ιι
329 3127 680 3184 Christianae
704 3126 998 3198 religionis
1017 3127 1219 3183 obtimi
1244 3127 1348 3182 viri
1373 3129 1692 3200 quondam,
1710 3129 1848 3184 dum

200 3219 481 3275 omnibus
504 3217 774 3271 ﬂorerent
796 3216 1000 3288 copiis,
1024 3221 1082 3271 et
1103 3215 1411 3281 aacclesias,
1435 3216 1604 3289 longe
1621 3216 1850 3290 lateque

199 3323 306 3379 per
334 3306 541 3361 orbem
574 3305 630 3359 in
665 3305 880 3360 honore
907 3305 1007 3360 Dei
1039 3309 1212 3377 atque
1248 3310 1582 3360 sanctorum
1615 3311 1850 3362 sancta-

197 3411 457 3467 rumque
471 3394 767 3450 memoriis
782 3394 1054 3449 nobiliter
1075 3399 1464 3462 constructas,
1481 3395 1558 3449 rel
1570 3394 1851 3468 igiosissi-

201 3501 294 3540 me
308 3484 593 3547 colerent,
611 3482 965 3538 easdiversis
997 3483 1370 3538 donariorum
1395 3483 1582 3539 titulis
1603 3483 1850 3556 insigni-

195 3577 310 3642 tas,
327 3571 684 3644 locupletare
697 3570 1032 3640 voluerunt;
1049 3587 1298 3643 quorum
1315 3571 1614 3644 privilegia
1627 3571 1679 3626 in
1707 3572 1850 3644 ipsis

197 3660 504 3724 ecclesiis,
539 3677 656 3715 una
686 3677 816 3715 cum
868 3676 1070 3716 eorum
1104 3660 1426 3725 memoriis,
1461 3666 1766 3716 servantur
1794 3665 1851 3717 et

197 3750 617 3818 servabuntur,
641 3748 870 3804 Christo
895 3748 1141 3804 Domino
1164 3754 1478 3804 annuente.
1500 3749 1700 3821 Itaque
1721 3766 1847 3823 ego,

194 3841 477 3895 Albertus
509 3837 764 3905 nomine,
798 3837 1059 3910 Hugonis
1089 3842 1302 3893 sanctae
1333 3836 1601 3894 acclesiaa
1632 3841 1849 3894 Carno-

193 3928 386 3984 tensis
419 3926 790 3993 vicedomini,
823 3927 1000 3993 ﬁlius,
1026 3931 1230 3982 notum
1257 3942 1386 3982 esse
1415 3925 1540 3982 volo
1570 3931 1691 3981 tam
1714 3945 1852 3999 pre-

195 4017 473 4074 sentibus
505 4033 684 4088 quam
719 4017 949 4083 futuris,
967 4016 1113 4072 meis
1135 4015 1356 4072 scilicet
1387 4017 1848 4088 successoribus,

197 4107 268 4162 de
289 4104 560 4162 ecclesia
581 4105 767 4160 sancti
792 4105 1045 4172 Leobini,
1070 4122 1198 4176 quae
1219 4105 1278 4159 in
1303 4105 1506 4160 Braiao
1531 4110 1720 4161 castro
1751 4123 1849 4162 su-

197 4212 302 4267 per
331 4194 581 4249 ﬂuvium
615 4193 859 4250 Osannae
891 4193 1137 4249 fundata
1165 4197 1272 4260 est,
1307 4199 1365 4248 et
1397 4211 1430 4248 a
1461 4194 1676 4250 domno
1721 4211 1849 4251 meo

200 4283 525 4347 Willelmo,
557 4282 743 4354 ipsius
773 4283 946 4338 castri
978 4274 1384 4350 domino,cum
1410 4281 1540 4338 aliis
1571 4283 1745 4339 rebus
1773 4289 1852 4339 te-

200 4389 338 4428 nere
365 4372 602 4440 videor;
637 4372 709 4426 de
739 4371 887 4443 ipsa,
923 4371 1188 4442 inquam,
1222 4388 1356 4426 cum
1407 4387 1696 4428 consensu
1737 4371 1852 4427 mei

197 4462 494 4518 carissimi
521 4461 717 4515 fratris
740 4461 974 4516 nomine
997 4460 1277 4522 Guerrici,
1304 4461 1402 4532 qui
1427 4478 1582 4516 nunc
1604 4466 1692 4517 est
1721 4465 1851 4532 post

1981 548 2177 604 culum
2212 552 2371 616 anni,
2405 559 2600 624 preter
2629 559 2881 627 quatuor
2909 556 3106 621 festas,
3135 556 3195 611 in
3227 556 3444 629 quibus
3473 559 3621 616 duas

1980 643 2174 709 partes
2196 641 2498 697 offerenda:
2523 643 2716 700 adhuc
2737 643 2796 700 in
2820 646 3038 701 nostris
3054 645 3261 702 usibus
3283 647 3624 706 retinemus.

1980 726 2343 784 Dimittimus
2373 730 2546 788 etiam
2575 733 2930 790 calumniam
2974 735 3243 790 (ecclesiae
3293 737 3479 792 sancti
3513 739 3626 795 Ro-

1979 816 2158 883 mani,
2184 834 2311 889 quze
2341 824 2430 875 est
2461 820 2615 876 ultra
2647 822 2888 878 fluvium
2920 840 3098 894 supra
3131 830 3540 895 memoratum,
3562 831 3626 883 ut

1977 904 2176 960 nullus
2227 911 2564 964 nostrorum
2612 909 2892 966 heredum
2921 911 3236 984 quicquam
3269 914 3476 969 audeat
3507 933 3620 970 un—

1976 1011 2150 1066 quam
2182 995 2408 1068 exigere
2433 998 2504 1053 ab
2527 1016 2612 1061 ea,
2637 1001 2736 1056 sed
2761 1017 2886 1055 eam
2916 1000 3184 1057 monachi
3209 1019 3276 1057 ex
3295 1006 3415 1058 toto
3438 1005 3622 1075 possi-

1974 1083 2170 1150 deant,
2204 1085 2491 1142 mdiﬁcent
2522 1092 2578 1142 et
2607 1104 2810 1145 secure
2867 1088 3141 1145 habeant.
3179 1091 3363 1162 llujus
3420 1097 3616 1150 autem

1973 1171 2306 1230 donationis
2330 1179 2548 1230 cartam
2578 1181 2862 1244 nostram,
2891 1176 3156 1233 videlicet
3176 1177 3447 1250 jussione
3475 1181 3617 1237 scri-

1971 1263 2434 1333 ptam,manibus
2451 1265 2668 1321 nostris
2684 1265 3139 1339 nominibusque
3155 1269 3514 1326 corroborari
3524 1287 3616 1326 vo-

1969 1348 2283 1417 luimus,ut
2303 1368 2535 1425 semper
2555 1353 2832 1412 inviolata
2853 1359 2910 1412 et
2927 1354 3271 1412 inconvulsa
3292 1374 3528 1415 manere
3553 1360 3612 1414 in

1967 1438 2167 1494 secula
2192 1439 2402 1497 valeat.
2439 1463 2469 1491 »

2407 1531 2840 1588 .CAPITULUM
2871 1532 3160 1589 LXXXIX.

2135 1618 2208 1673 De
2235 1619 2462 1674 ecclesia
2488 1623 2668 1676 sancti
2698 1624 2926 1678 Leobini
2955 1621 3132 1678 Castri
3159 1624 3450 1682 Dunensis.

2558 1709 2724 1781 (Ante
2755 1728 2808 1765 a.
2845 1712 3026 1784 1080.)

2039 1818 2066 1845 ‹‹
2091 1796 2357 1852 Terrena:
2384 1796 2615 1865 divitiaz,
2648 1798 2802 1854 sicut
2831 1816 3054 1866 earum,
3086 1817 3187 1873 pro
3219 1800 3388 1857 libitu
3421 1804 3612 1860 carnis

1969 1901 2036 1940 ac
2067 1884 2487 1942 desideriorum
2519 1886 2682 1955 luxu,
2704 1887 3128 1961 proﬂigatores,
3147 1890 3219 1944 ad
3251 1889 3610 1948 infernorum

1969 1990 2208 2046 pmnas;
2241 1975 2346 2046 sic,
2380 1992 2482 2048 pro
2513 1976 2614 2031 Dei
2661 1993 2880 2046 amore,
2913 1975 3012 2049 qui
3067 1994 3166 2034 eas
3215 1978 3613 2052 indigentibus

1967 2063 2318 2136 largiuntur,
2343 2065 2414 2120 ad
2437 2069 2652 2120 aeterna
2673 2065 2964 2120 deducunt
2991 2066 3234 2138 premia.
3251 2069 3614 2141 Quapropter

1955 2167 2072 2225 ego
2102 2151 2450 2218 Willelmus,
2485 2153 2721 2210 honoris
2750 2154 2964 2227 Alogize
2995 2155 3291 2222 dominus,
3320 2162 3609 2229 quantum

1967 2242 2036 2296 ad
2062 2241 2243 2298 seculi
2273 2241 2617 2314 dignitatem
2649 2243 2875 2310 attinet,
2901 2243 3093 2300 clarus
3115 2245 3350 2316 quidem
3377 2262 3608 2319 genere,

1965 2331 2064 2386 sed
2091 2347 2263 2402 pravo
2287 2331 2676 2403 perobscurus
2706 2349 2898 2404 opere,
2922 2331 3074 2388 inter
3101 2332 3282 2408 hujus
3313 2334 3610 2408 ﬂuctivagi

1965 2419 2249 2492 procellas
2301 2419 2502 2487 seculi,
2536 2421 2719 2476 armis
2767 2421 3115 2492 praecinctus
3163 2421 3515 2480 militaribus
3543 2441 3608 2480 ac

1966 2507 2598 2580 mundanisinplicitus
2611 2509 2880 2580 negotiis;
2894 2509 3034 2564 dum
3048 2526 3273 2582 nequeo
3287 2510 3430 2568 meis
3443 2511 3611 2568 meri-

1961 2598 2203 2670 tis,quze
2226 2614 2404 2669 parva
2431 2596 2518 2652 vel
2549 2597 2751 2669 pocius
2783 2597 2943 2653 nulla
2975 2603 3134 2664 sunt,
3157 2598 3611 2656 innumerabilia

1965 2703 2090 2760 qua
2105 2686 2614 2742 cummisidiluere
2629 2687 3288 2753 facinora,donariorum
3310 2692 3607 2761 pertemp-

1961 2781 2024 2832 to
2047 2775 2454 2848 largitionibus
2473 2774 2774 2831 redimere.
2795 2774 2958 2831 Unde
2972 2776 3301 2831 ratumfore
3318 2776 3455 2831 duxi
3471 2777 3608 2833 bea-

1963 2869 2092 2920 tum
2122 2863 2373 2930 Petrum,
2395 2863 2792 2935 apostolorum
2826 2863 3170 2936 principem,
3191 2864 3285 2919 cui
3322 2864 3606 2922 Dominus

1963 2969 2084 3010 suae
2099 2952 2368 3008 ecclesiae
2383 2969 2582 3008 curam
2595 2951 2896 3008 cummisit
2908 2956 3081 3024 atque
3092 2952 3312 3025 ligandi
3325 2952 3609 3009 solvendi-

1961 3059 2077 3114 que
2089 3042 2316 3097 animas
2329 3044 2676 3114 potestatem
2691 3040 2954 3107 contulit,
2971 3040 3146 3096 michi
3161 3041 3603 3098 intercessorem

1962 3131 2189 3196 ascisci,
2214 3147 2465 3202 eumque
2495 3147 2565 3185 ex
2596 3130 2769 3185 rebus
2801 3129 3052 3202 propriis
3075 3128 3420 3200 placabilem
3455 3130 3601 3198 ﬁeri,

1880 3197 1923 3263 C
1962 3219 2055 3276 Sic
2085 3219 2240 3274 enim
2273 3197 2506 3274 Domini
2533 3217 2718 3273 nostri
2762 3197 3097 3290 praecipitur
3138 3217 3364 3291 eulogio
3395 3235 3409 3274 :
3443 3197 3603 3292 Date,

1961 3307 2174 3380 inquit,
2232 3315 2282 3363 et
2333 3306 2559 3362 dabitur
2617 3307 2800 3374 vobis;
2831 3311 2889 3362 et
2933 3306 3048 3362 alio
3093 3307 3150 3362 in
3196 3306 3321 3362 loco
3351 3324 3364 3362 :
3397 3310 3603 3378 Facite,

1959 3396 2171 3468 inquit,
2204 3398 2354 3452 vobis
2411 3397 2613 3451 amicos
2668 3395 2734 3450 de
2787 3411 3098 3450 mammona
3158 3396 3494 3466 iniquitatis,
3544 3405 3607 3454 ut

1958 3502 2082 3540 cum
2110 3485 2436 3557 defeceritis,
2466 3485 2735 3555 rccipiunt
2764 3500 2854 3539 vos
2877 3485 2946 3538 in
2971 3491 3182 3540 aeterna
3229 3483 3602 3541 tabernacula.

1959 3573 2480 3645 Itaque,annuente
2503 3571 2815 3628 venerabili
2840 3577 3025 3628 matre
3048 3589 3178 3628 mea
3202 3571 3608 3639 Mahildemna

1960 3678 2093 3717 cum
2119 3661 2430 3717 karissima
2450 3662 2698 3732 conjuge
2711 3660 3154 3724 Eustachia,seu
3177 3659 3376 3716 liberis
3391 3662 3607 3718 nostris

1960 3751 2153 3807 adhuc
2198 3749 2526 3816 infantulis,
2580 3750 2819 3820 Hugone
2877 3765 2943 3806 ac
3001 3748 3329 3818 Willelmo;
3364 3766 3468 3822 pro
3516 3767 3606 3806 re-

1961 3839 2294 3912 demptione
2325 3839 2561 3910 quidem
2584 3837 2916 3894 animarum
2939 3843 3371 3894 antecessorum
3387 3843 3610 3896 nostro-

1961 3946 2112 3996 rum,
2137 3945 2362 3984 necnon
2395 3933 2451 3983 et
2482 3944 2584 4000 pro
2611 3932 2811 3982 nostra
2843 3926 3260 3992 incolomitate,
3282 3927 3607 3984 concedens

1959 4019 2112 4074 dono
2144 4022 2200 4072 et
2231 4017 2457 4072 donans
2514 4015 2766 4070 concedo
2811 4015 2980 4071 beato
3027 4014 3190 4070 Petro
3223 4016 3506 4087 apostolo,
3540 4033 3606 4072 ac

1959 4107 2009 4178 ej
2020 4124 2088 4161 us
2101 4104 2402 4161 monachis
2415 4103 2524 4159 sibi
2539 4103 2880 4160 normaliter
2893 4103 3008 4158 fam
3016 4102 3315 4159 ulantibus
3329 4103 3386 4162 in
3409 4121 3607 4162 cceno-

1960 4195 2056 4250 bio
2087 4195 2242 4266 quod
2277 4211 2391 4248 non
2420 4193 2591 4266 longe
2621 4210 2654 4248 a
2688 4193 2981 4248 mmnibus
3012 4191 3321 4248 Carnotine
3349 4192 3514 4248 urbis
3533 4193 3608 4249 si-

1957 4286 2086 4338 tum
2121 4281 2566 4346 est,:ecclesiam
2601 4279 2823 4336 scilicet
2843 4279 3166 4336 beatissimi
3201 4280 3438 4336 Leobini
3464 4297 3605 4336 con-

1961 4372 2198 4428 fessoris
2227 4376 2284 4426 et
2311 4369 2567 4443 episcopi
2616 4369 2900 4442 praedictae
2945 4370 3130 4426 urbis.
3162 4371 3295 4435 Qum
3327 4369 3604 4437 zecclesia,

1961 4477 1994 4515 a
2014 4459 2204 4531 prisco
2226 4464 2508 4530 tempore,
2532 4457 2684 4513 intra
2705 4456 2924 4513 vallum
2944 4457 3128 4513 Castri
3160 4457 3313 4513 Duni
3337 4458 3608 4514 decenter

199 4550 386 4623 patris
403 4551 514 4605 mei
535 4549 1226 4617 mortem,vicedominus,
1234 4548 1598 4620 junioratum
1613 4549 1849 4621 quidem
1882 4569 1927 4632 D
1959 4552 2292 4604 constructa
2319 4547 2565 4613 videtur,
2600 4550 2772 4618 atque
2803 4563 2836 4601 a
2881 4546 3149 4618 patribus
3209 4545 3446 4614 nostris,
3471 4547 3607 4616 jure

195 4645 406 4697 sancto
421 4639 611 4708 Petro,
630 4655 695 4693 ac
707 4637 1134 4694 monachissibi
1153 4637 1647 4694 famulantibusin
1662 4655 1852 4693 emno-

195 4727 527 4801 bioipsius,
553 4728 706 4799 quod
740 4727 1013 4782 decenter
1033 4726 1090 4781 in
1115 4727 1396 4782 suburbio
1425 4726 1605 4782 situm
1634 4733 1723 4782 est
1753 4745 1850 4782 su-

197 4817 478 4891 pradictae
511 4815 781 4882 civitatis,
796 4815 1121 4871 concedens
1141 4832 1336 4871 annuo
1359 4819 1417 4870 et
1438 4832 1704 4871 annuens
1722 4832 1854 4871 con-

197 4906 484 4970 cedendo,
501 4922 603 4976 pro
617 4903 926 4960 animabus
940 4909 1246 4976 parentum
1264 4908 1847 4972 nostrorum,necnon

195 5000 254 5052 et
265 5012 370 5068 pro
385 4994 579 5049 salute
595 4998 712 5048 tam
731 4993 842 5048 mei
858 5010 1034 5066 quam
1050 4993 1245 5048 fratris
1258 4993 1702 5060 antenominati,
1721 5011 1848 5066 per-

195 5083 514 5157 petualiter
543 5082 795 5137 concedo
827 5099 841 5137 :
876 5098 968 5136 ea-
991 5081 1213 5137 scilicet
1267 5081 1414 5154 lege,
1450 5087 1513 5136 ut
1545 5083 1848 5154 presbiteri

196 5173 389 5246 ipsius
415 5171 692 5227 aacclcsize
723 5187 826 5226 nec
847 5188 883 5226 a
914 5187 1006 5226 me
1037 5187 1141 5226 nec
1172 5188 1206 5225 a
1236 5171 1382 5226 meis
1411 5171 1851 5227 successoribus

197 5262 317 5318 ullo
352 5262 534 5316 modo
589 5260 988 5326 dominentur,
1022 5264 1108 5314 set
1139 5261 1210 5314 ab
1241 5258 1386 5331 ipsis
1420 5259 1743 5325 monachis,
1777 5261 1849 5316 ab

197 5351 306 5410 hac
340 5349 439 5406 die
470 5349 532 5404 in
565 5355 752 5416 antea,
787 5347 1177 5403 mittanturin
1211 5347 1338 5419 ipsa
1369 5347 1851 5414 mcclesia,domi-

197 5444 416 5496 nentur
443 5444 502 5494 et
534 5438 866 5509 ejiciantur,
899 5438 947 5494 si
991 5438 1135 5492 forte
1201 5442 1556 5491 mereantur.
1590 5437 1852 5493 Habeant

193 5532 394 5585 tamen
419 5545 456 5583 a
477 5527 648 5583 nobis
671 5528 740 5582 de
761 5527 990 5583 decima
1015 5525 1285 5581 azcclesiae
1305 5543 1484 5597 quam
1511 5525 1850 5596 retinemus,

198 5632 303 5691 per
319 5615 594 5691 singulos
611 5633 812 5686 annos,
835 5617 990 5673 duos
1007 5613 1238 5670 modios
1250 5612 1423 5669 tritici
1437 5657 1451 5680 ,
1476 5611 1600 5668 sine
1622 5615 1742 5674 ulla
1757 5617 1852 5673 da-

1963 4637 2340 4702 hereditario,
2373 4652 2644 4708 possessa
2675 4639 2782 4690 est.
2815 4635 2895 4690 De
2927 4651 3044 4704 qua
3101 4635 3322 4689 donum
3373 4649 3608 4706 quoque

1961 4743 2140 4798 super
2182 4725 2370 4796 ipsius
2419 4721 2665 4796 apostoli
2713 4723 2892 4778 altare
2923 4721 3048 4777 VIII
3091 4721 3227 4778 idus
3267 4721 3605 4792 Decenbris,
3693 4751 3704 4756 -

1961 4815 2154 4888 posui,
2173 4831 2303 4870 cum
2327 4813 2586 4868 ﬁdelium
2617 4828 2882 4868 meorum
2903 4827 3174 4877 assensu,
3191 4809 3292 4882 qui
3313 4815 3450 4866 tunc
3465 4811 3608 4866 Car-

1963 4904 2116 4960 notis
2161 4906 2327 4958 erant
2357 4918 2608 4964 mecum,
2637 4917 2889 4973 quorum
2921 4899 3162 4954 nomina
3192 4899 3251 4954 in
3285 4899 3399 4955 ﬁne
3429 4899 3610 4972 hujus

1959 4991 2162 5064 scripti
2193 4990 2545 5046 notavimus.
2578 4989 2842 5044 Habeant
2873 5003 3030 5060 ergo,
3063 5005 3131 5043 ex
3160 4987 3270 5044 hac
3300 4987 3394 5044 die
3423 4986 3484 5042 in
3515 5005 3612 5044 an-

1960 5085 2072 5144 tea,
2089 5081 2339 5150 jureque
2360 5076 2708 5134 hereditario
2731 5075 3053 5147 supradicti
3071 5075 3342 5133 monachi
3365 5077 3611 5133 eandem

1961 5168 2283 5224 aacclesiam
2309 5167 2663 5240 possideant,
2678 5182 2810 5220 cum
2843 5164 3004 5221 omni
3030 5170 3240 5222 ornatu
3265 5166 3394 5237 ejus
3413 5164 3501 5222 vel
3522 5181 3613 5222 ro-

1963 5258 2076 5313 bus
2099 5255 2394 5325 omnibus,
2415 5262 2536 5312 tam
2562 5255 2721 5310 intus
2739 5271 2916 5326 quam
2949 5254 3109 5322 foris,
3127 5255 3196 5310 ad
3219 5255 3405 5326 ipsam
3437 5253 3614 5326 perti-

1965 5348 2264 5410 nentibus,
2298 5364 2424 5418 qua:
2456 5343 2800 5400 videlicetin
2828 5360 2957 5400 meo
2982 5343 3242 5398 dominio
3271 5342 3620 5398 videbantur

1966 5451 2114 5490 esse.
2177 5433 2438 5490 Concedo
2497 5432 2696 5500 etiam,
2750 5433 2920 5502 juxta
2970 5433 3213 5487 eandem
3274 5429 3616 5499 azcclesiam,

1969 5541 2134 5580 areas
2166 5540 2293 5594 quae
2351 5525 2631 5580 dicuntur
2687 5519 2913 5577 Arnulﬁ
2941 5538 2954 5587 ;
2989 5535 3214 5576 necnon
3247 5523 3304 5573 et
3333 5519 3620 5573 Bovonem

1971 5612 2241 5685 militem,
2270 5630 2403 5670 cum
2425 5626 2536 5668 suo
2561 5609 2710 5680 fevo,
2733 5607 2871 5682 quid
2893 5607 2964 5664 ad
2996 5606 3403 5681 supradictam
3435 5604 3627 5660 accele-
