3988 6072
417 329 535 392 339

1306 325 1542 391 PAULI
1583 324 1649 388 S.
1691 325 1928 388 PETRI
1970 321 2503 386 CARNOTENSIS
2547 319 2933 388 MONACHI:

3697 320 3820 384 340

417 464 567 520 siam
595 460 882 536 pertinere
911 461 1193 518 noscitur.
1227 461 1286 518 Si
1315 465 1510 516 tamen
1541 459 1667 532 ipse
1703 462 1927 514 vertere
1954 473 2059 513 vo-
2084 458 2138 524 Α
2167 455 2466 512 struendis
2489 453 2738 510 ofﬁcinis
2759 454 3274 524 monachorum,et
3292 454 3528 512 hortum
3551 453 3795 528 plantan

416 551 610 617 luerit,
644 550 901 607 decimas
930 551 1180 622 denique
1219 554 1395 622 atque
1426 565 1638 604 census
1670 547 1741 602 ad
1774 546 2059 618 prefatam

417 640 736 697 ecclesiam
767 637 1122 712 pertinentes
1151 638 1341 695 libens
1385 638 1658 702 concedo,
1692 640 1756 690 ut
1787 653 1821 690 a
1851 652 2056 690 mona-

416 731 564 797 chis,
594 728 686 785 vel
735 727 995 802 precario
1045 727 1132 784 vel
1166 725 1380 800 precio,
1415 725 1779 782 redimantur
1808 725 1882 780 ab
1914 723 2059 796 ipsis

417 817 704 876 militibus
724 815 824 889 qui
847 834 914 872 ex
934 820 1130 873 nostro
1157 816 1436 872 beneficio
1447 815 1718 870 videntur
1738 813 2052 886 possidere.

419 910 548 965 Haec
569 907 724 964 enim
748 906 944 963 omnia
965 906 1276 978 perexigua
1297 908 1434 961 sunt
1457 921 1470 958 :
1495 902 1890 959 terrenaenim
1917 907 2059 958 sunt

419 1002 592 1071 atque
625 996 979 1062 transitura;
1013 994 1269 1051 coelestia
1295 1008 1525 1066 quoque
1553 992 1639 1048 vel
1667 997 1882 1048 aaterna
1911 990 2058 1046 emi-

419 1087 685 1143 nentiora
711 1089 769 1140 et
799 1085 1022 1156 potiora
1053 1088 1208 1151 sunt,
1244 1101 1392 1156 quas,
1418 1081 1644 1138 Christo
1677 1080 1927 1154 presule,
1955 1097 2056 1152 pro

418 1176 510 1231 his
541 1171 803 1230 miminis
831 1172 890 1228 in
925 1174 1116 1228 futuro
1151 1172 1518 1244 recipiemus.
1554 1169 1773 1226 Profuit
1799 1169 1954 1224 enim
1982 1169 2061 1222 vi-

417 1264 565 1332 duae,
599 1264 670 1318 de
700 1278 817 1334 qua
844 1260 1078 1334 legitur,
1113 1262 1268 1333 quod
1300 1261 1361 1316 in
1409 1259 1626 1330 templo
1684 1258 1898 1314 obtulit
1942 1259 2058 1314 duo

416 1352 673 1420 minuta;
707 1351 926 1424 profuit
954 1354 1012 1406 et
1039 1349 1201 1406 danti
1232 1366 1395 1421 aquae
1427 1347 1648 1421 frigida:
1679 1346 1849 1403 calix.
1870 1347 2058 1419 Hujus

415 1458 551 1515 ergo
581 1440 909 1514 largitionis
941 1440 1182 1504 donum,
1203 1443 1268 1494 ut
1291 1439 1527 1494 firmum
1558 1441 1616 1492 et
1643 1435 2057 1492 inconvulsum

414 1533 771 1604 permaneat,
797 1529 964 1603 signo
993 1528 1206 1594 crucis,
1230 1526 1504 1583 manibus
1537 1525 2059 1598 propriis,firmare

413 1619 637 1687 censui,
671 1607 1056 1690 meorumque
1083 1615 1347 1674 ﬁdelium
1379 1616 1655 1672 manibus
1686 1615 1939 1688 propriis
1969 1615 2061 1670 fir-

415 1708 698 1766 mandum
710 1707 1203 1780 tradidi,quorum
1216 1705 1392 1762 etiam
1407 1705 1644 1760 nomina
1670 1721 1737 1760 su
1745 1703 1982 1760 bterscri
1993 1721 2056 1776 p-

411 1797 880 1854 tainveniuntur.
895 1796 1056 1863 Quod
1071 1795 1119 1852 si
1133 1795 1265 1868 quis
1290 1795 1605 1868 aliquando
1628 1793 1766 1848 huic
1780 1809 1920 1848 meze
1941 1792 2057 1848 lar-

413 1886 637 1961 gitioni,
673 1884 887 1942 diaboli
936 1885 1240 1951 instinctu,
1291 1883 1578 1940 contraire
1636 1882 1804 1938 nisus
1862 1881 2056 1949 fuerit,

414 1975 527 2032 nisi
557 1975 674 2031 cito
703 1973 1032 2047 resipuerit,
1065 1972 1538 2047 praesumptionis
1569 1989 1689 2028 suae
1717 1971 1946 2026 veniam
1968 1986 2062 2043 pe-

414 2069 564 2131 tens,
599 2081 734 2118 cum
791 2063 1018 2119 Dathan
1077 2067 1134 2118 et
1187 2062 1426 2126 Abiron,
1488 2078 1636 2133 quos
1694 2065 1849 2117 terra
1899 2059 2060 2116 vivos

414 2152 738 2219 obsorbuit,
773 2168 906 2207 cum
938 2152 1178 2218 Herode,
1203 2152 1582 2206 innocentum
1616 2149 2060 2217 laniatore,cum

413 2241 568 2299 Juda
595 2241 1129 2313 proditore,etcum
1154 2239 1246 2296 his
1278 2239 1378 2312 qui
1409 2239 1709 2295 Christum
1742 2239 2056 2294 Dominum

413 2329 850 2398 cruciﬁxerunt,
884 2331 942 2386 in
1001 2329 1228 2385 inferno
1275 2333 1498 2396 trusus,
1535 2344 1732 2400 pzsnas
1759 2327 1923 2394 luat;
1958 2327 2058 2383 ubi

413 2419 625 2492 anguis
655 2419 898 2492 gulosus
928 2433 1044 2475 non
1077 2418 1342 2480 moritur.
1359 2434 1464 2473 nec
1494 2432 1668 2473 vorax
1697 2415 1851 2488 ignis
1881 2416 2060 2472 extin-

411 2507 633 2583 guitur,
667 2525 772 2564 nec
802 2509 1022 2564 umbras
1055 2507 1259 2564 mortis
1289 2507 1524 2572 desunt,
1557 2523 1662 2562 nec
1693 2505 1879 2577 caligo
1907 2509 2060 2561 tene-

411 2598 674 2654 brarum.
707 2598 766 2654 8.
803 2596 1098 2664 Mahildis,
1159 2596 1363 2651 matris
1421 2595 1718 2650 Willelmi.
1769 2595 1827 2650 S.
1871 2593 2057 2666 ipsius

410 2685 713 2743 Willelmi.
736 2687 1084 2754 Eustachim,
1107 2685 1375 2758 conjugis
1399 2685 1546 2756 ejus.
1572 2683 1891 2740 S.filiorum
1905 2684 2056 2754 ejus,

412 2775 676 2847 Hugonis
705 2779 763 2832 et
791 2774 1090 2832 Willelmi.
1124 2773 1480 2831 S.Willelmi
1513 2775 1583 2830 de
1615 2774 1810 2829 Monte
1841 2773 2052 2828 Boone.

411 2864 731 2921 Gausfridi.
764 2864 1006 2922 Warini.
1039 2864 1346 2921 Osmundi.
1379 2861 1706 2919 Guarnerii.
1757 2860 2052 2917 Anisardi.

410 2953 696 3026 Hugonis,
731 2953 835 3008 filii
880 2951 1221 3009 B'urchardi.
1257 2951 1546 3016 Rainaldi,
1580 2949 1685 3006 ﬁlii
1734 2949 2051 3006 Gausfridi.

412 3041 667 3108 Radulﬁ,
700 3042 804 3097 filii
863 3041 1164 3096 Willelmi.
1216 3040 1509 3098 Gausfridi
1568 3041 1638 3095 de
1696 3039 2051 3096 Salmeredo.

410 3128 628 3186 Odonis
655 3131 939 3188 Cratonis.
972 3130 1248 3187 Willelmi
1300 3131 1370 3186 de
1410 3130 1604 3186 Monte
1651 3129 1925 3184 Mirabili.
1959 3128 2052 3185 Ci-

2169 545 2260 600 dis
2287 544 2594 610 arboribus
2625 547 2682 600 et
2711 543 2927 610 herbis,
2959 548 3017 600 et
3048 548 3262 600 terram
3307 544 3484 600 aratri
3516 543 3729 613 unius;
3765 550 3823 600 et

2169 632 2570 689 molendinum
2599 632 2811 705 Spinm,
2845 637 2905 688 et
2935 633 3243 688 dimidiam
3275 632 3574 689 clusuram
3603 632 3819 701 vineae;

2167 727 2224 778 et
2252 722 2532 794 quicquid
2587 721 2928 778 hominibus
2961 722 3180 778 nostris
3209 738 3277 778 ex
3307 722 3509 778 eodem
3541 722 3824 778 beneficio

2168 813 2379 867 addere
2403 810 3266 883 placuerit,annuimus.Testes
3289 809 3470 883 hujus
3491 810 3826 866 donationis

2169 906 2306 957 sunt
2329 900 2413 956 hii
2439 917 2451 956 :
2479 899 2864 973 Ingelrannus
2888 899 3168 967 decanus,
3194 898 3519 954 Adelardus
3543 899 3828 955 subdeca-

2167 1007 2300 1057 nus,
2323 987 2629 1044 Ascelinus
2651 987 2832 1043 Britto
2859 1005 2872 1056 ;
2907 988 3290 1058 Gausbertus,
3315 988 3596 1060 magister
3623 987 3782 1044 scole
3807 1006 3821 1057 ;

2169 1077 2478 1133 Bernerius
2511 1076 2850 1144 canonicus,
2886 1077 3169 1148 Gerogius
3201 1075 3547 1143 canonicus;
3573 1076 3823 1132 Fulche-

2168 1166 2314 1232 rius,
2341 1165 2499 1221 filius
2530 1164 2854 1232 Nivelonis;
2881 1163 3198 1221 Gauslinus
3229 1165 3300 1221 de
3329 1165 3561 1236 Leugis,
3585 1169 3642 1220 et
3661 1165 3822 1221 filius

2166 1255 2296 1326 ejus
2318 1253 2663 1321 Gauslinus;
2681 1251 3188 1320 Rainaldusﬁlius
3213 1251 3428 1308 Flealdi
3447 1270 3460 1320 ;
3477 1251 3820 1319 Gauslinus,

2166 1344 2324 1399 filius
2345 1342 2671 1411 Gausfridi;
2697 1341 3227 1415 IngenulfusJilius
3245 1340 3482 1398 Norbeti
3499 1358 3514 1410 ;
3529 1340 3821 1398 Ansoldus

2166 1433 2238 1488 de
2267 1431 2533 1505 Mungeri
2562 1431 2712 1487 Villa
2737 1432 2906 1504 (211).
2944 1453 2973 1481 ››

2693 1538 3114 1595 CAPITULUM
3155 1539 3288 1594 XCI.

2165 1630 2239 1686 De
2285 1630 2496 1685 vicaria
2550 1629 2759 1686 Imonis
2819 1628 2994 1694 Villae,
3042 1635 3095 1684 et
3140 1627 3206 1684 de
3249 1629 3534 1683 calumnia
3583 1627 3820 1684 duorum

2236 1703 2664 1829 p’grlipennorum
2717 1701 2896 1757 vineae
2943 1714 3070 1772 quae
3097 1708 3176 1756 est
3197 1700 3363 1772 juxta
3391 1703 3654 1757 Sanctum
3679 1705 3820 1757 Bar-

2274 1789 2324 1830 w
2349 1789 2585 1829 omeum.

2755 1860 2846 1932 (26
2877 1876 3008 1916 nov.
3047 1860 3232 1930 1077.)

2243 1972 2271 2002 ‹‹
2302 1949 2609 2018 Omnibus,
2634 1954 2748 2005 tam
2773 1949 3144 2021 presentibus
3165 1965 3341 2021 quam
3357 1948 3590 2020 futuris,
3604 1953 3820 2008 sanctas

2168 2039 2269 2095 Dei
2296 2038 2565 2094 ecclesia)
2598 2037 2890 2107 ﬁdelibus,
2925 2054 3031 2093 nos
3085 2037 3358 2093 monachi
3420 2037 3605 2093 sancti
3666 2039 3820 2096 Petri

2167 2127 2538 2184 Carnotensis
2568 2127 2837 2197 ccsnobii,
2876 2131 3076 2183 notum
3108 2143 3236 2184 esse
3265 2126 3630 2194 volumus,in
3663 2145 3817 2185 anno

2167 2217 2406 2290 quidem
2429 2234 2544 2290 quo
2566 2216 2748 2272 nostri
2767 2215 3342 2288 canobiiediumque
3355 2221 3692 2272 nostrarum
3708 2221 3820 2274 tec-

2167 2311 2228 2363 ta
2249 2322 2422 2362 vorax
2447 2305 2886 2378 cunsumpserit
2913 2305 3503 2378 flamma,VIquoque
3533 2305 3817 2363 kalendas

2167 2395 2468 2452 Decembr.
2483 2397 2652 2465 (212),
2669 2394 2822 2467 quod
2848 2394 3155 2462 Robertus,
3183 2395 3524 2466 pronomine
3538 2394 3814 2468 Aculeus,

2164 2485 2442 2540 vicariam
2466 2489 2676 2540 nostra:
2701 2489 2866 2540 terrae
2888 2485 2960 2540 de
2987 2483 3203 2540 lmonis
3216 2481 3570 2556 Villa,quam
3596 2483 3818 2556 injuste

2167 2574 2522 2647 possidebat,
2543 2578 2745 2629 sancto
2768 2573 2932 2628 Petro
2955 2571 3196 2639 dimisit,
3211 2589 3618 2645 guerpumque
3639 2590 3821 2648 super

2166 2662 2345 2719 altare
2383 2663 2511 2734 ejus
2561 2661 2792 2734 publice
2843 2660 3081 2734 posuit;
3115 2660 3471 2717 calumniam
3504 2679 3740 2734 quoque
3772 2664 3821 2720 II

2165 2752 2516 2824 agripennos
2533 2750 2733 2820 vineas,
2754 2750 2854 2822 qui
2868 2751 3040 2822 juxta
3071 2749 3268 2806 Sancti
3299 2750 3648 2807 Bartolomei
3678 2757 3821 2808 sunt

2165 2841 2542 2908 cimiterium,
2567 2840 2626 2895 in
2659 2840 2846 2912 capite
2879 2839 3101 2896 scilicet
3131 2839 3313 2894 nostri
3346 2838 3817 2911 clausi,missam

2167 2930 2320 2998 fecit,
2342 2930 2476 2986 inde
2495 2929 2742 2985 fratrum
2767 2929 3059 2985 orationes
3090 2928 3383 3002 accipiens
3403 2933 3574 3002 atque
3595 2946 3816 3002 equum

2165 3037 2372 3086 unum,
2395 3019 2468 3074 VI
2501 3017 2684 3074 libras
2714 3017 3026 3074 valentem.
3049 3018 3251 3074 Adfuit
3272 3035 3407 3074 cum
3434 3035 3498 3074 eo
3518 3018 3816 3076 Ansoldus

2165 3110 2235 3164 de
2267 3107 2552 3181 Mungerii
2581 3106 2774 3176 Villa;
2811 3107 3132 3164 Rainaldus
3189 3111 3246 3164 et
3304 3107 3482 3163 frater
3527 3108 3678 3180 ejus,
3711 3108 3816 3164 filii

409 3219 566 3274 rardi
597 3219 870 3276 Brunelli.
904 3217 1792 3276 Willelmi.Bernerii.Gauslini.
1826 3217 2050 3291 Helgot.
2084 3194 2126 3262 C
2163 3197 2448 3291 Ῡναῐιςπίί·
2483 3196 2802 3291 Nobiscum}
2832 3213 2963 3291 νθιζξ)
3013 3195 3810 3291 Lauregtiflscubicylsrius.

408 3307 693 3376 Walterii,
723 3308 827 3364 filii
875 3307 1214 3364 Burchardi.
1263 3307 1579 3380 Hildegarii
1635 3305 2048 3364 archidiaconi.

408 3395 677 3452 Rainaldi
725 3396 950 3453 decani.
1001 3396 1207 3452 Vitatis
1263 3396 1589 3468 presbiteri.
1641 3395 1920 3452 Bernardi
1981 3396 2052 3452 de

407 3483 606 3541 Buslo.
642 3484 874 3541 Radulﬁ
921 3485 1115 3541 Nothi.
1149 3485 1420 3542 Landrici
1478 3485 1549 3541 de
1605 3483 1895 3540 Toriellis.
1929 3484 2050 3541 Odo

407 3571 660 3629 Radulfi.
693 3573 1008 3631 Gausfridi.
1045 3573 1284 3629 Letaldi.
1322 3595 1350 3623 ››

949 3661 1366 3718 CAPITULUM
1403 3661 1514 3717 XC.

841 3755 924 3808 De
949 3750 1172 3808 ecclesia
1208 3753 1449 3808 Troianis
1479 3752 1607 3807 vici.

992 3843 1158 3914 (Ante
1190 3858 1242 3897 a.
1279 3841 1464 3909 1080.)

454 3953 484 3981 α
499 3930 1048 3998 Salomon,monens
1060 3947 1293 3986 omnem
1308 3928 1604 3985 hominem
1620 3945 1822 3984 curam
1838 3929 2045 3985 animas

400 4036 541 4088 suae,
577 4019 718 4074 dum
767 4019 926 4081 vivit.
959 4018 1209 4074 habere:
1244 4017 1624 4090 Quodcumque
1650 4025 1820 4090 potest
1847 4035 2046 4075 manus

399 4113 514 4174 tua,
547 4105 650 4174 ait,
681 4109 878 4178 facere,
912 4108 1180 4162 instanter
1205 4122 1467 4178 operare,-
1498 4106 1630 4178 qaia
1657 4121 1756 4160 nec
1783 4121 2048 4176 opus,nec

396 4197 557 4261 ratio,
590 4211 690 4250 nec
714 4196 988 4267 sapientia
1013 4197 1121 4251 erit
1177 4195 1322 4267 apud
1369 4195 1594 4266 inferos,
1626 4209 1734 4265 quo
1764 4200 1824 4249 lu
1848 4211 2044 4267 prope-

394 4299 487 4340 ras
513 4283 682 4356 (210).
718 4283 882 4340 Unde
938 4300 1043 4356 ego
1097 4283 1430 4348 Wenricus,
1483 4299 1618 4338 cum
1681 4282 1858 4338 fratre
1913 4301 2042 4341 meo

393 4371 652 4441 Alberto,
683 4377 881 4429 votum
937 4373 1120 4445 patris
1164 4372 1350 4429 nostri
1399 4372 1575 4444 quod,
1608 4371 1750 4427 dum
1809 4371 2040 4440 viveret,

394 4460 617 4518 solvere
672 4460 1014 4527 induciavit,
1045 4461 1168 4517 vice
1201 4461 1389 4533 ipsius
1420 4459 1804 4532 perﬁcientes,
1839 4467 2041 4518 sancto

2163 3287 2454 3343 Laurinus
2511 3302 2728 3360 agaso;
2762 3285 3024 3342 Gaudius
3081 3288 3138 3342 et
3193 3285 3515 3355 Teduinus,
3559 3285 3810 3357 fratres;

2161 3376 2494 3449 Stephanus
2525 3377 2735 3447 major,
2767 3379 2825 3430 et
2854 3375 3067 3431 caeteri.
3101 3396 3130 3426 ››

2671 3480 3090 3538 CAPITULUM
3128 3480 3294 3538 XCII.

2549 3576 2628 3628 De
2653 3571 2876 3628 ecclesia
2901 3572 3216 3644 Superioris
3245 3569 3414 3628 Croti.

2739 3660 2928 3730 (Circa
2957 3676 3009 3716 a.
3042 3660 3227 3726 1080.)

2232 3772 2260 3801 ‹‹
2290 3751 2504 3806 Notum
2531 3765 2660 3806 esse
2690 3748 2964 3806 volumus
2995 3765 3103 3804 nos
3134 3748 3406 3805 monachi
3435 3748 3623 3806 sancti
3655 3749 3814 3806 Petri

2156 3839 2402 3896 ccsnobii
2457 3838 2832 3895 Carnotensis
2879 3837 3110 3894 cunctis
3154 3841 3372 3894 sanctae
3403 3837 3504 3894 Dei
3535 3837 3812 3895 ecclesia

2155 3927 2449 3996 ﬁdelibus,
2508 3945 2542 3983 a
2599 3927 2904 3983 monachis
2979 3925 3168 3982 sancti
3254 3926 3490 3982 Martini
3569 3927 3815 3999 Majoris

2155 4016 2494 4074 Monasterii
2552 4017 2868 4090 quamdam
2922 4015 3268 4082 ascclesiam,
3299 4016 3475 4072 sitam
3524 4015 3585 4071 in
3637 4015 3815 4074 Croto

2153 4105 2438 4178 superiori
2496 4123 2674 4178 super
2730 4105 2969 4160 ﬂuvium
3031 4105 3303 4172 Auduraa,
3353 4103 3493 4160 olim
3543 4109 3812 4177 emptam

2152 4195 2334 4252 fuisse
2383 4196 2454 4251 ab
2515 4196 2723 4251 abbate
2778 4193 3086 4262 Landrico,
3139 4193 3468 4250 faventibus
3525 4194 3812 4252 fratribus

2150 4285 2222 4340 de
2277 4302 2529 4357 quorum
2587 4282 2937 4356 patrimonio
2997 4283 3210 4351 fuerat,
3255 4281 3499 4338 Arraldo
3557 4281 3808 4352 scilicet,

2151 4374 2440 4430 Richardo
2499 4377 2556 4428 et
2611 4373 2924 4438 Bernardo,
2985 4371 3086 4444 qui
3144 4371 3295 4428 hanc
3352 4371 3542 4444 ipsam
3598 4377 3808 4429 sancto

2150 4462 2400 4518 Martino
2442 4462 2842 4529 vendiderant,
2877 4461 3205 4517 faventibus
3258 4460 3492 4516 domuis
3533 4461 3604 4517 de
3650 4478 3806 4533 quo-

394 4549 560 4607 Petro
581 4550 984 4607 contradimus
1010 4549 1332 4606 ecclesiam
1355 4548 1637 4619 Treionis,
1657 4565 1784 4622 quas
1805 4549 2038 4607 titulata
2067 4568 2113 4632 Ι)
2148 4569 2280 4607 rum
2367 4551 2646 4606 beneﬁcio
2712 4555 2832 4606 tres
2901 4549 3224 4622 supradicti
3295 4549 3504 4606 fratres
3587 4554 3794 4606 tenue-

391 4643 481 4695 est
513 4639 624 4695 sub
669 4639 886 4696 honore
933 4639 1118 4696 sancti
1168 4638 1270 4695 Dei
1301 4637 1619 4711 genitricis,
1643 4654 1746 4709 pro
1777 4639 2031 4695 remedio

390 4728 655 4799 ejusdem
689 4728 874 4800 patris
904 4728 1109 4794 nostri,
1142 4731 1199 4783 et
1229 4731 1665 4782 antecessorum
1697 4730 2031 4784 nostrorum

389 4820 564 4886 atque
585 4821 940 4872 nostrarum.
966 4819 1150 4882 Quam
1172 4816 1314 4888 quia
1340 4815 1584 4871 liberam
1607 4815 1679 4870 ab
1701 4816 1860 4870 omni
1896 4833 2034 4889 pon-

388 4904 590 4960 tiﬁcali
610 4905 905 4961 exactione
927 4905 1316 4976 possedimus,
1339 4907 1577 4975 excepta
1605 4903 1897 4960 crismatis
1927 4906 2030 4962 da-

388 4991 544 5047 tione
564 4996 620 5046 et
641 4993 911 5048 acclesiaa
940 4993 1428 5057 reconciliatione,
1461 4991 1543 5047 ita
1571 4992 1770 5057 etiam,
1808 4999 2030 5050 remoto

385 5079 805 5152 impedimento
864 5080 1073 5137 talium
1123 5083 1512 5154 negotiorum,
1546 5087 1747 5138 sancto
1776 5081 1938 5138 Petro
1971 5087 2030 5138 et

386 5168 605 5234 abbati,
629 5168 1024 5242 fratribusque
1048 5169 1190 5225 inibi
1211 5170 1326 5226 Deo
1349 5169 1756 5236 servientibus,
1782 5169 2024 5227 liberam

385 5256 759 5314 atribuimus.
793 5257 1040 5330 Insuper
1087 5258 1264 5314 etiam
1313 5258 1603 5315 adicimus
1645 5259 1858 5315 curtim
1888 5277 2026 5316 con-

455 5401 605 5467 (“210)
638 5399 812 5468 Eccl.,
845 5417 923 5467 Ix,
959 5401 1045 5456 10.

452 5474 610 5544 (211)
630 5470 970 5544 Sequuntur
996 5471 1056 5527 in
1088 5469 1197 5526 hoc
1226 5471 1352 5526 cod.
1387 5471 1429 5544 Β
1461 5471 1670 5544 chartae
1701 5473 1828 5528 duzs
1851 5475 1921 5530 de
1940 5474 2019 5529 vi-

380 5542 826 5618 caria_Mitta'nis
844 5542 1026 5612 Villae,
1052 5558 1200 5616 quas
1221 5543 1492 5616 superius
1517 5543 1830 5612 edidimus,
1846 5563 1902 5618 p.
1920 5546 2022 5602 194

377 5617 439 5668 et
466 5615 590 5670 495.

2147 4645 2297 4696 rant.
2338 4639 2574 4707 Verum,
2627 4639 2763 4711 quia
2819 4646 3132 4712 paupertas
3190 4655 3422 4711 semper
3473 4638 3793 4696 claudicat.

2139 4729 2418 4785 Arraldus
2460 4745 2703 4801 persepe
2752 4728 2977 4784 reditus
3006 4727 3278 4784 sscclesize
3305 4728 3365 4782 in
3397 4728 3524 4783 suis
3556 4727 3790 4798 usibus,

2138 4817 2325 4873 victus
2355 4817 2573 4889 inopia,
2605 4821 2665 4872 et
2702 4817 2872 4872 nobis
2929 4815 3128 4872 invitis
3187 4816 3494 4884 retinebat,
3528 4815 3794 4874 obiciens

2138 4907 2197 4962 in
2230 4906 2609 4962 conventione
2640 4907 2759 4960 fore
2792 4906 3036 4961 eandem
3084 4904 3405 4961 aecclesiam
3437 4909 3702 4960 cemento
3731 4912 3794 4962 et

2135 4995 2328 5067 lapide
2349 5013 2383 5050 a
2403 4994 2572 5051 nobis
2594 4994 2803 5050 debere
2833 4995 2979 5050 fieri.
3008 4996 3388 5066 Quapropter,
3415 4993 3618 5050 multis
3647 4993 3792 5050 vici-

2135 5085 2248 5140 bus
2278 5101 2312 5140 a
2341 5084 2510 5140 nobis
2538 5083 3078 5140 excommunicatus
3117 5088 3291 5156 atque
3321 5084 3558 5148 iterum,
3591 5083 3790 5155 specie

2132 5177 2306 5229 tenus
2337 5173 2640 5246 usurpatis
2667 5173 2842 5229 rebus
2865 5171 3496 5240 dimissis,absolutus;
3519 5173 3787 5240 tandem,

2134 5262 2382 5334 sapienti
2413 5279 2560 5319 usus
2599 5261 2865 5330 consilio,
2898 5261 2959 5317 in
2991 5278 3117 5318 sese
3147 5278 3433 5331 reversus,
3476 5261 3549 5317 ad
3580 5259 3792 5318 limina

2205 5405 2356 5473 (212)
2377 5405 2538 5470 Quod
2572 5403 2930 5472 incendium,
2957 5407 3024 5460 ut
3051 5403 3278 5460 dicetur
3305 5403 3783 5472 inferius,c.104,

2134 5475 2340 5531 incidit
2368 5476 2426 5530 in
2478 5492 2698 5531 annum
2759 5475 3012 5547 primum
3063 5475 3788 5547 Gausfridi,Carnot-ensis

2135 5547 2389 5619 episcopi
2408 5566 2421 5616 ;
2447 5548 2506 5602 in
2525 5546 2848 5619 secundum
2869 5553 3064 5603 autem
3083 5553 3216 5605 ante
3235 5546 3532 5604 Eustachii
3548 5546 3787 5604 abbatis

2136 5617 2498 5688 electionem,
2533 5617 2572 5674 i.
2605 5634 2657 5676 e.
2691 5618 2748 5674 in
2782 5635 2836 5676 a.
2872 5619 3029 5674 1077.
