  <div class='ocr_page' id='page_1' title='image "/cluster/home/n/w/nwhite01/storage/ocr_20150623/155/hvd.32044054760137/174.png"; bbox 0 0 3988 6072; ppageno 0'>
   <div class='ocr_carea' id='block_1_1' title="bbox 231 305 352 372">
    <p class='ocr_par' dir='ltr' id='par_1_1' title="bbox 231 305 352 372">
     <span class='ocr_line' id='line_1_1' title="bbox 231 305 352 372; baseline -0.017 0"><span class='ocrx_word' id='word_1_1' title='bbox 231 305 352 372; x_wconf 74' lang='grc'>341</span> 
     </span>
    </p>
   </div>
   <div class='ocr_carea' id='block_1_2' title="bbox 861 306 3033 374">
    <p class='ocr_par' dir='ltr' id='par_1_2' title="bbox 861 306 3033 374">
     <span class='ocr_line' id='line_1_2' title="bbox 861 306 3033 374; baseline 0 -4"><span class='ocrx_word' id='word_1_2' title='bbox 861 307 1114 372; x_wconf 82' lang='lat' dir='ltr'>VETUS</span> <span class='ocrx_word' id='word_1_3' title='bbox 1158 307 1445 371; x_wconf 84' lang='lat' dir='ltr'>AGANO.</span> <span class='ocrx_word' id='word_1_4' title='bbox 1482 339 1559 353; x_wconf 92' lang='lat'>-—</span> <span class='ocrx_word' id='word_1_5' title='bbox 1585 307 1731 369; x_wconf 89' lang='lat' dir='ltr'>LIB.</span> <span class='ocrx_word' id='word_1_6' title='bbox 1778 306 1908 370; x_wconf 84' lang='lat' dir='ltr'>VII.</span> <span class='ocrx_word' id='word_1_7' title='bbox 1955 307 2397 372; x_wconf 79' lang='lat' dir='ltr'>LANDRICUS</span> <span class='ocrx_word' id='word_1_8' title='bbox 2441 309 2544 374; x_wconf 82' lang='lat' dir='ltr'>ET</span> <span class='ocrx_word' id='word_1_9' title='bbox 2587 309 3033 372; x_wconf 75' lang='lat' dir='ltr'>HUBEB&#39;I‘US.</span> 
     </span>
    </p>
   </div>
   <div class='ocr_carea' id='block_1_3' title="bbox 3530 305 3649 372">
    <p class='ocr_par' dir='ltr' id='par_1_3' title="bbox 3530 305 3649 372">
     <span class='ocr_line' id='line_1_3' title="bbox 3530 305 3649 372; baseline 0.017 -2"><span class='ocrx_word' id='word_1_10' title='bbox 3530 305 3649 372; x_wconf 64' lang='lat'><strong>342</strong></span> 
     </span>
    </p>
   </div>
   <div class='ocr_carea' id='block_1_4' title="bbox 231 440 3647 517">
    <p class='ocr_par' dir='ltr' id='par_1_4' title="bbox 231 440 3647 517">
     <span class='ocr_line' id='line_1_4' title="bbox 231 440 3647 517; baseline 0 -16"><span class='ocrx_word' id='word_1_11' title='bbox 231 443 428 501; x_wconf 79' lang='lat' dir='ltr'>sancti</span> <span class='ocrx_word' id='word_1_12' title='bbox 463 440 612 500; x_wconf 89' lang='lat' dir='ltr'>Petri</span> <span class='ocrx_word' id='word_1_13' title='bbox 644 441 823 511; x_wconf 85' lang='lat' dir='ltr'>venit,</span> <span class='ocrx_word' id='word_1_14' title='bbox 856 458 991 498; x_wconf 89' lang='lat' dir='ltr'>cum</span> <span class='ocrx_word' id='word_1_15' title='bbox 1030 442 1298 514; x_wconf 85' lang='lat' dir='ltr'>conjuge,</span> <span class='ocrx_word' id='word_1_16' title='bbox 1333 441 1569 498; x_wconf 83' lang='lat' dir='ltr'>nomine</span> <span class='ocrx_word' id='word_1_17' title='bbox 1615 441 1887 510; x_wconf 75' lang='lat' dir='ltr'>Adelidae,</span> <span class='ocrx_word' id='word_1_18' title='bbox 1919 440 1977 510; x_wconf 82' lang='grc' dir='ltr'><strong>Α</strong></span> <span class='ocrx_word' id='word_1_19' title='bbox 2008 443 2169 515; x_wconf 82' lang='lat' dir='ltr'>Hugo</span> <span class='ocrx_word' id='word_1_20' title='bbox 2202 442 2526 510; x_wconf 90' lang='lat' dir='ltr'>Drocensis,</span> <span class='ocrx_word' id='word_1_21' title='bbox 2560 445 2962 517; x_wconf 90' lang='lat' dir='ltr'>patrocinante</span> <span class='ocrx_word' id='word_1_22' title='bbox 2995 443 3248 500; x_wconf 80' lang='lat' dir='ltr'>Huberto</span> <span class='ocrx_word' id='word_1_23' title='bbox 3297 443 3505 500; x_wconf 82' lang='lat' dir='ltr'>abbate</span> <span class='ocrx_word' id='word_1_24' title='bbox 3535 444 3647 502; x_wconf 93' lang='lat' dir='ltr'>hoc</span> 
     </span>
    </p>
   </div>
   <div class='ocr_carea' id='block_1_5' title="bbox 233 530 1887 596">
    <p class='ocr_par' dir='ltr' id='par_1_5' title="bbox 233 530 1887 596">
     <span class='ocr_line' id='line_1_5' title="bbox 233 530 1887 596; baseline -0.002 -6"><span class='ocrx_word' id='word_1_25' title='bbox 233 540 292 590; x_wconf 87' lang='lat' dir='ltr'>et</span> <span class='ocrx_word' id='word_1_26' title='bbox 323 532 448 588; x_wconf 82' lang='lat' dir='ltr'>filia</span> <span class='ocrx_word' id='word_1_27' title='bbox 475 531 958 596; x_wconf 88' lang='lat' dir='ltr'>Badehilde,ante</span> <span class='ocrx_word' id='word_1_28' title='bbox 989 530 1169 586; x_wconf 88' lang='lat' dir='ltr'>altare</span> <span class='ocrx_word' id='word_1_29' title='bbox 1199 531 1270 586; x_wconf 91' lang='lat' dir='ltr'>de</span> <span class='ocrx_word' id='word_1_30' title='bbox 1300 531 1636 587; x_wconf 87' lang='lat' dir='ltr'>commissis</span> <span class='ocrx_word' id='word_1_31' title='bbox 1658 531 1887 586; x_wconf 84' lang='lat' dir='ltr'>veniam</span> 
     </span>
    </p>
   </div>
   <div class='ocr_carea' id='block_1_6' title="bbox 228 619 1886 696">
    <p class='ocr_par' dir='ltr' id='par_1_6' title="bbox 228 619 1886 696">
     <span class='ocr_line' id='line_1_6' title="bbox 228 619 1886 696; baseline -0.001 -18"><span class='ocrx_word' id='word_1_32' title='bbox 228 621 429 696; x_wconf 87' lang='lat' dir='ltr'>peciit,</span> <span class='ocrx_word' id='word_1_33' title='bbox 466 637 531 677; x_wconf 89' lang='lat' dir='ltr'>ac</span> <span class='ocrx_word' id='word_1_34' title='bbox 562 622 632 676; x_wconf 91' lang='lat' dir='ltr'>de</span> <span class='ocrx_word' id='word_1_35' title='bbox 663 621 794 694; x_wconf 88' lang='lat' dir='ltr'>ipsa</span> <span class='ocrx_word' id='word_1_36' title='bbox 823 619 1084 677; x_wconf 62' lang='lat' dir='ltr'>ecclesia</span> <span class='ocrx_word' id='word_1_37' title='bbox 1112 621 1334 676; x_wconf 88' lang='lat' dir='ltr'>donum</span> <span class='ocrx_word' id='word_1_38' title='bbox 1367 637 1546 693; x_wconf 84' lang='lat' dir='ltr'>super</span> <span class='ocrx_word' id='word_1_39' title='bbox 1574 620 1754 676; x_wconf 91' lang='lat' dir='ltr'>altare</span> <span class='ocrx_word' id='word_1_40' title='bbox 1787 638 1886 692; x_wconf 92' lang='lat' dir='ltr'>po-</span> 
     </span>
    </p>
   </div>
   <div class='ocr_carea' id='block_1_7' title="bbox 229 708 1884 782">
    <p class='ocr_par' dir='ltr' id='par_1_7' title="bbox 229 708 1884 782">
     <span class='ocr_line' id='line_1_7' title="bbox 229 708 1884 782; baseline -0.001 -16"><span class='ocrx_word' id='word_1_41' title='bbox 229 712 374 778; x_wconf 89' lang='lat' dir='ltr'>suit;</span> <span class='ocrx_word' id='word_1_42' title='bbox 390 711 503 766; x_wconf 90' lang='lat' dir='ltr'>sub</span> <span class='ocrx_word' id='word_1_43' title='bbox 533 710 776 766; x_wconf 81' lang='lat' dir='ltr'>verbum</span> <span class='ocrx_word' id='word_1_44' title='bbox 809 726 912 782; x_wconf 93' lang='lat' dir='ltr'>pro</span> <span class='ocrx_word' id='word_1_45' title='bbox 945 708 1200 765; x_wconf 87' lang='lat' dir='ltr'>missivis</span> <span class='ocrx_word' id='word_1_46' title='bbox 1231 709 1433 765; x_wconf 90' lang='lat' dir='ltr'>dicens</span> <span class='ocrx_word' id='word_1_47' title='bbox 1465 727 1526 766; x_wconf 92' lang='lat' dir='ltr'>se</span> <span class='ocrx_word' id='word_1_48' title='bbox 1559 727 1884 782; x_wconf 86' lang='lat' dir='ltr'>nunquam,</span> 
     </span>
    </p>
   </div>
   <div class='ocr_carea' id='block_1_8' title="bbox 227 798 1886 870">
    <p class='ocr_par' dir='ltr' id='par_1_8' title="bbox 227 798 1886 870">
     <span class='ocr_line' id='line_1_8' title="bbox 227 798 1886 870; baseline -0.001 -15"><span class='ocrx_word' id='word_1_49' title='bbox 227 801 306 856; x_wconf 89' lang='lat' dir='ltr'>ab</span> <span class='ocrx_word' id='word_1_50' title='bbox 355 799 459 854; x_wconf 90' lang='lat' dir='ltr'>illo</span> <span class='ocrx_word' id='word_1_51' title='bbox 511 799 604 855; x_wconf 90' lang='lat' dir='ltr'>die</span> <span class='ocrx_word' id='word_1_52' title='bbox 651 799 710 854; x_wconf 91' lang='lat' dir='ltr'>in</span> <span class='ocrx_word' id='word_1_53' title='bbox 763 804 956 866; x_wconf 81' lang='lat' dir='ltr'>antea,</span> <span class='ocrx_word' id='word_1_54' title='bbox 987 798 1245 870; x_wconf 87' lang='lat' dir='ltr'>aliquam</span> <span class='ocrx_word' id='word_1_55' title='bbox 1281 798 1639 854; x_wconf 86' lang='lat' dir='ltr'>calumniam</span> <span class='ocrx_word' id='word_1_56' title='bbox 1675 799 1886 855; x_wconf 84' lang='lat' dir='ltr'>inferre</span> 
     </span>
    </p>
   </div>
   <div class='ocr_carea' id='block_1_9' title="bbox 227 887 1885 960">
    <p class='ocr_par' dir='ltr' id='par_1_9' title="bbox 227 887 1885 960">
     <span class='ocr_line' id='line_1_9' title="bbox 227 887 1885 960; baseline -0.001 -16"><span class='ocrx_word' id='word_1_57' title='bbox 227 889 404 945; x_wconf 90' lang='lat' dir='ltr'>nobis</span> <span class='ocrx_word' id='word_1_58' title='bbox 429 889 502 946; x_wconf 91' lang='lat' dir='ltr'>de</span> <span class='ocrx_word' id='word_1_59' title='bbox 530 906 619 956; x_wconf 86' lang='lat' dir='ltr'>ea,</span> <span class='ocrx_word' id='word_1_60' title='bbox 655 905 845 960; x_wconf 89' lang='lat' dir='ltr'>neque</span> <span class='ocrx_word' id='word_1_61' title='bbox 875 905 937 944; x_wconf 92' lang='lat' dir='ltr'>se</span> <span class='ocrx_word' id='word_1_62' title='bbox 988 887 1107 943; x_wconf 89' lang='lat' dir='ltr'>ulla</span> <span class='ocrx_word' id='word_1_63' title='bbox 1132 889 1616 944; x_wconf 85' lang='lat' dir='ltr'>consuetudinem</span> <span class='ocrx_word' id='word_1_64' title='bbox 1648 887 1885 944; x_wconf 88' lang='lat' dir='ltr'>habitu—</span> 
     </span>
    </p>
   </div>
   <div class='ocr_carea' id='block_1_10' title="bbox 226 977 1886 1050">
    <p class='ocr_par' dir='ltr' id='par_1_10' title="bbox 226 977 1886 1050">
     <span class='ocr_line' id='line_1_10' title="bbox 226 977 1886 1050; baseline -0.001 -16"><span class='ocrx_word' id='word_1_65' title='bbox 226 995 364 1034; x_wconf 87' lang='lat' dir='ltr'>rum</span> <span class='ocrx_word' id='word_1_66' title='bbox 396 979 459 1033; x_wconf 89' lang='lat' dir='ltr'>in</span> <span class='ocrx_word' id='word_1_67' title='bbox 481 995 551 1034; x_wconf 89' lang='lat' dir='ltr'>ea</span> <span class='ocrx_word' id='word_1_68' title='bbox 562 995 751 1050; x_wconf 91' lang='lat' dir='ltr'>neque</span> <span class='ocrx_word' id='word_1_69' title='bbox 772 978 830 1032; x_wconf 92' lang='lat' dir='ltr'>in</span> <span class='ocrx_word' id='word_1_70' title='bbox 851 982 1008 1032; x_wconf 88' lang='lat' dir='ltr'>terra</span> <span class='ocrx_word' id='word_1_71' title='bbox 1029 977 1100 1032; x_wconf 87' lang='lat' dir='ltr'>ad</span> <span class='ocrx_word' id='word_1_72' title='bbox 1123 991 1256 1032; x_wconf 91' lang='lat' dir='ltr'>eum</span> <span class='ocrx_word' id='word_1_73' title='bbox 1281 977 1886 1050; x_wconf 89' lang='lat' dir='ltr'>pertinentem;neque</span> 
     </span>
    </p>
   </div>
   <div class='ocr_carea' id='block_1_11' title="bbox 224 1065 1880 1140">
    <p class='ocr_par' dir='ltr' id='par_1_11' title="bbox 224 1065 1880 1140">
     <span class='ocr_line' id='line_1_11' title="bbox 224 1065 1880 1140; baseline -0.001 -18"><span class='ocrx_word' id='word_1_74' title='bbox 224 1068 300 1124; x_wconf 88' lang='lat' dir='ltr'>de</span> <span class='ocrx_word' id='word_1_75' title='bbox 329 1067 587 1123; x_wconf 88' lang='lat' dir='ltr'>annonis</span> <span class='ocrx_word' id='word_1_76' title='bbox 615 1083 740 1140; x_wconf 67' lang='lat' dir='ltr'>quae</span> <span class='ocrx_word' id='word_1_77' title='bbox 773 1066 832 1121; x_wconf 88' lang='lat' dir='ltr'>in</span> <span class='ocrx_word' id='word_1_78' title='bbox 862 1065 1122 1122; x_wconf 65' lang='lat' dir='ltr'>ecclesia</span> <span class='ocrx_word' id='word_1_79' title='bbox 1135 1067 1552 1137; x_wconf 87' lang='lat' dir='ltr'>ponendesunt</span> <span class='ocrx_word' id='word_1_80' title='bbox 1569 1066 1880 1122; x_wconf 88' lang='lat' dir='ltr'>molturam</span> 
     </span>
    </p>
   </div>
   <div class='ocr_carea' id='block_1_12' title="bbox 225 1155 1882 1229">
    <p class='ocr_par' dir='ltr' id='par_1_12' title="bbox 225 1155 1882 1229">
     <span class='ocr_line' id='line_1_12' title="bbox 225 1155 1882 1229; baseline -0.001 -17"><span class='ocrx_word' id='word_1_81' title='bbox 225 1156 440 1228; x_wconf 86' lang='lat' dir='ltr'>ullam,</span> <span class='ocrx_word' id='word_1_82' title='bbox 473 1156 627 1212; x_wconf 83' lang='lat' dir='ltr'>sicut</span> <span class='ocrx_word' id='word_1_83' title='bbox 656 1157 820 1229; x_wconf 91' lang='lat' dir='ltr'>prius</span> <span class='ocrx_word' id='word_1_84' title='bbox 849 1155 1116 1223; x_wconf 84' lang='lat' dir='ltr'>faciebat,</span> <span class='ocrx_word' id='word_1_85' title='bbox 1151 1171 1258 1211; x_wconf 89' lang='lat' dir='ltr'>nec</span> <span class='ocrx_word' id='word_1_86' title='bbox 1297 1155 1535 1211; x_wconf 89' lang='lat' dir='ltr'>omnino</span> <span class='ocrx_word' id='word_1_87' title='bbox 1568 1155 1745 1210; x_wconf 89' lang='lat' dir='ltr'>aliam</span> <span class='ocrx_word' id='word_1_88' title='bbox 1779 1155 1882 1210; x_wconf 83' lang='lat' dir='ltr'>ali-</span> 
     </span>
    </p>
   </div>
   <div class='ocr_carea' id='block_1_13' title="bbox 225 1243 1886 1319">
    <p class='ocr_par' dir='ltr' id='par_1_13' title="bbox 225 1243 1886 1319">
     <span class='ocr_line' id='line_1_13' title="bbox 225 1243 1886 1319; baseline -0.001 -18"><span class='ocrx_word' id='word_1_89' title='bbox 225 1262 411 1319; x_wconf 89' lang='lat' dir='ltr'>quam</span> <span class='ocrx_word' id='word_1_90' title='bbox 446 1262 570 1301; x_wconf 89' lang='lat' dir='ltr'>rem</span> <span class='ocrx_word' id='word_1_91' title='bbox 604 1249 1012 1318; x_wconf 89' lang='lat' dir='ltr'>accepturum;</span> <span class='ocrx_word' id='word_1_92' title='bbox 1047 1245 1150 1300; x_wconf 88' lang='lat' dir='ltr'>sed</span> <span class='ocrx_word' id='word_1_93' title='bbox 1182 1243 1310 1300; x_wconf 92' lang='lat' dir='ltr'>ideo</span> <span class='ocrx_word' id='word_1_94' title='bbox 1341 1245 1424 1300; x_wconf 90' lang='lat' dir='ltr'>ita</span> <span class='ocrx_word' id='word_1_95' title='bbox 1450 1243 1694 1300; x_wconf 76' lang='lat' dir='ltr'>liberam</span> <span class='ocrx_word' id='word_1_96' title='bbox 1727 1243 1886 1300; x_wconf 79' lang='lat' dir='ltr'>dein~</span> 
     </span>
    </p>
   </div>
   <div class='ocr_carea' id='block_1_14' title="bbox 221 1331 1881 1408">
    <p class='ocr_par' dir='ltr' id='par_1_14' title="bbox 221 1331 1881 1408">
     <span class='ocr_line' id='line_1_14' title="bbox 221 1331 1881 1408; baseline -0.002 -17"><span class='ocrx_word' id='word_1_97' title='bbox 221 1350 365 1408; x_wconf 88' lang='lat' dir='ltr'>ceps</span> <span class='ocrx_word' id='word_1_98' title='bbox 395 1352 433 1390; x_wconf 90' lang='lat' dir='ltr'>a</span> <span class='ocrx_word' id='word_1_99' title='bbox 463 1333 633 1390; x_wconf 89' lang='lat' dir='ltr'>nobis</span> <span class='ocrx_word' id='word_1_100' title='bbox 662 1334 1052 1398; x_wconf 89' lang='lat' dir='ltr'>abendam,ut</span> <span class='ocrx_word' id='word_1_101' title='bbox 1080 1332 1400 1388; x_wconf 56' lang='lat' dir='ltr'>{ecclesiam</span> <span class='ocrx_word' id='word_1_102' title='bbox 1433 1331 1620 1388; x_wconf 76' lang='lat' dir='ltr'>sancti</span> <span class='ocrx_word' id='word_1_103' title='bbox 1651 1331 1881 1406; x_wconf 80' lang='lat' dir='ltr'>Georgii</span> 
     </span>
    </p>
   </div>
   <div class='ocr_carea' id='block_1_15' title="bbox 219 1422 1881 1488">
    <p class='ocr_par' dir='ltr' id='par_1_15' title="bbox 219 1422 1881 1488">
     <span class='ocr_line' id='line_1_15' title="bbox 219 1422 1881 1488; baseline -0.001 -8"><span class='ocrx_word' id='word_1_104' title='bbox 219 1428 279 1480; x_wconf 87' lang='lat' dir='ltr'>et</span> <span class='ocrx_word' id='word_1_105' title='bbox 326 1422 658 1480; x_wconf 67' lang='lat' dir='ltr'>ecclesiam</span> <span class='ocrx_word' id='word_1_106' title='bbox 704 1423 892 1478; x_wconf 77' lang='lat' dir='ltr'>sancti</span> <span class='ocrx_word' id='word_1_107' title='bbox 943 1422 1115 1477; x_wconf 89' lang='lat' dir='ltr'>Cirici</span> <span class='ocrx_word' id='word_1_108' title='bbox 1171 1423 1242 1477; x_wconf 87' lang='lat' dir='ltr'>de</span> <span class='ocrx_word' id='word_1_109' title='bbox 1285 1424 1486 1478; x_wconf 87' lang='lat' dir='ltr'>Aneto.</span> <span class='ocrx_word' id='word_1_110' title='bbox 1523 1424 1708 1488; x_wconf 88' lang='lat' dir='ltr'>Quam</span> <span class='ocrx_word' id='word_1_111' title='bbox 1758 1439 1881 1478; x_wconf 92' lang='lat' dir='ltr'>rem</span> 
     </span>
    </p>
   </div>
   <div class='ocr_carea' id='block_1_16' title="bbox 220 1510 1884 1586">
    <p class='ocr_par' dir='ltr' id='par_1_16' title="bbox 220 1510 1884 1586">
     <span class='ocr_line' id='line_1_16' title="bbox 220 1510 1884 1586; baseline -0.001 -17"><span class='ocrx_word' id='word_1_112' title='bbox 220 1517 431 1586; x_wconf 88' lang='lat' dir='ltr'>postea</span> <span class='ocrx_word' id='word_1_113' title='bbox 463 1528 726 1568; x_wconf 89' lang='lat' dir='ltr'>annuere</span> <span class='ocrx_word' id='word_1_114' title='bbox 755 1512 893 1568; x_wconf 87' lang='lat' dir='ltr'>fecit</span> <span class='ocrx_word' id='word_1_115' title='bbox 921 1511 1059 1566; x_wconf 87' lang='lat' dir='ltr'>filiis</span> <span class='ocrx_word' id='word_1_116' title='bbox 1090 1511 1236 1577; x_wconf 90' lang='lat' dir='ltr'>suis,</span> <span class='ocrx_word' id='word_1_117' title='bbox 1262 1510 1558 1567; x_wconf 87' lang='lat' dir='ltr'>Gualterio</span> <span class='ocrx_word' id='word_1_118' title='bbox 1577 1511 1799 1567; x_wconf 85' lang='lat' dir='ltr'>scilicet</span> <span class='ocrx_word' id='word_1_119' title='bbox 1826 1516 1884 1567; x_wconf 93' lang='lat' dir='ltr'>et</span> 
     </span>
    </p>
   </div>
   <div class='ocr_carea' id='block_1_17' title="bbox 220 1599 1878 1674">
    <p class='ocr_par' dir='ltr' id='par_1_17' title="bbox 220 1599 1878 1674">
     <span class='ocr_line' id='line_1_17' title="bbox 220 1599 1878 1674; baseline -0.003 -14"><span class='ocrx_word' id='word_1_120' title='bbox 220 1602 576 1667; x_wconf 86' lang='lat' dir='ltr'>Gisleberto,</span> <span class='ocrx_word' id='word_1_121' title='bbox 597 1600 731 1656; x_wconf 75' lang='lat' dir='ltr'>ﬁliae</span> <span class='ocrx_word' id='word_1_122' title='bbox 761 1617 992 1674; x_wconf 91' lang='lat' dir='ltr'>quoque</span> <span class='ocrx_word' id='word_1_123' title='bbox 1024 1599 1255 1656; x_wconf 89' lang='lat' dir='ltr'>minori.</span> <span class='ocrx_word' id='word_1_124' title='bbox 1282 1599 1589 1656; x_wconf 89' lang='lat' dir='ltr'>Milesinde</span> <span class='ocrx_word' id='word_1_125' title='bbox 1620 1600 1878 1656; x_wconf 90' lang='lat' dir='ltr'>nomine.</span> 
     </span>
    </p>
   </div>
   <div class='ocr_carea' id='block_1_18' title="bbox 219 1687 1883 1762">
    <p class='ocr_par' dir='ltr' id='par_1_18' title="bbox 219 1687 1883 1762">
     <span class='ocr_line' id='line_1_18' title="bbox 219 1687 1883 1762; baseline -0.002 -15"><span class='ocrx_word' id='word_1_126' title='bbox 219 1693 434 1747; x_wconf 81' lang='lat' dir='ltr'>Actum</span> <span class='ocrx_word' id='word_1_127' title='bbox 459 1695 552 1746; x_wconf 90' lang='lat' dir='ltr'>est</span> <span class='ocrx_word' id='word_1_128' title='bbox 581 1689 849 1746; x_wconf 87' lang='lat' dir='ltr'>Carnotis</span> <span class='ocrx_word' id='word_1_129' title='bbox 881 1689 1133 1762; x_wconf 88' lang='lat' dir='ltr'>publice,</span> <span class='ocrx_word' id='word_1_130' title='bbox 1165 1689 1213 1743; x_wconf 91' lang='lat' dir='ltr'><strong>V</strong></span> <span class='ocrx_word' id='word_1_131' title='bbox 1242 1687 1524 1744; x_wconf 85' lang='lat' dir='ltr'>kalendas</span> <span class='ocrx_word' id='word_1_132' title='bbox 1552 1689 1733 1745; x_wconf 86' lang='lat' dir='ltr'>Junii.</span> <span class='ocrx_word' id='word_1_133' title='bbox 1763 1689 1883 1745; x_wconf 73' lang='lat' dir='ltr'>Pla-</span> 
     </span>
    </p>
   </div>
   <div class='ocr_carea' id='block_1_19' title="bbox 221 1777 1955 1878">
    <p class='ocr_par' dir='ltr' id='par_1_19' title="bbox 221 1777 1955 1878">
     <span class='ocr_line' id='line_1_19' title="bbox 221 1777 1955 1878; baseline -0.002 -42"><span class='ocrx_word' id='word_1_134' title='bbox 221 1780 346 1836; x_wconf 89' lang='lat' dir='ltr'>cuit</span> <span class='ocrx_word' id='word_1_135' title='bbox 391 1796 631 1852; x_wconf 90' lang='lat' dir='ltr'>quoque</span> <span class='ocrx_word' id='word_1_136' title='bbox 676 1779 919 1836; x_wconf 90' lang='lat' dir='ltr'>nomina</span> <span class='ocrx_word' id='word_1_137' title='bbox 965 1795 1167 1836; x_wconf 88' lang='lat' dir='ltr'>eorum</span> <span class='ocrx_word' id='word_1_138' title='bbox 1220 1777 1590 1834; x_wconf 83' lang='lat' dir='ltr'>subscribere</span> <span class='ocrx_word' id='word_1_139' title='bbox 1649 1779 1750 1850; x_wconf 90' lang='lat' dir='ltr'>qui</span> <span class='ocrx_word' id='word_1_140' title='bbox 1811 1795 1878 1834; x_wconf 84' lang='lat' dir='ltr'>ex</span> <span class='ocrx_word' id='word_1_141' title='bbox 1910 1815 1955 1878; x_wconf 78' lang='grc' dir='ltr'><strong>Β</strong></span> 
     </span>
    </p>
   </div>
   <div class='ocr_carea' id='block_1_20' title="bbox 219 1868 1875 1942">
    <p class='ocr_par' dir='ltr' id='par_1_20' title="bbox 219 1868 1875 1942">
     <span class='ocr_line' id='line_1_20' title="bbox 219 1868 1875 1942; baseline -0.002 -17"><span class='ocrx_word' id='word_1_142' title='bbox 219 1874 479 1942; x_wconf 88' lang='lat' dir='ltr'>utraque</span> <span class='ocrx_word' id='word_1_143' title='bbox 528 1874 692 1942; x_wconf 87' lang='lat' dir='ltr'>parte</span> <span class='ocrx_word' id='word_1_144' title='bbox 748 1869 986 1924; x_wconf 87' lang='lat' dir='ltr'>fuerunt</span> <span class='ocrx_word' id='word_1_145' title='bbox 1042 1871 1396 1940; x_wconf 70' lang='lat' dir='ltr'>praesentes:</span> <span class='ocrx_word' id='word_1_146' title='bbox 1451 1868 1875 1938; x_wconf 89' lang='lat' dir='ltr'>Marcuardus;</span> 
     </span>
    </p>
   </div>
   <div class='ocr_carea' id='block_1_21' title="bbox 220 1956 1876 2025">
    <p class='ocr_par' dir='ltr' id='par_1_21' title="bbox 220 1956 1876 2025">
     <span class='ocr_line' id='line_1_21' title="bbox 220 1956 1876 2025; baseline -0.002 -10"><span class='ocrx_word' id='word_1_147' title='bbox 220 1958 563 2015; x_wconf 86' lang='lat' dir='ltr'>Gualterius</span> <span class='ocrx_word' id='word_1_148' title='bbox 592 1962 650 2014; x_wconf 88' lang='lat' dir='ltr'>et</span> <span class='ocrx_word' id='word_1_149' title='bbox 679 1957 972 2022; x_wconf 87' lang='lat' dir='ltr'>Albertus,</span> <span class='ocrx_word' id='word_1_150' title='bbox 1005 1958 1240 2025; x_wconf 85' lang='lat' dir='ltr'>fratres;</span> <span class='ocrx_word' id='word_1_151' title='bbox 1275 1956 1876 2024; x_wconf 87' lang='lat' dir='ltr'>Walterius,Blancus</span> 
     </span>
    </p>
   </div>
   <div class='ocr_carea' id='block_1_22' title="bbox 219 2046 1879 2118">
    <p class='ocr_par' dir='ltr' id='par_1_22' title="bbox 219 2046 1879 2118">
     <span class='ocr_line' id='line_1_22' title="bbox 219 2046 1879 2118; baseline -0.001 -14"><span class='ocrx_word' id='word_1_152' title='bbox 219 2047 560 2105; x_wconf 79' lang='lat' dir='ltr'>Oculus.Ex</span> <span class='ocrx_word' id='word_1_153' title='bbox 588 2052 788 2102; x_wconf 90' lang='lat' dir='ltr'>nostra</span> <span class='ocrx_word' id='word_1_154' title='bbox 818 2046 1322 2118; x_wconf 79' lang='lat' dir='ltr'>paterzGilduinus</span> <span class='ocrx_word' id='word_1_155' title='bbox 1343 2046 1879 2117; x_wconf 82' lang='lat' dir='ltr'>major,Walterius</span> 
     </span>
    </p>
   </div>
   <div class='ocr_carea' id='block_1_23' title="bbox 219 2135 1876 2207">
    <p class='ocr_par' dir='ltr' id='par_1_23' title="bbox 219 2135 1876 2207">
     <span class='ocr_line' id='line_1_23' title="bbox 219 2135 1876 2207; baseline -0.002 -14"><span class='ocrx_word' id='word_1_156' title='bbox 219 2136 496 2204; x_wconf 84' lang='lat' dir='ltr'>clericus,</span> <span class='ocrx_word' id='word_1_157' title='bbox 531 2135 831 2192; x_wconf 80' lang='lat' dir='ltr'>Richerius</span> <span class='ocrx_word' id='word_1_158' title='bbox 877 2137 1082 2206; x_wconf 90' lang='lat' dir='ltr'>major,</span> <span class='ocrx_word' id='word_1_159' title='bbox 1117 2136 1450 2207; x_wconf 83' lang='lat' dir='ltr'>Stephanus</span> <span class='ocrx_word' id='word_1_160' title='bbox 1485 2137 1690 2207; x_wconf 90' lang='lat' dir='ltr'>major,</span> <span class='ocrx_word' id='word_1_161' title='bbox 1728 2136 1876 2190; x_wconf 92' lang='lat' dir='ltr'>Lau-</span> 
     </span>
    </p>
   </div>
   <div class='ocr_carea' id='block_1_24' title="bbox 219 2223 1878 2297">
    <p class='ocr_par' dir='ltr' id='par_1_24' title="bbox 219 2223 1878 2297">
     <span class='ocr_line' id='line_1_24' title="bbox 219 2223 1878 2297; baseline -0.002 -16"><span class='ocrx_word' id='word_1_162' title='bbox 219 2225 474 2293; x_wconf 76' lang='lat' dir='ltr'>rentius,</span> <span class='ocrx_word' id='word_1_163' title='bbox 507 2223 888 2292; x_wconf 89' lang='lat' dir='ltr'>Gislebertus,</span> <span class='ocrx_word' id='word_1_164' title='bbox 939 2223 1279 2289; x_wconf 85' lang='lat' dir='ltr'>Adventius,</span> <span class='ocrx_word' id='word_1_165' title='bbox 1329 2223 1688 2297; x_wconf 86' lang='lat' dir='ltr'>Oydelerius,</span> <span class='ocrx_word' id='word_1_166' title='bbox 1742 2225 1878 2280; x_wconf 82' lang='lat' dir='ltr'>Rot-</span> 
     </span>
    </p>
   </div>
   <div class='ocr_carea' id='block_1_25' title="bbox 219 2312 1880 2384">
    <p class='ocr_par' dir='ltr' id='par_1_25' title="bbox 219 2312 1880 2384">
     <span class='ocr_line' id='line_1_25' title="bbox 219 2312 1880 2384; baseline -0.002 -12"><span class='ocrx_word' id='word_1_167' title='bbox 219 2316 450 2384; x_wconf 88' lang='lat' dir='ltr'>bertus,</span> <span class='ocrx_word' id='word_1_168' title='bbox 483 2313 1010 2381; x_wconf 89' lang='lat' dir='ltr'>nosochomiarius,</span> <span class='ocrx_word' id='word_1_169' title='bbox 1035 2312 1340 2383; x_wconf 84' lang='lat' dir='ltr'>Radulfus,</span> <span class='ocrx_word' id='word_1_170' title='bbox 1374 2313 1708 2380; x_wconf 87' lang='lat' dir='ltr'>Gilduinus,</span> <span class='ocrx_word' id='word_1_171' title='bbox 1733 2318 1880 2368; x_wconf 87' lang='lat' dir='ltr'>Gau-</span> 
     </span>
    </p>
   </div>
   <div class='ocr_carea' id='block_1_26' title="bbox 225 2405 453 2462">
    <p class='ocr_par' dir='ltr' id='par_1_26' title="bbox 225 2405 453 2462">
     <span class='ocr_line' id='line_1_26' title="bbox 225 2405 453 2462; baseline -0.009 -1"><span class='ocrx_word' id='word_1_172' title='bbox 225 2405 384 2462; x_wconf 88' lang='lat' dir='ltr'>dius.</span> <span class='ocrx_word' id='word_1_173' title='bbox 421 2426 453 2454; x_wconf 82' lang='lat'>»</span> 
     </span>
    </p>
   </div>
   <div class='ocr_carea' id='block_1_27' title="bbox 731 2491 1376 2550">
    <p class='ocr_par' dir='ltr' id='par_1_27' title="bbox 731 2491 1376 2550">
     <span class='ocr_line' id='line_1_27' title="bbox 731 2491 1376 2550; baseline -0.003 0"><span class='ocrx_word' id='word_1_174' title='bbox 731 2491 1148 2550; x_wconf 87' lang='lat' dir='ltr'>CAPITULUM</span> <span class='ocrx_word' id='word_1_175' title='bbox 1189 2492 1376 2548; x_wconf 83' lang='lat' dir='ltr'>XCIII.</span> 
     </span>
    </p>
   </div>
   <div class='ocr_carea' id='block_1_28' title="bbox 365 2583 1738 2657">
    <p class='ocr_par' dir='ltr' id='par_1_28' title="bbox 365 2583 1738 2657">
     <span class='ocr_line' id='line_1_28' title="bbox 365 2583 1738 2657; baseline -0.003 -16"><span class='ocrx_word' id='word_1_176' title='bbox 365 2585 448 2641; x_wconf 82' lang='lat' dir='ltr'>Dc</span> <span class='ocrx_word' id='word_1_177' title='bbox 476 2584 716 2657; x_wconf 78' lang='lat' dir='ltr'>quinque</span> <span class='ocrx_word' id='word_1_178' title='bbox 745 2583 879 2640; x_wconf 72' lang='lat' dir='ltr'>oleis</span> <span class='ocrx_word' id='word_1_179' title='bbox 907 2583 1239 2657; x_wconf 65' lang='lat' dir='ltr'>ter-raedam</span> <span class='ocrx_word' id='word_1_180' title='bbox 1267 2590 1455 2639; x_wconf 79' lang='lat' dir='ltr'>sancto</span> <span class='ocrx_word' id='word_1_181' title='bbox 1483 2584 1642 2639; x_wconf 84' lang='lat' dir='ltr'>Petro</span> <span class='ocrx_word' id='word_1_182' title='bbox 1677 2583 1738 2638; x_wconf 76' lang='lat' dir='ltr'>in</span> 
     </span>
    </p>
   </div>
   <div class='ocr_carea' id='block_1_29' title="bbox 869 2656 1227 2711">
    <p class='ocr_par' dir='ltr' id='par_1_29' title="bbox 869 2656 1227 2711">
     <span class='ocr_line' id='line_1_29' title="bbox 869 2656 1227 2711; baseline 0 -1"><span class='ocrx_word' id='word_1_183' title='bbox 869 2656 1227 2711; x_wconf 78' lang='lat' dir='ltr'>Nantilliaco.</span> 
     </span>
    </p>
   </div>
   <div class='ocr_carea' id='block_1_30' title="bbox 819 2745 1296 2813">
    <p class='ocr_par' dir='ltr' id='par_1_30' title="bbox 819 2745 1296 2813">
     <span class='ocr_line' id='line_1_30' title="bbox 819 2745 1296 2813; baseline -0.004 -13"><span class='ocrx_word' id='word_1_184' title='bbox 819 2747 990 2813; x_wconf 88' lang='lat' dir='ltr'>(Ante</span> <span class='ocrx_word' id='word_1_185' title='bbox 1022 2761 1074 2800; x_wconf 90' lang='lat' dir='ltr'>a.</span> <span class='ocrx_word' id='word_1_186' title='bbox 1110 2745 1296 2813; x_wconf 81' lang='grc'>1080.)</span> 
     </span>
    </p>
   </div>
   <div class='ocr_carea' id='block_1_31' title="bbox 293 2840 1881 2914">
    <p class='ocr_par' dir='ltr' id='par_1_31' title="bbox 293 2840 1881 2914">
     <span class='ocr_line' id='line_1_31' title="bbox 293 2840 1881 2914; baseline -0.002 -15"><span class='ocrx_word' id='word_1_187' title='bbox 293 2865 326 2895; x_wconf 70' lang='lat' dir='ltr'>cc</span> <span class='ocrx_word' id='word_1_188' title='bbox 357 2843 580 2899; x_wconf 87' lang='lat' dir='ltr'>Omnes</span> <span class='ocrx_word' id='word_1_189' title='bbox 636 2843 787 2898; x_wconf 91' lang='lat' dir='ltr'>scire</span> <span class='ocrx_word' id='word_1_190' title='bbox 834 2841 1108 2898; x_wconf 90' lang='lat' dir='ltr'>volumus</span> <span class='ocrx_word' id='word_1_191' title='bbox 1157 2840 1258 2914; x_wconf 92' lang='lat' dir='ltr'>qui</span> <span class='ocrx_word' id='word_1_192' title='bbox 1309 2841 1416 2897; x_wconf 91' lang='lat' dir='ltr'>has</span> <span class='ocrx_word' id='word_1_193' title='bbox 1463 2841 1690 2897; x_wconf 88' lang='lat' dir='ltr'>litteras</span> <span class='ocrx_word' id='word_1_194' title='bbox 1739 2845 1881 2896; x_wconf 87' lang='lat' dir='ltr'>sunt</span> 
     </span>
    </p>
   </div>
   <div class='ocr_carea' id='block_1_32' title="bbox 223 2929 1880 3004">
    <p class='ocr_par' dir='ltr' id='par_1_32' title="bbox 223 2929 1880 3004">
     <span class='ocr_line' id='line_1_32' title="bbox 223 2929 1880 3004; baseline -0.002 -15"><span class='ocrx_word' id='word_1_195' title='bbox 223 2931 464 3001; x_wconf 84' lang='lat' dir='ltr'>lecturi,</span> <span class='ocrx_word' id='word_1_196' title='bbox 497 2931 776 3004; x_wconf 83' lang='lat' dir='ltr'>quoniam</span> <span class='ocrx_word' id='word_1_197' title='bbox 809 2931 954 2986; x_wconf 92' lang='lat' dir='ltr'>adiit</span> <span class='ocrx_word' id='word_1_198' title='bbox 979 2931 1217 3003; x_wconf 89' lang='lat' dir='ltr'>quidam</span> <span class='ocrx_word' id='word_1_199' title='bbox 1249 2929 1439 2998; x_wconf 87' lang='lat' dir='ltr'>miles,</span> <span class='ocrx_word' id='word_1_200' title='bbox 1472 2929 1707 2986; x_wconf 90' lang='lat' dir='ltr'>nomine</span> <span class='ocrx_word' id='word_1_201' title='bbox 1741 2931 1880 2986; x_wconf 86' lang='lat' dir='ltr'>Her-</span> 
     </span>
    </p>
   </div>
   <div class='ocr_carea' id='block_1_33' title="bbox 221 3019 1878 3090">
    <p class='ocr_par' dir='ltr' id='par_1_33' title="bbox 221 3019 1878 3090">
     <span class='ocr_line' id='line_1_33' title="bbox 221 3019 1878 3090; baseline -0.002 -12"><span class='ocrx_word' id='word_1_202' title='bbox 221 3021 450 3090; x_wconf 87' lang='lat' dir='ltr'>luinus,</span> <span class='ocrx_word' id='word_1_203' title='bbox 485 3021 708 3076; x_wconf 87' lang='lat' dir='ltr'>habens</span> <span class='ocrx_word' id='word_1_204' title='bbox 739 3037 938 3076; x_wconf 90' lang='lat' dir='ltr'>secum</span> <span class='ocrx_word' id='word_1_205' title='bbox 971 3021 1371 3076; x_wconf 87' lang='lat' dir='ltr'>Germundum</span> <span class='ocrx_word' id='word_1_206' title='bbox 1403 3021 1474 3075; x_wconf 94' lang='lat' dir='ltr'>de</span> <span class='ocrx_word' id='word_1_207' title='bbox 1496 3019 1878 3075; x_wconf 83' lang='lat' dir='ltr'>Raschiniaco</span> 
     </span>
    </p>
   </div>
   <div class='ocr_carea' id='block_1_34' title="bbox 221 3109 1876 3183">
    <p class='ocr_par' dir='ltr' id='par_1_34' title="bbox 221 3109 1876 3183">
     <span class='ocr_line' id='line_1_34' title="bbox 221 3109 1876 3183; baseline -0.003 -15"><span class='ocrx_word' id='word_1_208' title='bbox 221 3117 278 3168; x_wconf 87' lang='lat' dir='ltr'>et</span> <span class='ocrx_word' id='word_1_209' title='bbox 311 3111 696 3168; x_wconf 80' lang='lat' dir='ltr'>Isenbardum</span> <span class='ocrx_word' id='word_1_210' title='bbox 729 3109 1085 3183; x_wconf 89' lang='lat' dir='ltr'>armigerum</span> <span class='ocrx_word' id='word_1_211' title='bbox 1113 3109 1512 3176; x_wconf 87' lang='lat' dir='ltr'>suum,sancti</span> <span class='ocrx_word' id='word_1_212' title='bbox 1547 3109 1697 3164; x_wconf 90' lang='lat' dir='ltr'>Petri</span> <span class='ocrx_word' id='word_1_213' title='bbox 1723 3109 1876 3164; x_wconf 90' lang='lat' dir='ltr'>scili-</span> 
     </span>
    </p>
   </div>
   <div class='ocr_carea' id='block_1_35' title="bbox 220 3197 1876 3269">
    <p class='ocr_par' dir='ltr' id='par_1_35' title="bbox 220 3197 1876 3269">
     <span class='ocr_line' id='line_1_35' title="bbox 220 3197 1876 3269; baseline -0.003 -12"><span class='ocrx_word' id='word_1_214' title='bbox 220 3205 313 3257; x_wconf 87' lang='lat' dir='ltr'>cet</span> <span class='ocrx_word' id='word_1_215' title='bbox 339 3199 721 3255; x_wconf 82' lang='lat' dir='ltr'>Carnotcnsis</span> <span class='ocrx_word' id='word_1_216' title='bbox 771 3197 1020 3254; x_wconf 80' lang='lat' dir='ltr'>ccenobii</span> <span class='ocrx_word' id='word_1_217' title='bbox 1053 3197 1411 3265; x_wconf 88' lang='lat' dir='ltr'>monachos;</span> <span class='ocrx_word' id='word_1_218' title='bbox 1445 3200 1648 3269; x_wconf 90' lang='lat' dir='ltr'>petens</span> <span class='ocrx_word' id='word_1_219' title='bbox 1688 3197 1760 3252; x_wconf 90' lang='lat' dir='ltr'>ab</span> <span class='ocrx_word' id='word_1_220' title='bbox 1791 3197 1876 3252; x_wconf 92' lang='lat' dir='ltr'>eis</span> 
     </span>
    </p>
   </div>
   <div class='ocr_carea' id='block_1_36' title="bbox 218 3285 1876 3361">
    <p class='ocr_par' dir='ltr' id='par_1_36' title="bbox 218 3285 1876 3361">
     <span class='ocr_line' id='line_1_36' title="bbox 218 3285 1876 3361; baseline -0.003 -16"><span class='ocrx_word' id='word_1_221' title='bbox 218 3289 557 3346; x_wconf 85' lang='lat' dir='ltr'>orationum</span> <span class='ocrx_word' id='word_1_222' title='bbox 588 3287 887 3361; x_wconf 82' lang='lat' dir='ltr'>suffragia,</span> <span class='ocrx_word' id='word_1_223' title='bbox 921 3291 988 3342; x_wconf 90' lang='lat' dir='ltr'>ut</span> <span class='ocrx_word' id='word_1_224' title='bbox 1015 3287 1087 3342; x_wconf 91' lang='lat' dir='ltr'>ab</span> <span class='ocrx_word' id='word_1_225' title='bbox 1131 3285 1232 3341; x_wconf 89' lang='lat' dir='ltr'>illa</span> <span class='ocrx_word' id='word_1_226' title='bbox 1259 3287 1354 3341; x_wconf 91' lang='lat' dir='ltr'>die</span> <span class='ocrx_word' id='word_1_227' title='bbox 1401 3285 1462 3340; x_wconf 92' lang='lat' dir='ltr'>in</span> <span class='ocrx_word' id='word_1_228' title='bbox 1516 3289 1705 3352; x_wconf 85' lang='lat' dir='ltr'>antea,</span> <span class='ocrx_word' id='word_1_229' title='bbox 1740 3300 1876 3340; x_wconf 91' lang='lat' dir='ltr'>cum</span> 
     </span>
    </p>
   </div>
   <div class='ocr_carea' id='block_1_37' title="bbox 218 3373 1876 3452">
    <p class='ocr_par' dir='ltr' id='par_1_37' title="bbox 218 3373 1876 3452">
     <span class='ocr_line' id='line_1_37' title="bbox 218 3373 1876 3452; baseline -0.004 -18"><span class='ocrx_word' id='word_1_230' title='bbox 218 3379 368 3452; x_wconf 87' lang='lat' dir='ltr'>ipsis</span> <span class='ocrx_word' id='word_1_231' title='bbox 393 3375 700 3432; x_wconf 85' lang='lat' dir='ltr'>monachis</span> <span class='ocrx_word' id='word_1_232' title='bbox 729 3393 933 3432; x_wconf 88' lang='lat' dir='ltr'>earum</span> <span class='ocrx_word' id='word_1_233' title='bbox 965 3374 1280 3448; x_wconf 89' lang='lat' dir='ltr'>participes</span> <span class='ocrx_word' id='word_1_234' title='bbox 1311 3376 1492 3444; x_wconf 83' lang='lat' dir='ltr'>ﬁeret,</span> <span class='ocrx_word' id='word_1_235' title='bbox 1512 3373 1560 3426; x_wconf 92' lang='lat' dir='ltr'><strong>V</strong></span> <span class='ocrx_word' id='word_1_236' title='bbox 1588 3373 1747 3429; x_wconf 91' lang='lat' dir='ltr'>olcas</span> <span class='ocrx_word' id='word_1_237' title='bbox 1769 3378 1876 3429; x_wconf 90' lang='lat' dir='ltr'>ter-</span> 
     </span>
    </p>
   </div>
   <div class='ocr_carea' id='block_1_38' title="bbox 221 3462 1874 3538">
    <p class='ocr_par' dir='ltr' id='par_1_38' title="bbox 221 3462 1874 3538">
     <span class='ocr_line' id='line_1_38' title="bbox 221 3462 1874 3538; baseline -0.004 -14"><span class='ocrx_word' id='word_1_238' title='bbox 221 3483 448 3534; x_wconf 74' lang='lat' dir='ltr'>rae,non</span> <span class='ocrx_word' id='word_1_239' title='bbox 479 3465 652 3538; x_wconf 90' lang='lat' dir='ltr'>longe</span> <span class='ocrx_word' id='word_1_240' title='bbox 681 3465 752 3521; x_wconf 89' lang='lat' dir='ltr'>ab</span> <span class='ocrx_word' id='word_1_241' title='bbox 776 3463 1025 3521; x_wconf 89' lang='lat' dir='ltr'>ecclesia</span> <span class='ocrx_word' id='word_1_242' title='bbox 1053 3463 1237 3520; x_wconf 89' lang='lat' dir='ltr'>sancti</span> <span class='ocrx_word' id='word_1_243' title='bbox 1271 3463 1495 3518; x_wconf 87' lang='lat' dir='ltr'>Petriin</span> <span class='ocrx_word' id='word_1_244' title='bbox 1510 3462 1874 3529; x_wconf 88' lang='lat' dir='ltr'>Nantilliaco,</span> 
     </span>
    </p>
   </div>
   <div class='ocr_carea' id='block_1_39' title="bbox 219 3551 1872 3630">
    <p class='ocr_par' dir='ltr' id='par_1_39' title="bbox 219 3551 1872 3630">
     <span class='ocr_line' id='line_1_39' title="bbox 219 3551 1872 3630; baseline -0.003 -19"><span class='ocrx_word' id='word_1_245' title='bbox 219 3553 646 3630; x_wconf 87' lang='lat' dir='ltr'>perpetualitor</span> <span class='ocrx_word' id='word_1_246' title='bbox 699 3553 1068 3610; x_wconf 89' lang='lat' dir='ltr'>concedendo</span> <span class='ocrx_word' id='word_1_247' title='bbox 1127 3557 1330 3609; x_wconf 89' lang='lat' dir='ltr'>sancto</span> <span class='ocrx_word' id='word_1_248' title='bbox 1395 3553 1560 3608; x_wconf 90' lang='lat' dir='ltr'>Petro</span> <span class='ocrx_word' id='word_1_249' title='bbox 1618 3551 1872 3607; x_wconf 86' lang='lat' dir='ltr'>donavit.</span> 
     </span>
    </p>
   </div>
   <div class='ocr_carea' id='block_1_40' title="bbox 218 3640 1874 3718">
    <p class='ocr_par' dir='ltr' id='par_1_40' title="bbox 218 3640 1874 3718">
     <span class='ocr_line' id='line_1_40' title="bbox 218 3640 1874 3718; baseline -0.004 -17"><span class='ocrx_word' id='word_1_250' title='bbox 218 3645 407 3718; x_wconf 85' lang='lat' dir='ltr'>Cujus</span> <span class='ocrx_word' id='word_1_251' title='bbox 438 3647 606 3700; x_wconf 72' lang='lat' dir='ltr'>terra</span> <span class='ocrx_word' id='word_1_252' title='bbox 648 3643 867 3699; x_wconf 90' lang='lat' dir='ltr'>donum</span> <span class='ocrx_word' id='word_1_253' title='bbox 920 3658 1098 3714; x_wconf 90' lang='lat' dir='ltr'>super</span> <span class='ocrx_word' id='word_1_254' title='bbox 1126 3640 1307 3698; x_wconf 91' lang='lat' dir='ltr'>altare</span> <span class='ocrx_word' id='word_1_255' title='bbox 1345 3641 1533 3714; x_wconf 88' lang='lat' dir='ltr'>ipsius</span> <span class='ocrx_word' id='word_1_256' title='bbox 1562 3641 1779 3714; x_wconf 90' lang='lat' dir='ltr'>posuit,</span> <span class='ocrx_word' id='word_1_257' title='bbox 1814 3641 1874 3696; x_wconf 92' lang='lat' dir='ltr'>in</span> 
     </span>
    </p>
   </div>
   <div class='ocr_carea' id='block_1_41' title="bbox 215 3729 1875 3804">
    <p class='ocr_par' dir='ltr' id='par_1_41' title="bbox 215 3729 1875 3804">
     <span class='ocr_line' id='line_1_41' title="bbox 215 3729 1875 3804; baseline -0.004 -12"><span class='ocrx_word' id='word_1_258' title='bbox 215 3734 466 3792; x_wconf 88' lang='lat' dir='ltr'>octabas</span> <span class='ocrx_word' id='word_1_259' title='bbox 517 3731 917 3804; x_wconf 88' lang='lat' dir='ltr'>apostolorum</span> <span class='ocrx_word' id='word_1_260' title='bbox 961 3730 1233 3788; x_wconf 84' lang='lat' dir='ltr'>videlicet</span> <span class='ocrx_word' id='word_1_261' title='bbox 1283 3731 1435 3786; x_wconf 90' lang='lat' dir='ltr'>Petri</span> <span class='ocrx_word' id='word_1_262' title='bbox 1484 3735 1540 3786; x_wconf 91' lang='lat' dir='ltr'>et</span> <span class='ocrx_word' id='word_1_263' title='bbox 1572 3729 1770 3798; x_wconf 89' lang='lat' dir='ltr'>Pauli;</span> <span class='ocrx_word' id='word_1_264' title='bbox 1808 3747 1875 3786; x_wconf 93' lang='lat' dir='ltr'>eo</span> 
     </span>
    </p>
   </div>
   <div class='ocr_carea' id='block_1_42' title="bbox 218 3818 1876 3897">
    <p class='ocr_par' dir='ltr' id='par_1_42' title="bbox 218 3818 1876 3897">
     <span class='ocr_line' id='line_1_42' title="bbox 218 3818 1876 3897; baseline -0.001 -19"><span class='ocrx_word' id='word_1_265' title='bbox 218 3822 467 3897; x_wconf 87' lang='lat' dir='ltr'>quidem</span> <span class='ocrx_word' id='word_1_266' title='bbox 497 3825 716 3889; x_wconf 89' lang='lat' dir='ltr'>tenore,</span> <span class='ocrx_word' id='word_1_267' title='bbox 740 3825 824 3888; x_wconf 91' lang='lat' dir='ltr'>ut,</span> <span class='ocrx_word' id='word_1_268' title='bbox 844 3821 997 3877; x_wconf 90' lang='lat' dir='ltr'>sicut</span> <span class='ocrx_word' id='word_1_269' title='bbox 1012 3819 1138 3893; x_wconf 91' lang='lat' dir='ltr'>ipse</span> <span class='ocrx_word' id='word_1_270' title='bbox 1158 3821 1231 3876; x_wconf 89' lang='lat' dir='ltr'>ab</span> <span class='ocrx_word' id='word_1_271' title='bbox 1255 3819 1724 3875; x_wconf 86' lang='lat' dir='ltr'>antecessoribus</span> <span class='ocrx_word' id='word_1_272' title='bbox 1751 3818 1876 3876; x_wconf 91' lang='lat' dir='ltr'>suis</span> 
     </span>
    </p>
   </div>
   <div class='ocr_carea' id='block_1_43' title="bbox 217 3908 1880 3985">
    <p class='ocr_par' dir='ltr' id='par_1_43' title="bbox 217 3908 1880 3985">
     <span class='ocr_line' id='line_1_43' title="bbox 217 3908 1880 3985; baseline -0.002 -17"><span class='ocrx_word' id='word_1_273' title='bbox 217 3913 353 3985; x_wconf 87' lang='lat' dir='ltr'>ipsa</span> <span class='ocrx_word' id='word_1_274' title='bbox 377 3909 431 3965; x_wconf 85' lang='lat' dir='ltr'><strong>V</strong></span> <span class='ocrx_word' id='word_1_275' title='bbox 459 3909 617 3966; x_wconf 87' lang='lat' dir='ltr'>olcas</span> <span class='ocrx_word' id='word_1_276' title='bbox 646 3909 826 3966; x_wconf 90' lang='lat' dir='ltr'>libere</span> <span class='ocrx_word' id='word_1_277' title='bbox 871 3913 1158 3980; x_wconf 87' lang='lat' dir='ltr'>tenuerat,</span> <span class='ocrx_word' id='word_1_278' title='bbox 1191 3908 1273 3964; x_wconf 91' lang='lat' dir='ltr'>ita</span> <span class='ocrx_word' id='word_1_279' title='bbox 1301 3914 1359 3964; x_wconf 90' lang='lat' dir='ltr'>et</span> <span class='ocrx_word' id='word_1_280' title='bbox 1405 3908 1726 3981; x_wconf 88' lang='lat' dir='ltr'>supradicti</span> <span class='ocrx_word' id='word_1_281' title='bbox 1759 3925 1880 3965; x_wconf 87' lang='lat' dir='ltr'>mo-</span> 
     </span>
    </p>
   </div>
   <div class='ocr_carea' id='block_1_44' title="bbox 217 3997 1874 4072">
    <p class='ocr_par' dir='ltr' id='par_1_44' title="bbox 217 3997 1874 4072">
     <span class='ocr_line' id='line_1_44' title="bbox 217 3997 1874 4072; baseline -0.003 -14"><span class='ocrx_word' id='word_1_282' title='bbox 217 3999 654 4072; x_wconf 89' lang='lat' dir='ltr'>nachi,absque</span> <span class='ocrx_word' id='word_1_283' title='bbox 680 3998 863 4055; x_wconf 90' lang='lat' dir='ltr'>ullius</span> <span class='ocrx_word' id='word_1_284' title='bbox 892 3997 1874 4070; x_wconf 90' lang='lat' dir='ltr'>hominisinquietudine,habeant,</span> 
     </span>
    </p>
   </div>
   <div class='ocr_carea' id='block_1_45' title="bbox 218 4086 1878 4165">
    <p class='ocr_par' dir='ltr' id='par_1_45' title="bbox 218 4086 1878 4165">
     <span class='ocr_line' id='line_1_45' title="bbox 218 4086 1878 4165; baseline -0.002 -18"><span class='ocrx_word' id='word_1_285' title='bbox 218 4088 590 4165; x_wconf 87' lang='lat' dir='ltr'>possideant,</span> <span class='ocrx_word' id='word_1_286' title='bbox 607 4087 882 4157; x_wconf 85' lang='lat' dir='ltr'>incolent,</span> <span class='ocrx_word' id='word_1_287' title='bbox 901 4086 988 4145; x_wconf 86' lang='lat' dir='ltr'>vel</span> <span class='ocrx_word' id='word_1_288' title='bbox 1019 4087 1298 4160; x_wconf 87' lang='lat' dir='ltr'>quicquid</span> <span class='ocrx_word' id='word_1_289' title='bbox 1331 4087 1467 4142; x_wconf 90' lang='lat' dir='ltr'>inde</span> <span class='ocrx_word' id='word_1_290' title='bbox 1485 4087 1672 4142; x_wconf 86' lang='lat' dir='ltr'>facere</span> <span class='ocrx_word' id='word_1_291' title='bbox 1683 4086 1878 4144; x_wconf 86' lang='lat' dir='ltr'>volue-</span> 
     </span>
    </p>
   </div>
   <div class='ocr_carea' id='block_1_46' title="bbox 219 4175 1878 4250">
    <p class='ocr_par' dir='ltr' id='par_1_46' title="bbox 219 4175 1878 4250">
     <span class='ocr_line' id='line_1_46' title="bbox 219 4175 1878 4250; baseline -0.002 -15"><span class='ocrx_word' id='word_1_292' title='bbox 219 4180 341 4236; x_wconf 88' lang='lat' dir='ltr'>rint</span> <span class='ocrx_word' id='word_1_293' title='bbox 371 4178 616 4234; x_wconf 78' lang='lat' dir='ltr'>faciant.</span> <span class='ocrx_word' id='word_1_294' title='bbox 649 4177 710 4234; x_wconf 89' lang='lat' dir='ltr'>Si</span> <span class='ocrx_word' id='word_1_295' title='bbox 743 4177 876 4250; x_wconf 86' lang='lat' dir='ltr'>quis</span> <span class='ocrx_word' id='word_1_296' title='bbox 917 4179 1114 4233; x_wconf 87' lang='lat' dir='ltr'>autem</span> <span class='ocrx_word' id='word_1_297' title='bbox 1167 4192 1410 4232; x_wconf 90' lang='lat' dir='ltr'>suorum</span> <span class='ocrx_word' id='word_1_298' title='bbox 1461 4175 1744 4232; x_wconf 84' lang='lat' dir='ltr'>heredum</span> <span class='ocrx_word' id='word_1_299' title='bbox 1788 4175 1878 4231; x_wconf 88' lang='lat' dir='ltr'>vel</span> 
     </span>
    </p>
   </div>
   <div class='ocr_carea' id='block_1_47' title="bbox 220 4264 1878 4339">
    <p class='ocr_par' dir='ltr' id='par_1_47' title="bbox 220 4264 1878 4339">
     <span class='ocr_line' id='line_1_47' title="bbox 220 4264 1878 4339; baseline -0.002 -15"><span class='ocrx_word' id='word_1_300' title='bbox 220 4267 376 4325; x_wconf 87' lang='lat' dir='ltr'>alius</span> <span class='ocrx_word' id='word_1_301' title='bbox 407 4266 625 4339; x_wconf 88' lang='lat' dir='ltr'>aliquis</span> <span class='ocrx_word' id='word_1_302' title='bbox 654 4266 831 4338; x_wconf 87' lang='lat' dir='ltr'>hujus</span> <span class='ocrx_word' id='word_1_303' title='bbox 863 4264 1329 4338; x_wconf 66' lang='lat' dir='ltr'>sualargitionis</span> <span class='ocrx_word' id='word_1_304' title='bbox 1347 4265 1566 4320; x_wconf 90' lang='lat' dir='ltr'>donum</span> <span class='ocrx_word' id='word_1_305' title='bbox 1591 4264 1878 4321; x_wconf 91' lang='lat' dir='ltr'>contraire</span> 
     </span>
    </p>
   </div>
   <div class='ocr_carea' id='block_1_48' title="bbox 219 4351 1878 4424">
    <p class='ocr_par' dir='ltr' id='par_1_48' title="bbox 219 4351 1878 4424">
     <span class='ocr_line' id='line_1_48' title="bbox 219 4351 1878 4424; baseline -0.003 -12"><span class='ocrx_word' id='word_1_306' title='bbox 219 4355 499 4424; x_wconf 80' lang='lat' dir='ltr'>voluerit,</span> <span class='ocrx_word' id='word_1_307' title='bbox 532 4371 668 4410; x_wconf 90' lang='lat' dir='ltr'>cum</span> <span class='ocrx_word' id='word_1_308' title='bbox 698 4351 926 4411; x_wconf 90' lang='lat' dir='ltr'>Dathan</span> <span class='ocrx_word' id='word_1_309' title='bbox 967 4358 1024 4411; x_wconf 90' lang='lat' dir='ltr'>et</span> <span class='ocrx_word' id='word_1_310' title='bbox 1074 4353 1314 4415; x_wconf 84' lang='lat' dir='ltr'>Abiron.</span> <span class='ocrx_word' id='word_1_311' title='bbox 1349 4352 1788 4409; x_wconf 90' lang='lat' dir='ltr'>damnationem</span> <span class='ocrx_word' id='word_1_312' title='bbox 1819 4351 1878 4407; x_wconf 92' lang='lat' dir='ltr'>in</span> 
     </span>
    </p>
   </div>
   <div class='ocr_carea' id='block_1_49' title="bbox 221 4440 1884 4516">
    <p class='ocr_par' dir='ltr' id='par_1_49' title="bbox 221 4440 1884 4516">
     <span class='ocr_line' id='line_1_49' title="bbox 221 4440 1884 4516; baseline -0.003 -14"><span class='ocrx_word' id='word_1_313' title='bbox 221 4445 460 4502; x_wconf 85' lang='lat' dir='ltr'>inferno</span> <span class='ocrx_word' id='word_1_314' title='bbox 489 4443 757 4516; x_wconf 89' lang='lat' dir='ltr'>accipiat,</span> <span class='ocrx_word' id='word_1_315' title='bbox 790 4443 904 4499; x_wconf 91' lang='lat' dir='ltr'>nisi</span> <span class='ocrx_word' id='word_1_316' title='bbox 936 4442 1244 4516; x_wconf 87' lang='lat' dir='ltr'>resipuerit</span> <span class='ocrx_word' id='word_1_317' title='bbox 1273 4446 1331 4498; x_wconf 90' lang='lat' dir='ltr'>et</span> <span class='ocrx_word' id='word_1_318' title='bbox 1360 4443 1432 4498; x_wconf 93' lang='lat' dir='ltr'>ad</span> <span class='ocrx_word' id='word_1_319' title='bbox 1465 4440 1884 4497; x_wconf 85' lang='lat' dir='ltr'>satisfactionis</span> 
     </span>
    </p>
   </div>
   <div class='ocr_carea' id='block_1_50' title="bbox 222 4530 1958 4621">
    <p class='ocr_par' dir='ltr' id='par_1_50' title="bbox 222 4530 1958 4621">
     <span class='ocr_line' id='line_1_50' title="bbox 222 4530 1958 4621; baseline -0.004 -30"><span class='ocrx_word' id='word_1_320' title='bbox 222 4533 558 4591; x_wconf 85' lang='lat' dir='ltr'>remedium</span> <span class='ocrx_word' id='word_1_321' title='bbox 581 4533 1139 4621; x_wconf 83' lang='lat' dir='ltr'>confugerit.Testes</span> <span class='ocrx_word' id='word_1_322' title='bbox 1161 4548 1229 4587; x_wconf 83' lang='lat' dir='ltr'>ex</span> <span class='ocrx_word' id='word_1_323' title='bbox 1250 4530 1882 4621; x_wconf 64' lang='lat' dir='ltr'>nostrapartefuerunt</span> <span class='ocrx_word' id='word_1_324' title='bbox 1913 4559 1958 4621; x_wconf 68' lang='grc' dir='ltr'>Ι)</span> 
     </span>
    </p>
   </div>
   <div class='ocr_carea' id='block_1_51' title="bbox 223 4619 1881 4692">
    <p class='ocr_par' dir='ltr' id='par_1_51' title="bbox 223 4619 1881 4692">
     <span class='ocr_line' id='line_1_51' title="bbox 223 4619 1881 4692; baseline -0.003 -13"><span class='ocrx_word' id='word_1_325' title='bbox 223 4623 306 4679; x_wconf 89' lang='lat' dir='ltr'>hii</span> <span class='ocrx_word' id='word_1_326' title='bbox 343 4639 359 4678; x_wconf 92' lang='lat'>:</span> <span class='ocrx_word' id='word_1_327' title='bbox 397 4620 744 4677; x_wconf 87' lang='lat' dir='ltr'>Gausfridus</span> <span class='ocrx_word' id='word_1_328' title='bbox 775 4638 970 4688; x_wconf 89' lang='lat' dir='ltr'>cocus,</span> <span class='ocrx_word' id='word_1_329' title='bbox 1002 4621 1302 4677; x_wconf 86' lang='lat' dir='ltr'>Johannes</span> <span class='ocrx_word' id='word_1_330' title='bbox 1336 4619 1597 4692; x_wconf 87' lang='lat' dir='ltr'>janitor;</span> <span class='ocrx_word' id='word_1_331' title='bbox 1629 4619 1881 4674; x_wconf 84' lang='lat' dir='ltr'>Herveus</span> 
     </span>
    </p>
   </div>
   <div class='ocr_carea' id='block_1_52' title="bbox 223 4707 1884 4780">
    <p class='ocr_par' dir='ltr' id='par_1_52' title="bbox 223 4707 1884 4780">
     <span class='ocr_line' id='line_1_52' title="bbox 223 4707 1884 4780; baseline -0.005 -11"><span class='ocrx_word' id='word_1_332' title='bbox 223 4718 281 4769; x_wconf 82' lang='lat' dir='ltr'>et</span> <span class='ocrx_word' id='word_1_333' title='bbox 309 4710 655 4780; x_wconf 88' lang='lat' dir='ltr'>Durandus,</span> <span class='ocrx_word' id='word_1_334' title='bbox 688 4709 875 4778; x_wconf 83' lang='lat' dir='ltr'>fabri;</span> <span class='ocrx_word' id='word_1_335' title='bbox 909 4708 1231 4776; x_wconf 89' lang='lat' dir='ltr'>Teduinus,</span> <span class='ocrx_word' id='word_1_336' title='bbox 1264 4708 1524 4764; x_wconf 87' lang='lat' dir='ltr'>Gaudius</span> <span class='ocrx_word' id='word_1_337' title='bbox 1556 4714 1612 4764; x_wconf 88' lang='lat' dir='ltr'>et</span> <span class='ocrx_word' id='word_1_338' title='bbox 1643 4707 1884 4762; x_wconf 86' lang='lat' dir='ltr'>Hardui-</span> 
     </span>
    </p>
   </div>
   <div class='ocr_carea' id='block_1_53' title="bbox 223 4795 1882 4866">
    <p class='ocr_par' dir='ltr' id='par_1_53' title="bbox 223 4795 1882 4866">
     <span class='ocr_line' id='line_1_53' title="bbox 223 4795 1882 4866; baseline -0.005 -8"><span class='ocrx_word' id='word_1_339' title='bbox 223 4818 363 4864; x_wconf 87' lang='lat' dir='ltr'>nus,</span> <span class='ocrx_word' id='word_1_340' title='bbox 419 4800 670 4866; x_wconf 85' lang='lat' dir='ltr'>fratres;</span> <span class='ocrx_word' id='word_1_341' title='bbox 704 4798 1057 4854; x_wconf 89' lang='lat' dir='ltr'>Laurentius</span> <span class='ocrx_word' id='word_1_342' title='bbox 1113 4796 1531 4864; x_wconf 90' lang='lat' dir='ltr'>cubicularius,</span> <span class='ocrx_word' id='word_1_343' title='bbox 1590 4795 1882 4852; x_wconf 90' lang='lat' dir='ltr'>Laurinus</span> 
     </span>
    </p>
   </div>
   <div class='ocr_carea' id='block_1_54' title="bbox 222 4883 1884 4962">
    <p class='ocr_par' dir='ltr' id='par_1_54' title="bbox 222 4883 1884 4962">
     <span class='ocr_line' id='line_1_54' title="bbox 222 4883 1884 4962; baseline -0.004 -16"><span class='ocrx_word' id='word_1_344' title='bbox 222 4889 456 4962; x_wconf 79' lang='lat' dir='ltr'>auriga,</span> <span class='ocrx_word' id='word_1_345' title='bbox 489 4887 809 4944; x_wconf 80' lang='lat' dir='ltr'>Adventius</span> <span class='ocrx_word' id='word_1_346' title='bbox 858 4885 1098 4960; x_wconf 88' lang='lat' dir='ltr'>Sophia,</span> <span class='ocrx_word' id='word_1_347' title='bbox 1130 4885 1565 4959; x_wconf 88' lang='lat' dir='ltr'>Engelbaudus,</span> <span class='ocrx_word' id='word_1_348' title='bbox 1600 4883 1884 4941; x_wconf 89' lang='lat' dir='ltr'>Gisleber-</span> 
     </span>
    </p>
   </div>
   <div class='ocr_carea' id='block_1_55' title="bbox 222 4984 411 5036">
    <p class='ocr_par' dir='ltr' id='par_1_55' title="bbox 222 4984 411 5036">
     <span class='ocr_line' id='line_1_55' title="bbox 222 4984 411 5036; baseline -0.005 -1"><span class='ocrx_word' id='word_1_349' title='bbox 222 4984 344 5036; x_wconf 85' lang='lat' dir='ltr'>tus.</span> <span class='ocrx_word' id='word_1_350' title='bbox 379 4998 411 5028; x_wconf 73' lang='grc' dir='ltr'><strong><em>η</em></strong></span> 
     </span>
    </p>
   </div>
   <div class='ocr_carea' id='block_1_56' title="bbox 731 5064 1372 5122">
    <p class='ocr_par' dir='ltr' id='par_1_56' title="bbox 731 5064 1372 5122">
     <span class='ocr_line' id='line_1_56' title="bbox 731 5064 1372 5122; baseline -0.006 0"><span class='ocrx_word' id='word_1_351' title='bbox 731 5065 989 5122; x_wconf 82' lang='lat' dir='ltr'>CAPITU</span> <span class='ocrx_word' id='word_1_352' title='bbox 1002 5064 1150 5122; x_wconf 89' lang='lat' dir='ltr'>LUM</span> <span class='ocrx_word' id='word_1_353' title='bbox 1187 5064 1372 5121; x_wconf 82' lang='lat' dir='ltr'>XCIV.</span> 
     </span>
    </p>
   </div>
   <div class='ocr_carea' id='block_1_57' title="bbox 546 5153 1570 5226">
    <p class='ocr_par' dir='ltr' id='par_1_57' title="bbox 546 5153 1570 5226">
     <span class='ocr_line' id='line_1_57' title="bbox 546 5153 1570 5226; baseline -0.003 -17"><span class='ocrx_word' id='word_1_354' title='bbox 546 5157 615 5210; x_wconf 79' lang='lat' dir='ltr'>In</span> <span class='ocrx_word' id='word_1_355' title='bbox 642 5155 742 5211; x_wconf 74' lang='lat' dir='ltr'>Dei</span> <span class='ocrx_word' id='word_1_356' title='bbox 766 5155 995 5211; x_wconf 66' lang='lat' dir='ltr'>ecclesia</span> <span class='ocrx_word' id='word_1_357' title='bbox 1027 5153 1370 5226; x_wconf 69' lang='lat' dir='ltr'>Speltereolis</span> <span class='ocrx_word' id='word_1_358' title='bbox 1396 5153 1570 5210; x_wconf 69' lang='lat' dir='ltr'>villae.</span> 
     </span>
    </p>
   </div>
   <div class='ocr_carea' id='block_1_58' title="bbox 827 5243 1298 5312">
    <p class='ocr_par' dir='ltr' id='par_1_58' title="bbox 827 5243 1298 5312">
     <span class='ocr_line' id='line_1_58' title="bbox 827 5243 1298 5312; baseline -0.006 -13"><span class='ocrx_word' id='word_1_359' title='bbox 827 5244 996 5312; x_wconf 86' lang='lat' dir='ltr'>(Ante</span> <span class='ocrx_word' id='word_1_360' title='bbox 1025 5261 1078 5297; x_wconf 85' lang='lat' dir='ltr'>a.</span> <span class='ocrx_word' id='word_1_361' title='bbox 1114 5243 1298 5310; x_wconf 83' lang='lat'>1080.)</span> 
     </span>
    </p>
   </div>
   <div class='ocr_carea' id='block_1_59' title="bbox 300 5337 1882 5400">
    <p class='ocr_par' dir='ltr' id='par_1_59' title="bbox 300 5337 1882 5400">
     <span class='ocr_line' id='line_1_59' title="bbox 300 5337 1882 5400; baseline -0.001 -4"><span class='ocrx_word' id='word_1_362' title='bbox 300 5367 332 5396; x_wconf 75' lang='grc' dir='ltr'>ι(</span> <span class='ocrx_word' id='word_1_363' title='bbox 357 5343 425 5400; x_wconf 90' lang='lat' dir='ltr'>In</span> <span class='ocrx_word' id='word_1_364' title='bbox 456 5341 560 5398; x_wconf 88' lang='lat' dir='ltr'>Dei</span> <span class='ocrx_word' id='word_1_365' title='bbox 591 5346 647 5398; x_wconf 89' lang='lat' dir='ltr'>et</span> <span class='ocrx_word' id='word_1_366' title='bbox 671 5341 904 5398; x_wconf 89' lang='lat' dir='ltr'>Domini</span> <span class='ocrx_word' id='word_1_367' title='bbox 937 5340 1123 5396; x_wconf 88' lang='lat' dir='ltr'>nostri</span> <span class='ocrx_word' id='word_1_368' title='bbox 1165 5340 1352 5396; x_wconf 87' lang='lat' dir='ltr'>Jhesu</span> <span class='ocrx_word' id='word_1_369' title='bbox 1385 5337 1597 5394; x_wconf 88' lang='lat' dir='ltr'>Christi</span> <span class='ocrx_word' id='word_1_370' title='bbox 1626 5337 1882 5394; x_wconf 88' lang='lat' dir='ltr'>nomine.</span> 
     </span>
    </p>
   </div>
   <div class='ocr_carea' id='block_1_60' title="bbox 226 5426 1888 5502">
    <p class='ocr_par' dir='ltr' id='par_1_60' title="bbox 226 5426 1888 5502">
     <span class='ocr_line' id='line_1_60' title="bbox 226 5426 1888 5502; baseline -0.005 -11"><span class='ocrx_word' id='word_1_371' title='bbox 226 5432 440 5491; x_wconf 88' lang='lat' dir='ltr'>Omnis</span> <span class='ocrx_word' id='word_1_372' title='bbox 471 5431 897 5487; x_wconf 89' lang='lat' dir='ltr'>monachorum</span> <span class='ocrx_word' id='word_1_373' title='bbox 931 5429 1301 5502; x_wconf 82' lang='lat' dir='ltr'>congregatio</span> <span class='ocrx_word' id='word_1_374' title='bbox 1333 5426 1522 5482; x_wconf 85' lang='lat' dir='ltr'>sancti</span> <span class='ocrx_word' id='word_1_375' title='bbox 1537 5426 1684 5482; x_wconf 87' lang='lat' dir='ltr'>Petri</span> <span class='ocrx_word' id='word_1_376' title='bbox 1700 5444 1888 5483; x_wconf 66' lang='lat' dir='ltr'>caeno-</span> 
     </span>
    </p>
   </div>
   <div class='ocr_carea' id='block_1_61' title="bbox 225 5515 1887 5588">
    <p class='ocr_par' dir='ltr' id='par_1_61' title="bbox 225 5515 1887 5588">
     <span class='ocr_line' id='line_1_61' title="bbox 225 5515 1887 5588; baseline -0.006 -8"><span class='ocrx_word' id='word_1_377' title='bbox 225 5523 308 5581; x_wconf 89' lang='lat' dir='ltr'>bii</span> <span class='ocrx_word' id='word_1_378' title='bbox 341 5520 955 5588; x_wconf 85' lang='lat' dir='ltr'>Carnotensis,notum</span> <span class='ocrx_word' id='word_1_379' title='bbox 988 5535 1116 5574; x_wconf 88' lang='lat' dir='ltr'>esse</span> <span class='ocrx_word' id='word_1_380' title='bbox 1146 5517 1415 5573; x_wconf 86' lang='lat' dir='ltr'>volumus</span> <span class='ocrx_word' id='word_1_381' title='bbox 1430 5515 1887 5572; x_wconf 81' lang='lat' dir='ltr'>omnibusChri-</span> 
     </span>
    </p>
   </div>
   <div class='ocr_carea' id='block_1_62' title="bbox 228 5601 1886 5681">
    <p class='ocr_par' dir='ltr' id='par_1_62' title="bbox 228 5601 1886 5681">
     <span class='ocr_line' id='line_1_62' title="bbox 228 5601 1886 5681; baseline -0.007 -10"><span class='ocrx_word' id='word_1_382' title='bbox 228 5611 440 5672; x_wconf 66' lang='lat' dir='ltr'>stiane</span> <span class='ocrx_word' id='word_1_383' title='bbox 465 5608 605 5667; x_wconf 79' lang='lat' dir='ltr'>ﬁdei</span> <span class='ocrx_word' id='word_1_384' title='bbox 635 5605 1148 5681; x_wconf 87' lang='lat' dir='ltr'>cultoribus,quod</span> <span class='ocrx_word' id='word_1_385' title='bbox 1179 5605 1418 5678; x_wconf 90' lang='lat' dir='ltr'>quidam</span> <span class='ocrx_word' id='word_1_386' title='bbox 1451 5601 1886 5673; x_wconf 89' lang='lat' dir='ltr'>miles,n0mine</span> 
     </span>
    </p>
   </div>
   <div class='ocr_carea' id='block_1_63' title="bbox 2000 532 3648 606">
    <p class='ocr_par' dir='ltr' id='par_1_63' title="bbox 2000 532 3648 606">
     <span class='ocr_line' id='line_1_63' title="bbox 2000 532 3648 606; baseline 0.002 -19"><span class='ocrx_word' id='word_1_387' title='bbox 2000 532 2735 601; x_wconf 81' lang='lat' dir='ltr'>coenobium,mcdictatem</span> <span class='ocrx_word' id='word_1_388' title='bbox 2768 533 3039 589; x_wconf 60' lang='lat' dir='ltr'>recolesiae</span> <span class='ocrx_word' id='word_1_389' title='bbox 3065 533 3133 588; x_wconf 92' lang='lat' dir='ltr'>de</span> <span class='ocrx_word' id='word_1_390' title='bbox 3166 532 3648 606; x_wconf 89' lang='lat' dir='ltr'>Spelterolisvilla</span> 
     </span>
    </p>
   </div>
   <div class='ocr_carea' id='block_1_64' title="bbox 1998 621 3645 694">
    <p class='ocr_par' dir='ltr' id='par_1_64' title="bbox 1998 621 3645 694">
     <span class='ocr_line' id='line_1_64' title="bbox 1998 621 3645 694; baseline 0.001 -17"><span class='ocrx_word' id='word_1_391' title='bbox 1998 626 2054 678; x_wconf 91' lang='lat' dir='ltr'>et</span> <span class='ocrx_word' id='word_1_392' title='bbox 2073 627 2285 677; x_wconf 84' lang='lat' dir='ltr'>terram</span> <span class='ocrx_word' id='word_1_393' title='bbox 2306 624 2487 677; x_wconf 88' lang='lat' dir='ltr'>duum</span> <span class='ocrx_word' id='word_1_394' title='bbox 2505 623 2682 678; x_wconf 90' lang='lat' dir='ltr'>boum</span> <span class='ocrx_word' id='word_1_395' title='bbox 2698 628 2898 678; x_wconf 87' lang='lat' dir='ltr'>sancto</span> <span class='ocrx_word' id='word_1_396' title='bbox 2918 626 3084 677; x_wconf 87' lang='lat' dir='ltr'>Petro</span> <span class='ocrx_word' id='word_1_397' title='bbox 3106 621 3645 694; x_wconf 81' lang='lat' dir='ltr'>dederit.recipiens</span> 
     </span>
    </p>
   </div>
   <div class='ocr_carea' id='block_1_65' title="bbox 1998 710 3646 784">
    <p class='ocr_par' dir='ltr' id='par_1_65' title="bbox 1998 710 3646 784">
     <span class='ocr_line' id='line_1_65' title="bbox 1998 710 3646 784; baseline 0 -18"><span class='ocrx_word' id='word_1_398' title='bbox 1998 728 2032 766; x_wconf 91' lang='lat' dir='ltr'>a</span> <span class='ocrx_word' id='word_1_399' title='bbox 2061 711 2228 766; x_wconf 90' lang='lat' dir='ltr'>nobis</span> <span class='ocrx_word' id='word_1_400' title='bbox 2261 713 2797 784; x_wconf 89' lang='lat' dir='ltr'>recompensatione</span> <span class='ocrx_word' id='word_1_401' title='bbox 2837 710 3130 768; x_wconf 83' lang='lat' dir='ltr'>orationes</span> <span class='ocrx_word' id='word_1_402' title='bbox 3161 711 3410 766; x_wconf 86' lang='lat' dir='ltr'>fratrum</span> <span class='ocrx_word' id='word_1_403' title='bbox 3443 715 3500 766; x_wconf 92' lang='lat' dir='ltr'>et</span> <span class='ocrx_word' id='word_1_404' title='bbox 3529 710 3646 767; x_wconf 90' lang='lat' dir='ltr'>alia</span> 
     </span>
    </p>
   </div>
   <div class='ocr_carea' id='block_1_66' title="bbox 1996 799 3642 873">
    <p class='ocr_par' dir='ltr' id='par_1_66' title="bbox 1996 799 3642 873">
     <span class='ocr_line' id='line_1_66' title="bbox 1996 799 3642 873; baseline 0.002 -19"><span class='ocrx_word' id='word_1_405' title='bbox 1996 799 2409 856; x_wconf 65' lang='lat' dir='ltr'>misericordia:</span> <span class='ocrx_word' id='word_1_406' title='bbox 2445 817 2634 873; x_wconf 82' lang='lat' dir='ltr'>opera.</span> <span class='ocrx_word' id='word_1_407' title='bbox 2675 801 2807 868; x_wconf 88' lang='lat' dir='ltr'>Sed,</span> <span class='ocrx_word' id='word_1_408' title='bbox 2843 800 2981 873; x_wconf 86' lang='lat' dir='ltr'>quia</span> <span class='ocrx_word' id='word_1_409' title='bbox 3012 819 3102 856; x_wconf 86' lang='lat' dir='ltr'>res</span> <span class='ocrx_word' id='word_1_410' title='bbox 3134 801 3304 856; x_wconf 89' lang='lat' dir='ltr'>nobis</span> <span class='ocrx_word' id='word_1_411' title='bbox 3343 803 3484 856; x_wconf 89' lang='lat' dir='ltr'>tunc</span> <span class='ocrx_word' id='word_1_412' title='bbox 3515 817 3642 857; x_wconf 86' lang='lat' dir='ltr'>mo-</span> 
     </span>
    </p>
   </div>
   <div class='ocr_carea' id='block_1_67' title="bbox 1995 887 3639 962">
    <p class='ocr_par' dir='ltr' id='par_1_67' title="bbox 1995 887 3639 962">
     <span class='ocr_line' id='line_1_67' title="bbox 1995 887 3639 962; baseline 0.001 -19"><span class='ocrx_word' id='word_1_413' title='bbox 1995 888 2126 944; x_wconf 91' lang='lat' dir='ltr'>dica</span> <span class='ocrx_word' id='word_1_414' title='bbox 2149 893 2206 944; x_wconf 90' lang='lat' dir='ltr'>et</span> <span class='ocrx_word' id='word_1_415' title='bbox 2240 890 2603 946; x_wconf 80' lang='lat' dir='ltr'>infructuosa</span> <span class='ocrx_word' id='word_1_416' title='bbox 2632 890 2756 946; x_wconf 87' lang='lat' dir='ltr'>visa</span> <span class='ocrx_word' id='word_1_417' title='bbox 2787 895 2892 957; x_wconf 90' lang='lat' dir='ltr'>est,</span> <span class='ocrx_word' id='word_1_418' title='bbox 2927 894 2984 946; x_wconf 88' lang='lat' dir='ltr'>et</span> <span class='ocrx_word' id='word_1_419' title='bbox 3016 890 3118 944; x_wconf 77' lang='lat' dir='ltr'>filii</span> <span class='ocrx_word' id='word_1_420' title='bbox 3151 887 3407 962; x_wconf 64' lang='lat' dir='ltr'>pradicti</span> <span class='ocrx_word' id='word_1_421' title='bbox 3437 887 3639 946; x_wconf 89' lang='lat' dir='ltr'>militis</span> 
     </span>
    </p>
   </div>
   <div class='ocr_carea' id='block_1_68' title="bbox 1994 978 3636 1050">
    <p class='ocr_par' dir='ltr' id='par_1_68' title="bbox 1994 978 3636 1050">
     <span class='ocr_line' id='line_1_68' title="bbox 1994 978 3636 1050; baseline -0.001 -16"><span class='ocrx_word' id='word_1_422' title='bbox 1994 978 2508 1034; x_wconf 90' lang='lat' dir='ltr'>calumniabantur</span> <span class='ocrx_word' id='word_1_423' title='bbox 2538 978 2936 1044; x_wconf 88' lang='lat' dir='ltr'>eam,minime</span> <span class='ocrx_word' id='word_1_424' title='bbox 2968 978 3076 1034; x_wconf 90' lang='lat' dir='ltr'>fuit</span> <span class='ocrx_word' id='word_1_425' title='bbox 3107 997 3140 1034; x_wconf 91' lang='lat' dir='ltr'>a</span> <span class='ocrx_word' id='word_1_426' title='bbox 3161 978 3329 1034; x_wconf 91' lang='lat' dir='ltr'>nobis</span> <span class='ocrx_word' id='word_1_427' title='bbox 3344 993 3636 1050; x_wconf 88' lang='lat' dir='ltr'>possessa.</span> 
     </span>
    </p>
   </div>
   <div class='ocr_carea' id='block_1_69' title="bbox 1995 1065 3640 1140">
    <p class='ocr_par' dir='ltr' id='par_1_69' title="bbox 1995 1065 3640 1140">
     <span class='ocr_line' id='line_1_69' title="bbox 1995 1065 3640 1140; baseline -0.001 -17"><span class='ocrx_word' id='word_1_428' title='bbox 1995 1068 2128 1123; x_wconf 88' lang='lat' dir='ltr'>Post</span> <span class='ocrx_word' id='word_1_429' title='bbox 2158 1067 2411 1122; x_wconf 91' lang='lat' dir='ltr'>multum</span> <span class='ocrx_word' id='word_1_430' title='bbox 2444 1072 2636 1122; x_wconf 83' lang='lat' dir='ltr'>autem</span> <span class='ocrx_word' id='word_1_431' title='bbox 2669 1068 3250 1140; x_wconf 70' lang='lat' dir='ltr'>temporis,praefatus</span> <span class='ocrx_word' id='word_1_432' title='bbox 3275 1067 3443 1124; x_wconf 90' lang='lat' dir='ltr'>miles</span> <span class='ocrx_word' id='word_1_433' title='bbox 3464 1065 3640 1124; x_wconf 79' lang='lat' dir='ltr'>effici-</span> 
     </span>
    </p>
   </div>
   <div class='ocr_carea' id='block_1_70' title="bbox 1991 1154 3634 1230">
    <p class='ocr_par' dir='ltr' id='par_1_70' title="bbox 1991 1154 3634 1230">
     <span class='ocr_line' id='line_1_70' title="bbox 1991 1154 3634 1230; baseline 0.001 -20"><span class='ocrx_word' id='word_1_434' title='bbox 1991 1160 2092 1211; x_wconf 89' lang='lat' dir='ltr'>tur</span> <span class='ocrx_word' id='word_1_435' title='bbox 2120 1154 2442 1212; x_wconf 87' lang='lat' dir='ltr'>monachus</span> <span class='ocrx_word' id='word_1_436' title='bbox 2457 1156 2515 1211; x_wconf 90' lang='lat' dir='ltr'>in</span> <span class='ocrx_word' id='word_1_437' title='bbox 2531 1155 2896 1229; x_wconf 90' lang='lat' dir='ltr'>Burguliensi</span> <span class='ocrx_word' id='word_1_438' title='bbox 2913 1156 3255 1224; x_wconf 78' lang='lat' dir='ltr'>camoblo,et</span> <span class='ocrx_word' id='word_1_439' title='bbox 3267 1157 3401 1212; x_wconf 89' lang='lat' dir='ltr'>inde</span> <span class='ocrx_word' id='word_1_440' title='bbox 3413 1161 3634 1230; x_wconf 88' lang='lat' dir='ltr'>postea,</span> 
     </span>
    </p>
   </div>
   <div class='ocr_carea' id='block_1_71' title="bbox 1988 1243 3636 1317">
    <p class='ocr_par' dir='ltr' id='par_1_71' title="bbox 1988 1243 3636 1317">
     <span class='ocr_line' id='line_1_71' title="bbox 1988 1243 3636 1317; baseline 0.001 -18"><span class='ocrx_word' id='word_1_441' title='bbox 1988 1243 2211 1299; x_wconf 89' lang='lat' dir='ltr'>visendi</span> <span class='ocrx_word' id='word_1_442' title='bbox 2243 1243 2449 1317; x_wconf 86' lang='lat' dir='ltr'>gratia,</span> <span class='ocrx_word' id='word_1_443' title='bbox 2485 1244 2555 1300; x_wconf 88' lang='lat' dir='ltr'>ad</span> <span class='ocrx_word' id='word_1_444' title='bbox 2583 1262 2688 1300; x_wconf 90' lang='lat' dir='ltr'>nos</span> <span class='ocrx_word' id='word_1_445' title='bbox 2721 1244 2969 1310; x_wconf 89' lang='lat' dir='ltr'>rediens,</span> <span class='ocrx_word' id='word_1_446' title='bbox 3005 1243 3480 1300; x_wconf 84' lang='lat' dir='ltr'>incommoditate</span> <span class='ocrx_word' id='word_1_447' title='bbox 3506 1261 3636 1300; x_wconf 88' lang='lat' dir='ltr'>cor-</span> 
     </span>
    </p>
   </div>
   <div class='ocr_carea' id='block_1_72' title="bbox 1989 1331 3635 1406">
    <p class='ocr_par' dir='ltr' id='par_1_72' title="bbox 1989 1331 3635 1406">
     <span class='ocr_line' id='line_1_72' title="bbox 1989 1331 3635 1406; baseline 0.001 -18"><span class='ocrx_word' id='word_1_448' title='bbox 1989 1333 2149 1406; x_wconf 91' lang='lat' dir='ltr'>poris</span> <span class='ocrx_word' id='word_1_449' title='bbox 2179 1331 2429 1406; x_wconf 82' lang='lat' dir='ltr'>graviter</span> <span class='ocrx_word' id='word_1_450' title='bbox 2456 1333 2830 1406; x_wconf 88' lang='lat' dir='ltr'>tactus,apud</span> <span class='ocrx_word' id='word_1_451' title='bbox 2857 1350 2964 1388; x_wconf 91' lang='lat' dir='ltr'>nos</span> <span class='ocrx_word' id='word_1_452' title='bbox 2995 1332 3344 1404; x_wconf 85' lang='lat' dir='ltr'>obiit.Cujus</span> <span class='ocrx_word' id='word_1_453' title='bbox 3376 1333 3635 1389; x_wconf 88' lang='lat' dir='ltr'>animam</span> 
     </span>
    </p>
   </div>
   <div class='ocr_carea' id='block_1_73' title="bbox 1989 1420 3635 1492">
    <p class='ocr_par' dir='ltr' id='par_1_73' title="bbox 1989 1420 3635 1492">
     <span class='ocr_line' id='line_1_73' title="bbox 1989 1420 3635 1492; baseline 0.001 -16"><span class='ocrx_word' id='word_1_454' title='bbox 1989 1422 2131 1477; x_wconf 90' lang='lat' dir='ltr'>dum</span> <span class='ocrx_word' id='word_1_455' title='bbox 2162 1422 2390 1478; x_wconf 87' lang='lat' dir='ltr'>Christo</span> <span class='ocrx_word' id='word_1_456' title='bbox 2424 1439 2492 1478; x_wconf 83' lang='lat' dir='ltr'>ex</span> <span class='ocrx_word' id='word_1_457' title='bbox 2523 1438 2682 1478; x_wconf 90' lang='lat' dir='ltr'>more</span> <span class='ocrx_word' id='word_1_458' title='bbox 2725 1421 3373 1488; x_wconf 85' lang='lat' dir='ltr'>commendavissimus,</span> <span class='ocrx_word' id='word_1_459' title='bbox 3403 1420 3635 1492; x_wconf 80' lang='lat' dir='ltr'>glebam</span> 
     </span>
    </p>
   </div>
   <div class='ocr_carea' id='block_1_74' title="bbox 1990 1510 3636 1583">
    <p class='ocr_par' dir='ltr' id='par_1_74' title="bbox 1990 1510 3636 1583">
     <span class='ocr_line' id='line_1_74' title="bbox 1990 1510 3636 1583; baseline 0.001 -17"><span class='ocrx_word' id='word_1_460' title='bbox 1990 1512 2270 1583; x_wconf 91' lang='lat' dir='ltr'>corporis,</span> <span class='ocrx_word' id='word_1_461' title='bbox 2313 1528 2447 1566; x_wconf 90' lang='lat' dir='ltr'>cum</span> <span class='ocrx_word' id='word_1_462' title='bbox 2497 1512 2775 1568; x_wconf 84' lang='lat' dir='ltr'>fratribus</span> <span class='ocrx_word' id='word_1_463' title='bbox 2823 1511 3061 1578; x_wconf 83' lang='lat' dir='ltr'>nostris,</span> <span class='ocrx_word' id='word_1_464' title='bbox 3115 1522 3370 1583; x_wconf 77' lang='lat' dir='ltr'>congruo</span> <span class='ocrx_word' id='word_1_465' title='bbox 3419 1510 3636 1567; x_wconf 88' lang='lat' dir='ltr'>honore</span> 
     </span>
    </p>
   </div>
   <div class='ocr_carea' id='block_1_75' title="bbox 1989 1599 3636 1674">
    <p class='ocr_par' dir='ltr' id='par_1_75' title="bbox 1989 1599 3636 1674">
     <span class='ocr_line' id='line_1_75' title="bbox 1989 1599 3636 1674; baseline 0 -18"><span class='ocrx_word' id='word_1_466' title='bbox 1989 1600 2363 1673; x_wconf 90' lang='lat' dir='ltr'>sepelivinus.</span> <span class='ocrx_word' id='word_1_467' title='bbox 2421 1601 2569 1657; x_wconf 80' lang='lat' dir='ltr'>Uxor</span> <span class='ocrx_word' id='word_1_468' title='bbox 2624 1619 2855 1674; x_wconf 89' lang='lat' dir='ltr'>quoque</span> <span class='ocrx_word' id='word_1_469' title='bbox 2922 1601 3068 1671; x_wconf 86' lang='lat' dir='ltr'>ejus,</span> <span class='ocrx_word' id='word_1_470' title='bbox 3131 1600 3366 1656; x_wconf 90' lang='lat' dir='ltr'>nomine</span> <span class='ocrx_word' id='word_1_471' title='bbox 3429 1599 3636 1670; x_wconf 89' lang='lat' dir='ltr'>Olisia,</span> 
     </span>
    </p>
   </div>
   <div class='ocr_carea' id='block_1_76' title="bbox 1989 1687 3634 1762">
    <p class='ocr_par' dir='ltr' id='par_1_76' title="bbox 1989 1687 3634 1762">
     <span class='ocr_line' id='line_1_76' title="bbox 1989 1687 3634 1762; baseline 0 -18"><span class='ocrx_word' id='word_1_472' title='bbox 1989 1707 2166 1762; x_wconf 90' lang='lat' dir='ltr'>quam</span> <span class='ocrx_word' id='word_1_473' title='bbox 2217 1690 2529 1762; x_wconf 89' lang='lat' dir='ltr'>reliquerat</span> <span class='ocrx_word' id='word_1_474' title='bbox 2577 1691 2635 1744; x_wconf 89' lang='lat' dir='ltr'>in</span> <span class='ocrx_word' id='word_1_475' title='bbox 2690 1690 2886 1746; x_wconf 91' lang='lat' dir='ltr'>seculo</span> <span class='ocrx_word' id='word_1_476' title='bbox 2935 1706 3070 1745; x_wconf 91' lang='lat' dir='ltr'>cum</span> <span class='ocrx_word' id='word_1_477' title='bbox 3121 1689 3278 1756; x_wconf 85' lang='lat' dir='ltr'>ﬁliis,</span> <span class='ocrx_word' id='word_1_478' title='bbox 3313 1687 3634 1744; x_wconf 84' lang='lat' dir='ltr'>Gausberto</span> 
     </span>
    </p>
   </div>
   <div class='ocr_carea' id='block_1_77' title="bbox 1988 1777 3634 1852">
    <p class='ocr_par' dir='ltr' id='par_1_77' title="bbox 1988 1777 3634 1852">
     <span class='ocr_line' id='line_1_77' title="bbox 1988 1777 3634 1852; baseline -0.002 -16"><span class='ocrx_word' id='word_1_479' title='bbox 1988 1779 2211 1836; x_wconf 87' lang='lat' dir='ltr'>scilicet</span> <span class='ocrx_word' id='word_1_480' title='bbox 2240 1783 2414 1852; x_wconf 90' lang='lat' dir='ltr'>atque</span> <span class='ocrx_word' id='word_1_481' title='bbox 2462 1781 2738 1846; x_wconf 88' lang='lat' dir='ltr'>Guarino,</span> <span class='ocrx_word' id='word_1_482' title='bbox 2789 1780 3008 1836; x_wconf 92' lang='lat' dir='ltr'>ibidem</span> <span class='ocrx_word' id='word_1_483' title='bbox 3057 1779 3261 1835; x_wconf 86' lang='lat' dir='ltr'>adfuit.</span> <span class='ocrx_word' id='word_1_484' title='bbox 3295 1779 3403 1845; x_wconf 87' lang='lat' dir='ltr'>Qui</span> <span class='ocrx_word' id='word_1_485' title='bbox 3455 1777 3634 1835; x_wconf 90' lang='lat' dir='ltr'>simul</span> 
     </span>
    </p>
   </div>
   <div class='ocr_carea' id='block_1_78' title="bbox 1988 1866 3635 1942">
    <p class='ocr_par' dir='ltr' id='par_1_78' title="bbox 1988 1866 3635 1942">
     <span class='ocr_line' id='line_1_78' title="bbox 1988 1866 3635 1942; baseline -0.001 -18"><span class='ocrx_word' id='word_1_486' title='bbox 1988 1885 2123 1925; x_wconf 89' lang='lat' dir='ltr'>cum</span> <span class='ocrx_word' id='word_1_487' title='bbox 2176 1874 2379 1937; x_wconf 89' lang='lat' dir='ltr'>matre,</span> <span class='ocrx_word' id='word_1_488' title='bbox 2414 1874 2545 1942; x_wconf 91' lang='lat' dir='ltr'>post</span> <span class='ocrx_word' id='word_1_489' title='bbox 2594 1869 3001 1925; x_wconf 89' lang='lat' dir='ltr'>humationem</span> <span class='ocrx_word' id='word_1_490' title='bbox 3050 1868 3256 1940; x_wconf 86' lang='lat' dir='ltr'>patris,</span> <span class='ocrx_word' id='word_1_491' title='bbox 3290 1872 3422 1923; x_wconf 89' lang='lat' dir='ltr'>ante</span> <span class='ocrx_word' id='word_1_492' title='bbox 3452 1866 3635 1923; x_wconf 90' lang='lat' dir='ltr'>altare</span> 
     </span>
    </p>
   </div>
   <div class='ocr_carea' id='block_1_79' title="bbox 1988 1957 3632 2032">
    <p class='ocr_par' dir='ltr' id='par_1_79' title="bbox 1988 1957 3632 2032">
     <span class='ocr_line' id='line_1_79' title="bbox 1988 1957 3632 2032; baseline -0.001 -18"><span class='ocrx_word' id='word_1_493' title='bbox 1988 1959 2382 2032; x_wconf 88' lang='lat' dir='ltr'>apostolorum</span> <span class='ocrx_word' id='word_1_494' title='bbox 2418 1959 2569 2014; x_wconf 91' lang='lat' dir='ltr'>Petri</span> <span class='ocrx_word' id='word_1_495' title='bbox 2602 1964 2660 2014; x_wconf 91' lang='lat' dir='ltr'>et</span> <span class='ocrx_word' id='word_1_496' title='bbox 2707 1959 2868 2013; x_wconf 89' lang='lat' dir='ltr'>Pauli</span> <span class='ocrx_word' id='word_1_497' title='bbox 2902 1961 3301 2031; x_wconf 85' lang='lat' dir='ltr'>properantes,</span> <span class='ocrx_word' id='word_1_498' title='bbox 3335 1957 3632 2030; x_wconf 64' lang='lat' dir='ltr'>praefatam</span> 
     </span>
    </p>
   </div>
   <div class='ocr_carea' id='block_1_80' title="bbox 1987 2043 3634 2116">
    <p class='ocr_par' dir='ltr' id='par_1_80' title="bbox 1987 2043 3634 2116">
     <span class='ocr_line' id='line_1_80' title="bbox 1987 2043 3634 2116; baseline -0.001 -15"><span class='ocrx_word' id='word_1_499' title='bbox 1987 2045 2291 2101; x_wconf 87' lang='lat' dir='ltr'>ecclesiam</span> <span class='ocrx_word' id='word_1_500' title='bbox 2327 2060 2460 2101; x_wconf 87' lang='lat' dir='ltr'>cum</span> <span class='ocrx_word' id='word_1_501' title='bbox 2479 2047 2625 2101; x_wconf 86' lang='lat' dir='ltr'>atrio</span> <span class='ocrx_word' id='word_1_502' title='bbox 2659 2045 3039 2101; x_wconf 90' lang='lat' dir='ltr'>etmedietate</span> <span class='ocrx_word' id='word_1_503' title='bbox 3054 2043 3634 2116; x_wconf 71' lang='lat' dir='ltr'>decimae,proanima</span> 
     </span>
    </p>
   </div>
   <div class='ocr_carea' id='block_1_81' title="bbox 1987 2133 3634 2208">
    <p class='ocr_par' dir='ltr' id='par_1_81' title="bbox 1987 2133 3634 2208">
     <span class='ocr_line' id='line_1_81' title="bbox 1987 2133 3634 2208; baseline -0.001 -19"><span class='ocrx_word' id='word_1_504' title='bbox 1987 2135 2191 2208; x_wconf 86' lang='lat' dir='ltr'>patris,</span> <span class='ocrx_word' id='word_1_505' title='bbox 2235 2135 2359 2206; x_wconf 90' lang='lat' dir='ltr'>pari</span> <span class='ocrx_word' id='word_1_506' title='bbox 2407 2139 2537 2190; x_wconf 88' lang='lat' dir='ltr'>voto</span> <span class='ocrx_word' id='word_1_507' title='bbox 2587 2134 2817 2207; x_wconf 91' lang='lat' dir='ltr'>publice</span> <span class='ocrx_word' id='word_1_508' title='bbox 2865 2133 3256 2202; x_wconf 88' lang='lat' dir='ltr'>contulerunt,</span> <span class='ocrx_word' id='word_1_509' title='bbox 3299 2137 3634 2204; x_wconf 87' lang='lat' dir='ltr'>terramque</span> 
     </span>
    </p>
   </div>
   <div class='ocr_carea' id='block_1_82' title="bbox 1987 2221 3636 2294">
    <p class='ocr_par' dir='ltr' id='par_1_82' title="bbox 1987 2221 3636 2294">
     <span class='ocr_line' id='line_1_82' title="bbox 1987 2221 3636 2294; baseline -0.002 -15"><span class='ocrx_word' id='word_1_510' title='bbox 1987 2223 2164 2279; x_wconf 90' lang='lat' dir='ltr'>unius</span> <span class='ocrx_word' id='word_1_511' title='bbox 2195 2223 2332 2279; x_wconf 89' lang='lat' dir='ltr'>artri</span> <span class='ocrx_word' id='word_1_512' title='bbox 2360 2243 2372 2293; x_wconf 91' lang='lat'>;</span> <span class='ocrx_word' id='word_1_513' title='bbox 2406 2241 2472 2280; x_wconf 92' lang='lat' dir='ltr'>ac</span> <span class='ocrx_word' id='word_1_514' title='bbox 2502 2224 2720 2280; x_wconf 90' lang='lat' dir='ltr'>donum</span> <span class='ocrx_word' id='word_1_515' title='bbox 2755 2239 2932 2294; x_wconf 90' lang='lat' dir='ltr'>super</span> <span class='ocrx_word' id='word_1_516' title='bbox 2955 2222 3133 2278; x_wconf 85' lang='lat' dir='ltr'>altare</span> <span class='ocrx_word' id='word_1_517' title='bbox 3168 2221 3636 2294; x_wconf 84' lang='lat' dir='ltr'>posuerunt,im-</span> 
     </span>
    </p>
   </div>
   <div class='ocr_carea' id='block_1_83' title="bbox 1987 2310 3636 2388">
    <p class='ocr_par' dir='ltr' id='par_1_83' title="bbox 1987 2310 3636 2388">
     <span class='ocr_line' id='line_1_83' title="bbox 1987 2310 3636 2388; baseline -0.001 -20"><span class='ocrx_word' id='word_1_518' title='bbox 1987 2318 2292 2386; x_wconf 90' lang='lat' dir='ltr'>precantes</span> <span class='ocrx_word' id='word_1_519' title='bbox 2321 2315 2499 2370; x_wconf 67' lang='lat' dir='ltr'>Annae</span> <span class='ocrx_word' id='word_1_520' title='bbox 2530 2319 2586 2370; x_wconf 90' lang='lat' dir='ltr'>et</span> <span class='ocrx_word' id='word_1_521' title='bbox 2616 2313 3110 2388; x_wconf 61' lang='lat' dir='ltr'>Caiphae,Anania</span> <span class='ocrx_word' id='word_1_522' title='bbox 3139 2316 3196 2367; x_wconf 91' lang='lat' dir='ltr'>et</span> <span class='ocrx_word' id='word_1_523' title='bbox 3226 2310 3484 2384; x_wconf 76' lang='lat' dir='ltr'>Saphirze</span> <span class='ocrx_word' id='word_1_524' title='bbox 3516 2325 3636 2366; x_wconf 87' lang='lat' dir='ltr'>ma-</span> 
     </span>
    </p>
   </div>
   <div class='ocr_carea' id='block_1_84' title="bbox 1987 2399 3636 2476">
    <p class='ocr_par' dir='ltr' id='par_1_84' title="bbox 1987 2399 3636 2476">
     <span class='ocr_line' id='line_1_84' title="bbox 1987 2399 3636 2476; baseline -0.001 -17"><span class='ocrx_word' id='word_1_525' title='bbox 1987 2404 2359 2460; x_wconf 89' lang='lat' dir='ltr'>ledictionem</span> <span class='ocrx_word' id='word_1_526' title='bbox 2401 2403 2676 2459; x_wconf 91' lang='lat' dir='ltr'>omnibus</span> <span class='ocrx_word' id='word_1_527' title='bbox 2726 2401 3182 2476; x_wconf 85' lang='lat' dir='ltr'>refragatoribus</span> <span class='ocrx_word' id='word_1_528' title='bbox 3230 2400 3409 2473; x_wconf 89' lang='lat' dir='ltr'>hujus</span> <span class='ocrx_word' id='word_1_529' title='bbox 3454 2399 3636 2475; x_wconf 86' lang='lat' dir='ltr'>largi-</span> 
     </span>
    </p>
   </div>
   <div class='ocr_carea' id='block_1_85' title="bbox 1987 2493 2250 2550">
    <p class='ocr_par' dir='ltr' id='par_1_85' title="bbox 1987 2493 2250 2550">
     <span class='ocr_line' id='line_1_85' title="bbox 1987 2493 2250 2550; baseline -0.008 0"><span class='ocrx_word' id='word_1_530' title='bbox 1987 2493 2184 2550; x_wconf 86' lang='lat' dir='ltr'>tionis.</span> <span class='ocrx_word' id='word_1_531' title='bbox 2224 2516 2250 2543; x_wconf 83' lang='lat'>»</span> 
     </span>
    </p>
   </div>
   <div class='ocr_carea' id='block_1_86' title="bbox 2500 2562 3116 2621">
    <p class='ocr_par' dir='ltr' id='par_1_86' title="bbox 2500 2562 3116 2621">
     <span class='ocr_line' id='line_1_86' title="bbox 2500 2562 3116 2621; baseline -0.002 -1"><span class='ocrx_word' id='word_1_532' title='bbox 2500 2563 2920 2621; x_wconf 88' lang='lat' dir='ltr'>CAPITULUM</span> <span class='ocrx_word' id='word_1_533' title='bbox 2960 2562 3116 2619; x_wconf 87' lang='lat' dir='ltr'>XCV.</span> 
     </span>
    </p>
   </div>
   <div class='ocr_carea' id='block_1_87' title="bbox 2119 2633 3505 2705">
    <p class='ocr_par' dir='ltr' id='par_1_87' title="bbox 2119 2633 3505 2705">
     <span class='ocr_line' id='line_1_87' title="bbox 2119 2633 3505 2705; baseline -0.004 -11"><span class='ocrx_word' id='word_1_534' title='bbox 2119 2639 2196 2694; x_wconf 77' lang='lat' dir='ltr'>De</span> <span class='ocrx_word' id='word_1_535' title='bbox 2223 2636 2380 2693; x_wconf 64' lang='lat' dir='ltr'>alario</span> <span class='ocrx_word' id='word_1_536' title='bbox 2409 2636 2531 2694; x_wconf 82' lang='lat' dir='ltr'>dato</span> <span class='ocrx_word' id='word_1_537' title='bbox 2561 2655 2595 2692; x_wconf 92' lang='lat' dir='ltr'>a</span> <span class='ocrx_word' id='word_1_538' title='bbox 2624 2639 2929 2692; x_wconf 78' lang='lat' dir='ltr'>Haimcrico</span> <span class='ocrx_word' id='word_1_539' title='bbox 2956 2635 3022 2692; x_wconf 84' lang='lat' dir='ltr'>de</span> <span class='ocrx_word' id='word_1_540' title='bbox 3055 2635 3310 2691; x_wconf 78' lang='lat' dir='ltr'>Vibrante</span> <span class='ocrx_word' id='word_1_541' title='bbox 3338 2633 3505 2705; x_wconf 85' lang='lat' dir='ltr'>Lupo.</span> 
     </span>
    </p>
   </div>
   <div class='ocr_carea' id='block_1_88' title="bbox 2450 2724 3171 2797">
    <p class='ocr_par' dir='ltr' id='par_1_88' title="bbox 2450 2724 3171 2797">
     <span class='ocr_line' id='line_1_88' title="bbox 2450 2724 3171 2797; baseline -0.004 -16"><span class='ocrx_word' id='word_1_542' title='bbox 2450 2727 2637 2797; x_wconf 88' lang='lat' dir='ltr'>(Anno</span> <span class='ocrx_word' id='word_1_543' title='bbox 2670 2726 2802 2780; x_wconf 90' lang='grc'>1081</span> <span class='ocrx_word' id='word_1_544' title='bbox 2838 2724 2957 2780; x_wconf 91' lang='lat' dir='ltr'>sive</span> <span class='ocrx_word' id='word_1_545' title='bbox 2989 2725 3171 2792; x_wconf 85' lang='grc'>1082.)</span> 
     </span>
    </p>
   </div>
   <div class='ocr_carea' id='block_1_89' title="bbox 2059 2810 3634 2886">
    <p class='ocr_par' dir='ltr' id='par_1_89' title="bbox 2059 2810 3634 2886">
     <span class='ocr_line' id='line_1_89' title="bbox 2059 2810 3634 2886; baseline 0.001 -20"><span class='ocrx_word' id='word_1_546' title='bbox 2059 2839 2086 2867; x_wconf 92' lang='grc'><em>‹‹</em></span> <span class='ocrx_word' id='word_1_547' title='bbox 2125 2817 2188 2870; x_wconf 90' lang='lat' dir='ltr'>In</span> <span class='ocrx_word' id='word_1_548' title='bbox 2232 2814 2445 2871; x_wconf 87' lang='lat' dir='ltr'>Christi</span> <span class='ocrx_word' id='word_1_549' title='bbox 2497 2814 2754 2870; x_wconf 90' lang='lat' dir='ltr'>nomine.</span> <span class='ocrx_word' id='word_1_550' title='bbox 2789 2814 2906 2886; x_wconf 87' lang='lat' dir='ltr'>Ego</span> <span class='ocrx_word' id='word_1_551' title='bbox 2958 2812 3242 2869; x_wconf 89' lang='lat' dir='ltr'>Girardus</span> <span class='ocrx_word' id='word_1_552' title='bbox 3290 2810 3468 2884; x_wconf 86' lang='lat' dir='ltr'>prior,</span> <span class='ocrx_word' id='word_1_553' title='bbox 3499 2827 3634 2868; x_wconf 90' lang='lat' dir='ltr'>cum</span> 
     </span>
    </p>
   </div>
   <div class='ocr_carea' id='block_1_90' title="bbox 1987 2900 3635 2960">
    <p class='ocr_par' dir='ltr' id='par_1_90' title="bbox 1987 2900 3635 2960">
     <span class='ocr_line' id='line_1_90' title="bbox 1987 2900 3635 2960; baseline -0.002 0"><span class='ocrx_word' id='word_1_554' title='bbox 1987 2904 2263 2960; x_wconf 90' lang='lat' dir='ltr'>omnibus</span> <span class='ocrx_word' id='word_1_555' title='bbox 2313 2903 2588 2960; x_wconf 87' lang='lat' dir='ltr'>fratribus</span> <span class='ocrx_word' id='word_1_556' title='bbox 2616 2902 2863 2958; x_wconf 73' lang='lat' dir='ltr'>cmnobii</span> <span class='ocrx_word' id='word_1_557' title='bbox 2897 2901 3082 2958; x_wconf 89' lang='lat' dir='ltr'>sancti</span> <span class='ocrx_word' id='word_1_558' title='bbox 3136 2900 3285 2957; x_wconf 91' lang='lat' dir='ltr'>Petri</span> <span class='ocrx_word' id='word_1_559' title='bbox 3323 2903 3635 2957; x_wconf 84' lang='lat' dir='ltr'>Carnotcn-</span> 
     </span>
    </p>
   </div>
   <div class='ocr_carea' id='block_1_91' title="bbox 1987 2989 3637 3060">
    <p class='ocr_par' dir='ltr' id='par_1_91' title="bbox 1987 2989 3637 3060">
     <span class='ocr_line' id='line_1_91' title="bbox 1987 2989 3637 3060; baseline -0.004 -10"><span class='ocrx_word' id='word_1_560' title='bbox 1987 2993 2092 3060; x_wconf 91' lang='lat' dir='ltr'>sis,</span> <span class='ocrx_word' id='word_1_561' title='bbox 2125 2999 2330 3050; x_wconf 91' lang='lat' dir='ltr'>notum</span> <span class='ocrx_word' id='word_1_562' title='bbox 2363 3009 2490 3050; x_wconf 89' lang='lat' dir='ltr'>esse</span> <span class='ocrx_word' id='word_1_563' title='bbox 2521 2991 2790 3048; x_wconf 88' lang='lat' dir='ltr'>volumus</span> <span class='ocrx_word' id='word_1_564' title='bbox 2821 2991 3048 3048; x_wconf 90' lang='lat' dir='ltr'>cunctis</span> <span class='ocrx_word' id='word_1_565' title='bbox 3079 2989 3516 3046; x_wconf 89' lang='lat' dir='ltr'>successoribus</span> <span class='ocrx_word' id='word_1_566' title='bbox 3538 3006 3637 3045; x_wconf 92' lang='lat' dir='ltr'>no-</span> 
     </span>
    </p>
   </div>
   <div class='ocr_carea' id='block_1_92' title="bbox 1989 3077 3633 3154">
    <p class='ocr_par' dir='ltr' id='par_1_92' title="bbox 1989 3077 3633 3154">
     <span class='ocr_line' id='line_1_92' title="bbox 1989 3077 3633 3154; baseline -0.004 -16"><span class='ocrx_word' id='word_1_567' title='bbox 1989 3083 2150 3152; x_wconf 90' lang='lat' dir='ltr'>stris,</span> <span class='ocrx_word' id='word_1_568' title='bbox 2184 3083 2337 3154; x_wconf 92' lang='lat' dir='ltr'>quod</span> <span class='ocrx_word' id='word_1_569' title='bbox 2371 3099 2438 3137; x_wconf 89' lang='lat' dir='ltr'>ea</span> <span class='ocrx_word' id='word_1_570' title='bbox 2470 3085 2814 3152; x_wconf 88' lang='lat' dir='ltr'>tempeslate</span> <span class='ocrx_word' id='word_1_571' title='bbox 2843 3096 2960 3151; x_wconf 93' lang='lat' dir='ltr'>qua</span> <span class='ocrx_word' id='word_1_572' title='bbox 2989 3079 3242 3134; x_wconf 87' lang='lat' dir='ltr'>domnus</span> <span class='ocrx_word' id='word_1_573' title='bbox 3281 3077 3633 3134; x_wconf 87' lang='lat' dir='ltr'>Eustachius</span> 
     </span>
    </p>
   </div>
   <div class='ocr_carea' id='block_1_93' title="bbox 1907 3164 3632 3253">
    <p class='ocr_par' dir='ltr' id='par_1_93' title="bbox 1907 3164 3632 3253">
     <span class='ocr_line' id='line_1_93' title="bbox 1907 3164 3632 3253; baseline -0.003 -25"><span class='ocrx_word' id='word_1_574' title='bbox 1907 3188 1950 3253; x_wconf 71' lang='grc' dir='ltr'><strong>ρ</strong></span> <span class='ocrx_word' id='word_1_575' title='bbox 1989 3173 2170 3228; x_wconf 89' lang='lat' dir='ltr'>abbas</span> <span class='ocrx_word' id='word_1_576' title='bbox 2204 3173 2397 3227; x_wconf 61' lang='lat' dir='ltr'>Romae</span> <span class='ocrx_word' id='word_1_577' title='bbox 2430 3171 2787 3236; x_wconf 89' lang='lat' dir='ltr'>morabatur,</span> <span class='ocrx_word' id='word_1_578' title='bbox 2820 3184 2953 3224; x_wconf 91' lang='lat' dir='ltr'>cum</span> <span class='ocrx_word' id='word_1_579' title='bbox 3003 3165 3312 3222; x_wconf 87' lang='lat' dir='ltr'>Gausfrido</span> <span class='ocrx_word' id='word_1_580' title='bbox 3359 3164 3632 3238; x_wconf 88' lang='lat' dir='ltr'>episcopo</span> 
     </span>
    </p>
   </div>
   <div class='ocr_carea' id='block_1_94' title="bbox 1989 3254 3634 3332">
    <p class='ocr_par' dir='ltr' id='par_1_94' title="bbox 1989 3254 3634 3332">
     <span class='ocr_line' id='line_1_94' title="bbox 1989 3254 3634 3332; baseline -0.005 -16"><span class='ocrx_word' id='word_1_581' title='bbox 1989 3267 2162 3332; x_wconf 91' lang='lat' dir='ltr'>atque</span> <span class='ocrx_word' id='word_1_582' title='bbox 2195 3257 2576 3315; x_wconf 89' lang='lat' dir='ltr'>Parisiacensi</span> <span class='ocrx_word' id='word_1_583' title='bbox 2601 3257 2892 3330; x_wconf 89' lang='lat' dir='ltr'>episcopo,</span> <span class='ocrx_word' id='word_1_584' title='bbox 2926 3259 2990 3311; x_wconf 89' lang='lat' dir='ltr'>ut</span> <span class='ocrx_word' id='word_1_585' title='bbox 3019 3255 3235 3328; x_wconf 90' lang='lat' dir='ltr'>pariter</span> <span class='ocrx_word' id='word_1_586' title='bbox 3263 3254 3634 3310; x_wconf 88' lang='lat' dir='ltr'>ostenderent</span> 
     </span>
    </p>
   </div>
   <div class='ocr_carea' id='block_1_95' title="bbox 1988 3339 3636 3420">
    <p class='ocr_par' dir='ltr' id='par_1_95' title="bbox 1988 3339 3636 3420">
     <span class='ocr_line' id='line_1_95' title="bbox 1988 3339 3636 3420; baseline -0.006 -16"><span class='ocrx_word' id='word_1_587' title='bbox 1988 3349 2207 3420; x_wconf 91' lang='lat' dir='ltr'>injuste</span> <span class='ocrx_word' id='word_1_588' title='bbox 2239 3347 2524 3420; x_wconf 88' lang='lat' dir='ltr'>prolatam</span> <span class='ocrx_word' id='word_1_589' title='bbox 2552 3362 2679 3402; x_wconf 88' lang='lat' dir='ltr'>esse</span> <span class='ocrx_word' id='word_1_590' title='bbox 2710 3340 3373 3400; x_wconf 79' lang='lat' dir='ltr'>excommunicationem</span> <span class='ocrx_word' id='word_1_591' title='bbox 3412 3339 3471 3394; x_wconf 88' lang='lat' dir='ltr'>in</span> <span class='ocrx_word' id='word_1_592' title='bbox 3503 3356 3636 3395; x_wconf 90' lang='lat' dir='ltr'>con-</span> 
     </span>
    </p>
   </div>
   <div class='ocr_carea' id='block_1_96' title="bbox 1988 3428 3636 3506">
    <p class='ocr_par' dir='ltr' id='par_1_96' title="bbox 1988 3428 3636 3506">
     <span class='ocr_line' id='line_1_96' title="bbox 1988 3428 3636 3506; baseline -0.005 -12"><span class='ocrx_word' id='word_1_593' title='bbox 1988 3437 2120 3494; x_wconf 89' lang='lat' dir='ltr'>cilio</span> <span class='ocrx_word' id='word_1_594' title='bbox 2153 3436 2525 3492; x_wconf 78' lang='lat' dir='ltr'>Exodunensi</span> <span class='ocrx_word' id='word_1_595' title='bbox 2553 3435 2624 3490; x_wconf 89' lang='lat' dir='ltr'>ab</span> <span class='ocrx_word' id='word_1_596' title='bbox 2659 3433 2928 3506; x_wconf 89' lang='lat' dir='ltr'>episcopo</span> <span class='ocrx_word' id='word_1_597' title='bbox 2962 3428 3158 3487; x_wconf 88' lang='lat' dir='ltr'>Diensi</span> <span class='ocrx_word' id='word_1_598' title='bbox 3191 3429 3434 3504; x_wconf 88' lang='lat' dir='ltr'>Hugone</span> <span class='ocrx_word' id='word_1_599' title='bbox 3457 3445 3636 3502; x_wconf 89' lang='lat' dir='ltr'>super</span> 
     </span>
    </p>
   </div>
   <div class='ocr_carea' id='block_1_97' title="bbox 1985 3515 3635 3592">
    <p class='ocr_par' dir='ltr' id='par_1_97' title="bbox 1985 3515 3635 3592">
     <span class='ocr_line' id='line_1_97' title="bbox 1985 3515 3635 3592; baseline -0.006 -12"><span class='ocrx_word' id='word_1_600' title='bbox 1985 3524 2364 3580; x_wconf 86' lang='lat' dir='ltr'>Gausfridum</span> <span class='ocrx_word' id='word_1_601' title='bbox 2414 3519 2858 3578; x_wconf 89' lang='lat' dir='ltr'>Carnotcnsium</span> <span class='ocrx_word' id='word_1_602' title='bbox 2910 3517 3238 3592; x_wconf 78' lang='lat' dir='ltr'>praesulem,</span> <span class='ocrx_word' id='word_1_603' title='bbox 3269 3515 3536 3573; x_wconf 88' lang='lat' dir='ltr'>videlicet</span> <span class='ocrx_word' id='word_1_604' title='bbox 3574 3515 3635 3570; x_wconf 93' lang='lat' dir='ltr'>in</span> 
     </span>
    </p>
   </div>
   <div class='ocr_carea' id='block_1_98' title="bbox 1987 3603 3636 3688">
    <p class='ocr_par' dir='ltr' id='par_1_98' title="bbox 1987 3603 3636 3688">
     <span class='ocr_line' id='line_1_98' title="bbox 1987 3603 3636 3688; baseline -0.007 -18"><span class='ocrx_word' id='word_1_605' title='bbox 1987 3612 2298 3688; x_wconf 81' lang='lat' dir='ltr'>praesentia</span> <span class='ocrx_word' id='word_1_606' title='bbox 2327 3611 2527 3667; x_wconf 90' lang='lat' dir='ltr'>domni</span> <span class='ocrx_word' id='word_1_607' title='bbox 2559 3608 2816 3682; x_wconf 86' lang='lat' dir='ltr'>Gregorii</span> <span class='ocrx_word' id='word_1_608' title='bbox 2870 3624 3030 3681; x_wconf 65' lang='lat' dir='ltr'>papa</span> <span class='ocrx_word' id='word_1_609' title='bbox 3077 3606 3200 3675; x_wconf 80' lang='lat' dir='ltr'><strong>VII,</strong></span> <span class='ocrx_word' id='word_1_610' title='bbox 3234 3621 3410 3678; x_wconf 90' lang='lat' dir='ltr'>quem</span> <span class='ocrx_word' id='word_1_611' title='bbox 3459 3603 3636 3661; x_wconf 90' lang='lat' dir='ltr'>etiam</span> 
     </span>
    </p>
   </div>
   <div class='ocr_carea' id='block_1_99' title="bbox 1985 3693 3641 3771">
    <p class='ocr_par' dir='ltr' id='par_1_99' title="bbox 1985 3693 3641 3771">
     <span class='ocr_line' id='line_1_99' title="bbox 1985 3693 3641 3771; baseline -0.006 -13"><span class='ocrx_word' id='word_1_612' title='bbox 1985 3706 2125 3758; x_wconf 89' lang='lat' dir='ltr'>tunc</span> <span class='ocrx_word' id='word_1_613' title='bbox 2158 3699 2469 3757; x_wconf 90' lang='lat' dir='ltr'>Hainricus</span> <span class='ocrx_word' id='word_1_614' title='bbox 2500 3699 2838 3771; x_wconf 87' lang='lat' dir='ltr'>imperator,</span> <span class='ocrx_word' id='word_1_615' title='bbox 2875 3713 3008 3752; x_wconf 92' lang='lat' dir='ltr'>cum</span> <span class='ocrx_word' id='word_1_616' title='bbox 3039 3693 3383 3751; x_wconf 88' lang='lat' dir='ltr'>Alamannis</span> <span class='ocrx_word' id='word_1_617' title='bbox 3407 3697 3464 3750; x_wconf 90' lang='lat' dir='ltr'>et</span> <span class='ocrx_word' id='word_1_618' title='bbox 3495 3693 3641 3749; x_wconf 90' lang='lat' dir='ltr'>Lan-</span> 
     </span>
    </p>
   </div>
   <div class='ocr_carea' id='block_1_100' title="bbox 1985 3780 3638 3864">
    <p class='ocr_par' dir='ltr' id='par_1_100' title="bbox 1985 3780 3638 3864">
     <span class='ocr_line' id='line_1_100' title="bbox 1985 3780 3638 3864; baseline -0.005 -18"><span class='ocrx_word' id='word_1_619' title='bbox 1985 3790 2282 3864; x_wconf 86' lang='lat' dir='ltr'>gobardis,</span> <span class='ocrx_word' id='word_1_620' title='bbox 2307 3788 2662 3856; x_wconf 88' lang='lat' dir='ltr'>debellabat;</span> <span class='ocrx_word' id='word_1_621' title='bbox 2688 3805 2776 3854; x_wconf 90' lang='lat' dir='ltr'>ea,</span> <span class='ocrx_word' id='word_1_622' title='bbox 2811 3786 3077 3858; x_wconf 90' lang='lat' dir='ltr'>inquam,</span> <span class='ocrx_word' id='word_1_623' title='bbox 3109 3785 3474 3856; x_wconf 89' lang='lat' dir='ltr'>tempestate,</span> <span class='ocrx_word' id='word_1_624' title='bbox 3508 3780 3638 3854; x_wconf 90' lang='lat' dir='ltr'>qui-</span> 
     </span>
    </p>
   </div>
   <div class='ocr_carea' id='block_1_101' title="bbox 1985 3869 3636 3942">
    <p class='ocr_par' dir='ltr' id='par_1_101' title="bbox 1985 3869 3636 3942">
     <span class='ocr_line' id='line_1_101' title="bbox 1985 3869 3636 3942; baseline -0.007 -8"><span class='ocrx_word' id='word_1_625' title='bbox 1985 3879 2120 3934; x_wconf 89' lang='lat' dir='ltr'>dam</span> <span class='ocrx_word' id='word_1_626' title='bbox 2153 3877 2341 3942; x_wconf 90' lang='lat' dir='ltr'>miles,</span> <span class='ocrx_word' id='word_1_627' title='bbox 2375 3875 2654 3932; x_wconf 87' lang='lat' dir='ltr'>vocabulo</span> <span class='ocrx_word' id='word_1_628' title='bbox 2698 3872 3062 3930; x_wconf 88' lang='lat' dir='ltr'>Haimericus</span> <span class='ocrx_word' id='word_1_629' title='bbox 3091 3869 3344 3926; x_wconf 83' lang='lat' dir='ltr'>Vibrans</span> <span class='ocrx_word' id='word_1_630' title='bbox 3376 3874 3636 3942; x_wconf 88' lang='lat' dir='ltr'>Lupum,</span> 
     </span>
    </p>
   </div>
   <div class='ocr_carea' id='block_1_102' title="bbox 1986 3957 3637 4040">
    <p class='ocr_par' dir='ltr' id='par_1_102' title="bbox 1986 3957 3637 4040">
     <span class='ocr_line' id='line_1_102' title="bbox 1986 3957 3637 4040; baseline -0.005 -17"><span class='ocrx_word' id='word_1_631' title='bbox 1986 3967 2246 4040; x_wconf 87' lang='lat' dir='ltr'>corporis</span> <span class='ocrx_word' id='word_1_632' title='bbox 2278 3965 2616 4021; x_wconf 84' lang='lat' dir='ltr'>inﬁrmitate</span> <span class='ocrx_word' id='word_1_633' title='bbox 2647 3963 2920 4020; x_wconf 90' lang='lat' dir='ltr'>laborans</span> <span class='ocrx_word' id='word_1_634' title='bbox 2951 3978 3068 4034; x_wconf 90' lang='lat' dir='ltr'>qua</span> <span class='ocrx_word' id='word_1_635' title='bbox 3115 3963 3172 4015; x_wconf 89' lang='lat' dir='ltr'>et</span> <span class='ocrx_word' id='word_1_636' title='bbox 3197 3957 3364 4029; x_wconf 90' lang='lat' dir='ltr'>obiit,</span> <span class='ocrx_word' id='word_1_637' title='bbox 3393 3963 3460 4014; x_wconf 89' lang='lat' dir='ltr'>ut</span> <span class='ocrx_word' id='word_1_638' title='bbox 3506 3971 3637 4014; x_wconf 87' lang='lat' dir='ltr'>eva-</span> 
     </span>
    </p>
   </div>
   <div class='ocr_carea' id='block_1_103' title="bbox 1987 4042 3634 4126">
    <p class='ocr_par' dir='ltr' id='par_1_103' title="bbox 1987 4042 3634 4126">
     <span class='ocr_line' id='line_1_103' title="bbox 1987 4042 3634 4126; baseline -0.008 -14"><span class='ocrx_word' id='word_1_639' title='bbox 1987 4057 2150 4112; x_wconf 87' lang='lat' dir='ltr'>deret</span> <span class='ocrx_word' id='word_1_640' title='bbox 2177 4053 2387 4110; x_wconf 88' lang='lat' dir='ltr'>inferni</span> <span class='ocrx_word' id='word_1_641' title='bbox 2420 4070 2640 4126; x_wconf 73' lang='lat' dir='ltr'>pmnas,</span> <span class='ocrx_word' id='word_1_642' title='bbox 2664 4050 2987 4108; x_wconf 88' lang='lat' dir='ltr'>monachus</span> <span class='ocrx_word' id='word_1_643' title='bbox 3019 4049 3174 4108; x_wconf 69' lang='lat' dir='ltr'>arud</span> <span class='ocrx_word' id='word_1_644' title='bbox 3209 4063 3314 4103; x_wconf 93' lang='lat' dir='ltr'>nos</span> <span class='ocrx_word' id='word_1_645' title='bbox 3343 4042 3634 4114; x_wconf 82' lang='lat' dir='ltr'>efﬁcitur;</span> 
     </span>
    </p>
   </div>
   <div class='ocr_carea' id='block_1_104' title="bbox 1989 4131 3637 4216">
    <p class='ocr_par' dir='ltr' id='par_1_104' title="bbox 1989 4131 3637 4216">
     <span class='ocr_line' id='line_1_104' title="bbox 1989 4131 3637 4216; baseline -0.007 -16"><span class='ocrx_word' id='word_1_646' title='bbox 1989 4145 2201 4200; x_wconf 88' lang='lat' dir='ltr'>fundos</span> <span class='ocrx_word' id='word_1_647' title='bbox 2233 4160 2381 4216; x_wconf 90' lang='lat' dir='ltr'>quos</span> <span class='ocrx_word' id='word_1_648' title='bbox 2405 4143 2540 4214; x_wconf 91' lang='lat' dir='ltr'>jure</span> <span class='ocrx_word' id='word_1_649' title='bbox 2570 4139 2918 4197; x_wconf 90' lang='lat' dir='ltr'>hereditario</span> <span class='ocrx_word' id='word_1_650' title='bbox 2965 4136 3322 4212; x_wconf 89' lang='lat' dir='ltr'>possidebat,</span> <span class='ocrx_word' id='word_1_651' title='bbox 3348 4135 3516 4207; x_wconf 84' lang='lat' dir='ltr'>juxta</span> <span class='ocrx_word' id='word_1_652' title='bbox 3546 4131 3637 4190; x_wconf 94' lang='lat' dir='ltr'>lo-</span> 
     </span>
    </p>
   </div>
   <div class='ocr_carea' id='block_1_105' title="bbox 1990 4221 3636 4305">
    <p class='ocr_par' dir='ltr' id='par_1_105' title="bbox 1990 4221 3636 4305">
     <span class='ocr_line' id='line_1_105' title="bbox 1990 4221 3636 4305; baseline -0.008 -15"><span class='ocrx_word' id='word_1_653' title='bbox 1990 4251 2124 4290; x_wconf 92' lang='lat' dir='ltr'>cum</span> <span class='ocrx_word' id='word_1_654' title='bbox 2156 4233 2256 4305; x_wconf 92' lang='lat' dir='ltr'>qui</span> <span class='ocrx_word' id='word_1_655' title='bbox 2291 4230 2631 4288; x_wconf 83' lang='lat' dir='ltr'>Miseriacus</span> <span class='ocrx_word' id='word_1_656' title='bbox 2661 4231 2920 4294; x_wconf 88' lang='lat' dir='ltr'>vocatur,</span> <span class='ocrx_word' id='word_1_657' title='bbox 2951 4243 3087 4284; x_wconf 90' lang='lat' dir='ltr'>cum</span> <span class='ocrx_word' id='word_1_658' title='bbox 3117 4224 3308 4281; x_wconf 90' lang='lat' dir='ltr'>tribus</span> <span class='ocrx_word' id='word_1_659' title='bbox 3348 4221 3636 4278; x_wconf 88' lang='lat' dir='ltr'>militibus</span> 
     </span>
    </p>
   </div>
   <div class='ocr_carea' id='block_1_106' title="bbox 1992 4313 3637 4396">
    <p class='ocr_par' dir='ltr' id='par_1_106' title="bbox 1992 4313 3637 4396">
     <span class='ocr_line' id='line_1_106' title="bbox 1992 4313 3637 4396; baseline -0.009 -18"><span class='ocrx_word' id='word_1_660' title='bbox 1992 4322 2091 4396; x_wconf 92' lang='lat' dir='ltr'>qui</span> <span class='ocrx_word' id='word_1_661' title='bbox 2138 4339 2207 4378; x_wconf 87' lang='lat' dir='ltr'>ex</span> <span class='ocrx_word' id='word_1_662' title='bbox 2257 4325 2419 4394; x_wconf 86' lang='lat' dir='ltr'>parte</span> <span class='ocrx_word' id='word_1_663' title='bbox 2469 4319 2634 4375; x_wconf 86' lang='lat' dir='ltr'>fundi</span> <span class='ocrx_word' id='word_1_664' title='bbox 2688 4317 2876 4390; x_wconf 88' lang='lat' dir='ltr'>ipsius</span> <span class='ocrx_word' id='word_1_665' title='bbox 2925 4313 3095 4371; x_wconf 88' lang='lat' dir='ltr'>fevati</span> <span class='ocrx_word' id='word_1_666' title='bbox 3136 4317 3322 4377; x_wconf 88' lang='lat' dir='ltr'>erant,</span> <span class='ocrx_word' id='word_1_667' title='bbox 3355 4327 3474 4366; x_wconf 82' lang='lat' dir='ltr'>una</span> <span class='ocrx_word' id='word_1_668' title='bbox 3501 4326 3637 4366; x_wconf 90' lang='lat' dir='ltr'>cum</span> 
     </span>
    </p>
   </div>
   <div class='ocr_carea' id='block_1_107' title="bbox 1991 4398 3642 4480">
    <p class='ocr_par' dir='ltr' id='par_1_107' title="bbox 1991 4398 3642 4480">
     <span class='ocr_line' id='line_1_107' title="bbox 1991 4398 3642 4480; baseline -0.008 -13"><span class='ocrx_word' id='word_1_669' title='bbox 1991 4427 2278 4467; x_wconf 88' lang='lat' dir='ltr'>consensu</span> <span class='ocrx_word' id='word_1_670' title='bbox 2308 4409 2412 4464; x_wconf 80' lang='lat' dir='ltr'>filii</span> <span class='ocrx_word' id='word_1_671' title='bbox 2446 4408 2536 4464; x_wconf 93' lang='lat' dir='ltr'>sui</span> <span class='ocrx_word' id='word_1_672' title='bbox 2567 4406 2803 4480; x_wconf 89' lang='lat' dir='ltr'>Pagani.</span> <span class='ocrx_word' id='word_1_673' title='bbox 2834 4407 3037 4460; x_wconf 90' lang='lat' dir='ltr'>sancto</span> <span class='ocrx_word' id='word_1_674' title='bbox 3069 4403 3235 4458; x_wconf 92' lang='lat' dir='ltr'>Petro</span> <span class='ocrx_word' id='word_1_675' title='bbox 3269 4404 3326 4457; x_wconf 92' lang='lat' dir='ltr'>et</span> <span class='ocrx_word' id='word_1_676' title='bbox 3357 4398 3527 4455; x_wconf 90' lang='lat' dir='ltr'>nobis</span> <span class='ocrx_word' id='word_1_677' title='bbox 3557 4415 3642 4454; x_wconf 89' lang='lat' dir='ltr'>re-</span> 
     </span>
    </p>
   </div>
   <div class='ocr_carea' id='block_1_108' title="bbox 1991 4486 3639 4573">
    <p class='ocr_par' dir='ltr' id='par_1_108' title="bbox 1991 4486 3639 4573">
     <span class='ocr_line' id='line_1_108' title="bbox 1991 4486 3639 4573; baseline -0.008 -18"><span class='ocrx_word' id='word_1_678' title='bbox 1991 4499 2183 4573; x_wconf 91' lang='lat' dir='ltr'>liquit.</span> <span class='ocrx_word' id='word_1_679' title='bbox 2219 4499 2399 4570; x_wconf 89' lang='lat' dir='ltr'>Cujus</span> <span class='ocrx_word' id='word_1_680' title='bbox 2428 4497 2592 4552; x_wconf 83' lang='lat' dir='ltr'>fundi</span> <span class='ocrx_word' id='word_1_681' title='bbox 2626 4497 2845 4551; x_wconf 92' lang='lat' dir='ltr'>donum</span> <span class='ocrx_word' id='word_1_682' title='bbox 2877 4491 3036 4548; x_wconf 79' lang='lat' dir='ltr'>filius</span> <span class='ocrx_word' id='word_1_683' title='bbox 3076 4492 3203 4562; x_wconf 90' lang='lat' dir='ltr'>ejus</span> <span class='ocrx_word' id='word_1_684' title='bbox 3237 4504 3427 4573; x_wconf 12' lang='lat' dir='ltr'>super,</span> <span class='ocrx_word' id='word_1_685' title='bbox 3457 4486 3639 4542; x_wconf 88' lang='lat' dir='ltr'>altare</span> 
     </span>
    </p>
   </div>
   <div class='ocr_carea' id='block_1_109' title="bbox 1991 4572 3636 4657">
    <p class='ocr_par' dir='ltr' id='par_1_109' title="bbox 1991 4572 3636 4657">
     <span class='ocr_line' id='line_1_109' title="bbox 1991 4572 3636 4657; baseline -0.009 -15"><span class='ocrx_word' id='word_1_686' title='bbox 1991 4572 2328 4642; x_wconf 87' lang='lat' dir='ltr'>sanctorum</span> <span class='ocrx_word' id='word_1_687' title='bbox 2359 4583 2756 4657; x_wconf 87' lang='lat' dir='ltr'>apostolorum</span> <span class='ocrx_word' id='word_1_688' title='bbox 2789 4579 2938 4636; x_wconf 88' lang='lat' dir='ltr'>Petri</span> <span class='ocrx_word' id='word_1_689' title='bbox 2986 4583 3044 4633; x_wconf 82' lang='lat' dir='ltr'>et</span> <span class='ocrx_word' id='word_1_690' title='bbox 3073 4576 3234 4634; x_wconf 91' lang='lat' dir='ltr'>Pauli</span> <span class='ocrx_word' id='word_1_691' title='bbox 3268 4572 3500 4649; x_wconf 91' lang='lat' dir='ltr'>publice</span> <span class='ocrx_word' id='word_1_692' title='bbox 3533 4591 3636 4646; x_wconf 90' lang='lat' dir='ltr'>po-</span> 
     </span>
    </p>
   </div>
   <div class='ocr_carea' id='block_1_110' title="bbox 1992 4662 3640 4743">
    <p class='ocr_par' dir='ltr' id='par_1_110' title="bbox 1992 4662 3640 4743">
     <span class='ocr_line' id='line_1_110' title="bbox 1992 4662 3640 4743; baseline -0.008 -12"><span class='ocrx_word' id='word_1_693' title='bbox 1992 4676 2129 4743; x_wconf 88' lang='lat' dir='ltr'>suit,</span> <span class='ocrx_word' id='word_1_694' title='bbox 2163 4675 2298 4730; x_wconf 87' lang='lat' dir='ltr'>indc</span> <span class='ocrx_word' id='word_1_695' title='bbox 2330 4673 2546 4728; x_wconf 91' lang='lat' dir='ltr'>ibidem</span> <span class='ocrx_word' id='word_1_696' title='bbox 2578 4671 2866 4728; x_wconf 88' lang='lat' dir='ltr'>orationes</span> <span class='ocrx_word' id='word_1_697' title='bbox 2900 4669 3144 4724; x_wconf 86' lang='lat' dir='ltr'>fratrum</span> <span class='ocrx_word' id='word_1_698' title='bbox 3197 4663 3501 4736; x_wconf 90' lang='lat' dir='ltr'>recipiens.</span> <span class='ocrx_word' id='word_1_699' title='bbox 3534 4662 3640 4718; x_wconf 90' lang='lat' dir='ltr'>Cui</span> 
     </span>
    </p>
   </div>
   <div class='ocr_carea' id='block_1_111' title="bbox 1993 4749 3640 4834">
    <p class='ocr_par' dir='ltr' id='par_1_111' title="bbox 1993 4749 3640 4834">
     <span class='ocr_line' id='line_1_111' title="bbox 1993 4749 3640 4834; baseline -0.009 -14"><span class='ocrx_word' id='word_1_700' title='bbox 1993 4765 2144 4820; x_wconf 87' lang='lat' dir='ltr'>dono</span> <span class='ocrx_word' id='word_1_701' title='bbox 2198 4763 2246 4818; x_wconf 90' lang='lat' dir='ltr'>si</span> <span class='ocrx_word' id='word_1_702' title='bbox 2297 4761 2429 4834; x_wconf 91' lang='lat' dir='ltr'>quis</span> <span class='ocrx_word' id='word_1_703' title='bbox 2478 4761 2720 4833; x_wconf 89' lang='lat' dir='ltr'>inquam</span> <span class='ocrx_word' id='word_1_704' title='bbox 2768 4757 3055 4814; x_wconf 88' lang='lat' dir='ltr'>contraire</span> <span class='ocrx_word' id='word_1_705' title='bbox 3101 4750 3491 4827; x_wconf 86' lang='lat' dir='ltr'>temptaverit,</span> <span class='ocrx_word' id='word_1_706' title='bbox 3525 4749 3640 4807; x_wconf 91' lang='lat' dir='ltr'>nisi</span> 
     </span>
    </p>
   </div>
   <div class='ocr_carea' id='block_1_112' title="bbox 1993 4842 2864 4926">
    <p class='ocr_par' dir='ltr' id='par_1_112' title="bbox 1993 4842 2864 4926">
     <span class='ocr_line' id='line_1_112' title="bbox 1993 4842 2864 4926; baseline -0.016 -16"><span class='ocrx_word' id='word_1_707' title='bbox 1993 4851 2324 4926; x_wconf 90' lang='lat' dir='ltr'>resipuerit,</span> <span class='ocrx_word' id='word_1_708' title='bbox 2358 4842 2674 4907; x_wconf 90' lang='lat' dir='ltr'>anathema</span> <span class='ocrx_word' id='word_1_709' title='bbox 2703 4847 2800 4904; x_wconf 87' lang='lat' dir='ltr'>sit.</span> <span class='ocrx_word' id='word_1_710' title='bbox 2836 4869 2864 4896; x_wconf 83' lang='grc'><strong>››</strong></span> 
     </span>
    </p>
   </div>
   <div class='ocr_carea' id='block_1_113' title="bbox 2500 4933 3140 4993">
    <p class='ocr_par' dir='ltr' id='par_1_113' title="bbox 2500 4933 3140 4993">
     <span class='ocr_line' id='line_1_113' title="bbox 2500 4933 3140 4993; baseline -0.014 0"><span class='ocrx_word' id='word_1_711' title='bbox 2500 4933 2916 4993; x_wconf 86' lang='lat' dir='ltr'>CAPITULUM</span> <span class='ocrx_word' id='word_1_712' title='bbox 2956 4933 3140 4990; x_wconf 82' lang='lat' dir='ltr'>XCVI.</span> 
     </span>
    </p>
   </div>
   <div class='ocr_carea' id='block_1_114' title="bbox 2029 5001 3608 5134">
    <p class='ocr_par' dir='ltr' id='par_1_114' title="bbox 2029 5001 3608 5134">
     <span class='ocr_line' id='line_1_114' title="bbox 2029 5001 3608 5133; baseline -0.008 -64"><span class='ocrx_word' id='word_1_713' title='bbox 2029 5014 2104 5071; x_wconf 82' lang='lat' dir='ltr'>De</span> <span class='ocrx_word' id='word_1_714' title='bbox 2133 5012 2289 5070; x_wconf 83' lang='lat' dir='ltr'>alodo</span> <span class='ocrx_word' id='word_1_715' title='bbox 2318 5011 2442 5068; x_wconf 79' lang='lat' dir='ltr'>dato</span> <span class='ocrx_word' id='word_1_716' title='bbox 2474 5028 2508 5066; x_wconf 93' lang='lat' dir='ltr'>a</span> <span class='ocrx_word' id='word_1_717' title='bbox 2536 5008 2989 5133; x_wconf 65' lang='lat' dir='ltr'>Balduinobintra</span> <span class='ocrx_word' id='word_1_718' title='bbox 3014 5006 3263 5075; x_wconf 86' lang='lat' dir='ltr'>Burgum</span> <span class='ocrx_word' id='word_1_719' title='bbox 3293 5001 3608 5058; x_wconf 65' lang='lat' dir='ltr'>(lamminae</span> 
     </span>
     <span class='ocr_line' id='line_1_115' title="bbox 2731 5096 2905 5134; baseline -0.006 0"><span class='ocrx_word' id='word_1_720' title='bbox 2731 5097 2800 5134; x_wconf 86' lang='lat' dir='ltr'>ur</span> <span class='ocrx_word' id='word_1_721' title='bbox 2839 5096 2905 5134; x_wconf 80' lang='grc' dir='ltr'>ιδ.</span> 
     </span>
    </p>
   </div>
   <div class='ocr_carea' id='block_1_115' title="bbox 2584 5150 3054 5222">
    <p class='ocr_par' dir='ltr' id='par_1_115' title="bbox 2584 5150 3054 5222">
     <span class='ocr_line' id='line_1_116' title="bbox 2584 5150 3054 5222; baseline -0.011 -14"><span class='ocrx_word' id='word_1_722' title='bbox 2584 5152 2754 5222; x_wconf 85' lang='lat' dir='ltr'>(Ante</span> <span class='ocrx_word' id='word_1_723' title='bbox 2783 5168 2834 5205; x_wconf 91' lang='lat' dir='ltr'>a.</span> <span class='ocrx_word' id='word_1_724' title='bbox 2871 5150 3054 5216; x_wconf 88' lang='grc'>1080.)</span> 
     </span>
    </p>
   </div>
   <div class='ocr_carea' id='block_1_116' title="bbox 2071 5230 3647 5301">
    <p class='ocr_par' dir='ltr' id='par_1_116' title="bbox 2071 5230 3647 5301">
     <span class='ocr_line' id='line_1_117' title="bbox 2071 5230 3647 5301; baseline -0.006 -5"><span class='ocrx_word' id='word_1_725' title='bbox 2071 5269 2099 5296; x_wconf 91' lang='grc'><strong>((</strong></span> <span class='ocrx_word' id='word_1_726' title='bbox 2128 5246 2191 5301; x_wconf 91' lang='lat' dir='ltr'>In</span> <span class='ocrx_word' id='word_1_727' title='bbox 2225 5245 2460 5300; x_wconf 89' lang='lat' dir='ltr'>nomine</span> <span class='ocrx_word' id='word_1_728' title='bbox 2491 5246 2706 5299; x_wconf 65' lang='lat' dir='ltr'>sancta:</span> <span class='ocrx_word' id='word_1_729' title='bbox 2745 5242 2802 5295; x_wconf 90' lang='lat' dir='ltr'>et</span> <span class='ocrx_word' id='word_1_730' title='bbox 2852 5237 3165 5294; x_wconf 64' lang='lat' dir='ltr'>individuis</span> <span class='ocrx_word' id='word_1_731' title='bbox 3211 5231 3540 5294; x_wconf 87' lang='lat' dir='ltr'>Trinitatis.</span> <span class='ocrx_word' id='word_1_732' title='bbox 3570 5230 3647 5288; x_wconf 82' lang='lat' dir='ltr'>Ut</span> 
     </span>
    </p>
   </div>
   <div class='ocr_carea' id='block_1_117' title="bbox 1995 5319 3646 5408">
    <p class='ocr_par' dir='ltr' id='par_1_117' title="bbox 1995 5319 3646 5408">
     <span class='ocr_line' id='line_1_118' title="bbox 1995 5319 3646 5408; baseline -0.012 -16"><span class='ocrx_word' id='word_1_733' title='bbox 1995 5337 2310 5408; x_wconf 70' lang='lat' dir='ltr'>praesentes</span> <span class='ocrx_word' id='word_1_734' title='bbox 2342 5350 2458 5389; x_wconf 89' lang='lat' dir='ltr'>non</span> <span class='ocrx_word' id='word_1_735' title='bbox 2491 5330 2767 5386; x_wconf 88' lang='lat' dir='ltr'>amittant</span> <span class='ocrx_word' id='word_1_736' title='bbox 2796 5332 2853 5382; x_wconf 88' lang='lat' dir='ltr'>et</span> <span class='ocrx_word' id='word_1_737' title='bbox 2883 5326 3064 5382; x_wconf 84' lang='lat' dir='ltr'>futuri</span> <span class='ocrx_word' id='word_1_738' title='bbox 3103 5326 3313 5392; x_wconf 89' lang='lat' dir='ltr'>sciant,</span> <span class='ocrx_word' id='word_1_739' title='bbox 3340 5321 3452 5377; x_wconf 91' lang='lat' dir='ltr'>hoc</span> <span class='ocrx_word' id='word_1_740' title='bbox 3501 5319 3646 5374; x_wconf 89' lang='lat' dir='ltr'>scri-</span> 
     </span>
    </p>
   </div>
   <div class='ocr_carea' id='block_1_118' title="bbox 1996 5408 3651 5497">
    <p class='ocr_par' dir='ltr' id='par_1_118' title="bbox 1996 5408 3651 5497">
     <span class='ocr_line' id='line_1_119' title="bbox 1996 5408 3651 5497; baseline -0.01 -18"><span class='ocrx_word' id='word_1_741' title='bbox 1996 5431 2162 5497; x_wconf 89' lang='lat' dir='ltr'>ptum</span> <span class='ocrx_word' id='word_1_742' title='bbox 2207 5422 2264 5477; x_wconf 92' lang='lat' dir='ltr'>in</span> <span class='ocrx_word' id='word_1_743' title='bbox 2317 5419 2548 5478; x_wconf 89' lang='lat' dir='ltr'>scriniis</span> <span class='ocrx_word' id='word_1_744' title='bbox 2597 5416 2818 5476; x_wconf 87' lang='lat' dir='ltr'>nostris</span> <span class='ocrx_word' id='word_1_745' title='bbox 2869 5415 3275 5471; x_wconf 88' lang='lat' dir='ltr'>reservabitur.</span> <span class='ocrx_word' id='word_1_746' title='bbox 3324 5410 3472 5465; x_wconf 87' lang='lat' dir='ltr'>Nam</span> <span class='ocrx_word' id='word_1_747' title='bbox 3503 5408 3651 5464; x_wconf 88' lang='lat' dir='ltr'>adiit</span> 
     </span>
    </p>
   </div>
   <div class='ocr_carea' id='block_1_119' title="bbox 2000 5495 3650 5586">
    <p class='ocr_par' dir='ltr' id='par_1_119' title="bbox 2000 5495 3650 5586">
     <span class='ocr_line' id='line_1_120' title="bbox 2000 5495 3650 5586; baseline -0.013 -17"><span class='ocrx_word' id='word_1_748' title='bbox 2000 5495 2369 5586; x_wconf 66' lang='lat' dir='ltr'>praesentiam</span> <span class='ocrx_word' id='word_1_749' title='bbox 2429 5513 2716 5578; x_wconf 89' lang='lat' dir='ltr'>nostram,</span> <span class='ocrx_word' id='word_1_750' title='bbox 2771 5505 3191 5561; x_wconf 79' lang='lat' dir='ltr'>monachorum</span> <span class='ocrx_word' id='word_1_751' title='bbox 3251 5498 3438 5556; x_wconf 87' lang='lat' dir='ltr'>sancti</span> <span class='ocrx_word' id='word_1_752' title='bbox 3497 5495 3650 5554; x_wconf 89' lang='lat' dir='ltr'>Petri</span> 
     </span>
    </p>
   </div>
   <div class='ocr_carea' id='block_1_120' title="bbox 1999 5585 3654 5669">
    <p class='ocr_par' dir='ltr' id='par_1_120' title="bbox 1999 5585 3654 5669">
     <span class='ocr_line' id='line_1_121' title="bbox 1999 5585 3654 5669; baseline -0.014 -9"><span class='ocrx_word' id='word_1_753' title='bbox 1999 5585 2374 5662; x_wconf 82' lang='lat' dir='ltr'>Carnotcnsis</span> <span class='ocrx_word' id='word_1_754' title='bbox 2401 5595 2674 5666; x_wconf 86' lang='lat' dir='ltr'>coenobii,</span> <span class='ocrx_word' id='word_1_755' title='bbox 2707 5593 2950 5669; x_wconf 86' lang='lat' dir='ltr'>quidam</span> <span class='ocrx_word' id='word_1_756' title='bbox 2980 5587 3170 5657; x_wconf 88' lang='lat' dir='ltr'>miles,</span> <span class='ocrx_word' id='word_1_757' title='bbox 3201 5585 3526 5648; x_wconf 86' lang='lat' dir='ltr'>Balduinus</span> <span class='ocrx_word' id='word_1_758' title='bbox 3556 5598 3654 5639; x_wconf 91' lang='lat' dir='ltr'>no-</span> 
     </span>
    </p>
   </div>
  </div>
