3968 6080
374 237 490 304 347

1264 238 1496 304 PAULI
1541 239 1605 301 S.
1650 236 1887 299 PETRI
1930 233 2468 298 CARNOTENSIS
2513 235 2892 300 MONACHI.

3657 232 3788 299 348

374 370 716 430 inﬁrmitate
746 385 864 446 qua
885 373 1259 446 postmodum
1286 373 1358 428 de
1386 372 1494 428 hac
1506 371 1624 427 vita
1636 370 1792 437 exiit,
1809 369 2022 424 timens
2051 366 2107 434 Α
2135 367 2245 424 iter
2266 384 2367 440 per
2389 368 2554 424 devia
2571 351 2946 442 aggrediens;
2971 369 3210 426 sibilum
3228 368 3550 443 legentium
3567 371 3625 425 et
3643 370 3789 426 sub-

375 461 591 518 Inl‘erni
623 479 842 534 paanas,
877 461 1143 516 habitum
1175 459 1561 516 monachilem
1595 458 1748 531 apud
1781 473 1887 512 nos
1918 473 2015 512 su-

374 549 651 622 scepit,et
681 549 750 604 dc
783 549 955 604 rebus
987 547 1298 603 mundanis
1319 564 1464 619 quas
1486 545 1545 600 in
1578 544 1794 600 mundo
1829 559 2018 615 posse

373 639 538 695 derat
567 637 626 692 in
658 637 878 709 Alogia,
914 642 1183 693 sanctum
1237 638 1471 691 Petrum
1519 651 1743 706 nosque
1773 632 2018 687 heredes

371 727 844 792 constituit.Quze
877 727 1011 781 licet
1035 743 1069 780 a
1100 725 1268 781 nobis
1301 725 1620 780 admodum
1657 721 2016 794 parvissima:

372 817 491 872 sint
521 816 676 886 visae,
711 816 864 888 apud
896 821 1074 870 Deum
1109 814 1351 870 forsitan
1395 816 1532 868 sunt
1581 828 1830 884 magnae.
1862 813 2018 876 Qua-

369 910 608 978 propter
627 904 685 958 in
712 905 816 958 hac
859 903 1244 958 menbranula
1264 902 1477 957 litteris
1499 901 1774 956 mandare
1799 899 2020 955 curavi-

371 1011 503 1049 mus.
539 1010 552 1049 :
588 993 932 1064 aripennum
971 1010 1152 1047 unum
1187 996 1370 1056 terras,
1403 991 1669 1045 videlicet
1700 994 1834 1045 ante
1867 989 2018 1044 fores

369 1082 624 1138 ecclesias
649 1081 844 1137 Sancti
865 1081 1166 1149 Germani;
1192 1081 1329 1135 item
1353 1081 1411 1134 in
1428 1079 1645 1152 Agonis
1661 1078 1813 1134 Villa
1835 1084 2017 1135 totam

376 1171 698 1238 decimam;
725 1168 902 1226 simili
935 1170 1108 1225 modo
1140 1170 1196 1224 in
1231 1171 1487 1225 Luetone
1513 1175 1568 1224 et
1591 1169 1650 1223 in
1674 1169 1826 1224 Fova
1847 1167 2016 1223 Villa.

369 1259 703 1328 Qumomnia
719 1258 1347 1330 {iliusejusWillelmus
1361 1263 1656 1330 superstes
1669 1257 2014 1314 concessit.»

887 1348 1307 1404 CAPITULUM
1348 1347 1488 1403 CIV.

831 1437 903 1493 De
931 1454 1026 1493 sex
1055 1439 1340 1508 aripennis
1367 1437 1534 1492 alodi.

935 1530 1108 1595 (Ante
1139 1544 1192 1581 a.
1226 1526 1410 1594 4080.)

443 1641 470 1670 ‹‹
498 1623 561 1672 In
595 1617 830 1673 nomine
861 1616 1092 1672 Domini
1127 1616 1310 1672 nostri
1333 1615 1517 1671 Jhesu
1548 1613 2018 1671 Christi.Notum

368 1724 497 1764 esse
521 1706 792 1762 volumus
813 1704 1086 1805 omnibus
1110 1705 1322 1806 Christi
1339 1704 1609 1760 ﬁdelibus
1626 1704 2019 1804 praesentibus
2049 1741 2096 1806 B

369 1801 426 1853 et
458 1795 692 1860 futuris,
729 1793 922 1850 omnis
953 1794 1375 1850 monachorum
1417 1793 1788 1866 congregatio
1831 1792 2016 1849 sancti

369 1885 517 1942 Petri
563 1884 808 1940 coenobii
860 1883 1253 1950 Carnotensis,
1304 1883 1604 1955 quoniam,
1654 1897 1756 1954 pro
1818 1882 2016 1937 anima

368 1975 674 2047 cujusdam
689 1973 1003 2040 Gausfridi,
1019 1974 1090 2028 ab
1107 1972 1444 2028 hominibus
1456 1970 1656 2028 Alonis
1685 1970 1848 2026 Villae
1872 1976 2016 2027 tem-

369 2081 506 2138 pore
534 2062 744 2119 messis
774 2061 1060 2118 interfecti
1081 2065 1137 2117 et
1154 2079 1187 2116 a
1208 2061 1375 2117 nobis
1395 2061 1642 2127 humati,
1659 2062 1867 2116 fratres
1889 2062 2016 2132 ejus

369 2158 427 2210 et
455 2151 627 2209 ceteri
659 2155 930 2224 parentes
952 2168 1051 2206 sex
1082 2147 1235 2206 alodi
1267 2151 1535 2215 diurnus,
1568 2166 1684 2205 non
1743 2147 1913 2223 longe
1945 2150 2016 2206 ab

371 2242 664 2315 Impregni
685 2239 1014 2305 Villasitos,
1034 2245 1233 2295 sancto
1259 2240 1424 2295 Petro
1450 2241 1760 2309 dederunt,
1777 2239 2020 2294 donum-

372 2348 484 2404 que
511 2348 686 2404 super
716 2329 896 2386 altare
929 2328 1235 2402 principali
1269 2328 1500 2401 publice
1549 2333 1891 2401 posuerunt,
1913 2328 2015 2384 IIII

370 2421 506 2477 idus
536 2419 813 2485 octobris,
847 2418 1092 2475 missam
1111 2418 1281 2474 nobis
1303 2417 2019 2490 celebrantibus,pr:ssen-

371 2509 532 2566 tibus
561 2508 657 2565 his
678 2524 929 2581 quorum
954 2506 1195 2562 nomina
1211 2506 1454 2562 inferius
1473 2507 1691 2578 scripta
1707 2505 2015 2562 habentur:

373 2598 707 2665 Rotbertus,
743 2595 1045 2670 praasbiter
1074 2595 1144 2650 de
1172 2594 1395 2664 Alona;
1431 2593 1730 2667 Siguinus,
1755 2593 2022 2650 venditor

371 2703 690 2759 equorum;
726 2686 1040 2741 Herbertus
1081 2683 1284 2756 pistor,
1320 2682 1613 2738 Guarinus
1662 2682 2017 2752 cellerarius,

372 2774 719 2832 Gausfridus
765 2773 1070 2847 Iiguarius,
1113 2772 1401 2828 Martinus
1449 2770 1754 2827 Balardus.
1790 2771 2020 2828 Fratres

371 2881 503 2920 vero
534 2862 820 2919 interfecti
857 2879 869 2917 ε
903 2861 1226 2932 Girbertus,
1257 2860 1601 2926 Waltcrius,
1635 2860 2016 2930 Oislebertus,

374 2951 991 3009 ParenteszGirbertus
1013 2954 1070 3006 et
1101 2949 1417 3023 Ledgardis
1449 2949 1676 3005 mulier.
1695 2949 2022 3006 Anathema

374 3041 451 3098 sit
481 3041 800 3114 refragator
830 3039 1010 3112 hujus
1040 3038 1348 3094 crocotilla
1379 3037 1727 3095 elemosinae.
1761 3061 1813 3095 ».

2127 457 2533 513 sannationem
2583 457 3030 530 ﬂoccipendens,
3054 463 3118 514 ut
3167 459 3452 530 spopondi
3503 459 3782 530 fratibus,

2138 562 2338 601 eorum
2369 546 2534 618 parui
2560 547 2961 618 jussionibus;
2985 546 3368 615 et,1itteraria3
3386 547 3532 604 artis
3550 565 3782 619 expers,

2128 635 2373 706 inpolito
2405 652 2692 702 sermone,
2715 636 2964 708 qualiter
2984 636 3092 692 iste
3125 636 3289 693 locus
3321 655 3354 692 a
3384 635 3692 709 splendido
3724 641 3786 693 et

2139 724 2316 780 nobili
2355 724 2472 780 situ
2503 742 2629 781 esse
2662 725 2916 793 desierit,
2933 729 2990 782 et
3011 743 3216 782 rursus
3237 742 3352 798 quo
3373 726 3546 782 modo
3564 727 3634 782 ad
3661 730 3787 782 sta-

2125 818 2252 869 tum
2282 813 2591 885 antiquum
2641 814 2956 886 religionis.
2992 815 3071 887 pii
3102 815 3293 887 operis
3341 814 3770 871 venerabilium

2127 902 2446 976 prmsulum
2479 903 2672 958 studio
2694 903 3094 975 comitumque
3115 904 3375 960 donariis
3396 907 3571 976 atque
3595 902 3785 976 pluri-

2127 1009 2358 1047 morum
2391 991 2675 1058 ﬁdelium,
2706 991 2930 1048 lemtim
2962 991 3284 1063 inoleverit,
3309 993 3659 1048 enucleatim
3678 1009 3784 1065 pa-

2127 1080 2314 1136 tefeci.
2353 1080 2564 1136 Deinde
2605 1081 2885 1138 abbatum
2917 1082 3160 1138 nomina
3198 1087 3258 1138 et
3286 1098 3489 1138 eorum
3535 1082 3778 1154 scripta,

2127 1187 2254 1242 quae
2307 1171 2366 1224 in
2419 1170 2669 1226 archivis
2719 1171 2937 1226 nostris
2968 1174 3107 1226 sunt
3138 1175 3386 1243 reperta,
3420 1170 3682 1227 seriatim
3717 1169 3780 1224 in

2126 1273 2313 1314 unum
2341 1258 2544 1332 collegi
2579 1275 2765 1330 usque
2795 1260 2867 1314 ad
2888 1258 2946 1314 id
2975 1260 3277 1333 temporis,
3296 1258 3665 1332 quo,nostris
3685 1275 3785 1315 ex-

2126 1347 2390 1403 cessibus
2421 1346 2972 1420 exigentibus,edax
3001 1347 3242 1404 ﬂamma
3269 1347 3422 1404 hanc
3452 1346 3779 1404 ecclesiam

2127 1453 2261 1492 cum
2293 1436 2515 1492 aedibus
2563 1437 2841 1492 cremavit
2869 1437 3200 1510 (2I9);quo
3249 1441 3512 1510 tempore
3559 1435 3779 1508 praesul

2125 1526 2441 1582 Gaufridus
2463 1531 2518 1581 et
2537 1525 2890 1582 Eustachius
2911 1526 3113 1593 abbas,
3131 1527 3246 1582 Deo
3268 1526 3634 1598 disponente,
3653 1542 3781 1598 pre-

2127 1615 2219 1671 sul
2250 1616 2486 1688 quidem
2519 1619 2652 1670 ante
2683 1615 3042 1682 incendium,
3079 1615 3153 1670 HI
3186 1614 3470 1671 Kalendas
3497 1615 3778 1687 Augusti,

2128 1704 2310 1760 abbas
2338 1721 2470 1759 vero
2502 1703 2756 1759 secundo
2787 1720 2939 1760 anno
2969 1708 3102 1777 post
3121 1703 3545 1772 incendium,V
3566 1702 3778 1759 Kalen-

2127 1795 2232 1849 das
2271 1793 2628 1861 Sebtenbris,
2664 1793 2755 1849 sui
2805 1793 3045 1849 honoris
3102 1793 3350 1866 gradum
3400 1798 3647 1865 uterque
3676 1796 3773 1849 est

2127 1883 2392 1955 adeptus.
2427 1883 2492 1937 In
2523 1886 2820 1954 pretaxato
2853 1882 3050 1955 itaque
3080 1899 3252 1955 opere
3284 1883 3543 1954 prudens
3592 1882 3782 1938 lector

2126 1972 2544 2027 animavertere
2576 1976 2768 2044 potest
2787 1970 2945 2028 hunc
2964 1971 3159 2028 locum
3179 1972 3250 2027 ab
3268 1971 3540 2027 hostibus
3560 1988 3676 2026 non
3694 1987 3783 2027 εει

2127 2059 2241 2116 mel
2263 2077 2389 2115 esse
2407 2061 2792 2128 destructum,
2810 2075 2943 2116 cum
2964 2065 3053 2116 ter
3075 2059 3228 2134 legat
3244 2059 3547 2116 monachis
3567 2059 3780 2133 bisque

2126 2149 2422 2206 canonicis
2442 2148 2776 2222 delegatum
2807 2167 2956 2206 esse.
2989 2149 3121 2205 Jam
3153 2166 3310 2205 nunc
3341 2149 3486 2222 ipse,
3519 2149 3591 2205 ab
3624 2149 3781 2205 anti-

2126 2255 2379 2311 quorum
2394 2238 2647 2311 scriptis,
2663 2255 2791 2310 quae
2814 2241 3092 2295 memorie
3115 2239 3453 2294 mandanda
3471 2253 3597 2294 esse
3617 2237 3780 2295 vide-

2126 2330 2363 2396 bantur,
2395 2329 2722 2400 expeditus,
2756 2327 2970 2402 legenti
3018 2328 3293 2385 intimare
3342 2329 3537 2384 curavi
3563 2327 3612 2381 V
3642 2344 3774 2384 car-

2127 2421 2219 2473 tas
2249 2417 2574 2489 (220),quia
2602 2417 2781 2473 michi
2811 2418 2976 2474 tarde
3007 2421 3388 2474 occurrerunt
3417 2434 3532 2473 non
3563 2434 3692 2474 esse
3713 2416 3776 2472 in

2126 2505 2220 2562 his
2244 2504 2388 2562 locis
2418 2506 2518 2561 ubi
2542 2506 2660 2562 fore
2683 2505 3052 2562 debuissent:
3068 2505 3337 2562 videlicet
3358 2523 3478 2561 una
3504 2505 3778 2562 Landrici

2129 2594 2356 2651 abbatis
2404 2596 2473 2651 de
2525 2600 2682 2651 terra
2709 2596 2846 2651 data
2875 2613 2911 2651 a
2941 2596 3196 2652 Mahilde
3231 2613 3246 2664 ;
3280 2599 3533 2668 quatuor
3576 2599 3778 2652 autem

2130 2684 2373 2740 Huberti
2393 2683 2646 2753 abbatis,
2668 2683 2728 2740 id
2760 2690 2850 2741 est
2879 2685 2950 2742 de
2970 2689 3125 2742 terra
3153 2686 3466 2741 Pendenlis
3495 2684 3774 2754 Pediculi,

2129 2773 2199 2829 de
2231 2774 2539 2829 medietate
2594 2773 2865 2830 aacclesiaa
2914 2775 3109 2830 Sancti
3159 2773 3453 2842 Germani,
3487 2774 3556 2830 de
3589 2773 3778 2832 alodis

2129 2861 2388 2918 Herberti
2415 2880 2428 2930 ;
2460 2862 2529 2917 de
2560 2861 2728 2918 alodo
2763 2862 2935 2918 Picati
2962 2862 3198 2919 Villaris
3229 2868 3285 2918 et
3316 2863 3468 2918 Huni
3520 2861 3686 2918 Villae
3719 2867 3779 2919 et

2127 2950 2468 3022 Argentelae.
2493 2951 2611 3007 Hoc
2662 2951 2912 3025 denique
2958 2951 3130 3008 intuli
3162 2970 3233 3009 ne
3263 2952 3526 3008 fraudem
3569 2951 3778 3009 fecisse

2130 3039 2407 3112 cuiquam
2436 3040 2654 3096 videar.

446 3131 569 3186 Non
605 3113 887 3202 superbiae
921 3129 1063 3184 ﬂatu
1113 3127 1425 3200 impulsus,
1461 3143 1648 3200 neque
1689 3126 2022 3184 ﬂamivoma
2049 3113 2092 3180 C
2197 3129 2363 3184 Nunc
2402 3129 2473 3186 ad
2497 3145 2566 3185 ea
2581 3146 2707 3201 qua:
2725 3129 2796 3185 ab
2816 3129 3026 3186 abbate
3042 3128 3490 3201 Eustachiojam
3510 3145 3612 3203 per
3646 3134 3777 3186 octo

374 3218 593 3293 ingenii
617 3220 749 3292 igne
778 3235 1118 3286 succensus,
1135 3217 1238 3274 sed
1259 3217 1583 3274 obedientis
1608 3218 1754 3290 pede
1779 3216 2020 3291 longum

445 3343 593 3414 (219)
624 3342 764 3399 Julii
799 3342 892 3398 die
921 3343 1016 3409 30,
1041 3358 1137 3397 an.
1174 3342 1330 3396 1077.

2129 3235 2315 3274 annos
2345 3223 2483 3273 sunt
2512 3221 2762 3290 patrata,
2785 3217 3132 3274 subcinctus
3159 3217 3417 3274 scribere
3449 3217 3778 3274 maturabo.

2201 3344 2349 3412 (220)
2373 3343 2518 3399 Vide
2547 3360 2716 3417 capp.
2749 3344 2839 3400 67.
2869 3343 2961 3400 7i.
2991 3344 3064 3398 97
3093 3347 3149 3399 et
3179 3342 3282 3399 402
3311 3342 3491 3415 hujus
3521 3341 3678 3399 libri.

1414 3618 1890 3747 LIBER
1995 3613 2741 3753 OCTAVUS

2023 3850 2160 3896 SIVE

1289 3990 2124 4083 EUSTACHII
2230 3994 2884 4086 ABBATIS.

1706 4171 1808 4241 (Ab
1839 4187 1892 4227 a.
1927 4172 2064 4227 1079
2095 4172 2168 4229 ad
2199 4190 2252 4229 a.
2286 4172 2468 4247 1088.)

1879 4329 2276 4346 ψ

952 4453 1359 4511 CAPITULUM
1401 4455 1444 4510 Ι.

381 4545 456 4601 De
476 4552 651 4617 prava
690 4544 1079 4603 consuetudine
1126 4551 1391 4616 usurpata
1419 4561 1454 4599 α
1476 4545 1709 4600 Fulcone
1753 4544 1819 4601 de
1867 4545 2028 4601 Vadis

951 4618 1012 4671 in
1040 4617 1428 4672 Ermenteriis.

953 4705 1119 4776 (Ante
1151 4721 1202 4760 a.
1239 4705 1423 4772 1088.)

456 4833 484 4861 ‹‹
519 4809 582 4865 In
614 4810 848 4866 nomine
874 4814 1086 4866 sanctis
1133 4814 1190 4865 et
1217 4809 1529 4865 individua:
1562 4809 1888 4866 Trinitatis.
1916 4809 2029 4866 No-

387 4902 514 4954 tum
546 4897 624 4954 sit
653 4900 926 4954 omnibus
957 4902 1171 4953 sancta
1203 4899 1407 4954 matris
1445 4898 1718 4955 aacclesiaa
1758 4898 2032 4956 ﬁdelibus

387 4987 548 5053 ﬁliis,
578 4992 697 5042 tam
729 4986 1118 5059 praesentibus
1136 5002 1312 5059 quam
1336 4987 1568 5055 futuris,
1587 4987 1741 5059 quod
1765 4987 1940 5044 Fulco
1962 4989 2034 5044 de

385 5076 568 5133 Vadis
600 5075 919 5146 usurpabat
949 5087 1129 5130 unam
1179 5079 1392 5131 tortam
1441 5077 1929 5132 consuetudinem
1971 5075 2032 5131 in

385 5162 783 5231 Ermenteriis,
815 5161 953 5218 villa
981 5162 1201 5219 scilicet
1227 5164 1412 5219 sancti
1444 5163 1594 5219 Petri
1644 5164 2021 5221 Carnotensis

389 5249 748 5309 monasterii.
783 5246 962 5319 Unde,
997 5265 1099 5322 per
1121 5250 1421 5323 justiciam
1452 5252 1651 5308 domui
1683 5253 1930 5320 Isnardi,
1956 5253 2026 5308 ad

390 5339 671 5413 placitum
695 5342 895 5394 contra
915 5339 1199 5394 domuum
1221 5339 1624 5409 Eustachium,
1639 5342 1899 5414 praedicti
1919 5341 2030 5399 loci

391 5429 685 5498 abbatem,
716 5427 891 5495 venit,
924 5432 982 5484 et
1009 5427 1144 5484 inde
1174 5427 1434 5484 duellum
1466 5434 1609 5503 aput
1647 5431 1864 5488 Drocas
1895 5448 2030 5487 con-

391 5516 769 5577 stitutum.Et
783 5533 919 5576 cum
951 5535 1067 5576 non
1099 5517 1409 5593 possetjus
1441 5520 1746 5578 ostendere
1773 5519 1948 5578 Fulco
1970 5519 2030 5576 in

2052 4460 2097 4524 D
2128 4457 2998 4531 praedictaconsuetudine,ipse
3010 4461 3068 4514 et
3085 4457 3242 4514 ﬁlius
3261 4473 3406 4513 suus
3423 4453 3783 4512 Godet‘ridus

2139 4552 2250 4602 Deo
2277 4551 2334 4603 et
2360 4547 2529 4604 beato
2559 4548 2726 4604 Petro
2759 4563 2888 4603 eam
2909 4545 3323 4619 perpetualitcr
3340 4543 3790 4618 guerpiverunt,

2135 4640 2192 4691 et
2223 4634 2430 4692 iccirco
2453 4636 2522 4692 de
2543 4635 2694 4692 bono
2721 4635 2909 4693 sancti
2933 4635 3083 4690 Petri
3099 4634 3396 4690 VIIlibras
3409 4631 3792 4690 denariorum

2137 4723 2773 4781 habuerunt.Testibus
2801 4723 2896 4780 his
2917 4740 2929 4779 :
2947 4723 3190 4796 Hugone
3218 4723 3290 4778 de
3319 4719 3793 4789 Castello,Gisle-

2139 4813 2302 4868 berto
2337 4813 2408 4869 de
2438 4812 2778 4887 Tegulariis,
2811 4812 3051 4868 Isnardo
3083 4810 3444 4884 supradicto,
3475 4808 3792 4878 Chotardo,

2142 4901 2417 4957 Rotberto
2448 4901 2616 4958 Rufo.
2650 4901 2731 4958 De
2762 4904 2925 4974 parte
2954 4898 3470 4956 abbatis:Arroldo
3502 4899 3573 4954 de
3591 4896 3790 4967 Croto,

2142 4987 2455 5046 Laurentio
2504 4989 2845 5058 camerario,
2894 4987 3242 5045 Fulchardo.
3295 4986 3507 5044 Lorino
3559 4983 3795 5058 auriga,

2141 5077 2409 5134 Jobanne
2439 5094 2598 5145 coco,
2630 5074 2970 5134 Durandulo
3001 5076 3307 5144 serviente,
3337 5075 3660 5132 Adventuo.
3684 5094 3713 5123 »

2693 5164 3108 5222 CAPITULUM
3150 5165 3221 5221 II.

2422 5256 2495 5312 De
2523 5253 2680 5312 rebus
2707 5253 2851 5310 datis
2877 5269 2978 5326 pro
3013 5253 3270 5310 Widdone
3293 5267 3484 5325 puero.

2723 5342 2890 5416 (Ante
2920 5359 2974 5398 a.
3011 5343 3195 5412 1088.)

2216 5454 2244 5483 ‹‹
2277 5433 2341 5487 In
2373 5431 2610 5489 nomine
2640 5430 2870 5488 Domini
2902 5431 3086 5488 nostri
3115 5430 3300 5488 Jhesu
3331 5427 3565 5498 Christi,
3590 5426 3796 5485 condi-

2139 5521 2285 5580 toris
2306 5522 2569 5581 omnium
2601 5537 2817 5580 rerum.
2831 5520 2950 5594 Ego
2964 5519 3318 5582 Eustachius
3329 5518 3513 5578 abbas
3528 5519 3586 5577 et
3597 5516 3802 5580 omnis
