3988 6072
342 268 480 351 (351

1245 272 1496 345 τΡΛῙΠιῙ
1524 273 1608 335 ιδ.
1652 270 1885 333 PETRI
1930 272 2468 339 CAHNOTENSIS
2512 270 2890 337 MONACHI.

3644 268 3783 333 '382

363 401 815 479 dus,Johan_nes
844 401 1176 475 Brustinus,
1212 402 1621 478 Leodegarius,
1646 402 1926 460 Odelinus
1956 408 2014 461 et
2041 413 2096 479 Α
2126 403 2378 462 delerius
2396 410 2454 463 et
2475 404 3068 475 Rodbertus,fratres;
3086 400 3408 470 Adventius
3427 406 3483 460 et
3503 402 3779 473 Lorinus,

366 492 681 551 Guarinus.
706 514 737 544 ››

925 582 1342 639 CAPITULUM
1376 581 1445 638 V.

587 672 857 744 Cuerpum
885 671 950 728 de
978 672 1365 728 consuetudine
1393 671 1508 727 cibi
1535 672 1795 741 Hugonis.

932 754 1127 834 '(Anle
1158 778 1210 816 a.
1245 761 1430 829 4088.)

438 873 465 901 ‹‹
502 851 565 905 In
592 850 737 921 Ejus
763 849 999 905 nomine
1032 868 1134 920 per
1161 866 1336 920 quem
1391 853 1600 904 cuncta
1649 851 1789 905 sunt
1819 846 2014 904 secula

346 944 574 996 .crecta.
598 938 834 995 Cunctis
865 943 1077 993 sanctae
1100 939 1198 992 Dei
1229 937 1497 993 zecclesize
1535 938 1859 994 cultoribus
1910 955 2011 993 no-

348 1032 489 1105 ‘tum
517 1044 644 1083 esse
674 1026 965 1095 volumus,
999 1043 1104 1098 ego
1140 1026 1488 1082 Eustachius
1518 1027 1700 1083 abbas
1730 1032 1787 1082 et
1817 1026 2010 1081 omnis

358 1117 607 1173 fratrum
638 1114 1008 1188 congregatio
1040 1115 1226 1171 sancti
1253 1116 1399 1171 Petri
1426 1115 1673 1171 ccenobii
1696 1118 2011 1172 Carnoten-

345 1206 462 1277 ,sis,
510 1205 810 1278 quoniam,
856 1209 1115 1276 tempore
1172 1204 1410 1277 quidem
1461 1205 1699 1261 lluberti
1758 1203 2008 1272 abbatis,

355 1293 706 1352 Gausfridus
763 1293 957 1361 Niger.
1020 1298 1218 1349 noster
1275 1293 1621 1359 monachus,
1644 1294 1717 1348 de
1775 1295 2010 1359 llerveo,

344 1372 534 1440 fratre
558 1382 842 1455 Hugouis,
874 1383 1017 1437 emit
1045 1382 1322 1438 vicariam
1355 1382 1426 1438 de
1479 1381 1740 1438 Mittanis
1770 1380 2005 1449 Villare,

355 1489 459 1547 per
483 1488 792 1528 assensum
822 1469 1110 1527 Fulcherii
1142 1470 1477 1543 primicerii,
1497 1472 1568 1527 de
1596 1472 1771 1543 cujus
1802 1471 2015 1526 beneﬁ-

359 1561 449 1618 cio
479 1565 605 1618 erat
629 1560 759 1634 ipsa
787 1559 1022 1616 vicaria.
1055 1559 1219 1616 Unde
1246 1560 1372 1632 ipse
1398 1561 1561 1633 Hugo
1592 1561 1851 1632 quinque
1881 1558 2015 1616 soli-

2123 495 2362 565 fratres;
2400 494 2752 551 Laurentius
2810 493 3245 563 cubicularius;
3298 491 3665 566 Ingelbertus
3724 496 3787 548 et

2123 584 2490 653 Gausfridus,
2544 583 2696 652 coci;
2729 582 3091 640 Gislebertus
3148 598 3316 655 puer,
3368 580 3777 649 Fulchardus;

2121 672 2418 729 Hildulfus
2447 678 2503 729 et
2532 673 2898 741 Gausfridus,
2933 673 3263 729 fratres.Ex
3290 675 3453 744 patre
3472 669 3778 727 Rodberti:

2122 761 2482 818 Mainfredus
2532 761 2881 835 preposiius,
2945 760 3252 817 Richerius
3310 764 3367 816 et
3432 758 3779 816 Gauslinus.

2119 852 2330 906 Actum
2387 855 2477 907 est
2535 851 2642 906 hoc
2700 849 2967 907 Carnotis
3016 849 3269 923 publice,
3302 848 3362 904 in
3418 846 3781 904 monasterio

2120 939 2309 995 sancti
2360 938 2512 995 Petri
2562 943 2698 995 ante
2727 938 2928 1007 altare,
2960 942 3243 1012 regnante
3300 937 3569 1011 Philippo
3616 952 3780 1009 rege.

2122 1027 2334 1085 Paulus
2365 1027 2599 1084 edituus
2629 1027 2887 1101 scripsit.
2924 1050 2952 1077 »

2656 1115 3075 1173 CAPITULUM
3116 1116 3239 1172 VII.

2631 1206 2707 1262 De
2744 1206 2942 1263 domno
2982 1205 3266 1267 Germano.

2751 1296 2932 1368 (Anno
2966 1296 3151 1363 1081.)

2191 1406 2219 1434 ‹‹
2255 1383 2497 1439 Domino
2527 1387 2729 1440 nostro
2758 1383 2944 1441 Jhesu
2975 1382 3225 1450 Christo,
3257 1382 3524 1441 omnium
3575 1398 3780 1441 rerum

2119 1472 2438 1541 conditore,
2458 1472 2841 1545 propiciante.
2862 1473 2980 1543 Ego
3003 1470 3343 1529 Willelmus
3360 1472 3432 1527 de
3452 1470 3778 1538 Sumbone,

2119 1560 2342 1617 militiae
2365 1562 2546 1616 armis
2570 1560 2889 1627 accinctus,
2911 1564 3282 1618 terrenarum
3295 1577 3491 1617 rerum
3516 1557 3779 1632 locuple-

356 1651 466 1711 dos
492 1666 873 1709 nummorum
901 1666 1004 1721 pro
1036 1665 1281 1705 assensu
1314 1648 1541 1704 habuit.
1576 1653 1787 1704 Nostra
1815 1652 2010 1704 autem
2116 1650 2589 1723 tissimus,atque
2612 1649 2850 1707 Diabolo
2868 1649 3509 1724 instigante,malorum
3533 1652 3777 1707 actuum

353 1743 703 1812 tempestate
733 1736 959 1794 addidit
987 1737 1101 1794 sibi
1133 1754 1261 1793 esse
1292 1737 1488 1792 datam
1520 1737 1672 1792 hanc
1702 1742 2014 1792 consuetu-

2119 1738 2386 1796 cassibus
2415 1738 2904 1812 involutus;ego,
2937 1739 3201 1812 inquam,
3234 1737 3510 1796 omnibus
3559 1742 3779 1794 sanetae

360 1787 700 1812 "'"'I"""""
734 1787 955 1794 “”““““”“’“
987 1787 1101 1794 ”””’
1137 1787 1257 1793 ’⁷-⁷
1297 1787 1488 1792 “““”⁷”’“”
1522 1787 1666 1792 ’“”““
1707 1787 1987 1792 ”“““’“”⁷’“
2121 1787 2385 1796 """""""
2416 1787 2904 1812 ’⁵⁵⁷⁷“““’“’““’¹1⁴“Ὀ“’1
2938 1787 3201 1812 “··”·ι“·-’·Ἷ
3237 1787 3509 1796 *’““’”““”“’”
3560 1787 3777 1794 ““““““’⁷’“’

355 1829 574 1893 dinem,
608 1830 692 1898 ut,
725 1827 868 1882 dum
917 1826 1140 1885 veniret
1184 1826 1259 1882 ad
1309 1827 1754 1892 monasterium,
1786 1787 2088 1882 habens"B
2121 1828 2223 1884 Dei
2256 1827 2527 1884 azcclesize
2561 1828 2852 1896 fidelibus,
2884 1832 3007 1885 tam
3040 1828 3426 1901 praesentibus
3455 1844 3635 1900 quam
3682 1828 3777 1885 lu-

352 1934 555 1991 aecum
585 1933 687 1973 sex
714 1921 819 1971 aut
848 1920 1101 1988 quatuor
1130 1914 1637 1981 milites,dandum
1664 1916 1714 1971 ei
1736 1920 2013 1971 consuete

353 2004 1056 2080 panem,vinum,carnem
1080 2004 1630 2076 sufﬁcientsr,equis
1643 2020 1877 2076 quoque
1890 2003 2012 2060 suis

350 2095 555 2152 itidem
586 2094 871 2150 advenam
901 2097 960 2148 et
989 2091 1213 2147 vinum.
1249 2092 1431 2163 Cujus
1485 2094 1631 2164 (221)
1662 2092 2011 2165 importuni-

350 2188 532 2242 tatem
564 2179 825 2239 conferre
857 2180 1278 2249 noluissemus,
1314 2186 1372 2237 et
1420 2180 1472 2237 ei
1526 2182 2009 2238 consuetudinem

353 2289 533 2353 quam
558 2271 892 2344 requirebat
913 2286 1283 2343 negaremus,
1315 2271 1545 2326 assinos
1568 2269 2016 2343 nostros,explo-

356 2367 514 2419 ratos
568 2360 823 2435 quadam
880 2358 1026 2426 vice,
1066 2357 1241 2428 tulit;
1273 2376 1377 2431 pro
1441 2376 1557 2432 quo
1614 2360 2014 2432 redemptione

354 2450 495 2525 ΧΧΧ
526 2449 797 2511 dedimus
826 2447 1066 2504 solidos.
1101 2447 1380 2515 Rursum,
1417 2447 1600 2504 altera
1627 2449 1769 2517 vice,
1795 2466 1894 2505 eos
1928 2453 2015 2504 tu-

353 2539 453 2609 lit;
476 2539 578 2597 sed
611 2555 713 2612 per
730 2536 1116 2605 Willelmum,
1132 2536 1508 2610 praepositum
1533 2537 2012 2606 comitis,invitus

356 2628 632 2687 reddidit.
657 2628 820 2683 Tunc
850 2625 1099 2698 denique
1129 2644 1231 2699 per
1282 2627 1511 2682 Bertam
1562 2626 1923 2683 comitissam
1958 2632 2014 2683 ct

357 2718 666 2793 praefatum
682 2715 1058 2789 praepositum
1070 2714 1260 2787 ipsam
1276 2732 1511 2788 pravam
1525 2716 2010 2801 consuetudinem

358 2806 626 2880 reliquit;
662 2810 719 2865 et
748 2803 1180 2861 celebrantibus
1210 2804 1381 2859 nobis
1411 2805 1595 2860 sancti
1628 2804 1871 2859 Firmini
1895 2806 2007 2861 fes-

358 2899 696 2967 tum,super
726 2893 908 2953 altare
927 2893 1117 2949 sancti
1142 2892 1294 2948 Petri
1316 2892 1450 2949 inde
1471 2909 1759 2967 guerpum
1794 2893 2005 2965 posuit,

352 2989 533 3061 atque
564 3001 598 3039 a
627 2982 797 3039 nobis
822 2982 967 3038 XXV
990 2979 1212 3039 solidos
1244 2981 1493 3054 accepit;
1526 2987 1601 3049 et,
1626 2982 1677 3038 si
1707 2983 1853 3039 forte
1903 2982 2007 3038 ali-

357 3073 593 3147 quando
624 3070 948 3128 monachus
979 3071 1139 3127 efﬁci.
1156 3069 1423 3138 voluerit,
1455 3088 1589 3127 cum
1640 3072 1814 3127 rebus
1860 3088 2008 3144 quas

2121 1916 2291 1985 turis,
2327 1921 2534 1973 notum
2568 1933 2695 1973 esse
2723 1916 2872 1986 volo,
2901 1917 3058 1990 quod
3089 1917 3330 1990 quidam
3365 1933 3531 1975 meus
3562 1916 3777 1988 fidelis,

2122 2005 2358 2062 nomine
2388 2005 2704 2078 Sulpicius,
2737 2010 2937 2061 votum
2969 2005 3177 2062 habuit
3199 2006 3261 2061 in
3292 2005 3554 2062 cmnobio
3586 2006 3778 2065 sancti

2109 2095 2272 2162 Petri
2305 2094 2702 2160 Carnotensis,
2724 2095 2794 2150 ab
2828 2094 2937 2150 hoc
2967 2093 3298 2167 deceptibili
3324 2093 3522 2151 seculo
3554 2094 3779 2163 nudus,

2121 2181 2240 2237 veri
2269 2182 2369 2238 Dei
2392 2180 2703 2236 famulatui
2732 2198 2795 2237 se
2816 2182 3224 2254 mancipari,et
3248 2181 3595 2239 beneﬁcium
3619 2182 3781 2255 quod

2122 2286 2189 2325 cx
2222 2286 2314 2325 me
2341 2271 2602 2340 tenebat,
2642 2269 2703 2325 in
2752 2270 3041 2326 territorio
3088 2270 3451 2340 Carnotensi,
3503 2270 3781 2344 clavigeri

2123 2359 2270 2432 (222)
2301 2376 2535 2415 summo
2581 2376 2649 2414 ac
2699 2358 3005 2416 monachis
3061 2359 3207 2415 inibi
3256 2359 3669 2430 militantibus,
3715 2360 3776 2417 in

2122 2447 2430 2520 stipendiis
2485 2446 2774 2520 ipsorum,
2823 2447 3180 2520 relinquere;
3213 2449 3337 2517 sed,
3398 2447 3544 2505 falso
3592 2448 3782 2506 seculi

2122 2554 2319 2594 amore
2349 2537 2646 2603 detentus,
2677 2554 2837 2593 mors
2868 2537 3185 2610 improvisa
3210 2538 3380 2594 avida
3429 2538 3594 2595 fauce
3639 2555 3781 2595 eum

2120 2627 2376 2698 rapiens,
2412 2643 2526 2681 non
2557 2625 2827 2698 permisit
2874 2631 3072 2682 votum
3118 2643 3187 2682 ex
3234 2630 3354 2684 toto
3393 2627 3612 2700 perfici.
3647 2628 3783 2700 Ipse

2120 2720 2317 2772 tamen
2340 2714 2598 2771 animam
2632 2715 2787 2771 intra
2816 2719 3020 2788 pectus
3050 2715 3470 2771 moribundum
3491 2716 3776 2785 retinens,

2120 2805 2246 2862 suis
2277 2804 2548 2861 ﬁdelibus
2577 2809 2635 2861 et
2664 2803 2899 2879 conjugi
2921 2805 3125 2877 jussit,
3150 2809 3216 2863 ut
3247 2804 3506 2878 corporis
3536 2804 3629 2861 sui
3651 2804 3779 2878 gle-

2120 2893 2255 2951 bam
2287 2895 2359 2950 ad
2390 2893 3055 2967 coenobium,poliandro
3078 2894 3323 2950 fratrum
3346 2894 3776 2961 mandandum,

2118 2983 2429 3054 deferrent,
2455 2987 2632 3055 atque
2662 2982 2927 3039 beneﬁcii
2956 2983 3200 3050 donum,
3231 2982 3389 3056 quod
3420 3000 3523 3055 pro
3552 3000 3617 3039 se
3646 2982 3779 3039 dari

2119 3074 2439 3140 devoverat,
2465 3088 2643 3144 super
2670 3071 2853 3131 altare
2883 3071 3074 3128 sancti
3106 3071 3256 3128 Petri
3277 3088 3474 3128 coram
3494 3071 3779 3129 omnibus

355 3143 649 3234 habuerit,
672 3159 1020 3234 recipiatur;
1055 3164 1240 3215 morte
1254 3177 1386 3216 vero
1410 3164 1736 3233 praeventus
1764 3143 2007 3233 sepelia-
2039 3143 2081 3210 C
2118 3163 2418 3233 ponerent.
2452 3143 2557 3214 Cui
2586 3159 2738 3214 dono
2782 3157 3106 3225 Ascelinus,
3157 3158 3317 3215 ﬁlius
3363 3160 3513 3231 ejus,
3566 3163 3778 3231 postea

355 3255 456 3308 tur
480 3242 732 3318 alnobis,
767 3249 893 3306 suis
923 3266 1068 3322 eque
1105 3249 1280 3305 rebus
1329 3249 1499 3305 nobis
1543 3247 1780 3305 relictis.
1814 3251 2012 3305 Testes

354 3338 536 3412 huius
567 3339 670 3408 rei,
705 3356 774 3394 ex
811 3355 919 3395 sua
950 3343 1131 3410 parte,
1166 3338 1403 3393 fuerunt
1435 3353 1449 3393 :
1486 3339 1662 3403 Dodo,
1698 3339 2010 3408 Guarinus,

357 3428 706 3487 Godefridus
727 3431 785 3483 et
815 3425 1116 3482 Geraldus.
1150 3427 1231 3481 Ex
1279 3431 1479 3481 nostra
1527 3430 1688 3497 parte
1722 3443 1735 3480 ε
1770 3427 2012 3499 Stepha-

358 3533 474 3591 nus
500 3516 714 3593 major,
741 3514 1053 3572 Gilduinus
1084 3515 1292 3587 major,
1330 3515 1677 3570 Laurentius
1715 3515 2014 3571 cubicula-

359 3603 812 3673 rius,Teduinus
843 3602 1606 3671 matricularius,Johannes
1633 3604 2016 3671 cocus,Gisle-

362 3693 566 3752 bertus
588 3710 751 3767 puer;
770 3690 1109 3766 Oydelerius
1126 3696 1182 3747 et
1202 3692 1320 3748 Β.οά
1330 3692 1529 3748 bertus
1560 3692 1738 3748 frater
1757 3694 1943 3765 ejus.»

914 3780 1329 3845 CAPlTULUM
1369 3780 1462 3838 VI.

876 3873 960 3925 De
986 3871 1152 3926 tutela
1182 3869 1504 3942 Argentclae.

959 3959 1127 4031 (Ante
1158 3976 1210 4015 a.
1244 3960 1430 4027 1088.)

406 4072 462 4113 ,α
497 4048 561 4105 In
589 4046 826 4105 nomine
852 4051 1078 4109 sanctae
1109 4051 1167 4105 et
1197 4046 1506 4103 individua:
1553 4047 1878 4104 Trinitatis.
1911 4048 2021 4104 No-

364 4142 654 4199 tum.esse
681 4135 973 4193 volumus.
1006 4152 1112 4210 ego
1144 4136 1516 4202 Eustachius,
1549 4136 1746 4192 divina
1784 4136 2016 4193 ordina-

361 4226 543 4296 tione,
566 4225 782 4303 abbas,
827 4226 1138 4299 omnisque
1195 4226 1383 4281 sancti
1445 4226 1595 4281 Petri
1648 4226 2018 4299 congregatio

364 4315 993 4388 monachorum,super
1012 4315 1268 4387 quodam
1292 4314 1473 4371 tutela
1492 4304 1667 4387 quam
1688 4315 2020 4372 Rodbertus

363 4404 667 4480 porcarius
685 4404 755 4459 de
787 4403 981 4461 Curba
998 4403 1151 4459 Villa
1175 4404 1405 4461 dicebat
1433 4403 1491 4458 in
1524 4408 1680 4459 terra
1710 4421 1836 4476 quae
1858 4422 2023 4461 voca-

2118 3248 2367 3322 praabuit
2386 3245 2825 3319 assensum,qui
2847 3263 2963 3302 non
2982 3245 3155 3320 longe
3174 3250 3307 3319 post
3322 3247 3576 3319 quadam
3600 3246 3779 3320 plaga

2121 3341 2475 3405 mortuus,et
2501 3336 2626 3409 ipse
2648 3353 2750 3409 pro
2781 3335 2890 3392 hac
2918 3352 2981 3391 re
3003 3337 3174 3409 juxta
3192 3340 3417 3409 patrem
3451 3342 3539 3392 est
3570 3341 3775 3391 tumu-

2120 3425 2296 3482 latus.
2334 3427 2518 3497 llujus
2545 3424 2683 3480 doni
2736 3424 3100 3481 Gausbertus
3144 3425 3215 3483 de
3272 3423 3502 3480 Evroldi
3530 3423 3776 3490 Villare,

2122 3514 2431 3572 Rainerius
2490 3519 2549 3570 et
2598 3513 2847 3581 Guaszo,
2905 3529 3108 3569 eorum
3168 3511 3404 3582 milites,
3460 3512 3786 3569 extiterunt

2120 3606 2319 3660 testes.
2352 3602 2570 3659 Deinde
2589 3602 2990 3669 Winebertus,
3013 3602 3190 3657 frater
3218 3601 3484 3675 Sulpicii,
3514 3602 3586 3658 de
3616 3602 3787 3658 terri-

2122 3692 2271 3749 torio
2303 3689 2712 3758 Vilcasinensi,
2734 3707 2839 3763 per
2870 3690 3193 3746 llubertum
3224 3690 3579 3756 Querculum
3598 3690 3789 3747 addu-

2123 3784 2276 3845 ctus,
2309 3795 2617 3836 assensum
2648 3795 2826 3851 super
2852 3776 3040 3834 altare
3070 3778 3260 3835 sancti
3284 3778 3435 3835 Petri
3466 3779 3784 3851 ponens,in

2123 3869 2487 3926 orationibus
2518 3870 2763 3923 fratrum
2796 3872 2885 3925 est
2915 3867 3350 3924 collectus.Nos
3378 3872 3580 3925 autem
3610 3867 3784 3924 duxi-

2124 3975 2259 4015 mus
2310 3956 2455 4013 illud
2512 3955 2864 4013 beneﬁcium
2894 3954 3067 4030 quale
3120 3956 3199 4012 sit
3242 3956 3568 4027 ostendere,
3602 3956 3660 4012 id
3694 3960 3789 4014 est

2125 4046 2407 4121 quicquid
2436 4046 2497 4102 in
2529 4044 2856 4118 parrcechia
2880 4044 3087 4102 domui
3113 4044 3412 4113 Germani,
3437 4045 3497 4100 in
3517 4045 3787 4105 aacclesia

2125 4134 2411 4205 videlicet,
2443 4134 2502 4190 in
2535 4133 2802 4200 decimis,
2826 4134 2886 4189 in
2918 4133 3089 4189 terris
3112 4134 3287 4190 cultis
3318 4138 3378 4190 et
3406 4132 3645 4191 incultis
3676 4133 3784 4190 sil-

2125 4225 2214 4280 vis
2243 4228 2301 4280 et
2330 4222 2638 4292 militibus,
2673 4239 2740 4279 ac
2770 4222 3045 4279 omnibus
3075 4222 3384 4296 exquisitis
3406 4227 3465 4278 et
3483 4223 3786 4295 inquiren-

2127 4314 2240 4379 dis,
2271 4314 2577 4369 videbatur
2596 4329 2667 4368 ex
2705 4328 2799 4367 me
2831 4314 3201 4369 tenere..Hoc
3227 4317 3417 4368 totum
3448 4329 3552 4384 pro
3583 4312 3787 4373 anima

2129 4420 2239 4461 sua
2268 4403 2543 4476 praefatus
2565 4399 2863 4474 Sulpicius
2882 4401 3282 4473 apostolorum
3300 4400 3551 4474 principi
3574 4405 3634 4458 et
3653 4402 3786 4474 ejus

363 4499 463 4555 tur
477 4492 794 4567 Angentela
823 4493 1067 4561 habere;
1102 4509 1206 4565 pro
1238 4510 1357 4566 qua
1385 4510 1497 4549 non
1532 4492 1828 4548 modicum
1853 4494 2021 4550 nobis
2051 4512 2098 4577 ι)
2131 4491 2435 4548 monachis
2461 4489 2718 4564 reliquit.
2753 4490 2915 4558 Quod
2941 4495 2998 4547 et
3044 4507 3172 4564 ego,
3222 4490 3522 4549 Eustachii
3550 4490 3787 4553 abbatis

366 4583 788 4641 detrimentum
819 4581 1040 4652 intulit,
1073 4582 1315 4654 insuper
1354 4587 1411 4638 et
1457 4581 1841 4637 homicidium
1891 4599 2021 4654 per-

363 4678 593 4746 petrare
626 4688 740 4727 non
766 4671 989 4727 timuit.
1023 4672 1285 4735 Tandem
1326 4671 1397 4727 ad
1450 4669 1601 4726 hanc
1646 4671 2017 4727 concordiam

360 4757 679 4832 venientes,
697 4760 969 4819 dedimus
989 4760 1040 4816 ei
1064 4759 1492 4833 quinquaginta
1511 4758 1729 4816 solidos
1752 4776 2019 4817 nummo-

364 4867 497 4908 rum
529 4853 706 4922 atque
728 4848 839 4904 loci
867 4848 1050 4920 hujus
1077 4848 1447 4915 beneficium,
1484 4853 1549 4903 ut
1581 4854 1795 4903 terram
1839 4866 2016 4921 quam

367 4938 624 4994 habebat
671 4937 913 5010 insuper
960 4941 1282 4994 memorata
1311 4936 1636 5008 Argentela,
1670 4954 1805 4993 cum
1836 4938 2019 4994 tutela

367 5040 547 5100 quam
577 5024 892 5091 clamabat,
928 5030 1130 5081 sancto
1163 5025 1327 5082 Petro
1359 5025 1705 5093 dimitteret;
1740 5027 1894 5097 quod
1940 5026 2016 5082 li-

366 5114 575 5172 benter
603 5113 926 5170 concedens
948 5112 1447 5187 fecit,donumque
1468 5131 1643 5187 super
1663 5112 1845 5171 altare
1864 5115 2019 5171 beati

369 5200 619 5277 apostoli
651 5200 802 5257 Petri
836 5202 1048 5273 posuit,
1096 5207 1324 5257 astante
1374 5202 1798 5259 monachorum
1847 5221 2020 5277 grege

370 5290 664 5362 turbaque
686 5288 1038 5345 famulorum
1052 5307 1303 5362 quorum
1318 5291 1558 5347 nomina
1571 5292 1848 5349 memorie
1860 5310 2021 5349 man-

369 5378 508 5436 dare
556 5378 891 5437 curavimus
923 5395 936 5433 :
972 5378 1306 5451 Stephanus
1348 5383 1405 5434 et
1450 5379 1746 5436 Salomon.
1779 5381 2017 5450 fratres;

368 5454 642 5541 Girogius
670 5467 952 5535 clericus;
984 5468 1184 5523 Teudo
1215 5471 1274 5523 et
1301 5467 1606 5535 Gauduus,
1639 5469 1878 5539 fratres;
1911 5470 2022 5545 0y-

441 5556 591 5634 (221)
614 5557 772 5627 ,Εοι-ι.
806 5555 947 5633 leg,,
980 5556 1147 5633 Cujus
1173 5572 1319 5614 cum.

2131 4586 2188 4639 et
2216 4579 2640 4637 monachorum
2669 4595 2839 4652 prece
2869 4578 3103 4647 ductus,
3140 4595 3275 4635 cum
3306 4595 3483 4635 uxore
3520 4596 3653 4635 mea
3682 4580 3785 4636 Er-

2130 4669 2447 4743 mengarde
2505 4673 2563 4725 et
2617 4668 2792 4725 unico
2848 4667 2989 4735 ﬁlio,
3018 4666 3301 4724 vocabulo
3350 4668 3465 4724 mei
3524 4669 3788 4727 nominis

2128 4762 2488 4832 nuncupata,
2504 4774 2608 4831 pro
2630 4756 3030 4829 redemptione
3059 4757 3392 4815 animarum
3421 4761 3787 4828 nostrarum,

2126 4848 2250 4904 ﬁeri
2272 4846 2449 4916 volui;
2471 4846 2650 4914 et,die
2672 4846 3106 4903 Puriﬁcationis
3120 4846 3286 4902 almae
3307 4846 3516 4909 matris
3526 4846 3785 4918 Domini,

2127 4953 2304 5009 super
2333 4934 2515 4992 altare
2544 4935 2697 4992 Petri
2730 4935 2979 5009 apostoli
3016 4952 3328 5003 assensum
3374 4934 3567 5009 posui,
3601 4939 3779 5009 atque

2124 5025 2277 5081 hanc
2308 5028 2529 5080 cartam
2559 5022 2791 5096 publice
2820 5023 3191 5098 astipulando
3223 5023 3414 5081 crucis
3452 5024 3622 5098 signo
3652 5040 3787 5082 cor-

2128 5112 2416 5170 roboravi.
2450 5112 2557 5169 Pro
2587 5129 2707 5185 qua
2735 5129 2795 5169 re
2825 5129 2861 5169 a
2882 5113 3118 5185 praefato
3146 5113 3357 5173 abbate
3382 5117 3622 5171 centum
3653 5113 3788 5171 soli-

2129 5203 2235 5259 dos
2265 5206 2640 5259 carnotorum
2669 5218 3051 5258 nummorum
3081 5201 3300 5275 accepi,
3349 5218 3597 5275 meaque
3642 5219 3788 5263 con-

2121 5293 2272 5365 junx
2302 5291 2448 5347 duas
2465 5291 2594 5347 auri
2625 5291 2913 5359 uncias,et
2930 5291 3089 5357 ﬁlius
3106 5308 3275 5351 meus
3300 5307 3576 5357 renonem
3598 5309 3788 5351 unum

2128 5380 2594 5437 varium.Testes
2624 5398 2694 5438 ex
2722 5386 2885 5455 parte
2916 5398 3048 5439 mea
3066 5382 3340 5439 fuerunt:
3366 5380 3698 5439 Radbertus
3716 5381 3792 5439 de

2130 5468 2287 5527 Bello
2300 5469 2541 5631 2l;‘[()snte;
2574 5470 2894 5529 Jhotardus
2925 5470 3254 5531 Willelmus
3282 5475 3341 5527 et
3364 5468 3668 5531 Renaldus
3718 5472 3793 5529 de

2203 5559 2298 5630 (22
2432 5556 2504 5614 io.
