3988 6072
311 341 432 402 355

1189 337 1425 402 PAULI
1473 337 1537 400 S.
1584 336 1817 399 PETRI
1861 335 2396 400 CARNOTENSIS
2439 336 2818 401 MONACHI.

3593 336 3721 400 356

314 475 407 530 nis
437 475 628 540 Curte,
661 487 790 544 quae
820 474 910 527 est
936 469 1083 527 cella
1111 470 1334 543 prafati
1356 469 1720 541 cenobii,sub
1747 471 1956 526 abbate
1984 470 2040 538 Α
2070 470 2180 526 loci
2213 475 2489 544 perpetuo
2511 473 2646 544 jure
2674 471 2947 539 habeant,
2973 454 3100 528 sine
3129 470 3250 527 ulla
3279 470 3555 528 calunnia
3585 488 3598 527 :
3635 471 3736 528 ita

313 561 630 619 Eustachio
688 560 1053 628 militantes.,
1087 560 1339 634 qualiter
1395 559 1468 616 lis
1527 565 1585 616 et
1639 559 1957 627 calumnia,

313 667 490 724 quam
522 649 690 706 nobis
722 650 1048 706 inferebant
1091 649 1357 706 monachi
1410 650 1746 716 Beccenses,
1781 650 1959 704 ﬁnem

313 739 600 812 acceperit
629 740 688 794 in
737 755 969 795 camera
1017 740 1226 796 domus
1277 738 1512 812 Pagani,
1546 737 1648 793 ﬁlii
1700 737 1961 810 Hugonis

313 829 650 895 Franconis,
684 829 839 900 apud
889 831 1149 884 castrum
1200 827 1381 883 Calidi
1435 828 1668 882 Montis.
1699 828 1780 883 lbi
1833 828 1960 899 qui-

313 919 446 974 dem
477 919 677 974 aderat
701 916 1036 983 Anselmus,
1068 917 1250 973 abbas
1282 916 1509 972 cenobii
1541 916 1724 984 Becci,
1745 920 1802 972 et
1823 933 1955 972 cum

311 1024 378 1063 eo
407 1024 475 1063 ex
505 1007 633 1078 ejus
674 1006 977 1062 monachis
1007 1007 1387 1073 Gislebertus,
1421 1010 1583 1062 ortus
1633 1007 1702 1061 de
1751 1021 1964 1077 genere

311 1096 736 1169 Crispinorum,
768 1101 825 1151 et
855 1094 1227 1162 Eustachius,
1262 1095 1620 1167 praenomine
1650 1095 1920 1167 Paganus
1945 1110 1958 1162 ;

317 1185 563 1241 aderant
601 1189 657 1239 et
686 1184 954 1240 meliores
985 1201 1052 1239 ex
1084 1183 1182 1238 illo
1225 1188 1436 1251 castro,
1471 1187 1733 1239 tenentes
1782 1182 1961 1254 placi-

311 1278 438 1330 tum
471 1274 542 1330 de
572 1272 892 1346 presbitero
923 1271 1180 1328 ecclesia:
1205 1277 1425 1328 ’sanctae
1459 1272 1818 1344 Mariae,quaa
1851 1273 1964 1328 sita

311 1368 402 1420 est
433 1362 678 1418 inferius
712 1378 824 1417 non
858 1360 1027 1434 longe
1049 1379 1083 1416 a
1110 1361 1360 1417 Ledonis
1380 1361 1554 1417 Curte
1577 1379 1590 1429 ;
1614 1365 1671 1416 et
1694 1360 1965 1416 volebant

310 1455 414 1508 aut
446 1467 683 1507 uxorem
714 1451 843 1522 ejus
869 1449 954 1504 illi
997 1453 1267 1505 excutere
1315 1453 1417 1504 aut
1464 1447 1786 1504 aacclesiam
1835 1465 1963 1520 quae

310 1539 545 1596 illorum
587 1543 728 1596 erat.
763 1539 823 1595 In
874 1538 1064 1595 medio
1114 1554 1347 1610 quoque
1393 1537 1605 1610 placito
1654 1537 1726 1592 ab
1773 1537 1963 1592 archi-

310 1629 582 1701 episcopo
613 1626 1027 1700 Rotomagensi
1058 1629 1209 1695 (225)
1241 1626 1434 1682 missa
1465 1631 1603 1682 sunt
1624 1627 1793 1682 nobis
1815 1643 1966 1698 quaa-

311 1719 446 1774 dam
477 1717 1013 1783 litterm,exorantes
1046 1721 1130 1781 ut,
1158 1732 1260 1787 pro
1293 1715 1715 1787 archiepiscopi
1741 1732 1962 1786 amore,

311 1807 570 1863 decimas
627 1823 823 1862 rerum
883 1809 940 1860 et
989 1803 1352 1877 sepulturam
1413 1809 1624 1859 nostra;
1683 1803 1958 1869 ecclesiae,

312 1913 491 1969 quam
535 1912 569 1951 a
615 1895 834 1951 nostris
894 1893 1236 1949 hominibus
1294 1893 1746 1965 accipiebamus,
1805 1892 1961 1948 intra

313 1987 585 2042 Fossatos
641 1983 1177 2049 cummanentibus,
1223 1981 1610 2039 Beccensibus
1655 1981 1960 2038 monacbis

311 2074 877 2138 redderemus.Quod
907 2089 1042 2128 cum
1065 2076 1542 2138 castrenses,tam
1564 2071 1756 2127 clerici
1779 2088 1956 2143 quam

307 2164 795 2235 laici,audissent,
829 2167 1101 2217 extranea
1131 2161 1215 2217 eis
1247 2177 1338 2216 res
1371 2160 1572 2216 audita
1600 2161 1724 2216 visa
1752 2165 1859 2228 est,
1893 2165 1957 2215 ut

311 2253 467 2325 quod
499 2251 829 2308 Gualterius
859 2267 1054 2306 comes
1103 2255 1306 2306 sancto
1357 2250 1542 2317 Petro,
1581 2251 1696 2305 fere
1743 2250 1955 2305 abhinc

310 2342 457 2398 XXX
510 2340 679 2396 annis
722 2344 778 2396 et
825 2339 1101 2412 amplius,
1154 2339 1500 2407 contulerat,
1541 2344 1598 2394 et
1646 2339 1954 2410 optimates

309 2431 438 2502 ejus
464 2446 770 2485 assensum
802 2429 1175 2501 prebuerant,
1211 2446 1244 2484 a
1271 2428 1596 2493 monachis,
1621 2428 1954 2500 nuperrime

310 2517 688 2576 aecclesiolam
729 2516 1061 2588 praedictam
1111 2516 1484 2584 habentibus,
1517 2517 1736 2587 injuste
1785 2516 1953 2571 nobis

308 2607 626 2664 tolleretur.
652 2607 816 2662 Tunc
845 2623 1048 2661 omnes
1080 2605 1208 2661 viva
1240 2623 1372 2661 voce
1411 2611 1467 2660 et
1516 2605 1952 2660 indissimulato

306 2697 472 2754 vultu
503 2695 906 2752 testimonium
941 2695 1331 2766 praabuerunt,
1365 2695 1541 2767 quod,
1576 2693 1722 2767 ipsis
1753 2694 1952 2749 viden-

308 2786 468 2842 tibus
496 2790 553 2841 et
574 2783 971 2848 audientibus,
987 2800 1182 2839 comes
1205 2783 1538 2839 Gualterius
1560 2787 1760 2838 sancto
1790 2784 1950 2838 Petro

309 2875 547 2931 dederat
589 2873 954 2945 sepulturam
1001 2878 1059 2927 et
1104 2872 1392 2927 decimam
1443 2871 1749 2926 hominum
1799 2870 1952 2926 intra

309 2966 582 3022 Fossatos
603 2960 1292 3026 habitantium,videlicet
1317 2962 1388 3016 de
1409 2961 1701 3027 bubus,de
1723 2961 1947 3028 ovibus,

307 3053 378 3110 de
423 3051 628 3118 asinis,
679 3051 751 3106 de
798 3049 998 3122 equis;
1034 3049 1322 3105 decimam
1379 3066 1612 3122 quoque
1669 3050 1740 3105 de
1797 3053 1952 3105 terra

307 3159 486 3214 quam
539 3138 811 3196 monachi
869 3144 1207 3208 exararent;
1254 3138 1542 3194 decimam
1601 3139 1774 3194 etiam
1835 3139 1950 3193 ari-

306 3231 482 3306 penni
516 3229 615 3286 ubi
647 3230 854 3285 furnus
884 3227 1024 3284 olim
1057 3229 1244 3284 fuerat
1292 3228 1464 3283 situs.
1497 3229 1614 3284 Hoc
1647 3228 1950 3283 audientes
1980 3214 2022 3280 C

306 3318 600 3386 monachi,
635 3334 770 3374 cum
829 3317 1038 3374 abbate
1097 3334 1224 3382 suo,
1272 3317 1554 3389 injustam
1615 3316 1950 3372 calunniam

305 3409 682 3481 deponentes,
715 3406 990 3478 deinceps
1041 3405 1350 3462 siluerunt.
1386 3407 1588 3462 Testes
1640 3405 1820 3478 hujus
1868 3404 1949 3461 rei

303 3497 482 3553 etiam
539 3495 875 3551 curavimus
923 3493 1339 3550 subscribere:
1375 3495 1706 3550 Manassem
1756 3493 1950 3549 archi-

305 3586 731 3658 presbyterum,
783 3583 1150 3650 Herbertum,
1197 3581 1529 3649 Genricum,
1563 3582 1946 3650 Gualterium,

306 3674 650 3738 Sansonem,
687 3670 1027 3739 canonicos;
1063 3671 1320 3727 Odonem
1349 3672 1770 3737 vicecomitem,
1805 3672 1949 3727 Her-

306 3762 535 3818 bertum
564 3760 924 3833 pincernam,
950 3760 1306 3815 Rodbertum
1339 3761 1737 3832 praepositum,
1765 3761 1948 3831 Roge-

306 3849 458 3906 rium
495 3848 761 3916 militem,
793 3847 1152 3917 Givelinum;
1188 3848 1567 3917 Rodbertum,
1604 3849 1848 3904 militem
1879 3849 1950 3904 de

306 3937 552 3995 marina.
583 3959 612 3988 »

837 4025 1250 4082 CAPlTULUM
1292 4025 1412 4082 XII.

638 4114 790 4184 Item,
822 4114 1024 4170 donum
1047 4115 1112 4170 de
1139 4115 1284 4171 saltu
1315 4115 1610 4188 Cede/ridi.

892 4206 1060 4272 (Ante
1093 4221 1145 4259 a.
1181 4206 1362 4273 1088.)

375 4317 404 4346 ‹‹
438 4293 504 4350 In
533 4291 749 4350 Christi
780 4290 1037 4348 nomine.
1073 4293 1190 4365 Ego
1233 4293 1612 4360 Guarnerius,
1648 4310 1766 4348 una
1812 4309 1947 4349 cum

303 4380 810 4450 Joscelino,sancti
837 4380 984 4437 Petri
1015 4380 1409 4452 apostolorum
1438 4381 1719 4454 principis
1741 4381 1950 4437 Carno-

303 4471 490 4528 tensis
519 4468 786 4540 cmnobii,
820 4473 996 4540 atque
1027 4470 1138 4524 sub
1186 4469 1394 4525 abbate
1443 4469 1775 4538 Eustachio,
1811 4487 1948 4542 pro-

303 4560 522 4617 visores
559 4557 670 4614 loci
719 4558 970 4615 Ledonis
1011 4557 1229 4626 Curtis,
1264 4557 1322 4612 in
1349 4558 1640 4614 territorio
1670 4558 1946 4615 Vilcasini
1979 4587 2026 4649 ι)

304 4648 499 4716 castri,
553 4665 726 4721 quem
785 4647 1119 4704 Gualterius
1176 4665 1394 4714 comes,
1455 4647 1611 4703 ﬁlius
1664 4649 1948 4722 Drogonis

305 4738 557 4805 comitis,
590 4741 870 4810 regnante
901 4736 1150 4792 Hanrico
1181 4754 1336 4810 rege,
1365 4741 1564 4792 sancto
1614 4737 1778 4793 Petro
1819 4755 1947 4809 per-

305 4827 612 4900 petualiter
673 4826 1030 4894 habendum,
1093 4826 1302 4882 abbate
1361 4825 1644 4881 Landrico
1701 4827 1944 4894 vivente,

304 4917 671 4972 concedendo
701 4915 938 4984 tribuit;
978 4921 1200 4983 notum,
1236 4915 1496 4986 inquam,
1521 4932 1648 4970 esse
1679 4915 1948 4971 volumus

303 5008 423 5059 tam
456 5003 841 5076 praesentibus
867 5021 1044 5075 quam
1078 5004 1292 5058 futuris
1315 5009 1526 5059 sanctae
1551 5003 1651 5058 Dei
1678 5003 1946 5059 zecclesiae

305 5091 599 5161 ﬁdelibus,
631 5092 786 5164 quod
821 5093 1062 5163 quidam
1097 5093 1286 5158 miles,
1321 5093 1554 5148 nomine
1602 5092 1947 5150 Godefridus

306 5179 376 5236 de
409 5179 695 5246 Fluriaco,
729 5179 1068 5235 inﬁrmitate
1108 5198 1224 5252 qua
1273 5186 1540 5236 mortuus
1588 5185 1678 5237 est
1726 5181 1948 5238 de.em-

305 5273 571 5342 ptus,per
600 5268 787 5324 ﬁlium
815 5269 1266 5338 suum,nomine
1296 5269 1684 5343 Hugonem,et
1709 5288 1947 5327 uxorem

304 5375 496 5427 suam,
513 5356 1002 5423 Adelam,donum
1035 5357 1127 5414 sui
1157 5357 1342 5414 saltus
1375 5359 1537 5414 misit
1566 5377 1741 5432 super
1768 5360 1950 5416 altare

302 5445 494 5505 sancti
523 5445 678 5502 Petri
708 5446 1044 5519 ponendum
1077 5446 1356 5520 quatinus
1405 5448 1677 5504 monachi
1725 5449 1948 5522 praefati

374 5609 524 5686 (225)
542 5605 1200 5669 Guillelmuslecclesie
1232 5608 1686 5685 Rotbomageusi
1715 5613 1950 5688 praefuit
1986 5616 2060 5676 ab
2091 5632 2144 5674 a.
2174 5616 2314 5675 1078
2343 5633 2532 5691 usque
2561 5616 2634 5676 ad
2664 5635 2718 5676 a.
2752 5618 2908 5678 1110.

2069 561 2334 616 videlicet
2366 567 2431 620 ut
2461 560 2596 618 inde
2627 559 2968 628 aacclesiam,
3003 561 3208 616 domos
3239 565 3296 616 et
3330 560 3538 617 horrea
3587 578 3742 634 sua,

2071 649 2304 721 quando
2363 667 2510 723 opus
2569 649 2763 718 fuerit,
2814 649 3120 717 aediﬁcent,
3155 666 3326 722 agros
3375 653 3434 704 et
3490 652 3745 706 curtem

2072 755 2240 794 suam
2272 739 2569 807 claudant,
2600 744 2775 810 atque
2808 737 3005 794 omnia
3036 755 3144 794 sua
3173 737 3505 794 necessaria
3534 738 3760 795 exclu-

2071 827 2232 882 dant.
2267 827 2400 885 Post
2431 831 2679 883 mortem
2712 832 2908 883 autem
2939 829 3091 900 ejus.
3123 827 3180 882 in
3215 826 3500 883 cimiterio
3531 829 3762 885 sancti

2073 916 2225 972 Petri
2283 933 2494 989 corpus
2544 918 2672 988 ejus
2722 922 2810 973 est
2857 916 3176 988 sepultum,
3207 915 3256 968 V
3303 915 3437 972 idus
3495 915 3760 988 aprilis.

2072 1006 2235 1060 Tunc
2268 1023 2498 1078 quoque
2529 1023 2673 1063 uxor
2701 1010 2757 1060 et
2787 1005 2996 1078 reliqui
3047 1005 3150 1060 ﬁlii
3188 1007 3317 1076 ejus
3347 1021 3582 1062 rursum
3615 1006 3775 1063 do-

2071 1111 2214 1149 num
2249 1093 2435 1152 saltus
2463 1093 2747 1166 praelibati
2777 1111 2955 1166 super
3002 1093 3203 1163 altare,
3239 1111 3342 1166 pro
3391 1093 3591 1150 anima
3619 1111 3770 1166 pa-

2071 1181 2200 1248 tris,
2233 1188 2574 1255 posuerunt.
2599 1183 2786 1255 Hujus
2810 1185 2891 1239 rei
2924 1183 3163 1239 testium
3196 1183 3434 1239 nomina
3463 1183 3772 1241 subscri-

2073 1277 2173 1344 pta
2202 1276 2340 1326 sunt
2373 1289 2386 1327 :
2422 1272 2722 1327 Gerelmus
2753 1271 3060 1344 presbiter,
3093 1271 3228 1328 Milo
3250 1271 3769 1344 presbiter,Urso

2073 1359 2263 1426 miles,
2291 1360 2412 1416 Odo
2436 1359 2626 1428 miles,
2660 1361 2755 1416 Ivo
2786 1359 2956 1416 miles
2983 1360 3054 1416 de
3088 1361 3217 1428 Fai;
3251 1359 3768 1427 Hilduinus,fra-

2071 1454 2160 1504 ter
2189 1450 2349 1521 ejus;
2376 1448 2708 1518 Givelinus;
2744 1449 3084 1517 Rainaldus,
3117 1448 3276 1506 ﬁlius
3326 1449 3490 1521 ejus;
3526 1449 3772 1508 Gode-

2073 1537 2262 1594 fridus
2289 1537 2482 1594 miles.
2514 1560 2542 1589 »

2597 1653 3016 1710 CAPlTULUM
3055 1655 3203 1710 XIII.

2623 1765 2696 1818 De
2717 1763 2927 1818 vzcaria
2959 1763 3174 1819 Belsize.

2666 1868 2831 1940 (Ante
2861 1885 2913 1924 a.
2949 1867 3132 1941 4091.)

2139 2007 2166 2033 ‹‹
2203 1985 2267 2038 ln
2300 1982 2517 2040 Christi
2548 1984 2932 2057 nomine.Ego
2954 1982 3453 2055 Walterius,ﬁlius
3475 1983 3764 2057 Flealdi,

2067 2073 2297 2128 abbatis
2329 2072 2515 2128 sancti
2563 2073 2717 2128 Petri
2769 2073 3067 2129 Eustachii
3118 2077 3174 2128 et
3218 2073 3329 2129 sibi
3389 2075 3764 2134 commissa

2067 2162 2535 2234 congregationis
2569 2162 2841 2234 precibus
2863 2161 3456 2227 adductus,vicariam
3480 2179 3756 2222 omnem

2065 2267 2243 2323 quam
2268 2249 2324 2304 in
2349 2251 2624 2305 omnibus
2646 2251 2816 2306 terris
2841 2250 3026 2306 sancti
3045 2250 3194 2306 Petri
3217 2251 3754 2319 habebam,uxore

2065 2357 2194 2398 mea
2228 2338 2559 2395 Fredesindi
2590 2343 2646 2394 et
2674 2339 2794 2394 ﬁlio
2819 2356 2945 2395 meo
2966 2339 3410 2407 Rainaldo,cum
3435 2341 3750 2400 fratribus

2063 2432 2120 2483 et
2148 2428 2446 2483 sororibus
2469 2427 2794 2499 suis,atquc
2809 2427 2985 2482 etiam
3006 2428 3266 2485 Lisiardo
3287 2429 3736 2500 annuentibus,

2061 2533 2164 2588 pro
2197 2515 2526 2572 animarum
2570 2521 2901 2572 nostrarum
2933 2522 2989 2572 et
3017 2522 3327 2589 parentum
3371 2522 3735 2575 nostrorum

2062 2606 2476 2677 redemptione,
2510 2623 2612 2677 per
2641 2622 2992 2661 consensum
3025 2605 3230 2661 domni
3265 2605 3378 2661 mei
3426 2607 3733 2663 Gunherii

2059 2694 2316 2750 ecclesia:
2349 2694 2533 2750 sancti
2568 2694 2716 2750 Petri
2749 2694 2807 2748 in
2849 2699 3204 2767 peppetuum
3254 2695 3525 2762 dimitto;
3561 2695 3730 2750 acci-

2061 2783 2227 2856 piens
2284 2781 2461 2838 michi
2515 2783 2574 2838 in
2628 2783 3330 2856 concanbiumaprefato
3387 2784 3604 2840 abbate
3663 2788 3730 2840 et

2060 2872 2365 2928 monachis
2415 2878 2533 2927 tres
2585 2871 2936 2944 agripennos
2981 2873 3306 2940 vinearum,
3341 2872 3400 2927 in
3449 2871 3724 2929 convalle

2061 2962 2254 3017 Sancti
2277 2960 2749 3027 Bartholomei,in
2771 2961 2968 3018 clauso
2992 2963 3092 3034 qui
3115 2961 3329 3018 dicitur
3344 2961 3719 3036 Ingelbaudi.

2060 3049 2222 3105 Unde
2253 3049 2428 3105 etiam
2479 3048 2724 3122 predicti
2773 3050 3046 3106 monachi
3096 3051 3321 3123 praefati
3370 3051 3535 3106 uxori
3565 3068 3715 3107 meae

2059 3142 2207 3196 duas
2237 3139 2362 3194 auri
2396 3139 2612 3206 untias,
2648 3145 2705 3194 et
2736 3139 2854 3195 ﬁlio
2886 3157 3014 3196 meo
3045 3157 3262 3212 equum
3295 3139 3520 3213 argenti
3549 3157 3713 3195 mar-

2062 3229 2145 3285 cis
2167 3245 2266 3284 sex
2286 3233 2690 3300 comparatum
2712 3228 3231 3300 donant,praedicto
3254 3229 3426 3284 etiam
3444 3228 3707 3285 Lisiardo

2060 3322 2108 3372 V
2140 3319 2419 3374 addentes
2451 3317 2690 3373 solidos.
2724 3319 2885 3384 Quod
2920 3318 3095 3374 etiam
3126 3317 3450 3391 posteritati
3493 3322 3704 3374 nostra;

2061 3412 2268 3463 notum
2301 3407 2486 3462 facere
2530 3411 2587 3462 et
2629 3423 2731 3478 per
2779 3407 3151 3462 succedentia
3191 3411 3453 3479 tempora
3505 3411 3696 3462 ratum

2061 3513 2295 3551 manere
2327 3495 2650 3566 cupientes,
2683 3493 3009 3552 litterarum
3041 3495 3332 3552 memoriae
3355 3495 3501 3552 tradi
3520 3492 3697 3550 volui-

2061 3603 2227 3654 mus;
2257 3589 2314 3640 et
2347 3601 2524 3639 manu
2560 3589 2760 3639 nostra
2781 3585 3116 3640 annotando
3141 3584 3691 3664 ﬁrmavjmusmtque

2059 3674 2292 3729 domnis
2323 3678 2381 3729 et
2410 3673 2616 3728 amicis
2649 3674 2866 3729 nostris
2896 3674 2968 3728 ad
2997 3673 3513 3730 corroborationem
3559 3676 3685 3728 tan-

2059 3764 2315 3835 gendum
2355 3761 2700 3818 obtulimus.
2731 3763 2786 3818 S.
2825 3761 3124 3830 Gualterii,
3150 3761 3254 3817 ﬁlii
3301 3760 3522 3817 Flealdi.
3550 3761 3679 3816 Fre-

2059 3851 2338 3920 desindis,
2373 3850 2888 3922 uxoris.Rainaldi,
2923 3851 3027 3906 ﬁlii
3059 3849 3672 3922 ejus.Heli€e.Hugonis.

2061 3940 2328 3997 Lisiardi.
2377 3940 2640 4009 Adeline,
2688 3940 2820 3995 ﬁliae
2870 3941 3018 4011 ejus.
3064 3940 3375 3996 Elisabetb.
3405 3940 3477 3995 Ex
3518 3941 3669 4010 parte

2060 4029 2337 4086 Gualterii
2374 4046 2386 4085 :
2422 4030 2770 4096 Rodbertus,
2823 4029 2980 4085 ﬁlius
3031 4029 3293 4097 Rodulﬁ;
3327 4029 3492 4100 Hugo,
3519 4026 3664 4082 ﬁlius

2061 4118 2388 4186 Lamberti;
2423 4117 2536 4185 Ivo,
2599 4117 2755 4174 ﬁlius
2808 4118 3109 4187 Norberti;
3158 4116 3512 4190 Oydelardus,
3566 4131 3658 4171 ne-

2058 4223 2164 4279 pos
2222 4205 2536 4275 Gualterii;
2587 4205 2894 4273 Einardus,
2952 4206 3332 4262 Raimbatdus
3382 4204 3651 4278 presbiter,

2059 4296 2385 4351 Lanbertus
2416 4295 2719 4366 presbiter.
2750 4296 2832 4350 Ex
2860 4299 3060 4350 nostra
3090 4298 3251 4368 parte
3283 4312 3296 4351 :
3329 4293 3642 4351 Gausfredus

2058 4383 2292 4457 praesul,
2327 4383 2710 4456 Ingelrannus
2740 4383 3379 4450 decannus,Adelardus
3397 4381 3642 4438 subdeca-

2057 4491 2190 4540 nus,
2225 4473 2540 4530 Gauslinus
2589 4473 3056 4529 archidiaconus.
3093 4473 3383 4530 Guerricus
3407 4470 3634 4540 clericus,

2058 4561 2352 4618 Hilbertus
2383 4562 2453 4617 de
2483 4561 2740 4630 Gurzeis,
2779 4561 3060 4634 Gerogius
3091 4561 3341 4628 clericus,
3369 4557 3632 4616 Guerricus

2055 4650 2456 4718 vicedomnus,
2506 4651 2837 4708 Willelmus
2903 4651 3280 4724 praepositus;
3331 4646 3623 4714 Tedbaldus,

2057 4741 2235 4795 frater
2263 4741 2391 4811 ejus
2414 4758 2426 4808 ;
2454 4739 2788 4795 Tedbaldus
2822 4739 3354 4807 Farsit,Willelmus
3376 4736 3616 4802 Mordens,

2055 4830 2395 4896 Jbotardus,
2447 4828 2812 4896 Gunbaldus,
2867 4829 3209 4884 Laurentius
3262 4823 3612 4890 cubicularius;

2059 4918 2454 4986 Fulcbardus;
2488 4917 2786 4974 'Ieduinus
2811 4923 2868 4973 et
2897 4918 3180 4987 Gaudius,
3207 4919 3404 4982 fratres;
3430 4910 3612 4970 Hildul-

2057 5009 2149 5063 fus
2203 5011 2261 5062 et
2311 5007 2690 5073 Gausfredus,
2725 5007 3308 5074 fratres;Adventius,
3337 5001 3603 5075 Stephanus

2057 5101 2113 5152 et
2145 5095 2440 5166 Salomon,
2477 5096 2716 5151 fratres:
2753 5095 3136 5168 Ingelbertus,
3167 5096 3426 5162 Johannes,
3452 5091 3600 5146 Gaus-

2057 5185 2276 5251 fredus,
2310 5184 2464 5254 coci;
2501 5183 2831 5240 Gualterius
2863 5188 3070 5252 sartor,
3106 5183 3346 5240 llibaldus
3368 5181 3424 5236 de
3448 5179 3592 5235 Frau-

2057 5275 2218 5342 sino;
2253 5275 2605 5347 Stephanus,
2640 5273 2796 5330 ﬁlius
2827 5274 3115 5344 Dodonis;
3145 5271 3316 5343 Radul,
3340 5269 3460 5326 ﬁlius
3486 5264 3584 5322 Hil-

2057 5363 2298 5436 degarii.
2334 5385 2362 5413 »
