3988 6072
129 237 259 302 357

682 369 1086 430 CAPITULUL
1132 373 1276 430 XIV.

543 462 755 518 Donum
789 461 1057 518 Gunherii
1081 462 1146 518 de
1175 465 1422 520 vivariis.

748 552 916 622 (Ante
953 569 1006 610 a.
1042 552 1224 624 1088.)

212 663 245 692 ι(
282 642 350 696 In
389 639 624 696 nomine
671 639 937 696 omnium
983 640 1311 699 Conditoris
1344 657 1559 696 rerum.
1593 641 1807 697 Natum

134 747 278 788 esse
303 729 606 797 volumus,
639 745 746 802 ego
777 728 1126 785 Eustachius
1145 730 1329 788 abbas
1349 730 1658 803 omnisque
1679 747 1812 786 can-

137 819 418 893 gregatio
440 818 866 874 monachorum
890 818 1088 874 Sancti
1111 819 1262 874 Petri
1282 820 1676 890 Carnotensis,
1690 837 1809 876 am-

139 909 330 965 nibus
353 907 649 974 ﬁdelibus,
673 913 795 964 tam
826 907 1114 981 presentis
1136 926 1313 981 quam
1337 909 1517 968 futuri
1540 908 1807 982 evi,quod

141 998 496 1056 Gunherius
518 998 590 1053 de
615 997 812 1054 Monte
845 997 1096 1064 Letardi,
1123 996 1561 1054 ﬁliusvidelicet
1580 997 1810 1058 Gualte-

140 1088 215 1144 rii
251 1088 326 1144 de
357 1086 590 1153 Alneto,
625 1087 696 1142 de
725 1085 958 1142 vicariis
987 1103 1135 1158 quas
1153 1086 1212 1142 in
1242 1086 1431 1147 Belsia
1451 1087 1622 1144 nobis
1643 1086 1816 1143 Gual-

141 1176 338 1235 terius
371 1175 534 1232 ﬁlius
567 1174 784 1232 Flealdi
839 1175 1122 1243 vendidit,
1156 1179 1279 1232 tam
1310 1175 1370 1231 in
1416 1176 1635 1235 Abanis
1661 1176 1813 1232 Villa

143 1282 332 1340 quam
365 1263 430 1320 in
460 1263 594 1320 aliis
624 1264 790 1332 locis,
815 1263 1530 1322 assensumlibentissime
1551 1265 1804 1339 prebuit,

143 1356 504 1426 donumque
533 1371 711 1427 super
757 1352 940 1410 altare
988 1353 1175 1410 sancti
1228 1354 1378 1410 Petri
1430 1355 1644 1427 posuit.
1685 1356 1810 1412 Non

143 1443 348 1502 solum
385 1444 458 1499 de
488 1442 642 1499 datis
671 1441 760 1498 vel
788 1443 1060 1499 venditis.
1085 1447 1175 1499 set
1193 1443 1370 1499 etiam
1400 1445 1470 1500 de
1491 1444 1704 1502 dandis
1726 1443 1813 1501 vel

141 1531 502 1599 vendendis,
524 1531 770 1588 solidam
794 1531 962 1588 nobis
985 1533 1322 1589 ﬁrmitatem
1345 1533 1524 1602 dedit,
1549 1537 1668 1589 uta
1689 1533 1814 1590 suis

145 1623 458 1679 milttibus
488 1620 889 1694 acciperemus
919 1639 931 1690 ;
965 1625 1023 1677 et
1052 1639 1169 1677 non
1209 1621 1401 1678 solum
1423 1621 1667 1679 vicariae
1688 1640 1816 1695 qua:

146 1713 218 1768 de
249 1712 395 1783 ejus
423 1709 706 1766 beneﬁcio
749 1726 877 1766 esse
909 1714 1254 1780 nascuntur,
1289 1711 1390 1766 sed
1422 1712 1598 1767 etiam
1631 1717 1816 1768 terras

149 1802 304 1857 duas
343 1798 443 1856 sui
475 1798 694 1855 milites
725 1803 927 1856 sancto
967 1799 1132 1854 Patro
1164 1799 1302 1854 dare
1330 1799 1418 1856 vel
1439 1801 1685 1856 vendere
1715 1818 1813 1858 vo-

146 1889 400 1957 luerint,
415 1904 725 1944 assensum
740 1887 988 1961 praebuit
1007 1893 1073 1944 ut
1093 1887 1438 1945 habeamus.
1453 1891 1816 1962 Quapropter

146 1994 258 2036 nos
287 1994 433 2034 eum
467 1975 816 2050 collegimus
864 1977 926 2031 iu
968 1977 1332 2034 orationibus
1363 1982 1420 2033 et
1447 1978 1507 2032 in
1537 1980 1814 2037 omnibus

149 2068 382 2125 nostris
415 2065 588 2122 bonis
620 2064 916 2138 operibus,
952 2069 1017 2120 ut
1037 2065 1326 2138 particeps
1357 2067 1576 2139 praamii
1605 2067 1682 2124 sit
1713 2085 1814 2123 na-

151 2157 394 2214 hiscum
425 2153 488 2209 in
520 2170 698 2227 regno
720 2153 1019 2210 caelorum.
1045 2155 1250 2210 Testes
1269 2155 1664 2212 concessionis
1685 2159 1814 2228 ejus

153 2247 214 2302 in
245 2245 364 2301 hac
392 2241 636 2300 scedula
664 2243 1031 2299 subscribere
1061 2261 1173 2299 usu
1205 2243 1609 2301 (ecclesiastico
1639 2247 1818 2301 valui-

156 2352 317 2392 mus.
345 2334 430 2389 De
461 2349 571 2388 sua
598 2336 793 2405 parte:
826 2331 1118 2388 Ansoldus
1139 2333 1212 2388 de
1247 2333 1531 2406 Mungeaii
1560 2335 1817 2391 Villa.l)e

160 2429 406 2480 nostra:
459 2420 804 2487 Balduinus,
858 2421 1035 2476 frater
1063 2421 1331 2490 abbatis;
1377 2421 1712 2479 Wilbaldus
1761 2428 1818 2479 et

160 2511 516 2578 Rainaldus,
540 2510 698 2565 ﬁlius
719 2509 940 2565 Ernulﬁ
961 2510 1124 2580 Ruﬁ;
1152 2510 1534 2567 Fulchardus.
1563 2513 1815 2568 Lauren-

159 2604 300 2670 tius,
337 2600 677 2665 Durandus,
714 2598 1042 2666 Richerius,
1082 2600 1410 2656 Radbertus
1443 2600 1815 2672 pelliciarius,

159 2692 523 2764 Stephanus.
558 2689 930 2756 lsenbardus,
963 2687 1296 2745 Gualterius
1327 2691 1399 2745 de
1418 2690 1549 2746 Ver.
1584 2713 1613 2741 »

701 2777 1120 2834 CAPITULUM
1170 2778 1284 2835 XV.

307 2871 391 2926 De
415 2869 645 2924 vicarii:
675 2866 966 2938 redemptis
1007 2885 1041 2921 a
1069 2869 1380 2925 vicecomite
1407 2873 1657 2942 Hugone.

793 2956 977 3028 (Anno
1016 2955 1202 3025 4096.)

233 3071 256 3098 ι
289 3052 360 3102 In
414 3045 630 3102 Christi
669 3044 927 3100 nomine.
977 3045 1095 3117 Ego
1144 3045 1518 3115 Eustachius,
1569 3047 1816 3104 ccenabii

159 3137 350 3195 sancti
388 3133 541 3191 Petri
569 3133 940 3190 Carnotensis
969 3133 1174 3200 abbas,
1205 3139 1260 3190 et
1289 3136 1484 3191 omnis
1515 3136 1822 3192 monacha-

159 3244 292 3284 rum
310 3223 695 3298 congregatio
715 3222 896 3278 michi
918 3240 953 3278 a
977 3223 1087 3278 Deo
1101 3223 1438 3290 commissa,
1463 3230 1667 3280 notum
1691 3243 1820 3282 esse

157 3316 439 3373 volumus
470 3319 593 3369 tam
626 3312 1013 3385 praesentibus
1035 3329 1213 3384 quam
1247 3313 1460 3369 futuris
1485 3320 1697 3370 sanctae
1719 3314 1820 3370 Dei

154 3403 422 3463 ecclesiae
456 3401 615 3470 ﬁliis,
648 3400 827 3474 quod,
848 3404 970 3455 tam
1002 3401 1074 3456 ab
1106 3401 1574 3458 antecessoribus
1605 3403 1820 3459 nostris

161 3511 343 3568 quam
379 3510 415 3548 a
444 3491 638 3560 nobis,
668 3489 893 3546 vicariae
936 3505 1064 3562 quae
1112 3494 1277 3545 erant
1317 3491 1377 3545 in
1417 3495 1570 3548 terra
1598 3497 1818 3549 nostra.

153 3583 242 3639 vel
273 3580 480 3638 tutelas
513 3596 616 3652 per
645 3578 917 3646 Blesiam,
953 3595 1157 3635 omnes
1188 3579 1426 3651 quidem
1467 3581 1577 3637 sub
1609 3581 1821 3637 comite

150 3670 484 3738 Tedbalda,
518 3669 590 3724 ab
613 3667 758 3740 ipsis
781 3670 854 3723 ad
879 3684 1026 3740 quos
1047 3667 1434 3741 pertinebant,
1454 3669 1607 3724 datis
1611 3670 1636 3741 j
1647 3670 1823 3726 ustio-

151 3762 320 3818 ribus
333 3764 398 3814 et
416 3757 760 3813 melioribus
782 3757 977 3824 rebus,
993 3773 1344 3814 emeramus.
1370 3758 1502 3825 Sed,
1527 3759 1820 3831 Stephano

151 3849 374 3906 comite
405 3846 468 3902 in
501 3846 722 3902 honore
770 3844 953 3918 patris
1001 3845 1368 3914 succedente,
1403 3847 1566 3918 Hugo
1596 3847 1818 3904 viceca-

152 3956 276 3996 mes
297 3940 447 4010 jure
481 3933 830 3990 hereditario
853 3935 1088 3990 easdem
1119 3933 1364 3990 vicariae
1381 3935 1726 4004 reclamans,
1747 3937 1819 3992 ab

159 4029 372 4084 eodem
405 4023 623 4080 comite
653 4022 932 4096 suscepit.
979 4023 1094 4079 Nos
1123 4040 1256 4078 vero
1305 4023 1378 4078 ab
1418 4023 1821 4097 inquietudine

165 4115 366 4173 securi
394 4112 586 4168 vivere
616 4111 940 4184 cupientes,
972 4111 1242 4184 precibus
1275 4112 1347 4168 ad
1379 4111 1489 4168 hoc
1515 4113 1819 4170 vicecami-

163 4209 282 4260 tem
315 4201 618 4268 ﬂeximus,
652 4204 718 4255 ut
748 4199 805 4255 in
839 4199 1058 4255 nostris
1089 4199 1455 4256 orationibus
1476 4217 1610 4257 cum
1643 4219 1821 4259 uxore

155 4296 216 4349 et
239 4292 444 4348 tribus
475 4287 613 4344 ﬁliis
642 4292 700 4344 et
715 4287 837 4344 ﬁlia
865 4287 1162 4357 collectus,
1177 4289 1412 4346 easdem
1433 4289 1698 4362 vicarias,
1717 4309 1820 4347 an-

155 4385 383 4438 nuente
405 4377 703 4451 Stephano
733 4377 965 4445 comite,
997 4382 1197 4434 sancto
1245 4378 1432 4446 Petro,
1475 4379 1629 4436 sicut
1659 4398 1820 4438 eme-

1041 238 1298 304 VETUS
1340 239 1627 304 AGANO.
1653 271 1732 285 --
1759 239 1908 302 LIB.
1956 239 2113 302 VIII.
2160 238 2672 304 EUSTACHIUS.

3435 244 3554 316 358

1831 375 1885 442 Α
1917 372 2210 440 Salomon,
2244 374 2449 432 fratres
2470 392 2482 442 ;
2501 372 2817 442 Teduinus,
2839 373 3100 431 Gaudius
3121 379 3178 432 et
3197 375 3553 448 Harduinus,

1918 464 2160 531 fratres;
2192 463 2478 522 Radulfus
2515 469 2572 519 et
2603 463 2949 530 Richardus,
2992 465 3234 533 fratres;
3271 467 3555 541 Leadega-

1917 553 2061 620 rius,
2096 553 2450 625 Stephanus,
2483 552 2789 619 Martinus,
2819 553 3147 610 Radbertus
3172 553 3556 626 pelliciarius;

1919 641 2268 713 Gualterius,
2293 642 2574 698 Avantius
2597 647 2653 698 et
2675 642 3006 708 Durandus,
3035 647 3320 712 sartares;
3352 645 3559 719 Engel-

1917 730 2117 786 bertus
2147 736 2202 785 et
2221 730 2566 791 Gausfridus
2589 731 2709 786 coci
2737 749 2749 798 ;
2777 733 3082 787 Durandus
3114 731 3317 804 pistor.
3349 735 3559 790 Actum

1917 820 2144 876 esthoc
2181 819 2447 879 Carnatis
2493 820 2727 892 publice
2769 820 2828 875 in
2859 821 3121 877 ecclesia
3163 823 3346 878 sancti
3388 823 3560 891 Petri,

1918 925 2070 965 anno
2129 909 2420 964 dominice
2467 909 2894 969 incarnationis
2950 909 3262 966 millesima
3310 929 3562 986 nonage-

1917 998 2068 1054 simo
2099 1001 2196 1063 Vl,
2229 1003 2506 1070 regnante
2537 997 2799 1070 Philippo
2832 1015 2964 1071 rege
2990 998 3049 1054 in
3083 1000 3346 1056 Francia.
3382 1023 3410 1050 ››

2435 1087 2852 1142 CAPITULUM
2898 1087 3040 1145 XVI.

2213 1176 2441 1231 Donatio
2469 1177 2699 1233 vicaria
2726 1176 2791 1231 de
2819 1181 3032 1232 Damna
3063 1180 3262 1234 Maria.

2510 1266 2679 1333 (Ante
2709 1281 2761 1320 a.
2797 1264 2819 1320 4
2832 1266 2982 1337 088.)

1995 1375 2024 1404 «
2054 1353 2179 1410 Non
2211 1352 2404 1409 solum
2436 1352 2751 1427 novaalegis
2773 1355 2870 1410 sed
2887 1353 3064 1410 etiam
3094 1355 3304 1413 veteris
3324 1356 3567 1414 instrui-

1923 1459 2058 1497 mur
2087 1441 2336 1514 paginis,
2369 1442 2528 1514 quia,
2579 1442 2691 1498 ﬁde
2736 1441 2826 1498 vel
2858 1443 3064 1498 merito
3094 1444 3400 1513 bonorum,
3435 1462 3568 1518 pec-

1923 1531 2218 1589 catoribus
2249 1531 2417 1586 venia
2446 1535 2739 1603 prestatur
2766 1548 3007 1586 suorum
3031 1533 3458 1604 peccaminum,
3488 1535 3570 1590 di-

1923 1624 2089 1676 cente
2120 1619 2363 1676 Domina
2396 1620 2467 1675 ad
2518 1620 2841 1676 Abraham:
2891 1621 2955 1676 Si
2991 1621 3170 1678 decem
3200 1624 3328 1679 boni
3353 1625 3570 1696 fuerint

1925 1710 2133 1765 inventi
2171 1710 2335 1766 ceteri
2378 1709 2744 1764 calcabantur
2777 1717 2996 1781 propter
3049 1713 3194 1782 ipsos
3237 1714 3407 1782 (226).
3450 1714 3568 1771 Hac

1921 1796 2306 1854 adtestatione
2336 1797 2407 1851 de
2427 1796 2603 1852 veteri
2627 1795 2752 1870 lege
2773 1796 3071 1865 habita,de
3092 1800 3425 1873 evangelica
3443 1801 3570 1875 lege

1921 1903 2209 1943 sumanus
2243 1885 2584 1951 secundam,
2625 1885 2725 1940 ubi
2773 1885 2916 1941 dicit
2943 1887 3298 1961 evangelista
3327 1889 3399 1946 de
3428 1891 3570 1946 sub-

1927 1975 2110 2032 misso
2143 1973 2444 2046 paralitica
2467 1973 2524 2028 in
2556 1975 2730 2029 domo
2752 1990 2856 2046 per
2876 1975 3102 2047 tegulas
3124 1982 3257 2033 ante
3285 1977 3563 2050 Jhesum;

1924 2065 2006 2121 ait
2051 2065 2247 2121 enim:
2305 2063 2546 2132 Quorum
2591 2063 2754 2135 ﬁdem
2799 2072 2860 2119 ut
2907 2065 3066 2131 vidit,
3110 2067 3192 2122 ait
3235 2068 3566 2139 paralitica:

1923 2155 2050 2221 Fili,
2085 2153 2440 2208 dimittuntur
2467 2153 2573 2207 tibi
2596 2161 2816 2224 peccata
2853 2161 2967 2208 tua.
3007 2153 3156 2210 Tolle
3186 2155 3380 2210 lectum
3417 2165 3571 2213 tuum

1923 2252 1974 2299 et
2005 2243 2224 2298 ambula
2257 2244 2316 2296 in
2341 2257 2474 2312 pace
2490 2241 2779 2311 (227).His
2809 2246 2867 2297 et
2905 2241 3036 2298 aliis
3070 2243 3434 2301 multimodis
3464 2248 3572 2304 ad-

1924 2331 2333 2388 testationibus
2353 2331 2659 2395 subnixus,
2687 2347 2791 2403 ego
2809 2330 3044 2402 quidem
3062 2332 3354 2390 Ansoldus
3382 2335 3572 2404 miles,

1925 2438 2060 2477 eum
2099 2437 2272 2476 uxore
2313 2435 2443 2475 mea
2473 2419 2796 2487 carissima,
2821 2420 3057 2476 nomine
3079 2421 3575 2495 Hildegardi.nec-

1883 2577 1887 2581 Ι
1927 2527 2040 2566 non
2074 2514 2131 2565 et
2162 2508 2320 2564 omni
2352 2508 2511 2580 prole
2541 2513 2760 2576 nostra,
2805 2513 2862 2564 et
2911 2526 3156 2566 assensu
3206 2512 3406 2568 damni
3456 2512 3573 2570 mei

1924 2598 2223 2665 Gunherii,
2256 2599 2404 2653 dans
2434 2598 2686 2654 concedo
2735 2599 3174 2672 concedensque
3220 2601 3372 2657 dono
3410 2603 3569 2659 vica-

1927 2689 2073 2744 riam
2093 2693 2267 2759 atque
2289 2687 2660 2756 banneriam;
2685 2686 2771 2742 vel
2794 2688 2841 2742 si
2865 2694 2953 2744 est
2975 2687 3090 2744 alia
3110 2688 3307 2762 aliqua
3325 2692 3568 2761 exactio,

1927 2793 2107 2849 quam
2137 2793 2204 2832 cx
2235 2775 2513 2831 beneﬁcia
2545 2775 2743 2831 damni
2795 2775 2909 2832 mei
2960 2777 3280 2849 supradicti
3330 2785 3572 2838 actenus

1926 2867 2087 2921 visus
2120 2882 2251 2921 sum
2283 2869 2498 2931 tenere,
2531 2865 2590 2918 in
2635 2869 2790 2920 terra
2817 2865 3002 2920 sancti
3037 2865 3186 2922 Petri
3217 2885 3344 2940 qua;
3392 2874 3482 2926 est
3511 2869 3570 2925 in

1928 2955 2154 3010 Damna
2184 2953 2384 3020 Maria,
2419 2969 2522 3026 pro
2553 2953 2808 3008 remedio
2841 2953 3064 3010 scilicet
3091 2955 3298 3010 anima:
3319 2956 3424 3011 ﬁlii
3457 2957 3572 3014 mei

1928 3043 2228 3108 Willelmi,
2261 3041 2438 3114 gladii
2470 3047 2650 3097 msrte
2687 3042 2966 3114 preventi,
3001 3043 3336 3101 beatissima
3383 3045 3570 3118 Petro,

1851 3115 1892 3182 C
1932 3131 2326 3205 apostolorum
2359 3130 2627 3202 principi,
2661 3131 2812 3186 dono
2833 3131 2967 3201 jure
2992 3137 3268 3204 perpetuo
3289 3139 3346 3190 et
3368 3115 3569 3191 mana;

1927 3221 2053 3277 chis
2075 3219 2131 3275 in
2147 3217 2406 3275 ccenobio
2419 3219 2681 3290 ejusdem
2704 3224 2871 3275 nocte
2886 3220 3105 3291 diuque
3125 3221 3570 3294 famulantibus,

1928 3309 2082 3384 quod
2115 3309 2295 3365 situm
2333 3313 2422 3364 est
2471 3325 2586 3364 non
2635 3307 2805 3381 longe
2859 3325 2894 3364 a
2941 3310 3231 3366 moenibus
3262 3311 3569 3370 Carnotine

1927 3399 2120 3467 urbis;
2158 3404 2240 3466 ut,
2290 3398 2654 3454 orationibus
2699 3414 2898 3452 eorum
2933 3399 3237 3456 absolutus
3285 3402 3356 3457 ab
3408 3401 3568 3458 omni

1927 3487 2156 3544 vinculo
2187 3487 2552 3554 delictorum,
2587 3486 2646 3541 in
2695 3487 2930 3543 dextera
2957 3487 3190 3544 Domini
3229 3489 3566 3560 collocatus,

1926 3577 2081 3633 inter
2108 3581 2340 3632 sanctos
2370 3581 2428 3632 et
2447 3574 2661 3631 electos
2683 3592 2820 3631 suos
2841 3574 2900 3631 in
2925 3577 3366 3634 resurrectionis
3386 3577 3573 3652 gloria

1928 3666 2312 3722 resuscitatus
2341 3664 2605 3737 respiret.
2661 3669 2883 3720 Donum
2915 3670 3110 3722 autem
3151 3665 3330 3738 hujus
3360 3674 3571 3725 nostra:

1928 3754 2256 3828 largitionis
2281 3755 2354 3810 Ill
2377 3754 2508 3809 idus
2537 3753 2676 3810 Julii
2707 3771 2883 3826 super
2901 3753 3082 3810 altare
3112 3755 3264 3810 beati
3296 3756 3446 3813 Petri
3472 3775 3574 3830 per

1928 3843 2080 3900 hanc
2111 3849 2332 3899 cartam
2365 3859 2578 3915 ponere
2621 3843 2963 3912 maluimus,
3013 3843 3402 3917 imprecantes
3432 3851 3497 3902 ut
3521 3846 3570 3903 si

1927 3933 2061 4005 quis
2093 3949 2374 4004 umquam
2409 3931 2546 3988 huic
2577 3931 2799 3988 cartule
2830 3932 3120 3988 contraire
3150 3932 3414 4002 voluerit,
3457 3935 3571 3991 nisi

1927 4023 2040 4078 cita
2073 4023 2144 4078 ad
2193 4021 2622 4078 emendationis
2671 4023 2996 4078 remedium
3040 4023 3384 4097 confugerit.
3433 4041 3571 4081 cum

1926 4112 1956 4168 J
1965 4112 2080 4168 uda
2100 4111 2393 4184 prodituro
2409 4110 2470 4165 in
2489 4109 2785 4166 infernum
2809 4112 3084 4166 trudatur
3103 4111 3342 4184 ignibus
3375 4114 3571 4170 Hetnas

1927 4201 2300 4256 cremandus.
2335 4199 2494 4255 Hanc
2525 4204 2720 4255 autem
2743 4203 2964 4255 cartam
2984 4204 3051 4256 ut
3079 4200 3420 4258 inconvulsa
3449 4219 3575 4276 per-

1927 4293 2180 4356 maneat,
2215 4287 2485 4362 praasenti
2517 4287 2714 4344 seculo
2737 4293 3134 4361 permanente,
3154 4291 3427 4347 manibus
3447 4308 3576 4364 pro-

1926 4379 2071 4452 priis
2128 4383 2186 4436 et
2230 4377 2571 4434 nominibus
2618 4381 2957 4433 czeterorum
3025 4377 3569 4437 circumadstatium

153 4486 387 4538 ramus,
417 4467 861 4536 concederet;et
881 4483 1058 4540 super
1078 4466 1397 4540 principale
1419 4466 1602 4525 altare
1624 4471 1814 4526 sancti
1846 4489 1893 4554 D
1925 4467 2285 4524 corroborari
2315 4467 2630 4523 voluimus.
2682 4465 2944 4534 Ansoldi,
2997 4466 3097 4538 qui
3126 4466 3277 4524 hanc
3307 4468 3571 4525 donatio-

158 4557 330 4625 Petri,
365 4573 507 4612 cum
537 4572 714 4612 uxore
733 4560 791 4611 et
812 4555 969 4624 ﬁliis,
1000 4556 1221 4611 donum
1244 4556 1459 4629 posuit,
1478 4557 1813 4615 videntibus

151 4652 208 4703 et
233 4645 622 4703 audientibus
652 4644 746 4700 his
767 4660 1020 4718 quorum
1054 4645 1294 4701 nomina
1314 4645 1810 4718 subscripsimus:

157 4734 442 4801 Adelidis,
475 4750 621 4790 uxor
648 4733 1040 4802 vicecomitis;
1073 4733 1180 4789 filii
1220 4751 1444 4803 eorum,
1494 4736 1812 4806 Ebrardus,

169 4824 356 4898 Hugo,
384 4821 634 4893 Guiddo,
648 4827 705 4879 et
735 4821 856 4878 ﬁlia
885 4821 1175 4896 Unberga.
1210 4822 1436 4882 Fideles
1456 4841 1678 4892 eorum,
1713 4826 1813 4881 Er-

164 4914 365 4970 nulfus
398 4913 468 4969 de
501 4911 826 4978 Domicilio,
869 4913 1215 4968 Gausfridus
1246 4912 1575 4980 Boviculus,
1609 4914 1814 4970 Petrus

163 5005 336 5076 Aper,
399 5000 684 5075 Geragius
729 5001 802 5057 de
851 5001 1129 5073 Fraganis
1177 5001 1348 5069 Villa,
1395 5002 1686 5060 Guarinus
1743 5004 1814 5060 de

161 5089 695 5159 Alona,Adelardus
718 5090 1085 5163 praepositus,
1110 5090 1459 5148 Gausfridus
1477 5093 1548 5148 de
1577 5091 1808 5161 Navalc,

160 5179 460 5236 Ansoldus
493 5178 711 5246 Infans,
736 5179 1064 5235 Radbertus
1089 5179 1720 5252 Paganus,Gualterius
1743 5181 1812 5237 de

160 5267 390 5325 Alneto.
423 5267 506 5324 De
535 5268 793 5325 nostris:
848 5267 1198 5324 Laurentius
1229 5267 1645 5337 cubicularius,
1694 5270 1810 5326 Ad-

161 5358 414 5425 ventius,
483 5356 849 5426 Gunbaldus,
927 5355 1332 5427 Fulchardus;
1388 5356 1720 5430 Stephanus
1755 5364 1812 5418 et

226 5465 383 5536 (226)
409 5463 544 5521 Vid.
578 5464 784 5524 Genes.
814 5482 968 5534 xvm,
999 5463 1090 5523 32.

228 5539 380 5613 (2‘27)
414 5541 554 5596 Luc.
584 5554 641 5598 v.
672 5539 744 5596 20
770 5542 828 5598 et
851 5537 948 5600 24.

1923 4575 2055 4615 nem
2080 4557 2235 4614 fecit.
2271 4556 2559 4613 Rainaldi.
2592 4555 2924 4612 Gauscelini
2955 4559 3011 4612 et
3038 4556 3282 4625 Arnulﬁ,
3316 4556 3571 4616 ﬁliorum

1923 4649 2068 4720 ejus.
2104 4645 2407 4714 Gualterii,
2441 4645 2712 4702 avunculi
2754 4662 2976 4702 eorum.
3027 4645 3342 4714 Gausfridi,
3378 4648 3571 4719 patrui

1923 4754 2145 4793 eorum.
2181 4735 2443 4803 Hilberti,
2477 4735 2669 4792 clerici
2693 4740 2750 4791 et
2771 4735 3572 4810 cansanguineiillorum,qui

1923 4827 2295 4882 donationem
2317 4825 2488 4891 hanc,
2513 4824 2636 4880 vice
2661 4822 2843 4896 patris
2859 4827 2915 4879 et
2937 4825 3163 4891 matris,
3197 4842 3374 4898 super
3394 4825 3574 4884 altare

1923 4915 2138 4986 posuit.
2173 4914 2466 4970 Gausfridi
2516 4914 2585 4968 de
2635 4913 2828 4969 Mante
2859 4913 3090 4969 Boonis.
3121 4915 3416 4970 Gausfridi
3455 4933 3570 4972 non

1923 5003 2180 5060 bibentis
2203 5020 2439 5076 aquam.
2466 5002 2759 5058 Teudonis
2773 5001 3048 5058 Tronclli.
3072 5004 3331 5060 Guerrici
3355 5005 3568 5075 clerici,

1922 5110 2103 5166 nepos
2160 5094 2311 5162 (228)
2383 5091 2667 5147 Fulcherii
2722 5090 3037 5164 primicerii
3091 5097 3304 5148 sancta;
3354 5094 3569 5150 Mariae.

1921 5181 2205 5238 Tedbaldi
2239 5181 2308 5238 de
2335 5181 2578 5237 Vidicis.
2613 5180 2693 5236 De
2724 5180 2986 5237 nostris:
3019 5181 3337 5238 Adventius
3377 5186 3434 5238 et
3465 5183 3572 5240 Lo-

1921 5270 2110 5340 rinus,
2142 5271 2346 5328 fratres
2370 5289 2384 5341 ;
2408 5269 2762 5343 Stephanus,
2789 5269 3160 5341 Laurentius,
3191 5270 3573 5336 Frodo,Dodo

1919 5362 2128 5435 major,
2178 5361 2511 5435 Stephanus
2560 5361 2771 5433 major,
2841 5357 3202 5435 Oydelerius,
3261 5359 3576 5422 Durandus

1992 5469 2144 5545 (228)
2173 5465 2288 5527 Sic.
