3988 6072
376 246 519 311 359‘-

1272 246 1511 310 PAULI
1560 246 1627 309 S.
1675 244 1906 307 PETRI
1951 244 2509 308 CAR’I‘ONENSIS-
2537 243 2915 309 MONAGBIF.

3674 232 3815 312 θῶ

447 377 831 436 Gislebertus.
861 378 1072 434 Actum
1101 381 1191 435 est
1220 383 1312 435 est
1340 378 1453 436 hoc
1486 378 1753 435 Carnotis
1782 378 2034 452 publice,
2066 379 2121 447 Α
2150 377 2405 436 inferiori
2439 395 2573 434 cum
2605 376 2837 435 diabolo
2885 392 3097 452 poenas
3124 372 3269 435 l'uat.
3297 377 3586 437 Volumus
3615 379 3799 437 etiam

376 473 660 542 regnante
694 466 958 541 Philippo
991 483 1126 541 rege
1157 468 1215 523 in
1251 469 1519 526 Francia.
1560 491 1589 520 »

891 556 1304 614 CAPITULUM
1342 557 1463 612 XVI
1482 561 1518 610 ῐ.

810 632 888 684 De
917 629 1169 686 aecctesia
1193 629 1393 685 Domni
1421 631 1592 685 Petri.

963 718 1132 786 (Ante
1162 733 1214 772 a.
1258 717 1441 789 1088.)

444 828 473 862 «ς
503 804 567 862 In
598 803 809 862 Christi
840 806 1101 861 nomine.
1134 806 1347 861 Notum
1378 822 1507 862 esse
1536 805 1806 861 volumus
1837 803 2026 861 omni-

373 894 486 952 bus
543 892 984 951 successoribus
1033 894 1270 961 nostris,
1321 894 1474 967 quod
1523 911 1628 967 ego
1680 893 2023 960 Landricus,

372 1001 490 1039 una
520 1000 654 1039 enm
688 982 828 1040 ﬁliis
857 984 1026 1049 meis,
1058 982 1246 1056 ipsius
1275 982 1489 1056 eulogii
1513 982 1787 1040 dicentis:
1826 989 1956 1039 Date
1974 990 2025 1040 et

369 1071 594 1129 dabitur
623 1073 794 1139 vobis,
838 1089 957 1128 non
995 1072 1158 1129 surdi
1205 1072 1523 1141 auditores,
1578 1073 1681 1128 sed
1733 1076 2024 1144 quantum

368 1164 684 1234 paupertas
714 1163 917 1217 nostra
965 1159 1274 1233 permittit,
1307 1178 1413 1233 pro
1443 1159 1752 1217 animabus
1806 1159 2022 1216 nostris

370 1252 802 1322 parentumque
826 1253 1158 1306 nostrorum
1171 1266 1395 1306 necnon
1415 1254 1473 1305 et
1494 1266 1597 1322 pro
1618 1248 2021 1306 incolumitate

366 1337 663 1405 Willelmi,
694 1337 944 1396 senioris
986 1338 1191 1407 nostri,
1225 1338 1432 1394 matris
1475 1355 1707 1411 quoque
1735 1339 1864 1410 ejus
1897 1337 2018 1395 Ma-

364 1427 541 1496 hilde,
578 1445 713 1485 cum
744 1445 943 1484 eorum
979 1444 1243 1497 assensu,
1269 1428 1394 1498 jam
1427 1427 1568 1483 olim
1600 1427 2017 1500 presbiterium

365 1517 636 1577 {ecclesiae
668 1518 738 1573 de
770 1516 1168 1590 Domnopetro
1199 1522 1256 1572 et
1286 1522 1502 1573 terram
1534 1517 1923 1590 pertinentem
1944 1518 2017 1573 ad

365 1606 567 1676 altare,
599 1611 799 1663 sancto
834 1606 1019 1675 Petro,
1055 1606 1301 1662 cmnobii
1324 1606 1591 1663 videlicet
1620 1606 2017 1672 Carnotensis,

367 1697 662 1764 dedimus,
714 1712 817 1768 per
866 1695 1333 1767 deprecationem
1366 1696 1603 1768 quidem
1648 1695 1832 1768 patris
1882 1695 2015 1752 Rui-

362 1785 519 1842 naldi
552 1784 778 1851 decani,
830 1784 931 1857 qui
982 1784 1042 1839 in
1093 1785 1334 1858 praefato
1382 1784 1666 1851 ccenobio,
1711 1785 1822 1840 sub
1851 1785 2014 1840 abitu

360 1874 677 1933 monachili
710 1874 824 1930 Deo
856 1872 1109 1930 militare
1160 1873 1221 1931 in
1253 1878 1552 1930 senectute
1586 1872 1813 1929 maluit.
1847 1874 2014 1931 Nunc

362 1980 594 2037 quoque
622 1962 837 2019 damus
868 1963 1241 2018 medietatem
1272 1962 1510 2019 decimas
1543 1963 1793 2034 praefatae
1821 1962 2013 2019 asceis.

361 2053 461 2110 site
492 2068 618 2124 quis
649 2050 709 2106 in
743 2049 1100 2106 dominicatu
1135 2055 1332 2106 nostro
1382 2050 1651 2107 aacclcsiae
1692 2067 1820 2107 esse
1849 2051 2012 2108 vide-

360 2145 476 2208 tur,
493 2157 717 2197 necnon
740 2143 796 2195 et
808 2138 1176 2195 medietatem
1193 2139 1453 2195 archadii
1476 2144 1650 2212 atque
1671 2140 2007 2213 sepulturae.

360 2229 702 2286 Tribuimus
732 2243 966 2300 quoque
995 2244 1087 2283 res
1116 2245 1244 2300 quae
1277 2228 1349 2284 ad
1382 2227 1564 2284 altare
1609 2230 1923 2302 pertinent,
1954 2234 2012 2286 et

359 2322 576 2374 terram
599 2316 836 2374 Ernaldi
860 2315 1199 2372 mediatoris
1220 2334 1397 2389 quam
1432 2322 1595 2389 pater
1614 2334 1782 2373 meus
1804 2317 2012 2374 Tedui-

360 2425 473 2464 nus
502 2407 699 2463 vivens
720 2405 1027 2473 concessit,
1052 2411 1405 2478 pratumque
1433 2406 1701 2479 desuper,
1722 2407 2008 2463 vivarium

359 2513 592 2571 quoque
623 2496 695 2553 de
745 2495 901 2551 Mota
948 2494 1220 2551 liberum.
1273 2495 1435 2560 Quod
1484 2495 1535 2550 si
1565 2495 1643 2551 ibi
1692 2495 2007 2569 aliquando

358 2584 733 2643 molendinus
783 2583 907 2640 ﬁeri
946 2588 1156 2657 potest,
1212 2584 1495 2639 medirtas
1534 2584 1611 2640 sit
1656 2583 1793 2640 ﬁliis
1835 2584 2004 2652 meis,

358 2675 474 2732 nisi
506 2677 651 2731 forte
692 2673 927 2747 prepria
972 2671 1268 2729 voluntate
1316 2690 1484 2728 suam
1532 2678 1758 2746 partem
1804 2678 2005 2730 sancto

360 2766 525 2823 Petro
554 2762 978 2820 annuerint.Ad
1010 2763 1304 2818 dexteram
1336 2766 1560 2834 partem
1590 2779 1720 2818 vero
1750 2762 2005 2819 ecclesia;

357 2853 541 2910 libere
567 2853 779 2908 damus
798 2856 1014 2907 terram
1050 2850 1147 2907 ubi
1170 2850 1451 2907 habitatio
1496 2851 1917 2907 monachorum
1947 2856 2007 2908 et

356 2943 630 2999 horreum
653 2958 852 2997 eorum
884 2944 943 2995 et
970 2945 1175 2996 caetera
1191 2940 1302 2997 sibi
1328 2940 1656 2997 necessaria
1678 2940 1814 2997 sint.
1841 2941 2004 3007 Quod

356 3029 647 3089 italibere
685 3030 917 3097 damus,
952 3033 1017 3085 ut
1066 3045 1257 3101 neque
1307 3028 1609 3101 sepultura
1656 3046 1844 3102 neque
1891 3029 2006 3086 alia

2141 466 2279 523 sciri
2317 468 2377 523 in
2405 468 2521 523 ﬁne
2550 467 2730 540 hujus
2761 471 2952 536 caries,
2977 468 3151 540 quod,
3187 466 3343 524 sicut
3358 467 3633 524 d'edimus
3652 485 3797 541 prm-

2142 558 2294 615 fatas
2326 576 2439 627 res,
2472 558 2553 613 ita
2579 558 2756 615 etiam
2776 558 3048 614 dedimus
3065 557 3430 614 viridiarium
3451 574 3521 614 ex
3543 557 3794 632 integro,

2141 648 2299 719 quod
2322 646 2504 702 situm
2531 652 2621 703 est
2638 647 2807 719 juxta
2835 648 3117 720 capitium
3147 645 3439 705 ecclesiae.
3460 646 3796 705 Annuimus

2142 751 2376 808 quoque
2405 736 2561 808 quod
2592 735 2715 791 Odo
2745 734 2916 792 miles
2960 740 3160 792 noster
3206 734 3495 792 decimam
3526 735 3693 792 dedit
3717 737 3813 794 de"

2136 822 2441 880 novalibus
2462 839 2640 895 quam
2670 824 2743 880 de
2774 823 2944 880 nobis
2969 824 3224 880 tenebat.
3258 844 3287 875 »

2630 912 3046 971 GAPITULUM
3083 912 3282 971 XVIII.

2510 986 2588 1041 De
2613 985 2791 1042 alodia
2818 984 3095 1045 Bernardi
3121 984 3186 1042 de
3212 985 3398 1042 Busta.

2719 1074 2886 1147 (Ante
2914 1090 2971 1129 a.
3002 1073 3187 1146 4088.)

2202 1184 2231 1213 «
2268 1162 2331 1218 In
2354 1161 2590 1221 nomine
2610 1161 2844 1218 Domini
2863 1160 3081 1218 nostris
3099 1160 3283 1219 Jhesu
3302 1161 3542 1220 Christi.
3566 1162 3811 1221 Notum:

2130 1266 2260 1307 esse
2288 1251 2560 1309 volumus
2590 1250 2869 1308 omnibus
2911 1250 3353 1308 successoribus
3396 1251 3635 1319 nostris,
3674 1267 3811 1327 ego;

2127 1339 2477 1397 Eustachius
2493 1344 2551 1395 et
2564 1339 2746 1397 abbas
2757 1338 2950 1396 omnis
2960 1343 3147 1397 cistas
3158 1338 3581 1397 monachorum
3597 1356 3793 1398 caeno—

2127 1428 2206 1485 ‘oii
2239 1429 2427 1485 sancti
2460 1427 2613 1485 Petri
2654 1428 3052 1499 Carnotensis,
3084 1429 3240 1500 quod
3271 1428 3514 1501 quidam
3550 1430 3639 1486 vir
3670 1442 3789 1487 noe-

2125 1516 2284 1584 bilis,
2313 1517 2373 1574 in
2401 1517 2510 1575 hac
2543 1518 2778 1591 regione
2806 1516 2974 1574 valde
3002 1517 3470 1590 opinatissimus,
3502 1523 3620 1575 toto
3648 1535 3789 1577 corr-

2125 1623 2264 1679 pore
2296 1605 2485 1680 plagis
2533 1606 2593 1661 in
2643 1606 2792 1663 bello
2843 1606 3204 1675 debilitatus,
3234 1623 3343 1680 per
3368 1606 3557 1664 multa
3587 1608 3787 1665 curri-

2125 1693 2256 1750 cula
2284 1712 2573 1751 annorum
2603 1694 2664 1751 in
2696 1695 2844 1752 lecto
2874 1696 3183 1764 recubans,
3216 1700 3281 1751 ut
3310 1712 3418 1753 nec
3447 1696 3651 1755 sedere
3686 1714 3789 1756 ne-

2045 1752 2092 1816 Β
2125 1800 2236 1855 que
2270 1784 2475 1855 pedem
2509 1787 2641 1839 ante
2693 1784 2900 1856 pedem
2952 1752 3182 1857 ponere,
3213 1783 3449 1851 valeret,

2124 1871 2366 1929 consilio
2398 1875 2456 1928 et
2484 1871 2708 1928 salubri
2752 1873 3063 1929 verborum
3111 1872 3340 1931 auxilio
3379 1872 3528 1930 nulli
3556 1874 3805 1946 petenti'

2124 1978 2383 2034 unquam
2411 1961 2630 2029 defuit;
2651 1961 2772 2034 qui,
2791 1961 2985 2019 locum
3019 1967 3285 2019 nostrum
3312 1961 3483 2019 valde
3504 1963 3783 2039 diligens,

2122 2051 2319 2106 vivens
2351 2051 2410 2106 in
2440 2067 2701 2123 corpore,
2736 2050 2793 2107 in
2816 2052 3326 2124 quantum-potuit
3343 2068 3578 2126 semper
3607 2052 3809 2111 nobis:

2119 2139 2359 2211 profuit,
2394 2140 2505 2196 sub
2535 2140 2746 2196 abbate
2774 2140 3012 2213 quidem
3038 2140 3344 2208 Landrioo;
3376 2146 3581 2199 sancto
3613 2141 3807 2199 Petro:

2119 2229 2281 2285 dedit
2301 2228 2623 2285 ecclesiam
2643 2229 2833 2285 sancti
2850 2229 3123 2285 Germani
3145 2230 3217 2286 de
3231 2229 3469 2305 Alogio;
3493 2231 3651 2299 et,ab
3668 2230 3805 2289 hac'

2116 2318 2236 2373 vita
2266 2318 2571 2384 decedens,
2597 2316 2796 2375 alodos
2819 2335 2967 2389 quos
2995 2317 3249 2376 habebat
3274 2317 3333 2376 in
3357 2318 3549 2376 Belsia
3576 2323 3801 2377 sancto'

2117 2406 2282 2462 Petro
2315 2405 2569 2479 reliquit,
2621 2423 2804 2463 unum
2854 2406 3121 2464 videlicet
3170 2407 3232 2463 in
3270 2408 3567 2465 Fontinidi
3613 2408 3797 2477 villa,-

2115 2494 2365 2550 alterum
2398 2494 2454 2550 id
2510 2495 2793 2551 Marchesi
2819 2494 2987 2564 Villa,
3037 2499 3212 2569 atque
3252 2498 3425 2569 juxta
3477 2497 3776 2566 Braiaum,

2117 2599 2299 2638 unum
2334 2582 2480 2654 prati
2517 2582 2904 2655 aripennum;
2929 2574 3231 2655 jussitque
3251 2583 3531 2641 ﬁdelibus
3561 2584 3693 2641 suis
3707 2589 3779 2645 ut

2113 2688 2179 2727 eo
2214 2676 2439 2726 mortuo
2469 2687 2684 2743 corpus
2713 2671 2980 2727 Carnotis
3029 2672 3339 2739 deferrent,
3370 2671 3524 2728 inter
3560 2672 3783 2731 fratres

2110 2758 2546 2815 tumulandum.
2581 2761 2742 2826 Quod
2764 2763 2821 2816 et
2850 2760 3070 2816 factum
3102 2765 3192 2816 est
3222 2760 3357 2817 idus
3389 2761 3768 2832 novembris;

2114 2852 2289 2921 atque
2319 2865 2354 2903 a
2381 2848 2721 2921 parentibus
2753 2847 2880 2904 suis
2908 2849 3282 2921 praefatartlm
3313 2864 3509 2906 rerum
3539 2849 3765 2908 donum

2115 2955 2290 3010 super
2318 2936 2500 2993 altare
2530 2936 2715 2994 sancti
2752 2938 2901 2994 Petri
2931 2937 3163 3011 publice
3192 2943 3283 2994 est
3298 2939 3580 3012 positum,
3611 2956 3768 3013 quo-

2118 3044 2250 3083 rum
2282 3026 2523 3083 nomina
2551 3027 3044 3100 subscripsimus:
3069 3027 3379 3100 Ernaldus,
3409 3027 3567 3085 ﬁlius
3597 3029 3765 3099 Eva;

355 3118 554 3194 aliqua
573 3119 934 3177 consuetudo
955 3136 990 3174 a
1009 3118 1145 3175 ﬁliis
1167 3118 1313 3175 meis
1338 3117 1421 3174 vel
1447 3119 1518 3174 ab
1539 3118 1736 3191 aliquo
1764 3119 2000 3175 homine
2029 3125 2071 3191 ρ
2112 3116 2322 3173 Widdo
2349 3117 2421 3172 de
2451 3114 2820 3183 Barzilleriis,
2849 3115 3175 3185 Alcherius,
3203 3116 3368 3191 Hugo
3391 3117 3666 3175 Clericus.
3681 3118 3771 3179 De

354 3210 637 3283 exigatur.
671 3207 1038 3264 Medietatem
1070 3224 1303 3281 quoque
1320 3207 1472 3263 furni
1492 3206 1762 3263 similiter
1791 3208 2002 3265 damus

353 3299 529 3369 (229).
552 3340 565 3356 .
587 3340 634 3355 ..
696 3298 767 3353 Et
796 3296 846 3352 si
885 3296 1018 3369 quis
1061 3301 1396 3353 nostrorum
1430 3295 1691 3353 ﬁdelium
1723 3297 1795 3352 de
1826 3296 2002 3353 bene-

355 3387 506 3456 ﬁcio,
540 3386 696 3459 quod
727 3402 796 3441 ex
843 3386 1013 3442 nobis
1052 3389 1228 3452 tenet,
1277 3390 1502 3457 partem
1550 3386 1687 3441 dare
1733 3385 1999 3452 voluerit,

353 3475 533 3532 libere
558 3474 771 3531 haheat
798 3478 1041 3530 sanctus
1072 3474 1276 3529 Petrus
1319 3478 1377 3529 et
1415 3474 1707 3530 monachi.
1753 3475 1871 3531 Hoc
1897 3476 2001 3531 do-

354 3582 500 3620 num
532 3564 612 3620 Ill
659 3562 942 3619 kalendas
989 3561 1183 3617 Martii
1224 3560 1473 3634 egimus,
1525 3578 1631 3634 ego
1680 3562 2002 3619 Landricus

354 3653 427 3710 de
455 3651 725 3719 T-oriello,
757 3655 819 3706 eti
837 3650 943 3706 ﬁlii
976 3651 1110 3717 mei,
1153 3650 1519 3719 Gausfridus,
1556 3652 1716 3723 [Iugo
1758 3656 1817 3707 et
1847 3652 2000 3707 Lan-

354 3741 575 3808 dricus,
609 3739 860 3813 publice,
892 3739 1231 3811 donumque
1276 3738 1565 3795 miserunt
1602 3744 1803 3796 sancto
1834 3740 2000 3797 Petro

353 3848 456 3903 per
484 3829 864 3886 Eustachium
913 3828 1206 3896 abbatem,
1237 3833 1514 3901 regnante
1545 3827 1810 3902 Philippo
1844 3846 1997 3903 rege.

350 3918 639 3976 Volumus
670 3916 844 3974 etiam
893 3933 1097 3973 omnes
1147 3916 1295 3972 scire
1343 3917 1522 3989 quod,
1570 3919 1804 3990 quando
1852 3934 2001 3990 opus

353 4008 549 4080 fuerit,
598 4006 703 4063 ﬁlii
751 4006 865 4062 mei
918 4022 1020 4079 pro
1068 4006 1281 4062 vicario
1326 4005 1421 4061 ΧΧ
1476 4006 1696 4063 solidos
1754 4008 1996 4066 dabunt.

354 4096 544 4169 Hujus
572 4096 655 4152 rei
687 4100 865 4153 testes
894 4100 1034 4151 sunt
1058 4111 1070 4151 :
1121 4094 1432 4151 Gilduinus
1461 4096 1533 4151 de
1561 4096 1786 4153 Domno
1812 4097 1998 4165 Petro,

352 4186 701 4243 Gausfridus
726 4185 907 4252 faber,
937 4183 1059 4241 Odo
1088 4185 1159 4241 de
1190 4184 1481 4241 Floriaco:
1518 4185 1859 4253 Rainaldus,
1884 4187 2003 4243 fra-

350 4281 440 4333 ter
465 4277 630 4349 ejus;
684 4274 1013 4331 Rodhertus
1060 4274 1266 4346 major,
1314 4278 1374 4329 et
1422 4272 1773 4341 Willclmus,
1825 4275 2001 4331 frater

351 4366 523 4438 ejus;
556 4363 698 4432 Odo,
742 4361 900 4419 ﬁlius
932 4361 1309 4435 Ingilsindis;
1358 4362 1670 4430 Ernaldus,
1720 4353 1998 4419 Bernardi

352 4453 548 4524 ﬁlius;
583 4451 904 4511 Rainaldus
934 4453 1212 4520 decanus,
1266 4450 1388 4508 Odo
1435 4452 1752 4523 presbiter;
1786 4453 1999 4526 Froge-

351 4543 496 4615 rius,
560 4541 845 4600 mediator
887 4541 1125 4611 decani;
1196 4539 1525 4599 Willelmus
1564 4541 1890 4615 jugulator,
1942 4546 2002 4598 et

348 4632 703 4700 Gualterius,
735 4630 928 4689 socius
958 4632 1119 4703 ejus;
1154 4629 1472 4686 Rainaldus
1502 4629 1886 4703 pellicearius.
1919 4631 2001 4687 Ex

351 4728 552 4779 nostra
581 4726 774 4795 parte:
814 4720 939 4776 Gilo
968 4725 1025 4776 et
1056 4718 1230 4787 Elias,
1264 4718 1423 4775 ﬁlius
1443 4721 1602 4790 ejus;
1638 4718 1996 4787 Tedbaldus,

352 4811 640 4868 Dolardus
665 4829 680 4881 ;
714 4811 1050 4878 Herbertus,
1076 4808 1232 4865 ﬁlius
1256 4807 1489 4864 Fuloadi
1510 4826 1522 4877 ;
1546 4807 1753 4864 Vitalis
1784 4808 2001 4881 presbi-

351 4904 461 4965 ter,
523 4897 828 4955 Richerius
876 4899 1084 4969 major,
1148 4896 1496 4953 Laurentius
1562 4896 1993 4966 cubicularius;

354 4988 703 5056 Rodbertus,
736 4988 925 5058 major
953 4985 1181 5058 Capelle
1213 4986 1388 5059 Regie
1411 5005 1425 5054 ;
1452 4985 1791 5054 Rainaldus,
1814 5004 1996 5060 nepos

354 5075 673 5149 Majenardi
710 5075 1016 5143 monachi;
1048 5073 1403 5142 Tescelinus,
1453 5074 1610 5131 ﬁlius
1641 5074 1993 5148 Hildegarii;

350 5163 691 5231 Adventius,
740 5162 1109 5236 Beringerius
1180 5180 1377 5237 agaso,
1435 5164 1734 5221 Johannes
1796 5182 1992 5223 cocus.

353 5256 513 5313 Hanc
543 5258 741 5310 autem
769 5255 991 5308 certam
1023 5252 1072 5308 si
1105 5251 1319 5325 aliquis
1339 5253 1679 5326 prOphanus
1707 5256 1996 5313 contraire

349 5342 617 5413 voluerit,
650 5341 761 5401 nisi
794 5339 1101 5413 resipuerit
1147 5340 1539 5408 satisfaeiens,
1577 5342 1731 5398 sicut
1767 5343 1995 5401 Dathan

349 5437 409 5493 et
454 5432 692 5499 Abiron,
742 5435 898 5487 terra
944 5429 1139 5487 vivum
1182 5429 1513 5499 absorbeat,
1570 5435 1627 5486 et
1668 5432 1728 5486 in
1768 5430 1995 5489 inferno

2114 3206 2360 3262 nostris:
2393 3205 2723 3277 Stephanus
2745 3210 2801 3261 et
2831 3204 3127 3273 Salomon,
3154 3205 3522 3275 Laurentius,
3543 3207 3773 3265 Adven-

2110 3296 2252 3364 tius,
2285 3293 2638 3367 Stephanus,
2682 3293 3044 3367 Oydelerius,
3079 3295 3366 3352 Martinus
3392 3292 3771 3367 Gunbaldus,

2112 3384 2497 3452 Fulchardus,
2528 3388 2586 3440 et
2614 3383 2828 3440 ceteri.
2858 3407 2886 3437 »

2640 3472 3058 3530 CAPITULUM
3095 3472 3236 3531 XIX;

2447 3570 2520 3621 De
2549 3562 2798 3619 libertate
2824 3564 3093 3622 modestae
3132 3564 3430 3622 Eruet-olis.

2711 3653 2767 3721 (7
2805 3650 2944 3707 maii
2974 3650 3156 3725 1084.)

2183 3764 2213 3792 ‹‹
2248 3741 2312 3798 In
2363 3739 2599 3796 nomine
2651 3739 2838 3796 Patris
2886 3744 2944 3796 et
2986 3739 3115 3796 Filii
3144 3744 3204 3797 et
3249 3740 3505 3814 Spiritus
3548 3742 3764 3809 sancti;

2110 3847 2302 3887 amen.
2336 3831 2455 3904 Ego
2484 3827 2852 3896 Gausfridus,
2876 3829 3145 3902 quamvis
3164 3829 3466 3903 indignus,
3486 3829 3781 3888 rescissis»

2110 3918 2484 3975 Carnotensis
2514 3918 2849 3991 episcopus,
2894 3923 3100 3975 notum
3134 3919 3281 3975 facio
3320 3919 3767 3979 successoribus

2110 4008 2257 4064 meis
2279 4012 2337 4064 et
2365 4007 2496 4063 aliis
2525 4006 2798 4063 ecclesia;
2829 4011 3041 4064 nostra).
3074 4006 3367 4077 ﬁdelibus,
3398 4008 3553 4081 quod
3584 4009 3769 4066 frater

2110 4096 2480 4165 Eustachius,
2513 4096 2699 4152 abbas
2741 4095 2928 4152 sancti
2961 4095 3113 4152 Petri
3143 4096 3517 4154 Carnotensis
3551 4113 3765 4157 mona-

2110 4186 2293 4253 sterii,
2350 4185 2571 4259 rogavit
2599 4184 2901 4241 humiliter
2929 4202 3065 4242 cum
3108 4185 3761 4259 precibus-parvitatem

2109 4292 2321 4343 meam,
2357 4281 2421 4331 ut
2439 4274 2548 4331 sibi
2571 4279 2629 4331 et
2649 4274 3080 4347 congregationi
3097 4274 3516 4333 monachorum
3540 4274 3777 4332 ibidem:

2108 4363 2487 4420 servientium
2519 4363 2718 4419 darem
2747 4362 2929 4419 altare
2957 4362 3029 4418 dc
3052 4360 3512 4431 Bruerolis,sine
3534 4360 3657 4419 ulla
3676 4378 3767 4420 re-

2109 4452 2443 4526 demptione
2472 4451 2716 4508 ulterius
2737 4450 3098 4511 habendum.
3113 4450 3260 4518 Quia
3276 4462 3414 4525 ergo
3425 4450 3545 4509 ista-
3556 4450 3771 4523 petitio

2110 4546 2166 4598 et
2194 4541 2433 4598 utilitati
2463 4558 2665 4599 eorum
2696 4545 2754 4597 et
2800 4558 2942 4597 mea
2971 4540 3263 4599 honestati
3294 4541 3599 4599 convenire
3632 4539 3765 4599 visa

2111 4636 2219 4700 est,
2266 4632 2419 4687 dono
2448 4630 2533 4686 eis
2573 4630 2922 4703 praedictum
2953 4629 3157 4697 altare,
3206 4646 3325 4687 non
3353 4630 3481 4688 sine
3513 4646 3763 4687 assensu

2108 4719 2306 4776 fratris
2333 4717 2620 4789 Gauslini,
2651 4719 2711 4774 in
2743 4720 2915 4791 cujus
2945 4718 3461 4776 arehidiaconatus
3480 4723 3593 4787 est,
3625 4718 3768 4776 solii-

2107 4809 2249 4864 dum
2281 4813 2340 4864 et
2383 4808 2647 4881 quietum
2701 4808 2775 4864 ab
2831 4808 2989 4865 omni
3039 4807 3394 4876 venditione,
3445 4824 3482 4865 a
3524 4807 3761 4878 sinodo,

2107 4915 2142 4953 a
2171 4897 2419 4965 circada,
2443 4898 2516 4953 ab
2547 4896 2706 4953 omni
2739 4896 2915 4953 etiam
2948 4897 3373 4954 consuetudine
3401 4901 3459 4954 et
3490 4898 3562 4953 ab
3597 4896 3777 4955 omni:

2107 4984 2547 5061 inquietatione,
2581 4986 2703 5043 sive
2749 4986 3046 5043 exactione
3067 4986 3323 5059 justieia
3358 5003 3392 5043 a
3438 4985 3766 5058 presbitero

2107 5076 2466 5133 servientein
2496 5075 2642 5132 loco.
2666 5075 2739 5132 Ut
2760 5079 2957 5131 autem
2985 5092 3088 5148 per
3100 5074 3478 5132 succedentia
3490 5079 3769 5147 tempora!

2105 5167 2339 5222 ﬁrmum
2374 5170 2433 5221 et
2461 5164 2671 5221 stabile
2690 5168 2925 5221 maneat
2943 5164 3055 5221 hoc
3069 5164 3315 5231 donum,
3329 5164 3600 5238 presenti
3623 5163 3775 5220 seris

2105 5260 2203 5327 pto
2230 5253 2523 5323 mandavi,
2555 5258 2614 5310 et
2644 5253 2812 5328 signo
2859 5251 3048 5310 crucis
3093 5268 3275 5309 manu
3304 5268 3443 5310 mea
3480 5253 3633 5310 facto
3662 5268 3764 5309 ro»

2105 5342 2327 5410 boravi,
2342 5347 2401 5399 et
2416 5344 2450 5398 ﬁ
2460 5342 2679 5399 dolium
2692 5356 2957 5400 meorum
2974 5341 3248 5401 manibus
3262 5341 3773 5401 corroborandum

2104 5432 2340 5488 tradidi.
2374 5433 2432 5488 S.
2464 5430 2760 5489 Gausfridi
2788 5431 3062 5505 episcopi.
3086 5429 3353 5493 Hilduini
3379 5429 3764 5507 proceritatis»

422 5542 572 5618 (220)
625 5541 923 5614 Sequatur
966 5538 1134 5599 llneas
1181 5542 1322 5610 tres,
1372 5555 1625 5613 quarum
1683 5539 1997 5614 scriptura,
2037 5538 2274 5615 penitus
2304 5538 2516 5615 deleta,
2545 5536 2662 5614 legi
2691 5555 2808 5597 non
2840 5541 3050 5613 potest.
