3968 6080
354 308 473 372 363

1250 303 1483 365 PAULI
1529 304 1591 363 S.
1627 300 1859 362 PETRI
1904 297 2440 359 CARNOTI‘INSIS
2486 296 2864 359 MONACHI.

3635 291 3760 353 364

358 439 545 501 Patris
576 435 844 495 videlicet
872 439 929 493 et
958 435 1085 493 Filii
1137 440 1192 493 et
1241 436 1497 509 Spiritus
1538 433 1753 491 Sancti.
1791 433 2008 489 Omnes
2036 430 2091 498 Α
2118 432 2273 489 Juda
2318 431 2634 504 proditore,
2684 434 2739 487 et
2786 446 2922 486 cum
2969 428 3063 486 his
3111 426 3212 501 qui
3258 424 3575 483 Dominum
3633 424 3769 483 Jhe-

360 530 613 600 denique
646 526 745 599 qui
778 526 1072 582 Christum
1102 527 1347 581 credunt
1374 525 1599 597 lapides
1643 522 1754 578 vivi
1798 522 2004 577 dicun-

242 654 249 655 ί
359 624 476 687 tur,
511 620 578 673 ut
608 614 923 688 Apostolus
953 614 1034 670 ait
1065 632 1077 670 :
1114 616 1209 670 Vos
1248 617 1377 670 estis
1426 613 1631 686 lapides
1673 613 1787 668 vivi
1826 610 2004 681 aediﬁ-

360 709 487 775 cati,
537 705 727 760 domus
774 704 1051 775 spiritales
1098 704 1267 776 (230).
1326 702 1526 776 igitur,
1560 701 1607 756 si
1638 700 1909 755 volumus
1943 701 2009 753 ut

362 794 649 852 inhabitet
679 792 946 848 Christus
976 792 1034 847 in
1069 792 1237 848 nobis
1266 796 1323 848 et
1366 809 1472 847 nos
1518 790 1578 845 in
1626 790 1775 862 ipso,
1808 788 2008 844 hostes

363 887 616 949 nostros,
649 880 707 935 id
739 884 828 935 est
854 880 994 935 vitia
1024 880 1306 935 debemus
1343 880 1685 949 interﬁcere,
1719 876 2008 933 Samuelis

364 970 657 1046 prophetae
688 972 997 1040 sequentes
1027 967 1379 1040 exemplum,
1411 967 1533 1039 qui,
1565 965 1826 1039 gladium
1858 964 2008 1020 acci-

364 1061 552 1135 piens,
586 1059 767 1131 Agag,
797 1074 992 1130 regem
1023 1056 1480 1130 pinguissimum
1530 1056 1701 1124 (231),
1733 1054 1793 1110 in
1825 1056 2012 1111 frusta

365 1146 639 1216 concidit,
670 1146 841 1202 nobis
888 1146 948 1200 in
993 1145 1102 1202 hoc
1129 1147 1445 1203 ostendens
1476 1145 1647 1213 facto,
1681 1149 2011 1218 pugnantes

365 1243 567 1295 contra
596 1234 788 1293 carnis
816 1234 964 1290 vicia
1005 1234 1152 1290 nulli
1198 1234 1436 1291 omnino
1489 1234 1695 1289 debere
1753 1249 2008 1305 parcere,

363 1327 464 1384 sed
497 1324 698 1381 omnia
726 1322 1069 1393 interficere,
1112 1340 1184 1380 ne
1235 1324 1295 1379 in
1346 1323 1549 1378 mortis
1594 1320 1828 1394 culpam
1863 1320 2014 1376 inci-

364 1417 596 1482 damus,
629 1412 781 1470 sicut
812 1429 910 1468 rex
940 1412 1102 1481 Saul,
1134 1413 1235 1484 qui
1282 1413 1443 1485 Agag
1477 1410 1619 1484 regi,
1651 1415 1853 1466 contra
1885 1427 2013 1483 pre-

365 1508 602 1577 ceptum
633 1501 888 1574 Domini,
921 1500 1176 1575 pepercit
1206 1502 1371 1573 (232),
1393 1506 1449 1556 et
1478 1500 1606 1556 ideo
1638 1499 1918 1556 Dominus
1941 1500 2012 1555 ab

367 1611 433 1651 eo
498 1590 758 1659 recessit,
811 1595 869 1646 ct
923 1590 1165 1663 spiritus
1219 1589 1515 1662 malignus
1565 1606 1699 1645 eum
1746 1589 2015 1661 arripuit.

370 1685 485 1739 lloc
534 1680 796 1753 exemplo
849 1683 906 1735 et
964 1679 1095 1736 aliis
1153 1679 1609 1752 quamplurimis
1667 1680 2014 1734 Sanctarum

368 1770 803 1844 Scripturarum
848 1768 1129 1841 exemplis
1177 1769 1345 1840 plene
1393 1767 1602 1834 edocti,
1635 1771 1839 1823 notum
1889 1784 2095 1871 esseB

366 1860 642 1919 volumus
670 1857 946 1913 omnibus
983 1861 1195 1914 sanctae
1245 1856 1346 1911 Dei
1399 1855 1668 1913 aecclesia:
1723 1855 2013 1925 fidelibus,

368 1956 491 2007 tam
527 1946 915 2022 praesentibus
944 1962 1120 2018 quam
1153 1945 1389 2014 futuris,
1419 1962 1544 2018 ego,
1578 1945 1843 2001 videlicet
1862 1945 2013 2001 Han-

370 2038 550 2107 ricus,
585 2041 641 2093 et
679 2037 861 2093 frater
903 2052 1070 2091 meus
1117 2034 1521 2107 parvissimus,
1577 2034 1813 2090 nomine
1842 2033 2015 2090 Mori-

364 2145 498 2194 nus,
527 2125 767 2181 militari
800 2123 991 2179 balteo
1021 2122 1251 2195 utrique
1294 2122 1558 2192 accincti,
1588 2122 1866 2195 quoniam
1897 2138 2015 2178 am-

363 2215 647 2273 bitionem
678 2211 983 2279 nefariam,
1017 2229 1143 2284 qua:
1193 2229 1320 2281 nos,
1352 2211 1412 2266 in
1443 2211 1834 2267 adolescentia
1860 2210 2015 2282 posi-

366 2309 479 2372 tos,
514 2308 756 2359 actenus
788 2301 1037 2373 decepit,
1070 2318 1105 2356 a
1137 2299 1306 2356 nobis
1350 2299 1663 2373 abigimus,
1696 2303 1772 2367 et,
1804 2299 2016 2355 humili

367 2410 538 2467 prece
567 2388 885 2459 Eustachii,
919 2389 1147 2445 abbatis
1178 2388 1424 2445 cmnohii
1461 2389 1647 2444 sancti
1702 2389 1849 2445 Petri
1881 2389 2017 2444 Car-

373 2481 658 2547 notensis,
684 2479 752 2535 ad
788 2479 897 2534 hoc
930 2495 1138 2534 sumus
1168 2477 1656 2553 perducti,ut,pro
1689 2478 1786 2533 Dei
1822 2495 2019 2533 amore

375 2575 432 2627 et
478 2574 679 2626 nostra
709 2567 915 2634 salute,
948 2584 1154 2639 pravas
1186 2567 1636 2622 consuetudines
1667 2570 1723 2622 et
1752 2566 2022 2622 intolera-

375 2658 543 2727 biles,
596 2674 744 2731 quas
795 2656 1012 2728 injuste
1060 2655 1491 2728 accipiebamus
1541 2655 1600 2710 in
1650 2655 1775 2711 loco
1830 2653 2019 2710 sancti

377 2745 627 2820 Georgii,
654 2744 757 2818 qui
789 2745 937 2800 situs
984 2749 1071 2800 cst
1112 2761 1229 2799 non
1276 2743 1445 2817 longe
1494 2762 1529 2799 a
1576 2744 1816 2799 flumine
1860 2745 2019 2816 quod

372 2837 523 2893 Arva
552 2833 784 2900 dicitur,
816 2849 885 2888 ex
932 2836 1049 2886 toto
1097 2831 1486 2897 dimittimus;
1520 2830 1889 2887 solummodo
1921 2847 2020 2887 eas

373 2923 712 2990 retinentes,
745 2937 892 2993 quas
922 2926 1086 2993 pater
1133 2924 1333 2975 noster
1382 2919 1753 2990 Rainbertus,
1785 2936 1887 2992 pro
1918 2920 2019 2977 de-

374 3011 636 3069 fensione
663 3008 1256 3081 hominum,preeario
1279 3008 1556 3065 habuisse
1580 3008 2023 3079 refertur,rusti-

373 3116 577 3157 corum
600 3096 866 3153 videlicet
893 3097 1067 3153 boves
1099 3101 1187 3151 ter
1232 3095 1291 3151 in
1323 3113 1507 3153 annos
1538 3097 1609 3152 ad
1640 3098 2018 3154 exercendam

371 3193 586 3245 terram
617 3187 677 3243 in
702 3186 904 3243 eodem
935 3185 1081 3253 loco.
1114 3184 1301 3242 Simili
1334 3186 1506 3242 modo
1537 3185 1715 3242 semel
1762 3186 1819 3242 in
1865 3204 2017 3245 anno
2048 3172 2091 3241 C

374 3282 433 3336 et
462 3282 722 3350 tempore
749 3290 1026 3348 congruo,
1078 3274 1149 3330 de
1201 3275 1485 3332 arietibus
1534 3281 1707 3348 atque
1737 3276 1925 3349 agnis,
1974 3277 2024 3334 si

375 3367 614 3434 fuerint,
648 3365 773 3421 sine
802 3362 1137 3436 gravamine
1166 3362 1512 3431 incolarum,
1549 3364 1873 3421 monachus
1911 3365 2024 3424 loci

374 3459 563 3513 rector
584 3459 823 3526 rogatus
854 3451 1024 3507 nobis
1055 3451 1338 3523 prebebit,
1371 3455 1652 3523 quatinus
1684 3469 1790 3509 nos
1819 3452 2023 3511 libenti

375 3543 572 3600 animo
601 3542 673 3597 ab
704 3538 981 3596 omnibus
1009 3538 1481 3612 hominibus,pro
1514 3557 1686 3613 posse
1715 3545 1934 3612 nostro,
1967 3549 2027 3601 et

374 3632 569 3700 locum
602 3634 658 3685 et
687 3644 920 3685 omnem
951 3644 1072 3683 rem
1104 3626 1214 3684 loci
1245 3628 1406 3684 intus
1436 3634 1493 3684 et
1529 3629 1781 3686 exterius
1828 3633 2025 3689 defen-

377 3722 608 3778 damus.
658 3717 975 3791 Negocium
1030 3716 1265 3789 quidem
1313 3716 1361 3773 si
1412 3718 1587 3773 fuerit
1641 3718 1793 3776 inter
1837 3720 2026 3794 ipsius

373 3810 485 3867 loci
517 3808 806 3875 homines,
831 3806 986 3879 quod
1018 3806 1145 3862 sine
1193 3806 1343 3863 bello
1394 3806 1560 3862 finire
1592 3814 1862 3882 nequeat,
1888 3828 2029 3884 prae-

376 3903 538 3959 sente
567 3897 877 3963 monacho,
909 3896 1146 3951 finietur
1173 3896 1231 3951 in
1263 3901 1461 3952 nostra
1491 3898 1672 3953 curia.
1708 3899 2024 3958 Prandium

374 4006 509 4047 vero
540 3987 695 4061 quod
725 3986 783 4041 in
817 3984 1004 4041 sancti
1035 3984 1262 4057 Georgii
1298 3986 1606 4043 festivitate
1636 3987 2027 4047 inverecunda

377 4079 567 4134 fronte
622 4073 1087 4147 requirebamus,
1137 4074 1377 4128 omnino
1452 4074 1826 4145 dimittimus,
1886 4078 2028 4152 quia

378 4165 533 4223 male
562 4163 990 4221 solemnitatem
1020 4160 1269 4218 celebrat
1298 4163 1395 4235 qui
1441 4181 1502 4219 se
1533 4165 1603 4220 ab
1635 4164 1877 4223 inlicitis
1908 4185 2024 4223 non

378 4253 655 4312 custodit.
704 4252 790 4321 Et,
822 4255 888 4307 ut
916 4249 1371 4323 praelibavimus,
1421 4269 1626 4310 omnes
1673 4255 2026 4313 execrabiles

378 4340 835 4400 consuetudines
863 4356 1012 4412 quas
1043 4340 1477 4413 usurpabamus
1508 4342 1567 4397 in
1610 4345 1845 4416 praefato
1876 4344 2023 4413 loco,

376 4449 534 4489 nunc
582 4435 639 4487 et
685 4430 961 4502 deinceps
1009 4428 1386 4496 remittimus,
1440 4438 1647 4502 preter
1691 4432 1823 4490 illas
1877 4452 2024 4508 quas

2114 539 2246 577 sum
2277 521 2711 589 cruciﬁxerunt,
2754 520 2813 575 in
2881 519 3108 574 inferno
3174 533 3376 591 poenas
3423 515 3637 571 habeat
3666 530 3767 571 ca-

2113 616 2305 667 rentes
2346 611 2477 666 ﬁne.
2542 610 2688 665 Data
2753 615 2842 665 est
2904 607 3027 664 haec
3093 612 3256 663 carta
3320 603 3520 661 Drocis
3571 609 3764 660 castro

2115 698 2364 772 publice,
2419 716 2572 754 anno
2629 697 2920 754 dominice
2977 695 3398 753 incarnationis
3451 693 3764 751 millesimo

2117 787 2447 855 LXXX°VI°,
2480 786 2791 842 indictisne
2848 785 2938 852 IX,
2974 784 3224 858 Phiiippi
3275 783 3430 857 regis
3478 782 3641 856 regni
3667 800 3766 839 an-

2117 894 2191 931 no
2221 876 2408 931 ΧΧνς.
2446 875 2681 942 Paulus,
2731 874 3056 931 monachus
3104 880 3162 931 et
3214 872 3470 942 edituus,
3502 871 3766 930 notarius

2117 965 2324 1023 extitit.
2357 988 2385 1018 »

2629 1052 3037 1111 CAPITULUM
3074 1052 3263 1110 XXIII.

2526 1149 2609 1201 De
2635 1144 2884 1202 (ecclesia
2912 1145 3159 1201 Puteosa:
3182 1138 3354 1200 villae.

2742 1232 2927 1306 (Anno
2959 1231 3140 1304 1086.)

2196 1345 2224 1375 ‹‹
2258 1323 2317 1380 In
2351 1322 2587 1379 nomine
2620 1321 2808 1378 Patris
2838 1325 2896 1376 et
2927 1319 3055 1377 Filii
3076 1325 3133 1377 et
3153 1319 3409 1393 Spiritus
3438 1315 3768 1391 Sancti,qui

2120 1412 2315 1468 trinus
2344 1416 2435 1468 est
2465 1409 3084 1484 personaliteretunus
3104 1408 3767 1465 essentialiter.Desertaa

2121 1500 2456 1573 gentilitati,
2489 1499 2548 1555 id
2580 1504 2670 1556 est
2700 1497 2970 1555 aecclesize
3002 1498 3072 1554 de
3100 1497 3373 1570 gentibus
3403 1495 3658 1565 collecte,
3666 1512 3770 1569 per

2123 1589 2283 1646 Isaia:
2314 1588 2594 1663 prophete
2612 1605 2830 1644 vocem.
2861 1585 3140 1644 Dominus
3164 1585 3563 1659 spiritualium
3593 1584 3771 1642 virtu-

2123 1684 2249 1734 tum
2298 1679 2453 1734 dona
2500 1678 2871 1750 promittens,
2904 1674 3054 1732 inter
3084 1676 3373 1733 odorifera
3414 1676 3656 1732 arbusta
3684 1674 3770 1732 ul-

2125 1784 2288 1824 mum
2321 1771 2494 1840 atque
2523 1768 2745 1824 buxum
2783 1766 2951 1839 posui
2983 1765 3128 1839 (233)
3184 1765 3384 1822 dicens
3421 1779 3438 1820 :
3469 1766 3679 1821 Ponam
3710 1766 3773 1821 in

2124 1858 2335 1914 deserto
2365 1859 2619 1927 abietem,
2651 1856 2865 1911 ulmum
2892 1863 2943 1912 et
2972 1855 3180 1911 buxum
3206 1854 3375 1910 simul
3404 1854 3572 1923 (234).
3603 1854 3771 1911 Nunc

2126 1952 2322 2003 autem
2353 1945 2542 2002 abiete
2572 1946 2631 2000 in
2661 1944 2771 2000 hac
2814 1943 2961 2001 serie
3002 1943 3414 2017 praetermisso,
3434 1959 3548 2016 quo
3578 1943 3770 2000 sancti

2125 2030 2393 2091 homines
2406 2033 3021 2106 panduntur,quorum
3053 2031 3413 2105 mentesjugi
3432 2031 3768 2089 meditatio-

2126 2141 2198 2180 ne
2222 2129 2423 2181 sancto
2454 2122 2737 2180 desiderio
2750 2122 2822 2178 ad
2836 2120 3526 2193 celestiacontemplanda
3543 2120 3770 2178 elevan-

2124 2218 2241 2281 tur,
2265 2229 2371 2269 nos
2405 2227 2639 2284 quoque
2670 2209 2902 2283 fragiles
2930 2214 2988 2267 et
3017 2208 3170 2267 mole
3197 2208 3576 2283 iniquitatum
3607 2227 3769 2291 pres:

2126 2318 2224 2358 sos
2250 2300 2579 2357 minoribus
2599 2300 2774 2355 rebus
2805 2298 3106 2355 informari
3138 2304 3383 2372 oportet,
3411 2304 3477 2356 ut
3502 2299 3593 2356 vel
3621 2298 3771 2357 ulmi

2127 2395 2227 2447 aut
2258 2388 2746 2462 significationem
2768 2388 2907 2443 buxi
2922 2405 3121 2461 gerere
3144 2387 3774 2462 videamur,torpentes

2128 2480 2187 2534 in
2212 2479 2381 2534 bonis
2402 2477 2763 2550 operibus,et
2784 2477 2964 2549 hujus
2995 2477 3201 2533 caduci
3231 2484 3405 2550 atque
3430 2479 3659 2553 fugitivi
3687 2495 3774 2535 se-

2127 2567 2240 2624 culi
2275 2566 2626 2623 inservimus
2645 2566 3211 2623 honoribusmlmus
3231 2568 3464 2639 quidem
3497 2567 3553 2623 in
3587 2568 3773 2624 altum

2128 2655 2459 2724 crescit,sed
2492 2655 2735 2710 minime
2763 2655 2951 2710 ferens
2972 2654 3351 2724 fructum,ecs
3372 2656 3572 2729 procul
3595 2656 3775 2715 dubio

2129 2745 2421 2819 significat
2450 2744 2571 2816 qui,
2606 2742 2923 2800 mundanis
2969 2744 3147 2800 rebus
3181 2744 3501 2802 admodum
3529 2744 3775 2813 inretiti,

2130 2833 2523 2908 spiritualium
2556 2849 2798 2905 operum
2815 2833 3008 2888 fructu
3030 2837 3169 2889 sunt
3183 2833 3781 2902 vacui.Tamen,sicut
3806 2896 3811 2899 _

2129 2924 2328 2979 ulmus
2349 2938 2484 2994 sepe
2513 2920 2690 2977 vitem
2721 2938 2856 2977 cum
2888 2920 3070 2977 botris
3092 2922 3452 2990 sustinet,ita
3487 2928 3546 2980 et
3575 2929 3781 2997 poten-

2129 3017 2218 3069 tes
2249 3011 2428 3084 hujus
2457 3009 2636 3066 seculi
2670 3026 2866 3065 servos
2886 3009 2985 3066 Dei
3006 3026 3110 3083 per
3124 3009 3415 3067 ecclesias
3445 3010 3616 3086 longe
3635 3012 3781 3071 late-

2130 3118 2241 3175 que
2267 3098 2566 3157 beneﬁciis
2596 3097 2815 3154 inclitis
2838 3099 3266 3155 sustentant.ln
3283 3116 3399 3172 qua
3422 3116 3483 3156 re
3505 3101 3781 3175 spiritua-

2128 3190 2209 3247 lia
2236 3206 2437 3246 eorum
2461 3205 2636 3261 opera
2665 3204 2772 3244 sua
2810 3204 2937 3243 esse
2967 3187 3208 3258 faciunt,
3240 3191 3298 3244 et
3325 3205 3460 3245 cum
3487 3190 3571 3247 eis
3600 3190 3662 3247 in
3693 3193 3784 3249 fu-

2131 3286 2263 3336 turo
2297 3279 2491 3335 seculo
2541 3282 2752 3333 aeterno
2801 3282 3252 3333 remunerantur
3300 3279 3543 3351 premio.
3587 3281 3782 3339 Buxns

2134 3369 2404 3441 denique,
2440 3365 2623 3422 solam
2664 3364 3017 3422 viriditatem
3065 3366 3347 3437 retinens,
3378 3385 3477 3425 eos
3522 3370 3784 3427 ostendit

2134 3457 2234 3530 qui
2263 3474 2407 3512 verae
2427 3453 2559 3510 fidei
2578 3453 2988 3526 perfectionem
3003 3454 3359 3512 immutilato
3377 3462 3508 3513 voto
3527 3462 3780 3519 servant.

2135 3547 2236 3604 His
2267 3543 2509 3618 prefatis
2540 3543 2735 3611 rebus,
2767 3558 2872 3615 ego
2906 3542 3185 3600 Isnardus
3215 3544 3286 3600 de
3317 3544 3558 3613 Pertico,
3590 3546 3784 3605 balteo

2135 3634 2373 3693 militari
2406 3633 2825 3703 accinetus,me
2855 3632 3173 3706 adjungere
3194 3633 3563 3707 cupiens,pro
3594 3636 3786 3696 salute

2137 3724 2344 3781 animm
2376 3739 2516 3778 meae
2535 3738 2599 3776 ac
2621 3721 2782 3777 omni
2798 3720 3107 3779 dilectione
3129 3722 3545 3796 amplectende
3577 3728 3789 3786 matris

2136 3831 2277 3870 mea;
2309 3810 2712 3881 Alberedaa,illi
2745 3809 2839 3867 cui
2872 3828 2907 3867 a
2930 3816 3042 3868 Deo
3073 3810 3284 3867 collata
3314 3818 3403 3869 est
3432 3814 3651 3888 ligandi
3673 3817 3793 3874 sol-

2133 3902 2419 3974 vendique
2471 3903 2749 3972 potestas,
2782 3899 3001 3972 quique
3030 3898 3284 3957 caelestis
3334 3904 3495 3976 regni
3533 3904 3788 3975 januam

2136 3990 2406 4047 ﬁdelibus
2435 3988 2622 4063 aperit
2648 3992 2706 4043 et
2733 3986 3070 4045 inﬁdelibus
3116 3988 3356 4060 claudit,
3381 3997 3582 4049 sancto
3615 3993 3785 4052 Petro

2132 4079 2400 4136 videlicet
2428 4076 2685 4134 cmnobii-
2706 4076 3099 4146 Carnotensis,
3133 4078 3279 4151 ipse,
3311 4078 3638 4153 inquam,et
3666 4100 3797 4140 ma-

2133 4172 2222 4223 ter
2251 4183 2381 4222 mea
2411 4164 2716 4221 carissima
2765 4164 2969 4221 libenti
3019 4165 3240 4237 animo,
3272 4167 3506 4238 damus,
3541 4168 3602 4226 in
3651 4171 3791 4228 Per-

2133 4254 2269 4322 tico,
2303 4253 2620 4310 azcclesiam
2654 4253 2710 4307 in
2744 4253 2962 4310 honore
2992 4254 3176 4310 sancti
3207 4255 3695 4327 Johannis,sitam
3722 4259 3787 4316 in

2132 4342 2271 4399 villa
2302 4359 2429 4415 quae
2461 4341 2535 4396 ab
2564 4340 2772 4397 incolis
2803 4342 3051 4398 Puteosa
3064 4342 3369 4400 vocitatur
3385 4361 3519 4401 cum
3550 4345 3695 4403 atrio
3726 4352 3790 4405 et

2133 4430 2776 4501 decima,omnibusque
2805 4430 3091 4487 reditibus
3107 4432 3178 4487 ad
3202 4450 3310 4489 nos
3330 4434 3783 4506 pertinentibus.

374 4525 601 4596 patrem
631 4524 899 4576 nostrum
938 4518 1215 4575 habuisse
1245 4536 1278 4574 a
1310 4519 1584 4591 plurimis
1614 4522 1864 4592 dicitur;
1898 4542 2024 4597 quae
2053 4540 2101 4605 Ι)
2134 4519 2518 4577 Concedimus
2549 4518 2725 4574 etiam
2776 4535 2961 4574 unum
3011 4536 3286 4577 mansum
3332 4527 3497 4578 terra:
3536 4525 3788 4597 ejusque

373 4609 635 4684 precario
665 4607 1038 4681 requirantur
1080 4624 1116 4663 a
1162 4607 1471 4675 monacho,
1506 4627 1620 4665 non
1648 4610 1703 4665 vi
1734 4612 1805 4667 ab
1836 4613 2028 4668 momi-

374 4700 551 4757 nibus
581 4701 1051 4770 extorqueantur.
1085 4697 1202 4752 Has
1231 4700 1426 4752 autem
1458 4697 1705 4766 litteras,
1731 4717 1878 4772 quas
1902 4701 2023 4757 fieri

365 4789 681 4864 jussimus,
716 4787 881 4860 signo
931 4789 1147 4842 sanctae
1198 4786 1388 4841 crucis
1437 4786 1668 4857 publice
1717 4788 1777 4844 in
1828 4789 2023 4846 ltrocis

374 4883 565 4935 castro
595 4878 883 4948 impresso
898 4874 1776 4948 corroboravimus,parinmque
1806 4882 2024 4934 nostro-

375 4983 507 5022 rum
540 4982 605 5021 ac
637 4962 894 5019 fidelium
927 4961 1202 5018 manibus
1248 4964 1742 5022 corroborandum
1786 4967 2024 5023 tradidi-

376 5070 533 5121 mus,
566 5068 815 5125 quorum
851 5050 1088 5106 nomina
1115 5051 1359 5106 inferius
1392 5052 1449 5107 in
1483 5054 1816 5111 testimonio
1839 5054 2021 5128 jussi-

376 5158 510 5198 mus
540 5140 738 5198 scribi.
767 5139 825 5195 Si
858 5138 997 5211 quis
1023 5144 1219 5194 autem
1250 5141 1530 5213 profanus
1561 5142 1697 5198 huic
1727 5142 2023 5217 largitioni

376 5234 590 5288 nostrae
639 5227 926 5285 contraire
970 5227 1239 5297 voluerit,
1292 5229 1407 5285 nisi
1467 5231 1823 5303 paenituerit,
1885 5249 2021 5290 cum

447 5441 596 5586 E230)
624 5442 755 5499 Vid.
789 5443 938 5499 Petr.
973 5459 1012 5498 1.
1045 5447 1101 5517 2,
1131 5444 1183 5502 5.

468 5514 596 5586 231)
630 5514 766 5586 Reg.
799 5532 840 5586 1,
876 5516 962 5586 15,
993 5515 1065 5575 32
1093 5520 1183 5577 et:

468 5514 596 5588 2.31)
630 5514 766 5588 Reg.
799 5532 840 5586 ι,
876 5516 962 5588 15,
993 5514 1150 5577 32'et
1175 5517 1267 5577 33.

447 5585 599 5664 (232)
627 5585 767 5663 Ibid,
796 5585 849 5654 9.

2135 4608 2606 4676 consuetudines,
2631 4612 2696 4662 ut
2725 4607 3000 4680 deinceps
3032 4608 3113 4664 ita
3140 4611 3411 4667 monachi
3442 4611 3788 4685 possideant

2133 4699 2285 4754 sicut
2314 4701 2370 4753 et
2400 4713 2505 4752 nos
2537 4699 2777 4751 actenus
2808 4696 3198 4768 possedimus.
3232 4699 3604 4757 Decrevimus
3634 4716 3784 4773 quo-

2134 4803 2267 4859 que,
2300 4786 2438 4853 ut,si
2472 4784 2606 4857 quis
2630 4789 2963 4840 nostrorum
2995 4786 3064 4842 de
3095 4787 3270 4843 rebus
3301 4806 3447 4861 quas
3478 4790 3549 4845 de
3580 4794 3785 4848 nostro

2133 4875 2413 4932 beneﬁcio
2444 4875 2614 4943 (235),
2650 4877 2852 4930 sancto
2881 4878 3053 4932 Petro
3094 4876 3316 4949 aliquid
3347 4878 3484 4934 dare
3512 4877 3784 4950 voluerit,

2133 4968 2229 5022 det
2279 4961 2650 5027 ﬁducialiter,
2693 4961 2851 5017 nullo
2895 4965 3276 5034 refruntante,
3309 4966 3462 5023 sicut
3482 4967 3607 5039 jam
3640 4968 3790 5025 fece-

2132 5057 2271 5111 runt
2296 5051 2407 5107 mei
2442 5049 2642 5106 ﬁdeles
2675 5052 3004 5108 Bernardus
3024 5057 3082 5109 et
3114 5054 3416 5127 Rogerius,
3448 5056 3507 5111 in
3539 5056 3781 5129 praefato

2132 5140 2393 5200 coenobio
2426 5140 2698 5196 monachi
2729 5140 2942 5210 effecti;
2975 5158 3227 5214 quorum
3269 5144 3517 5216 primus,
3553 5146 3610 5200 in
3651 5144 3785 5205 loco

2131 5232 2233 5307 qui
2261 5233 2502 5288 vocatur
2519 5227 2881 5300 Manseleria,
2905 5247 3090 5287 unum
3113 5248 3386 5291 mansum
3416 5232 3500 5291 ita
3528 5232 3786 5293 liberum

2203 5446 2355 5519 (233)
2386 5445 2523 5519 με.
2548 5444 2756 5519 posuit-

2227 5520 2356 5588 234)
2387 5517 2499 5576 Ιεειῖ
2529 5517 2645 5584 xu,
2664 5517 2765 5588 719.

2227 5521 2356 5588 234)
2387 5521 2499 5576 Isa.
2529 5533 2645 5584 xu,
2680 5521 2765 5573 19.

2203 5521 2353 5676 E235)
2381 5587 2904 5682 Pratermiassum,
2937 5594 3097 5650 εθηθι.
