3988 6072
165 330 286 388 365

1057 332 1310 394 VETUS
1355 331 1642 392 AGANO.
1679 364 1752 375 —
1780 329 1926 391 LIB.
1974 330 2132 392 VIII.
2180 332 2690 397 EUS'I‘ACHIUS.

3454 335 3572 398 366

163 461 331 517 dedit
360 466 431 518 ut
452 463 524 520 de
551 479 643 520 me
671 465 890 533 tenuit;
913 464 1060 522 alter
1077 481 1208 521 vero
1230 464 1408 520 simili
1435 464 1608 520 modo
1633 479 1818 520 unum
1851 463 1906 532 Α
1937 463 2140 520 solidis
2169 466 2439 523 dedimus
2464 483 2475 522 :
2501 484 2567 524 eo
2589 468 2825 540 quidem
2852 471 3120 540 pacto,ut
3140 468 3378 524 fratrem
3409 467 3578 526 illum

163 567 472 620 mansum,
503 571 620 609 non
650 553 821 628 longe
851 572 884 611 a
913 557 1137 628 prefata
1166 553 1426 610 accclesia
1455 569 1633 626 quam
1668 553 1824 608 dedi-

163 657 325 696 mus.
353 641 522 697 Dedit
550 646 606 696 et
627 646 814 699 mater
832 660 963 700 mea
983 661 1170 717 nuper
1195 642 1537 698 inﬁrmitate
1567 643 1819 710 detenta,

153 731 333 800 juxta
352 729 675 788 ecclesiam
703 733 774 787 de
796 733 1032 800 Buxeto,
1057 749 1233 804 quam
1257 736 1420 805 pater
1441 747 1606 786 meus
1626 730 1823 786 vivens

162 818 330 874 dedit
361 824 567 875 sancto
625 821 813 888 Petro,
838 838 1023 877 unum
1056 821 1380 894 hospitem;
1427 836 1534 892 ego
1590 835 1824 892 quoque

160 907 351 963 alium
384 908 446 963 in
470 908 834 965 dedicatione
865 910 1053 983 ipsius
1079 909 1370 966 ecclesiis.
1400 910 1474 964 De
1504 909 1721 981 quibus
1743 926 1826 965 re-

161 997 536 1062 bus,domno
559 1014 688 1054 meo
721 998 992 1070 Symone,
1017 997 1486 1062 ﬁlio'Gaucherii,
1505 1002 1821 1066 annuente,

161 1085 230 1140 de
261 1086 446 1157 cujus
477 1085 756 1142 beneﬁcio
788 1087 908 1142 haec
952 1088 1150 1143 omnia
1189 1091 1349 1153 sunt,
1383 1086 1578 1142 abbati
1613 1087 1824 1142 Eusta-

162 1173 461 1239 chio,vice
492 1176 678 1230 sancti
711 1175 883 1242 Petri,
905 1175 1138 1248 publice
1169 1177 1389 1232 donum
1420 1175 1552 1231 dedi
1597 1173 1656 1230 in
1696 1175 1827 1247 ipsa

161 1262 431 1318 ecclesia
453 1279 628 1335 quam
652 1264 816 1333 dedi;
842 1269 1047 1336 postea
1077 1263 1364 1331 Carnotis,
1389 1263 1560 1319 laude
1589 1268 1824 1320 nostro-

162 1367 294 1406 rum
329 1351 621 1419 ﬁdelium,
647 1353 871 1408 donum
900 1371 1082 1426 super
1109 1353 1288 1409 altare
1320 1353 1508 1410 sancti
1540 1352 1694 1409 Petri
1725 1369 1826 1426 po-

161 1439 274 1496 sui.
296 1440 454 1496 Data
475 1445 565 1498 est
584 1441 708 1498 haec
725 1447 886 1498 carta
907 1459 1060 1498 anno
1082 1442 1154 1498 ab
1179 1441 1580 1498 incarnatione
1593 1439 1827 1498 Domini

159 1529 486 1586 millesimo
520 1529 806 1599 LXXXVI,
840 1531 1160 1588 indictione
1191 1548 1366 1600 nona,
1393 1530 1644 1605 Philippi
1649 1531 1828 1605 gregis

161 1618 336 1692 regni
371 1622 582 1674 XXVI.
610 1643 639 1668 η

677 1708 1092 1765 CAPITULUM
1139 1709 1328 1764 XXIV.

473 1800 555 1854 De
581 1796 863 1852 calumnia
889 1796 1062 1853 saltus
1091 1798 1546 1864 Muniiculorum,

899 1885 1107 1956 (1086.)

231 1999 258 2024 ‹‹
285 1980 355 2031 In
381 1975 622 2032 Domini
651 1974 836 2031 nostri
857 1975 1040 2032 Jhesu
1063 1974 1274 2031 Christi
1296 1975 1551 2033 nomine.
1579 1978 1698 2048 Ego
1719 1979 1828 2033 Eu-

161 2065 432 2121 stachius
457 2065 814 2130 abbas,cum
838 2064 1113 2120 omnibus
1135 2063 1414 2120 fratribus
1432 2066 1678 2121 coenobii
1697 2082 1827 2122 san-

162 2155 232 2210 cti
267 2153 424 2210 Petri
461 2153 858 2218 Carnotensis,
882 2157 1086 2207 notum
1125 2169 1253 2208 esse
1281 2152 1552 2210 volumus
1597 2155 1826 2212 cunctis

162 2249 376 2300 sanctas
393 2244 498 2298 Dei
517 2241 790 2298 aecclesiae
809 2240 1102 2309 ﬁdelibus,
1119 2245 1235 2296 tam
1256 2243 1628 2312 presentibus
1645 2259 1823 2315 quam

162 2333 399 2398 futuris,
427 2332 610 2403 quod,
639 2330 892 2386 Huberto
925 2330 1132 2386 abbate
1163 2329 1321 2385 hunc
1370 2329 1564 2386 locum
1611 2333 1822 2406 guber-

162 2429 356 2491 nante,
374 2419 570 2478 saltus
591 2418 1221 2485 Munticulorum,cum
1245 2420 1520 2476 omnibus
1550 2423 1822 2493 appendi-

161 2512 264 2568 ciis
284 2511 438 2576 suis,
463 2525 570 2582 per
585 2525 894 2564 assensum
918 2508 1290 2562 dominorum
1313 2508 1386 2562 ad
1407 2525 1556 2579 quos
1577 2509 1824 2582 pertine-

161 2602 276 2665 bat,
299 2600 359 2653 in
388 2598 601 2653 usibus
634 2597 951 2663 fratrum,a
975 2595 1270 2652 Gualterio
1301 2602 1591 2668 trapezeta
1621 2604 1822 2655 sancto

163 2690 330 2745 Petro
375 2693 472 2743 est
517 2687 710 2753 datus,
736 2690 792 2740 et
822 2702 856 2738 a
885 2685 1165 2740 fratribus
1213 2685 1330 2739 fere
1380 2702 1484 2758 per
1511 2686 1603 2741 XV
1636 2704 1821 2744 annos

159 2784 246 2835 est
275 2793 596 2850 possessus
625 2775 753 2830 sine
785 2773 1099 2829 calumnia.
1125 2773 1350 2829 Nostris
1370 2791 1503 2830 vero
1534 2777 1818 2848 tempori-

161 2869 294 2927 bus,
325 2865 571 2938 quidam
622 2863 980 2931 adolescens,
1016 2862 1332 2918 Mainerius
1380 2865 1636 2934 nomine,
1663 2866 1818 2922 ﬁlius

157 2955 433 3012 videlicet
453 2950 878 3019 Germundi,de
906 2952 1075 3023 cujus
1103 2952 1382 3008 beneﬁcio
1413 2955 1688 3025 przsfatus
1712 2955 1821 3010 sal-

160 3051 259 3101 tus
283 3045 498 3109 fuerat,
525 3040 698 3113 caepit
717 3039 955 3113 quidem
986 3045 1118 3112 post
1147 3047 1391 3098 mortem
1415 3042 1596 3114 patris
1624 3042 1820 3098 ealun-

163 3134 307 3190 niari
326 3149 488 3188 eum.
505 3130 932 3203 Cujustandem
949 3129 1282 3186 calumniam
1301 3131 1654 3188 extinximus
1675 3133 1819 3189 XXV

1930 553 1989 608 in
2023 571 2162 625 pace
2191 555 2381 611 vivere
2435 557 2772 626 dimitteret,
2797 561 2853 612 et
2883 556 3219 612 calunniam
3269 573 3448 628 quam
3508 558 3578 613 de

1931 641 2060 714 ipsa
2079 643 2325 699 ecclesia
2345 645 2594 701 faciebat
2624 645 2868 701 missam
2893 647 3302 711 faceret.Quod
3337 645 3584 701 libenter

1931 746 2218 798 annuens,
2245 732 2509 788 Carnotis
2535 733 2766 806 publice
2795 751 2971 806 super
3002 733 3184 789 altare
3215 734 3401 790 sancti
3433 733 3587 790 Petri

1931 835 2216 890 guerpum
2249 820 2534 876 calunnia
2567 821 2783 893 posuit,
2810 839 3010 878 secum
3055 822 3278 878 habens
3310 822 3586 878 Rainbal-

1932 908 2072 962 dum
2104 907 2403 964 clericum.
2457 911 2773 968 Nobiscum
2815 928 2950 967 vero
3011 911 3272 979 fuerunt,
3306 911 3588 984 Gerogius

1931 995 2208 1065 clericus;
2234 998 2568 1070 Stephanus
2596 1005 2652 1054 et
2677 999 2974 1066 Salomon,
2994 1001 3230 1066 fratres;
3262 1000 3585 1073 Teduinus,

1932 1085 2194 1141 Gaudius
2224 1091 2280 1142 et
2312 1087 2670 1155 Harduinus,
2705 1088 2946 1154 fratres;
2979 1088 3316 1160 Oydelerius
3347 1095 3404 1142 et
3433 1089 3585 1145 Rod-

1933 1175 2156 1241 bertus,
2209 1175 2444 1242 fratres;
2489 1175 2784 1232 Hildultus
2833 1182 2889 1232 et
2925 1176 3295 1243 Gausfridus,
3339 1178 3583 1248 fratres;

1931 1261 2272 1330 Adventius,
2297 1264 2683 1330 Fulchardus,
2714 1264 3068 1337 Stephanus,
3092 1265 3459 1333 Tescelinus;
3490 1268 3586 1322 In-

1935 1349 2230 1424 gelbertns
2261 1357 2318 1406 et
2348 1352 2716 1422 Gausfridus,
2750 1352 2905 1421 coci;
2948 1353 3262 1410 Herbertus
3290 1359 3348 1410 et
3378 1354 3582 1410 Guari-

1933 1456 2068 1507 nus,
2106 1440 2374 1512 pistores.
2413 1463 2441 1490 »

2432 1529 2855 1586 CAPITULUM
2895 1530 3085 1586 XXVI.

2171 1623 2247 1674 De
2277 1619 2481 1674 toleneo
2512 1625 2636 1675 dato
2665 1621 2733 1675 ab
2763 1621 3008 1692 episcopo
3042 1619 3352 1692 Caus/“ride.

2527 1709 2620 1777 (14
2651 1725 2779 1764 nov.
2817 1707 2998 1780 1087.)

2007 1818 2036 1846 «
2062 1795 2124 1851 In
2147 1795 2382 1852 nomine
2404 1802 2619 1854 sanctae
2642 1801 2698 1853 et
2716 1797 3030 1852 individuis
3053 1797 3381 1866 Trinitatis,
3397 1797 3584 1856 Patris

1933 1883 2202 1942 videlicet
2221 1890 2280 1941 et
2309 1885 2439 1942 Filii
2468 1891 2526 1942 et
2555 1886 2810 1960 Spiritus
2841 1873 3058 1942 Saacti.
3078 1886 3354 1943 Noverint
3381 1904 3585 1945 omnes

1935 1972 2266 2030 christiana;
2295 1974 2593 2048 religionis
2650 1974 2982 2048 participes,
3011 1978 3134 2031 tam
3189 1975 3370 2032 futuri
3403 1993 3580 2050 quam

1934 2067 2270 2136 praesentes,
2295 2067 2350 2120 et
2391 2063 2680 2136 praecipue
2729 2063 3082 2136 pontiﬁcalis
3112 2064 3396 2120 cathedras
3439 2082 3582 2122 mea

1934 2167 2324 2221 successores,
2349 2156 2406 2208 et
2434 2153 2607 2208 ceteri
2642 2151 2914 2208 iecclesiaa
2963 2157 3172 2208 nostris
3222 2153 3440 2221 ﬁdeles,
3467 2155 3582 2210 fra-

1930 2243 2078 2296 trem
2107 2241 2511 2306 Eustachium,
2534 2242 2719 2297 sancti
2754 2241 2904 2297 Petri
2931 2241 3304 2298 Carnotensis
3335 2242 3583 2299 cmnobii

1932 2329 2224 2397 abbatem,
2250 2346 2381 2384 cum
2408 2329 2664 2385 maxima
2685 2329 3018 2385 humilitate
3037 2334 3095 2385 et
3117 2329 3437 2386 multarum
3463 2348 3588 2408 pre-

1930 2433 2065 2473 cum
2096 2417 2424 2490 prolixitate
2472 2417 2876 2491 imploravisse
2927 2435 3020 2474 me
3051 2419 3422 2491 Gaufridum,
3449 2419 3586 2478 licet

1930 2505 2650 2580 indignum,Carnotensis
2680 2507 2954 2564 aecclesire
2985 2506 3344 2580 episcopum,
3377 2513 3583 2581 quate-

1905 2605 2042 2650 nus
2073 2594 2182 2650 sibi
2215 2600 2271 2651 et
2303 2596 2582 2651 fratribus
2610 2595 2756 2650 inibi
2787 2597 2901 2651 Deo
2936 2595 3348 2664 militantibus,
3373 2597 3582 2669 portio-

1928 2700 2062 2738 nem
2095 2684 2303 2739 telonei
2331 2685 2401 2740 de
2432 2685 2714 2741 suburbio
2765 2685 3127 2756 suprataxati
3179 2685 3578 2757 apostolorum

1929 2773 2230 2846 principis,
2254 2791 2382 2846 qua:
2405 2775 2539 2846 jure
2569 2773 2882 2846 episcopali
2916 2790 3009 2829 me
3039 2774 3433 2846 contingebat,
3457 2792 3579 2847 per-

1926 2861 2236 2932 petualiter
2266 2864 2661 2919 concederem.
2692 2864 2870 2934 Cujus
2899 2862 3165 2935 petitioni
3197 2881 3302 2936 ego
3335 2865 3578 2937 adquie-

1927 2966 2116 3016 scens,
2132 2955 2188 3006 et
2209 2968 2410 3007 eorum
2436 2950 2670 3007 utilitati
2699 2951 3101 3023 providens,et
3122 2968 3260 3008 meae
3284 2952 3576 3010 honestati

1926 3038 2262 3106 consulens,
2283 3039 2508 3113 integro
2529 3043 2586 3096 et
2606 3040 2827 3112 absque
2849 3039 2969 3095 ulla
2989 3039 3355 3097 mutilatione
3376 3058 3576 3114 supra-

1925 3127 2147 3183 dictum
2181 3127 2496 3196 teloneum,
2521 3146 2556 3184 a
2585 3127 3112 3200 prasdecessoribus
3152 3129 3300 3186 meis
3329 3133 3388 3186 et
3418 3147 3453 3186 a
3481 3145 3576 3188 me

161 3223 370 3280 solidis
390 3198 774 3276 nummorum
796 3217 905 3274 sibi
925 3219 1078 3274 datis
1093 3223 1150 3274 et
1165 3219 1528 3276 orationibus
1544 3221 1812 3279 fratrum.
1847 3198 1890 3264 C
1927 3213 2056 3288 ipso
2084 3216 2368 3273 hactenus
2390 3198 2778 3284 babituin,eis
2807 3216 3029 3285 tribuo;
3054 3232 3122 3272 ea
3154 3217 3358 3291 utique
3387 3218 3577 3274 ﬁrmi-

161 3313 326 3369 Unde
349 3312 478 3384 ipse
496 3306 735 3363 veniens
760 3307 833 3362 III
856 3305 1138 3363 kalendas
1160 3308 1428 3381 Augusti,
1443 3326 1620 3382 super
1639 3310 1822 3366 altare

157 3400 349 3458 sancti
375 3397 529 3455 Petri
553 3413 841 3471 guerpum
869 3397 1066 3468 posuit
1086 3397 1544 3469 publice,coram
1570 3398 1664 3454 his
1685 3415 1825 3472 quo-

155 3507 286 3547 rum
325 3487 571 3546 nomina
600 3484 1071 3551 subnotavimus.
1106 3486 1187 3540 Ex
1237 3490 1402 3558 parte
1448 3486 1637 3559 ipsius
1670 3504 1683 3542 :
1715 3490 1820 3544 Ar-

154 3577 490 3637 cbenaldus
531 3580 590 3631 et
629 3574 955 3631 Savericus.
980 3574 1061 3629 Ex
1105 3580 1305 3630 nostra
1343 3581 1543 3647 parte:
1569 3577 1821 3634 Gausce-

153 3670 336 3734 linus,
373 3667 561 3722 frater
615 3662 908 3732 Carnalis;
970 3662 1356 3730 Gumbaldus,
1404 3664 1735 3736 Stephanus
1765 3669 1822 3723 et

155 3759 474 3822 Salomon;
514 3752 863 3811 Gausfridus
911 3755 968 3806 et
1017 3750 1333 3818 Hildulfus,
1366 3753 1603 3822 fratres;
1635 3755 1818 3811 Gisle-

157 3850 384 3913 bertus,
402 3842 728 3909 Teduinus,
745 3840 1008 3897 Gaudius
1029 3845 1087 3896 et
1110 3841 1464 3909 Harduinus,
1492 3843 1820 3902 Radbertus

161 3932 634 3994 nosocomiarius
661 3930 832 4000 (236).
859 3952 888 3980 »

681 4036 1098 4094 CAPITULUM
1137 4035 1299 4093 XXV.

250 4134 329 4190 De
358 4129 631 4186 calunnia
666 4127 1080 4190 Spelterolensis
1123 4127 1391 4184 (ecclesiae
1427 4129 1655 4185 remissa
1687 4148 1721 4186 a

733 4199 965 4254 uallet-io
995 4198 1059 4254 de
1089 4197 1295 4254 Αιηειο.

755 4288 924 4354 (Ante
955 4303 1007 4342 a.
1043 4285 1225 4358 1088.)

227 4405 256 4431 α
279 4385 347 4436 In
377 4376 595 4434 Christi
626 4373 882 4432 nomine.
919 4374 1131 4430 Notum
1163 4391 1292 4431 esse
1321 4373 1594 4432 volumus
1625 4378 1815 4433 omni-

1930 3307 2068 3373 tate,
2094 3309 2160 3360 ut
2180 3305 2380 3361 nullus
2409 3321 2758 3379 quocunque
2787 3309 3048 3378 tempore
3077 3322 3380 3364 successor
3409 3325 3578 3365 meus

1930 3394 2166 3451 futurus
2191 3394 2342 3451 hanc
2363 3394 2824 3452 benedictionem
2843 3395 3144 3451 inﬁrmare
3160 3397 3581 3468 praesumatUt

1930 3488 2125 3540 autem
2147 3485 2256 3540 hoc
2280 3485 2499 3540 donum
2522 3502 2623 3557 per
2639 3484 3078 3541 succedentium
3100 3488 3432 3558 temporum
3453 3503 3580 3542 cur-

1929 3571 2113 3628 ricula
2141 3575 2378 3630 ﬁrmum
2409 3579 2466 3630 et
2494 3573 2904 3631 inconvulsum
2925 3579 3283 3647 permaneat,
3304 3575 3578 3648 praasenti

1929 3661 2144 3735 scripto
2175 3663 2577 3720 commendavi
2613 3667 2671 3719 et
2701 3680 2880 3719 manu
2922 3663 3156 3736 propria
3187 3663 3354 3737 signo
3386 3663 3578 3720 crucis

1929 3752 2369 3821 conﬁrmavi,et
2418 3752 2692 3808 manibus
2739 3752 3152 3808 canonicorum
3197 3753 3578 3826 ﬁdeliumque

1928 3857 2193 3896 meorum
2253 3842 2683 3898 corrobandum
2731 3841 2966 3896 tradidi.
3027 3841 3085 3897 S.
3147 3840 3407 3896 Gaufridi
3453 3841 3575 3914 epi-

1927 3929 2108 4002 scopi.
2153 3931 2210 3986 S.
2242 3929 2512 3986 Adelardi
2568 3929 2792 3986 decani.
2826 3929 3102 3986 Willelmi
3158 3929 3572 3987 archidiaconi.

1927 4018 2159 4075 Widoni
2198 4019 2429 4076 abbatis
2477 4018 2663 4075 sancti
2711 4017 2976 4075 Joannis.
3007 4017 3254 4075 Ebrardi
3281 4019 3574 4092 capicerii.

1926 4108 2142 4165 Giraldi
2176 4110 2512 4166 sacerdotis.
2537 4108 2762 4165 Warini
2795 4107 3046 4165 diaconi.
3077 4108 3303 4165 Warini
3338 4126 3576 4166 succen-

1924 4199 2091 4264 toris,
2124 4198 2224 4254 ﬁlii
2275 4198 2534 4254 Durandi
2581 4196 2867 4254 canonici.
2891 4196 3180 4254 Wauslini
3229 4198 3570 4255 subdecani.

1925 4287 2143 4344 Odonis
2174 4286 2588 4344 archidiaconi.
2620 4287 2903 4352 Hilduini,
2927 4287 3154 4344 Girardi
3202 4286 3328 4345 ﬁlii.
3363 4287 3574 4344 Morini

1923 4377 2248 4450 presbiteri.
2283 4377 2576 4434 Gausfridi
2623 4377 2949 4450 presbiteri.
2983 4377 3242 4434 Guerrici
3283 4377 3570 4434 canonici.

157 4471 265 4527 bus
297 4467 523 4525 nostris
555 4462 1016 4531 successoribus,
1035 4479 1139 4534 ego
1169 4461 1436 4519 videlicet
1463 4464 1815 4522 Eustachius
1919 4465 2228 4522 Gisleberti
2259 4465 2544 4522 canonici.
2583 4465 2890 4522 Rainbaldi
2944 4464 3229 4521 canonici.
3256 4465 3384 4520 Haec
3415 4468 3576 4523 carta

155 4561 339 4616 abbas
364 4561 424 4614 et
448 4572 654 4614 omnes
682 4555 891 4610 fratres
922 4550 1167 4608 coenobii
1201 4551 1385 4607 sancti
1418 4552 1567 4608 Petri
1598 4553 1812 4610 Carno-
1840 4561 1890 4632 ι)
1922 4558 2056 4613 data
2080 4559 2169 4613 est
2190 4555 2514 4612 aGauslino
2533 4554 2879 4612 cancellario
2894 4555 3022 4610 VIII
3045 4555 3272 4610 decimo
3291 4553 3575 4612 kalendas

155 4647 558 4720 tensis,quod,
585 4648 894 4717 postquam
916 4639 1358 4713 Spelterolensis
1392 4640 1652 4697 aecelesia
1679 4643 1816 4700 data

158 4739 328 4794 nobis
358 4741 455 4792 est
483 4751 517 4790 a
548 4733 791 4806 Hugone
821 4728 1096 4787 Drocensi
1138 4734 1195 4786 et
1235 4746 1270 4785 a
1308 4728 1445 4785 ﬁliis
1474 4731 1622 4802 ejus,
1656 4732 1815 4788 Gau-

157 4828 354 4882 sberto
385 4828 450 4880 et
477 4821 756 4888 Guarino,
780 4836 1005 4876 necnon
1037 4822 1094 4875 et
1141 4835 1175 4874 a
1221 4822 1408 4874 matre
1454 4833 1676 4888 eorum,
1711 4837 1814 4878 no-

157 4916 315 4972 mine
335 4912 542 4980 Osilia,
563 4912 740 4966 frater
771 4909 865 4966 ille
886 4925 1060 4981 quem
1090 4907 1229 4963 illuc
1259 4907 1533 4964 misimus
1551 4909 1817 4982 frequen-

155 5009 243 5059 ter
261 5021 299 5059 a
319 5001 620 5058 Gualterio
642 4999 713 5055 de
736 4997 933 5054 Alneto
963 4995 1210 5068 injurias
1230 5001 1286 5052 et
1309 4995 1524 5052 damna
1552 5000 1812 5070 pertulit,

155 5094 341 5150 donec
379 5090 607 5166 prefato
640 5085 933 5145 Gualterio
973 5085 1404 5160 quinquaginta
1433 5103 1812 5164 nummorum

224 5254 378 5326 (236)
411 5252 609 5326 Actum,
641 5259 720 5326 est
769 5250 869 5306 hoc
925 5249 993 5303 ab
1053 5247 1434 5326 incarnatch
1465 5251 1716 5326 “Domini
1745 5265 1816 5326 ΜΟ

156 5319 561 5392 ιὼγιάηηο,
589 5323 706 5380 ind.
732 5339 804 5391 Ix,
839 5336 984 5376 anno
1003 5336 1154 5375 xxw.
1183 5320 1341 5390 regni
1367 5319 1618 5392 Philippi
1648 5325 1812 5392 regis.

156 5397 296 5454 Cod.
321 5402 368 5450 Α
449 5399 570 5452 ent.

225 5412 602 5543 (237)1‘guper
627 5480 798 5543 voces
823 5462 1076 5543 Rhitippi
1102 5462 1265 5543 regis,
1292 5460 1578 5543 recentior
1607 5481 1818 5526 manus

158 5533 396 5614 scripsit
441 5533 698 5614 ιιιῖιέουίοί
725 5533 1468 5614 ΙξιηίρτίεὲπθέθίωΡβ-Ψὶδ
1491 5533 1570 5614 5'3
1601 5552 1818 5614 causa?

159 5604 297 5676 naui
325 5611 520 5694 liquet
546 5610 698 5672 hanc
727 5607 994 5668 chartam
1017 5621 1054 5666 a
1077 5604 1384 5666 Gausfrido
1416 5604 1460 5678 Ι,
1484 5604 1824 5677 Carnotcnsi

1924 4645 2272 4712 decembris,
2290 4661 2442 4700 anno
2464 4643 2659 4699 XXVII
2681 4643 2840 4714 regni
2865 4641 3117 4715 Philippi
3137 4641 3574 4716 regis(287),po-

1924 4737 2155 4808 sitaque
2185 4738 2273 4791 est
2302 4734 2374 4789 ab
2400 4733 2670 4806 episcopo
2700 4737 2998 4805 pretaxato
3031 4747 3207 4804 super
3235 4729 3414 4787 altare
3443 4749 3574 4788 san-

1923 4825 2000 4883 cti
2049 4825 2199 4880 Petri
2242 4823 2367 4878 VIII
2401 4821 2680 4879 kalendas
2738 4821 3030 4889 februarii,
3063 4820 3447 4893 praesentibus
3479 4819 3570 4877 his

1923 4930 2171 4988 quorum
2204 4911 2443 4967 nomina
2474 4910 2936 4984 subscripsimus
2969 4928 2981 4966 :
3017 4908 3293 4964 Hilduino
3323 4908 3568 4980 cantori,

1923 5005 2164 5076 Hugone
2196 5000 2556 5071 vicecomite,
2577 4999 2856 5056 Gauslino
2908 5000 2978 5056 de
3029 4997 3572 5072 Leugis,Niveloni,

1922 5093 2210 5165 Philippo,
2257 5088 2684 5157 Bartholomeo,
2715 5087 3035 5157 Willelmo,
3068 5089 3209 5146 olim
3257 5087 3571 5161 preposito,

1922 5253 2216 5327 episcopo,
2255 5250 2353 5324 qui
2409 5249 2554 5306 obiit
2585 5267 2637 5304 a.
2674 5251 2832 5321 1090,
2865 5254 2921 5305 et
2979 5251 3150 5322 cujus
3201 5249 3580 5376 ecpiscopatus

1925 5325 2192 5376 convenit
2211 5341 2344 5376 cum
2364 5339 2542 5376 regno
2562 5322 2811 5376 Philinni
2829 5325 3002 5376 regis.
3020 5323 3201 5376 fuisse
3262 5326 3443 5376 atam.
3461 5336 3580 5376 non

1925 5322 2192 5383 convenit
2205 5322 2344 5407 [cum
2364 5322 2811 5407 reug‘no'lt’hilippi
2829 5325 3002 5404 regis,
3020 5323 3201 5407 fuisse
3221 5322 3443 5407 datam,
3461 5336 3580 5407 non

1927 5402 2124 5454 autem
2146 5414 2180 5452 a
2202 5390 2515 5467 Gausfrido
2543 5393 2610 5460 II,
2635 5390 2805 5467 cujus
2826 5390 3200 5467 episcopatus
3225 5391 3460 5467 initium
3483 5390 3586 5446 ha-

1927 5471 2072 5546 bens
2104 5485 2158 5546 a:
2185 5467 2350 5546 1.115,
2367 5463 2723 5546 nullomodo'
2739 5463 2995 5546 incidere
3018 5463 3212 5546 potest
3238 5463 3297 5544 in
3319 5465 3592 5546 tempora

1929 5536 2228 5612 Eustachii
2262 5530 2514 5612 abbatis,
2541 5536 2610 5590 de
2631 5554 2760 5612 quo
2806 5537 2921 5612 hic
2945 5530 3161 5610 agitur,
3183 5533 3404 5612 quique
3431 5530 3594 5610 regi-

1934 5627 2069 5674 meu
2102 5609 2354 5674 abbatis
2383 5607 2679 5670 abdicavit
2709 5627 2762 5674 α.
2796 5607 2952 5671 1101.
