4010 6078
432 231 548 292 367

1261 235 1496 296 PAULI
1544 234 1608 294 S.
1655 233 1885 293 PETRI
1931 232 2469 293 CAllNOTENSIS
2516 232 2889 294 MONACHI.

3621 205 3632 218 ’
3711 230 3839 294 368-

428 363 709 422 Waﬂ'rido
738 363 1013 423 osculans
1041 365 1356 423 Aculonem
1386 369 1444 422 et
1474 364 1741 438 pluribus
1770 363 1920 433 aliis,
1949 367 2070 421 tam
2099 369 2155 438 Α
2188 363 2374 424 sancti
2404 364 2556 422 Petri
2585 363 2877 422 monachi.
2901 363 3008 422 Pro
3037 363 3147 422 hac
3176 363 3373 438 itaque
3401 378 3463 422 re
3493 381 3529 422 a
3553 363 3835 424 Gauﬁ‘ido

429 470 672 512 suorum
705 472 882 529 quam
914 460 1271 514 nostrorum.
1301 477 1328 507 »

937 545 1284 603 CAPITULU
1293 545 1346 601 M
1386 544 1603 601 XXVII.

951 636 1026 691 De
1052 636 1220 706 furno
1249 635 1550 691 Brucrolz’s.

1017 727 1182 797 (Ante
1211 741 1263 780 a.
1305 725 1484 792 l088.)

501 812 616 868 «In
651 813 887 868 nomine
918 818 1133 869 sanctae
1166 817 1223 869 et
1264 812 1576 868 individuis
1612 810 1936 878 Trinitatis,
1972 810 2076 866 Pa-

429 901 537 957 tris
570 905 625 957 et
654 901 782 957 Filii
812 906 868 958 et
897 901 1152 975 Spiritus
1177 902 1394 958 Sancti.
1421 901 1710 958 Omnibus
1739 905 1952 956 sanctae
1975 898 2078 955 Dei

431 989 700 1048 tecclesiae
731 989 1026 1058 ﬁdelibus,
1047 995 1169 1047 tam
1199 991 1502 1063 praesentis
1530 1007 1708 1064 quam
1739 989 1922 1046 futuri
1954 986 2077 1055 aevi,

431 1083 636 1135 notum
671 1095 798 1136 esse
837 1079 966 1136 volo
1011 1096 1116 1152 ego
1166 1080 1508 1149 Landricus,
1545 1079 1702 1135 ﬁlius
1749 1076 2077 1144 Gisleberti,

431 1185 552 1224 una
579 1185 711 1224 cum
738 1186 915 1226 uxore
945 1186 1076 1225 mea
1095 1169 1462 1242 Hildeburgi,
1483 1168 1618 1225 ﬁliis
1641 1173 1814 1240 atque
1845 1167 2080 1223 ﬁliabus

431 1257 756 1330 meis,quia
806 1259 1177 1315 medietatem
1209 1259 1366 1314 furni
1395 1257 1496 1330 qui
1529 1258 1678 1314 situs
1727 1262 1817 1314 est
1865 1257 1924 1336 in
1954 1256 2080 1312 vico

430 1346 1016 1420 Bruerolcnsi,quam
1049 1347 1188 1403 olim
1221 1348 1459 1420 quidem
1488 1346 1742 1402 Arualdo
1794 1345 2080 1402 monacho

430 1453 534 1508 pro
556 1435 706 1491 XXV
731 1437 936 1493 solidis
967 1453 1348 1493 nummorum
1379 1436 1867 1504 inwadiaveram;
1902 1451 2078 1502 nunc,

429 1524 694 1599 inquam,
734 1543 838 1599 pro
870 1526 1067 1583 anima
1099 1543 1229 1583 mea
1257 1530 1314 1582 et
1345 1531 1782 1582 antecessorum
1815 1541 2078 1580 meorum

434 1619 606 1687 atque
620 1632 1024 1673 successorum
1043 1616 1377 1687 animabus,
1392 1619 1684 1671 annuente
1698 1615 1935 1671 domino
1953 1629 2080 1668 meo

435 1703 674 1761 Warino
705 1705 775 1760 de
807 1705 940 1774 Islo,
965 1721 1032 1761 ex
1062 1705 1232 1777 cujus
1263 1704 1544 1761 beneﬁcio
1575 1703 1819 1760 eandem
1851 1706 2078 1776 partem
2107 1746 2157 1813 Β

439 1793 588 1813 ..ὼς
1269 1811 1278 1813 4
1371 1797 1412 1813 θλ
1456 1794 1700 1813 nun“-
1761 1792 1872 1813 ηις,
1935 1793 2054 1813 ,,,,,

435 1793 591 1850 furni
622 1799 818 1851 tenere
864 1794 1082 1864 videor,
1108 1811 1331 1850 necnon
1361 1797 1419 1850 et
1456 1794 1726 1868 Symone,
1760 1792 1880 1849 ﬁlio
1928 1793 2080 1864 ejus,

437 1887 638 1940 sancto
668 1883 852 1950 Petro,
877 1883 1271 1956 apostolorum
1305 1883 1577 1956 principi,
1601 1881 1849 1939 coenobii
1879 1882 2087 1938 Carno-

437 1965 642 2041 tensis,
657 1973 749 2028 cui
780 1977 990 2045 praeest
1013 1972 1366 2029 Eustachius
1396 1973 1600 2040 abbas,
1623 1975 1682 2028 et
1713 1976 1916 2028 sancto
1947 1971 2085 2027 Ger-

440 2078 613 2117 mano
635 2063 886 2118 concedo
905 2063 1041 2134 jure
1061 2065 1360 2134 perpetuo,
1384 2065 1449 2116 ut
1474 2061 1752 2126 habeant,
1776 2064 2013 2116 teneant
2031 2063 2090 2116 et

437 2151 796 2224 possideant,
812 2151 884 2208 ab
915 2151 1024 2207 hac
1054 2150 1146 2207 die
1166 2150 1226 2206 in
1249 2155 1441 2220 antea,
1466 2150 1592 2207 sine
1613 2148 1732 2206 ulla
1752 2149 2090 2222 calumpnia

506 2331 656 2401 (238)
690 2331 896 2388 Manca
925 2333 1016 2387 est
1044 2333 1221 2402 carta
1249 2329 1370 2398 illa,
1404 2330 1575 2402 cujus
1607 2329 1784 2385 ﬁnem
1817 2327 2088 2402 reperies

441 2401 500 2475 in
534 2407 709 2475 parte,
748 2403 817 2468 II,
851 2403 952 2458 lib.
985 2401 1075 2458 1V.
1111 2403 1174 2458 In
1204 2401 1313 2475 hoc
1353 2401 1487 2458 cod.
1516 2402 1578 2475 B,
1627 2401 1925 2468 librarius,
1957 2405 2092 2475 post

438 2473 614 2530 istam
665 2473 929 2546 chartam
978 2473 1416 2546 transcriptum,
1447 2473 1722 2545 paginam
1772 2473 2092 2546 complevit

439 2543 970 2618 subscriptionibus
1003 2545 1074 2600 ad
1116 2543 1291 2600 aliain
1323 2543 1590 2600 chartam
1641 2543 2087 2618 pertinentibus,

442 2633 568 2688 quin
601 2615 691 2673 sic
717 2617 1042 2672 habentur:
1066 2618 1138 2671 Hi
1163 2624 1292 2672 sunt
1320 2625 1476 2672 testes
1513 2632 1582 2671 ex
1621 2615 1759 2672 dono
1787 2615 2092 2671 molemlini

475 2705 601 2744 uem
644 2688 792 2744 dedit
838 2688 898 2746 G.
929 2689 1080 2760 ﬁlius
1111 2691 1181 2760 Ν.
1216 2689 1592 2760 εαμηοιοᾼΡεινο
1623 2707 1641 2742 :
1673 2689 1786 2759 ipse
1819 2687 1916 2754 6.;
1949 2688 2089 2744 Ade-

466 2761 583 2827 ina,
614 2776 757 2833 uxor
783 2758 936 2833 ejus;
965 2759 1281 2833 Agnalriczts
1309 2758 1604 2833 et_Sinton,
1637 2758 1745 2833 ﬁlii
1773 2760 1924 2833 ejus;
1955 2760 2090 2833 Phi-

445 2831 621 2906 lippa,
651 2831 774 2904 ﬁlia
805 2829 962 2904 ’ejus;
998 2831 1306 2888 Gualterius
1345 2829 1412 2886 de
1460 2829 1655 2901 Trotto’,
1687 2829 1998 2888 Gualterius
2027 2829 2092 2889 de

2183 454 2491 522 monacho,
2511 455 2866 528 praenomine
2881 454 3244 522 Wischardo,
3266 455 3308 510 L
3326 453 3544 512 solidos
3565 472 3834 513 nummo-

2184 559 2317 599 rum
2348 544 2573 616 accepi;
2607 548 2664 600 et
2693 561 2836 600 uxor
2865 559 3014 613 mea,
3049 543 3288 601 nomine
3317 542 3710 618 Hildeburgis,
3742 549 3835 602 te-

2185 632 2426 688 ristrum
2445 651 2628 690 unum
2645 635 2898 691 duorum
2916 633 3238 707 solidorum
3256 632 3478 706 ﬁliique
3497 633 3632 701 mei,
3647 635 3838 692 [snar-

2186 722 2299 777 dus
2328 726 2384 777 et
2413 722 2719 792 Radult‘us,
2744 722 2962 796 singuli
2993 721 3260 795 singulas
3280 721 3576 795 crepidas;
3611 737 3838 780 necnon

2187 815 2244 866 et
2273 809 2393 866 ﬁlia
2418 827 2549 867 mea
2567 809 3023 885 Adclina,quafn
3047 810 3181 867 dedi
3211 810 3494 867 Rainaldo
3522 811 3716 880 militi,
3743 809 3842 870 cui

2187 900 2364 955 etiam
2397 901 2737 972 pradictam
2795 900 2950 957 furni
2993 905 3216 975 partem
3273 901 3842 968 dederam,anulum

2189 1005 2462 1058 aureum;
2485 990 2759 1046 Warinus
2779 991 3300 1063 quoque,domnus
3323 1005 3514 1058 meux,
3529 989 3575 1046 X
3595 989 3838 1058 solidos,

2189 1082 2246 1132 et
2273 1076 2430 1133 ﬁlius
2461 1079 2590 1150 ejus
2638 1081 3028 1136 tantumdem.
3066 1080 3178 1135 llas
3215 1083 3411 1135 autem
3459 1077 3682 1136 litteras
3713 1079 3842 1137 ﬁeri

2186 1166 2341 1223 volui
2373 1168 2444 1222 ad
2476 1168 2818 1224 memoriam
2857 1173 3253 1242 posterorum;
3285 1171 3461 1240 atque
3507 1167 3708 1225 Dro'cis
3736 1186 3842 1226 ca-

2189 1260 2310 1312 stro
2335 1255 2463 1312 VIII
2495 1257 2776 1314 kalendas
2806 1257 3009 1330 aprilis
3040 1257 3274 1331 publice
3293 1257 3720 1314 corroborando
3752 1277 3846 1317 as-

2188 1344 2462 1418 tipulavi;
2499 1350 2583 1413 ut,
2617 1346 2666 1402 si
2698 1347 2830 1420 quis
2855 1364 3115 1420 unquam
3144 1347 3427 1403 heredum
3450 1362 3716 1405 meorum
3745 1348 3846 1408 his

2190 1435 2590 1491 contradicere
2620 1441 2864 1493 conatus
2895 1437 3088 1507 fuerit,
3123 1440 3367 1509 cogatur
3396 1436 3560 1509 prius
3587 1437 3728 1495 ﬁsco
3761 1455 3847 1496 re.

2191 1523 2281 1597 gis
2313 1525 2439 1580 auri
2470 1524 2649 1581 libras
2677 1525 3004 1598 persolvere
3033 1525 3194 1595 XXX,
3223 1525 3412 1581 denuo
3441 1531 3686 1584 conatus
3713 1530 3848 1602 ejus

2191 1611 2462 1669 inefﬁcax
2492 1621 2861 1686 permaneat;
2890 1619 2948 1672 et
2989 1615 3039 1672 si
3081 1617 3344 1684 pertinax
3382 1617 3579 1686 fuerit,
3612 1636 3852 1678 excom-

2194 1702 2612 1760 municationis
2679 1704 2888 1762 baculo
2955 1705 3218 1775 feriatur,
3277 1710 3462 1766 donec
3519 1709 3854 1784 resipiscat,

2195 1792 2430 1864 Nosque
2488 1796 2546 1849 et
2603 1798 2876 1866 parentes
2933 1796 3141 1864 nostri,
3191 1814 3325 1854 cum
3375 1799 3592 1856 domno
3651 1805 3856 1860 nostro

2197 1881 2473 1948 Guarino,
2497 1899 2601 1955 pro
2631 1883 2740 1939 hoc
2763 1883 2938 1952 facto,
2956 1885 3205 1942 fratrum
3229 1887 3593 1946 orationibus
3617 1906 3860 1964 semper

2199 1970 2311 2026 frui
2343 1987 2691 2028 mereamur.
2717 1973 2918 2030 Testes
2950 1973 3132 2045 hujus
3162 1975 3242 2032 rei
3273 1977 3451 2034 etiam
3483 1979 3856 2042 subscribere

2197 2060 2556 2117 curavimus.
2592 2062 2651 2118 S.
2685 2062 2884 2118 domni
2929 2064 3174 2138 llugoni.
3210 2066 3268 2123 S.
3301 2066 3609 2125 Gisleberti
3639 2070 3711 2126 de
3751 2069 3855 2129 Ti-

2196 2148 2370 2206 lerias
2400 2151 2568 2224 (238).
2595 2173 2622 2201 »

2197 2330 2446 2401 ﬂos-iace,
2493 2330 2622 2387 Urso
2674 2330 2740 2386 de
2797 2332 3063 2389 Tinniaco
3097 2333 3261 2401 Valle,
3321 2335 3738 2394 Erchenbaldus
3783 2337 3855 2396 de

2200 2400 2694 2476 geremari__lfilla,
2726 2403 2995 2476 Radulfus
3038 2404 3104 2460 de
3156 2400 3425 2476 Sibrt’aco,
3457 2413 3753 2466 Bernerius
3781 2411 3855 2468 de

2197 2473 2448 2547 Ebriaco,
2478 2471 2615 2547 Milo
2638 2471 2924 2545 presbiter,
2955 2475 3228 2533 Emaldus
3268 2471 3453 2547 abbas,
3483 2481 3755 2538 Iohannes
3783 2482 3856 2539 de

2196 2545 2478 2610 Sulz’ciolo,
2513 2545 2888 2602 Raimbaldus.
2921 2548 3004 2602 Ea:
3039 2551 3240 2604 nostris
3275 2565 3288 2604 :
3323 2545 3667 2609 Marcoardus
3695 2571 3852 2611 ares-

2201 2617 2374 2692 bz'ter_;
2407 2617 2692 2692 Algert’us,
2721 2621 2896 2690 frater
2930 2620 3079 2691 ejus,-
3111 2621 3269 2687 Bodo,
3302 2622 3614 2692 Richerius,
3637 2617 3855 2681 Adveno

2199 2695 2326 2772 {asa
2337 2689 2696 2772 haematitis,-
2708 2689 3090 2772 _'Berengerius
3110 2699 3162 2750 et
3177 2694 3476 2764 Iohannes,
3506 2689 3680 2768 frater
3696 2699 3816 2772 ejus
3828 2717 3854 2767 δ

2196 2759 2569 2828 Herlebaldus,
2601 2759 3020 2820 Richardus.....

1248 3155 1940 3245 EPITAPHIUM
2000 3157 2541 3246 LANDRICI
2596 3159 3045 3250 ABBATIS

1589 3311 1834 3364 Auctore.
1865 3314 1925 3363 ut
1951 3307 2186 3376 videtur,
2217 3307 2409 3366 PAULO
2437 3309 2700 3368 monacho

995 3428 1284 3508 (Manno,
1317 3431 1553 3488 Annales
1582 3430 1796 3488 ordinis
1824 3431 1882 3490 S.
1913 3431 2211 3500 Benedicti,
2243 3436 2386 3490 tom.
2418 3432 2512 3501 IV,
2542 3433 2646 3492 lib.
2681 3451 2812 3507 an,
2845 3453 2903 3494 n.
2935 3437 3026 3507 83,
3048 3455 3106 3514 p.
3137 3440 3290 3513 668.)

1940 3575 2338 3590 *—

1252 3703 1378 3759 Huc
1409 3701 1646 3758 ﬂectens
1677 3697 1878 3758 oculos
1907 3700 2151 3774 paulum
2184 3702 2461 3771 subsiste,
2494 3703 2697 3776 viator,

1324 3791 1609 3864 Disceque
1639 3791 1772 3864 quis
1804 3790 1996 3860 fuerit,
2031 3807 2204 3863 quem
2235 3791 2501 3848 tumulus
2531 3793 2675 3866 tegit
2703 3792 2818 3850 hic.

1251 3882 1381 3938 Haec
1411 3897 1624 3953 corpus
1655 3895 1832 3953 parva
1862 3879 2135 3936 Landrici
2167 3879 2425 3937 continet
2455 3898 2622 3951 urna,

1320 3966 1516 4026 Nostri
1543 3967 1797 4041 pastoris
1826 3971 1884 4024 et
1915 3966 2102 4024 Patris
2130 3966 2347 4024 eximii.

1248 4059 1451 4116 Vivere
1478 4059 1622 4114 dum
1653 4056 1859 4130 quivit,
1892 4057 2186 4129 subjectos
2217 4057 2317 4130 qui
2349 4058 2494 4114 bene
2525 4058 2688 4129 rexit,

1318 4149 1642 4204 Ostendens
1671 4146 1860 4213 factis,
1882 4146 2033 4218 quod
2070 4146 2269 4202 docuit
2298 4147 2558 4203 monitis.

1248 4237 1488 4296 Mitibus
1517 4235 1739 4293 exstitit
1764 4235 1858 4292 hic
1887 4235 2162 4305 clemens,
2197 4235 2331 4309 pius
2360 4241 2533 4310 atque
2563 4237 2885 4313 benignus;

1317 4326 1554 4382 Inflatos
1585 4341 1886 4397 spernens,
1923 4324 2150 4381 fortiter
2178 4324 2287 4381 hos
2316 4327 2663 4399 reprimens.

1247 4416 1348 4471 Vir
1378 4415 1569 4472 bonus
1600 4419 1655 4470 et
1687 4414 1944 4487 prudens
1976 4414 2048 4469 ad
2080 4415 2363 4487 grandem
2394 4415 2545 4471 vexit
2572 4415 2854 4473 honorem

1317 4503 1478 4559 Hanc
1509 4501 1621 4559 sibi
1653 4501 2031 4558 commissam
2062 4501 2318 4576 dig-imiter
2345 4503 2666 4561 Ecclesiam
2700 4523 2714 4562 :

1247 4594 1360 4649 Ter
1387 4591 1554 4647 denis
1584 4593 1640 4647 et
1669 4594 1758 4646 ter
1786 4589 1942 4646 binis
1971 4590 2063 4646 cui
2095 4591 2325 4664 praefuit
2355 4593 2545 4649 annis.

1221 4673 1228 4678 ’
1319 4681 1482 4737 Tunc
1513 4683 1688 4752 caput
1717 4678 1924 4735 extulit
1953 4678 2096 4747 hazc,
2129 4683 2263 4752 post
2291 4681 2504 4738 similis
2533 4681 2740 4742 viduae.

1242 4767 1394 4826 Exiit
1423 4767 1517 4824 hic
1546 4767 1868 4836 hominem,
1901 4774 2142 4826 sanctus
2170 4769 2326 4826 sicut
2357 4770 2668 4830 Leobinus.

1318 4855 1502 4930 Cujus
1533 4857 1688 4914 Mars
1718 4857 1932 4913 festum
1964 4863 2254 4914 monstrat
2283 4860 2487 4916 adesse
2517 4861 2694 4918 diem.

1246 4947 1360 5005 Pax
1389 4946 1496 5003 tibi
1527 4947 1622 5014 sit,
1659 4947 1941 5004 Landrice
1975 4947 2160 5017 Pater,
2195 4948 2541 5023 requiesque
2571 4954 2843 5025 perennis
2876 4971 2890 5012 :

1314 5035 1552 5094 Cunctis
1581 5052 1716 5094 cum
1745 5035 1966 5096 sanctis
1996 5037 2214 5109 gaudia
2233 5037 2360 5109 jam
2395 5039 2499 5096 tibi
2531 5039 2668 5099 sint.
2698 5044 2904 5101 Amen.
