3968 6080
364 301 481 367 θθῐ
1391 301 1811 363 GODEFRIDI
1861 301 2444 365 HIEROSOLYMJE
2488 305 2744 370 REGIS.
3641 308 3764 369 392

369 438 543 510 digno
572 434 816 492 subiret.
845 433 994 503 Quid
1027 432 1247 506 plura?
1274 434 1446 490 modo
1477 436 1805 489 revrtamur
1833 433 1904 488 ad
1941 449 2008 488 ea
2038 432 2090 500 Α
2121 451 2182 490 se
2212 439 2268 490 et
2296 453 2500 494 omnes
2529 455 2676 510 quos
2702 439 3019 512 adjungere
3038 437 3267 512 poterit,
3282 438 3646 496 Christianos
3665 438 3765 498 fu-

369 526 584 599 quibus
617 524 868 580 maximo
898 523 1110 598 gaudio
1139 522 1554 595 vestrarepleri
1576 522 1787 578 debent
1811 522 2007 589 corda,
2120 527 2281 580 turos
2331 527 2663 599 spopondit.
2716 528 2881 584 Unde
2926 545 3029 584 vos
3083 528 3250 584 valde
3317 543 3646 601 precamur,
3698 533 3766 584 ut

368 616 430 671 In
463 615 577 670 ﬁne
606 631 738 670 vero
771 613 991 670 mensis
1017 611 1172 668 Maui
1204 612 1470 684 praelium
1504 627 1636 666 cum
1670 609 1856 666 Tircis
1884 610 2007 666 ﬁeri
2119 611 2251 668 inde
2257 614 2586 686 jejunia,ac
2603 615 3002 689 eleemosynas
3025 617 3354 690 missasque
3370 617 3605 674 assidue
3625 634 3762 673 cum

365 701 933 762 stabilivimus.lllos
964 707 1159 757 autem
1192 701 1307 756 Deo
1338 699 1563 773 gratias
1595 699 2007 756 devicimusEx
2116 700 2419 760 devotione
2454 704 2698 761 faciatis.
2733 703 3074 777 Specialiter
3103 708 3299 760 autem
3335 704 3572 760 tertium
3603 703 3761 760 diem

366 790 483 850 illis
515 796 710 850 autem
743 790 943 865 procul
975 789 1151 846 dubio
1182 789 1241 845 in
1285 788 1413 861 ipso
1439 788 1636 860 praelio
1664 806 1774 844 xxx
1823 787 2007 844 millia
2115 795 2250 846 ante
2283 791 2496 847 festum
2523 793 2622 864 qui
2646 793 3214 861 estdiesVeneris,in
3230 793 3763 866 quotriumpbante

367 887 600 939 mortua
629 886 786 948 sunt,
807 897 876 936 ex
903 879 1120 935 nostris
1150 895 1282 934 vero
1311 877 1424 933 tria
1455 877 1638 932 millia
1665 876 1726 932 in
1749 895 1888 949 pace
1904 878 2003 932 de-

364 972 566 1027 functa
581 975 741 1038 suut,
758 969 855 1042 qui
881 968 1008 1025 sine
1033 966 1394 1023 dubitatione
1411 965 1532 1022 ulla
1547 967 1662 1022 vita
1680 965 2005 1038 gloriantur

362 1066 595 1117 aeterna.
625 1059 710 1115 lbi
741 1061 895 1115 certe
925 1056 1478 1112 innunmerabiliter
1502 1055 1731 1128 copiam
1778 1055 1906 1111 auri
1947 1059 2004 1110 et

361 1148 583 1224 argenti
616 1152 788 1220 atque
819 1145 1205 1220 pretiosarum
1235 1145 1505 1211 vestium,
1538 1161 1644 1201 nec
1675 1161 1789 1200 non
1823 1149 1880 1200 et
1908 1162 2001 1200 ar-

361 1253 592 1296 morum
623 1253 829 1294 omnes
858 1252 965 1292 nos
996 1233 2000 1307 recuperavimus.Nicaaam.quoque

359 1326 654 1402 ingentem
688 1325 978 1382 civitatem
1007 1322 1221 1380 virtute
1251 1323 1383 1379 forti
1424 1322 2005 1395 comprehendimus,‘

357 1423 412 1474 et
442 1416 594 1473 ultra
623 1431 752 1472 eam
782 1419 975 1470 castra
1003 1417 1060 1469 et
1075 1412 1426 1474 civitates,et
1457 1429 1559 1484 per
1579 1413 1778 1467 decem
1811 1411 1998 1467 dictas

354 1504 796 1578 acquisivimus.
821 1503 1024 1558 Postea
1045 1502 1198 1575 apud
1227 1501 1593 1557 Antiochiam
1625 1500 1843 1556 bellum
1867 1517 1995 1555 ma-

354 1612 535 1670 gnum
570 1594 816 1650 fecimus
861 1593 1014 1665 quod
1071 1590 1324 1646 multum
1369 1589 1612 1646 viriliter
1651 1589 1992 1656 devicimus,

353 1686 497 1742 adeo
529 1684 682 1758 quod
732 1700 801 1738 ex
830 1681 913 1738 eis
943 1680 1243 1754 sexaginta
1268 1684 1324 1735 et
1347 1695 1553 1734 novem
1585 1677 1773 1734 millia
1803 1679 1996 1734 occisa

352 1779 510 1841 sunt,
525 1790 593 1830 ex
623 1771 840 1828 nostris
870 1787 1002 1826 vero
1032 1770 1232 1825 decem
1264 1767 1450 1823 millia
1479 1767 1539 1822 in
1558 1783 1700 1838 pace
1721 1767 1994 1822 defuncta

352 1868 510 1922 sunt.
545 1861 685 1930 Quis
716 1860 832 1918 tale
862 1856 1145 1933 gaudium
1174 1857 1355 1913 vidit?
1385 1857 1510 1913 Sive
1549 1856 1704 1913 enim
1732 1858 1987 1925 vivimus,

349 1955 466 2011 sive
490 1953 779 2018 morimur,
811 1951 1033 2006 Domini
1059 1965 1247 2004 sumus
1277 1948 1449 2020 (Rom.
1481 1964 1593 2011 xw,
1629 1948 1705 2014 8).
1737 1947 1823 2001 Ad
1871 1947 1992 2002 haec

350 2060 454 2115 pro
485 2047 639 2097 certo
669 2039 872 2096 sciatis
901 2055 1096 2111 regem
1128 2037 1436 2093 Persarum
1471 2036 1528 2090 in
1560 2035 1820 2091 festivate
1851 2035 1992 2090 Om-

351 2131 515 2186 nium
531 2130 877 2186 Sanctorum
896 2126 1064 2182 nobis
1081 2125 1346 2198 praalium
1364 2141 1425 2180 se
1444 2128 1816 2196 peracturum
1835 2141 1994 2179 man-

349 2221 540 2288 dasse,
573 2235 839 2274 asserens
871 2216 1025 2288 quod
1075 2214 1125 2271 si
1177 2232 1283 2270 nos
1331 2213 1621 2280 devicerit,
1657 2211 1991 2268 nullatenus

351 2325 484 2364 cum
519 2323 650 2380 rege
677 2304 1001 2376 Babyloniae
1031 2308 1085 2359 et
1117 2303 1246 2360 aliis
1270 2301 1537 2376 pluribus
1557 2301 1790 2375 regibus
1812 2319 1992 2374 paga—

354 2398 446 2454 nis
478 2415 654 2470 super
683 2393 1045 2450 Cbristianos
1073 2392 1350 2448 cessabit.
1387 2391 1559 2446 Porro
1573 2392 1620 2447 si
1656 2391 1989 2463 perdiderit,

418 2539 532 2611 (69)
563 2539 618 2594 Is
650 2541 775 2594 erat
805 2537 861 2592 S.
899 2534 1083 2609 Hugo,
1117 2535 1217 2607 qui
1243 2551 1442 2611 ‘anno
1464 2533 1622 2611 408-1,
1653 2533 1992 2611 {Gregorio

347 2605 500 2691 papa
529 2611 631 2691 V_lI
664 2605 1060 2691 consecratus,
1087 2605 1290 2691 paucis
1321 2610 1453 2691 post
1483 2605 1744 2691 annis
1771 2605 1992 2691 lli-uno-

346 2676 482 2740 nefn
541 2684 786 2754 ejusque
835 2681 1023 2736 socios
1070 2676 1523 2750 excepitfatquc
1555 2677 1639 2732 eis
1668 2676 1990 2732 Carthusize

2111 878 2340 936 Christo
2373 881 2637 952 praelium
2663 886 2927 954 potenter
2947 882 3312 939 csmmissuri
3333 899 3539 938 sumus
3555 884 3761 940 devote

2110 983 2245 1023 cum
2276 967 2661 1042 eleemosynis
2688 974 2745 1025 et
2773 969 3137 1027 orationibus
3167 970 3501 1027 observetis.

2181 1057 2299 1129 Ego
2328 1057 2900 1129 Gratianopolitanus
2917 1059 3028 1128 (69)
3052 1058 3359 1131 episcopus
3376 1059 3482 1116 bas
3499 1059 3758 1116 littcrras

2111 1145 2252 1200 mihi
2279 1144 2482 1202 allatas
2501 1146 2962 1219 GratianOpolim
2975 1147 3138 1204 vobis
3156 1153 3370 1204 sanctas
3393 1147 3756 1206 Turonensis

2107 1233 2375 1290 Ecclesia:
2424 1234 2858 1308 archiepiscopo
2905 1239 2961 1292 et
3008 1237 3305 1294 canonicis
3335 1237 3524 1307 mitto,
3554 1243 3617 1292 ut
3651 1252 3758 1310 per

2105 1339 2208 1378 vos
2228 1324 2504 1380 omnibus
2526 1324 2626 1396 qui
2644 1325 2715 1379 ad
2735 1324 2950 1380 festum
2967 1325 3343 1382 convenerint
3358 1325 3750 1398 innotescant,

2106 1415 2162 1468 et
2193 1429 2296 1484 per
2319 1429 2417 1468 eos
2448 1413 2692 1468 diversis
2721 1413 2986 1484 partibus
3017 1415 3179 1471 orbis
3209 1415 3282 1470 ad
3313 1431 3460 1487 quas
3504 1415 3750 1472 redituri

2105 1504 2263 1569 sunt,
2296 1501 2394 1556 alii
2424 1517 2622 1559 eorum
2648 1502 2827 1573 justis
2858 1502 3258 1574 petitionibus,
3294 1503 3654 1560 orationibus
3691 1508 3750 1561 et

2103 1589 2486 1662 eleemosynis
2518 1589 2887 1658 subvenient,
2903 1590 3001 1646 alii
3033 1608 3164 1648 vero
3185 1609 3319 1648 cum
3343 1592 3521 1649 armis
3543 1609 3746 1650 accur-

2103 1691 2234 1735 rere
2258 1679 2553 1737 festinent.

2711 1769 3019 1827 EPITOLA
3055 1769 3123 1826 V.

2101 1891 2410 1932 DAIMBSRTI
2451 1891 2640 1933 PISANI
2678 1894 3124 1945 ARCHIEPISCOPI,
3147 1894 3440 1934 GODEPBIDI
3479 1893 3744 1935 BULLONII

2171 1966 2238 2003 ET
2305 1965 2587 2004 RAIMUNDI
2647 1965 2872 2006 COMITIS
2923 1965 2973 2006 S.
3031 1967 3222 2005 EGIDII
3286 1967 3354 2005 AD
3423 1967 3740 2007 PASCHALEM

2171 2035 2366 2075 ΡΔΡΛΜ.

2721 2109 2913 2177 (Anno
2945 2109 3128 2182 1100.)

2145 2215 2220 2270 De
2247 2215 2495 2270 victoriis
2525 2214 2591 2268 ab
2619 2216 2862 2271 exercitu
2889 2215 3202 2298 Christiano
3243 2217 3302 2271 in
3333 2223 3478 2272 terra
3507 2223 3692 2272 sancta

2766 2295 3070 2358 reportatis.

2423 2392 2591 2462 (Vide
2623 2393 2678 2446 in
2713 2393 2977 2449 Paschali
3009 2394 3080 2449 ad
3114 2410 3210 2449 an.
3245 2395 3426 2467 1118.)

2103 2534 2476 2608 solitudinem,
2508 2535 2577 2608 ad
2598 2552 2816 2608 novum
2837 2536 2961 2590 vitae
2985 2553 3169 2608 genus
3189 2536 3612 2592 instituendum
3635 2536 3748 2608 ibi-

2102 2607 2232 2661 dem
2267 2607 2578 2661 commisit.
2598 2606 2843 2662 Przeerat
2872 2606 3010 2663 vero
3034 2613 3172 2662 tunc
3205 2608 3526 2664 Turonensi
3553 2607 3746 2663 Eccle-

2105 2678 2201 2732 siae
2234 2677 2581 2749 Radulphus
2613 2682 2683 2732 ll.

1284 2879 2212 2983 GODEPRIDI
2297 2877 2802 2984 REGIS

1033 3051 1471 3142 CONCIO
1544 3053 1686 3139 AD
1761 3051 2219 3142 MILITES
2295 3052 3046 3143 CHRISTIANOS

1128 3187 1190 3245 Ut
1215 3187 1474 3258 pristinae
1502 3185 1723 3240 virtutis
1750 3200 2011 3240 memores
2039 3184 2313 3240 obsidioni
2341 3185 2643 3244 Antiochiae
2681 3187 2958 3242 insistant.

1598 3295 1920 3364 (WILLELM.
1955 3293 2121 3359 Tvn.,
2153 3291 2191 3348 l.
2223 3310 2278 3361 v,
2314 3310 2372 3347 n.
2405 3293 2480 3365 5).

1825 3415 2226 3429 *-

409 3491 470 3548 Si
500 3491 600 3561 ita,
642 3495 709 3547 ut
739 3490 908 3547 nobis
938 3488 1276 3545 nuntiatum
1300 3493 1408 3557 est,
1453 3487 1705 3559 peccatis
1755 3489 1976 3545 nostris
2007 3491 2049 3557 C
2087 3489 2286 3545 hostes
2316 3489 2385 3544 de
2416 3488 2685 3561 praesenti
2708 3487 3140 3562 aliquantulum
3164 3487 3298 3544 elati
3326 3487 3590 3554 victoria,
3621 3485 3729 3543 im-

336 3579 721 3654 exigentibus,
739 3579 984 3635 Domino
1010 3578 1400 3652 permittente,
1417 3577 1488 3632 de
1505 3577 1759 3632 dominis
1782 3583 1837 3633 et
1861 3579 1980 3634 fra-

335 3668 526 3724 trlbus
557 3667 776 3724 nostris
805 3667 1005 3723 hostes
1055 3665 1310 3722 nominis
1359 3671 1416 3721 et
1459 3665 1590 3721 ﬁdei
1641 3665 1979 3721 Christianae

339 3756 869 3830 triumphaverunt,
905 3755 1049 3811 nihil
1100 3754 1256 3810 aliud
1305 3759 1521 3810 restare
1552 3754 1736 3822 video,
1768 3755 1876 3809 viri
1905 3754 1980 3809 i1-

334 3845 570 3913 lustres,
587 3862 763 3919 quam
797 3850 1010 3901 utcnm
1035 3844 1118 3900 eis
1139 3842 1480 3910 moriamur,
1496 3848 1596 3898 aut
1617 3849 1840 3899 tantam
1865 3844 1980 3899 Do-

335 3934 494 3990 mino
538 3935 679 3991 Jesu
727 3933 955 3991 Christo
1005 3932 1229 3989 illatam
1278 3931 1636 3988 ulciscamur
1676 3933 1976 4004 injuriam.

337 4023 502 4091 Mihi,
530 4012 764 4091 credite,
801 4023 940 4095 quia
989 4038 1094 4078 nec
1143 4021 1279 4091 vita,
1314 4037 1419 4078 nec
1469 4021 1628 4077 salus
1661 4027 1865 4089 morte,
1892 4020 1981 4076 vel

333 4112 595 4184 quolibet
624 4112 987 4186 aegritudinis
1018 4125 1250 4184 genere,
1284 4111 1515 4166 charior
1543 4115 1652 4179 est,
1684 4109 1734 4165 si
1782 4114 1980 4166 tanto-

333 4205 464 4258 rUm
489 4200 821 4274 principum
852 4201 1097 4275 sanguis
1128 4201 1368 4272 impune
1398 4201 1620 4255 etl‘usus
1674 4203 1762 4254 est
1808 4215 1984 4271 super

329 4295 544 4347 terram
571 4307 585 4358 ;
620 4295 724 4346 aut
753 4295 916 4346 tanta
948 4295 1058 4346 Deo
1090 4289 1279 4346 devoti
1312 4287 1509 4361 populi
1541 4293 1766 4361 strages
1798 4293 1986 4344 matu-

332 4395 457 4438 ram
489 4395 606 4436 non
640 4378 925 4435 invenerit
954 4376 1514 4434 ultionem.Videtur
1533 4392 1637 4449 ego
1665 4376 1807 4431 mihi
1827 4377 1980 4448 quod

2089 3575 2436 3648 prudentius
2469 3591 2531 3631 se
2562 3575 2864 3632 habebunt
2890 3593 2902 3644 ;
2937 3582 2993 3632 et
3023 3577 3092 3632 de
3124 3593 3232 3632 sua
3268 3577 3481 3632 virtute
3513 3592 3739 3648 praesu-

2092 3669 2336 3731 mentes,
2372 3681 2474 3736 per
2503 3681 2610 3720 nos
2636 3667 2707 3720 ad
2742 3666 2944 3720 urbem
2977 3665 3189 3733 redire,
3218 3667 3474 3738 praedam
3505 3671 3563 3721 et
3611 3682 3736 3720 ma-

2091 3753 2300 3809 nubias
2329 3753 2542 3809 inferre
2573 3771 2688 3810 non
2719 3755 3090 3810 verebuntur.
3112 3755 3226 3810 Nos
3258 3771 3414 3827 ergo,
3435 3753 3483 3810 si
3515 3760 3733 3820 tamen,

2090 3843 2172 3898 ita
2199 3842 2362 3898 vobis
2391 3842 2752 3910 videtur,hic
2784 3843 2971 3898 simus
3003 3842 3225 3916 parati;
3263 3847 3319 3899 et
3332 3844 3556 3914 justam
3588 3859 3736 3898 cau-

2091 3948 2217 3989 sam
2249 3931 2614 3997 foventes,de
2643 3930 2962 3988 obtinenda
2989 3930 3250 3999 victoria,
3281 3931 3340 3986 in
3372 3948 3437 3987 eo
3465 3931 3556 3986 cui
3583 3930 3736 3986 mili-

2090 4024 2213 4075 tare
2243 4037 2349 4074 nos
2380 4019 2697 4091 credimus,
2713 4037 2877 4092 spem
2910 4025 3127 4076 certam
3158 4019 3480 4076 habeamus
3507 4035 3520 4073 :
3547 4024 3602 4076 et
3626 4019 3734 4074 ho-

2091 4113 2235 4177 stes,
2267 4109 2318 4165 si
2350 4126 2454 4181 per
2482 4125 2589 4164 nos
2619 4109 2807 4164 redire
2836 4108 3142 4176 voluerint,
3177 4109 3235 4163 in
3268 4126 3364 4164 ore
3395 4107 3594 4182 gladii,
3627 4109 3734 4164 ho-

2091 4197 2272 4254 stium
2297 4214 2455 4253 more
2479 4198 3135 4271 suscipiamus,injurize
3160 4214 3446 4254 memores
3470 4197 3738 4265 illatze,et

2093 4304 2126 4342 a
2157 4287 2415 4360 paternis
2443 4287 2758 4344 virtutibus
2788 4304 2904 4342 non
2937 4287 3268 4358 degeneres.

1270 4571 2210 4692 GODBPRIDI,
2289 4572 2792 4676 REGIS

1684 4741 2370 4832 DIPLOMATA.

1922 4882 2136 4894 *-

329 4963 670 5032 Praeceptum
703 4955 981 5032 Gode[ridi
1007 4955 1160 5032 ducis
1185 4969 1285 5032 pro
1309 4953 1444 5009 cella
1475 4952 1973 5032 Satanacensij70)
2005 4958 2046 5024 ρ
2085 4960 2141 5012 et
2172 4954 2320 5022 Filii,
2355 4959 2411 5009 et
2440 4953 2692 5026 Spiritus
2723 4953 2928 5010 sancti.
2964 4955 3353 5026 Gonsramus,
3373 4955 3569 5014 divina
3588 4977 3729 5032 pro-

403 5025 788 5086 ——-Ecclesiam
830 5025 887 5084 S.
945 5025 1243 5096 Dagoberti
1290 5026 1572 5096 martyris,
1622 5025 1765 5096 apud
1813 5025 1973 5082 Sata-

401 5104 600 5160 nacum
617 5102 778 5156 sitam
807 5106 858 5154 et
885 5100 951 5153 ab
979 5098 1208 5169 Amulfo
1239 5098 1432 5154 comite
1478 5103 1809 5170 occupatam,
1845 5097 1973 5154 Gor-

402 5175 683 5232 ziensibus
711 5169 988 5227 monachis
1018 5170 1276 5226 restituit.

943 5274 1130 5344 (Anno
1165 5273 1354 5342 1093).

663 5367 962 5458 (Massam,
994 5378 1216 5450 Anecd.,
1251 5382 1292 5436 t.
1325 5383 1371 5433 Ι.
1401 5395 1460 5451 p.
1495 5379 1639 5449 162).

404 5494 473 5549 In
485 5489 722 5550 nomine
737 5492 953 5548 sanctae
967 5491 1025 5547 et
1039 5484 1409 5545 iudivividuaa
1431 5485 1751 5558 Trinitatis,
1767 5487 1977 5561 Patris,

404 5589 520 5669 (τυ)
549 5588 762 5651 me.

2085 5042 2332 5116 pitiante
2361 5041 2569 5114 gratia,
2604 5040 2721 5096 dux
2749 5045 2806 5097 et
2836 5043 3118 5099 marcbio.

2155 5132 2185 5188 J
2195 5136 2393 5187 ustum
2423 5134 2482 5186 et
2511 5129 2651 5185 utile
2681 5130 2852 5187 nobis
2880 5147 3009 5188 esse
3056 5133 3208 5190 scire
3254 5137 3312 5190 et
3358 5135 3731 5195 considerem

2087 5221 2370 5277 debemus
2403 5235 2416 5273 :
2449 5223 2534 5285 ut,
2567 5218 2846 5290 quoniam
2897 5220 3192 5279 saecularis
3240 5223 3465 5280 militiae
3512 5225 3731 5299 negotii

2087 5309 2351 5382 occupati
2384 5307 2599 5364 diainis
2651 5307 2974 5377 intendere,
3005 5316 3180 5383 prout
3227 5313 3478 5386 expedit,
3509 5331 3732 5388 nequa-

2088 5415 2266 5471 quam
2314 5396 2598 5468 valemus,
2629 5396 2839 5454 saltem
2884 5398 2999 5455 Deo
3050 5403 3107 5455 et
3148 5403 3368 5459 sanctis
3398 5403 3736 5476 pecularius

2087 5488 2148 5544 in
2175 5485 2548 5546 monasteriis
2577 5487 2694 5546 Deo
2725 5487 3114 5547 servientibus
3129 5490 3445 5551 consilium
3461 5497 3740 5552 nostrum
