4010 6078
1657 197 2141 276 ΠΙΒΙΑΩΜᾼΤΑο

3481 205 3604 284 39.4.

173 340 232 391 et
261 333 556 390 auxilium
577 331 935 400 exhibentes,
958 348 1062 404 per
1083 331 1192 392 hoc
1213 332 1608 390 beneﬁcentia;
1636 349 1838 400 eorum
1953 331 2164 400 ciente,
2219 331 2513 390 laudasse.
2545 333 2663 397 Hac
2719 333 2848 406 ejus
2902 333 3266 418 confessione
3309 339 3602 410 percepta,

174 423 525 496 pariterque
571 421 878 486 mercedis,
911 421 1038 494 ipso
1081 421 1195 476 Deo
1225 421 1496 489 donante,
1532 421 1845 495 participes

172 513 432 568 existere
446 511 767 568 valeamus.
784 510 947 566 Unde
970 515 1173 566 notum
1200 511 1610 567 essevolumus
1631 516 1842 566 sanctae

171 600 536 656 universalis
550 599 815 658 Ecclesiae
831 599 972 654 ﬁliis
986 599 1277 668 ﬁdelibus,
1291 604 1410 654 tam
1431 600 1643 654 futuris
1666 617 1843 672 quam

169 688 763 762 praesentibus,quia
787 689 906 743 dux
935 688 1285 744 Godefridus
1329 705 1472 744 avus
1512 705 1678 744 meus
1708 705 1843 743 cum

167 779 443 834 Beatrice
473 795 654 832 uxore
685 794 794 832 sua
825 777 985 848 apud
1015 777 1410 832 Sathanacum
1435 777 1590 848 juris
1621 776 1712 832 sui
1741 777 1846 832 vil-

165 865 310 933 lam,
339 866 404 921 in
440 865 692 922 ecclesia
722 865 910 922 sancti
944 866 1219 938 martyris
1246 865 1553 937 Dagoberti
1585 883 1688 938 pro
1719 883 1849 921 sua-

164 973 301 1010 rum
335 955 680 1011 animarum
714 954 970 1010 remedio
1015 955 1336 1010 monachos
1369 955 1439 1009 de
1490 955 1844 1012 monasterio

165 1044 370 1099 Sancti
402 1043 685 1116 Gorgonii
719 1043 1172 1109 constituerunt,
1203 1041 1404 1114 eisque
1445 1043 1596 1098 inter
1624 1042 1740 1099 alia
1771 1045 1844 1100 ad

161 1132 662 1206 supplementum
679 1131 871 1188 victus
894 1137 952 1187 et
975 1131 1221 1187 vestitus
1235 1131 1540 1188 ecclesiam
1560 1131 1709 1188 villas
1731 1133 1845 1190 M0.

162 1223 465 1295 saci,quae
497 1222 628 1278 sine
655 1219 1116 1277 contradictione
1146 1237 1266 1276 sua:
1300 1220 1668 1294 proprietatis
1698 1226 1840 1290 erat,

160 1311 444 1383 legaliter
474 1311 987 1377 condonaverunt;
1012 1326 1190 1380 quam
1215 1309 1393 1364 etiam
1425 1309 1537 1382 ipsi
1571 1311 1839 1368 monachi

158 1404 285 1456 tota
301 1401 431 1455 vita
453 1398 647 1472 ipsius
666 1398 756 1454 avi
781 1398 897 1453 mei
921 1403 979 1453 et
992 1398 1096 1453 ﬁlii
1116 1399 1208 1454 sui
1232 1398 1501 1455 avunculi
1519 1399 1632 1454 mei
1651 1399 1844 1471 quiete

156 1492 210 1543 et
234 1477 493 1560 paciﬁ'ce
521 1487 941 1560 possederunt.
972 1489 1294 1558 Postquam
1319 1503 1451 1542 vero
1477 1487 1622 1559 ipsis
1643 1489 1845 1544 defun-

157 1577 269 1632 ctis
300 1576 364 1631 in
405 1581 646 1632 nostras
678 1592 891 1630 manus
935 1573 1122 1629 honor
1150 1592 1352 1630 eorum
1387 1592 1490 1647 per
1520 1576 1841 1633 successio-

161 1683 296 1721 nem
320 1665 664 1733 devenit,et
686 1681 832 1736 pene
853 1665 1048 1719 omnis
1077 1663 1233 1735 regio
1255 1663 1399 1736 ipsis
1423 1670 1558 1720 ante
1579 1666 1842 1737 subjecta

155 1753 214 1810 in
237 1755 452 1810 odium
483 1753 674 1808 nostri
706 1758 883 1824 atque
908 1751 1249 1807 inimicitias
1269 1753 1556 1825 gratuitas
1578 1755 1842 1826 conjura-

158 1844 258 1908 vit,
291 1845 410 1916 ipsi
445 1849 514 1897 tu
529 1859 600 1897 nc
632 1841 830 1897 hostes
873 1839 1080 1908 nostri,
1107 1857 1285 1896 causa
1313 1841 1430 1896 odii
1479 1841 1538 1896 in
1586 1860 1693 1898 nos
1740 1861 1840 1902 as-

159 1932 502 2004 sumpti,in
539 1931 702 2004 ipsos
749 1947 984 2002 quoque
1025 1929 1342 1984 monachos
1371 1930 1836 2001 insurrexerunt,

157 2021 360 2094 eisque
392 2037 510 2094 per
541 2036 843 2094 summam
890 2017 1242 2090 injnstitiam
1286 2023 1464 2090 atque
1505 2019 1836 2078 violentiam

158 2091 358 2182 ipsam
394 2091 721 2166 ecclesiam
744 2109 816 2163 de
847 2106 1124 2183 manibus
1145 2106 1534 2176 abstulerunt,
1559 2115 1732 2181 atque
1763 2111 1842 2166 al‘

162 2200 266 2254 teri
288 2200 353 2254 in
389 2197 756 2255 beneﬁcium
783 2197 1165 2261 tradiderunt,
1194 2195 1516 2270 multisque
1530 2199 1721 2266 onnis,
1748 2217 1839 2262 us-

160 2290 424 2362 quedum
455 2286 734 2344 videlicet
797 2301 938 2358 erga
994 2301 1102 2340 nos
1160 2284 1218 2339 in
1279 2285 1530 2360 gratiam
1561 2286 1834 2344 redirent.

161 2383 416 2450 coeptam
441 2375 808 2449 injustitiam
838 2374 954 2430 Deo
987 2373 1326 2446 sanctisque
1353 2374 1466 2429 sibi
1499 2375 1838 2432 famulanti-

162 2467 266 2522 bus
290 2466 655 2521 intulerunt.
671 2469 856 2536 Super
873 2480 990 2536 qua
1011 2479 1070 2518 re
1089 2480 1223 2518 cum
1246 2463 1403 2536 apud
1417 2463 1834 2532 Sathanacum,

160 2555 328 2610 nobis
362 2553 790 2626 presentibus,
824 2551 1070 2624 quaestio
1107 2551 1312 2608 oborta
1343 2552 1574 2620 fuisset,
1603 2556 1660 2608 et
1691 2552 1836 2625 ipsis

159 2645 334 2699 etiam
370 2641 791 2699 coessentibus
823 2639 924 2713 qui
978 2640 1170 2712 ipsam
1211 2639 1549 2697 violentiam
1607 2658 1836 2698 exerce-

163 2731 546 2798 bant,concio
565 2730 989 2786 monachorum
1011 2746 1118 2784 nos
1147 2745 1324 2802 super
1348 2729 1457 2785 hac
1477 2729 1835 2803 interpellari

161 2822 459 2894 coepisset,
488 2835 672 2892 seque
686 2820 814 2890 jam
836 2835 1014 2894 super
1045 2817 1152 2873 hoc
1183 2819 1338 2890 apud
1373 2819 1662 2894 synodum
1695 2821 1833 2877 Tre-

159 2926 471 2966 verensem
506 2906 1024 2982 proclamationem
1077 2907 1307 2974 fecisse,
1333 2912 1390 2963 et
1428 2909 1653 2978 judicio
1693 2927 1835 2982 syn-

161 2999 309 3055 odali
347 3000 552 3071 ipsam
599 2995 904 3053 ecclesiam
941 3013 1048 3052 suo
1073 2996 1194 3068 juri
1229 2996 1623 3067 adjudicatam
1654 2998 1835 3055 fuisse

163 3091 216 3143 et
244 3087 608 3144 auctoritate
647 3084 964 3159 pontiﬁcali
1018 3102 1222 3162 pacem
1253 3090 1310 3140 et
1339 3084 1597 3158 quietem
1646 3089 1834 3160 possis

163 3177 336 3232 dendi
365 3177 488 3232 sibi
518 3175 869 3246 imperatam
892 3191 1021 3230 esse
1043 3173 1303 3241 dixisset,
1328 3174 1622 3247 simulque
1642 3177 1833 3233 adhuc

163 3281 483 3339 superesse
517 3267 700 3319 testes
727 3264 828 3336 qui
858 3262 1144 3336 praedictae
1166 3263 1463 3318 donationi
1495 3264 1582 3320 avi
1605 3265 1719 3320 mei
1749 3267 1835 3320 in-

159 3355 521 3410 terfuissent
551 3353 868 3408 efﬁcaciter
896 3352 1268 3418 afﬁrmasset,
1293 3351 1421 3423 ipes
1451 3357 1628 3409 testes
1659 3355 1835 3410 undi-

159 3458 269 3514 que
298 3439 540 3498 evocari
562 3444 619 3495 et
639 3445 772 3495 ante
794 3456 900 3495 nos
919 3438 1482 3511 coadunari,elfecim
1494 3458 1581 3510 us,
1606 3447 1663 3498 et
1688 3443 1834 3516 ipsis

158 3528 636 3586 testiﬁcantibus
652 3545 788 3584 vera
807 3544 934 3584 esse
957 3545 1085 3602 quae
1106 3529 1218 3600 ipsi
1237 3531 1651 3586 asseverabant
1673 3533 1834 3588 omni

160 3625 326 3692 parte
353 3617 713 3690 reperimus.
738 3616 961 3683 Quibus
983 3617 1260 3672 omnibus
1282 3617 1498 3674 auditis
1520 3623 1574 3674 ct
1596 3620 1837 3693 diligen-

160 3711 280 3764 tius
300 3705 919 3772 consideratis,visum
939 3711 1028 3762 est
1050 3705 1218 3761 nobis
1236 3707 1508 3762 comitem
1524 3709 1834 3766 Arnulfum

167 3795 260 3868 qui
292 3797 584 3870 princeps
617 3795 879 3867 ipsorum
921 3794 1108 3851 fuerat
1137 3795 1394 3850 ecclesia:
1433 3813 1834 3876 pervasorum,

166 3887 270 3941 sub
304 3884 558 3940 nomine
589 3884 943 3939 sacramenti
976 3889 1033 3939 et
1075 3883 1210 3939 ﬁdei
1241 3886 1568 3956 conjurare,
1602 3893 1836 3945 utrum~

169 3992 305 4030 nam
340 3974 473 4029 haec
523 3971 723 4029 omnia
767 3978 1142 4047 cognosceret
1171 3989 1306 4028 vera
1335 3991 1483 4041 esse,
1517 3993 1591 4030 an
1638 3978 1835 4049 potius

170 4081 238 4118 ea
263 4062 362 4119 vel
406 4061 581 4118 vellet
625 4061 714 4117 vel
763 4065 961 4134 posset
1000 4061 1282 4118 veraciter
1328 4063 1694 4136 impugnare.
1728 4067 1836 4133 Qui

171 4153 300 4207 sine
361 4151 500 4224 ipsa
554 4151 922 4222 adjuratione
953 4152 1258 4208 confessus
1313 4157 1420 4208 est.
1456 4153 1584 4208 Haec
1641 4154 1742 4222 ita,
1774 4160 1840 4211 ut

171 4241 458 4305 diximus,
482 4244 614 4294 acta
641 4256 790 4307 esse,
818 4255 996 4312 seque
1025 4243 1082 4294 et
1121 4239 1550 4308 interfuisse,et
1576 4243 1830 4314 audisse,

166 4335 223 4384 et
251 4327 481 4383 vidisse
521 4325 749 4400 et,ipso
797 4343 900 4383 avo
948 4344 1077 4383 meo
1125 4327 1278 4383 hanc
1326 4328 1698 4386 donationem
1749 4333 1835 4388 fa-

236 4451 524 4522 (7l)llanc
556 4449 818 4507 chartam
849 4450 1033 4507 edidit
1063 4451 1295 4507 Miratus
1327 4451 1385 4508 in
1415 4453 1622 4510 notitia
1639 4455 1824 4513 eccle-
1863 4433 1912 4500 D

170 4524 401 4596 siaruﬁm
426 4521 631 4596 Belgii,
647 4524 746 4577 sed
770 4522 935 4596 valde
957 4528 1288 4596 truncatam
1307 4529 1510 4596 etcum
1534 4528 1834 4585 nonnullis

169 4595 428 4658 mendis,
453 4593 742 4666 integram
786 4593 881 4650 hic
910 4611 979 4650 ex
1006 4593 1296 4650 chartario
1329 4595 1623 4654 Gorziensi
1653 4607 1710 4655 et
1739 4617 1834 4657 sa-

176 4684 314 4722 nam
347 4667 584 4720 damus.

242 4739 390 4808 (71‘)
422 4734 794 4808 Godel‘ridus,
814 4740 1210 4808 cognomento
1249 4738 1540 4808 Barbatus,
1575 4741 1836 4798 Goziloni

171 4806 352 4880 patri,
371 4806 847 4880 :adbucrviventi,
869 4806 930 4862 in
959 4809 1174 4864 ducatu
1208 4806 1533 4866 Mosellano'
1553 4813 1835 4868 suffectus

175 4878 296 4944 est,
355 4878 506 4948 juxa
566 4879 965 4934 Hermannum
1023 4884 1416 4936 tiontractum.
1455 4883 1680 4938 Ducatu
1738 4884 1836 4940 illo

175 4950 718 5030 postmodumhob
755 4950 1258 5030 rebellionem,__ab
1308 4953 1552 5030 Henrico
1593 4955 1664 5010 ιν
1705 4973 1838 5030 rege

176 5021 468 5094 privatus,
503 5021 561 5094 in
595 5021 822 5094 Italiam
847 5038 924 5094 pse
945 5092 952 5094 ξ
973 5023 1240 5088 contulit,
1275 5029 1332 5078 et
1363 5025 1704 5093 Beatricem,
1739 5021 1841 5084 Bo-

177 5090 382 5148 nil‘acii
418 5091 591 5148 italiae
633 5092 990 5149 marchionis
1019 5095 1280 5162 viduam,
1317 5096 1604 5152 Frederici
1638 5090 1838 5154 [1⁷Μο-

178 5164 544 5220 sellanorum
578 5164 746 5220 ducis
776 5163 980 5227 ﬁliam.
1003 5166 1169 5221 duxit
1197 5183 1458 5222 uxorem.
1492 5168 1709 5224 Exinde
1737 5171 1842 5226 du-

179 5241 382 5310 catum
407 5235 795 5310 Letharingiae
817 5235 1110 5296 inferioris
1131 5237 1480 5304 obtinuit,et
1500 5257 1652 5296 anno
1681 5243 1837 5310 1070,

177 5307 467 5384 moriens,
485 5306 726 5362 Virduni
754 5313 844 5363 est
867 5309 1160 5384 conditus.
1195 5309 1432 5384 Liberos
1465 5311 1702 5384 reliquit
1730 5306 1840 5370 G0;

180 5377 371 5451 deft-id
383 5395 484 5434 um
505 5386 890 5451 cognomento
913 5380 1258 5446 Gibbosum,
1276 5398 1376 5437 seu
1400 5377 1720 5446 Strunfam,
1739 5402 1842 5442 seu

180 5449 423 5534 {ustum
447 5457 561 5534 ,με
580 5449 768 5534 apud"
797 5451 1039 5534 Tyrium
1098 5451 1201 5508 lib.
1234 5467 1312 5524 1x,
1336 5469 1462 5528 cap.
1493 5455 1548 5525 5,
1569 5457 1626 5510 et
1657 5455 1838 5532 Idam,

183 5519 492 5582 Godefridi
522 5519 770 5581 Bullonii
803 5519 1081 5584 matrem.

505 5649 769 5718 Parnm“
814 5646 988 5717 CLV.

1954 422 2384 494 subsequenter
2427 439 2560 478 eum
2609 422 2968 491 monuimus,
3003 427 3069 478 ut
3117 421 3318 480 sancto
3349 429 3407 480 et
3437 425 3605 482 nobis

1953 509 2157 566 exinde
2189 512 2404 566 faceret
2435 512 2589 583 quod
2641 512 2827 566 facere
2859 512 2993 583 jure
3026 511 3279 579 deberet,
3311 518 3368 568 et
3411 514 3601 584 ipsam

1954 599 2316 655 invasionem
2351 617 2545 657 coram
2580 600 2694 656 Deo
2727 605 2784 654 et
2821 601 3040 658 sanctis
3073 602 3412 670 emendans,
3438 602 3601 656 dein-

1953 704 2088 759 ceps
2120 689 2191 744 ab
2243 689 2372 760 ipsa
2402 688 2648 748 ecclesia
2677 705 2809 746 cum
2850 689 3124 747 omnibus
3175 689 3288 745 sibi
3321 689 3599 761 subjectis

1951 777 2366 849 perpetualiter
2393 777 2728 844 abstineret,
2752 782 2809 832 et
2840 778 2962 849 ipse
2985 779 3119 849 jure
3144 777 3326 834 obniti
3357 795 3470 834 non
3502 796 3598 833 va-

1951 864 2101 931 lens,
2115 867 2186 924 ad
2221 883 2366 938 opus
2398 866 2497 921 Dei
2527 871 2583 921 et
2605 867 2660 922 S.
2687 866 2994 939 Dagoberti
3017 867 3245 938 sibique
3276 867 3602 923 deservien-

1952 953 2102 1008 tium
2132 955 2551 1011 monachorum
2602 955 2790 1026 ipsam
2822 954 3126 1018 ecclesiam
3158 955 3325 1014 nobis
3373 955 3597 1028 integre

1950 1047 2009 1098 et
2039 1043 2165 1098 sine
2197 1043 2354 1098 omni
2385 1043 2442 1098 in
2476 1052 2769 1116 poslerum
2801 1043 3209 1107 reclamatione
3237 1043 3510 1111 reddidit,
3540 1047 3598 1106 et

1945 1132 2213 1204 verpivit,
2237 1138 2294 1188 et
2322 1132 2490 1188 nobis
2520 1131 2707 1204 ipsius
2734 1131 2988 1191 ecclesiae
3011 1133 3230 1190 donum
3260 1137 3461 1196 sancto
3491 1133 3598 1189 Da-

1951 1221 2368 1294 gobertosuper
2391 1221 2572 1279 altare
2603 1221 3068 1290 restituentibus,
3093 1221 3218 1293 ipse
3237 1226 3597 1293 spontaneos

1951 1309 2216 1365 interfuit
2246 1315 2304 1365 et
2331 1309 2610 1366 laudavit.
2635 1309 2796 1366 Unde
2829 1314 2893 1366 ut
2921 1310 3043 1366 haac
3071 1327 3266 1370 rerum
3296 1315 3596 1384 gestarum

1951 1399 2234 1455 memoria
2264 1417 2367 1472 per
2393 1404 2656 1471 tempora
2676 1399 3047 1455 succedentia
3070 1400 3242 1462 ﬁrma
3259 1404 3599 1473 permaneat

1950 1492 2008 1544 et
2062 1487 2422 1556 inconvulsa,
2475 1486 2628 1544 hanc
2685 1487 3135 1560 descriptionem
3196 1487 3595 1550 memorialem

1949 1576 2074 1632 ﬁeri
2095 1576 2411 1648 jussimus.
2443 1581 2501 1632 et
2531 1575 2709 1648 sigilli
2741 1575 2924 1634 nostri
2964 1575 3347 1650 impressione
3377 1593 3445 1633 ac
3474 1581 3596 1634 tes-

1949 1665 2100 1721 tium
2133 1665 2473 1721 idoneorum
2506 1665 2776 1721 afﬁxione
2807 1667 3064 1724 roborari
3098 1666 3432 1722 statuimus.

2019 1755 2266 1827 Signum
2295 1754 2588 1811 Godefridi
2619 1755 2720 1810 Dei
2770 1755 2959 1827 gratia
2987 1754 3154 1816 ducis
3202 1758 3260 1811 et
3305 1753 3596 1820 marchio-

1948 1843 2058 1900 nis.
2095 1844 2153 1900 S.
2186 1841 2482 1899 Amalrici.
2511 1841 2569 1898 S.
2597 1843 2854 1898 Simonis
2886 1843 3082 1906 fratris
3126 1844 3240 1903 sui.
3273 1845 3331 1901 S.
3353 1844 3591 1904 Valteri.

1949 1932 2006 1988 S.
2039 1931 2288 1987 Attonis.
2321 1933 2378 1987 S.
2414 1931 2695 1988 Dudonis.
2729 1932 2787 1987 S.
2821 1933 3081 1992 Gerardi.
3123 1933 3369 2006 Signum
3414 1933 3594 1989 Hem-

1947 2020 2134 2076 bardi.
2169 2021 2226 2075 S.
2265 2018 2533 2074 Helberti.
2566 2020 2624 2075 S.
2655 2019 2902 2076 Arnulﬁ.
2933 2021 2992 2076 S.
3027 2020 3314 2080 Aleranni.
3346 2021 3593 2094 Signum

1948 2108 2224 2164 Simonis.
2259 2109 2504 2181 Signum
2553 2107 2837 2176 Ursionis,
2887 2111 2948 2165 S.
2988 2109 3294 2178 Heriberti,
3326 2110 3385 2170 S.
3419 2109 3593 2183 Hagi-

1946 2197 2091 2263 neri,
2117 2197 2175 2252 S.
2201 2196 2443 2262 Oilardi,
2468 2197 2527 2252 S.
2547 2196 2855 2270 Guigfridi,
2885 2197 2944 2253 S.
2971 2197 3382 2265 Franconis,S.
3407 2199 3598 2272 Hngo:

1947 2285 2057 2353 nis,
2092 2287 2150 2342 S.
2191 2285 2527 2340 Harmanni.

2017 2377 2153 2429 Acta
2185 2373 2434 2429 Bullioni
2463 2390 2616 2430 anno
2647 2374 2961 2430 Dominicae
3001 2375 3425 2444 Incarnationls
3457 2377 3596 2444 1093

1945 2461 2263 2518 indictione
2289 2481 2325 2530 ι,
2359 2480 2512 2519 anno
2543 2463 2703 2536 regni
2745 2464 2974 2520 Henrici
3023 2466 3216 2537 quarti
3245 2483 3455 2532 xxxvn,
3481 2466 3592 2521 im-

1945 2542 2088 2624 perii
2118 2569 2174 2617 x,
2210 2553 2584 2624 pontiﬁcante
2628 2555 2843 2608 domno
2895 2552 3167 2612 Fulberto
3198 2555 3592 2628 Trevirorum,

1945 2641 2400 2713 archiepiscopo,
2433 2658 2586 2697 anno
2616 2642 2710 2698 sui
2742 2641 3116 2714 pontiﬁcatus
3143 2660 3181 2698 χ
3211 2643 3343 2717 (71).

2737 2748 2809 2804 II.

1945 2835 2264 2908 Gode/‘rz'dus
2311 2837 2619 2907 Bullonius,
2651 2836 2768 2892 dux
2825 2838 3218 2910 Lotharingiaz,
3265 2847 3448 2910 postea
3493 2856 3593 2896 rex

2014 2909 2822 2980 Hierosolymorum,copiosius
2842 2909 2990 2970 dolat
3018 2909 3466 2966 monasteriolum
3493 2927 3590 2967 seu

2008 2983 2314 3051 prioratum
2340 2982 2398 3034 S.
2424 2981 2593 3046 Petri,
2623 2982 2684 3035 in
2708 2982 3012 3051 municipio
3045 2982 3407 3048 Bullmziensi,
3433 2999 3468 3038 a
3490 2982 3588 3038 Go-

1863 3071 1906 3139 C
2010 3051 2222 3123 deﬁ'ido
2253 3053 2506 3120 Barbam,
2541 3052 2912 3120 Lotharingiae
2945 3051 3098 3120 duce,
3127 3052 3442 3124 fundatum.

2563 3159 2748 3226 (Anno
2784 3157 2967 3226 1094.)

2271 3246 2560 3320 [Μιμευῇ
2595 3245 2728 3319 Opp.
2768 3246 3023 3318 diplom.,
3055 3246 3100 3316 Ι,
3131 3246 3250 3322 76.]

2013 3353 2075 3410 In
2108 3353 2344 3410 nomine
2366 3352 2551 3409 Patris
2573 3357 2630 3409 et
2652 3353 2782 3408 Filii
2806 3357 2862 3408 et
2882 3352 3134 3427 Spiritus
3154 3354 3362 3424 sancti,
3383 3356 3586 3412 Amen.

1940 3438 2061 3498 Eho
2085 3443 2472 3509 Gonsrnmus,
2498 3441 2796 3516 legitimus
2819 3459 3124 3499 successor
3140 3447 3197 3498 et
3216 3443 3399 3499 haeres
3427 3443 3591 3500 ducis

1942 3533 2080 3600 (π’)
2105 3531 2398 3587 Godefridi
2430 3531 2683 3599 Barbati,
2709 3531 2932 3604 ﬁliique
2957 3533 3085 3603 ejus
3111 3531 3504 3604 potentissimi
3535 3535 3594 3588 et

1933 3619 2257 3692 justissimi
2281 3619 2447 3675 ducis
2470 3620 2766 3676 Godefridi
2789 3624 2902 3689 (72)
2927 3619 3198 3676 avunculi
3219 3620 3354 3688 mei,
3380 3637 3593 3694 reprae-

1943 3714 2204 3774 sentans,
2229 3725 2334 3764 nec
2365 3725 2481 3764 non
2525 3709 2823 3770 beneﬁcia.
2844 3727 2969 3781 qua:
3001 3709 3197 3765 divina
3225 3709 3370 3765 mihi
3408 3709 3597 3782 gratia

1944 3798 2278 3864 donaverat,
2300 3797 2649 3870 recogitans,
2675 3797 2746 3853 de
2777 3797 2986 3854 iisdem
3016 3799 3187 3853 donis
3219 3799 3362 3867 suis,
3393 3800 3463 3854 ad
3496 3815 3596 3856 au-

1943 3887 2196 3962 gendum
2233 3885 2534 3942 servitium
2567 3887 2715 3958 ejus,
2741 3885 3025 3941 destinavi
3055 3888 3295 3943 reddere
3321 3887 3537 3960 aliqua.

2015 3976 2083 4030 Et
2113 3975 2252 4048 quia
2281 3975 2556 4046 praefatus
2589 3991 2730 4030 avus
2761 3990 2928 4031 meus
2952 3975 3302 4032 Godefridus
3324 3977 3477 4049 apud
3508 3993 3596 4033 ec-

1945 4062 2182 4119 clesiam
2214 4063 2365 4118 beati
2397 4063 2544 4118 Petri
2576 4063 2972 4136 apostolorum
3005 4063 3303 4138 principis,
3323 4083 3452 4137 quae
3482 4065 3596 4122 sita

1943 4157 2033 4208 est
2063 4157 2197 4208 ante
2242 4155 2500 4207 castrum
2552 4151 2908 4220 Bullonium,
2936 4153 3238 4227 religiosos
3288 4155 3496 4212 fratres
3525 4171 3596 4211 ex

1944 4241 2205 4296 eoenobio
2234 4240 2386 4296 beati
2419 4241 2658 4296 Huberti
2701 4241 3014 4314 pontiﬁcis,
3039 4244 3389 4298 concedente
3418 4260 3594 4300 vene-

1943 4329 2112 4386 rabili
2144 4317 2498 4386 Theoderico
2539 4330 2769 4399 abbate,
2800 4347 2903 4403 pro
2944 4331 3197 4388 remedio
3235 4331 3444 4387 animae
3473 4349 3593 4388 sum

2017 4457 2130 4525 (72)
2155 4455 2523 4524 Godefridus,
2563 4459 2945 4528 cognomento
2976 4455 3256 4528 Gibbosus,
3290 4472 3394 4512 seu
3441 4456 3596 4512 Stru-

1941 4544 2054 4594 ma,
2081 4544 2183 4586 seu
2213 4528 2415 4594 Justus,
2442 4532 2504 4582 ut
2535 4526 2714 4598 supra
2749 4526 2808 4581 in
2842 4527 2948 4582 hoc
2987 4527 3302 4598 diplomate
3331 4532 3591 4596 vocatur,

1943 4599 2094 4672 patri
2110 4599 2185 4672 in
2216 4599 2430 4653 ducatu
2462 4597 2848 4672 Letharingia:
2878 4597 3508 4672 inferiorissuccessit,
3537 4603 3596 4672 et

1946 4668 2063 4725 una
2107 4671 2360 4740 Marcam
2389 4668 2869 4740 Antverpiensem
2919 4669 3126 4726 tenuit.
3151 4668 3303 4740 Uxor
3350 4669 3434 4724 illi
3485 4670 3596 4727 fuit

1945 4739 2248 4812 Matbildis
2269 4739 2677 4812 potentissima
2699 4739 2876 4812 Italia
2907 4739 3351 4812 marchionissa,
3376 4740 3594 4800 Beatri-

1945 4811 2032 4868 cis
2061 4811 2236 4893 paulo
2266 4811 2401 4893 ante
2433 4811 2680 4893 laudatae
2710 4811 2848 4878 ﬁlia,
2869 4828 2996 4893 quae
3031 4811 3428 4893 amplissimas
3459 4829 3594 4893 pos-

1946 4882 2237 4939 sessiones
2266 4882 2533 4938 Ecclesiaa
2567 4883 2860 4949 Romanae,
2883 4882 3218 4940 testamenti
3246 4882 3484 4948 tabulis,
3509 4883 3596 4939 le-

1945 4955 2123 5026 gavit,
2141 4961 2372 5028 etanno
2398 4955 2534 5008 1115
2554 4953 3078 5028 o_biit.G_odefridus
3108 4971 3278 5028 porro
3303 4955 3596 5014 Gibbosus

1946 5025 2100 5082 anno
2157 5026 2296 5081 4076
2325 5025 2949 5095 Antverpiaasicario
3005 5025 3312 5085 confossus
3369 5029 3478 5093 est,
3539 5031 3598 5083 et

1947 5097 2191 5152 Virduni
2206 5097 2377 5168 juxta
2395 5094 2618 5168 patrem
2643 5094 2941 5154 humatus.
2958 5096 3095 5153 Sine
3114 5097 3314 5154 liberis
3337 5098 3595 5168 moriens

1948 5167 2238 5225 Gibbosus
2267 5167 2535 5240 nepotem
2559 5184 2741 5240 suum
2767 5184 2835 5223 ex
2865 5184 3061 5240 sorore
3095 5169 3195 5225 Ida
3215 5167 3597 5240 Godefridum

1949 5240 2287 5312 Bullonium,
2315 5238 2566 5312 universi
2601 5238 2933 5311 pairimonii
2967 5239 3056 5312 sui
3089 5241 3170 5312 (in
3201 5240 3292 5312 his
3327 5239 3598 5312 Bullonii,

1948 5317 2096 5368 teste
2127 5311 2530 5385 Gomicurtio),
2552 5309 2788 5385 scripsit
2817 5309 3126 5385 heredem}
3146 5311 3356 5385 Tyrius
3385 5309 3486 5365 lib.
3519 5309 3602 5382 1x,

1951 5399 2080 5456 cap.
2110 5385 2165 5451 5,
2193 5381 2836 5456 spectavit'Bullonium
2874 5383 3000 5452 jam
3032 5381 3297 5456 olim:ad
3348 5395 3486 5436 suos
3531 5381 3610 5456 ex

1952 5451 2118 5527 parte
2139 5451 2343 5528 matris
2365 5457 2655 5528 majores:
2679 5454 2834 5510 unde
2858 5451 3288 5528 et_Go_defridus
3311 5451 3612 5526 cognomi-

1954 5524 2130 5586 natur
2156 5524 2570 5588 BuHoniensis.
2593 5524 2762 5583 Gem.
2781 5539 2852 5584 ex
2879 5524 3199 5599 Sigeberto.

3216 5648 3299 5717 i3
