4010 6078
199 283 324 344 397

1133 285 1451 347 ASSISES
1497 284 1600 346 DE
1639 283 2128 346 JERUSALEM.
2149 316 2226 327 —
2255 283 2694 345 EXGERPTA.

3495 277 3614 342 398

193 415 379 491 vulgo
413 416 562 473 cella
589 420 831 472 vocatur
858 420 915 473 et
943 433 1074 472 cum
1109 417 1382 473 omnibus
1412 418 1482 473 ab
1515 417 1861 489 antiquitate
1889 416 1942 482 Α
2044 416 2116 472 Ut
2144 414 2322 472 etiam
2350 414 2472 471 haec
2519 419 2722 470 nostra
2753 417 2973 470 statuta
3004 417 3130 469 rata
3174 417 3230 469 et
3275 411 3618 468 inconvulsa

199 505 574 580 appendiciis
605 505 729 562 suis
771 505 831 561 in
875 506 1138 577 decimis,
1189 506 1394 578 pratis,
1453 506 1635 573 silvis,
1686 505 1856 561 terris

197 597 378 653 cultis
412 601 471 652 et
502 595 759 664 incultis,
790 594 1100 661 viridariis,
1142 595 1514 661 molendinis,
1544 595 1734 668 aquis,
1767 595 1854 667 pi-

194 685 589 751 scationibus,
630 683 934 757 acquisitis
985 688 1040 739 et
1087 684 1458 756 acquirendis
1495 689 1550 740 et
1579 684 1856 741 omnibus

193 791 325 848 quae
338 790 696 847 quocunque
711 773 882 829 modo
900 772 1186 828 nominari
1206 779 1453 846 possunt
1465 773 1852 846 pertinentiis.

194 864 504 936 simulque
534 862 834 920 ecclesiam
870 863 940 918 de
971 863 1224 932 Mosaco,
1244 879 1377 917 cum
1401 862 1677 918 omnibus
1697 862 1853 917 utili-

193 952 424 1008 tatibus
455 951 602 1018 suis,
633 955 688 1007 et
717 951 1012 1017 omnibus,
1048 968 1173 1022 quis
1198 950 1508 1023 prazdictus
1530 968 1671 1008 avus
1687 967 1854 1007 meus

193 1059 260 1098 su
272 1041 632 1114 peraddidit,
665 1039 1080 1095 donationibus
1112 1039 1451 1112 praelibatis.

265 1131 560 1186 Praeterea
571 1145 642 1185 ne
655 1128 788 1200 quis
801 1145 1064 1200 unquam
1077 1128 1213 1184 huic
1231 1133 1438 1184 nostrae
1453 1129 1856 1186 constitutioni

193 1222 249 1274 et
278 1217 584 1274 vestitum:
614 1216 790 1290 legali
819 1218 1032 1272 audeat
1061 1217 1360 1289 refragari,
1394 1223 1596 1274 nostra
1625 1223 1682 1274 et
1729 1235 1852 1274 om-

192 1307 363 1363 nium
403 1323 818 1363 successorum
848 1311 1182 1361 nostrorum
1209 1307 1552 1362 auctoritate
1572 1311 1630 1363 et
1660 1307 1853 1363 hanno

190 1396 586 1469 prohibemus
615 1399 674 1451 et
703 1393 1128 1462 interdicimus,
1161 1398 1218 1450 et
1249 1394 1549 1468 quidpiam
1571 1393 1686 1451 late
1716 1413 1856 1469 pra:-

189 1485 543 1559 sumpserit,
575 1485 648 1541 ad
673 1483 937 1540 divinum
967 1500 1065 1540 eos
1086 1483 1379 1556 judicium
1411 1501 1815 1557 provocamus.

1967 509 2370 576 permaneant,
2404 504 2555 562 hanc
2588 502 2986 559 memorialem
3019 501 3467 574 descriptionem
3491 500 3616 556 ﬁeri

1956 594 2272 665 jussimus,
2307 600 2362 649 et
2395 592 2572 666 sigilli
2605 591 2786 647 nostri
2817 591 3222 663 imprcssione,
3256 589 3617 662 testiumque

1963 682 2306 738 idoneorum
2339 682 2608 738 afﬁxione
2638 680 3023 753 signavimus.

2036 772 2281 845 Signum
2305 771 2597 828 Godefridi
2630 770 2796 826 ducis
2819 769 2918 842 qui
2942 769 3091 824 hanc
3119 767 3382 824 chartam
3406 765 3616 822 descri-

1964 861 2021 916 bi
2055 861 2208 916 fecit.

2036 951 2094 1005 S.
2128 949 2440 1016 Baldwini,
2493 949 2690 1004 fratris
2735 947 2848 1015 sui,
2903 948 2961 1003 S.
3009 945 3290 1014 Walterii,
3323 943 3608 1012 advocati,

1964 1039 2022 1094 S.
2055 1039 2285 1095 Henrici
2317 1038 2567 1103 comitis,
2595 1039 2652 1093 S.
2675 1036 2971 1102 Amalrici,
3004 1037 3062 1092 S.
3087 1035 3338 1102 Richeri,
3365 1035 3424 1090 S.
3449 1037 3612 1090 Otto-

1965 1127 2074 1194 nis,
2111 1129 2169 1183 S.
2205 1128 2478 1196 Ludonis,
2505 1128 2562 1183 S.
2587 1125 2896 1192 Hcriberti,
2932 1125 2991 1180 S.
3015 1123 3387 1189 Everardi,S.
3427 1121 3613 1178 Albri-

1964 1217 2037 1286 ci,
2062 1218 2119 1271 S.
2146 1217 2457 1284 Leudonis,
2493 1217 2552 1272 S.
2589 1213 2843 1280 Sihardi,
2879 1214 2936 1269 S.
2978 1213 3244 1279 Sozt‘ridi,
3277 1211 3472 1268 fratris
3495 1209 3609 1279 sui,

1965 1306 2022 1362 S.
2058 1305 2361 1378 Helgaudi,
2397 1306 2454 1360 S.
2492 1302 2828 1370 Franconis,
2861 1304 2920 1358 S.
2955 1301 3236 1374 Hugonis.

2032 1397 2240 1450 Actum
2270 1393 2601 1462 Sathanaci,
2651 1409 2804 1449 anno
2843 1390 3155 1448 Dominicze
3187 1387 3612 1446 lnca’rnationis

1963 1483 2276 1541 millesimo
2306 1481 2683 1556 nonagesimo
2715 1485 2896 1554 sexto,
2929 1479 3248 1536 indictione
3277 1482 3506 1552 quarta.

925 1887 1568 2020 ASSlSES
1655 1888 1866 2017 DE
1951 1854 2890 2021 JEBUSALEM

264 2254 562 2310 Rubrlcas
594 2254 651 2308 et
677 2253 914 2322 excepta
963 2246 1249 2322 nonnulla
1294 2251 1526 2322 tantum
1580 2248 1792 2304 damus
1841 2265 1974 2304 cum
1997 2247 2346 2322 praefatione
2377 2247 2641 2306 editoris.
2669 2249 2815 2306 Vide
2845 2250 2893 2307 si
2925 2250 3120 2307 lubet:
3163 2251 3369 2309 Assises
3395 2259 3447 2309 et
3481 2251 3611 2308 bon:

191 2342 386 2394 usage:
417 2325 494 2379 du
526 2319 894 2395 Royaume'gle
916 2321 1397 2395 Jerusalem,_tirg§
1444 2319 1578 2374 d'un
1622 2323 1929 2395 manuscrit
1973 2319 2038 2376 de
2068 2322 2142 2395 lar
2171 2321 2538 2395 bibliotheque
2580 2323 2830 2377 Vaticano.
2867 2340 3004 2395 paveo
3033 2323 3109 2379 les
3137 2331 3288 2379 notes
3336 2330 3388 2380 et
3425 2323 3606 2379 obser-

190 2391 406 2452 vation:
437 2395 504 2450 de
534 2391 776 2466 Gakpard
825 2394 1091 2466 Thaumas
1121 2391 1293 2466 deum
1331 2392 1760 2466 Thaiunassz'ere,
1793 2395 2013 2466 eam/er,
2064 2394 2318 2466 seigneur
2362 2391 2453 2448 du,
2476 2393 2896 2466 Puy-Fermnd,
2933 2401 3156 2466 avocat,
3184 2397 3248 2450 όη
3279 2395 3608 2466 parientem.

187 2499 256 2508 -—
283 2469 569 2539 Bourges,
603 2457 774 2539 {690;
798 2463 885 2518 vel
916 2463 1098 2539 hujus
1120 2457 2058 2539 Collecti‘onispraastantissiinam
2082 2457 2500 2532 recensionezn,
2527 2457 2705 2538 quam
2726 2457 3045 2522 novissime
3067 2465 3253 2522 edidit
3274 2457 3608 2523 illustrissi-

193 2556 332 2596 mus
361 2533 567 2596 comes
594 2535 886 2593 Arthurus
916 2535 1206 2606 Bsueno'r,
1241 2533 1424 2600 Paris,
1461 2533 1616 2590 1841.

1607 2737 2200 2884 PRfEFATIO

1394 2971 1670 3030 Editionis
1697 2973 2061 3030 Bituricensis
2090 2972 2231 3029 anni
2261 2971 2418 3029 1690.

264 3176 382 3233 Les
409 3173 644 3232 Assises
674 3173 746 3228 de
776 3169 1138 3228 Hierusalem
1169 3173 1303 3226 sont
1331 3169 1417 3226 les
1441 3169 1576 3238 loix,
1621 3172 1855 3237 statuts,
1886 3172 1934 3237 B
1963 3169 2084 3226 tées
2114 3169 2418 3225 adiverses
2446 3166 2555 3224 fois
2573 3184 2678 3240 par
2703 3165 2988 3241 Godefroy
3015 3170 3073 3224 et
3109 3183 3200 3224 ses
3237 3183 3613 3225 successeurs

191 3281 414 3340 usages
434 3269 494 3321 ct
515 3268 820 3321 coutumes
841 3261 1145 3317 accordées
1167 3276 1242 3315 au
1264 3275 1540 3333 royaume
1561 3260 1630 3315 de
1651 3259 1856 3315 Hieru-

191 3355 381 3411 solem
415 3370 528 3426 par
554 3351 840 3423 Godefroy
868 3349 982 3404 duc
1013 3348 1083 3404 de
1131 3347 1363 3404 Buillon
1410 3347 1524 3403 l’an
1559 3348 1716 3416 1099,
1752 3365 1858 3421 par

187 3444 358 3500 l‘avis
391 3442 475 3497 du
509 3439 836 3514 patriarche
860 3441 916 3493 et
940 3438 1010 3494 de
1030 3453 1126 3493 ses
1155 3437 1390 3504 barons,
1423 3439 1592 3509 apres
1622 3435 1761 3508 qu’il
1784 3455 1855 3492 en

187 3537 290 3590 eut
319 3533 420 3588 été
449 3529 548 3586 élu
579 3546 698 3601 roy.
730 3526 883 3584 Elles
915 3531 1049 3583 sont
1079 3526 1369 3598 appellée;
1408 3525 1651 3591 Assises,
1686 3542 1857 3598 parce

188 3618 443 3694 qu’elles
483 3617 679 3674 furent
715 3615 883 3672 faites
925 3632 995 3671 en
1042 3614 1267 3671 l’assise
1295 3631 1370 3670 ou
1403 3613 1727 3671 assemblée
1756 3615 1856 3671 des

186 3709 420 3784 grands
442 3707 524 3762 du
550 3705 944 3778 Royaume,de
969 3706 1160 3760 meme
1181 3722 1296 3776 que
1324 3705 1382 3760 la
1400 3704 1623 3760 celebre
1643 3705 1855 3759 ordon-

189 3815 388 3854 nance
417 3796 493 3851 de
515 3795 800 3867 Godel‘roy
841 3798 1030 3849 comte
1059 3793 1130 3848 de
1164 3794 1442 3866 Bretagne
1473 3797 1530 3848 et
1549 3794 1619 3848 de
1640 3809 1732 3848 ses
1755 3793 1858 3848 ba-

193 3904 336 3942 rons
370 3885 447 3940 de
468 3883 584 3939 l’an
611 3883 768 3948 1185,
785 3899 929 3955 pour
949 3881 1001 3938 le
1019 3887 1258 3955 partage
1280 3882 1575 3946 noble,est
1599 3881 1858 3954 appellée

193 3975 444 4031 l’Assise
468 3973 547 4027 du
569 3971 768 4026 Comte
790 3971 1094 4040 Godefroy.
1111 3972 1179 4026 Et
1201 3971 1339 4026 chez
1369 3971 1714 4026 Houenden:
1743 3975 1856 4026 Αε-

193 4067 329 4122 εῠιτ
357 4062 592 4118 Henrici
619 4061 762 4129 regis
790 4061 952 4131 factae
992 4060 1137 4132 apud
1169 4059 1574 4115 Clarendonum
1610 4061 1759 4115 dans
1804 4058 1860 4115 le

199 4154 432 4222 Regiam
445 4151 782 4220 majcsmmn
803 4147 901 4204 lib.
926 4166 1032 4215 ιιι,
1058 4165 1106 4204 c.
1133 4149 1220 4216 l7,
1235 4149 1307 4221 Ξ2
1325 4149 1405 4203 Ex
1425 4150 1677 4220 beneﬁcio
1696 4148 1857 4204 Cons-

201 4239 482 4295 titutionis
508 4238 687 4306 regni,
729 4251 854 4308 quae
893 4237 1088 4292 Assisa
1127 4238 1465 4292 nominatur.
1511 4235 1757 4291 L'assise
1779 4235 1858 4290 du

202 4346 305 4402 roy
335 4325 613 4383 Bauduin
645 4325 736 4381 ch.
763 4325 885 4381 H7.
919 4324 1168 4381 L’assise
1221 4325 1298 4380 du
1339 4342 1440 4398 roy
1469 4326 1726 4397 Amaury
1763 4323 1855 4380 ch.

201 4419 326 4472 273.
354 4415 559 4472 Assise
590 4415 668 4470 du
699 4431 801 4487 roy
826 4417 1082 4488 Amaury
1112 4420 1168 4470 et
1197 4415 1275 4470 du
1299 4415 1421 4487 Roy
1451 4413 1720 4468 Bauduin
1752 4430 1857 4469 son

205 4507 322 4562 ﬁls.
347 4509 482 4608 Ass.
507 4503 740 4608 031.288.
762 4503 958 4608 A‘ssise
981 4503 1057 4558 du
1078 4504 1423 4577 royHugues
1445 4502 1533 4559 ch.
1555 4504 1680 4558 309.
1704 4502 1861 4575 Spel-
1893 4542 1936 4608 Ο

207 4613 372 4651 man.
411 4594 450 4649 ἲ.
489 4593 580 4649 53.
613 4595 674 4648 in
703 4594 884 4650 verbio
912 4594 1152 4648 Assrsu.

277 4688 389 4738 Ges
418 4681 651 4737 Assises
673 4680 867 4736 furent
885 4679 1090 4735 écrites
1120 4696 1225 4751 par
1244 4678 1453 4735 l’ordre
1483 4679 1553 4734 de
1584 4679 1870 4751 Godefroy

208 4774 281 4828 de
309 4770 568 4836 Buillon,
628 4772 683 4824 et
713 4767 916 4824 scellée
968 4769 1038 4823 de
1079 4785 1183 4823 son
1227 4785 1420 4834 sceau,
1478 4769 1546 4824 de
1597 4785 1739 4823 ceux
1787 4767 1864 4822 du

149 4923 160 4936 ,
209 4859 547 4934 patriarcha
568 4857 974 4914 etduvicomte
995 4857 1066 4913 de
1089 4856 1472 4912 Hierusalem.
1499 4857 1649 4912 Elles
1672 4858 1866 4912 furent

211 4946 488 5020 appelées
521 4945 606 5000 les
636 4945 862 5000 Lettres
908 4945 986 5000 du
1036 4944 1372 5016 Sepulchre,
1425 4962 1595 5016 pareo
1626 4944 1866 5017 qu’elles

211 5035 436 5091 étoient
465 5032 709 5106 gardées
735 5050 808 5089 en
864 5049 942 5088 un
993 5033 1164 5099 cofre,
1211 5034 1360 5090 dans
1407 5032 1624 5105 l’église
1655 5035 1730 5088 du
1766 5033 1864 5089 Se-

213 5123 484 5197 pulchre,
518 5123 651 5177 d’ou
683 5121 824 5178 elles
855 5123 1066 5178 étoient
1092 5121 1267 5177 tirées
1297 5139 1366 5178 en
1399 5121 1456 5177 la
1487 5139 1762 5194 presence
1787 5122 1866 5176 du

213 5229 339 5285 roy,
355 5227 431 5265 ou
453 5211 526 5265 de
542 5210 708 5283 celuy
723 5210 825 5282 qui
847 5209 988 5265 était
1007 5227 1114 5282 par
1132 5209 1510 5282 luycommis,
1526 5211 1603 5265 du
1628 5209 1869 5282 patriar-

213 5301 344 5362 che,
380 5315 456 5354 ou
488 5314 558 5354 en
594 5315 700 5355 son
748 5299 997 5355 absence
1045 5299 1124 5354 du
1175 5297 1372 5370 prieur
1419 5299 1495 5353 du
1528 5297 1866 5370 Sepulchre,

213 5392 289 5445 de
322 5389 479 5444 deux
510 5387 824 5444 chanoines
853 5393 910 5443 et
931 5388 1008 5443 du
1038 5387 1306 5452 vicomte,
1342 5387 1603 5458 lorsqu’il
1643 5405 1679 5459 γ
1719 5387 1871 5444 avoit

214 5479 396 5534 debat
426 5494 531 5534 sur
559 5477 812 5552 quelque
841 5475 1042 5534 article
1070 5477 1142 5533 de
1171 5492 1267 5532 ces
1297 5483 1621 5532 coutumes.

287 5566 692 5626 Maiscozume
711 5565 850 5626 elles
863 5566 1094 5625 avaient
1110 5565 1199 5622 été
1215 5564 1500 5641 corrigées
1519 5568 1578 5624 et
1599 5582 1874 5644 augmen-

1964 3258 2082 3314 rois
2113 3257 2184 3314 de
2211 3256 2594 3324 Hierusalem,
2628 3255 2768 3314 elles
2798 3257 2993 3312 furent
3031 3256 3293 3330 redigées
3336 3273 3443 3329 par
3471 3255 3617 3314 écrit

1965 3351 2023 3404 et
2051 3347 2230 3404 mises
2261 3363 2332 3403 en
2355 3347 2522 3404 ordre
2547 3364 2650 3417 par
2669 3346 2812 3403 Jean
2836 3345 3100 3414 d’Ibelin,
3125 3350 3312 3403 comte
3335 3346 3405 3402 de
3428 3345 3617 3419 Japhe

1964 3441 2020 3492 et
2048 3436 2370 3504 d’Ascalon,
2406 3436 2677 3510 seigneur
2697 3436 2766 3492 de
2797 3435 3014 3490 Baruth
3047 3439 3102 3492 et
3131 3436 3202 3491 de
3234 3435 3466 3504 Rames,
3485 3451 3618 3492 vers

1966 3523 2080 3581 l'an
2110 3526 2270 3582 I250.
2305 3525 2348 3582 Il
2380 3525 2522 3582 étoit
2571 3524 2662 3581 fils
2711 3525 2782 3580 de
2829 3524 3026 3581 Balian
3071 3523 3313 3582 d’Ibelin
3361 3528 3418 3580 et
3447 3525 3616 3581 d’Es-

1966 3613 2130 3670 chive
2159 3615 2229 3671 de
2261 3613 2673 3682 Montbeliard,
2708 3617 2764 3670 et
2795 3613 2834 3668 i1
2868 3617 3106 3670 mourut
3134 3612 3247 3669 l’an
3280 3614 3438 3670 1266.

2035 3703 2188 3760 Elles
2207 3703 2400 3760 furent
2423 3721 2535 3758 une
2554 3704 2801 3759 seconde
2826 3702 2936 3758 fois
2960 3707 3160 3758 revués
3181 3700 3234 3757 le
3253 3703 3288 3758 3
3309 3702 3622 3759 novembre

1967 3792 2126 3848 4369.
2164 3796 2338 3865 apoes
2368 3791 2425 3848 la
2454 3796 2608 3847 mort
2639 3792 2709 3847 de
2758 3791 2950 3848 Pierre
2983 3792 3053 3847 de
3088 3790 3384 3865 Lusignan
3417 3808 3519 3863 roy
3549 3790 3622 3847 de

1967 3880 2198 3953 Chipre,
2249 3899 2354 3954 par
2405 3880 2818 3938 l‘ordonnance
2871 3881 2943 3936 de
3000 3880 3143 3937 Jean
3194 3881 3266 3936 de
3319 3880 3620 3952 Lusignan

1966 3969 2164 4050 prince
2193 3969 2552 4038 d’Antioche,
2582 3969 2868 4026 baillistre
2900 3970 2970 4025 de
3001 3969 3190 4025 Pierre
3223 3969 3293 4024 de
3325 3968 3620 4040 Lusignan

1966 4077 2067 4132 roy
2090 4059 2158 4114 de
2183 4059 2389 4131 Chipre
2411 4075 2514 4114 son
2540 4076 2742 4125 neveu,
2768 4076 2873 4131 par
2895 4058 3043 4116 seize
3063 4057 3332 4114 hommes
3354 4073 3621 4114 nommez

1967 4151 2022 4204 et
2054 4147 2271 4204 choisis
2302 4165 2372 4202 en
2405 4146 2779 4203 l’Assemblée
2810 4148 2911 4203 des
2943 4149 3092 4204 états
3125 4147 3201 4202 du
3233 4162 3530 4219 royaume,
3565 4149 3624 4202 et

1967 4237 2135 4308 apres
2166 4235 2306 4292 elles
2338 4237 2534 4292 furent
2564 4236 2742 4292 mises
2774 4253 2847 4292 au
2881 4241 3068 4291 tresor
3099 4236 3168 4290 de
3193 4235 3413 4308 l’église
3435 4235 3507 4290 de
3525 4234 3622 4290 Ni-

1968 4325 2174 4391 cossie,
2211 4325 2357 4381 dans
2388 4343 2468 4381 un
2501 4325 2656 4381 cofre
2687 4324 2860 4382 scellé
2888 4325 2958 4380 de
2990 4328 3195 4400 quatre
3226 4341 3457 4380 sceaux.

2038 4413 2160 4470 J’en
2196 4413 2248 4470 ai
2282 4415 2553 4470 recouvré
2583 4431 2689 4486 par
2735 4413 2788 4470 le
2819 4431 3025 4486 moyen
3059 4414 3130 4469 de
3161 4413 3238 4470 M.
3275 4409 3623 4468 d’Herouval

1973 4521 2048 4558 un
2073 4503 2422 4576 exemplaire
2443 4521 2510 4559 en
2535 4502 2592 4558 la
2610 4501 3009 4574 bibliotheque
3029 4501 3098 4557 de
3121 4501 3212 4556 feu
3228 4501 3304 4555 M.
3337 4499 3622 4567 Brodeau,

1976 4593 2250 4648 transcrit
2280 4610 2385 4648 sur
2414 4592 2466 4648 1e
2502 4591 2826 4647 manuscrit
2855 4591 2925 4646 de
2954 4590 3011 4645 la
3039 4589 3436 4662 bibliotheque
3463 4588 3624 4644 Vati-

1977 4695 2139 4750 cane,
2177 4684 2234 4736 ct
2254 4699 2330 4736 un
2364 4685 2528 4736 autre
2560 4681 2707 4735 dans
2739 4678 2878 4735 celle
2909 4679 2978 4734 de
3011 4678 3087 4734 M.
3111 4677 3381 4744 Colbert;
3411 4676 3498 4733 les
3526 4678 3629 4734 As-

1977 4769 2126 4825 sises
2161 4771 2259 4824 ont
2302 4771 2390 4824 été
2439 4769 2722 4824 traduites
2753 4785 2823 4825 en
2875 4766 3100 4838 Italien,
3133 4771 3190 4822 et
3225 4766 3564 4840 imprimées
3595 4769 3631 4824 a

1972 4858 2184 4915 Venise
2214 4875 2286 4914 en
2321 4857 2437 4913 l’an
2471 4859 2627 4913 1543.

2048 4946 2422 5002 Rhamnusia
2472 4945 2559 5002 dit
2607 4963 2718 5019 que
2765 4945 3062 5003 Baudouin
3113 4945 3157 5015 Ι,
3205 4963 3512 5019 empereur
3558 4945 3632 5002 de

1977 5035 2486 5107 Constantinophe
2520 5035 2602 5091 les
2635 5037 2698 5090 fit
2743 5039 3013 5108 apporter
3041 5035 3110 5091 de
3134 5035 3457 5093 Jerusalem
3489 5051 3638 5108 pour

1976 5123 2060 5179 les
2088 5124 2242 5179 faire
2270 5124 2540 5179 observer
2570 5125 2716 5180 dans
2746 5123 3040 5197 l’Empire,
3071 5129 3127 5180 et
3158 5142 3307 5200 pour
3336 5123 3522 5196 régler
3553 5123 3636 5182 les

1977 5213 2230 5268 services
2261 5213 2331 5268 de
2363 5213 2491 5268 ﬁefs
2527 5218 2585 5268 ct
2616 5213 2720 5269 des
2746 5230 3017 5270 vassaux.

2050 5300 2094 5356 Il
2126 5306 2215 5357 est
2245 5301 2463 5357 certain
2483 5300 2724 5376 qu’elles
2761 5306 2863 5360 ont
2881 5303 2972 5358 été
3003 5302 3175 5360 tirées
3196 5303 3298 5359 des
3329 5305 3640 5361 coutumes

1989 5398 2040 5445 el
2075 5406 2286 5461 usages
2317 5390 2386 5447 dc
2407 5391 2464 5447 la
2489 5393 2727 5459 France,
2762 5409 2988 5449 comme
3015 5391 3373 5464 lejustifient
3397 5389 3480 5446 les
3501 5390 3642 5449 cha-

1981 5478 2166 5551 pitres
2196 5479 2301 5536 494
2331 5486 2387 5538 et
2415 5482 2522 5538 295
2567 5485 2624 5536 et
2659 5480 2917 5539 Willelm.
2955 5483 3148 5553 Tyrius
3177 5479 3280 5550 lib,
3310 5497 3424 5547 xvr,
3455 5479 3549 5534 ch.
3581 5482 3642 5550 2,

1986 5571 2048 5627 et
2072 5568 2179 5628 lib.
2209 5585 2331 5646 xxx,
2359 5570 2450 5630 ch.
2479 5574 2536 5628 2.
