4010 6078
342 295 458 357 431

1131 294 1234 354 AD
1281 288 1794 356 GODEFRID‘UM
1836 286 2350 350 APPENIMCES.
2386 319 2461 330 --
2488 286 2824 347 APPEND.
2870 285 2920 345 Ι.

3631 283 3748 344 132

1094 659 2208 820 APPENDIX
2343 656 3009 810 PRIMA

1840 917 2253 935 ~—

1538 1087 2151 1199 BEA’I'E
2245 1087 2588 1188 ωε

1073 1316 1538 1376 COMMITISSE
1601 1313 1931 1372 BOLONLB
1946 1356 1962 1382 ,

2090 1311 2245 1368 EGIS
2307 1311 2698 1368 GODEFRIDI
2765 1311 3040 1368 MATIUS

1867 1501 2240 1590 VITA.

1144 1709 1453 1780 (BOLLAND.
1485 1709 1617 1763 Acta
1643 1705 1992 1774 Sanctorum,
2021 1702 2258 1778 Aprilis,
2292 1707 2333 1759 t.
2368 1702 2445 1772 Il;
2480 1702 2574 1760 die
2606 1703 2692 1772 13,
2726 1720 2783 1776 p.
2819 1702 2967 1777 139.)

1842 1887 2242 1904 ψ

1472 2044 2154 2126 COMMENTARIUS
2218 2043 2627 2116 PREVIUS.

346 2283 377 2357 §
405 2283 450 2340 Ι.
483 2282 814 2352 Coniugium
844 2280 908 2336 B.
927 2277 1072 2361 litae.
1093 2278 1234 2361 .Ejus
1257 2284 1309 2335 ει
1333 2277 1527 2361 ηιρνίιί
1556 2292 1733 2347 genus
1758 2275 1996 2348 regium.
2029 2272 2078 2342 Α
2113 2273 2349 2347 sepulti.
2386 2297 2414 2325 ››
2446 2274 2576 2331 Haec
2607 2274 2688 2330 ibi
2721 2291 2848 2348 qua:
2876 2275 2954 2332 ab
2984 2275 3282 2349 aliquibus
3310 2281 3376 2334 ut
3423 2294 3539 2334 non
3567 2278 3766 2336 omni.

918 2351 1102 2407 Liberi
1125 2351 1417 2422 procreati.

421 2461 471 2517 1.
505 2457 819 2518 Bononiam
845 2457 964 2514 sive
987 2457 1294 2524 Boloniam,
1318 2455 1523 2511 urbém
1547 2454 1823 2510 Picardize
1847 2453 1998 2508 infe-

346 2547 603 2616 rioris,in
619 2546 860 2604 Morinis
883 2545 952 2601 ad
979 2546 1189 2601 fretum
1213 2544 1422 2600 Oceani
1458 2542 1775 2598 Britannici
1795 2542 1996 2608 sitam,

345 2637 572 2710 antiqui
602 2636 873 2692 videntur
903 2634 1333 2696 Gessoriacum.
1367 2633 1728 2688 Morinorum
1771 2629 1993 2696 navale,

345 2725 691 2802 appellasse,
725 2725 893 2795 eique
924 2722 1399 2793 circumpositam
1433 2720 1726 2792 regionem
1779 2719 1996 2774 dixisse

344 2813 750 2874 Gessoriacum
782 2829 1017 2887 pagum.
1054 2816 1116 2866 In
1150 2811 1259 2866 hoc
1293 2814 1465 2864 natus
1485 2813 1574 2863 cst
1605 2815 1661 2863 et
1691 2809 1746 2862 in
1792 2823 1993 2862 mona-

342 2893 518 2962 sterio
550 2920 582 2960 a
613 2919 675 2958 se
709 2905 1044 2958 constructo
1074 2907 1365 2966 mortuus,
1391 2896 1603 2953 saeculo
1635 2896 1847 2952 Christi
1871 2912 1996 2968 sep-

341 2983 618 3060 timo,die
648 2993 718 3046 20
746 2982 907 3057 Julii,
933 2991 992 3047 S.
1016 2989 1332 3045 Vulmarus
1361 2987 1564 3053 abbas,
1589 3003 1623 3042 a
1652 3001 1768 3057 quo
1791 3001 1992 3041 mona-

339 3075 584 3140 sterium
606 3080 734 3152 ejus
763 3083 1003 3136 vocatur
1032 3078 1091 3136 S.
1118 3075 1381 3132 Vulmari
1413 3076 1470 3130 in
1502 3075 1768 3140 Nemore,
1801 3078 1904 3130 aut
1931 3073 1991 3129 in

341 3168 610 3237 Silviaco,
642 3173 744 3226 aut
802 3169 862 3226 in
912 3169 1116 3226 Bosco.
1153 3168 1323 3223 Porro
1373 3165 1580 3221 civitas
1630 3161 1992 3219 Boloniensis

340 3258 558 3334 oppida
586 3257 708 3314 duo
731 3255 1021 3324 continet;
1053 3253 1326 3327 superius
1359 3269 1568 3326 nempe
1620 3269 1754 3308 cum
1797 3255 1991 3307 castro

341 3347 556 3419 aliquo,
581 3350 638 3404 et
658 3345 922 3402 inferius.
941 3347 1003 3400 la
1027 3342 1336 3416 superiori,
1361 3346 1572 3414 praeter
1591 3338 1989 3396 cathedralem

341 3433 668 3500 ecclesiam,
701 3451 828 3506 quae
857 3432 1165 3505 Deiparam
1196 3431 1482 3504 virginem
1517 3428 1783 3502 agnoscit
1805 3433 1992 3500 patro-

337 3522 679 3592 nam,habet
699 3521 814 3580 alia
829 3521 1050 3594 templa
1078 3525 1136 3577 et
1159 3519 1533 3584 monasteria,
1551 3519 1702 3574 inter
1721 3534 1848 3589 qua:
1880 3516 1991 3572 fuit

336 3609 572 3668 ab'batia
585 3605 920 3709 S.Vu1mari
935 3608 1157 3710 ordinis
1174 3604 1988 3710 S.Au‘gusti.ni,in‘quaPatres
2017 3646 2064 3710 Β

333 3698 580 3756 Oratorii
613 3698 846 3758 Domini
895 3697 1080 3756 nostri
1125 3697 1268 3754 Jesu
1294 3694 1504 3752 Christi
1536 3694 1707 3750 modo
1737 3693 1980 3766 degunt.

332 3787 450 3844 Hoc
498 3788 920 3844 monasterium
979 3785 1038 3842 S.
1069 3783 1334 3841 Vulmari
1390 3784 1546 3856 intra
1595 3798 1795 3838 muros
1840 3781 1980 3838 olim

330 3876 658 3933 construxit
681 3875 740 3932 Β.
776 3876 878 3932 Ida
919 3874 1222 3931 comitissa
1269 3871 1655 3936 Bolonicnsis,
1688 3870 1890 3939 vidua;
1925 3874 1982 3926 et

328 3963 487 4020 aliud
519 3962 856 4020 S.Vu1mari
889 3963 948 4017 in
977 3963 1222 4018 Nemore
1253 3959 1578 4031 collapsum
1611 3957 1976 4013 restauravit.

397 4057 453 4108 2.
482 4053 714 4108 Andrea
743 4053 829 4108 Du
862 4051 1108 4117 Chesne,
1141 4049 1200 4104 in
1241 4047 1366 4104 suis
1412 4046 1860 4102 Probationihus
1908 4047 1978 4101 ad

329 4141 635 4198 historiam
667 4139 1102 4214 genealogicam
1134 4137 1492 4192 familiarum
1511 4127 2010 4204 Ghisnensisytrf

329 4229 580 4296 drensis,
595 4228 920 4286 Gandensis
941 4234 997 4284 et
1013 4227 1128 4283 Con
1139 4223 1576 4291 ciaczn,adducit
1599 4240 1728 4296 pag.
1743 4224 1778 4277 5
1799 4229 1982 4278 extra-

328 4324 489 4376 ctum
509 4335 578 4375 ex
599 4318 841 4390 antiqua
861 4315 1199 4391 genealogis
1215 4313 1497 4369 comitum
1524 4310 1975 4378 Boloniensium,

327 4408 658 4481 conscripta
700 4412 964 4480 tempore
1009 4405 1070 4461 S.
1104 4402 1379 4460 Ludovici
1411 4401 1562 4474 regis
1596 4402 1974 4467 Francorum,

326 4513 396 4554 ex
447 4514 564 4570 quo
622 4496 736 4553 ista
790 4495 907 4551 huc
962 4491 1421 4549 transferimus:
1462 4513 1488 4540 α
1520 4489 1727 4555 Guido,
1760 4488 1973 4560 inquit,

323 4603 522 4643 comes
552 4583 917 4640 Doloniensis
946 4581 1154 4638 habuit
1182 4585 1301 4636 tres
1341 4579 1510 4634 ﬁlios.
1546 4577 1974 4649 Primogenitus

319 4675 637 4732 vocabatur
685 4673 1022 4739 Balduinus,
1059 4669 1155 4726 cui
1210 4674 1373 4742 pater
1403 4665 1563 4722 dedit
1593 4665 1893 4720 Boloniam
1920 4672 1978 4722 et

323 4763 495 4820 Lens.
529 4763 758 4818 Medius
814 4765 1054 4818 vocatus
1103 4761 1191 4814 est
1238 4757 1427 4830 Hugo,
1460 4754 1552 4810 cui
1605 4758 1770 4825 pater
1817 4753 1976 4809 dedit

321 4851 601 4908 Sanctum
662 4849 927 4914 Paulum,
961 4847 1062 4920 qui
1117 4846 1205 4900 fut
1254 4843 1415 4916 prius
1466 4859 1682 4908 comes,
1717 4841 1817 4913 qui
1864 4843 1975 4898 fuit

320 4957 582 5012 unquam
614 4938 767 5010 apud
799 4938 1078 4993 Sanctum
1110 4931 1627 4990 Paulum.Tertius
1659 4931 1973 4986 vocabatur

2108 2363 2282 2418 modo
2333 2367 2491 2419 certa
2539 2364 2848 2420 habentur.
2881 2365 3158 2421 Traditur
3205 2371 3402 2422 autem
3444 2368 3772 2426 comitatus

2108 2451 2474 2508 Boloniensis
2504 2453 2804 2508 devenisse
2834 2454 2905 2509 ad
2928 2453 3286 2511 Gulielmum
3321 2455 3538 2512 Pontivi
3573 2457 3766 2513 comi-

2105 2545 2245 2608 tem,
2278 2558 2312 2596 a
2337 2558 2452 2612 quo
2484 2541 2642 2597 ﬁlius
2673 2543 2801 2612 ejus
2833 2543 3166 2600 Ernuculus
3195 2544 3316 2600 sive
3341 2544 3624 2602 Arnutt‘us
3661 2563 3762 2603 co-

2106 2629 2382 2685 mitatum
2413 2630 2816 2686 Boloniensem
2839 2630 3045 2687 habuit
3066 2649 3219 2688 anno
3239 2633 3375 2700 972;
3397 2634 3568 2706 eique
3599 2635 3764 2692 filius

2105 2718 2428 2773 Balduinus
2446 2720 2824 2786 successit,ac
2843 2720 3085 2776 tradidit
3106 2721 3224 2776 ﬁlio
3245 2739 3351 2777 suo
3373 2723 3682 2778 Eustachio
3710 2725 3762 2792 Ι,

2104 2824 2301 2862 socero
2337 2808 2396 2862 B.
2435 2807 2568 2872 Idae.
2611 2816 2804 2880 nuptae
2835 2808 3150 2864 Eustachio
3182 2811 3252 2875 Il,
3285 2809 3404 2864 ﬁlio
3437 2810 3575 2866 dicti
3608 2812 3760 2868 Eas-

2101 2893 2279 2951 tachii
2315 2897 2334 2950 ι
2365 2901 2424 2951 et
2455 2895 2774 2965 Mathildis,
2811 2897 2939 2952 filiae
2971 2898 3264 2955 Lamberti
3309 2899 3540 2955 comitis
3572 2901 3756 2968 Lava-

2102 2983 2324 3040 niensis
2354 2989 2410 3040 et
2438 2985 2769 3059 Gerbergze;
2803 3002 2907 3058 per
2937 3003 3115 3058 quam
3147 2986 3268 3044 haec
3295 2987 3516 3044 familia
3543 3005 3612 3046 ex
3642 2989 3756 3047 Ca-

2101 3072 2224 3128 rolo
2254 3073 2464 3146 Magno
2495 3073 2679 3130 scitur
2723 3079 2942 3142 exorta,
2978 3075 3200 3132 scilicet
3247 3093 3352 3149 per
3387 3077 3751 3136 Ludovicum

2099 3161 2267 3218 Pium
2316 3162 2748 3234 imperatorem,
2781 3163 3047 3220 Carolum
3095 3163 3356 3232 Calvum,
3391 3166 3752 3226 Ludovicum

2099 3250 2368 3318 Balbum,
2401 3251 2674 3308 Carolum
2706 3253 3046 3325 Simplicem
3065 3257 3125 3310 et
3156 3254 3512 3311 Ludovicum
3534 3257 3754 3313 Transa-

2098 3340 2393 3396 marinnm
2425 3357 2590 3412 reges
2623 3341 2998 3410 Francorum,
3024 3345 3081 3398 et
3107 3341 3375 3399 Carolum
3408 3344 3615 3400 ducem
3647 3345 3756 3402 Lo-

2097 3428 2406 3502 tharingize
2437 3428 2751 3497 interioris,
2767 3432 2940 3502 cujus
2967 3430 3088 3487 ﬁlia
3111 3431 3224 3488 fuit
3249 3432 3406 3489 dicta
3435 3434 3751 3508 Gerberga,

2096 3517 2226 3573 avia
2255 3517 2553 3574 Eustachii
2585 3519 2657 3587 ll,
2685 3519 2780 3576 cui
2812 3525 2994 3593 nupta
3028 3521 3139 3576 fuit
3169 3522 3227 3578 Β.
3261 3521 3384 3578 ida.
3433 3522 3751 3582 Orderious

2095 3604 2323 3674 Vitalis,
2347 3606 2448 3662 lib.
2471 3625 2528 3663 ιν
2557 3607 2816 3664 Historiae
2843 3608 3250 3666 ecclesiasticae
3279 3610 3350 3665 ad
3385 3621 3479 3666 an.
3501 3612 3659 3680 1667,
3674 3613 3750 3670 de

2094 3693 2187 3751 his
2217 3696 2571 3768 conjugibus
2601 3694 2717 3752 ista
2743 3696 2922 3754 habet
2949 3716 2966 3752 :
2999 3698 3134 3753 Erat
3165 3697 3517 3755 Eustachius
3547 3715 3747 3758 comes

2091 3799 2316 3856 magna
2348 3783 2770 3850 nobilitatis,ex
2788 3786 3061 3858 prosapia
3079 3785 3302 3846 scilicet
3312 3786 3502 3844 Caro-1i
3524 3788 3742 3862 Magni,

2093 3873 2442 3928 Francorum
2473 3873 2869 3930 strenuissimi
2902 3875 3084 3949 regis;
3119 3881 3244 3934 erat
3271 3891 3471 3948 quq-ue
3515 3882 3744 3950 magna

2088 3961 2414 4032 potestatis,
2449 3967 2649 4034 utpote
2678 3964 2952 4020 sublimis
2983 3965 3254 4037 princeps
3288 3966 3464 4020 trium
3498 3967 3746 4022 comita-

2088 4049 3022 4120 tuum,Boloniensis,Ghisnensis
3050 4058 3106 4108 et
3133 4055 3552 4111 Tarwanensis
3574 4071 3745 4127 gene-

2088 4154 2282 4192 rosam
2312 4143 2369 4193 et
2400 4137 2735 4210 religiosam
2769 4139 2912 4195 Itam
2946 4141 3169 4196 habens
3203 4159 3464 4198 uxorem.
3489 4143 3620 4199 Haec
3640 4143 3742 4200 Or-

2087 4225 2338 4282 dericus.
2372 4226 2586 4281 Verum
2621 4227 2843 4282 fallitur
2872 4229 2931 4284 in
2960 4230 3192 4286 duobus
3223 4230 3601 4287 comitatibus
3633 4233 3742 4288 Eu-

2085 4315 2312 4371 stachio
2343 4315 2754 4372 attribuendis.
2789 4317 3030 4373 Vivebat
3058 4323 3198 4376 tunc
3237 4320 3456 4392 proprii
3489 4321 3736 4380 comites

2084 4401 2463 4471 Ghisnenses,
2487 4409 2755 4460 accurate
2786 4405 3063 4479 descripti
3091 4424 3126 4463 a
3156 4409 3464 4464 Lamberto
3497 4410 3738 4483 presby-

2083 4496 2206 4547 tero
2257 4493 2527 4548 Ardrensi
2589 4493 2646 4546 in
2705 4493 2958 4550 Historia
3014 4496 3298 4552 comitum
3352 4498 3738 4556 Ardrensium

2085 4597 2262 4652 quam
2290 4598 2442 4636 anno
2477 4582 2607 4636 1181
2643 4581 2912 4649 absolvit,
2947 4601 3244 4657 quamque
3292 4585 3579 4641 habemus
3608 4603 3740 4643 ma-

2083 4666 2546 4739 nuscriptam,et
2574 4669 2746 4740 cujus
2779 4671 3095 4727 maximam
3120 4677 3346 4745 partem
3373 4673 3428 4728 in
3453 4673 3580 4730 suis
3601 4690 3736 4747 pro-

2084 4755 2417 4811 bationibus
2445 4761 2577 4811 ante
2609 4756 2883 4815 indicatis
2907 4760 3089 4816 edidit
3119 4761 3377 4817 Andreas
3403 4763 3485 4817 Du
3508 4762 3737 4818 Chesne

2082 4844 2395 4900 comitatus
2417 4845 2592 4900 etiam
2617 4847 3013 4904 Tauranensis
3047 4865 3060 4903 :
3096 4867 3130 4904 a
3156 4849 3351 4906 Miraao
3381 4854 3438 4905 et
3461 4849 3592 4906 aliis
3617 4867 3741 4907 crs-

2083 4931 2244 4988 ditur
2271 4933 2424 4988 idem
2473 4933 2654 4988 fuisse
2681 4951 2813 4990 cum
2847 4937 3129 4993 comitatu
3179 4939 3378 4994 Sancti
3413 4939 3598 5006 Pauli,
3630 4941 3736 5012 qui

320 5009 774 5090 Willelmusmui
810 5031 971 5098 pater
999 5024 1161 5080 dedit
1187 5023 1456 5086 Ghisncs,
1477 5019 1575 5092 qui
1599 5019 1826 5091 primus
1861 5021 1968 5076 fuit
1997 5009 2041 5078 C
2081 5021 2382 5077 comitatui
2421 5021 2747 5078 Boloniensi
2783 5024 2895 5080 fuit
2923 5025 3241 5098 aliquando
3271 5029 3608 5099 adjunctus,
3632 5009 3738 5084 sed

318 5133 515 5172 comes
547 5116 615 5170 de
646 5114 919 5169 Ghisncs.
957 5113 1057 5167 ille
1107 5116 1302 5166 autem
1354 5127 1549 5165 comes
1596 5107 1803 5176 Guido,
1837 5114 1970 5182 post

320 5203 442 5258 hazc
471 5201 891 5272 facta,obiit,et
921 5199 1188 5272 sepultus
1219 5203 1309 5254 est
1341 5199 1496 5269 apud
1539 5197 1597 5252 S.
1620 5195 1966 5254 Vulmarum

316 5289 378 5346 in
410 5291 677 5355 Nemore,
701 5290 784 5344 uti
817 5295 1017 5361 postea
1047 5288 1205 5342 ﬁlius
1239 5285 1555 5341 Balduinus
1588 5301 1784 5341 comes
1803 5286 1967 5343 Bolo-

316 5377 560 5446 niensis,
593 5379 764 5450 cujus
822 5377 945 5444 lilii,
989 5382 1198 5448 praeter
1249 5375 1561 5430 Fulconem
1602 5373 1964 5448 episcopum,

313 5467 552 5523 fuerunt
572 5466 887 5524 Gaut‘ridus
908 5481 1104 5521 comes
1129 5462 1513 5529 Boloniensis,
1530 5466 1587 5517 et
1615 5462 1968 5522 Eustachius

315 5569 510 5614 comes
541 5572 576 5613 a
603 5553 776 5626 l'Oel;
800 5555 974 5615 ambo
996 5554 1152 5627 apud
1176 5553 1236 5612 S.
1260 5551 1609 5608 Vulmarum
1631 5550 1703 5608 de
1723 5551 1970 5611 Nemore

2077 5111 2454 5182 postmodum
2501 5111 2837 5184 disjunctus
2885 5118 2944 5170 et
2995 5116 3170 5172 datus
3215 5117 3447 5190 Hugoni
3477 5116 3598 5173 ﬁlio
3630 5134 3736 5174 seu

2075 5199 2359 5255 Guidonis
2385 5216 2487 5255 seu
2517 5200 2816 5260 Guilelmi.
2841 5209 2926 5260 An
2957 5208 3153 5261 tamen
3175 5205 3528 5262 Eustachius
3551 5206 3735 5261 comi-

2077 5294 2238 5344 tatus
2257 5289 2565 5361 utriusque
2596 5290 2834 5348 titulum
2866 5295 3114 5367 gesserit
3142 5294 3424 5352 nolumus
3453 5293 3735 5352 divinare.

2077 5377 2303 5433 Dicitur
2332 5378 2604 5449 superius
2635 5397 2754 5436 una
2783 5399 2917 5438 cum
2951 5383 3191 5440 Bolonia
3220 5384 3536 5441 comitatus
3579 5383 3738 5442 Lens

2076 5466 2354 5532 taaditus,
2377 5466 2478 5538 qui
2510 5474 2714 5540 postea
2745 5471 2920 5528 datus
2951 5473 3062 5530 fuit
3093 5475 3402 5531 Lamberto
3425 5472 3586 5530 fratri
3616 5473 3733 5530 Eu-

2080 5553 2289 5613 stachii
2317 5554 2366 5610 II
2401 5569 2413 5612 :
2448 5555 2569 5627 qui,
2596 5557 2694 5615 illo
2716 5559 2845 5617 sine
2892 5560 3092 5620 liberis
3135 5581 3232 5621 an.
3264 5564 3402 5620 1054
3431 5563 3731 5635 defuncto,
