4010 6078
385 296 510 364 ,435

1203 299 1306 362 ΑΙ)
1352 297 1861 368 GODEFRIDUM
1907 295 2419 362 APPENDIGES.
2453 329 2530 344 -—
2558 297 2896 362 APPEN—D.
2937 296 2988 364 Ῑ.

3663 297 3793 366 I36

388 435 672 494 comitatu
701 433 1084 492 Namurcensi
1139 434 1354 492 dicitur
1396 433 1707 492 Godefrido
1747 431 2031 489 Bullionis
2060 431 2115 500 Α
2214 435 2268 489 8.
2301 434 2439 490 Acta
2458 433 2586 506 ejus
2603 433 2890 491 habemus
2912 431 3166 507 triplicia
3189 451 3202 491 :
3226 432 3437 491 horum
3459 432 3795 509 antiquiora

387 527 547 592 duci,
579 529 636 581 et
660 523 942 581 Balduino
973 525 1116 598 regi,
1148 529 1206 580 et
1243 524 1555 580 Eustachio
1604 523 1802 579 comiti
1853 522 2036 578 fuisse

386 617 843 688 sororem,cujus
865 614 1022 670 filius
1045 615 1345 671 Manasses
1375 612 1930 686 exstitit,possidens
1948 629 2038 667 ca-

387 710 575 760 strum
605 709 664 759 et
681 704 962 777 oppidum
995 702 1582 776 quoddam,llirgiam
1606 699 2034 768 nomine,villas

387 798 444 850 et
473 794 697 850 reditus
727 793 874 849 satis
903 797 1129 860 tenues,
1151 797 1437 865 quantum
1460 792 1530 846 ad
1555 795 1732 847 tanta:
1751 789 2034 846 claritatis

385 883 599 938 virum.
631 883 785 938 Num
815 882 916 937 uni
948 882 1130 937 sorori
1163 881 1283 936 haec
1311 881 1509 936 omnia
1538 897 1612 936 an
1643 879 1911 952 pluribus
1932 878 2033 934 tri-

388 972 622 1027 buenda
651 971 790 1038 sint,
823 988 937 1027 non
988 986 1149 1044 asque
1198 970 1402 1042 liquet.
1437 970 1670 1026 Mirans
1716 969 1866 1024 duas
1915 967 2034 1024 illis

390 1060 571 1116 fuisse
601 1076 829 1116 sorores
859 1060 1197 1115 arbitratur.
1233 1059 1394 1114 Dicta
1444 1058 1662 1132 Hirgia,
1689 1057 1821 1114 aliis
1853 1058 2036 1113 Herca

389 1155 478 1206 est
506 1148 786 1222 oppidum
815 1148 939 1221 agri
971 1147 1308 1204 Leodiensis
1337 1147 1595 1203 vicinum
1627 1146 2034 1212 Brabantiae,in

388 1239 632 1311 antiqua
660 1239 954 1294 Hasbania
977 1238 1179 1294 situm.

425 1388 432 1394 _
459 1328 513 1382 6.
546 1326 691 1382 Cum
718 1325 1070 1382 Guilielmus
1119 1326 1238 1381 dux
1285 1325 1751 1391 Nortazmannie,
1783 1339 2030 1397 regnum

387 1414 609 1488 Anglia
631 1420 1002 1488 accepturus,
1025 1414 1084 1470 in
1117 1432 1246 1470 eam
1279 1414 1534 1472 insulam
1565 1430 1718 1470 anno
1739 1414 1878 1470 1066
1897 1429 2036 1469 cum

387 1505 621 1578 copioso
653 1504 905 1560 exercitu
939 1503 1289 1578 navigasset,
1323 1509 1562 1560 coactus
1586 1504 1694 1559 fuit
1724 1519 1858 1559 cum
1881 1519 2039 1558 exer-

387 1597 506 1652 citu
536 1593 856 1668 Anglicano
887 1594 1216 1666 confligere.
1250 1595 1405 1649 Inter
1433 1610 1532 1649 eos
1557 1593 1658 1666 qui
1680 1591 1818 1648 huic
1840 1589 2036 1664 praelia

387 1685 799 1749 interfuerunt,
824 1687 880 1739 et
911 1683 1210 1739 victoriam
1241 1681 1549 1738 Guillelmo
1581 1686 1932 1755 pepererunt
1961 1679 2036 1735 ab

389 1773 661 1830 Orderico
707 1771 896 1828 Vitale
928 1772 1027 1829 lib.
1064 1790 1125 1828 ιιι
1151 1772 1379 1844 primus
1437 1772 1779 1827 nominatur
1834 1770 2037 1825 Eusta-

387 1863 556 1919 chius
587 1862 836 1919 Bolonize
867 1879 1083 1918 comes.
1116 1867 1188 1916 At
1217 1866 1436 1935 postea,
1474 1867 1538 1917 ut
1585 1859 1894 1917 0rdericus
1953 1858 2034 1914 ait

389 1953 489 2010 lib.
524 1970 578 2009 ιν
599 1954 671 2008 ad
701 1969 922 2008 annum
955 1952 1114 2018 1067,
1151 1974 1178 2000 (ι
1211 1951 1578 2007 multimodis
1598 1949 2032 2006 Northmanno-

390 2059 520 2100 rum
543 2040 1022 2114 oppressionibus
1041 2039 1210 2113 Angli
1235 2041 1306 2096 ad
1326 2038 1698 2095 rebellionem
1721 2037 2030 2105 lacessitis,

389 2132 687 2189 Boioniam
719 2131 942 2204 legatos
973 2129 1354 2195 miserunt,et
1373 2128 1686 2185 Eustachio
1713 2127 1936 2193 comiti,
1967 2130 2034 2182 ut

388 2239 523 2279 cum
541 2219 1066 2293 classe,diligenter
1080 2218 1366 2274 militibus
1379 2223 1434 2274 et
1445 2218 1625 2274 armis
1646 2216 2032 2283 instructa,ad

387 2310 824 2384 suscipiendam
861 2312 1135 2365 noveram
1183 2307 1549 2378 acceleraret,
1581 2307 2028 2363 mandaverunt.

387 2405 511 2469 Qua
540 2399 902 2472 expeditione
950 2415 1066 2454 non
1113 2398 1482 2465 succedente,
1513 2414 1627 2453 non
1677 2395 1860 2452 multo
1900 2399 2034 2468 post

383 2489 738 2548 Eustachius
761 2505 958 2545 comes
985 2486 1282 2543 Willelmo
1310 2487 1430 2560 regi
1464 2485 1872 2542 reconciliatus
1919 2489 2030 2553 est,

385 2581 630 2653 ejusque
645 2579 906 2635 amicitia
927 2577 1100 2650 longo
1120 2582 1379 2649 tempore
1401 2576 1777 2648 postmodum
1801 2575 2033 2648 perfun-

386 2675 538 2728 ctus.
554 2668 822 2736 Quandiu
848 2672 1048 2740 postea
1067 2666 1273 2722 vixerit
1292 2683 1406 2721 non
1429 2668 1675 2722 constat.
1692 2669 1768 2720 De
1789 2661 2032 2720 ecclesia

388 2758 690 2817 Lensiensi
722 2761 1068 2823 restaurata,
1100 2760 1159 2812 et
1197 2753 1513 2829 privilegiis
1571 2753 1830 2810 stabilita
1877 2770 2032 2809 anno

333 2897 336 2900 .
389 2852 530 2908 1070
562 2849 712 2904 infra
740 2861 1003 2920 agemus.
1037 2846 1237 2901 Exstat
1265 2845 1468 2900 charta
1506 2842 1768 2900 Balduini
1799 2842 2032 2899 comitis

388 2938 693 2996 Gisncnsis
738 2936 798 2992 in
848 2935 1130 2991 Chronico
1175 2933 1493 2990 Andrensis
1535 2931 1874 2989 monasterii
1926 2948 2030 3004 pro

390 3028 731 3085 fundatione
761 3025 904 3082 dicti
953 3023 1311 3089 monasterii,
1345 3022 1526 3078 relata
1573 3021 1646 3078 ab
1683 3022 1913 3078 Andrea
1941 3021 2031 3077 Du

2062 1807 2112 1872 B

2143 524 2355 579 damus
2384 541 2452 581 ex
2481 529 2812 596 pervcstuto
2843 523 3040 580 codice
3070 541 3181 580 ms.
3214 523 3441 598 collegii
3474 525 3795 600 Brugensis

2143 612 2450 669 Societatis
2479 612 2973 686 Jesu,composita
2991 615 3304 686 (quantum
3335 615 3568 687 assequi
3592 633 3799 688 possu-

2143 706 2299 770 mus)
2330 719 2364 758 a
2396 702 2680 758 monacho
2709 703 3044 759 Wastensis
3070 701 3430 770 monasterii,
3463 705 3536 760 ab
3569 705 3699 778 ipsa
3731 705 3793 762 in

2143 808 2282 864 agro
2307 791 2632 848 Boloniensi
2654 792 2918 859 fundato,
2942 792 3001 847 in
3025 809 3142 865 quo
3171 796 3229 848 et
3254 791 3485 865 sepulta
3514 799 3622 850 est.
3653 794 3794 851 Cor-

2142 897 2253 953 pus
2284 885 2418 953 post
2438 881 2655 938 multos
2675 882 2801 938 dies
2832 882 3124 955 integrum
3151 898 3287 938 cum
3313 881 3572 938 vestibus
3593 901 3796 957 reper-

2142 974 2270 1026 tum
2301 987 2452 1036 esse,
2482 970 2608 1043 ipse
2637 976 2843 1028 auctor
2869 970 3172 1028 occulatus
3195 975 3466 1027 testatur.
3483 972 3797 1030 Adduntur

2144 1057 2353 1115 deinde
2377 1059 2573 1131 aliqua
2604 1061 2907 1128 miracula,
2940 1060 3187 1116 aliorum
3219 1061 3574 1117 testimoniis
3621 1063 3794 1119 robo-

2142 1152 2270 1204 rata
2300 1165 2314 1204 :
2347 1147 2499 1206 inter
2525 1166 2658 1222 quae
2685 1155 2776 1206 est
2805 1149 2922 1207 fere
2951 1149 3250 1218 ultimum,
3274 1149 3599 1222 praestitum
3631 1151 3796 1224 nepti

2142 1237 2330 1310 ipsius
2360 1239 2422 1296 Β.
2459 1239 2568 1295 Idae
2613 1256 2682 1294 ex
2733 1237 2851 1294 filio
2898 1237 3232 1307 Eustachio,
3265 1255 3380 1311 quo
3427 1238 3620 1295 adhuc
3664 1239 3794 1296 vivo

2143 1327 2363 1400 scripta
2390 1327 2661 1384 videntur
2679 1328 2837 1384 dicta
2858 1329 3165 1400 Acta,post
3195 1345 3290 1384 an.
3315 1327 3337 1383 1
3353 1327 3605 1400 l30,quo
3637 1345 3794 1385 mor-

2141 1419 2280 1472 tuus
2310 1421 2402 1472 est
2431 1417 2494 1473 Β.
2525 1416 2782 1474 Joannes
2811 1416 3124 1490 episcopus
3171 1416 3582 1484 Tarvanensis,
3614 1432 3794 1490 quem

2142 1505 2314 1561 titulo
2337 1505 2443 1578 piae
2468 1506 2762 1562 memoriis
2784 1506 3032 1562 honorat
3051 1507 3430 1562 auctor.Acta
3452 1504 3596 1572 haec,
3621 1511 3799 1579 prout

2143 1593 2437 1650 habentur
2480 1594 2540 1650 in
2589 1595 2743 1650 dicto
2791 1593 3150 1667 apograpbo,
3183 1594 3243 1650 in
3289 1593 3483 1650 varias
3513 1593 3797 1653 lectiones

2143 1687 2281 1740 sunt
2311 1681 2648 1748 distributa,
2681 1687 2738 1739 et
2768 1683 3004 1738 additur
3031 1683 3142 1739 sub
3181 1685 3362 1740 ﬁnem
3407 1681 3548 1740 trita
3594 1683 3798 1743 lectio-

2145 1789 2286 1827 num
2319 1771 2641 1838 conclusio,
2678 1774 2753 1828 Tu
2783 1780 2984 1841 autem,
3016 1774 3264 1840 Domine,
3294 1774 3555 1831 miserere
3594 1775 3794 1831 nostri.

2140 1861 2245 1918 Deo
2273 1864 2517 1932 gratias;
2549 1861 2759 1918 titulus
2791 1866 2986 1918 autem
3031 1862 3354 1935 prieﬁgitur
3399 1862 3492 1920 hic
3526 1880 3540 1920 :
3578 1865 3696 1920 Vita
3725 1866 3792 1921 Β.

2140 1949 2273 2017 Idae,
2304 1953 2599 2008 comitissae
2627 1952 2900 2017 Βοιοηίέε,
2937 1951 3138 2022 viduas,
3169 1956 3227 2008 et
3256 1951 3316 2006 in
3364 1957 3639 2008 contextu
3688 1970 3796 2027 ap-

2141 2039 2392 2112 pellatur
2418 2048 2628 2108 sancta,
2657 2042 3026 2109 sanctissima,
3061 2043 3234 2108 beata,
3270 2042 3602 2111 beatissima,
3633 2058 3797 2100 vene-

2141 2131 2437 2197 ratissima,
2468 2131 2817 2196 venerabilis,
2849 2134 2908 2185 et
2937 2129 3008 2186 ad
3041 2129 3469 2186 venerationem
3499 2131 3630 2203 ejus
3659 2136 3798 2205 post

2143 2221 2390 2274 mortem
2422 2218 2592 2274 multi
2624 2219 2905 2275 dicuntur
2933 2235 3258 2275 accurrere.

2210 2307 2264 2363 9.
2297 2306 2490 2363 Altera
2518 2307 2651 2364 Vita
2677 2308 2854 2364 datur
2883 2324 2951 2364 ex
2979 2307 3178 2364 codice
3209 2325 3321 2364 ms.
3342 2308 3682 2366 monasterii
3703 2326 3798 2368 ca-
3909 2331 3916 2336 ‘

2142 2397 2486 2452 nonicorum
2518 2396 2876 2470 regularium
2903 2395 3322 2453 Rubeaa-Vallis
3344 2414 3522 2470 prope
3554 2398 3796 2456 Bruxel-

2140 2483 2247 2554 las,
2272 2501 2342 2541 ex
2365 2485 2556 2557 prima
2585 2491 2752 2559 parte
2781 2484 3104 2559 Hagiologii
3137 2485 3648 2556 Brabantinorum,
3679 2487 3799 2545 colo

2139 2573 2288 2630 lecta
2319 2579 2376 2630 et
2404 2574 2736 2646 conscripta
2781 2591 2816 2630 a
2861 2575 3087 2631 Joanne
3132 2573 3473 2644 Gillemans,
3507 2576 3606 2649 qui
3656 2583 3795 2634 ante

2139 2665 2422 2720 ducentos
2453 2680 2639 2720 annos
2667 2679 2880 2736 magna
2912 2663 3204 2720 industria
3248 2668 3306 2720 et
3355 2663 3553 2722 labore
3593 2664 3796 2738 plures

2140 2758 2477 2810 sanctorum
2505 2752 2666 2808 Vitas
2695 2752 2948 2826 collegit,
2977 2757 3035 2809 et
3063 2752 3200 2809 huic
3249 2752 3392 2809 Vita
3440 2757 3574 2810 ante
3621 2771 3794 2812 suam

2141 2841 2536 2915 pretationem
2567 2840 2886 2914 preposuit
2916 2842 3072 2898 hunc
3105 2841 3344 2898 titulum
3375 2858 3388 2898 ε
3428 2844 3553 2899 Vita
3584 2842 3642 2899 S.
3676 2843 3797 2902 Ida

2139 2931 2323 2989 vidtur
2340 2939 2391 2986 et
2421 2932 2760 2987 Botoniensis
2787 2931 3172 2998 comitissaeﬂe
3189 2932 3359 3004 stirpe
3385 2933 3791 3000 Karotidarum,

2141 3019 2540 3092 nonnullaque
2597 3019 2657 3075 in
2710 3019 3021 3076 Brabantia
3075 3023 3240 3094 gesta
3292 3021 3478 3088 addit,
3510 3020 3795 3094 inpriore

389 3117 706 3187 Chesne;in
730 3113 1257 3190 probationibusad
1275 3111 1583 3168 Historiam
1595 3110 2028 3185 genealogicam
2066 3175 2105 3190 Α
2142 3109 2274 3166 Vita
2303 3109 2544 3165 omissa.
2572 3107 2744 3164 Aliud
2775 3108 3188 3181 compendium
3239 3108 3526 3166 habemus
3574 3128 3642 3166 ex
3674 3128 3789 3168 ms.

388 3209 556 3266 dictae
579 3175 810 3264 familiae
831 3203 1136 3260 Gisncnsis
1169 3218 1300 3276 pag.
1318 3205 1409 3267 25,
1433 3200 1493 3256 in
1525 3175 1643 3274 qua
1673 3201 1824 3256 inter
1840 3175 2031 3257 testes
2061 3175 2106 3244 δ
2141 3197 2338 3254 codice
2381 3195 2760 3269 Uitrajectino
2809 3196 2868 3254 S.
2893 3175 3232 3264 Salvatoris,
3255 3213 3391 3253 cum
3420 3197 3530 3254 hoc
3579 3197 3749 3255 titulo
3774 3215 3790 3256 :

387 3302 520 3372 post
563 3296 907 3354 Goiﬁ‘ridum
941 3293 1397 3348 Parisiacensem
1446 3291 1810 3362 episcOpum,
1843 3289 2034 3363 prima
2148 3289 2271 3343 Vita
2299 3294 2506 3344 sancte
2534 3285 2645 3343 Idae
2669 3287 2961 3343 comitium
2979 3286 3338 3354 Boloniensis,
3363 3286 3588 3360 reliqua
3613 3288 3794 3344 omit-

385 3387 696 3444 adhibetur
718 3379 1190 3439 IdaBoloniensis
1210 3379 1530 3436 comitissa.
1551 3380 1723 3435 Facta
1745 3384 1943 3435 autem
1965 3397 2034 3436 ea

384 3477 583 3533 charta
613 3479 703 3531 est
731 3489 885 3528 anno
919 3467 1344 3527 lncarnationis
1365 3467 1592 3524 Domini
1617 3469 1768 3523 1084.
1804 3470 2032 3534 Quanto

382 3570 641 3639 tempore
663 3568 802 3620 tunc
823 3561 998 3616 vidua
1021 3560 1229 3626 fuerat,
1245 3574 1362 3613 non
1387 3561 1636 3613 constat.
1660 3555 1886 3614 Vixisse
1903 3575 2033 3615 eam

384 3672 570 3728 usque
600 3654 672 3710 ad
703 3667 925 3708 annum
958 3649 1117 3716 1106,
1150 3664 1219 3702 ex
1267 3645 1607 3720 diplomatis
1654 3647 1831 3704 variis
1882 3647 2036 3706 infra

384 3743 747 3819 proferendis
779 3739 1156 3797 manifestum
1189 3736 1307 3793 ﬁet.

594 3904 625 3977 §
657 3901 728 3959 II.
760 3900 954 3977 Obi_tas
976 3899 1046 3977 _B.
1079 3896 1410 3977 Μάλγνανίιξ
1442 3900 1581 3977 Acta
1608 3897 1835 3968 scripta.

846 3971 1053 4029 Titulus
1082 3976 1286 4025 sanctae
1312 3975 1363 4024 et
1389 3969 1583 4024 beata}.

457 4104 508 4159 7.
546 4101 835 4157 Mortuam
866 4112 995 4152 esse
1039 4095 1101 4150 Β.
1136 4093 1298 4149 Idam
1347 4092 1441 4148 die
1489 4090 1792 4148 Dominica
1835 4091 2036 4150 Idibus

387 4189 607 4265 Aprilis
631 4190 774 4244 Acta
799 4187 1074 4242 referunt.
1107 4183 1249 4238 Eam
1279 4182 1353 4237 ad
1385 4198 1608 4236 annum
1659 4181 1796 4236 1106
1824 4199 2034 4254 super-

385 4281 569 4337 fuisse
597 4280 845 4334 testatur
875 4274 1029 4330 infra
1060 4271 1406 4328 Lambertus
1453 4270 1764 4342 episcopus
1792 4271 2033 4328 Atreba-

385 4369 569 4427 tensis
599 4368 658 4423 in
689 4364 1008 4439 diplomate
1028 4379 1132 4435 pro
1155 4358 1456 4417 Lensiensi
1487 4358 1743 4415 Ecclesia
1773 4366 1831 4416 et
1860 4360 2032 4418 colle-

385 4459 479 4534 gio
509 4455 946 4524 canonicorum,
979 4451 1091 4508 isto
1123 4467 1274 4507 anno
1304 4467 1380 4506 vn
1413 4449 1552 4504 ldus
1588 4448 1748 4505 Junii
1777 4449 2030 4523 signato.

2141 3377 2343 3442 timus,
2377 3380 2580 3448 utpote
2619 3392 2688 3431 ex
2718 3375 2908 3448 prima
2953 3375 3086 3431 Vita
3116 3380 3437 3432 contracta.
3472 3376 3697 3433 Passim
3731 3378 3795 3435 in

2145 3471 2394 3538 utraque
2421 3465 2530 3520 hac
2561 3464 2714 3530 Vita,
2741 3464 2885 3520 utin
2908 3463 3077 3520 titulo
3097 3464 3182 3520 sic
3203 3465 3379 3521 etiam
3412 3465 3468 3520 in
3495 3465 3623 3540 ipso
3653 3483 3798 3524 con-

2143 3559 2302 3611 textu
2326 3553 2818 3622 bistorize,sancta
2834 3558 2893 3610 et
2912 3553 3082 3610 beata
3105 3553 3794 3627 ldaappellatur.Eodem

2143 3644 2318 3700 modo
2329 3643 2703 3700 Gerbrandus
2729 3642 3046 3715 Leydensis
3075 3646 3133 3698 et
3149 3647 3354 3700 auctor
3371 3643 3645 3700 Chronici
3671 3643 3798 3702 Bel-

2143 3733 2256 3806 gici
2287 3737 2551 3790 sanctam
2585 3734 2746 3789 Idam
2777 3733 3374 3805 cumpellant.Auctor
3403 3751 3514 3790 ms.
3544 3735 3794 3793 Florarii

2145 3827 2485 3878 sanctorum
2505 3821 2608 3878 tali
2629 3838 2757 3878 eam
2777 3821 2964 3895 elogio
2984 3827 3226 3879 exornat
3253 3823 3326 3879 ad
3347 3822 3506 3880 hunc
3540 3825 3606 3880 13
3623 3824 3796 3898 Apri-

2144 3911 2218 3968 lis
2250 3929 2264 3967 :
2301 3934 2331 3964 «
2367 3911 2662 3984 Depositio
2693 3913 2752 3968 S.
2781 3912 2894 3968 Idas
2922 3911 3130 3978 vidum,
3163 3911 3478 3969 comitissis
3518 3913 3793 3983 Bolonizs,

2146 4001 2352 4058 matris
2379 4000 2670 4057 Godefridi
2693 4006 2750 4056 et
2782 4000 3045 4056 Balduini
3067 4001 3315 4058 fratrum
3333 4001 3793 4073 Coloniensium,

2145 4095 2347 4164 postea
2394 4106 2598 4164 regum
2649 4089 3251 4163 Hierosolymitarum,
3281 4091 3351 4147 de
3381 4090 3796 4164 stirpeCaroli-

2144 4180 2374 4236 darum.
2399 4201 2426 4229 »
2461 4179 2738 4235 Eamdem
2770 4178 3065 4235 celebrant
3093 4179 3360 4237 Molanus
3391 4181 3449 4236 in
3483 4181 3789 4239 Natalibus

2143 4273 2480 4326 sanctorum
2513 4267 2714 4342 Belgii,
2738 4268 2971 4324 Miraaus
2999 4267 3058 4324 in
3085 4269 3271 4326 Fastis
3294 4268 3542 4344 Belgicis
3563 4275 3623 4326 et
3652 4271 3795 4328 Bur-

2141 4357 2436 4432 gundicis,
2469 4357 2767 4413 Ferrarius
2800 4357 2858 4412 in
2891 4356 3162 4431 Catalogo
3191 4359 3545 4432 generali,et
3567 4359 3791 4432 passim

2143 4446 2513 4504 recentiores.
2549 4445 2918 4504 Malbrancus
2949 4445 3008 4502 in
3039 4446 3287 4504 historia
3315 4465 3424 4504 sua
3453 4449 3526 4504 de
3547 4447 3794 4506 Morinis

385 4549 522 4605 Post
552 4559 773 4602 annum
797 4544 926 4615 jam
959 4541 1181 4597 dictum
1209 4539 1336 4595 dies
1365 4536 1670 4594 Dominica
1719 4537 1927 4594 incidit
1969 4539 2028 4596 in
2061 4544 2106 4608 Ι)
2137 4536 2358 4610 passim
2392 4536 2622 4592 beatam
2653 4535 2991 4608 appellat,et
3017 4535 3462 4610 lib.lx,cap.35,
3486 4537 3697 4594 asserit
3725 4553 3793 4594 se

383 4637 524 4693 Idus
554 4633 765 4708 Aprilis
792 4650 887 4688 an.
925 4631 1081 4696 1113,
1113 4627 1272 4700 cyclo
1303 4627 1455 4683 lunae
1497 4643 1594 4692 xu,
1630 4626 1772 4683 solis
1825 4643 1886 4696 ιι,
1928 4627 2028 4683 lit-

2139 4627 2197 4682 in
2231 4625 2355 4682 loco
2386 4624 2700 4698 sepultura
2729 4625 2858 4696 ejus
2890 4624 3090 4692 fuisse,
3122 4647 3150 4675 «
3167 4617 3388 4682 'vidisse
3407 4625 3640 4699 signum
3659 4627 3792 4697 ejus

383 4732 507 4782 tera
541 4721 924 4787 DominicaE,
958 4719 1195 4792 quando
1246 4715 1470 4773 Pascha
1515 4714 1872 4771 celebratum
1923 4716 2032 4773 fuit
2138 4733 2170 4772 e
2200 4714 2453 4771 candido
2483 4713 2698 4786 lapide,
2733 4714 2996 4786 quinque
3027 4715 3204 4786 pedes
3229 4714 3504 4782 altum,in
3537 4715 3652 4771 divi
3687 4715 3796 4771 Mi-

383 4815 475 4871 die
503 4816 538 4868 6
557 4811 791 4886 Aprilis,
823 4814 882 4866 et
911 4824 1164 4880 sequens
1213 4803 1516 4862 Dominica
1545 4805 1600 4859 in
1633 4804 1796 4860 Albis
1824 4804 2031 4863 incidit
2136 4804 2356 4861 cbaelis
2385 4804 2533 4870 aede;
2565 4808 2622 4859 et
2651 4802 2795 4859 velle
2817 4802 3057 4870 incolas,
3073 4802 3214 4859 illuc
3233 4803 3534 4861 tumulum
3560 4803 3791 4877 magni-

382 4903 441 4958 in
473 4903 612 4958 Idus
639 4899 876 4973 Aprilis.
901 4898 1065 4952 Tunc
1097 4899 1294 4951 autem
1313 4895 1375 4950 Β.
1404 4894 1508 4950 Ida
1533 4898 1659 4949 erat
1687 4892 1912 4966 aliquot
1931 4912 2030 4950 an-

2137 4894 2313 4949 ficum
2364 4893 2437 4948 ab
2485 4891 2797 4948 Eustachio
2843 4892 2964 4948 ﬁlio
3012 4908 3141 4948 eam
3181 4897 3577 4961 consecutam,
3611 4899 3792 4964 atque

377 4990 471 5047 nis
504 4986 949 5062 septuagenaria
979 4985 1202 5056 major:
1231 4989 1295 5038 ut
1315 4999 1430 5039 non
1451 4981 1718 5038 videatur
1737 4983 1810 5038 ad
1831 4984 2025 5056 majus
2133 4981 2457 5038 etiamnum
2487 4985 2780 5038 ostentare
2811 4997 3070 5036 marmor
3088 4997 3412 5054 supernum
3449 4998 3584 5038 cum
3617 4981 3791 5055 signo

378 5077 633 5144 senium,
665 5078 837 5149 cujus
883 5078 1013 5130 acta
1062 5089 1177 5129 non
1224 5071 1637 5140 meminerunt,
1662 5070 1842 5128 vitam
1890 5088 2024 5146 pro-

377 5167 645 5224 traxisse.

2134 5070 2234 5127 illo
2263 5087 2366 5126 seu
2387 5074 2611 5140 statua;
2635 5086 2764 5144 quae
2796 5071 2870 5126 ab
2901 5068 3122 5127 excidio
3148 5070 3309 5128 illius
3339 5069 3542 5145 templi
3563 5069 3794 5128 inculta

2123 5159 2342 5233 jacent.
2378 5179 2407 5209 ι)
