4010 6078
193 221 318 286 437

1544 216 1733 282 VITA
1774 215 2058 280 BEATIE
2099 214 2278 279 IDE.

3495 214 3615 279 438

1199 532 1757 663 BEATXE
1850 531 2166 658 um
2256 531 2637 666 VlTA

1103 759 1473 824 AUCTORE
1526 756 1907 820 MONACHO
1951 757 2362 819 WASTENSI
2415 757 2717 820 CO/EVO.

1424 920 1539 989 (Ex
1566 933 1669 973 ms.
1702 916 1976 990 Brugensi
2000 917 2195 973 Societ.
2225 918 2399 987 Iesu.)

839 1151 1232 1210 PROLOGUS.

264 1266 322 1324 Ι.
357 1263 585 1323 8801110
613 1259 986 1318 attestatione
1018 1259 1454 1330 Scripturarum
1497 1261 1854 1324 senescente,

191 1357 396 1428 etjam
427 1371 575 1428 pene
597 1352 668 1408 ad
690 1351 960 1418 ﬁnem,ut
990 1365 1163 1405 casus
1184 1350 1313 1420 ejus
1346 1346 1855 1413 indicat,cadente,

191 1443 586 1520 praesentium
616 1440 757 1513 quia
786 1438 1126 1495 destituitur
1155 1437 1375 1502 meriis,
1397 1437 1855 1491 succurrendum

190 1539 285 1594 est
317 1532 770 1608 prateritorum.
803 1528 981 1584 Primi
1025 1527 1183 1583 enim
1223 1525 1480 1581 hominis
1529 1529 1856 1598 peccatum,

193 1623 417 1682 seculo
447 1619 783 1694 incipiente,
814 1634 948 1674 cum
970 1615 1261 1690 promissa
1283 1618 1467 1670 morte
1497 1614 1860 1688 apparuit,ac

193 1713 414 1771 deinde
444 1710 590 1768 illud
611 1725 728 1764 non
759 1707 886 1764 sine
913 1709 1150 1779 peccato
1171 1720 1331 1760 mors
1353 1704 1462 1760 sub
1480 1705 1624 1776 pede
1646 1702 1852 1759 tenuit.

193 1799 593 1874 Multiplicato
611 1797 847 1870 quidem
870 1798 1125 1868 peccato,
1161 1792 1307 1848 vidit
1338 1792 1620 1848 Dominus
1641 1797 1856 1848 terram

194 1909 327 1951 esse
363 1893 726 1961 corruptam,
760 1890 816 1942 et
863 1883 1142 1956 repletam
1175 1882 1506 1954 iniquitate,
1540 1899 1860 1955 omnesque

195 1982 268 2040 ad
301 1979 534 2038 malum
569 1977 831 2043 tendere;
865 1971 1237 2044 etjudicium
1271 1988 1375 2044 per
1403 1987 1614 2043 aquam
1647 1969 1858 2028 saeculo

195 2072 463 2148 primum
495 2066 696 2124 intulit
731 2082 744 2122 :
776 2068 1177 2120 verumtamen
1205 2078 1320 2116 non
1371 2061 1713 2130 multorum,
1755 2062 1854 2134 qui

194 2167 341 2219 tunc
374 2160 630 2224 fuerant,
650 2156 947 2228 justorum
979 2151 1275 2219 meritum;
1308 2169 1379 2207 ne
1409 2167 1580 2206 omne
1625 2149 1855 2223 periret,

195 2249 425 2324 profuit
455 2244 690 2304 saeculo.
723 2241 1059 2315 Deprecatio
1091 2244 1285 2295 autem
1317 2239 1559 2294 Abrahae
1592 2256 1705 2294 non
1740 2257 1858 2312 pa:-

196 2341 495 2397 nitentem
526 2334 843 2390 Sodomam
873 2329 1128 2386 incendii
1159 2329 1401 2384 minime
1422 2327 1686 2384 liberavit
1707 2347 1739 2384 a
1761 2346 1881 2401 pe-,

196 2426 408 2486 riculo.
444 2427 673 2490 Quare?
702 2420 838 2494 quia
870 2436 984 2475 non
1019 2418 1191 2474 ﬁdem
1221 2416 1464 2473 Abrahae
1497 2416 1734 2484 imitari,
1755 2434 1860 2473 nec

1884 1148 2208 1222 Aineepta
2271 1148 2588 1204 descendat
2655 1148 2994 1221 propositio,
3061 1153 3118 1205 et
3178 1167 3446 1223 quaenam
3511 1153 3608 1225 sit,

1965 1254 2097 1294 vero
2155 1239 2563 1293 manifestatur
2608 1238 2966 1294 testimonio.
2993 1239 3114 1294 Vox
3163 1238 3346 1312 igitur
3390 1247 3449 1298 et
3495 1260 3613 1300 ma-

1967 1345 2078 1382 nus
2109 1327 2422 1383 scribentis
2469 1328 2840 1393 concordent,
2891 1329 3041 1400 quod
3095 1330 3299 1401 utique
3344 1347 3472 1388 esse
3517 1350 3612 1390 ve-

1966 1417 2160 1472 ritatis
2206 1416 2610 1488 hujuscemodi
2664 1416 2985 1485 notiﬁeent,
3030 1423 3319 1490 quatenus
3356 1419 3614 1494 legentes

1965 1511 2023 1562 et
2069 1505 2375 1562 audientes
2418 1506 2601 1561 Deum
2653 1505 2786 1561 inde
2838 1523 2948 1561 non
3002 1507 3338 1566 dubitantes
3395 1510 3614 1584 gloriﬁ-

1967 1601 2120 1652 cent.

2500 1730 2732 1787 CAPUT
2773 1731 3084 1788 PRIMUM.

2039 1852 2103 1904 B.
2135 1848 2248 1904 Idm
2271 1849 2551 1921 prosapia,
2585 1847 2850 1912 educatio,
2882 1850 3324 1918 matrimonium,
3359 1853 3541 1920 liberi,

2509 1922 2685 1974 virtus
2716 1921 2772 1975 in
2806 1921 3080 1992 conjugio.

2034 2062 2227 2119 2.Fuit
2256 2061 2453 2133 itaque
2483 2064 2613 2134 post
2642 2060 2812 2116 multi
2844 2062 3124 2134 temporis
3147 2065 3617 2140 eurricula,qum—

1966 2154 2102 2209 dam
2145 2151 2511 2208 nobilissima
2559 2155 2756 2206 exorta
2803 2153 3092 2224 prosapia,
3127 2153 3373 2226 insignis
3421 2157 3615 2214 adole-

1966 2241 2250 2309 scentula,
2284 2240 2522 2296 nomine
2552 2239 2849 2296 Ida.Pater
2874 2241 3003 2310 ejus
3033 2259 3211 2316 supra
3241 2248 3505 2315 potentes
3535 2251 3618 2303 at-

1967 2349 2079 2405 que
2112 2333 2268 2387 fama
2316 2330 2591 2401 majores,
2625 2346 2818 2384 coram
2873 2330 3221 2404 imperatore
3260 2333 3616 2392 Alamanno-

1968 2439 2120 2488 rum,
2155 2420 2403 2493 gradum
2435 2418 2701 2475 altiorem
2734 2424 2790 2474 et
2821 2421 2986 2492 quasi
3019 2420 3389 2495 privilegium
3421 2425 3614 2499 digni-

195 2514 448 2575 monitis
488 2511 797 2567 voluerunt
825 2507 1075 2564 credere.
1104 2505 1239 2560 Post
1268 2503 1455 2577 legem
1498 2521 1653 2572 vero,
1689 2503 1856 2576 quasi
1887 2511 1944 2587 Β
1966 2511 2103 2568 tatis
2135 2516 2308 2582 atque
2338 2508 2642 2582 potestatis
2686 2508 2959 2564 obtinens
2990 2509 3119 2578 fuit,
3153 2512 3389 2568 nomine
3430 2515 3615 2571 Gode-

193 2623 300 2681 per
328 2600 583 2660 nebulas
613 2596 893 2656 saculum
915 2596 1240 2669 juvantem,
1274 2592 1460 2649 sancti
1492 2593 1690 2648 Patres
1719 2611 1854 2648 ven-

194 2701 396 2753 turam
425 2689 640 2748 saaculo
670 2685 1068 2762 promiserunt
1099 2682 1370 2748 salutem,
1391 2687 1565 2755 atque
1597 2683 1858 2755 frequen-

191 2789 386 2842 tatam
410 2783 539 2838 suis
561 2777 784 2836 meritis
805 2773 1002 2832 saeculi
1033 2773 1441 2829 sustinuerunt
1470 2771 1854 2827 incommodi-

195 2880 401 2932 tatem.
440 2871 737 2927 Accedens
790 2865 1005 2939 quippe
1055 2862 1367 2936 przedicata
1413 2861 1594 2928 salus,
1646 2861 1856 2916 sreculo

199 2961 426 3021 labenti
461 2955 1030 3027 manifestavit,quas
1061 2951 1282 3024 patitur
1310 2949 1524 3005 diaboli
1555 2949 1745 3005 varias
1777 2949 1859 3004 in-

196 3053 530 3111 cursiones.
562 3047 673 3104 Sed
715 3045 906 3101 adhuc
952 3041 1110 3097 velut
1156 3039 1457 3096 declinans
1487 3043 1543 3094 et
1573 3039 1856 3111 pendens,

188 3145 409 3218 juvant
442 3138 587 3194 illud
621 3140 956 3192 sanctorum
988 3130 1195 3187 merita
1221 3134 1277 3186 et
1298 3129 1861 3201 orationes.Semper

198 3232 387 3307 igitur
418 3226 632 3284 merita
663 3223 1107 3298 praeteritorum,
1143 3236 1292 3292 quos
1339 3218 1527 3274 valere
1557 3221 1856 3290 putamus,

200 3318 508 3396 postulata
535 3314 786 3371 fideliter
814 3311 1025 3368 saeculo
1055 3307 1283 3365 cadenti
1315 3325 1738 3380 supponamus.
1758 3311 1858 3363 Ce-

198 3408 474 3473 lebratis,
508 3404 800 3478 siquidem
845 3404 903 3457 et
949 3397 1230 3456 invocatis
1278 3396 1502 3453 meritis
1551 3397 1860 3468 utriusque

199 3515 379 3558 sexus
401 3498 532 3569 jam
559 3491 827 3550 translati
871 3490 944 3546 ad
992 3487 1237 3562 gloriam
1264 3485 1619 3543 corroborati
1650 3486 1859 3542 obnixe

201 3593 382 3662 atque
411 3579 899 3650 viriliter,szeculo
923 3593 1174 3651 nequam
1206 3575 1859 3648 contradicentes,egre-

202 3678 408 3735 dimur
421 3669 920 3732 obviam.Nullum
934 3684 1186 3740 namque
1203 3665 1420 3739 gradus
1433 3663 1863 3737 praetermissus

201 3767 394 3836 est,de
427 3781 545 3837 quo
576 3779 691 3818 non
724 3759 799 3815 sit
829 3757 1229 3815 testimonium
1254 3753 1861 3820 sanctitatis.Quibus-

1967 2599 2154 2657 fridus
2205 2599 2302 2671 (1),
2345 2602 2531 2653 mater
2576 2615 2710 2653 vero
2759 2599 2906 2669 ejus,
2955 2616 3068 2654 non
3128 2599 3326 2656 minus
3383 2603 3618 2676 egregia

1965 2691 2126 2747 Doda
2155 2692 2232 2758 (2)
2253 2687 2599 2756 vocabatur;
2636 2705 2818 2741 unum
2851 2687 3134 2743 habentes
3168 2689 3535 2758 filium,sicut
3559 2696 3618 2749 et

1965 2785 2192 2854 patrem
2225 2779 2304 2848 (3)
2334 2781 2622 2842 vocatum,
2661 2775 2896 2830 militari
2928 2776 3130 2832 habitu
3163 2781 3219 2834 et
3251 2783 3379 2835 actu
3410 2780 3614 2838 lauda-

1966 2869 2164 2936 bilem,
2199 2865 2501 2922 nativitate
2527 2864 3169 2936 prmvenientedeam
3199 2870 3613 2927 venerabilem.

1966 2959 2090 3014 Illis
2123 2955 2400 3012 nimirum
2436 2953 2552 3008 alta
2583 2957 2639 3008 et
2669 2953 2913 3009 humilia
2961 2972 3064 3028 pro
3113 2956 3335 3012 ratione
3361 2959 3616 3031 gerenti-

1967 3049 2078 3104 bus
2120 3045 2396 3119 prazdieta
2438 3042 2632 3115 puella
2673 3042 2882 3099 litteris
2916 3043 3138 3099 imbuta
3169 3050 3278 3111 est,
3314 3064 3501 3118 isque
3540 3050 3612 3104 ad

1967 3142 2193 3193 aztalem
2227 3150 2546 3205 congruam
2580 3132 2636 3186 in
2689 3132 2858 3187 annis
2887 3133 3010 3186 suis
3042 3134 3387 3205 puerilibus.
3421 3137 3617 3193 Ditata

1965 3244 2098 3283 vero
2161 3223 2424 3279 moribus
2475 3220 2754 3288 honestis,
2808 3239 2920 3276 non
2978 3223 3106 3276 vitae
3165 3225 3468 3295 praesentis
3524 3226 3612 3282 in-

1957 3315 2245 3377 tendebat
2276 3310 2546 3378 lascivize,
2597 3311 2697 3365 sed
2750 3310 2938 3384 magis
2986 3328 3050 3366 ac
3100 3313 3288 3386 magis
3331 3315 3402 3369 ad
3452 3332 3612 3372 amo-

1969 3422 2090 3462 rem
2147 3401 2485 3475 suspirabat
2534 3399 2787 3456 cmlestis
2833 3402 3061 3473 patria;
3117 3419 3220 3474 per
3266 3405 3422 3475 quod
3471 3404 3615 3461 satis

1969 3496 2332 3566 compertum
2367 3495 2687 3562 notumque
2717 3494 2825 3559 est,
2847 3495 3067 3562 quanta
3096 3491 3326 3564 qualive
3355 3492 3619 3566 repleba-

1967 3587 2068 3642 tur
2090 3581 2298 3657 gratia.

2039 3671 2365 3740 3.Quadam
2397 3685 2652 3739 namque
2685 3673 2850 3724 nocte
2870 3685 3003 3724 eum
3028 3687 3088 3725 se
3115 3670 3306 3742 sopori
3342 3669 3620 3741 dedisset,

1971 3763 2042 3818 de
2073 3759 2346 3833 supernis
2376 3758 2661 3831 cogitans,
2696 3756 2840 3811 vidit
2873 3775 2975 3830 per
3003 3759 3322 3828 somnium,
3359 3760 3512 3832 quod
3554 3761 3627 3816 de

201 3857 342 3913 dam
395 3871 434 3911 a
483 3850 699 3908 diluvio
747 3849 806 3904 in
855 3865 992 3904 arca
1040 3845 1296 3911 salvatis,
1347 3843 1704 3915 quibusdam
1763 3861 1866 3916 per

1977 3850 2116 3908 cmlo
2134 3848 2219 3905 sol
2239 3847 2432 3903 omnis
2450 3846 3177 3919 descendisset,unumque
3199 3853 3482 3921 tanquam
3507 3866 3626 3906 mo-

202 3941 718 4003 circumcisionem
753 3933 1515 4006 sanctiﬁcatis,quibusdam
1549 3949 1651 4005 per
1672 3931 1862 4006 legem

195 4031 579 4107 justiﬁcatis;
612 4027 969 4103 quibusdam
990 4042 1094 4098 per
1122 4022 1483 4096 baptismum
1508 4021 1682 4095 digne
1704 4040 1866 4078 rena-

205 4125 307 4195 tis,
342 4136 692 4179 concessum
725 4122 813 4175 est
860 4120 926 4172 ut
979 4112 1190 4170 saeculo
1221 4110 1610 4186 [prodessent]
1641 4112 1865 4168 meritis

207 4231 330 4272 suae
344 4229 526 4286 quam
547 4209 879 4268 habuerint
897 4220 1128 4276 semper
1144 4199 1486 4274 benignitati
1495 4200 1708 4267 s,verbi
1735 4218 1865 4274 gra-

206 4302 290 4359 tia
325 4319 340 4358 ι
373 4301 427 4356 si
460 4301 639 4356 beatae
684 4296 796 4352 illa:
845 4312 972 4368 qua;
1007 4310 1120 4348 non
1168 4293 1501 4364 genuerunt
1529 4289 1867 4347 testimonio

207 4389 482 4450 veritatis
531 4387 837 4452 dicuntur;
904 4387 1122 4438 matres
1193 4379 1448 4453 profecto
1507 4379 1868 4452 supradicto-

210 4497 370 4546 rum,
407 4479 466 4534 in
499 4477 646 4533 libro
674 4476 825 4546 vitae,
859 4472 984 4530 suis
1037 4474 1094 4526 et
1141 4469 1395 4524 ﬁliorum
1445 4468 1690 4536 meritis,
1726 4469 1869 4524 scri-

211 4570 463 4626 buntur.
497 4567 567 4623 Et
595 4566 644 4622 si
674 4563 982 4637 virginitas
1028 4559 1178 4615 bona
1229 4557 1597 4631 praedicatur,
1631 4558 1871 4616 castitas

213 4663 350 4734 post
381 4657 557 4722 filios,
590 4654 717 4710 sine
764 4669 881 4725 qua
925 4667 1073 4723 opus
1103 4665 1216 4703 non
1249 4654 1337 4704 est
1386 4647 1625 4714 bonum,
1661 4664 1874 4720 magna

213 4746 522 4822 probatur.
557 4743 728 4817 Legis
774 4757 1030 4812 namque
1077 4740 1362 4810 praecepto
1395 4735 1575 4808 prolis
1623 4737 1875 4794 exsultat

215 4835 574 4900 fecunditas,
606 4838 662 4888 et
710 4831 960 4886 filiorum
1008 4825 1376 4883 maledicitur
1423 4843 1536 4880 non
1585 4843 1873 4898 apparens

213 4923 553 5000 posteritas.
587 4920 795 4978 Melius
826 4922 916 4976 est
946 4919 1166 4974 nubere
1197 4931 1375 4988 quam
1411 4913 1528 4982 uri;
1564 4916 1719 4972 unde
1746 4915 1874 4989 lap-

218 5031 327 5072 sus
377 5010 579 5071 saeculi
627 5009 816 5066 valeat
863 5005 1204 5064 sustentari.
1237 5005 1369 5060 Jam
1417 5021 1549 5060 vero
1593 5005 1666 5060 ad
1714 5004 1874 5062 illam

297 5175 378 5243 (Ι)
409 5170 760 5229 Godefridus
787 5167 902 5243 _hi_e
949 5164 1422 5243 cognomipatun
1446 5162 1731 5243 Barbatus,
1766 5170 1875 5243 Αμ-

223 5233 638 5314 ἆαὲξκααπω,
672 5233 1240 5314 (Ξοὶὴθιοηὶβῖῐξίξιεηέ
1289 5233 1458 5314 ducis
1491 5235 1877 5314 Lotharingiaa

227 5306 414 5384 ﬁlius,
463 5306 730 5372 mortua
785 5329 940 5370 anno
991 5306 1170 5365 107οῘ
1204 5306 1451 5379 Reliqua
1498 5323 1676 5378 supra
1733 5309 1880 5365 dixi-

232 5406 392 5446 mus.

301 5464 383 5529 (2)
415 5459 593 5527 Doda,
643 5474 787 5514 uxor
832 5453 1030 5529 prima
1069 5449 1362 5529 Godei‘ridi

1419 5465 1430 5501 :
1485 5465 1600 5508 qua
1633 5457 1820 5508 mortu

301 5465 383 5529 (2)
416 5465 593 5527 Doda,
643 5474 787 5514 uxor
877 5469 1030 5509 rima
1069 5465 1362 5506 uouemui
1419 5465 1430 5501 :
1485 5465 1600 5518 qua
1633 5465 1882 5519 mortua,

233 5550 381 5590 uxor
399 5531 527 5604 ejus
556 5530 807 5588 secunda
832 5472 953 5585 luit
985 5521 1380 5592 Beatrix,tunc
1401 5518 1576 5574 vidua
1608 5519 1886 5581 Bonifacii

1975 3943 2239 3996 mentum
2272 3937 2328 3991 in
2364 3935 2498 3991 sinu
2528 3936 2656 4007 ejus
2691 3935 2940 3991 fecisset.
2966 3936 3083 3990 Hoc
3115 3941 3310 3992 autem
3345 3955 3627 4011 magnum

1972 4029 2114 4103 quid
2149 4029 2408 4082 futurum
2445 4024 2787 4080 ostendebat
2817 4024 3133 4092 somnium,
3159 4027 3437 4098 quoniam
3459 4044 3528 4083 ex
3557 4044 3626 4084 ea

1974 4117 2371 4191 procederent,
2407 4115 2506 4186 qui
2540 4113 2609 4168 ad
2644 4118 2878 4186 tempus
2907 4114 3270 4186 possiderent
3299 4133 3542 4189 regnum
3571 4120 3631 4172 et

1975 4205 2358 4280 imperium...
2387 4203 2568 4276 Signa
2598 4202 2832 4274 quidem
2869 4203 3152 4260 nonnulla
3180 4205 3410 4260 ordinat
3431 4205 3631 4261 divina

1975 4293 2338 4371 providentia
2367 4291 2608 4366 [futura]
2641 4291 2997 4364 quibusdam
3039 4311 3141 4366 per
3187 4293 3627 4366 aspirationem,

1976 4385 2366 4460 pluribusque
2398 4399 2500 4455 per
2528 4381 2810 4438 visionem
2843 4387 3157 4455 antequam
3193 4383 3353 4448 ﬁant,
3386 4383 3627 4438 demon-

1977 4481 2192 4532 strans.
2227 4474 2295 4529 Et
2323 4471 2460 4545 quia
2491 4471 2692 4526 omnia
2738 4475 2973 4544 tempus
3023 4472 3268 4540 habent;
3303 4471 3636 4544 signiﬁcata

1978 4582 2081 4638 per
2109 4561 2460 4619 venerabilis
2493 4559 2718 4632 puellis,
2753 4560 2822 4615 de
2855 4578 2972 4631 qua
3013 4577 3169 4615 nunc
3216 4559 3426 4634 agitur,
3460 4560 3636 4616 visio-

1981 4671 2115 4710 nem
2146 4657 2409 4722 tempore
2441 4666 2698 4721 congruo
2730 4655 2906 4720 atque
2958 4667 2992 4704 a
3039 4649 3154 4705 Deo
3205 4649 3638 4721 praedestinato,

1981 4747 2120 4798 sunt
2150 4741 2471 4796 notiﬁcata.
2505 4738 2804 4804 Quomodo
2836 4743 3029 4793 autem
3073 4738 3158 4794 vel
3208 4738 3365 4810 quali
3416 4738 3641 4795 ratione

1981 4831 2096 4888 ista
2126 4833 2390 4896 fuerunt;
2425 4827 2697 4883 charitati
2727 4832 2903 4899 atque
2933 4826 3280 4901 benignitati
3329 4831 3452 4882 tam
3501 4845 3641 4900 prae-

1983 4921 2240 4978 sentium
2275 4933 2453 4990 quam
2488 4917 2816 4971 futurorum
2852 4916 3111 4972 fidelium
3136 4916 3442 4973 enucleare
3461 4933 3635 4973 cona-

1984 5027 2138 5066 mur.
2173 5007 2304 5064 Fuit
2335 5022 2589 5078 namque
2617 5009 2878 5078 tempore
2900 5005 3121 5078 praefati
3143 5007 3310 5063 ducis
3339 5005 3634 5063 Godefridi

1986 5166 2344 5227 marchionis
2374 5165 2642 5222 Thuscie
2665 5170 2724 5221 et
2745 5170 2932 5220 mater
2953 5166 3196 5222 celebris
3227 5165 3642 5231 Mathildis,uti

1912 5272 1958 5336 Β
1989 5250 2122 5298 ante
2154 5239 2565 5321 indicavimus.

2064 5313 2136 5336 [ΩΧ
2176 5313 2273 5336 Ιῖ-..
2310 5317 2390 5336 -..ι
2424 5309 2565 5336 Πο.ι³ι

2064 5313 2138 5386 (3)
2174 5312 2275 5366 Hic
2306 5317 2394 5386 est
2423 5307 2776 5386 Godcl'ridus
2807 5307 3272 5386 Gibbosus,_aliis
3311 5309 3646 5386 Strumosus,

1995 5378 2205 5508 dictusl,
2241 5400 2274 5436 a
2324 5383 2543 5438 Sieario
2591 5378 2788 5448 laesus,
2839 5381 3057 5451 absque
3107 5379 3306 5436 liberis
3356 5381 3656 5432 mortuus:

1998 5474 2149 5510 anno
2206 5457 2332 5510 U76.

1998 5474 2149 5512 illan
2179 5474 2332 5510 lUIU.
