4010 6078
195 290 321 354 ΗΒ

1537 291 1724 357 VITA
1765 288 2053 353 BEATzE
2094 288 2273 353 ID/E.

3483 286 3603 352 446

190 426 349 502 plice
378 424 464 486 ait
493 445 508 485 :
543 427 646 501 Ite,
680 445 784 505 pro
813 432 969 487 certo
1005 426 1254 487 scientes
1284 427 1425 502 quia
1455 428 1719 504 proximo
1750 426 1842 483 die
1869 424 1927 493 Α
1955 425 2065 483 Idae
2097 426 2484 484 sanctissimae
2534 423 2886 484 declaranda
2941 420 3390 483 transtulerunt.
3423 425 3603 484 Fama

200 517 534 587 Dominico,
563 518 694 576 viva
736 517 824 576 vel
876 523 1130 587 mortua,
1163 519 1223 574 in
1268 517 1515 574 ecclesia
1562 518 1634 573 de
1688 517 1860 573 Wast

197 624 491 665 mansura
520 609 703 666 fuero.
739 608 1004 683 Cumque
1034 625 1193 664 mors
1220 607 1574 664 inevitabilis
1601 608 1675 664 ad
1704 623 1856 672 eam,

198 697 624 771 predestinata
651 698 798 756 hora
825 698 1087 754 debitum
1136 714 1312 753 suum
1364 702 1730 769 susceptura,
1762 712 1857 751 ve-

201 786 416 858 nisset,
448 788 646 844 media
686 791 854 844 nocte
891 786 1196 843 Dominica
1227 787 1358 859 (26),
1393 786 1594 842 Idibus
1622 783 1859 859 Aprilis,

199 874 603 932 sanctissima:
639 876 751 932 Idm
773 875 1019 948 spiritus
1040 874 1232 931 carnis
1254 873 1618 948 ergastulum
1652 874 1860 929 vitam-

201 980 321 1037 que
351 969 703 1037 presentem
747 966 944 1033 exuit;
976 968 1150 1038 atque
1205 952 1393 1020 vitam
1443 963 1860 1036 sempiternam

198 1053 546 1128 possidens,
568 1052 960 1128 jucunditatis
990 1051 1269 1108 amictum
1304 1051 1515 1108 induit.

276 1144 372 1199 12.
405 1144 575 1200 Tunc
603 1142 841 1217 quippe,
879 1146 945 1197 ut
965 1142 1199 1214 justum
1232 1142 1437 1209 fuerat,
1473 1140 1782 1215 dignanter
1810 1143 1868 1196 et

198 1232 377 1290 valde
402 1236 750 1289 veneranter
771 1248 988 1304 corpus
1019 1230 1432 1303 compositam,
1464 1231 1523 1286 in
1555 1228 1863 1286 ecclesiam

202 1325 343 1379 ante
372 1321 583 1389 altare,
614 1338 732 1377 non
766 1320 894 1377 sine
922 1319 1266 1394 lacrymosis
1316 1319 1632 1393 gemitibus
1664 1318 1862 1391 suspi-

200 1410 436 1484 riisque
466 1408 982 1477 inenarrabilibus,
1016 1408 1260 1465 allatum
1292 1414 1380 1465 est
1410 1425 1443 1464 a
1472 1405 1868 1464 fratribus.Vi-

198 1500 468 1557 duarum
497 1505 557 1557 et
585 1498 1004 1573 orphanorum,
1028 1501 1085 1554 et
1110 1515 1315 1554 eorum
1347 1514 1598 1571 quorum
1629 1496 1867 1570 gerebat

200 1605 622 1657 curam,voces
645 1587 870 1645 ﬂebiles
895 1586 1360 1643 invalescebant:
1383 1604 1509 1660 quae
1541 1585 1862 1642 multorum

204 1677 581 1735 audientium
614 1678 901 1752 lacrymas
939 1676 1268 1739 movebant,
1303 1677 1479 1733 Fama
1510 1692 1742 1748 quoque
1769 1691 1865 1731 ve-

202 1767 517 1826 locissima
530 1767 725 1824 obisse
742 1765 1292 1822 venerantissimam
1319 1765 1481 1821 Idam
1500 1765 1549 1820 ci
1559 1782 1617 1821 rc
1626 1781 1863 1837 umqua-
1894 1801 1944 1867 Β

203 1874 323 1931 que
356 1855 676 1923 nuntiavit,
690 1873 818 1929 quae
837 1871 1023 1927 usque
1039 1854 1110 1910 ad
1129 1854 1472 1911 defunctum
1505 1871 1719 1926 corpus
1737 1855 1866 1926 ejus

205 1947 527 2020 utriusque
555 1961 730 2001 sexus
759 1942 1199 2000 multitudinem
1229 1943 1527 1999 conduxit.
1559 1944 1755 1999 Abbas
1784 1947 1867 1999 et-

203 2037 369 2094 enim
398 2040 461 2092 et
486 2032 761 2091 monachi
792 2031 1446 2105 S.Vulmari,quoniam
1470 2032 1557 2087 vir
1578 2031 1739 2088 illius
1759 2032 1870 2087 Eu-

204 2124 483 2182 stachius
513 2125 625 2196 (27)
647 2122 856 2180 Senior
874 2121 1030 2195 apud
1052 2121 1183 2178 illos
1204 2121 1476 2194 sepultus
1499 2122 1707 2189 fuerat,
1733 2122 1868 2194 jure

207 2212 383 2288 quasi
414 2210 787 2270 hereditario
815 2227 1029 2284 corpus
1060 2209 1256 2266 uxoris
1288 2211 1460 2283 juxta
1489 2210 1679 2265 virum
1711 2228 1867 2283 quae-

208 2304 444 2361 rebant.
480 2300 766 2358 Similiter
792 2304 851 2356 et
876 2299 1140 2356 canonici
1194 2298 1446 2355 Boloniae
1490 2299 1761 2365 civitatis,
1795 2299 1868 2355 ob

209 2390 600 2450 reverentiam
634 2388 740 2445 ﬁlii
768 2389 857 2445 sui
882 2387 1177 2445 Eustachii
1202 2387 1719 2461 comitis,ideoque
1732 2388 1871 2460 quia

210 2480 406 2556 primo
438 2477 866 2536 monasterium
890 2476 1124 2533 illorum
1147 2477 1873 2544 rcaediﬁcaverat,sanctis-

209 2571 377 2628 sime
402 2569 518 2627 Ida:
530 2584 743 2641 corpus
762 2566 1027 2623 examine
1049 2565 1448 2639 sepeliendum
1472 2566 1867 2639 requirebant;

207 2657 475 2717 ecclesiae
507 2657 623 2727 (28)
654 2660 853 2713 autem
884 2655 1112 2724 fratres,
1146 2655 1247 2710 ubi
1281 2654 1531 2722 ﬁnierat,
1558 2656 1722 2727 juste
1753 2654 1871 2711 illic

211 2765 347 2806 esse
377 2746 786 2820 sepeliendum
826 2744 1188 2800 asserebant.
1220 2745 1291 2799 At
1322 2761 1455 2800 vero
1487 2750 1870 2817 utrorumque

212 2838 372 2895 facta
391 2835 620 2910 petitio,
645 2839 704 2891 et
719 2851 923 2890 eorum
955 2838 1191 2889 ostensa
1219 2833 1387 2900 ratio,
1414 2850 1527 2889 non
1556 2833 1871 2906 praevalue-

218 2932 362 2983 runt
389 2929 599 2982 contra
627 2922 1003 2997 praesagium,
1033 2922 1190 2994 quod
1222 2921 1445 2978 dixerat
1474 2922 1868 2992 beata,vivam

213 3016 303 3073 vel
326 3019 627 3072 mortuam
651 3012 725 3069 ad
746 3016 911 3070 Wast
932 3029 994 3069 se
1015 3011 1318 3068 Dominico
1342 3011 1435 3066 die
1457 3011 1720 3083 proximo
1743 3027 1872 3067 esse

218 3105 348 3163 sine
377 3102 563 3160 dubio
612 3118 975 3158 mansuram.
1008 3099 1319 3157 Sublatum
1369 3100 1577 3156 exinde
1635 3117 1870 3173 corpus,

218 3198 442 3252 sancte
474 3190 718 3264 impleta
755 3188 1082 3263 prOphetia,
1113 3189 1184 3245 ad
1214 3188 1406 3245 locum
1439 3188 1539 3245 ubi
1560 3171 1870 3261 jacet,_de-
1903 3171 1947 3241 C

222 3287 532 3358 portatum
563 3280 696 3336 fuit.
728 3278 1108 3353 Congregatis
1137 3283 1336 3334 autem
1368 3278 1447 3334 ibi
1480 3278 1878 3335 nonnullisre-

218 3371 453 3449 ligiosis
474 3368 763 3443 personis,
786 3367 1090 3442 plebisque
1110 3370 1443 3424 coacervata
1474 3367 1872 3436 multitudine,

221 3460 571 3537 sepulturas,
593 3463 725 3532 post
744 3457 959 3513 nimias
978 3474 1013 3512 a
1031 3456 1187 3512 circu
1197 3456 1874 3530 mstantibuslacrymas,

220 3568 363 3609 cum
392 3547 715 3624 gemitibus
746 3546 1064 3619 multisque
1083 3544 1441 3602 clamoribus
1460 3546 1877 3620 eﬁ'usas,digne

220 3647 404 3715 atque
435 3637 754 3694 honoriﬁce
782 3635 1054 3692 traditur.
1088 3635 1255 3692 Hunc
1284 3651 1420 3708 ergo
1450 3634 1642 3691 locum
1674 3635 1774 3691 Dei
1799 3638 1879 3692 fa-

220 3728 393 3787 mula
420 3726 624 3783 vivens
650 3725 823 3782 corde
851 3723 1167 3798 animoque
1188 3723 1410 3790 dilexit,
1444 3728 1501 3780 et
1532 3724 1723 3780 modis
1754 3725 1877 3798 qui-

220 3819 339 3878 bus
369 3814 566 3892 potuit
593 3814 665 3871 ad
696 3814 1121 3871 incrementum
1152 3811 1431 3886 provexit.
1464 3813 1630 3869 Nunc
1679 3818 1875 3870 autem

218 3914 281 3966 et
308 3905 528 3964 amodo
556 3903 735 3961 etiam
768 3908 1018 3971 mortua,
1036 3901 1259 3958 meritis
1288 3906 1464 3974 atque
1493 3902 1879 3974 prodentibus

222 3993 535 4055 miraculis
562 3992 812 4066 protegit
838 3997 896 4048 et
923 3991 1137 4048 munit.
1172 3989 1401 4047 Debiles
1457 4008 1712 4063 namque
1759 3992 1879 4049 sive

222 4083 456 4144 inﬁrmi
476 4081 721 4140 diversis
733 4098 836 4155 pro
856 4079 1299 4136 inﬁrmitatibus
1317 4080 1386 4135 ad
1403 4080 1737 4152 sepulcrum
1749 4083 1799 4153 ej
1812 4100 1879 4139 us

222 4173 555 4239 venientes,
586 4171 636 4228 si
668 4187 785 4227 non
832 4169 1107 4226 haesitant
1135 4169 1194 4224 in
1223 4168 1357 4235 ﬁde,
1388 4175 1693 4237 sanantur,
1728 4188 1877 4242 prae-

226 4270 425 4322 stante
456 4260 707 4319 Domino
738 4265 936 4315 nostro
964 4259 1106 4315 Jesu
1130 4257 1382 4326 Christo,
1416 4257 1515 4330 qui
1546 4276 1681 4314 cum
1714 4260 1881 4317 Patre

224 4360 285 4411 et
315 4350 543 4426 Spiritu
602 4354 804 4405 sancto
859 4347 1002 4404 vivit
1029 4351 1087 4404 et
1114 4352 1318 4422 regnat
1347 4346 1522 4416 Deus,
1553 4364 1658 4419 per
1684 4348 1882 4406 omnia

224 4440 448 4502 sucula
478 4437 848 4496 saeculorum.
881 4439 1089 4493 Amen.

875 4525 1108 4582 CAPUT
1150 4525 1240 4581 IV.

372 4620 584 4692 Corpus
612 4619 1010 4689 incorruptum.
1045 4615 1324 4671 Miracula
1345 4622 1464 4687 post
1490 4624 1736 4672 mortem.

302 4710 391 4766 13.
428 4705 673 4781 Sepulta
724 4704 941 4779 quippe
994 4703 1330 4760 beatissima
1379 4703 1497 4772 Ida,
1530 4703 1589 4759 in
1624 4703 1748 4761 loco
1780 4706 1880 4778 qui

227 4815 390 4857 nunc
424 4812 614 4869 usque
640 4794 867 4868 vulgari
897 4793 1008 4850 sub
1039 4791 1425 4866 appellatione
1455 4792 1672 4849 dicitur
1696 4798 1879 4863 Wast,

226 4889 383 4946 sicut
404 4885 493 4943 illi
518 4885 716 4942 divina
735 4882 1085 4958 promiserat
1112 4898 1381 4949 censura,
1394 4882 1681 4955 cujusque
1709 4900 1882 4940 sexus

227 4974 501 5035 nonnulli
533 4992 570 5031 a
597 4973 845 5031 diversis
895 4971 1281 5046 languoribus
1310 4971 1505 5027 sanari
1538 4978 1839 5044 coeperunt
1865 4991 1879 5042 ;

229 5082 383 5142 quos
414 5065 622 5137 utique
650 5078 767 5119 non
796 5061 1078 5118 haesitans
1107 5061 1179 5117 ad
1213 5060 1547 5133 sepulcrum
1577 5061 1706 5134 ejus
1738 5062 1884 5120 ﬁdes

228 5153 526 5232 perduxit.
562 5154 797 5210 Famam
828 5150 1066 5224 quidem
1098 5149 1668 5219 miraculorum,non
1692 5151 1883 5210 solum

226 5262 338 5321 per
365 5241 705 5315 circuitum,
736 5256 940 5299 verum
970 5239 1149 5297 etiam
1199 5238 1369 5314 longe
1416 5238 1649 5313 lateque
1680 5242 1888 5300 merita

302 5387 422 5463 (αἵθ)
452 5385 745 5444 Mortuam
799 5383 984 5463 videri
1046 5399 1202 5440 anno
1232 5381 1393 5463 Ilia,
1437 5386 1887 5463 sgptua-ggnaria

229 5453 547 5545 majprem,
605 5474 786 5533 supra
841 5456 1142 5523 diximus;
1175 5457 1416 5526 eratque
1471 5453 1779 5514 Dominica
1824 5460 1885 5517 in

229 5531 426 5677 Διὶ)ῧῇ
454 5599 821 5675 Eustachius,
856 5600 998 5659 licet
1044 5595 1204 5654 filius
1249 5593 1548 5652 Eustachii
1579 5594 1599 5651 I
1631 5601 1881 5675 comitis,

1966 516 2163 591 itaque
2192 535 2306 574 non
2340 521 2513 583 tacet,
2537 517 2639 573 sed
2669 515 2910 584 clamat;
2936 513 3214 588 quoniam
3240 515 3457 572 veritas
3477 531 3607 589 pro-

1967 607 2103 663 bata
2133 607 2450 681 compellit.
2481 605 2707 663 Volavit
2762 606 2943 679 igitur
2986 604 3255 661 redolens
3310 603 3606 661 attestatio

1968 697 2387 753 miraculorum
2419 700 2631 753 sanctae
2665 712 2850 769 usque
2879 695 2951 751 ad
2983 696 3112 766 ejus
3152 692 3609 767 propinquitatis

1967 787 2264 860 proximos
2294 786 2352 841 in
2382 784 2787 842 Alemanniam
2816 802 2830 853 ;
2863 783 2961 858 qui
2993 783 3388 857 gloriﬁcantes
3417 783 3611 840 Domi-

1969 894 2112 932 num
2144 895 2322 949 super
2348 876 2442 932 his
2473 874 2710 942 auditis,
2743 875 2982 930 modum
3011 878 3209 929 tamen
3235 890 3351 946 quo
3373 877 3614 947 possent

1971 984 2185 1040 corpus
2214 967 2275 1022 B.
2309 967 2423 1021 Idae
2455 964 2593 1021 illuc
2625 964 2940 1021 transferre
2971 962 3238 1019 meditati
3287 967 3446 1019 sunt.
3479 963 3613 1020 Sta-

1970 1059 2209 1112 tuerunt
2238 1059 2433 1111 autem
2466 1054 2774 1127 quosdam,
2809 1051 2913 1109 tali
2942 1052 3174 1126 negotio
3204 1051 3514 1119 doctiores,
3537 1053 3611 1110 ad

1970 1145 2165 1201 locum
2195 1144 2255 1200 in
2283 1161 2399 1217 quo
2421 1144 2656 1215 jacebat
2679 1142 2946 1211 mittere;
2979 1142 3079 1198 sed
3103 1141 3249 1198 nihil
3272 1145 3476 1199 contra
3492 1146 3614 1199 sta-

1970 1236 2164 1289 tutum
2195 1233 2293 1289 Dei
2327 1231 2775 1305 praevaluerunt.
2797 1230 3038 1304 Cognita
3056 1234 3251 1288 autem
3275 1231 3483 1289 fratres
3502 1230 3613 1289 loci

1973 1340 2174 1379 eorum
2220 1321 2594 1378 fraudulenta
2640 1320 2978 1390 calliditate,
3011 1337 3239 1378 servare
3268 1320 3615 1378 thesaurum

1973 1413 2329 1468 studuerunt
2359 1410 2655 1467 attentius.
2689 1411 3027 1484 Opportuno
3067 1409 3295 1479 deinde,
3327 1414 3394 1467 ut
3423 1410 3616 1485 exige—

1973 1502 2074 1558 bat
2095 1502 2260 1569 ratio,
2276 1500 2518 1556 consilio
2538 1499 2681 1556 inito
2704 1499 3103 1573 prudentium,
3128 1499 3336 1557 fratres
3357 1498 3617 1573 praedicti

1973 1591 2104 1658 loci,
2136 1590 2411 1646 visitandi
2443 1607 2656 1664 corpus
2686 1589 3116 1646 constituerunt
3157 1589 3332 1647 diem.
3365 1590 3616 1664 Congre-

1975 1682 2127 1754 gatis
2165 1685 2362 1737 autem
2411 1678 2617 1736 multis
2645 1678 2974 1752 provinciae,
3004 1683 3272 1753 apertum
3303 1684 3394 1737 est
3420 1679 3616 1753 sepul-

1975 1787 2162 1836 crum,
2184 1776 2241 1827 et
2260 1787 2472 1842 corpus
2490 1768 2874 1825 sanctissimae
2900 1769 3008 1825 Ida:
3028 1767 3343 1843 integrum,
3366 1773 3425 1826 et
3452 1769 3619 1827 indu-

1976 1865 2241 1916 mentum
2274 1861 2402 1929 ejus
2430 1857 3025 1932 mundissimum,qui
3048 1859 3364 1915 adfuerunt
3394 1876 3619 1917 merue-

1976 1954 2113 2005 runt
2129 1950 2486 2022 conspicere.
2508 1947 2681 2004 Nulla
2696 1964 2829 2004 vero
2851 1947 3101 2015 macula,
3124 1947 3402 2022 nullaque
3423 1953 3619 2006 conta.

1976 2039 2221 2096 minatio
2245 2037 2422 2105 illam,
2448 2055 2574 2111 quae
2588 2038 2715 2109 jam
2740 2054 2843 2110 per
2864 2036 3081 2094 multos
3102 2037 3227 2093 dies
3256 2036 3623 2110 ibijacuerat

1977 2133 2226 2195 mortua,
2250 2127 2598 2184 labefactare
2621 2142 2775 2181 nunc
2798 2143 2984 2199 usque
3005 2125 3436 2183 convaluerant.
3468 2127 3620 2185 Odo-

1972 2219 2058 2281 ris
2097 2217 2350 2291 pravitas
2400 2215 2563 2272 nulla
2608 2219 2867 2272 astantes
2926 2214 3188 2284 offendit,
3221 2215 3428 2273 exinde
3457 2233 3620 2291 egre-

1976 2308 2181 2375 diens;
2214 2307 2315 2363 sed
2365 2305 2625 2362 suavitas
2671 2304 2913 2377 replevit
2955 2304 3101 2361 satis
3130 2303 3432 2363 sufﬁciens
3464 2323 3479 2362 :
3511 2304 3622 2364 hoc

1977 2401 2196 2463 autem,
2227 2400 2293 2451 ut
2311 2396 2557 2468 dignum
2588 2397 2695 2462 est,
2720 2393 2992 2450 ﬁdelibus
3020 2394 3375 2452 credendum
3407 2411 3623 2470 magno

1949 2555 1954 2561 _
1978 2504 2080 2561 pro
2115 2484 2395 2542 miraculo
2424 2487 2732 2541 testamur.

2052 2578 2137 2632 14.
2162 2577 2297 2632 Erat
2319 2574 2554 2647 quidem
2578 2573 2820 2638 interea,
2852 2589 2980 2645 quae
3001 2572 3289 2646 praclaree
3316 2573 3441 2631 vitae
3462 2573 3625 2634 illius

1981 2667 2155 2722 refert
2176 2663 2449 2737 insignia,
2471 2663 2520 2719 ei
2555 2662 2732 2719 etiam
2764 2660 2976 2719 collata
3006 2667 3140 2736 post
3169 2667 3418 2721 mortem
3436 2664 3625 2723 virtus

1978 2755 2218 2827 fugandi
2240 2752 2707 2818 daemonia,sicut
2726 2752 3116 2823 quorumdam
3129 2752 3338 2810 obnixe
3350 2758 3626 2813 asserunt

1978 2843 2333 2901 testimonia.
2365 2841 2609 2897 Cuidam
2641 2857 2851 2913 nempe
2873 2841 3100 2912 juveni,
3119 2842 3191 2898 de
3210 2841 3348 2900 villa
3376 2861 3504 2917 qua:
3533 2861 3626 2901 vo-

1979 2940 2147 2989 catur
2173 2933 2453 3002 Verbum,
2487 2930 2733 3003 spiritus
2754 2946 3009 3002 nequam
3041 2930 3333 3004 apparuit,
3365 2934 3438 2989 ad
3466 2932 3628 2990 simi-

1978 3022 2292 3078 litudinem
2314 3020 2500 3086 bovis,
2526 3019 2916 3091 auferensque
2935 3019 3007 3075 ab
3030 3036 3097 3076 eo
3120 3021 3630 3089 sensum,intravit

1980 3111 2042 3168 in
2074 3110 2243 3167 illum
2277 3127 2291 3166 :
2327 3109 2531 3165 faciem
2553 3108 2768 3181 quippe
2798 3107 2997 3165 miseri
3018 3108 3255 3181 juvenis
3282 3109 3449 3167 valde
3478 3111 3626 3170 fero-

1984 3218 2131 3267 cem,
2163 3216 2393 3256 cassam
2423 3201 2482 3253 et
2508 3195 2825 3254 terribilem
2855 3212 3075 3267 vocem,
3099 3202 3165 3254 ut
3195 3215 3323 3256 mos
3352 3203 3460 3269 est,
3493 3200 3630 3258 fecit

1984 3288 2337 3347 daemonium
2367 3306 2381 3355 ;
2414 3286 2600 3343 oculis
2642 3285 3101 3360 circumquaque
3129 3287 3417 3361 respicere
3448 3290 3628 3347 torvis

1984 3384 2042 3437 et
2072 3377 2454 3441 terribilibus,
2488 3375 2734 3431 fetidum
2778 3374 3043 3432 emittere
3070 3381 3310 3450 sputum
3343 3394 3412 3434 ex
3440 3378 3628 3437 fauci-

1984 3470 2117 3535 bus,
2152 3467 2409 3523 Proferre
2440 3464 2737 3538 singutus,
2767 3468 2825 3520 et
2873 3465 3118 3522 stridere
3169 3466 3446 3524 dentibus
3493 3468 3632 3526 fecit

1984 3576 2119 3615 eum
2152 3556 2467 3629 malignus.
2500 3554 2671 3611 Illum
2718 3552 2913 3627 itaque
2943 3571 3079 3610 cum
3111 3556 3183 3612 ad
3213 3555 3498 3614 nonnulla
3526 3575 3628 3631 pa-

1986 3653 2180 3704 rentes
2208 3647 2337 3717 ejus
2364 3644 2609 3717 pignora
2636 3648 2972 3699 sanctorum
3004 3644 3332 3715 duxissent,
3365 3646 3629 3721 nihilque

1986 3736 2388 3810 profecissent,
2419 3732 2657 3789 tandem
2690 3733 2761 3788 ad
2794 3732 3132 3806 sepulcrum
3162 3734 3352 3792 B.Idm
3377 3736 3630 3794 adduxe-

1986 3830 2142 3882 runt.
2177 3826 2357 3891 Quem
2389 3839 2457 3878 ex
2487 3820 2604 3877 alto
2637 3820 2862 3877 meritis
2910 3826 3124 3879 sanctis
3172 3823 3457 3882 Dominus
3495 3843 3628 3899 pro-

1985 3915 2260 3989 spiciens,
2286 3916 2417 3986 post
2443 3911 2703 3966 triduum
2739 3910 2909 3966 rediit
2936 3928 3117 3970 sanus
3146 3917 3205 3970 et
3233 3913 3632 3983 incolumis,et

1985 4005 2047 4060 in
2078 4004 2190 4059 ﬁde
2212 4018 2388 4075 quam
2415 4000 2603 4057 hostis
2632 3999 2682 4055 ei
2716 3999 3055 4070 abstulerat,
3091 4001 3235 4058 nihil
3267 4002 3564 4061 deﬁciens.

2062 4095 2146 4149 15.
2178 4090 2346 4147 Aliud
2400 4106 2630 4163 quoque
2679 4106 2793 4145 non
2841 4089 3129 4148 dissimile
3178 4091 3316 4149 huic
3347 4092 3630 4151 miraculo

1988 4179 2359 4246 miraculum,
2385 4195 2487 4251 per
2507 4177 2716 4234 merita
2734 4179 3000 4250 ejusdem
3024 4180 3138 4237 Deo
3160 4180 3401 4250 dilectis,
3426 4198 3630 4255 perpe-

1988 4275 2208 4327 tratum
2238 4285 2272 4323 a
2303 4265 2506 4323 multis
2553 4267 2855 4335 asseritur,
2890 4272 3083 4342 atque,
3118 4274 3181 4325 ut
3226 4270 3474 4344 dignum
3517 4274 3628 4343 est,

1988 4358 2326 4416 memoriter
2355 4374 2459 4429 pro
2492 4373 2706 4430 magno
2736 4357 3032 4415 recolitur.
3054 4358 3206 4415 Villa
3234 4358 3502 4431 quaedam
3534 4376 3632 4416 no-

1991 4449 2264 4504 mine.....
2298 4450 2387 4502 est
2433 4448 2547 4501 sita
2594 4463 2710 4501 non
2750 4445 2919 4519 longe
2949 4463 2984 4502 a
3013 4447 3388 4515 monasterio,
3419 4446 3481 4503 in
3513 4464 3630 4520 quo

1912 4546 1958 4609 D
1992 4535 2179 4592 multa
2200 4533 2450 4590 inﬁrmis
2473 4549 2628 4589 nunc
2650 4550 2837 4606 usque
2855 4534 3175 4590 sanitatum
3193 4535 3473 4592 beneﬁcia
3493 4552 3634 4609 prae-

1992 4629 2108 4682 stat
2137 4625 2238 4680 lda
2266 4624 2462 4689 beata;
2488 4623 2659 4693 cujus
2682 4627 2818 4678 ante
2840 4621 3135 4679 tumulum
3161 4623 3401 4695 quidam
3424 4625 3633 4682 daemo-

1990 4715 2216 4780 niacus,
2249 4730 2317 4768 ex
2364 4710 2699 4783 supradicta
2728 4710 2884 4778 villa,
2915 4709 3131 4785 ligatus
3162 4713 3492 4782 adducitur,
3526 4730 3635 4787 pa-

1992 4809 2187 4859 rentes
2218 4806 2414 4858 autem
2443 4805 2501 4857 et
2530 4799 2702 4856 amici
2748 4802 2877 4872 ejus
2923 4818 3060 4858 cum
3110 4800 3383 4876 lacrymis
3432 4820 3536 4878 pro
3566 4819 3634 4860 eo

1992 4889 2342 4948 beatissimae
2373 4888 2667 4963 supplices
2687 4889 3088 4964 efflagitabant
3109 4891 3476 4965 suffragium.
3491 4894 3637 4959 Quo-

1991 4998 2122 5037 rum
2147 4979 2511 5036 devotionem
2544 4979 2856 5052 ﬁdemque,
2881 4979 3105 5036 meritis
3125 4984 3183 5036 et
3204 4979 3637 5038 intercessioni-

1992 5072 2104 5127 bus
2137 5069 2247 5126 Idee
2277 5066 2992 5141 venerabilis,suscipiens
3021 5068 3355 5126 misericors
3384 5074 3441 5126 et
3469 5069 3641 5127 mise-

1995 5164 2155 5216 rator
2182 5156 2487 5225 Dominus,
2522 5155 2673 5213 sicut
2732 5154 3115 5230 paralyticum
3165 5174 3363 5215 coram
3418 5175 3481 5214 se
3536 5175 3643 5230 per

1996 5249 2224 5323 tegulas
2282 5245 2647 5303 submissum
2696 5245 2942 5315 sanavit,
2974 5245 3055 5303 ita
3082 5245 3266 5304 istum
3297 5263 3331 5304 a
3360 5246 3644 5307 daemonis

1998 5392 2205 5475 Senior
2233 5389 2562 5519 appellatur
2604 5395 2872 5474 respectu
2920 5390 3217 5446 Eustachii
3247 5389 3484 5473 III.ejus
3512 5386 3647 5472 ﬁlii,

1999 5481 2103 5519 σω
2134 5465 2274 5519 dum
2347 5480 2426 5519 asc
2470 5462 2605 5518 Vita
2651 5464 3008 5519 scriberetur
3058 5460 3251 5518 adhuc
3295 5474 3516 5516 vnnsse
3554 5476 3647 5515 v1-

2043 5465 2103 5520 ui
2134 5460 2426 5520 dum—haec
2470 5462 2605 5518 Vita
2651 5460 3008 5521 scriberetur
3058 5460 3251 5518 adhuc
3295 5460 3516 5516 vixisse
3554 5460 3654 5515 vi-

2043 5541 2194 5682 θέἓὲᾗ
2214 5603 2467 5663 Ecclesia
2489 5605 2552 5661 B.
2586 5601 2788 5662 Mariae
2819 5606 2888 5662 de
2913 5599 3164 5676 Capella.
