4010 6078
146 276 267 346 Μθ

1380 278 1558 340 ALlA
1605 276 1788 339 VITA
1833 274 2117 339 BEAT/E
2162 280 2338 340 lDfE.

3451 278 3572 348 450

142 430 219 477 (at
249 418 406 474 vita?
442 423 525 471 an
550 412 898 489 periculum?
935 426 1009 468 an
1045 410 1307 482 gladius?
1332 411 1508 480 (Rem.
1541 426 1662 480 vm,
1696 410 1809 485 35.)
1842 411 1893 478 Α
1920 410 2069 468 viter
2113 412 2478 482 educaverat,
2505 412 2574 470 ad
2627 411 2820 470 locum
2850 412 3018 473 West
3073 404 3451 489 appellatum,
3481 414 3570 471 in-

144 508 217 566 Bt
246 506 471 563 iterum
514 503 640 579 ipse
669 502 958 560 Dominus
1006 501 1068 558 in
1112 500 1427 576 Evangelia
1472 500 1553 557 ait
1585 518 1599 556 :
1634 502 1818 574 Ignem

144 598 276 655 veni
298 597 526 653 mittere
567 595 624 650 in
675 600 901 660 terram,
930 607 1105 665 quem
1136 590 1268 648 volo
1317 595 1385 647 ut
1428 590 1632 647 ardeat
1663 592 1815 660 (Luc.

144 705 248 757 xu,
281 685 402 758 49).
432 682 538 740 His
567 681 737 739 solati
770 680 956 737 sacris
997 679 1410 749 adminaculis,
1445 679 1633 736 hostis
1666 679 1819 735 anti-

147 775 245 851 qui
268 773 578 832 calcemus
597 770 875 828 insidias:
890 774 957 826 ut
973 786 1108 825 cum
1133 770 1305 827 beata
1326 769 1429 824 ida
1448 767 1821 825 nobilissima

148 868 430 923 matrona
450 861 646 937 (cujus
672 864 839 935 gesta
882 858 979 917 hic
1018 858 1274 916 breviter
1302 858 1557 916 inserere
1587 857 1820 915 curabi-

150 971 309 1023 mus,
328 958 467 1009 tum
502 949 643 1025 quia
682 949 948 1006 virtnosa
988 952 1148 1016 sunt,
1182 952 1310 1005 tum
1342 947 1484 1021 quia
1522 946 1820 1021 proposito

150 1046 358 1101 nostro
390 1042 758 1115 congruunt;
791 1055 927 1095 cum
954 1037 1103 1111 ipsa,
1129 1037 1201 1093 de
1226 1053 1345 1110 qua
1365 1035 1464 1094 hic
1494 1037 1560 1092 ﬁt
1577 1036 1818 1106 mentio,

152 1133 219 1189 de
240 1131 438 1205 stirpe
459 1126 864 1186 Carolidarum
887 1125 1189 1200 prodierit,
1209 1126 1284 1183 ad
1305 1127 1505 1183 sedem
1528 1125 1822 1199 pervenia-

152 1238 289 1279 mus
323 1219 690 1293 tlorigeram,
721 1215 1145 1292 perpetualiter
1173 1232 1308 1273 cum
1339 1231 1407 1273 ea
1434 1213 1733 1290 regnaturi
1762 1214 1823 1271 in

152 1309 525 1369 ocelestibus.
559 1310 765 1364 Amen.

499 1396 891 1454 HISTORICA
930 1394 1245 1452 RELATIO
1282 1393 1495 1451 VIT/E.

214 1492 275 1547 2.
300 1487 447 1546 Fuit
475 1485 745 1560 quaedam
774 1484 959 1559 virgo,
992 1481 1362 1541 nobilissima
1390 1485 1591 1540 exorta
1615 1499 1819 1557 prosa-

152 1578 267 1653 pia,
302 1574 568 1651 insignis
598 1572 1055 1643 adulescentula,
1088 1572 1332 1630 nomine
1361 1572 1490 1641 Ida;
1524 1572 1695 1644 cuius
1725 1588 1827 1646 pa-

154 1673 262 1734 ter,
282 1665 539 1723 nomine
564 1662 939 1731 Godefridus,
965 1661 1196 1735 primus
1229 1661 1385 1734 apud
1416 1661 1828 1735 imperatorem

1925 505 2148 559 stanter
2179 519 2245 560 ac
2274 504 2476 560 devote
2508 501 2891 578 supplicavit;
2923 508 3098 578 atque
3128 502 3355 560 obnixis
3387 503 3575 577 preci-

1924 591 2036 647 bus
2064 591 2342 660 exoravit,
2369 596 2661 666 quatenus
2692 593 2845 649 inter
2892 593 3100 650 fratres
3147 610 3275 649 eam
3328 592 3574 648 haeredi-

1926 684 2093 737 taret.
2127 681 2377 738 Sanctus
2435 687 2632 738 autem
2677 699 2743 739 ac
2792 682 2908 739 Dco
2942 682 3190 739 dilectus
3228 680 3394 757 llugo
3454 681 3576 739 haec

1926 771 2193 837 audiens,
2216 771 2480 844 ejusdem
2511 771 2774 845 petitioni
2808 771 3108 840 satisfecit,
3135 770 3440 828 dcstinans
3467 770 3580 827 fra-

1926 864 2047 917 tres
2076 861 2148 917 ad
2180 861 2602 918 monasterium
2639 861 3098 918 construendum
3131 861 3200 917 de
3230 878 3397 917 novo.

1997 951 2052 1006 5.
2077 950 2212 1006 Post
2241 949 2363 1007 haec
2384 950 2628 1025 contigit
2654 955 2717 1008 ut
2736 949 3081 1008 beatissima
3104 950 3205 1006 Ida
3228 950 3286 1006 in
3312 947 3577 1024 Angliam

1928 1040 2257 1113 navigaret:
2273 1041 2569 1113 qute,dum
2587 1041 2904 1113 quamdam
2925 1038 3229 1096 ecclesiam
3254 1039 3582 1114 ingredere-

1929 1133 2049 1197 tur,
2070 1128 2299 1185 obviam
2347 1128 2553 1185 habuit
2583 1129 2900 1202 quemdam
2931 1127 3207 1185 claudum
3240 1144 3578 1203 pauperem,

1929 1222 2221 1293 petentem
2246 1217 2676 1292 eleemosynam
2701 1218 2771 1275 ab
2792 1235 2889 1288 ea;
2912 1235 3040 1291 quae
3071 1235 3187 1274 non
3210 1217 3383 1274 modo
3412 1232 3585 1290 pecu-

1933 1307 2041 1363 niae
2064 1306 2272 1380 stipem
2299 1307 2485 1363 eidem
2509 1306 3002 1381 erogavit,verum
3032 1306 3205 1363 etiam
3229 1304 3313 1362 illi
3337 1320 3582 1362 manum

1933 1396 2284 1471 porrigendo
2308 1395 2500 1470 ipsum
2523 1395 2704 1453 erexit
2725 1413 2791 1452 ac
2813 1395 3060 1453 sanavit.
3080 1394 3293 1453 Dehinc
3316 1410 3584 1452 remeans

1932 1503 2002 1543 ex
2044 1485 2275 1560 Anglia,
2315 1486 2472 1559 apud
2530 1483 2880 1555 Bruxellam,
2914 1485 3207 1542 civitatem
3258 1483 3584 1542 Brabantia

1934 1575 2390 1643 nobilissimam,
2411 1574 2501 1632 vel
2528 1574 2683 1631 circa
2711 1591 2861 1644 eam,
2896 1591 3112 1648 magna
3149 1591 3218 1631 ex
3262 1578 3425 1647 parte
3454 1571 3584 1629 vita

1935 1682 2077 1733 suae,
2130 1664 2498 1721 mansionem
2559 1662 2693 1720 fecit
2727 1680 2740 1721 :
2773 1668 2831 1720 et
2878 1663 3049 1737 juxta
3101 1661 3418 1736 Genepiam
3448 1660 3584 1731 (31),

155 1754 412 1824 exstitit,
445 1756 737 1856 etcomes
757 1751 1167 1856 Arden‘nensis
1206 1749 1447 1856 claruit;
1474 1754 1670 1856 ‘mater
1694 1762 1830 1806 vero
1858 1791 1906 1856 B
1935 1771 2072 1811 cum
2102 1752 2241 1811 filiis
2269 1752 2682 1811 honestissime
2705 1768 3076 1821 conversans,
3098 1749 3403 1809 habitavit.
3428 1750 3591 1833 Mon-

154 1848 287 1921 ejus
306 1861 432 1902 non
456 1842 658 1900 minus
677 1840 915 1910 nobilis,
933 1840 1097 1897 Doda
1113 1839 1456 1897 vocabatur.
1474 1838 1611 1896 Erat
1632 1842 1829 1896 autem

157 1952 223 1994 eo
246 1938 528 2007 tempore
556 1928 815 2005 inclytus
835 1944 1031 1985 comes
1062 1928 1337 1998 Boloniae,
1364 1927 1602 1985 nomine
1620 1927 1831 1984 Eusta-

157 2025 300 2091 tius,
325 2018 499 2078 filius
522 2018 778 2077 Eustatii
809 2021 866 2075 et
894 2014 1198 2074 Mathildis
1224 2016 1621 2073 Bruxeliensis
1650 2015 1831 2073 comi-

156 2114 347 2184 tisse,
372 2111 549 2184 cujus
598 2107 840 2166 secundi
886 2104 1136 2164 Eustatii
1188 2120 1336 2163 uxor
1380 2105 1441 2162 S.
1476 2106 1577 2162 Ida
1606 2107 1834 2175 effecta,

158 2209 279 2260 tres
310 2201 369 2259 ei
403 2198 563 2256 filios
606 2196 829 2273 genuit,
852 2194 1123 2252 videlicet
1152 2195 1558 2262 Godofridum,
1592 2193 1834 2250 Baldui-

166 2306 313 2348 num
345 2295 411 2346 ct
438 2286 797 2353 Eustatium,
818 2282 950 2342 Haac
979 2282 1134 2341 filios
1164 2284 1224 2340 in
1257 2284 1416 2340 omni
1437 2282 1751 2357 disciplina
1779 2287 1838 2340 et
1876 2300 1885 2305 '

165 2381 383 2439 timore
415 2377 520 2435 Dei
548 2375 838 2445 educavit,
862 2380 919 2431 et
950 2390 1077 2447 quae
1108 2374 1291 2448 digna
1321 2378 1463 2429 sunt
1504 2371 1836 2447 principatu

163 2484 341 2545 agere
374 2466 599 2535 docuit,
624 2470 801 2539 atque
835 2464 905 2520 ad
946 2467 1187 2520 sanctos
1217 2467 1273 2519 et
1304 2463 1489 2518 bonos
1520 2478 1713 2518 mores
1742 2462 1838 2517 in-

168 2557 476 2617 mrmmrit.
498 2549 719 2611 Horum
741 2552 1108 2619 Godefridus,
1133 2556 1268 2625 post
1294 2555 1541 2608 mortem
1565 2551 1837 2607 avunculi

171 2647 261 2705 sui
300 2644 611 2702 Godefridi
642 2641 904 2713 Gibbosi,
930 2642 1212 2714 majorem
1247 2645 1473 2714 partem
1513 2639 1838 2696 Brabantim

168 2733 460 2811 possedit,
487 2739 545 2789 et
574 2732 948 2808 postmodum
980 2729 1203 2786 electus
1233 2734 1322 2786 est
1352 2746 1451 2785 rex
1482 2734 1539 2786 et
1568 2729 1841 2803 princeps

168 2827 226 2883 in
256 2821 661 2893 Hierusalem,
690 2825 1000 2895 postquam
1050 2823 1209 2875 terra
1257 2822 1462 2874 sancta
1502 2823 1843 2891 recuperata

174 2916 287 2972 fuit
314 2908 751 2972 aChristianis.
776 2926 841 2965 ac
870 2914 1004 2982 post
1033 2923 1169 2964 eum
1220 2908 1400 2963 frater
1444 2908 1573 2979 ejus
1604 2907 1842 2965 Baldui-

174 3020 319 3060 nus:
342 3002 449 3076 qui
476 2998 685 3056 multis
703 2998 1039 3055 claruerunt
1058 2995 1316 3053 victoriis
1336 2999 1540 3061 contra
1556 2997 1840 3070 perfidam

172 3098 417 3168 gentem
449 3091 927 3147 Sarracenorum.
948 3087 1311 3159 Factumque
1332 3089 1423 3141 est
1453 3090 1520 3141 ut
1549 3102 1683 3142 cum
1714 3089 1844 3142 tan-

173 3161 378 3238 torum
411 3184 480 3235 Β.
502 3177 603 3234 ida
634 3180 823 3233 mater
848 3179 1007 3233 esset
1048 3173 1329 3235 filiorum.
1352 3190 1467 3230 non
1499 3174 1713 3232 sineret
1744 3191 1844 3231 eos
1874 3161 1917 3228 C

175 3268 416 3337 alienis,
441 3267 547 3324 sed
578 3263 831 3341 propriis
860 3264 1065 3321 lactari
1097 3263 1399 3320 uberibus.

240 3360 301 3417 3.
324 3361 600 3430 Cumque
630 3370 831 3412 comes
868 3352 1170 3425 Eustatius
1212 3351 1301 3408 vir
1330 3368 1477 3409 suus
1506 3352 1668 3409 illam
1700 3369 1843 3409 con--

174 3449 439 3524 spioeret
450 3442 735 3503 omnibus
752 3442 1090 3510 amabilem,
1106 3441 1451 3516 cunctisque
1472 3441 1842 3516 placabilem,

172 3543 230 3596 et
246 3554 365 3612 per
385 3535 591 3593 omnia
606 3532 986 3591 laudabilem.
1006 3546 1380 3605 nequaquam
1406 3530 1653 3588 moleste
1676 3531 1848 3588 susti-

174 3628 341 3695 nuit;
362 3640 574 3683 verum
604 3623 780 3679 etiam
805 3627 873 3679 ut
892 3622 953 3677 in
974 3620 1146 3679 benis
1166 3636 1548 3694 perseverans
1579 3621 1649 3677 ad
1683 3624 1845 3679 ante-

175 3716 359 3783 riora,
384 3718 445 3771 et
464 3710 711 3770 meliora
739 3711 979 3768 tendere
1000 3714 1333 3777 conaretur,
1353 3708 1683 3766 admonuit.
1706 3710 1849 3766 San-

176 3810 270 3864 cta
296 3821 443 3861 vero
474 3803 581 3859 ida
625 3804 692 3877 ut
738 3800 1008 3874 cognovit
1037 3812 1176 3874 erga
1206 3816 1267 3855 se
1295 3798 1399 3854 viri
1449 3797 1540 3857 sui
1594 3798 1846 3855 Eustatii

177 3893 421 3952 semitis
434 3890 809 3963 Boioniensis
829 3889 1186 3953 voluntatem
1216 3886 1645 3961 bonam,coepit
1672 3888 1850 3945 eccle-

178 3984 299 4042 sias
332 3985 698 4048 construere,
738 3990 1026 4053 pauperes
1054 3990 1318 4035 recreare
1349 3992 1417 4033 ac
1446 3977 1654 4045 ditare,
1686 3993 1755 4034 ac
1785 3976 1847 4033 in

180 4071 345 4131 omni
404 4078 582 4144 opere
636 4066 944 4125 charitutis
999 4071 1058 4124 et
1120 4065 1537 4122 misericordiae
1594 4066 1849 4140 perfecta

179 4162 456 4219 existere.
490 4158 593 4215 His
639 4156 823 4232 igitur
850 4156 1073 4213 devotis
1114 4154 1331 4219 studiis
1361 4154 1502 4211 dum
1552 4154 1850 4230 eleganter

180 4246 559 4324 poﬂeret,vir
584 4248 716 4320 ejus
742 4245 1051 4313 Eustatius
1072 4258 1270 4302 comes
1298 4244 1358 4299 in
1389 4243 1638 4303 Domino
1669 4244 1846 4301 meri-

178 4344 281 4396 tur
300 4356 321 4395 :
355 4346 489 4411 quae
520 4339 651 4411 post
679 4330 822 4404 ham,
852 4334 985 4409 ipso
1015 4333 1268 4407 sepulto,
1291 4332 1364 4389 ad
1402 4336 1676 4407 parentes
1707 4350 1847 4391 suos

397 4428 518 4483 tur.
540 4420 675 4481 Haec
719 4420 783 4481 Β.
816 4424 919 4480 Ida
965 4427 1099 4497 post
1126 4425 1378 4479 mortem
1404 4422 1513 4478 viri
1562 4423 1652 4479 sui
1704 4438 1847 4483 san-

1938 1847 2160 1901 stratur
2187 1842 2308 1899 illic
2337 1858 2526 1916 usque
2575 1841 2751 1900 hodie
2781 1842 2911 1899 fons
2967 1841 3120 1899 sacri
3168 1838 3497 1915 baptisterii
3522 1837 3589 1896 in

1939 1950 2055 2006 quo
2083 1932 2432 1990 Godefridus
2451 1933 2580 2005 ejus
2609 1928 3039 2006 primogenitus
3068 1931 3253 1987 fertur
3272 1929 3455 1986 fuisse
3484 1927 3593 1985 ini‘

1938 2023 2144 2080 tiatus.

2010 2115 2063 2169 ϐ.
2097 2112 2339 2169 Factum
2373 2115 2465 2168 est
2495 2116 2692 2168 autem
2722 2109 3003 2184 posthaec,
3035 2124 3171 2165 cum
3202 2108 3458 2181 quadam
3486 2124 3595 2164 no-

1942 2200 2437 2276 ctejsanctissima
2465 2201 2567 2257 Ida
2608 2216 2727 2257 una
2774 2216 2909 2256 eum
2953 2199 3235 2256 fratribus
3285 2196 3595 2254 matutinis

1944 2292 2254 2349 interesset
2283 2289 2756 2359 laudibus,venit
2784 2289 2855 2346 ad
2887 2305 3017 2344 eam
3051 2285 3297 2361 supplex
3324 2285 3595 2360 quaedam

1946 2381 2179 2449 mulier,
2205 2380 2430 2437 habens
2462 2394 2662 2436 secum
2697 2377 2877 2434 filiam
2908 2394 3077 2433 suam
3103 2376 3345 2433 surdam
3373 2379 3430 2432 et
3460 2390 3597 2431 mu-

1946 2473 2089 2538 tam,
2105 2486 2283 2542 quam
2306 2470 2477 2525 beata
2496 2472 2765 2524 matrona
2781 2466 3043 2539 pristinae
3061 2464 3297 2522 sanitati
3316 2462 3597 2532 restituit,

1944 2563 2002 2616 'ct
2023 2565 2087 2615 ut
2111 2560 2167 2614 in
2189 2558 2468 2626 crastina,
2487 2558 2560 2613 ab
2587 2557 2795 2613 abbate
2817 2554 2927 2611 loci
2951 2553 3129 2622 illius,
3154 2552 3358 2627 puellm
3379 2555 3597 2609 sanata

1948 2648 2258 2723 praebenda
2278 2647 2696 2703 concederetur
2715 2642 3068 2718 Impetravit.
3091 2645 3225 2710 Quae
3258 2640 3452 2716 puella
3480 2656 3597 2698 non

1950 2738 2137 2794 multo
2169 2741 2323 2809 post,
2346 2735 2662 2808 in:tigante
2691 2732 2920 2807 generis
2963 2731 3210 2788 humani
3240 2730 3499 2799 inimico,
3526 2732 3601 2787 de

1949 2826 2204 2900 quodam
2234 2826 2357 2881 viro
2389 2822 2729 2896 conccpitet
2761 2820 3004 2895 peperit,
3025 2836 3091 2877 ac
3124 2819 3363 2893 perinde
3393 2818 3450 2874 in
3480 2818 3602 2892 pri-

1950 2918 2138 2973 stinas
2167 2913 2538 2970 infirmitates
2568 2911 2804 2980 decidit,
2836 2909 3324 2984 praebendamquc
3355 2907 3466 2964 sibi
3496 2907 3606 2963 im-

1950 3009 2237 3079 petratam
2270 3001 2488 3059 amisit.
2512 3001 2622 3058 Sed
2657 3000 2892 3057 tandem
2923 2999 2996 3056 oh
3029 2997 3237 3055 merita
3257 2994 3609 3055 venerabilis

1954 3095 2065 3151 Idae
2108 3094 2301 3149 denuo
2349 3094 2663 3147 consecuta
2717 3092 2806 3146 est
2858 3086 3347 3156 misericordiam,
3378 3089 3438 3142 et
3464 3089 3607 3143 tunc

1952 3183 2170 3258 gratias
2202 3198 2303 3254 pro
2330 3179 2550 3252 duplici
2574 3176 2858 3235 miraculo
2881 3177 3089 3233 fratres
3119 3174 3500 3232 reddiderunt
3527 3171 3607 3230 ald-

1949 3271 2180 3329 tlSSlDlO
2210 3269 2347 3325 Deo.
2380 3269 2517 3325 Post
2546 3266 2845 3325 modicum
2876 3265 3117 3339 praefata
3145 3261 3361 3337 puella,
3392 3263 3606 3321 iterum

1951 3353 2593 3429 recidivaas,'concepit
2619 3359 2677 3411 et
2707 3354 2961 3429 peperit;
2991 3357 3051 3411 et
3079 3352 3152 3411 ob
3179 3353 3291 3411 hoc
3316 3351 3491 3411 tertio
3520 3368 3610 3408 ce-

1953 3449 2096 3508 cidit
2125 3450 2185 3505 in
2214 3447 2495 3521 pristinas
2526 3445 2923 3515 inﬁrmitates,
2947 3443 3044 3501 cui
3073 3444 3138 3501 Β.
3171 3443 3274 3500 lda
3300 3441 3472 3501 tertio
3504 3440 3611 3500 mi-

1954 3544 2111 3598 serta
2142 3537 2272 3608 fuit,
2294 3540 2351 3592 et
2395 3551 2527 3593 eam
2558 3532 2820 3591 oratione
2859 3530 3014 3593 facta
3056 3531 3319 3608 pristinas
3368 3522 3609 3591 sanitati

1953 3625 2233 3684 restituit.

2021 3716 2078 3771 7.
2102 3714 2364 3772 Tandem
2392 3709 2746 3768 venerabilis
2794 3710 2917 3778 Ida,
2949 3708 3089 3769 dum
3132 3706 3322 3767 debile
3350 3725 3417 3766 ac
3447 3712 3612 3767 tene-

1954 3821 2087 3861 rum
2119 3819 2332 3876 corpus
2358 3817 2533 3856 suum
2564 3796 3087 3873 vigiliis.jejuniis,
3124 3803 3300 3871 atque
3329 3797 3614 3856 orationi-

1953 3895 2065 3950 bus
2095 3890 2368 3949 continue
2401 3887 2769 3963 castigasset,
2792 3884 3079 3944 inﬁrmari
3112 3886 3288 3960 cmpit
3317 3903 3385 3944 ac
3414 3886 3485 3945 de
3513 3887 3610 3945 die

1954 3982 2014 4038 in
2040 3981 2193 4037 diem
2218 3978 2499 4036 nimirum
2522 3977 2797 4048 deficere;
2820 3980 2877 4034 et
2895 3976 2979 4033 sic
3001 3976 3069 4033 ad
3098 3977 3271 4035 finem
3295 3975 3466 4050 quasi
3478 3976 3611 4049 jam

1953 4070 2284 4143 proximum
2332 4066 2631 4125 tendebat.
2662 4065 2981 4123 Audientes
3037 4083 3169 4122 vero
3226 4063 3500 4123 monachi
3539 4064 3617 4143 de

1952 4142 2143 4228 Wast,
2175 4156 2332 4233 quod
2379 4154 2755 4214 sanctissima
2800 4159 2986 4212 mater
3031 4172 3234 4215 eorum
3282 4142 3610 4227 spiritualis

1953 4251 2152 4322 ageret
2192 4246 2252 4303 in
2299 4243 2596 4313 extremis,
2619 4249 2923 4317 cmperunt
2959 4243 3128 4301 valde
3174 4241 3507 4300 contristari
3538 4241 3610 4299 de

1953 4341 2141 4395 morte
2173 4335 2381 4410 ipsius.
2414 4333 2605 4390 Media
2633 4332 2816 4407 igitur
2844 4337 3014 4390 nocte
3041 4331 3368 4399 Dominica,
3405 4328 3610 4387 Idibus

1950 4424 2188 4501 Aprilis,
2221 4421 2633 4482 sacratissima:
2684 4422 2798 4478 Ida:
2842 4416 3087 4495 spiritus
3118 4418 3313 4479 carnis
3342 4422 3609 4492 ergastu-

181 4517 455 4575 ctissitne
472 4512 644 4584 vixit;
673 4511 816 4587 quin
844 4517 903 4569 et
926 4511 988 4568 in
1009 4512 1127 4569 vita
1147 4515 1203 4567 et
1232 4516 1365 4585 post
1396 4514 1642 4573 mortem
1674 4526 1843 4571 suam
1873 4526 1922 4597 Ι)
1952 4516 2077 4572 lum
2110 4513 2386 4581 deseruit,
2414 4528 2480 4568 ac
2508 4504 2636 4566 vita:
2680 4508 2985 4584 przesentis
3015 4505 3251 4566 exuvias
3282 4505 3487 4574 Subiit,
3517 4509 3607 4597 at-

182 4602 397 4664 clarui't
418 4600 745 4661 miraculis.
767 4598 1029 4675 Denique
1049 4601 1238 4677 primo
1250 4600 1411 4657 venit
1431 4601 1500 4656 ad
1525 4602 1841 4675 quamdam

183 4690 521 4761 ecclesiam,
540 4692 605 4748 in
633 4688 853 4749 honore
880 4688 943 4747 S.
968 4688 1310 4765 Wai’burgis
1336 4689 1579 4764 virginis
1609 4691 1843 4748 dedica-

182 4790 303 4841 tam
337 4778 547 4840 orandi
581 4776 797 4855 gratia;
829 4780 886 4836 et
912 4778 1116 4836 videns
1146 4783 1382 4836 eminus
1408 4778 1714 4839 mulierem
1747 4779 1846 4854 hy-

184 4871 431 4946 dropico
468 4864 679 4927 morbo
706 4874 821 4943 p’er
860 4871 1048 4935 totum
1079 4880 1295 4942 corpus
1327 4882 1690 4942 oppressam,
1715 4886 1844 4927 eam

186 4958 445 5036 propriis
476 4954 754 5015 manibus
784 4956 857 5014 de
885 4960 1041 5015 terra
1068 4956 1307 5026 levavit;
1340 4962 1396 5013 ct
1417 4972 1592 5015 orans
1620 4972 1687 5015 ac
1716 4975 1845 5017 eam

184 5064 431 5113 sanans.
454 5047 529 5104 ad
561 5044 798 5125 propria
822 5046 1101 5120 repedare
1128 5045 1418 5120 permisit.

254 5138 312 5196 4.
342 5136 669 5194 Adveniens
697 5138 896 5193 autem
920 5134 1270 5192 venerabilis
1301 5136 1361 5191 Β.
1384 5134 1486 5191 Ida
1515 5136 1587 5195 ad
1621 5134 1851 5196 Clunia-

185 5228 387 5286 censis
409 5224 670 5283 ecclesia:
698 5222 913 5282 fratres
934 5224 1068 5294 (30),
1100 5224 1161 5281 S.
1184 5222 1436 5298 Hugoni,
1463 5226 1728 5297 ejusdem
1751 5243 1850 5283 ec~

186 5316 385 5375 διε-εἰει
412 5312 902 5373 reierendlssimO
932 5312 1153 5380 abbati,
1179 5318 1245 5369 ut
1273 5313 1532 5373 mitteret
1561 5315 1848 5387 quosdam

186 5408 260 5465 de
289 5403 606 5479 discipulis
634 5405 780 5477 suis,
803 5421 955 5480 quos
990 5402 1052 5469 in
1083 5401 1397 5476 disciplina
1435 5402 1688 5476 regulari
1718 5422 1849 5481 gra-

256 5514 375 5587 (39)
393 5511 642 5587 Eidetur
656 5510 856 5587 potius
871 5518 982 5587 per
1000 5506 1231 5587 litteras
1250 5511 1353 5569 aut
1372 5507 1614 5567 nuntios
1637 5510 1853 5575 missos

256 5514 375 5586 (30)
393 5514 642 5589 Videtur
699 5514 856 5587 otius
915 5518 982 5568 er
1000 5514 1201 5571 littera

189 5585 263 5644 ad
295 5585 359 5643 S.
393 5529 697 5660 Munati;
723 5576 845 5646 hinc
871 5528 1201 5660 Semglsee.

1953 4622 2065 4678 que
2084 4603 2262 4661 vitam
2286 4599 2640 4674 possidendo
2666 4602 3037 4673 perpetuam,
3055 4593 3449 4670 jucunditatis
3471 4589 3612 4651 ami-

1953 4698 2112 4750 ctum
2145 4691 2388 4748 induere
2419 4687 2655 4744 meruit.

2022 4781 2075 4838 8.
2109 4779 2395 4845 Tandem,
2430 4780 2495 4833 ut
2543 4777 2778 4848 justum
2832 4772 3042 4842 fuerat,
3075 4790 3288 4846 corpus
3344 4768 3609 4846 gloriosas

1953 4874 2233 4927 matrona;
2266 4872 2399 4924 ante
2434 4864 2638 4933 altare,
2673 4881 2787 4920 non
2830 4863 2958 4920 sine
2997 4860 3346 4937 lacrymosis
3373 4852 3610 4935 gemiti—

1954 4959 2087 5027 bus,
2122 4956 2365 5013 allatum
2397 4959 2487 5011 est
2523 4971 2558 5010 a
2594 4953 2900 5021 fratribus,
2936 4952 3137 5025 ibique
3166 4949 3483 5009 honoriﬁce
3513 4967 3609 5006 sse

1956 5046 2212 5121 pultum.
2232 5044 2398 5101 Hunc
2427 5042 2642 5100 etenim
2674 5041 2870 5098 locum
2900 5040 3004 5099 Dei
3044 5039 3268 5098 famula
3292 5039 3491 5095 vivens
3522 5039 3610 5097 di-

1954 5137 2116 5203 lexit,
2138 5151 2297 5192 nunc
2323 5137 2520 5189 autem
2551 5135 2609 5187 et
2632 5136 2868 5188 mortua
2894 5129 3281 5204 prodentibus
3312 5125 3614 5184 miraculis

1959 5227 2154 5284 munit
2183 5242 2249 5281 ac
2279 5221 2550 5296 protegit.
2568 5219 2802 5279 Debiles
2833 5237 3087 5294 namque
3118 5220 3242 5277 sive
3269 5214 3511 5282 infirmi,
3532 5212 3616 5271 di-

1956 5315 2144 5373 versis
2172 5311 2558 5386 languoribus
2602 5310 2853 5379 obsessi,
2875 5310 2948 5367 ad
2987 5308 3324 5383 sepulcrum
3354 5304 3484 5378 ejus
3510 5320 3615 5359 ve-

1960 5403 2213 5473 nientes,
2238 5402 2289 5459 si
2320 5419 2437 5461 non
2487 5398 2761 5458 hazsitant
2789 5400 2849 5457 in
2898 5399 3034 5468 fide,
3059 5398 3371 5456 sanitatem
3418 5408 3618 5465 repor-

2034 5511 2151 5587 (31)
2178 5517 2257 5587 De
2285 5510 2543 5586 Genepia
2585 5510 2645 5566 et
2675 5507 2811 5567 vico
2833 5505 3024 5567 vicino
3070 5502 3277 5565 Raecio
3306 5497 3531 5560 allodio
3551 5497 3620 5558 Β.

1962 5583 2110 5662 Idas,
2134 5583 2290 5644 infra
2318 5583 2582 5662 agemus.
