4010 6078
376 280 489 343 431

1185 279 1290 340 AD
1337 276 1854 341 GODEFRIDUM
1904 274 2415 339 APPENDICES.
2447 308 2526 320 -—
2553 272 2892 337 APPEND.
2937 272 2988 335 Ι.

3678 271 3813 336 452

372 419 525 471 tant.
543 415 763 486 Corpus
784 414 981 469 autem
1009 411 1365 470 beatissima
1387 414 1497 469 [dre
1521 418 1653 486 post
1675 412 1865 468 multa
1886 417 2028 468 tem-
2055 413 2110 480 Α
2141 410 2388 468 febrium
2422 410 2600 466 nimis
2631 409 2867 477 afﬂicto,
2891 382 2965 465 ob
2987 407 3443 465 familiaritatem
3465 412 3526 465 et
3554 407 3811 466 servitu-

375 520 518 577 pora
565 502 819 559 illaesum
866 501 1168 558 inventum
1200 505 1308 570 est,
1342 506 1519 575 atque
1567 503 1639 557 ab
1689 502 2031 558 omnimodo.

374 591 748 665 corruptione
778 590 1034 648 alienum
1060 608 1075 647 :
1109 592 1183 648 ad
1212 592 1387 663 cujus
1416 590 1752 664 sepulcrum
1786 592 2029 663 quidam

373 682 653 739 obsessus
682 680 966 737 liberatus
991 684 1081 736 est
1110 697 1144 736 a
1172 680 1483 748 damonio,
1510 679 1784 736 similiter
1802 685 1861 736 et
1881 697 2034 752 quae-

358 770 513 828 dam
542 768 1067 827 obsessa.Cuidam
1099 785 1332 841 quoque
1362 769 1484 825 viro
1509 769 1746 826 nomine
1777 769 2029 843 Hugoni,

2138 506 2279 572 tem,
2304 517 2451 573 quas
2508 498 2596 554 illi
2644 498 2706 554 in
2743 498 2861 554 vita
2889 502 2946 554 et
2976 501 3110 571 post
3159 501 3411 555 mortem
3438 522 3441 525 ·
3471 497 3809 571 sepissime

2137 589 2526 662 impenderat,
2562 590 2811 659 gratiam
2855 586 3127 643 sanitatis
3156 586 3450 655 exhibuit;
3482 591 3807 659 prastanto

2139 678 2387 736 Domino
2418 682 2618 733 nostro
2647 678 2788 733 Jcsu
2818 676 3071 744 Christo,
3101 676 3201 749 qui
3231 692 3367 732 cum
3397 676 3516 733 Deo
3546 675 3714 733 Patre
3740 680 3809 733 et.

2139 768 2363 841 Spiritu
2385 771 2587 822 sancto
2616 764 2756 821 vivit
2784 770 2841 821 et
2871 769 3099 839 regnat,
3122 765 3278 821 Deus
3305 763 3502 822 trinas
3530 770 3590 822 et
3615 782 3799 834 unus,

373 859 565 916 eidem
608 864 887 916 matronas
916 857 1303 915 devotissimaa
1345 858 1641 927 servienti,
1675 862 1732 914 et
1760 858 2036 931 passione
2142 874 2244 931 per
2272 854 2504 912 infinita
2530 853 2745 910 saecula
2773 852 3145 911 saeculorum.
3173 855 3372 910 Amen.

1370 1103 1514 1188 DE
1570 1104 1667 1189 B.
1725 1102 1943 1188 IDfE
2008 1098 2350 1190 BEBUS
2413 1098 2806 1187 GESTIS

1018 1257 1687 1374 ANALECTAS
1758 1259 1910 1369 EX
1975 1255 2370 1372 VAllllS
2437 1253 3151 1371 AUGTORIBUS

1870 1436 2293 1448 —_——.—_—-

902 1565 1134 1622 CAPUT
1170 1564 1481 1622 PRIMUM.

368 1674 639 1746 Beneﬁcia
684 1674 930 1730 ecclesixe
966 1673 1341 1799 Lensienst'met
1377 1673 1605 1741 collegio
1639 1674 2027 1729 canonicorum

1070 1752 1249 1799 omn
1312 1785 1326 1798 .

1066 1752 1326 1817 pnsum.

436 1871 490 1927 4.
515 1869 792 1927 Lensium
822 1868 942 1925 sive
988 1868 1471 1941 Lendium,quod
1523 1869 1754 1925 Lenensc
1783 1877 2027 1925 castrum

364 1960 511 2017 dixit
529 1958 831 2016 Baldricus
865 1958 923 2013 in
948 1956 1232 2014 Chronico
1253 1957 1657 2014 Cameracensi
1695 1957 1797 2013 lib.
1822 1976 1861 2013 ιι
1892 1974 2021 2030 cap.

361 2052 455 2115 22,
478 2052 568 2104 est
596 2047 880 2121 oppidum
911 2046 1209 2103 hodiernae
1241 2046 1496 2115 Artesize,
1528 2052 1781 2119 quatuor
1826 2047 2021 2102 Duaco

361 2142 420 2193 et
445 2136 709 2210 quinque
742 2135 1011 2191 Atrebato
1038 2134 1270 2190 distans
1297 2134 1503 2201 leucis,
1528 2151 1661 2190 cum
1697 2135 1892 2207 amplo
1913 2139 2025 2190 ter-

363 2226 588 2295 rilorio,
614 2223 873 2296 antiquis
924 2223 1230 2290 comitatu,
1266 2223 1367 2296 qui
1420 2224 1491 2279 ad
1543 2224 2017 2295 jurisdictionem

362 2313 643 2371 comitum
675 2312 1112 2369 Boloniensium
1136 2312 1276 2369 olim
1313 2313 1614 2385 pertinuit,
1639 2318 1695 2369 et
1725 2313 1797 2368 ab
1818 2315 2022 2369 Eusta-

361 2402 493 2460 chio
522 2404 545 2459 Ι
574 2402 788 2459 comite
830 2402 1083 2458 donatus
1131 2406 1223 2458 est
1272 2402 1601 2472 Lamberto,
1628 2401 1747 2458 lilio
1790 2419 1897 2458 suo
1928 2419 2018 2458 se-

362 2493 554 2548 cundo
584 2491 811 2566 genito;
842 2507 959 2564 quo
1009 2490 1234 2563 absque
1276 2489 1480 2547 liberis
1527 2508 1681 2548 anno
1732 2493 1872 2547 1055
1917 2492 2018 2547 de-

361 2578 1048 2651 functo,comitatusiste
1077 2579 1311 2636 devenit
1337 2578 1397 2634 in
1430 2584 1780 2652 potestatem
1810 2582 2020 2636 Eusta-

359 2668 477 2726 chii
510 2669 751 2726 secundi
786 2674 843 2724 et
875 2669 936 2725 Β.
968 2668 1078 2724 Idae
1106 2670 1238 2738 ejus
1266 2668 1671 2741 conjugis,qui
1703 2668 2015 2742 collegium

360 2758 775 2814 canonicorum
835 2755 1248 2813 Lendiensium
1280 2757 1516 2829 praediis
1572 2774 1638 2813 ac
1697 2757 2016 2831 privilegiis

360 2847 669 2914 dotarunt;
702 2863 775 2902 an
805 2844 983 2903 etiam
1031 2846 1341 2913 erexerint,
1366 2846 1595 2901 videtur
1641 2846 2012 2902 controverti.

359 2936 615 2993 Jacobus
670 2935 957 3008 Meyerus,
1001 2933 1104 2990 lib.
1136 2951 1177 2990 ιι
1225 2933 1540 2990 Annalium
1604 2935 1905 3003 Flandriae,
1939 2936 2011 2992 ad
2044 2935 2087 3003 C

362 3041 585 3082 annum
617 3025 756 3080 1028
786 3024 899 3080 ista
929 3023 1154 3080 scribit.
1184 3023 1445 3079 Eeclesiu
1478 3024 1790 3081 Lensensis
1824 3042 2014 3081 sacer-

359 3115 525 3171 dotes
544 3113 761 3171 habere
790 3111 966 3187 cmpit
989 3113 1303 3171 canonicos
1326 3113 1481 3170 unde
1511 3112 1663 3170 hanc
1692 3113 1772 3169 ibi
1802 3130 2019 3170 memo-

360 3203 512 3261 riam
543 3201 703 3277 leges
734 3218 748 3260 :

465 3319 621 3376 Anno
648 3318 896 3389 milleno,
917 3325 999 3376 ter
1025 3316 1182 3386 dono,
1211 3317 1291 3374 bis
1317 3319 1506 3373 minus
1535 3334 1666 3384 uno,

465 3412 632 3465 Hunc
658 3409 870 3464 intrare
894 3407 1122 3464 chorum
1147 3408 1307 3480 coepit
1333 3423 1469 3479 grex
1494 3409 1904 3464 canonicorum.

427 3523 725 3596 Meyerum
756 3521 1026 3596 sequitur
1051 3522 1336 3596 Georgius
1367 3521 1760 3591 Colvenerius,
1797 3522 1856 3577 in
1889 3522 2015 3578 suis

358 3612 434 3670 ad
482 3610 733 3669 Baldrici
772 3611 1101 3668 Chronicon
1144 3611 1321 3679 notis,
1354 3615 1412 3667 et
1441 3611 1606 3667 addit
1625 3635 1652 3662 «
1687 3611 2014 3667 etiamnum

357 3716 487 3758 esse
515 3699 823 3758 ecclesiam
849 3699 1217 3774 collegiatam
1241 3699 1419 3756 simul
1437 3703 1495 3756 et
1515 3699 1932 3773 parochialem,
1954 3700 2014 3755 in

357 3792 475 3862 q'ua
493 3790 750 3847 decanus
771 3794 829 3846 et
848 3788 1159 3845 duodecim
1181 3793 1321 3845 sunt
1340 3788 1626 3845 canonici.
1654 3812 1680 3838 »
1711 3787 2015 3846 Baldricus

356 3878 548 3936 solum
578 3877 784 3935 scribit
813 3900 842 3929 α
880 3877 1082 3935 haberi
1115 3878 1542 3934 monasterium
1572 3878 2010 3948 canonicorum,

356 3966 457 4024 ubi
483 3971 723 4025 sanctus
752 3966 1004 4040 quiescit
1020 3965 1370 4040 Vulganius,
1399 3989 1427 4017 »
1451 3967 1527 4023 de
1555 3983 1671 4040 quo
1719 3968 2010 4040 agendum

354 4057 465 4114 erit
482 4057 554 4113 ad
576 4057 733 4113 diem
747 4054 1074 4113 secundum
1091 4056 1456 4112 Novembris.
1471 4055 1794 4129 Scripsisse
1814 4059 2012 4113 autem

355 4143 688 4203 Baldricum
714 4143 935 4202 librum
956 4162 974 4201 ι
999 4148 1058 4202 et
1079 4163 1120 4200 ιι
1142 4144 1413 4201 Chronici
1435 4144 1528 4202 sui
1551 4145 1661 4202 sub
1682 4144 1861 4201 finem
1882 4144 2010 4201 vitae

351 4234 629 4292 Gerardii
653 4233 909 4308 episcopi
931 4233 1393 4301 Cameracensis,
1409 4234 1567 4290 circa
1591 4250 1814 4290 annum
1846 4233 2007 4303 4040,

354 4322 560 4380 multis
590 4306 797 4397 probat
818 4306 1212 4380 C‘olvenerius.
1235 4323 1361 4380 Non
1388 4320 1611 4380 reﬂexit
1634 4323 1900 4380 animum
1930 4323 2004 4380 ad
2033 4306 2082 4376 Ι)

352 4411 470 4470 ista
497 4411 891 4480 Malbrancus,
915 4412 1057 4469 dum
1090 4410 1193 4469 lib.
1216 4427 1322 4468 vm
1351 4412 1432 4468 De
1463 4411 1727 4480 Morinis,
1752 4428 1880 4485 cap.
1912 4412 2001 4469 49.

352 4500 871 4576 scribit~templum
901 4501 1161 4575 Deiparzs
1191 4500 1405 4576 virgini
1431 4505 1490 4557 et
1519 4500 1697 4558 simul
1719 4500 2006 4574 Vulganio

352 4607 387 4648 a
405 4589 471 4647 Β.
490 4590 592 4648 Ida
610 4595 971 4648 exstructum
985 4594 1045 4648 et
1059 4589 1372 4664 collegium
1389 4589 1805 4647 canonicorum
1825 4590 2007 4646 fuisse

352 4678 711 4737 institutum.
736 4679 927 4737 Placet
956 4679 1087 4752 ejus
1115 4679 1292 4736 verba
1321 4679 1634 4736 ascribere.

419 4772 476 4826 2.
502 4768 623 4838 Ida,
645 4768 948 4826 Eustachii
972 4767 1207 4826 comitis
1232 4785 1396 4837 uxor,
1421 4766 1834 4825 animadvertit
1864 4768 2007 4823 Len-

350 4856 505 4915 sium
536 4856 818 4930 oppidum
857 4857 1021 4913 tenui
1065 4857 1384 4914 admodum
1416 4857 1536 4913 aede
1583 4855 1766 4913 excoli
1799 4872 1812 4911 :
1848 4857 2003 4912 unde

351 4945 507 5020 apud
538 4945 921 5003 Eustachium
971 4945 1251 5002 maritum
1295 4948 1504 5018 questa
1550 4944 1826 5014 suaviter,
1859 4944 2005 5002 dixit

349 5034 463 5092 sibi
495 5035 555 5091 in
604 5036 801 5091 animo
831 5051 960 5091 esse
992 5032 1374 5107 magnificum
1431 5032 1551 5090 illic
1608 5033 1893 5108 templum
1927 5035 1999 5091 ad

348 5122 610 5198 Deiparm
659 5123 942 5181 honorem
976 5121 1282 5180 aediﬁcare.
1316 5124 1444 5180 Non
1493 5122 1748 5180 illubens
1792 5123 2002 5181 annuit

347 5209 722 5280 Eustachius,
747 5210 867 5269 imo
894 5210 1300 5286 gratissimum
1330 5230 1459 5271 esse
1488 5212 1601 5270 sibi
1630 5215 1880 5270 testatus
1910 5217 2000 5270 est

348 5299 549 5357 uxoris
577 5305 860 5358 extranea:
898 5300 1184 5370 animum,
1210 5318 1326 5374 quo
1374 5301 1437 5358 in
1486 5300 1681 5358 mariti
1732 5302 2000 5376 proprias

346 5385 601 5446 ditiones
630 5389 713 5447 ita
760 5389 874 5463 piis
917 5390 1319 5447 monumentis
1349 5391 1725 5465 adaugendae
1756 5392 1995 5449 feratur.

346 5475 512 5543 Quod
543 5478 732 5553 magis
762 5477 1158 5537 Christianum
1209 5479 1398 5554 possit
1431 5480 1744 5555 excogitari
1777 5497 1997 5538 connu-

345 5562 536 5641 binm,
551 5583 728 5648 quam
749 5568 850 5630 ubi
870 5567 1104 5647 conjux,
1129 5566 1322 5651 patria
1340 5586 1451 5630 sua
1480 5568 1703 5645 relicta,
1727 5569 1996 5647 conjugis

2046 1567 2093 1633 Β
2124 1563 2216 1620 sui
2248 1563 2463 1636 oppida
2481 1566 2540 1618 et
2558 1561 2841 1618 ditionem
2872 1559 3107 1634 templis
3130 1565 3301 1618 ornat
3323 1567 3381 1618 et
3411 1559 3782 1623 sacerdotiis.

2132 1651 2401 1725 Assurgit
2433 1651 2616 1724 igitur
2645 1650 2909 1707 Mariana
2940 1649 3206 1715 basilica.
3230 1656 3289 1707 et
3315 1654 3799 1711 consummata

2134 1747 2199 1798 ut
2223 1741 2381 1797 venit
2408 1742 2466 1797 S.
2502 1739 2852 1808 Lietbertus,
2884 1738 3247 1796 Atrebatium
3286 1743 3345 1796 et
3378 1743 3803 1799 Camaraceno-

2132 1848 2265 1886 rum
2296 1828 2531 1904 praesul,
2553 1832 2915 1896 sacraturus,
2947 1827 3172 1902 placuit
3200 1829 3311 1885 Ida;
3354 1833 3413 1885 et
3446 1827 3789 1899 Eustachio,

2131 1919 2469 1989 comitibus,
2504 1920 2563 1976 S.
2585 1917 2967 1992 Vulganium,
2991 1920 3162 1991 cujus
3186 1933 3427 1991 corpore
3456 1916 3786 1992 potiuntur,

2131 2008 2379 2065 alterum
2420 2009 2673 2081 jungere
2727 2007 2932 2081 templi
2988 2007 3321 2080 praesidem.
3350 2007 3679 2064 Accedebat
3725 2011 3789 2065 et

2130 2097 2289 2153 aliud
2322 2097 2395 2153 ad
2448 2097 2504 2152 id
2552 2096 2951 2170 praestandum
2983 2113 3097 2152 non
3128 2095 3252 2153 leve
3310 2095 3793 2168 incitamentum,

2129 2188 2282 2259 quod
2319 2203 2572 2259 magnus
2602 2185 2699 2241 ille
2723 2185 3023 2258 quondam
3044 2184 3432 2241 Cantorherise
3450 2184 3788 2259 Anglicane

2128 2275 2530 2348 archipraesul,
2564 2274 2856 2331 derelictis
2895 2273 3019 2330 suis
3058 2273 3493 2344 transmarinis,
3517 2273 3577 2330 in
3610 2273 3786 2331 Mori-

2128 2382 2236 2421 nos
2256 2364 2519 2439 angelico
2542 2365 2769 2420 monitu
2792 2364 3251 2433 transfretasset,
3275 2367 3330 2420 et
3352 2362 3787 2423 Bononnesium

2126 2458 2350 2527 septem
2385 2471 2675 2509 annorum
2727 2451 2918 2526 spatio
2973 2452 3203 2527 egregie
3259 2451 3636 2521 excoluisset;
3668 2469 3780 2510 nec

2125 2560 2296 2616 porro
2328 2543 2703 2609 deseruisset,
2730 2541 2842 2598 nisi
2874 2541 3231 2612 xenodoxizs,
3254 2559 3357 2615 per
3385 2541 3632 2599 nimiam
3663 2542 3779 2598 mi-

2124 2632 2455 2689 raculorum
2488 2631 2681 2688 lucem
2705 2631 3084 2705 insurgentis,
3109 2634 3324 2700 metus,
3350 2631 3424 2687 ad
3453 2630 3628 2688 aliam
3657 2648 3783 2689 erc-

2124 2739 2288 2777 mum
2320 2722 2718 2795 quaerendam,
2753 2719 3131 2795 prOpulisset.
3154 2719 3300 2776 Hinc
3330 2737 3446 2777 non
3478 2719 3694 2777 mirum
3724 2721 3780 2778 si

2124 2810 2196 2866 ab
2225 2811 2606 2866 Atrebatibus
2653 2826 2889 2865 sacrum
2919 2810 3047 2881 ejus
3079 2826 3293 2882 corpus
3341 2809 3414 2866 ad
3466 2808 3782 2867 Lensiense

2125 2899 2429 2972 oppidum,
2462 2904 2745 2972 tanquam
2780 2897 3051 2955 Bononici
3094 2897 3379 2972 principis
3408 2897 3781 2968 comitatum,

2123 2988 2443 3044 transierit.
2474 2988 2595 3044 Imo
2646 2987 2844 3044 divina
2881 2986 3244 3060 providentia
3299 2987 3519 3044 factum
3579 2987 3781 3046 forsan

2124 3083 2190 3134 ut
2209 3077 2402 3133 Lensii
2430 3077 2772 3133 dominatus
2800 3075 3099 3133 transierit
3128 3075 3613 3134 Bononiensibus.
3644 3076 3781 3134 Hec

2122 3167 2287 3223 uberi
2318 3165 2543 3222 calamo
2579 3165 2954 3222 Malbrancus
2977 3165 3048 3222 de
3077 3164 3325 3222 basilica
3352 3168 3545 3222 erecta
3572 3165 3646 3222 ad
3676 3163 3783 3223 ho-

2122 3272 2325 3312 norem
2342 3254 2600 3328 Deiparae
2616 3253 2861 3328 virginis
2879 3259 2935 3311 et
2952 3255 3010 3311 S.
3026 3253 3302 3328 Vulganii
3318 3253 3783 3328 archipresulis,

2121 3362 2299 3418 quem
2330 3344 2427 3401 alii
2462 3344 2658 3417 potius
2700 3343 3095 3401 confessorem
3144 3342 3462 3418 appellant.
3485 3343 3547 3400 Si
3575 3347 3779 3402 tamen

2121 3433 2433 3507 episcopus
2455 3433 2682 3503 fuisset,
2696 3449 2765 3488 ex
2782 3431 2859 3490 iis
2877 3431 3209 3489 censendus
3229 3436 3402 3501 esset,
3426 3430 3549 3506 qui,
3566 3431 3785 3506 Anglo-

2121 3523 2453 3580 Saxonibus
2482 3521 2675 3578 adhuc
2702 3519 3030 3578 idololatris
3060 3520 3424 3579 Britanniam
3452 3520 3780 3579 obtinenti-

2120 3613 2255 3682 bus,
2282 3612 2337 3667 in
2378 3610 2713 3668 Cambriam
2772 3610 2893 3667 sive
2946 3609 3222 3669 Walliam
3281 3611 3687 3686 confugerant,
3719 3614 3783 3668 et

2120 3700 2256 3757 inde
2279 3700 2337 3756 in
2361 3699 2539 3757 hasce
2570 3704 2766 3773 partes
2797 3699 3173 3769 transierant,
3197 3700 3283 3757 nti
3312 3698 3490 3757 latius
3520 3698 3782 3758 diximus

2122 3791 2155 3846 4
2185 3787 2485 3846 Februarii
2515 3789 2589 3845 ad
2608 3787 2801 3844 Vitam
2836 3789 2894 3845 S.
2919 3787 3279 3861 Lietphardi,
3310 3787 3487 3846 etiam
3516 3786 3781 3863 episcopi

2119 3876 2556 3936 Cantuariensis
2583 3877 2741 3950 apud
2773 3877 2962 3934 dictos
2991 3876 3275 3935 Cambros
3303 3880 3364 3935 et
3389 3876 3526 3935 inde
3555 3876 3615 3933 in
3645 3876 3781 3935 Bol-

2117 3969 2282 4042 gium
2313 3966 2576 4041 profecti,
2600 3971 2656 4022 et
2688 3965 2967 4040 martyrio
2998 3966 3281 4024 coronati.
3304 3966 3417 4023 Sed
3437 3966 3513 4024 ad
3539 3964 3785 4024 institu-

2115 4057 2337 4114 tionem
2368 4055 2785 4114 canonicorum
2830 4058 3211 4127 revertamur,
3234 4071 3414 4129 quam
3460 4053 3545 4114 ita
3568 4070 3776 4130 prose-

2117 4146 2321 4220 quitur
2348 4142 2747 4202 Malhrancus.

2211 4236 2264 4291 3.
2291 4258 2319 4286 «
2342 4232 2605 4290 Eximius
2620 4231 2888 4290 Ecclesiaa
2909 4232 3189 4308 splendor
3208 4232 3372 4290 Idam
3391 4232 3469 4290 ad
3489 4231 3778 4292 ulteriora

2113 4322 2357 4381 meliora
2411 4320 2694 4388 invitavit,
2750 4325 2929 4395 atque
2956 4322 3031 4379 ad
3079 4320 3244 4379 illam
3287 4319 3510 4397 insigni
3538 4322 3778 4382 canoni-

2114 4429 2316 4471 corum
2347 4410 2589 4484 collegio
2634 4411 3163 4469 condecorandam.
3202 4409 3495 4494 anfectis
3544 4410 3774 4473 tabulis

2113 4500 2332 4576 praedia
2361 4505 2416 4558 et
2444 4497 2766 4573 locupletes
2790 4517 3005 4558 census
3034 4498 3324 4569 attribuit,
3347 4499 3652 4576 complura
3678 4517 3777 4560 sa-

2114 4589 2372 4649 cerdotia
2388 4588 2768 4661 instituendo,
2790 4588 3008 4663 quibus
3026 4593 3306 4664 preesset
3329 4590 3610 4660 decenas,
3627 4607 3664 4648 a
3682 4606 3778 4649 ca-

2114 4679 2342 4737 nonicis
2377 4678 2525 4753 ipsis
2554 4678 2627 4735 ob
2655 4677 2784 4734 vita:
2832 4676 3184 4751 probitatem
3214 4682 3274 4737 et
3301 4679 3665 4739 necessarias
3693 4681 3773 4739 ad

2113 4769 2172 4826 id
2204 4766 2467 4825 muneris
2513 4766 2677 4823 dotes
2717 4764 3085 4842 deligendus.
3127 4767 3338 4827 Lensio
3366 4767 3605 4827 inerant
3650 4768 3776 4829 duo

2110 4858 2340 4915 minora
2363 4854 2818 4928 sacraria,divos
2842 4855 3227 4916 Laurentium
3256 4861 3315 4916 et
3340 4857 3774 4933 Leodogaritun

2111 4952 2397 5021 martyres
2425 4945 2483 5001 in
2516 4943 2825 5018 praesidem
2855 4943 3276 5019 suspicientia:
3304 4962 3510 5005 eorum
3538 4945 3774 5022 episco-

2108 5036 2271 5111 pales
2302 5033 2565 5092 redditus
2594 5034 2653 5089 in
2686 5032 3102 5091 canonicorum
3143 5051 3291 5093 usus
3328 5051 3399 5094 ac
3436 5033 3777 5111 dispositio,

2108 5142 2244 5183 nem
2293 5122 2576 5181 convertit
2614 5121 2940 5179 Lietbertus
2980 5121 3313 5198 episcopus.
3335 5124 3623 5183 Ceterum
3661 5141 3772 5199 qni

2106 5216 2165 5272 in
2199 5212 2501 5272 Lensiensi
2532 5210 2780 5268 ecclesia
2807 5210 2949 5268 olim
2993 5210 3341 5285 legebantur
3365 5228 3594 5283 versus,
3615 5216 3771 5272 tem-

2107 5304 2267 5379 poris
2296 5303 2509 5360 horum
2557 5299 2957 5358 institutorem
2989 5299 3235 5370 indices,
3260 5300 3426 5361 hisce
3469 5302 3775 5378 interpun-

2107 5390 2373 5449 tionihus
2403 5392 2543 5447 sunt
2570 5388 2868 5447 afﬁciendi
2900 5405 2916 5448 :

2212 5479 2367 5535 Anno
2394 5476 2648 5545 milleno,
2680 5484 2763 5534 ter
2787 5476 2925 5535 deuo
2957 5477 3061 5547 bis,
3090 5478 3279 5537 minus
3304 5494 3436 5550 uno,

2211 5569 2367 5627 Hum:
2395 5568 2606 5628 intrare
2631 5567 2858 5627 chorum
2884 5568 3045 5646 cepit
3071 5583 3210 5644 grex
3235 5569 3644 5634 camaram».
