4010 6078
236 155 354 220 457
1200 159 1352 224 ΑΝΑ
1367 165 1607 224 LECTA
1654 164 1753 225 DE
1798 157 1863 223 Β.

2106 163 2250 226 ItEB
2263 166 2352 228 US
2385 157 2604 227 CESTI
2619 169 2682 228 Β.
3528 169 3648 229 458

234 293 646 348 memorantur
674 289 807 365 pag.
830 293 900 350 10
930 307 958 343 α
979 292 1320 354 collationes
1349 312 1452 350 seu
1485 294 1886 368 praesentatio—
1918 297 1972 363 Α
2003 295 2320 365 Godefridi,
2353 301 2411 353 et
2442 298 2674 355 comitis
2705 298 3002 354 Eustachii
3044 298 3264 354 domini
3296 299 3432 367 mei,
3463 299 3644 357 eccle-

231 395 340 437 nes
372 379 714 437 curaturum
746 381 1044 449 undecim,
1076 388 1133 439 et
1181 383 1642 456 capellaniarum
1685 401 1888 441 novem
1999 384 2147 440 siam
2171 402 2305 442 cum
2329 387 2574 444 decimis
2597 393 2655 443 et
2681 387 2968 444 universis
2989 390 3116 459 ejus
3139 388 3482 456 redditibus,
3518 405 3644 462 per-

227 467 448 526 abbate
478 471 548 526 de
577 470 810 544 Capella
849 472 1246 545 dependentes
1281 490 1294 528 :
1332 495 1360 522 »
1392 473 1542 528 inter
1571 485 1720 546 quas
1750 478 1890 530 sunt
1999 475 2322 544 p‘ctuojure
2354 477 2664 531 tenendam
2691 477 2820 532 dedi
2845 494 3022 548 supra
3055 476 3224 532 dictis
3256 476 3552 544 fratribus,
3585 479 3644 535 in

225 559 572 632 cepallanias
601 557 982 616 ecclesiarum
1003 562 1336 628 Ardrensis,
1369 562 1614 635 Ogensis
1645 568 1704 619 et
1734 553 1885 618 Mat--

225 648 482 714 kiensis,
513 663 544 704 e
574 649 792 722 quibus
835 647 1056 722 optime
1087 650 1386 724 colligitur
1416 652 1569 724 quod
1601 652 1885 725 antiquus

224 736 415 808 hujus
467 737 804 794 monasterii
848 739 998 794 situs
1049 739 1222 795 fuerit
1269 757 1372 812 per
1412 741 1691 798 continua
1734 741 1886 798 inter

222 825 451 898 Anglos
481 823 538 883 et
567 827 816 883 Francos
845 825 997 884 bella
1028 833 1308 884 mutatus.

866 933 1101 991 CAPUT
1151 935 1249 992 III.

226 1041 398 1098 Varia
455 1041 756 1115 beneﬁciag
781 1045 1031 1115 praestita
1086 1045 1448 1111 monasteriis,
1508 1044 1880 1106 Bulloniensi.

299 1113 710 1186 Afﬂigemcnsi,
726 1113 1043 1171 Bértt’m’ano
1063 1124 1114 1171 et
1133 1117 1430 1172 Lmiensi.
1453 1117 1572 1173 Visa
1596 1120 1652 1173 in
1673 1122 1883 1175 exstast'

294 1181 678 1258 Hierosolyma
705 1195 882 1259 capta.

299 1277 390 1330 10.
438 1275 786 1331 Godefridus
837 1275 1144 1343 Barbatus,
1201 1277 1319 1332 dux
1380 1277 1767 1353 Lothariugias'
1823 1285 1880 1336 et

221 1371 396 1437 pater
425 1365 489 1420 Β.
526 1364 659 1430 Idm,
691 1364 967 1420 fundarat
996 1363 1134 1420 olim
1182 1364 1508 1437 prioratum
1541 1368 1599 1423 S.
1636 1367 1784 1424 Petri
1817 1367 1875 1425 in

219 1451 555 1526 municipio
581 1469 690 1509 suo
711 1449 1092 1522 Bulleniensi,
1107 1455 1360 1528 acceptis
1393 1457 1698 1513 monachis
1719 1475 1749 1514 e
1771 1474 1877 1515 cce-

219 1543 400 1600 nobio
433 1544 494 1600 S.
529 1542 796 1600 Huberti.
836 1543 1115 1615 Adjunxit
1163 1544 1422 1617 aliquam
1454 1535 1647 1602 dotem
1689 1548 1872 1604 Gode-

219 1633 420 1690 fridus
449 1629 774 1700 Bullonius,
791 1633 994 1689 charta
1012 1634 1346 1690 donationis
1370 1635 1601 1708 signata
1623 1636 1874 1693 Ballonii

220 1738 382 1778 anno
405 1721 570 1789 1094,
593 1733 626 1777 a
649 1717 840 1777 Mirum
860 1722 918 1777 in
950 1722 1145 1779 codice
1177 1721 1588 1793 Donationum,
1621 1741 1748 1798 cap.
1781 1727 1872 1794 67,

218 1817 276 1865 et
298 1809 522 1865 Notitia
541 1808 928 1866 Ecclesiarum
953 1809 1335 1884 Belgicarum,
1350 1829 1475 1884 cap.
1491 1813 1512 1868 ΔΙ
1529 1814 1579 1881 1,
1597 1813 1834 1888 vulgata
1857 1832 1870 1872 :

219 1899 278 1954 in
303 1913 427 1972 qua
460 1899 576 1955 ista
603 1899 780 1955 habet
809 1899 1196 1956 Godefridus:
1231 1925 1258 1951 «
1286 1902 1445 1958 Hanc
1476 1917 1666 1960 meam
1691 1904 1875 1960 inten-

217 1989 443 2045 tionem
477 2003 612 2044 cum
647 1988 976 2046 retulissem
1026 1990 1202 2046 matri
1259 2004 1398 2048 meae
1451 1993 1581 2060 Idae,
1616 1993 1873 2066 praedicti

217 2075 387 2136 ducis
407 2075 566 2146 ﬁlias,
590 2083 648 2134 et
668 2079 949 2135 fratribus
973 2079 1119 2136 meis
1141 2071 1422 2137 Balduino
1443 2087 1500 2138 et
1528 2083 1870 2156 Eustachioi;

216 2179 425 2226 eorum
459 2167 672 2225 deinde
718 2167 964 2226 consilio
994 2174 1051 2225 et
1080 2185 1370 2227 consensu
1397 2170 1748 2243 voluntario,
1781 2189 1871 2230 ec-

215 2259 461 2314 clesiam
494 2259 776 2326 nostram,
803 2258 987 2314 nostri
1021 2259 1237 2332 proprii
1258 2265 1316 2316 et
1347 2260 1694 2317 hereditarii
1717 2263 1872 2334 juris

216 2347 962 2413 deBaseio,destinavimus
974 2353 1031 2405 et
1043 2349 1389 2406 donavimus
1403 2352 1474 2407 ad
1488 2357 1872 2425 augmentum

215 2435 508 2510 praedicta
540 2437 924 2511 elcemosyuee
952 2438 1041 2494 avi
1065 2439 1178 2495 mei
1200 2439 1512 2508 Godefridi,
1535 2441 1870 2499 donandam
1925 2498 1930 2503 ,

217 2525 642 2600 perpetualiter
671 2527 735 2582 Β.
772 2527 938 2584 Petro
966 2532 1023 2584 et
1055 2529 1113 2584 Β.
1151 2529 1422 2586 Huberto.
1442 2531 1603 2597 Quod
1626 2533 1867 2602 donum,

217 2622 282 2673 ut
313 2622 510 2674 ratum
544 2622 602 2672 et
631 2618 870 2674 firmum
901 2622 1073 2685 esset,
1107 2619 1372 2676 eamdem
1411 2625 1653 2678 matrem
1678 2626 1736 2678 et
1758 2623 1844 2678 fra

218 2713 338 2764 tres
369 2719 536 2763 meos
569 2721 801 2763 mecum
833 2707 1141 2764 Bulonium
1173 2709 1332 2777 duxi,
1374 2714 1432 2765 et
1471 2709 1530 2766 in
1568 2711 1872 2784 praesentia

218 2795 574 2869 Optimatum
601 2809 889 2867 meorum,
921 2797 1261 2853 vestituram
1295 2799 1580 2872 praedicta:
1616 2799 1870 2858 ecclesiae

218 2883 278 2940 in
313 2885 542 2952 Baseio,
573 2885 700 2941 sine
733 2884 853 2941 ulla
883 2885 1181 2942 calumnia
1203 2891 1260 2942 et
1289 2889 1764 2959 contradictione,
1799 2891 1872 2947 si-

219 2973 342 3029 mul
375 2974 762 3047 deposuimus
792 2992 969 3048 super
996 2975 1175 3032 altare
1198 2977 1260 3032 B.
1287 2977 1496 3034 Petri.»
1528 2980 1628 3035 Est
1647 2980 1867 3036 dictum

1995 561 2256 634 idipsum
2279 563 2415 618 filiis
2439 565 2586 620 meis
2610 565 3259 631 Godefrido,Eustachio
3280 571 3336 621 et
3361 565 3644 623 Balduino

1997 650 2142 705 mihi
2168 653 2636 724 cooperantibus.
2667 653 2847 709 Filius
2869 671 3098 727 quoque
3121 671 3286 711 meus
3317 655 3435 710 dux
3465 655 3646 712 Gede-

1994 737 2182 794 fridus
2206 739 2263 794 in
2286 741 2488 796 eadem
2511 741 2647 797 villa
2660 741 2917 814 Gcnapia
2939 742 3198 814 quinque
3219 759 3455 800 mansos
3474 747 3638 800 terrae

1993 827 2227 883 donavit
2258 828 2465 886 iisdem
2498 831 2874 898 fratribus,ad
2898 848 3044 904 quos
3067 848 3170 904 ego
3188 837 3385 905 postea
3413 833 3471 888 in
3496 849 3637 907 aug-

1991 922 2253 972 mentum
2289 919 2547 976 concessi
2577 921 2864 992 quasdam
2897 924 3089 993 partes
3132 921 3633 993 circumjecentes,

1991 1004 2162 1077 plane
2191 1012 2420 1062 sextum
2453 1026 2726 1064 mansum
2760 1010 3142 1078 continentes,
3169 1010 3238 1066 ab
3271 1010 3429 1066 omni
3463 1011 3638 1067 comi-

1989 1098 2113 1150 tatu
2137 1100 2195 1150 et
2215 1112 2392 1152 censu
2423 1098 2730 1154 tributario
2761 1098 2974 1154 liberos
2997 1102 3054 1154 et
3073 1104 3356 1171 expertes.
3393 1100 3638 1174 Insuper

1989 1189 2185 1240 autem
2236 1186 2519 1258 quidquid
2573 1187 2682 1243 sibi
2741 1186 3136 1255 vindicabant,
3171 1188 3386 1261 quippe
3415 1190 3568 1261 quod
3601 1207 3636 1246 a

1989 1273 2198 1345 prioris
2219 1276 2354 1330 doni
2378 1281 2637 1349 tempore
2660 1279 3061 1350 possederant,
3084 1276 3201 1333 sive
3225 1279 3283 1332 in
3305 1278 3490 1350 silvis,
3515 1279 3635 1336 sive

1986 1360 2046 1418 in
2071 1364 2460 1436 pascuis,sive
2481 1365 2540 1421 in
2564 1367 2732 1436 satis,
2753 1367 2837 1423 eis
2860 1367 3117 1422 concessi
3138 1367 3339 1422 eadem
3370 1367 3636 1426 libertate

1985 1469 2102 1524 qua
2123 1454 2283 1510 tenui
2308 1471 2320 1510 :
2347 1456 2446 1511 sed
2469 1460 2525 1511 et
2545 1473 2718 1512 omne
2748 1456 3120 1529 participium
3153 1456 3211 1512 in
3243 1456 3388 1513 silva
3414 1461 3470 1514 et
3499 1458 3632 1513 reli-

1985 1558 2100 1614 quo
2124 1543 2361 1598 usuario
2383 1544 2768 1610 communi,in
2789 1545 2894 1601 hoc
2919 1545 3304 1602 nihilominus
3326 1546 3474 1604 meis
3495 1547 3633 1604 ﬁliis

1984 1632 2487 1689 consentientibus
2521 1634 2685 1690 mihi.
2713 1635 2953 1690 Factum
2974 1638 3064 1690 est
3089 1638 3286 1692 autem
3321 1635 3475 1708 apud
3499 1637 3635 1692 Tra-

1974 1721 2200 1792 jectum
2223 1721 2282 1778 in
2305 1722 2549 1780 ecclesia
2571 1725 2629 1780 S.
2655 1723 2897 1780 Servatii
2928 1725 3301 1793 confessoris,
3326 1725 3633 1797 praesenti-

1983 1811 2094 1867 bus
2125 1811 2299 1867 etiam
2333 1813 2594 1885 reliquiis
2628 1814 2686 1870 S.
2712 1812 3032 1882 Gertrudis,
3057 1829 3160 1887 pro
3191 1814 3369 1870 simili
3401 1815 3631 1888 negotio

1981 1899 2121 1956 illuc
2145 1906 2282 1958 tunc
2308 1903 2568 1971 allatis;..
2595 1920 2746 1959 anno
2772 1903 3195 1960 Incarnationis
3219 1903 3447 1960 Domini
3469 1903 3628 1976 l096,

1984 2005 2136 2046 anno
2187 1991 2561 2064 profectionis
2609 1991 3074 2049 Christianorum
3123 1998 3325 2049 contra
3370 2009 3628 2066 paganos

1981 2080 2327 2137 Jerusalem.
2353 2103 2382 2131 ››

2054 2169 2142 2225 l2.
2177 2172 2321 2227 Cum
2371 2170 2654 2243 paulatim
2706 2172 2928 2244 majore
2977 2171 3140 2229 senio
3199 2175 3539 2246 gravaretur
3568 2173 3626 2228 Β.

1985 2259 2106 2327 Ida,
2129 2277 2241 2315 non
2273 2261 2495 2317 destitit
2525 2261 2637 2334 piis
2667 2261 2941 2334 operibus
2973 2261 3264 2330 insistere,
3290 2262 3389 2318 sed
3423 2261 3631 2318 merita

1982 2365 2092 2405 sua
2111 2353 2374 2418 auctura,
2400 2349 2618 2406 dotavit
2649 2351 2705 2406 S.
2733 2351 2949 2407 Bertini
2973 2351 3395 2408 monasterium
3421 2367 3434 2406 :
3459 2351 3629 2423 cujus

1981 2437 2296 2496 oblationis
2317 2439 2578 2495 chartam
2602 2439 2786 2496 edidit
2805 2440 3038 2497 Miratus
3055 2441 3112 2496 in
3131 2441 3327 2497 codice
3352 2440 3628 2497 Donatio-

1983 2545 2125 2583 num
2156 2545 2283 2602 cap.
2308 2531 2398 2596 70,
2424 2533 2480 2584 et
2510 2529 2873 2586 contractius
2904 2530 2964 2585 in
2991 2529 3208 2586 Notitia
3236 2529 3629 2588 Ecclesiarum

1981 2617 2313 2691 Belgii,cap.
2343 2619 2464 2674 121.
2491 2620 2569 2674 Ex
2591 2618 2767 2692 priori
2789 2619 2883 2674 hic
2905 2618 3357 2693 inserimusqua:
3379 2635 3631 2692 sequun-

1980 2710 2113 2762 tur:
2148 2728 2174 2756 «
2210 2707 2355 2763 Cum
2387 2711 2615 2764 constet
2644 2708 2962 2781 unicuique
2993 2708 3215 2765 incerta
3234 2712 3290 2765 et
3310 2708 3628 2766 imminens

1981 2812 2160 2865 mors,
2196 2811 2372 2868 quam
2407 2796 2803 2854 necessarium
2853 2798 3023 2855 nobis
3053 2797 3149 2865 sit,
3183 2797 3360 2854 saluti
3393 2801 3626 2867 nostrae,

1979 2883 2148 2941 bonis
2193 2885 2470 2958 cperibus
2517 2884 3137 2960 eleemosynarumque
3193 2885 3626 2960 largitionibus,

1980 2972 2326 3042 insistendo,
2379 2974 2702 3044 consulere,
2754 2975 3130 3048 quotidianus
3187 2976 3498 3032 mundana;
3543 2975 3625 3032 rei

223 3063 496 3120 Baseium
527 3064 688 3120 vicus
721 3064 1264 3134 Gallo-Brabantiae,
1297 3084 1498 3123 versus
1529 3067 1868 3125 comitatum
1897 3053 1940 3119 C
1979 3063 2238 3119 defectus
2269 3064 2412 3119 satis
2443 3065 2716 3120 ostendit.
2737 3064 2899 3121 Unde
2921 3081 3026 3137 ego
3050 3065 3168 3133 Ida,
3187 3064 3624 3122 Boloniensium

218 3153 706 3221 Namurcensem,
733 3153 905 3228 vulgo
927 3155 1092 3227 Basy,
1119 3155 1176 3209 in
1199 3155 1488 3213 territorio
1521 3157 1868 3230 Genapiensi

219 3243 291 3298 ad
318 3242 566 3298 ﬂuvium
588 3242 839 3312 Tiliam;
872 3244 930 3298 in
954 3261 1069 3316 quo
1095 3244 1214 3300 vicc
1237 3245 1492 3302 diximus
1516 3263 1694 3319 supra
1715 3249 1870 3305 credi

219 3333 293 3388 ab
331 3331 541 3387 incolis
572 3333 951 3389 Godefridum
984 3333 1317 3389 Bullonium
1369 3331 1571 3392 natum
1604 3336 1782 3394 fuisse
1813 3341 1871 3394 et

217 3423 562 3477 educatum.
597 3422 728 3494 Ipsa
758 3427 955 3478 autem
987 3424 1262 3497 Genapia,
1299 3441 1401 3480 seu
1433 3427 1758 3500 Genapum,
1780 3428 1873 3483 Ni-

215 3510 435 3566 vellam
469 3510 621 3566 inter
644 3516 702 3566 et
730 3511 1131 3581 Gemblacum,
1165 3513 1394 3571 illustre
1442 3516 1584 3572 satis
1631 3516 1871 3573 munici-

219 3599 391 3672 pium
425 3616 562 3657 cum
592 3600 768 3656 veteri
792 3617 946 3667 arce,
968 3601 1066 3658 ubi
1101 3603 1288 3658 forum
1323 3608 1411 3660 cst
1441 3603 1560 3660 sive
1592 3605 1869 3674 tribunal,

219 3689 382 3761 quod
409 3687 582 3761 vulgo
605 3688 822 3744 dicitur
841 3707 1075 3746 summa
1097 3691 1258 3747 curia
1272 3691 1654 3766 Lotbaringire
1677 3693 1735 3749 in
1758 3709 1875 3767 qua

219 3775 630 3833 administrari
652 3777 1043 3850 soletjustitia
1062 3784 1180 3835 tam
1204 3780 1263 3835 in
1287 3780 1555 3838 civilibus
1577 3787 1632 3838 et
1650 3783 1874 3856 capita-

221 3866 407 3934 libus,
434 3882 611 3938 quam
635 3865 691 3920 in
715 3866 1149 3924 clientelaribus
1178 3870 1393 3937 causis,
1418 3874 1474 3926 et
1503 3876 1877 3944 repraesentat

221 3955 423 4012 adhuc
453 3954 712 4028 aliquam
742 3957 994 4028 speciem
1030 3958 1416 4032 Lotbaringiaa
1449 3958 1874 4017 inferiorisHu-

225 4046 326 4117 jus
355 4043 470 4100 loci
501 4044 758 4101 decimas
789 4046 1078 4102 concessit
1109 4047 1171 4102 B.
1201 4047 1303 4103 Ida
1336 4049 1692 4126 monasterio
1721 4049 1879 4105 Afﬂi-

227 4132 540 4207 gemicnsi,
571 4133 632 4189 in
662 4134 866 4190 eadem
919 4131 1233 4190 Brabantia
1283 4135 1581 4192 Bruxe‘lias
1626 4136 1778 4194 inter
1823 4143 1882 4195 et

224 4223 500 4279 Alostum
533 4223 644 4279 sito
677 4240 690 4279 :
726 4223 898 4295 cujus
927 4223 1256 4280 donationis
1285 4225 1548 4281 chartam
1579 4226 1761 4282 edidit
1781 4227 1884 4282 Mi-

229 4329 386 4369 razus
437 4311 498 4367 in
547 4312 744 4368 codice
796 4313 1184 4370 Donationum
1235 4331 1362 4387 cap.
1393 4316 1462 4370 68
1489 4319 1547 4370 et
1576 4314 1633 4370 in
1667 4314 1886 4372 Notitia

1980 3153 2080 3208 Dei
2103 3151 2291 3224 gratia
2307 3153 2629 3220 comitissa,
2656 3154 2893 3210 notitica
2915 3158 3034 3209 tam
3059 3153 3270 3210 futuris
3291 3170 3467 3226 quam
3489 3171 3629 3226 prte-

1980 3243 2243 3298 sentibus
2275 3241 2654 3314 quibuslibet,
2680 3243 2833 3314 quod
2857 3243 2928 3298 ob
2952 3242 3199 3299 salutem
3231 3243 3438 3298 animae
3462 3242 3625 3311 mete,

1981 3349 2085 3388 nec
2118 3348 2232 3386 non
2266 3349 2368 3403 pro
2401 3331 2598 3386 anima
2646 3332 2867 3387 domini
2900 3332 3012 3387 mei
3045 3332 3274 3388 comitis
3305 3331 3626 3405 Eustachii,

1981 3426 2038 3477 et
2088 3438 2189 3493 pro
2242 3419 2646 3476 incolumitate
2695 3420 2949 3476 filiorum
3001 3438 3267 3478 meorum
3308 3421 3628 3490 Eustachii,

1982 3509 2277 3567 Godefridi
2308 3514 2364 3566 et
2387 3509 2654 3565 Balduini
2674 3510 2799 3582 (qui
2823 3516 3027 3566 contra
3049 3528 3408 3586 paganorum
3431 3511 3632 3568 incur-

1983 3617 2085 3655 sus
2117 3617 2184 3655 ex
2217 3603 2501 3672 praecepto
2543 3599 2862 3671 apostolico
2896 3600 3356 3674 Hierosolymam
3390 3601 3632 3675 profecti

1983 3691 2142 3761 sunt)
2167 3705 2378 3744 omnes
2411 3688 2866 3744 consuetudines
2898 3694 2953 3744 et
2983 3688 3348 3758 comitatum,
3381 3694 3438 3746 et
3467 3689 3635 3762 quid-

1983 3778 2125 3849 quid
2159 3777 2228 3832 ad
2262 3793 2354 3833 me
2385 3777 2713 3849 pertinebat
2746 3777 2816 3832 de
2857 3781 3009 3833 terra
3066 3795 3244 3850 quam
3305 3779 3546 3853 0ndigir
3573 3783 3632 3836 et

1985 3865 2360 3922 Berewoldus
2418 3867 2534 3922 Deo
2583 3870 2640 3921 et
2686 3867 2744 3922 S.
2796 3867 3030 3922 Bertino
3080 3867 3152 3922 ad
3201 3867 3631 3942 eleemesyuam

1985 3972 2311 4028 pauperum
2343 3955 2726 4024 tradiderunt,
2760 3956 2976 4011 domno
3009 3955 3319 4014 Lamberto
3351 3957 3543 4013 abbati
3561 3959 3634 4014 de

1986 4045 2249 4100 ccenobio
2281 4045 2546 4116 ejusdem
2575 4044 2790 4100 Christi
2821 4046 3170 4102 confessoris
3193 4045 3408 4102 Bertini
3441 4051 3496 4103 et
3517 4047 3631 4103 fra-

1987 4132 2176 4189 tribus
2209 4131 2425 4188 ibidem
2457 4133 2572 4189 Deo
2601 4133 2988 4190 servientibus
3021 4138 3298 4208 perpetuo
3330 4136 3633 4208 possiden-

1989 4223 2094 4278 das
2124 4221 2534 4289 concesserim,
2568 4239 2636 4278 ea
2663 4222 2932 4280 videlicet
2960 4223 3204 4292 ratione,
3238 4227 3304 4279 ut
3333 4222 3531 4278 nullus
3561 4223 3634 4279 de

1990 4310 2319 4367 haeredibus
2349 4311 2761 4384 praedictorum
2792 4313 3049 4369 virorum
3081 4313 3152 4369 de
3182 4317 3336 4368 terra
3374 4311 3476 4366 illa
3504 4329 3635 4368 am-

229 4400 628 4458 Ecclesiarum
687 4400 868 4475 Belgii
923 4419 1049 4475 cap.
1112 4404 1214 4458 119
1247 4420 1259 4459 :
1291 4420 1366 4459 ex
1394 4421 1510 4476 qua
1540 4403 1660 4461 haec
1691 4422 1882 4462 excer-
1914 4429 1962 4493 ο
1993 4399 2147 4472 plius
2180 4418 2462 4493 usurpare
2493 4402 2722 4470 audeat,
2755 4418 2860 4493 nec
2891 4419 3086 4493 comes
3118 4400 3502 4493 Boloniensis,
3535 4418 3634 4458 ne-

231 4508 454 4564 pimus.

308 4582 394 4636 11.
443 4580 615 4653 «Ego
676 4580 776 4637 Ida
832 4580 1196 4638 Boloniensis
1257 4581 1579 4649 comitissa,
1641 4583 1886 4641 humilis

231 4669 448 4725 Cbristi
483 4669 718 4737 ancilla,
743 4675 948 4726 notum
972 4671 1092 4726 fieri
1125 4670 1296 4743 cupio
1329 4677 1448 4727 tam
1501 4673 1886 4744 praesentibus

234 4775 415 4832 quam
438 4757 918 4832 futuris,signum
942 4777 1081 4816 mea:
1103 4760 1432 4816 dilectionis
1453 4779 1589 4834 erga
1619 4762 1887 4818 dominos

236 4865 400 4904 meos
420 4853 478 4904 et
500 4848 727 4916 fratres,
754 4848 1018 4905 videlicet
1040 4850 1359 4906 monachos
1381 4849 1887 4920 Novimonasterii,

235 4938 330 4993 cui
353 4936 707 4993 vocabulum
725 4938 1072 5012 Hafﬂiugem
1093 4938 1344 4994 inditum
1369 4945 1492 4996 erat
1513 4941 1586 4996 ab
1609 4941 1886 5012 antiquis.

235 5025 528 5093 Quoniam
550 5027 788 5100 quidem
813 5027 956 5083 mihi
977 5028 1297 5101 multisque
1313 5043 1514 5084 eorum
1540 5027 1893 5101 complacuit

237 5115 606 5172 conversatio
637 5121 694 5172 et
725 5113 1024 5190 religionis
1055 5117 1322 5184 affectus,
1352 5117 1596 5191 dignum
1630 5117 1766 5174 duxi
1800 5135 1892 5178 me

237 5203 654 5262 commendare
687 5205 892 5263 talium
924 5205 1308 5273 orationibus,
1333 5224 1436 5263 nec
1459 5207 1516 5263 in
1547 5208 1767 5264 incerto
1799 5209 1892 5264 di-

237 5295 515 5351 vitiarum
539 5296 901 5368 sperare,sed
917 5295 1025 5352 has
1037 5295 1232 5368 potius
1254 5313 1388 5352 cum
1411 5297 1494 5352 eis
1521 5296 1889 5370 participare.

234 5385 430 5457 Igitur
445 5383 506 5438 in
533 5383 744 5442 allodio
767 5397 898 5444 meo
929 5389 988 5442 et
1017 5384 1154 5440 villa
1186 5401 1312 5458 quae
1344 5390 1584 5442 vocatur
1613 5386 1890 5462 Genapia,

234 5487 342 5548 pro
374 5472 567 5533 salute
595 5475 799 5535 anima:
831 5493 997 5544 meze,
1033 5472 1218 5550 patris
1271 5491 1502 5554 quoque
1561 5477 1675 5535 mei
1726 5477 1894 5538 ducis

565 5597 824 5674 PATROL.
874 5600 1050 5670 CLV.

1995 4505 2108 4560 que
2128 4489 2442 4562 quisquam
2464 4508 2533 4546 ex
2555 4497 2718 4564 parte
2739 4492 2865 4562 ejus
2895 4491 2967 4546 de
2988 4488 3512 4546 consuetudinibus
3534 4507 3637 4547 seu

1995 4579 2274 4635 comitatu
2303 4579 2460 4636 illius
2491 4579 2714 4652 aliquid
2744 4579 3006 4652 exigere;
3031 4580 3132 4636 sed
3165 4578 3348 4636 libera
3367 4583 3425 4636 et
3445 4578 3643 4652 quieta

1996 4670 2069 4725 ad
2094 4686 2237 4724 usus
2257 4686 2582 4741 pauperum
2607 4668 2664 4724 in
2689 4673 3032 4741 perpetuum
3059 4670 3639 4740 permaneat.Actum

1996 4758 2056 4814 in
2080 4758 2214 4814 villa
2245 4759 2457 4827 Merck,
2498 4776 2648 4814 anno
2681 4757 2993 4814 Dominicze
3027 4758 3449 4814 Incarnationis
3484 4759 3639 4814 1098.

1999 4849 2245 4921 Signum
2278 4848 2388 4902 idae
2421 4847 2684 4920 gloriosae
2719 4847 3097 4904 comitissze...
3132 4870 3160 4899 »

2075 4939 2155 4993 13.
2193 4935 2621 4992 Praevaluerunt
2651 4953 2815 4992 arma
2845 4936 3098 4992 filiorum
3139 4937 3197 4992 in
3235 4939 3388 4993 terra
3419 4940 3643 5005 sancta,

1999 5051 2027 5077 α
2044 5027 2225 5082 B.idze
2241 5032 2475 5097 parente
2490 5025 2918 5082 ardentissimis
2933 5027 3202 5099 precibus
3225 5025 3496 5082 bellicum
3518 5024 3616 5081 illo
3629 5056 3645 5068 -

2001 5135 2130 5172 rum
2144 5114 2442 5188 negotium
2457 5119 2987 5186 commendante,et
2999 5114 3274 5172 eMorinis
3289 5117 3644 5190 spectante,»

2003 5207 2085 5262 uti
2118 5224 2187 5262 ex
2216 5205 2432 5261 tabulis
2464 5205 2805 5262 monasterii
2838 5206 2896 5261 S.
2929 5203 3191 5261 Vulmari
3222 5203 3473 5277 explicat
3504 5201 3651 5258 Mal-

2001 5295 2255 5352 brancus
2271 5294 2436 5352 lib.1x
2457 5297 2528 5351 de
2550 5295 2793 5351 Morinis
2815 5311 2941 5367 cap.
2964 5296 3000 5350 6
3024 5294 3148 5352 suis
3170 5294 3360 5351 verbis
3387 5309 3400 5347 :
3439 5313 3467 5341 ‹‹
3489 5293 3656 5357 Quod

2001 5385 2367 5442 insinuatum
2399 5386 2588 5444 estde
2622 5386 2725 5442 [da
2766 5388 2951 5441 matre
2994 5383 3390 5452 sanctissima,
3423 5379 3662 5451 planius

2009 5475 2474 5538 edisserendum.
2506 5475 2652 5535 Cum
2683 5474 2814 5554 ipsa
2860 5489 3105 5552 parvum
3150 5468 3572 5537 Suulmerium,
3601 5471 3696 5534 ut,

3275 5597 3354 5665 15
