  <div class='ocr_page' id='page_1' title='image "/cluster/home/n/w/nwhite01/storage/ocr_20150623/155/hvd.32044054760137/233.png"; bbox 0 0 3984 6078; ppageno 0'>
   <div class='ocr_carea' id='block_1_1' title="bbox 352 264 473 324">
    <p class='ocr_par' dir='ltr' id='par_1_1' title="bbox 352 264 473 324">
     <span class='ocr_line' id='line_1_1' title="bbox 352 264 473 324; baseline 0 0"><span class='ocrx_word' id='word_1_1' title='bbox 352 264 473 324; x_wconf 77' lang='grc'>459</span> 
     </span>
    </p>
   </div>
   <div class='ocr_carea' id='block_1_2' title="bbox 1161 247 2941 324">
    <p class='ocr_par' dir='ltr' id='par_1_2' title="bbox 1161 247 2941 324">
     <span class='ocr_line' id='line_1_2' title="bbox 1161 247 2941 324; baseline -0.002 -1"><span class='ocrx_word' id='word_1_2' title='bbox 1161 263 1263 323; x_wconf 84' lang='lat' dir='ltr'>AD</span> <span class='ocrx_word' id='word_1_3' title='bbox 1308 247 1821 324; x_wconf 79' lang='lat' dir='ltr'>GODEFRIDUM</span> <span class='ocrx_word' id='word_1_4' title='bbox 1866 258 2376 321; x_wconf 78' lang='lat' dir='ltr'>APPENDICES.</span> <span class='ocrx_word' id='word_1_5' title='bbox 2411 294 2485 303; x_wconf 90' lang='grc'><strong>-</strong></span> <span class='ocrx_word' id='word_1_6' title='bbox 2514 257 2847 322; x_wconf 82' lang='lat' dir='ltr'>APPEND.</span> <span class='ocrx_word' id='word_1_7' title='bbox 2894 258 2941 320; x_wconf 85' lang='lat' dir='ltr'>l.</span> 
     </span>
    </p>
   </div>
   <div class='ocr_carea' id='block_1_3' title="bbox 3627 253 3803 318">
    <p class='ocr_par' dir='ltr' id='par_1_3' title="bbox 3627 253 3803 318">
     <span class='ocr_line' id='line_1_3' title="bbox 3627 253 3803 318; baseline -0.006 0"><span class='ocrx_word' id='word_1_8' title='bbox 3627 253 3803 318; x_wconf 66' lang='lat'>460&#39;</span> 
     </span>
    </p>
   </div>
   <div class='ocr_carea' id='block_1_4' title="bbox 350 387 3747 467">
    <p class='ocr_par' dir='ltr' id='par_1_4' title="bbox 350 387 3747 467">
     <span class='ocr_line' id='line_1_4' title="bbox 350 387 3747 467; baseline -0.001 -15"><span class='ocrx_word' id='word_1_9' title='bbox 350 399 579 463; x_wconf 79' lang='lat' dir='ltr'>vocant,</span> <span class='ocrx_word' id='word_1_10' title='bbox 611 394 670 451; x_wconf 99' lang='lat' dir='ltr'>id</span> <span class='ocrx_word' id='word_1_11' title='bbox 700 399 789 451; x_wconf 83' lang='lat' dir='ltr'>est</span> <span class='ocrx_word' id='word_1_12' title='bbox 831 410 1075 467; x_wconf 80' lang='lat' dir='ltr'>parvum</span> <span class='ocrx_word' id='word_1_13' title='bbox 1126 393 1480 461; x_wconf 72' lang='lat' dir='ltr'>cmnobium,</span> <span class='ocrx_word' id='word_1_14' title='bbox 1515 393 1682 466; x_wconf 86' lang='lat' dir='ltr'>quasi</span> <span class='ocrx_word' id='word_1_15' title='bbox 1714 409 1749 447; x_wconf 91' lang='lat' dir='ltr'>a</span> <span class='ocrx_word' id='word_1_16' title='bbox 1776 393 1995 463; x_wconf 80' lang='lat' dir='ltr'>majore</span> <span class='ocrx_word' id='word_1_17' title='bbox 2023 393 2079 457; x_wconf 84' lang='grc' dir='ltr'><strong>Α</strong></span> <span class='ocrx_word' id='word_1_18' title='bbox 2109 395 2398 448; x_wconf 81' lang='lat' dir='ltr'>extremos</span> <span class='ocrx_word' id='word_1_19' title='bbox 2428 390 2735 447; x_wconf 85' lang='lat' dir='ltr'>hominum</span> <span class='ocrx_word' id='word_1_20' title='bbox 2768 390 3022 466; x_wconf 79' lang='lat' dir='ltr'>Morinos</span> <span class='ocrx_word' id='word_1_21' title='bbox 3053 389 3250 464; x_wconf 87' lang='lat' dir='ltr'>regius</span> <span class='ocrx_word' id='word_1_22' title='bbox 3278 387 3376 446; x_wconf 86' lang='lat' dir='ltr'>ille</span> <span class='ocrx_word' id='word_1_23' title='bbox 3405 392 3747 463; x_wconf 81' lang='lat' dir='ltr'>apparatus,</span> 
     </span>
    </p>
   </div>
   <div class='ocr_carea' id='block_1_5' title="bbox 354 480 1999 556">
    <p class='ocr_par' dir='ltr' id='par_1_5' title="bbox 354 480 1999 556">
     <span class='ocr_line' id='line_1_5' title="bbox 354 480 1999 556; baseline -0.005 -14"><span class='ocrx_word' id='word_1_24' title='bbox 354 486 414 542; x_wconf 87' lang='lat' dir='ltr'>S.</span> <span class='ocrx_word' id='word_1_25' title='bbox 434 483 698 540; x_wconf 87' lang='lat' dir='ltr'>Vulmari</span> <span class='ocrx_word' id='word_1_26' title='bbox 718 482 1659 556; x_wconf 79' lang='lat' dir='ltr'>Appendicem,exaediﬁcasset;et</span> <span class='ocrx_word' id='word_1_27' title='bbox 1675 480 1999 553; x_wconf 90' lang='lat' dir='ltr'>assumptis</span> 
     </span>
    </p>
   </div>
   <div class='ocr_carea' id='block_1_6' title="bbox 353 572 2003 645">
    <p class='ocr_par' dir='ltr' id='par_1_6' title="bbox 353 572 2003 645">
     <span class='ocr_line' id='line_1_6' title="bbox 353 572 2003 645; baseline -0.004 -15"><span class='ocrx_word' id='word_1_28' title='bbox 353 573 538 630; x_wconf 88' lang='lat' dir='ltr'>abillo</span> <span class='ocrx_word' id='word_1_29' title='bbox 560 572 866 629; x_wconf 82' lang='lat' dir='ltr'>monachis</span> <span class='ocrx_word' id='word_1_30' title='bbox 887 572 1181 645; x_wconf 79' lang='lat' dir='ltr'>egregiam</span> <span class='ocrx_word' id='word_1_31' title='bbox 1204 572 1573 644; x_wconf 75' lang='lat' dir='ltr'>ascripsisset</span> <span class='ocrx_word' id='word_1_32' title='bbox 1595 572 1810 637; x_wconf 88' lang='lat' dir='ltr'>dotem,</span> <span class='ocrx_word' id='word_1_33' title='bbox 1838 587 2003 625; x_wconf 90' lang='lat' dir='ltr'>cura-</span> 
     </span>
    </p>
   </div>
   <div class='ocr_carea' id='block_1_7' title="bbox 352 658 2001 734">
    <p class='ocr_par' dir='ltr' id='par_1_7' title="bbox 352 658 2001 734">
     <span class='ocr_line' id='line_1_7' title="bbox 352 658 2001 734; baseline -0.003 -15"><span class='ocrx_word' id='word_1_34' title='bbox 352 663 437 719; x_wconf 88' lang='lat' dir='ltr'>vit</span> <span class='ocrx_word' id='word_1_35' title='bbox 465 661 608 718; x_wconf 92' lang='lat' dir='ltr'>illud</span> <span class='ocrx_word' id='word_1_36' title='bbox 660 661 958 734; x_wconf 84' lang='lat' dir='ltr'>superiore</span> <span class='ocrx_word' id='word_1_37' title='bbox 1003 661 1093 717; x_wconf 86' lang='lat' dir='ltr'><strong>vel</strong></span> <span class='ocrx_word' id='word_1_38' title='bbox 1143 662 1320 732; x_wconf 87' lang='lat' dir='ltr'>hujus</span> <span class='ocrx_word' id='word_1_39' title='bbox 1369 659 1507 716; x_wconf 90' lang='lat' dir='ltr'>anni</span> <span class='ocrx_word' id='word_1_40' title='bbox 1542 660 1678 714; x_wconf 80' lang='grc'>1099</span> <span class='ocrx_word' id='word_1_41' title='bbox 1708 658 2001 731; x_wconf 83' lang='lat' dir='ltr'>prioribus</span> 
     </span>
    </p>
   </div>
   <div class='ocr_carea' id='block_1_8' title="bbox 357 748 1997 823">
    <p class='ocr_par' dir='ltr' id='par_1_8' title="bbox 357 748 1997 823">
     <span class='ocr_line' id='line_1_8' title="bbox 357 748 1997 823; baseline -0.003 -16"><span class='ocrx_word' id='word_1_42' title='bbox 357 749 793 823; x_wconf 87' lang='lat' dir='ltr'>mensibus,per</span> <span class='ocrx_word' id='word_1_43' title='bbox 803 751 1125 806; x_wconf 88' lang='lat' dir='ltr'>Gerardum</span> <span class='ocrx_word' id='word_1_44' title='bbox 1140 751 1481 806; x_wconf 88' lang='lat' dir='ltr'>Tarvannen</span> <span class='ocrx_word' id='word_1_45' title='bbox 1491 765 1615 805; x_wconf 90' lang='lat' dir='ltr'>sem</span> <span class='ocrx_word' id='word_1_46' title='bbox 1637 748 1997 820; x_wconf 86' lang='lat' dir='ltr'>episcopum,</span> 
     </span>
    </p>
   </div>
   <div class='ocr_carea' id='block_1_9' title="bbox 357 836 1998 913">
    <p class='ocr_par' dir='ltr' id='par_1_9' title="bbox 357 836 1998 913">
     <span class='ocr_line' id='line_1_9' title="bbox 357 836 1998 913; baseline -0.004 -17"><span class='ocrx_word' id='word_1_47' title='bbox 357 841 501 897; x_wconf 72' lang='lat' dir='ltr'>divae</span> <span class='ocrx_word' id='word_1_48' title='bbox 529 839 753 913; x_wconf 81' lang='lat' dir='ltr'>Virgini</span> <span class='ocrx_word' id='word_1_49' title='bbox 778 839 1252 896; x_wconf 73' lang='lat' dir='ltr'>lamentabundae</span> <span class='ocrx_word' id='word_1_50' title='bbox 1276 855 1378 894; x_wconf 91' lang='lat' dir='ltr'>seu</span> <span class='ocrx_word' id='word_1_51' title='bbox 1402 837 1681 894; x_wconf 67' lang='lat' dir='ltr'>dolorosae</span> <span class='ocrx_word' id='word_1_52' title='bbox 1713 836 1998 893; x_wconf 88' lang='lat' dir='ltr'>sacrari...</span> 
     </span>
    </p>
   </div>
   <div class='ocr_carea' id='block_1_10' title="bbox 358 923 2001 1003">
    <p class='ocr_par' dir='ltr' id='par_1_10' title="bbox 358 923 2001 1003">
     <span class='ocr_line' id='line_1_10' title="bbox 358 923 2001 1003; baseline -0.004 -17"><span class='ocrx_word' id='word_1_53' title='bbox 358 930 545 1003; x_wconf 80' lang='lat' dir='ltr'>Igitur</span> <span class='ocrx_word' id='word_1_54' title='bbox 572 930 631 984; x_wconf 91' lang='lat' dir='ltr'>in</span> <span class='ocrx_word' id='word_1_55' title='bbox 662 927 762 984; x_wconf 93' lang='lat' dir='ltr'>illo</span> <span class='ocrx_word' id='word_1_56' title='bbox 795 927 1074 983; x_wconf 69' lang='lat' dir='ltr'>doloresaz</span> <span class='ocrx_word' id='word_1_57' title='bbox 1122 927 1378 1001; x_wconf 79' lang='lat' dir='ltr'>Virginis</span> <span class='ocrx_word' id='word_1_58' title='bbox 1426 926 1704 999; x_wconf 82' lang='lat' dir='ltr'>peculiari</span> <span class='ocrx_word' id='word_1_59' title='bbox 1749 923 2001 981; x_wconf 80' lang='lat' dir='ltr'>sacrario</span> 
     </span>
    </p>
   </div>
   <div class='ocr_carea' id='block_1_11' title="bbox 360 1016 2001 1091">
    <p class='ocr_par' dir='ltr' id='par_1_11' title="bbox 360 1016 2001 1091">
     <span class='ocr_line' id='line_1_11' title="bbox 360 1016 2001 1091; baseline -0.005 -15"><span class='ocrx_word' id='word_1_60' title='bbox 360 1020 424 1076; x_wconf 93' lang='lat' dir='ltr'>B.</span> <span class='ocrx_word' id='word_1_61' title='bbox 447 1019 549 1075; x_wconf 87' lang='lat' dir='ltr'>Ida</span> <span class='ocrx_word' id='word_1_62' title='bbox 568 1018 693 1074; x_wconf 90' lang='lat' dir='ltr'>dies</span> <span class='ocrx_word' id='word_1_63' title='bbox 713 1018 985 1091; x_wconf 85' lang='lat' dir='ltr'>precibus</span> <span class='ocrx_word' id='word_1_64' title='bbox 1004 1016 1352 1083; x_wconf 86' lang='lat' dir='ltr'>extrahit;et</span> <span class='ocrx_word' id='word_1_65' title='bbox 1371 1017 1525 1088; x_wconf 88' lang='lat' dir='ltr'>apud</span> <span class='ocrx_word' id='word_1_66' title='bbox 1540 1016 1729 1071; x_wconf 89' lang='lat' dir='ltr'>divam</span> <span class='ocrx_word' id='word_1_67' title='bbox 1756 1021 2001 1070; x_wconf 91' lang='lat' dir='ltr'>matrem</span> 
     </span>
    </p>
   </div>
   <div class='ocr_carea' id='block_1_12' title="bbox 361 1104 2002 1177">
    <p class='ocr_par' dir='ltr' id='par_1_12' title="bbox 361 1104 2002 1177">
     <span class='ocr_line' id='line_1_12' title="bbox 361 1104 2002 1177; baseline -0.004 -12"><span class='ocrx_word' id='word_1_68' title='bbox 361 1113 419 1165; x_wconf 88' lang='lat' dir='ltr'>et</span> <span class='ocrx_word' id='word_1_69' title='bbox 445 1109 503 1165; x_wconf 90' lang='lat' dir='ltr'>S.</span> <span class='ocrx_word' id='word_1_70' title='bbox 543 1107 892 1163; x_wconf 87' lang='lat' dir='ltr'>Vulmarum</span> <span class='ocrx_word' id='word_1_71' title='bbox 947 1105 1057 1162; x_wconf 91' lang='lat' dir='ltr'>loci</span> <span class='ocrx_word' id='word_1_72' title='bbox 1117 1105 1415 1177; x_wconf 63' lang='lat' dir='ltr'>praesides,</span> <span class='ocrx_word' id='word_1_73' title='bbox 1473 1122 1594 1161; x_wconf 90' lang='lat' dir='ltr'>rem</span> <span class='ocrx_word' id='word_1_74' title='bbox 1653 1104 1756 1160; x_wconf 90' lang='lat' dir='ltr'>ﬁlii</span> <span class='ocrx_word' id='word_1_75' title='bbox 1813 1104 2002 1159; x_wconf 79' lang='lat' dir='ltr'>Gods-</span> 
     </span>
    </p>
   </div>
   <div class='ocr_carea' id='block_1_13' title="bbox 363 1193 2004 1269">
    <p class='ocr_par' dir='ltr' id='par_1_13' title="bbox 363 1193 2004 1269">
     <span class='ocr_line' id='line_1_13' title="bbox 363 1193 2004 1269; baseline -0.003 -17"><span class='ocrx_word' id='word_1_76' title='bbox 363 1197 500 1252; x_wconf 84' lang='lat' dir='ltr'>fridi</span> <span class='ocrx_word' id='word_1_77' title='bbox 530 1196 798 1251; x_wconf 83' lang='lat' dir='ltr'>bellicam</span> <span class='ocrx_word' id='word_1_78' title='bbox 827 1195 949 1269; x_wconf 89' lang='lat' dir='ltr'>agit</span> <span class='ocrx_word' id='word_1_79' title='bbox 972 1194 1402 1251; x_wconf 86' lang='lat' dir='ltr'>ardentissime.</span> <span class='ocrx_word' id='word_1_80' title='bbox 1437 1195 1544 1261; x_wconf 88' lang='lat' dir='ltr'>Qui</span> <span class='ocrx_word' id='word_1_81' title='bbox 1602 1211 1743 1250; x_wconf 85' lang='lat' dir='ltr'>sane</span> <span class='ocrx_word' id='word_1_82' title='bbox 1790 1193 2004 1248; x_wconf 88' lang='lat' dir='ltr'>bonam</span> 
     </span>
    </p>
   </div>
   <div class='ocr_carea' id='block_1_14' title="bbox 359 1283 2007 1352">
    <p class='ocr_par' dir='ltr' id='par_1_14' title="bbox 359 1283 2007 1352">
     <span class='ocr_line' id='line_1_14' title="bbox 359 1283 2007 1352; baseline -0.004 -10"><span class='ocrx_word' id='word_1_83' title='bbox 359 1285 588 1342; x_wconf 71' lang='lat' dir='ltr'>femina:</span> <span class='ocrx_word' id='word_1_84' title='bbox 611 1289 867 1340; x_wconf 89' lang='lat' dir='ltr'>mentem</span> <span class='ocrx_word' id='word_1_85' title='bbox 890 1301 1006 1340; x_wconf 89' lang='lat' dir='ltr'>non</span> <span class='ocrx_word' id='word_1_86' title='bbox 1040 1288 1179 1339; x_wconf 89' lang='lat' dir='ltr'>sunt</span> <span class='ocrx_word' id='word_1_87' title='bbox 1209 1284 1506 1352; x_wconf 80' lang='lat' dir='ltr'>frustrati;</span> <span class='ocrx_word' id='word_1_88' title='bbox 1541 1284 1642 1339; x_wconf 89' lang='lat' dir='ltr'>sed</span> <span class='ocrx_word' id='word_1_89' title='bbox 1674 1283 1910 1338; x_wconf 81' lang='lat' dir='ltr'>eﬁ&#39;eccre</span> <span class='ocrx_word' id='word_1_90' title='bbox 1944 1285 2007 1336; x_wconf 92' lang='lat' dir='ltr'>ut</span> 
     </span>
    </p>
   </div>
   <div class='ocr_carea' id='block_1_15' title="bbox 362 1371 2007 1447">
    <p class='ocr_par' dir='ltr' id='par_1_15' title="bbox 362 1371 2007 1447">
     <span class='ocr_line' id='line_1_15' title="bbox 362 1371 2007 1447; baseline -0.003 -17"><span class='ocrx_word' id='word_1_91' title='bbox 362 1376 516 1430; x_wconf 89' lang='lat' dir='ltr'>inter</span> <span class='ocrx_word' id='word_1_92' title='bbox 541 1373 899 1447; x_wconf 88' lang='lat' dir='ltr'>precandum</span> <span class='ocrx_word' id='word_1_93' title='bbox 925 1373 984 1428; x_wconf 91' lang='lat' dir='ltr'>in</span> <span class='ocrx_word' id='word_1_94' title='bbox 1007 1372 1222 1429; x_wconf 86' lang='lat' dir='ltr'>exstasi</span> <span class='ocrx_word' id='word_1_95' title='bbox 1245 1371 1868 1444; x_wconf 88' lang='lat' dir='ltr'>rapta,quodammodo</span> <span class='ocrx_word' id='word_1_96' title='bbox 1890 1387 2007 1425; x_wconf 80' lang='lat' dir='ltr'>cer-</span> 
     </span>
    </p>
   </div>
   <div class='ocr_carea' id='block_1_16' title="bbox 360 1459 2005 1534">
    <p class='ocr_par' dir='ltr' id='par_1_16' title="bbox 360 1459 2005 1534">
     <span class='ocr_line' id='line_1_16' title="bbox 360 1459 2005 1534; baseline -0.003 -15"><span class='ocrx_word' id='word_1_97' title='bbox 360 1468 527 1519; x_wconf 90' lang='lat' dir='ltr'>neret</span> <span class='ocrx_word' id='word_1_98' title='bbox 556 1463 936 1519; x_wconf 82' lang='lat' dir='ltr'>Godefridum</span> <span class='ocrx_word' id='word_1_99' title='bbox 968 1462 1156 1517; x_wconf 87' lang='lat' dir='ltr'>ﬁlium</span> <span class='ocrx_word' id='word_1_100' title='bbox 1202 1460 1439 1517; x_wconf 89' lang='lat' dir='ltr'>castello</span> <span class='ocrx_word' id='word_1_101' title='bbox 1490 1461 1682 1534; x_wconf 88' lang='lat' dir='ltr'>ligneo</span> <span class='ocrx_word' id='word_1_102' title='bbox 1713 1477 1852 1517; x_wconf 91' lang='lat' dir='ltr'>suos</span> <span class='ocrx_word' id='word_1_103' title='bbox 1881 1459 2005 1515; x_wconf 89' lang='lat' dir='ltr'>ani-</span> 
     </span>
    </p>
   </div>
   <div class='ocr_carea' id='block_1_17' title="bbox 360 1548 2006 1621">
    <p class='ocr_par' dir='ltr' id='par_1_17' title="bbox 360 1548 2006 1621">
     <span class='ocr_line' id='line_1_17' title="bbox 360 1548 2006 1621; baseline -0.003 -12"><span class='ocrx_word' id='word_1_104' title='bbox 360 1560 644 1619; x_wconf 89' lang='lat' dir='ltr'>mantem,</span> <span class='ocrx_word' id='word_1_105' title='bbox 671 1551 786 1607; x_wconf 89' lang='lat' dir='ltr'>tela</span> <span class='ocrx_word' id='word_1_106' title='bbox 808 1551 865 1606; x_wconf 93' lang='lat' dir='ltr'>in</span> <span class='ocrx_word' id='word_1_107' title='bbox 886 1551 1089 1607; x_wconf 87' lang='lat' dir='ltr'>hostes</span> <span class='ocrx_word' id='word_1_108' title='bbox 1109 1550 1462 1606; x_wconf 87' lang='lat' dir='ltr'>creberrima</span> <span class='ocrx_word' id='word_1_109' title='bbox 1483 1549 1891 1621; x_wconf 88' lang='lat' dir='ltr'>ejaculantem,</span> <span class='ocrx_word' id='word_1_110' title='bbox 1906 1548 2006 1604; x_wconf 90' lang='lat' dir='ltr'>he-</span> 
     </span>
    </p>
   </div>
   <div class='ocr_carea' id='block_1_18' title="bbox 362 1638 2005 1714">
    <p class='ocr_par' dir='ltr' id='par_1_18' title="bbox 362 1638 2005 1714">
     <span class='ocr_line' id='line_1_18' title="bbox 362 1638 2005 1714; baseline -0.005 -14"><span class='ocrx_word' id='word_1_111' title='bbox 362 1642 519 1700; x_wconf 91' lang='lat' dir='ltr'>roica</span> <span class='ocrx_word' id='word_1_112' title='bbox 540 1641 924 1714; x_wconf 88' lang='lat' dir='ltr'>impressione</span> <span class='ocrx_word' id='word_1_113' title='bbox 941 1640 1199 1712; x_wconf 91' lang='lat' dir='ltr'>primum</span> <span class='ocrx_word' id='word_1_114' title='bbox 1218 1640 1481 1695; x_wconf 90' lang='lat' dir='ltr'>omnium</span> <span class='ocrx_word' id='word_1_115' title='bbox 1506 1638 1721 1695; x_wconf 75' lang='lat' dir='ltr'>mmnia</span> <span class='ocrx_word' id='word_1_116' title='bbox 1737 1654 2005 1694; x_wconf 85' lang='lat' dir='ltr'>conscen-</span> 
     </span>
    </p>
   </div>
   <div class='ocr_carea' id='block_1_19' title="bbox 365 1726 2008 1801">
    <p class='ocr_par' dir='ltr' id='par_1_19' title="bbox 365 1726 2008 1801">
     <span class='ocr_line' id='line_1_19' title="bbox 365 1726 2008 1801; baseline -0.005 -12"><span class='ocrx_word' id='word_1_117' title='bbox 365 1733 598 1789; x_wconf 87' lang='lat' dir='ltr'>dentem</span> <span class='ocrx_word' id='word_1_118' title='bbox 629 1746 645 1787; x_wconf 87' lang='lat'><strong>:</strong></span> <span class='ocrx_word' id='word_1_119' title='bbox 678 1729 931 1801; x_wconf 88' lang='lat' dir='ltr'>denique</span> <span class='ocrx_word' id='word_1_120' title='bbox 979 1728 1093 1785; x_wconf 87' lang='lat' dir='ltr'>dici</span> <span class='ocrx_word' id='word_1_121' title='bbox 1144 1734 1340 1801; x_wconf 88' lang='lat' dir='ltr'>posset</span> <span class='ocrx_word' id='word_1_122' title='bbox 1387 1728 1653 1784; x_wconf 90' lang='lat' dir='ltr'>omnium</span> <span class='ocrx_word' id='word_1_123' title='bbox 1713 1745 1840 1800; x_wconf 67' lang='lat' dir='ltr'>quae</span> <span class='ocrx_word' id='word_1_124' title='bbox 1890 1726 2008 1781; x_wconf 92' lang='lat' dir='ltr'>illic</span> 
     </span>
    </p>
   </div>
   <div class='ocr_carea' id='block_1_20' title="bbox 362 1816 2008 1896">
    <p class='ocr_par' dir='ltr' id='par_1_20' title="bbox 362 1816 2008 1896">
     <span class='ocr_line' id='line_1_20' title="bbox 362 1816 2008 1896; baseline -0.004 -18"><span class='ocrx_word' id='word_1_125' title='bbox 362 1826 539 1896; x_wconf 70' lang='lat' dir='ltr'>gestae</span> <span class='ocrx_word' id='word_1_126' title='bbox 572 1824 713 1875; x_wconf 91' lang='lat' dir='ltr'>sunt</span> <span class='ocrx_word' id='word_1_127' title='bbox 741 1836 956 1883; x_wconf 89' lang='lat' dir='ltr'>rerum,</span> <span class='ocrx_word' id='word_1_128' title='bbox 989 1819 1062 1874; x_wconf 92' lang='lat' dir='ltr'>ad</span> <span class='ocrx_word' id='word_1_129' title='bbox 1095 1818 1314 1891; x_wconf 91' lang='lat' dir='ltr'>prolem</span> <span class='ocrx_word' id='word_1_130' title='bbox 1344 1817 1754 1890; x_wconf 87' lang='lat' dir='ltr'>spectantium,</span> <span class='ocrx_word' id='word_1_131' title='bbox 1786 1816 2008 1889; x_wconf 89' lang='lat' dir='ltr'>species</span> 
     </span>
    </p>
   </div>
   <div class='ocr_carea' id='block_1_21' title="bbox 362 1906 2004 1977">
    <p class='ocr_par' dir='ltr' id='par_1_21' title="bbox 362 1906 2004 1977">
     <span class='ocr_line' id='line_1_21' title="bbox 362 1906 2004 1977; baseline -0.004 -10"><span class='ocrx_word' id='word_1_132' title='bbox 362 1912 413 1967; x_wconf 92' lang='lat' dir='ltr'>ei</span> <span class='ocrx_word' id='word_1_133' title='bbox 436 1907 664 1966; x_wconf 77' lang='lat' dir='ltr'>cmlitus</span> <span class='ocrx_word' id='word_1_134' title='bbox 686 1912 847 1964; x_wconf 89' lang='lat' dir='ltr'>tanto</span> <span class='ocrx_word' id='word_1_135' title='bbox 872 1912 1158 1963; x_wconf 89' lang='lat' dir='ltr'>terrarum</span> <span class='ocrx_word' id='word_1_136' title='bbox 1192 1906 1495 1962; x_wconf 88' lang='lat' dir='ltr'>intervallo</span> <span class='ocrx_word' id='word_1_137' title='bbox 1526 1906 1707 1963; x_wconf 89' lang='lat' dir='ltr'>fuisse</span> <span class='ocrx_word' id='word_1_138' title='bbox 1728 1906 2004 1977; x_wconf 77' lang='lat' dir='ltr'>objectas.</span> 
     </span>
    </p>
   </div>
   <div class='ocr_carea' id='block_1_22' title="bbox 360 1995 2005 2070">
    <p class='ocr_par' dir='ltr' id='par_1_22' title="bbox 360 1995 2005 2070">
     <span class='ocr_line' id='line_1_22' title="bbox 360 1995 2005 2070; baseline -0.005 -14"><span class='ocrx_word' id='word_1_139' title='bbox 360 2000 530 2065; x_wconf 90' lang='lat' dir='ltr'>Nam,</span> <span class='ocrx_word' id='word_1_140' title='bbox 563 2014 699 2055; x_wconf 87' lang='lat' dir='ltr'>cum</span> <span class='ocrx_word' id='word_1_141' title='bbox 722 1998 848 2070; x_wconf 91' lang='lat' dir='ltr'>jam</span> <span class='ocrx_word' id='word_1_142' title='bbox 870 1997 944 2052; x_wconf 88' lang='lat' dir='ltr'>ab</span> <span class='ocrx_word' id='word_1_143' title='bbox 964 1997 1135 2052; x_wconf 88' lang='lat' dir='ltr'>annis</span> <span class='ocrx_word' id='word_1_144' title='bbox 1157 1995 1561 2069; x_wconf 91' lang='lat' dir='ltr'>compluribus</span> <span class='ocrx_word' id='word_1_145' title='bbox 1592 1995 1860 2051; x_wconf 81' lang='lat' dir='ltr'>Bononiae</span> <span class='ocrx_word' id='word_1_146' title='bbox 1881 2011 2005 2049; x_wconf 91' lang='lat' dir='ltr'>ver-</span> 
     </span>
    </p>
   </div>
   <div class='ocr_carea' id='block_1_23' title="bbox 364 2082 2006 2158">
    <p class='ocr_par' dir='ltr' id='par_1_23' title="bbox 364 2082 2006 2158">
     <span class='ocr_line' id='line_1_23' title="bbox 364 2082 2006 2158; baseline -0.004 -13"><span class='ocrx_word' id='word_1_147' title='bbox 364 2093 539 2154; x_wconf 89' lang='lat' dir='ltr'>saret,</span> <span class='ocrx_word' id='word_1_148' title='bbox 570 2087 631 2142; x_wconf 91' lang='lat' dir='ltr'>in</span> <span class='ocrx_word' id='word_1_149' title='bbox 684 2103 750 2142; x_wconf 91' lang='lat' dir='ltr'>eo</span> <span class='ocrx_word' id='word_1_150' title='bbox 797 2086 939 2141; x_wconf 69' lang='lat' dir='ltr'>divae</span> <span class='ocrx_word' id='word_1_151' title='bbox 986 2085 1248 2158; x_wconf 87' lang='lat' dir='ltr'>Virginis</span> <span class='ocrx_word' id='word_1_152' title='bbox 1279 2092 1337 2141; x_wconf 91' lang='lat' dir='ltr'>et</span> <span class='ocrx_word' id='word_1_153' title='bbox 1368 2086 1427 2140; x_wconf 91' lang='lat' dir='ltr'>S.</span> <span class='ocrx_word' id='word_1_154' title='bbox 1459 2084 1721 2140; x_wconf 83' lang='lat' dir='ltr'>Vulmari</span> <span class='ocrx_word' id='word_1_155' title='bbox 1752 2082 2006 2140; x_wconf 89' lang='lat' dir='ltr'>sacrario</span> 
     </span>
    </p>
   </div>
   <div class='ocr_carea' id='block_1_24' title="bbox 359 2172 2007 2250">
    <p class='ocr_par' dir='ltr' id='par_1_24' title="bbox 359 2172 2007 2250">
     <span class='ocr_line' id='line_1_24' title="bbox 359 2172 2007 2250; baseline -0.004 -16"><span class='ocrx_word' id='word_1_156' title='bbox 359 2176 616 2250; x_wconf 86' lang='lat' dir='ltr'>comperi</span> <span class='ocrx_word' id='word_1_157' title='bbox 646 2176 704 2231; x_wconf 91' lang='lat' dir='ltr'>in</span> <span class='ocrx_word' id='word_1_158' title='bbox 730 2175 932 2231; x_wconf 90' lang='lat' dir='ltr'>tabula</span> <span class='ocrx_word' id='word_1_159' title='bbox 957 2180 1277 2231; x_wconf 82' lang='lat' dir='ltr'>exaratum.</span> <span class='ocrx_word' id='word_1_160' title='bbox 1303 2174 1427 2247; x_wconf 86' lang='lat' dir='ltr'>(Hic</span> <span class='ocrx_word' id='word_1_161' title='bbox 1454 2175 1635 2239; x_wconf 87' lang='lat' dir='ltr'>Idam,</span> <span class='ocrx_word' id='word_1_162' title='bbox 1660 2174 1801 2229; x_wconf 90' lang='lat' dir='ltr'>dum</span> <span class='ocrx_word' id='word_1_163' title='bbox 1824 2172 2007 2229; x_wconf 87' lang='lat' dir='ltr'>sacris</span> 
     </span>
    </p>
   </div>
   <div class='ocr_carea' id='block_1_25' title="bbox 358 2262 2004 2338">
    <p class='ocr_par' dir='ltr' id='par_1_25' title="bbox 358 2262 2004 2338">
     <span class='ocr_line' id='line_1_25' title="bbox 358 2262 2004 2338; baseline -0.004 -16"><span class='ocrx_word' id='word_1_164' title='bbox 358 2268 672 2337; x_wconf 72' lang='lat' dir='ltr'>interesset</span> <span class='ocrx_word' id='word_1_165' title='bbox 726 2263 1038 2338; x_wconf 78' lang='lat' dir='ltr'>mysteriis,</span> <span class='ocrx_word' id='word_1_166' title='bbox 1097 2264 1313 2319; x_wconf 84' lang='lat' dir='ltr'>vidisse</span> <span class='ocrx_word' id='word_1_167' title='bbox 1374 2263 1559 2318; x_wconf 88' lang='lat' dir='ltr'>ﬁlium</span> <span class='ocrx_word' id='word_1_168' title='bbox 1627 2262 2004 2319; x_wconf 83' lang='lat' dir='ltr'>Godel‘ridum</span> 
     </span>
    </p>
   </div>
   <div class='ocr_carea' id='block_1_26' title="bbox 360 2352 2005 2428">
    <p class='ocr_par' dir='ltr' id='par_1_26' title="bbox 360 2352 2005 2428">
     <span class='ocr_line' id='line_1_26' title="bbox 360 2352 2005 2428; baseline -0.003 -16"><span class='ocrx_word' id='word_1_169' title='bbox 360 2354 843 2428; x_wconf 87' lang='lat' dir='ltr'>Hierosolymam,</span> <span class='ocrx_word' id='word_1_170' title='bbox 876 2354 1087 2409; x_wconf 84' lang='lat' dir='ltr'>eximio</span> <span class='ocrx_word' id='word_1_171' title='bbox 1118 2358 1535 2425; x_wconf 81' lang='lat' dir='ltr'>strategemate</span> <span class='ocrx_word' id='word_1_172' title='bbox 1564 2369 1632 2407; x_wconf 91' lang='lat' dir='ltr'>ac</span> <span class='ocrx_word' id='word_1_173' title='bbox 1661 2352 1882 2406; x_wconf 84' lang='lat' dir='ltr'>viribus</span> <span class='ocrx_word' id='word_1_174' title='bbox 1912 2352 2005 2407; x_wconf 88' lang='lat' dir='ltr'>he-</span> 
     </span>
    </p>
   </div>
   <div class='ocr_carea' id='block_1_27' title="bbox 365 2440 2006 2514">
    <p class='ocr_par' dir='ltr' id='par_1_27' title="bbox 365 2440 2006 2514">
     <span class='ocr_line' id='line_1_27' title="bbox 365 2440 2006 2514; baseline -0.004 -13"><span class='ocrx_word' id='word_1_175' title='bbox 365 2445 559 2512; x_wconf 90' lang='lat' dir='ltr'>roicis,</span> <span class='ocrx_word' id='word_1_176' title='bbox 582 2445 981 2511; x_wconf 88' lang='lat' dir='ltr'>invadentem;</span> <span class='ocrx_word' id='word_1_177' title='bbox 1008 2460 1114 2499; x_wconf 91' lang='lat' dir='ltr'>nec</span> <span class='ocrx_word' id='word_1_178' title='bbox 1145 2460 1259 2498; x_wconf 90' lang='lat' dir='ltr'>non</span> <span class='ocrx_word' id='word_1_179' title='bbox 1290 2442 1349 2497; x_wconf 92' lang='lat' dir='ltr'>in</span> <span class='ocrx_word' id='word_1_180' title='bbox 1373 2459 1567 2514; x_wconf 84' lang='lat' dir='ltr'>regem</span> <span class='ocrx_word' id='word_1_181' title='bbox 1599 2440 2006 2514; x_wconf 70' lang='lat' dir='ltr'>Hierosolyma:</span> 
     </span>
    </p>
   </div>
   <div class='ocr_carea' id='block_1_28' title="bbox 364 2536 757 2603">
    <p class='ocr_par' dir='ltr' id='par_1_28' title="bbox 364 2536 757 2603">
     <span class='ocr_line' id='line_1_28' title="bbox 364 2536 757 2603; baseline -0.01 -11"><span class='ocrx_word' id='word_1_182' title='bbox 364 2536 757 2603; x_wconf 82' lang='lat' dir='ltr'>coronatum.)</span> 
     </span>
    </p>
   </div>
   <div class='ocr_carea' id='block_1_29' title="bbox 438 2618 2008 2693">
    <p class='ocr_par' dir='ltr' id='par_1_29' title="bbox 438 2618 2008 2693">
     <span class='ocr_line' id='line_1_29' title="bbox 438 2618 2008 2693; baseline -0.003 -14"><span class='ocrx_word' id='word_1_183' title='bbox 438 2646 468 2674; x_wconf 85' lang='lat'>«</span> <span class='ocrx_word' id='word_1_184' title='bbox 503 2626 637 2691; x_wconf 68' lang='lat' dir='ltr'>Quas</span> <span class='ocrx_word' id='word_1_185' title='bbox 667 2640 802 2679; x_wconf 92' lang='lat' dir='ltr'>cum</span> <span class='ocrx_word' id='word_1_186' title='bbox 834 2621 1077 2678; x_wconf 87' lang='lat' dir='ltr'>diversis</span> <span class='ocrx_word' id='word_1_187' title='bbox 1108 2621 1471 2693; x_wconf 90' lang='lat' dir='ltr'>temporibus</span> <span class='ocrx_word' id='word_1_188' title='bbox 1502 2624 1736 2693; x_wconf 89' lang='lat' dir='ltr'>peracta</span> <span class='ocrx_word' id='word_1_189' title='bbox 1764 2619 1901 2686; x_wconf 91' lang='lat' dir='ltr'>sint,</span> <span class='ocrx_word' id='word_1_190' title='bbox 1924 2618 2008 2674; x_wconf 88' lang='lat' dir='ltr'>vi-</span> 
     </span>
    </p>
   </div>
   <div class='ocr_carea' id='block_1_30' title="bbox 368 2708 2009 2783">
    <p class='ocr_par' dir='ltr' id='par_1_30' title="bbox 368 2708 2009 2783">
     <span class='ocr_line' id='line_1_30' title="bbox 368 2708 2009 2783; baseline -0.003 -14"><span class='ocrx_word' id='word_1_191' title='bbox 368 2714 580 2770; x_wconf 89' lang='lat' dir='ltr'>dentur</span> <span class='ocrx_word' id='word_1_192' title='bbox 610 2712 803 2768; x_wconf 90' lang='lat' dir='ltr'>media</span> <span class='ocrx_word' id='word_1_193' title='bbox 830 2716 888 2768; x_wconf 87' lang='lat' dir='ltr'>et</span> <span class='ocrx_word' id='word_1_194' title='bbox 914 2712 1193 2783; x_wconf 86' lang='lat' dir='ltr'>adjuncta</span> <span class='ocrx_word' id='word_1_195' title='bbox 1246 2710 1421 2766; x_wconf 88' lang='lat' dir='ltr'>etiam</span> <span class='ocrx_word' id='word_1_196' title='bbox 1470 2710 1580 2765; x_wconf 88' lang='lat' dir='ltr'>sub</span> <span class='ocrx_word' id='word_1_197' title='bbox 1627 2710 1756 2781; x_wconf 90' lang='lat' dir='ltr'>ejus</span> <span class='ocrx_word' id='word_1_198' title='bbox 1796 2708 2009 2765; x_wconf 90' lang='lat' dir='ltr'>mentis</span> 
     </span>
    </p>
   </div>
   <div class='ocr_carea' id='block_1_31' title="bbox 365 2797 2009 2871">
    <p class='ocr_par' dir='ltr' id='par_1_31' title="bbox 365 2797 2009 2871">
     <span class='ocr_line' id='line_1_31' title="bbox 365 2797 2009 2871; baseline -0.004 -13"><span class='ocrx_word' id='word_1_199' title='bbox 365 2801 566 2859; x_wconf 89' lang='lat' dir='ltr'>oculos</span> <span class='ocrx_word' id='word_1_200' title='bbox 595 2800 894 2858; x_wconf 89' lang='lat' dir='ltr'>cecidisse.</span> <span class='ocrx_word' id='word_1_201' title='bbox 927 2819 953 2851; x_wconf 67' lang='grc' dir='ltr'><strong><em>η</em></strong></span> <span class='ocrx_word' id='word_1_202' title='bbox 998 2800 1210 2856; x_wconf 89' lang='lat' dir='ltr'>Deinde</span> <span class='ocrx_word' id='word_1_203' title='bbox 1241 2816 1372 2871; x_wconf 87' lang='lat' dir='ltr'>cap.</span> <span class='ocrx_word' id='word_1_204' title='bbox 1412 2801 1446 2853; x_wconf 92' lang='lat'>8</span> <span class='ocrx_word' id='word_1_205' title='bbox 1491 2799 1561 2855; x_wconf 91' lang='lat' dir='ltr'>de</span> <span class='ocrx_word' id='word_1_206' title='bbox 1610 2797 1919 2855; x_wconf 84' lang='lat' dir='ltr'>Godefrido</span> <span class='ocrx_word' id='word_1_207' title='bbox 1951 2798 2009 2852; x_wconf 92' lang='lat' dir='ltr'>in</span> 
     </span>
    </p>
   </div>
   <div class='ocr_carea' id='block_1_32' title="bbox 365 2886 2010 2967">
    <p class='ocr_par' dir='ltr' id='par_1_32' title="bbox 365 2886 2010 2967">
     <span class='ocr_line' id='line_1_32' title="bbox 365 2886 2010 2967; baseline -0.004 -20"><span class='ocrx_word' id='word_1_208' title='bbox 365 2908 561 2965; x_wconf 84' lang='lat' dir='ltr'>regem</span> <span class='ocrx_word' id='word_1_209' title='bbox 612 2894 888 2967; x_wconf 89' lang='lat' dir='ltr'>coronato</span> <span class='ocrx_word' id='word_1_210' title='bbox 919 2889 1040 2962; x_wconf 86' lang='lat' dir='ltr'>agit</span> <span class='ocrx_word' id='word_1_211' title='bbox 1068 2893 1125 2945; x_wconf 90' lang='lat' dir='ltr'>et</span> <span class='ocrx_word' id='word_1_212' title='bbox 1149 2890 1219 2944; x_wconf 91' lang='lat' dir='ltr'>de</span> <span class='ocrx_word' id='word_1_213' title='bbox 1254 2890 1307 2945; x_wconf 87' lang='grc' dir='ltr'><strong>Β.</strong></span> <span class='ocrx_word' id='word_1_214' title='bbox 1346 2888 1445 2943; x_wconf 84' lang='lat' dir='ltr'>Ida</span> <span class='ocrx_word' id='word_1_215' title='bbox 1473 2887 1587 2944; x_wconf 86' lang='lat' dir='ltr'>ista</span> <span class='ocrx_word' id='word_1_216' title='bbox 1609 2888 1791 2943; x_wconf 87' lang='lat' dir='ltr'>addit.</span> <span class='ocrx_word' id='word_1_217' title='bbox 1828 2910 1856 2937; x_wconf 87' lang='lat'>»</span> <span class='ocrx_word' id='word_1_218' title='bbox 1890 2886 2010 2943; x_wconf 89' lang='lat' dir='ltr'>Etsi</span> 
     </span>
    </p>
   </div>
   <div class='ocr_carea' id='block_1_33' title="bbox 364 2976 2011 3053">
    <p class='ocr_par' dir='ltr' id='par_1_33' title="bbox 364 2976 2011 3053">
     <span class='ocr_line' id='line_1_33' title="bbox 364 2976 2011 3053; baseline -0.004 -15"><span class='ocrx_word' id='word_1_219' title='bbox 364 2981 423 3038; x_wconf 91' lang='lat' dir='ltr'>id</span> <span class='ocrx_word' id='word_1_220' title='bbox 454 2981 609 3038; x_wconf 87' lang='lat' dir='ltr'>intra</span> <span class='ocrx_word' id='word_1_221' title='bbox 638 2978 842 3053; x_wconf 88' lang='lat' dir='ltr'>templi</span> <span class='ocrx_word' id='word_1_222' title='bbox 873 2978 1378 3051; x_wconf 85' lang='lat' dir='ltr'>Hierosolymitani</span> <span class='ocrx_word' id='word_1_223' title='bbox 1412 2982 1576 3049; x_wconf 88' lang='lat' dir='ltr'>septa</span> <span class='ocrx_word' id='word_1_224' title='bbox 1606 2982 1921 3050; x_wconf 86' lang='lat' dir='ltr'>gereretur,</span> <span class='ocrx_word' id='word_1_225' title='bbox 1950 2976 2011 3031; x_wconf 91' lang='lat' dir='ltr'>in</span> 
     </span>
    </p>
   </div>
   <div class='ocr_carea' id='block_1_34' title="bbox 2106 476 3747 553">
    <p class='ocr_par' dir='ltr' id='par_1_34' title="bbox 2106 476 3747 553">
     <span class='ocr_line' id='line_1_34' title="bbox 2106 476 3747 553; baseline -0.002 -16"><span class='ocrx_word' id='word_1_226' title='bbox 2106 484 2163 537; x_wconf 90' lang='lat' dir='ltr'>et</span> <span class='ocrx_word' id='word_1_227' title='bbox 2195 480 2335 553; x_wconf 86' lang='lat' dir='ltr'>regii</span> <span class='ocrx_word' id='word_1_228' title='bbox 2367 480 2718 537; x_wconf 90' lang='lat' dir='ltr'>diadematis</span> <span class='ocrx_word' id='word_1_229' title='bbox 2748 480 2845 553; x_wconf 87' lang='lat' dir='ltr'>pia</span> <span class='ocrx_word' id='word_1_230' title='bbox 2888 478 3219 552; x_wconf 87' lang='lat' dir='ltr'>aspernatio</span> <span class='ocrx_word' id='word_1_231' title='bbox 3249 477 3472 553; x_wconf 84' lang='lat' dir='ltr'>perlata</span> <span class='ocrx_word' id='word_1_232' title='bbox 3508 481 3647 534; x_wconf 89' lang='lat' dir='ltr'>sunt</span> <span class='ocrx_word' id='word_1_233' title='bbox 3674 476 3747 534; x_wconf 89' lang='lat' dir='ltr'>ad</span> 
     </span>
    </p>
   </div>
   <div class='ocr_carea' id='block_1_35' title="bbox 2108 566 3751 637">
    <p class='ocr_par' dir='ltr' id='par_1_35' title="bbox 2108 566 3751 637">
     <span class='ocr_line' id='line_1_35' title="bbox 2108 566 3751 637; baseline -0.002 -12"><span class='ocrx_word' id='word_1_234' title='bbox 2108 569 2307 626; x_wconf 92' lang='lat' dir='ltr'>oculos</span> <span class='ocrx_word' id='word_1_235' title='bbox 2337 570 2471 636; x_wconf 67' lang='lat' dir='ltr'>Idae,</span> <span class='ocrx_word' id='word_1_236' title='bbox 2506 569 2711 625; x_wconf 88' lang='lat' dir='ltr'>matris</span> <span class='ocrx_word' id='word_1_237' title='bbox 2742 569 3149 637; x_wconf 61' lang='lat' dir='ltr'>sanctissimae,</span> <span class='ocrx_word' id='word_1_238' title='bbox 3182 568 3366 625; x_wconf 89' lang='lat' dir='ltr'>sacris</span> <span class='ocrx_word' id='word_1_239' title='bbox 3403 567 3597 625; x_wconf 66' lang='lat' dir='ltr'>missae</span> <span class='ocrx_word' id='word_1_240' title='bbox 3623 566 3751 623; x_wconf 85' lang='lat' dir='ltr'>riti-</span> 
     </span>
    </p>
   </div>
   <div class='ocr_carea' id='block_1_36' title="bbox 2106 656 3755 731">
    <p class='ocr_par' dir='ltr' id='par_1_36' title="bbox 2106 656 3755 731">
     <span class='ocr_line' id='line_1_36' title="bbox 2106 656 3755 731; baseline -0.001 -17"><span class='ocrx_word' id='word_1_241' title='bbox 2106 657 2221 714; x_wconf 89' lang='lat' dir='ltr'>bus</span> <span class='ocrx_word' id='word_1_242' title='bbox 2236 676 2472 731; x_wconf 90' lang='lat' dir='ltr'>operam</span> <span class='ocrx_word' id='word_1_243' title='bbox 2505 658 2722 727; x_wconf 84' lang='lat' dir='ltr'>dantis,</span> <span class='ocrx_word' id='word_1_244' title='bbox 2737 658 2797 714; x_wconf 92' lang='lat' dir='ltr'>in</span> <span class='ocrx_word' id='word_1_245' title='bbox 2819 675 2964 715; x_wconf 92' lang='lat' dir='ltr'>novo</span> <span class='ocrx_word' id='word_1_246' title='bbox 2983 658 3082 714; x_wconf 90' lang='lat' dir='ltr'>illo</span> <span class='ocrx_word' id='word_1_247' title='bbox 3102 656 3577 715; x_wconf 81' lang='lat' dir='ltr'>Vulmarensium</span> <span class='ocrx_word' id='word_1_248' title='bbox 3599 673 3755 713; x_wconf 82' lang='lat' dir='ltr'>asce-</span> 
     </span>
    </p>
   </div>
   <div class='ocr_carea' id='block_1_37' title="bbox 2107 747 3753 821">
    <p class='ocr_par' dir='ltr' id='par_1_37' title="bbox 2107 747 3753 821">
     <span class='ocr_line' id='line_1_37' title="bbox 2107 747 3753 821; baseline 0 -18"><span class='ocrx_word' id='word_1_249' title='bbox 2107 752 2323 816; x_wconf 88' lang='lat' dir='ltr'>tarum,</span> <span class='ocrx_word' id='word_1_250' title='bbox 2338 747 2810 805; x_wconf 70' lang='lat' dir='ltr'>lamentabundaa</span> <span class='ocrx_word' id='word_1_251' title='bbox 2830 747 3054 821; x_wconf 86' lang='lat' dir='ltr'>Virgini</span> <span class='ocrx_word' id='word_1_252' title='bbox 3073 747 3753 821; x_wconf 87' lang='lat' dir='ltr'>obsequentium,mona—</span> 
     </span>
    </p>
   </div>
   <div class='ocr_carea' id='block_1_38' title="bbox 2110 836 2369 894">
    <p class='ocr_par' dir='ltr' id='par_1_38' title="bbox 2110 836 2369 894">
     <span class='ocr_line' id='line_1_38' title="bbox 2110 836 2369 894; baseline -0.008 0"><span class='ocrx_word' id='word_1_253' title='bbox 2110 836 2305 894; x_wconf 86' lang='lat' dir='ltr'>sterio.</span> <span class='ocrx_word' id='word_1_254' title='bbox 2342 860 2369 886; x_wconf 83' lang='lat'>»</span> 
     </span>
    </p>
   </div>
   <div class='ocr_carea' id='block_1_39' title="bbox 2190 921 3754 999">
    <p class='ocr_par' dir='ltr' id='par_1_39' title="bbox 2190 921 3754 999">
     <span class='ocr_line' id='line_1_39' title="bbox 2190 921 3754 999; baseline 0 -19"><span class='ocrx_word' id='word_1_255' title='bbox 2190 928 2268 983; x_wconf 73' lang='grc' dir='ltr'>ι4.</span> <span class='ocrx_word' id='word_1_256' title='bbox 2304 928 2530 983; x_wconf 89' lang='lat' dir='ltr'>Mortuo</span> <span class='ocrx_word' id='word_1_257' title='bbox 2550 944 2703 983; x_wconf 91' lang='lat' dir='ltr'>anno</span> <span class='ocrx_word' id='word_1_258' title='bbox 2729 928 2865 984; x_wconf 88' lang='grc'>1-100</span> <span class='ocrx_word' id='word_1_259' title='bbox 2895 926 3205 984; x_wconf 83' lang='lat' dir='ltr'>Godefrido</span> <span class='ocrx_word' id='word_1_260' title='bbox 3236 942 3389 999; x_wconf 86' lang='lat' dir='ltr'>rege,</span> <span class='ocrx_word' id='word_1_261' title='bbox 3419 925 3479 982; x_wconf 91' lang='lat' dir='ltr'>in</span> <span class='ocrx_word' id='word_1_262' title='bbox 3510 925 3639 998; x_wconf 85' lang='lat' dir='ltr'>ejus</span> <span class='ocrx_word' id='word_1_263' title='bbox 3666 921 3754 981; x_wconf 90' lang='lat' dir='ltr'>lo-</span> 
     </span>
    </p>
   </div>
   <div class='ocr_carea' id='block_1_40' title="bbox 2111 1013 3754 1089">
    <p class='ocr_par' dir='ltr' id='par_1_40' title="bbox 2111 1013 3754 1089">
     <span class='ocr_line' id='line_1_40' title="bbox 2111 1013 3754 1089; baseline -0.001 -18"><span class='ocrx_word' id='word_1_264' title='bbox 2111 1032 2244 1071; x_wconf 89' lang='lat' dir='ltr'>cum</span> <span class='ocrx_word' id='word_1_265' title='bbox 2277 1016 2629 1089; x_wconf 87' lang='lat' dir='ltr'>subrogatus</span> <span class='ocrx_word' id='word_1_266' title='bbox 2658 1022 2747 1072; x_wconf 91' lang='lat' dir='ltr'>est</span> <span class='ocrx_word' id='word_1_267' title='bbox 2775 1015 3116 1083; x_wconf 87' lang='lat' dir='ltr'>Balduinus,</span> <span class='ocrx_word' id='word_1_268' title='bbox 3149 1015 3298 1072; x_wconf 87' lang='lat' dir='ltr'>alter</span> <span class='ocrx_word' id='word_1_269' title='bbox 3326 1016 3387 1072; x_wconf 89' lang='grc' dir='ltr'><strong>Β.</strong></span> <span class='ocrx_word' id='word_1_270' title='bbox 3420 1015 3531 1071; x_wconf 68' lang='lat' dir='ltr'>Idae</span> <span class='ocrx_word' id='word_1_271' title='bbox 3562 1013 3754 1070; x_wconf 89' lang='lat' dir='ltr'>ﬁlius:</span> 
     </span>
    </p>
   </div>
   <div class='ocr_carea' id='block_1_41' title="bbox 2111 1103 3755 1162">
    <p class='ocr_par' dir='ltr' id='par_1_41' title="bbox 2111 1103 3755 1162">
     <span class='ocr_line' id='line_1_41' title="bbox 2111 1103 3755 1162; baseline -0.001 -2"><span class='ocrx_word' id='word_1_272' title='bbox 2111 1105 2244 1160; x_wconf 92' lang='lat' dir='ltr'>dein</span> <span class='ocrx_word' id='word_1_273' title='bbox 2291 1105 2500 1161; x_wconf 89' lang='lat' dir='ltr'>tertius</span> <span class='ocrx_word' id='word_1_274' title='bbox 2557 1106 2909 1162; x_wconf 89' lang='lat' dir='ltr'>Eustachius</span> <span class='ocrx_word' id='word_1_275' title='bbox 2968 1122 3232 1162; x_wconf 88' lang='lat' dir='ltr'>reversus</span> <span class='ocrx_word' id='word_1_276' title='bbox 3272 1109 3361 1161; x_wconf 89' lang='lat' dir='ltr'>est</span> <span class='ocrx_word' id='word_1_277' title='bbox 3390 1105 3460 1161; x_wconf 91' lang='lat' dir='ltr'>ad</span> <span class='ocrx_word' id='word_1_278' title='bbox 3493 1105 3556 1160; x_wconf 90' lang='grc' dir='ltr'><strong>Β.</strong></span> <span class='ocrx_word' id='word_1_279' title='bbox 3590 1103 3755 1160; x_wconf 81' lang='lat' dir='ltr'>Idam</span> 
     </span>
    </p>
   </div>
   <div class='ocr_carea' id='block_1_42' title="bbox 2112 1192 3754 1266">
    <p class='ocr_par' dir='ltr' id='par_1_42' title="bbox 2112 1192 3754 1266">
     <span class='ocr_line' id='line_1_42' title="bbox 2112 1192 3754 1266; baseline -0.001 -17"><span class='ocrx_word' id='word_1_280' title='bbox 2112 1198 2361 1249; x_wconf 88' lang='lat' dir='ltr'>matrem</span> <span class='ocrx_word' id='word_1_281' title='bbox 2391 1211 2560 1251; x_wconf 86' lang='lat' dir='ltr'>suam</span> <span class='ocrx_word' id='word_1_282' title='bbox 2589 1199 2648 1251; x_wconf 89' lang='lat' dir='ltr'>et</span> <span class='ocrx_word' id='word_1_283' title='bbox 2678 1193 3020 1251; x_wconf 90' lang='lat' dir='ltr'>comitatum</span> <span class='ocrx_word' id='word_1_284' title='bbox 3055 1193 3486 1251; x_wconf 87' lang='lat' dir='ltr'>Boloniensem:</span> <span class='ocrx_word' id='word_1_285' title='bbox 3520 1192 3620 1266; x_wconf 91' lang='lat' dir='ltr'>qui</span> <span class='ocrx_word' id='word_1_286' title='bbox 3651 1208 3754 1248; x_wconf 84' lang='lat' dir='ltr'>cu-</span> 
     </span>
    </p>
   </div>
   <div class='ocr_carea' id='block_1_43' title="bbox 2113 1280 3755 1356">
    <p class='ocr_par' dir='ltr' id='par_1_43' title="bbox 2113 1280 3755 1356">
     <span class='ocr_line' id='line_1_43' title="bbox 2113 1280 3755 1356; baseline -0.001 -18"><span class='ocrx_word' id='word_1_287' title='bbox 2113 1283 2259 1338; x_wconf 89' lang='lat' dir='ltr'>ravit</span> <span class='ocrx_word' id='word_1_288' title='bbox 2279 1301 2312 1338; x_wconf 92' lang='lat' dir='ltr'>a</span> <span class='ocrx_word' id='word_1_289' title='bbox 2334 1283 2642 1339; x_wconf 90' lang='lat' dir='ltr'>Lamberto</span> <span class='ocrx_word' id='word_1_290' title='bbox 2670 1283 3036 1340; x_wconf 85' lang='lat' dir='ltr'>Atrebatensi</span> <span class='ocrx_word' id='word_1_291' title='bbox 3066 1282 3337 1356; x_wconf 88' lang='lat' dir='ltr'>episcopo</span> <span class='ocrx_word' id='word_1_292' title='bbox 3370 1280 3755 1339; x_wconf 88' lang='lat' dir='ltr'>Lensensium</span> 
     </span>
    </p>
   </div>
   <div class='ocr_carea' id='block_1_44' title="bbox 2113 1371 3755 1446">
    <p class='ocr_par' dir='ltr' id='par_1_44' title="bbox 2113 1371 3755 1446">
     <span class='ocr_line' id='line_1_44' title="bbox 2113 1371 3755 1446; baseline -0.002 -17"><span class='ocrx_word' id='word_1_293' title='bbox 2113 1372 2527 1429; x_wconf 88' lang='lat' dir='ltr'>canonicorum</span> <span class='ocrx_word' id='word_1_294' title='bbox 2558 1371 2892 1445; x_wconf 87' lang='lat' dir='ltr'>collegium,</span> <span class='ocrx_word' id='word_1_295' title='bbox 2936 1371 3289 1446; x_wconf 85' lang='lat' dir='ltr'>astipulante</span> <span class='ocrx_word' id='word_1_296' title='bbox 3318 1372 3380 1428; x_wconf 91' lang='grc' dir='ltr'><strong>Β.</strong></span> <span class='ocrx_word' id='word_1_297' title='bbox 3416 1371 3517 1428; x_wconf 88' lang='lat' dir='ltr'>Ida</span> <span class='ocrx_word' id='word_1_298' title='bbox 3546 1374 3755 1437; x_wconf 86' lang='lat' dir='ltr'>matre,</span> 
     </span>
    </p>
   </div>
   <div class='ocr_carea' id='block_1_45' title="bbox 2113 1458 3759 1535">
    <p class='ocr_par' dir='ltr' id='par_1_45' title="bbox 2113 1458 3759 1535">
     <span class='ocr_line' id='line_1_45' title="bbox 2113 1458 3759 1535; baseline -0.001 -19"><span class='ocrx_word' id='word_1_299' title='bbox 2113 1461 2466 1517; x_wconf 89' lang='lat' dir='ltr'>conﬁrmari.</span> <span class='ocrx_word' id='word_1_300' title='bbox 2499 1460 2769 1533; x_wconf 90' lang='lat' dir='ltr'>Diploma</span> <span class='ocrx_word' id='word_1_301' title='bbox 2797 1460 3054 1535; x_wconf 87' lang='lat' dir='ltr'>episcopi</span> <span class='ocrx_word' id='word_1_302' title='bbox 3085 1478 3153 1518; x_wconf 84' lang='lat' dir='ltr'>ex</span> <span class='ocrx_word' id='word_1_303' title='bbox 3184 1478 3327 1518; x_wconf 86' lang='lat' dir='ltr'>mss.</span> <span class='ocrx_word' id='word_1_304' title='bbox 3359 1458 3759 1517; x_wconf 85' lang='lat' dir='ltr'>monumentis</span> 
     </span>
    </p>
   </div>
   <div class='ocr_carea' id='block_1_46' title="bbox 2116 1547 3758 1607">
    <p class='ocr_par' dir='ltr' id='par_1_46' title="bbox 2116 1547 3758 1607">
     <span class='ocr_line' id='line_1_46' title="bbox 2116 1547 3758 1607; baseline 0 -2"><span class='ocrx_word' id='word_1_305' title='bbox 2116 1549 2530 1606; x_wconf 88' lang='lat' dir='ltr'>Lensiensibus</span> <span class='ocrx_word' id='word_1_306' title='bbox 2558 1550 2794 1605; x_wconf 81' lang='lat' dir='ltr'>excudit</span> <span class='ocrx_word' id='word_1_307' title='bbox 2826 1549 3200 1607; x_wconf 87' lang='lat' dir='ltr'>Malbrancus</span> <span class='ocrx_word' id='word_1_308' title='bbox 3230 1550 3287 1605; x_wconf 92' lang='lat' dir='ltr'>in</span> <span class='ocrx_word' id='word_1_309' title='bbox 3313 1547 3554 1606; x_wconf 89' lang='lat' dir='ltr'>scholiis</span> <span class='ocrx_word' id='word_1_310' title='bbox 3575 1549 3649 1605; x_wconf 89' lang='lat' dir='ltr'>ad</span> <span class='ocrx_word' id='word_1_311' title='bbox 3669 1564 3758 1605; x_wconf 86' lang='lat' dir='ltr'>ca-</span> 
     </span>
    </p>
   </div>
   <div class='ocr_carea' id='block_1_47' title="bbox 2115 1636 3762 1712">
    <p class='ocr_par' dir='ltr' id='par_1_47' title="bbox 2115 1636 3762 1712">
     <span class='ocr_line' id='line_1_47' title="bbox 2115 1636 3762 1712; baseline -0.001 -17"><span class='ocrx_word' id='word_1_312' title='bbox 2115 1643 2223 1712; x_wconf 88' lang='lat' dir='ltr'>put</span> <span class='ocrx_word' id='word_1_313' title='bbox 2253 1640 2320 1694; x_wconf 86' lang='grc'>16</span> <span class='ocrx_word' id='word_1_314' title='bbox 2349 1638 2481 1694; x_wconf 90' lang='lat' dir='ltr'>libri</span> <span class='ocrx_word' id='word_1_315' title='bbox 2515 1656 2571 1694; x_wconf 77' lang='grc' dir='ltr'>ιχ</span> <span class='ocrx_word' id='word_1_316' title='bbox 2601 1638 2711 1695; x_wconf 92' lang='lat' dir='ltr'>hoc</span> <span class='ocrx_word' id='word_1_317' title='bbox 2740 1638 2974 1695; x_wconf 81' lang='lat' dir='ltr'>exordio</span> <span class='ocrx_word' id='word_1_318' title='bbox 3008 1656 3023 1695; x_wconf 89' lang='lat'><strong>:</strong></span> <span class='ocrx_word' id='word_1_319' title='bbox 3060 1661 3088 1689; x_wconf 91' lang='grc'><em>‹‹</em></span> <span class='ocrx_word' id='word_1_320' title='bbox 3120 1639 3237 1712; x_wconf 92' lang='lat' dir='ltr'>Ego</span> <span class='ocrx_word' id='word_1_321' title='bbox 3270 1639 3637 1707; x_wconf 87' lang='lat' dir='ltr'>Lambertus,</span> <span class='ocrx_word' id='word_1_322' title='bbox 3656 1636 3762 1694; x_wconf 86' lang='lat' dir='ltr'>Dei</span> 
     </span>
    </p>
   </div>
   <div class='ocr_carea' id='block_1_48' title="bbox 2117 1727 3763 1800">
    <p class='ocr_par' dir='ltr' id='par_1_48' title="bbox 2117 1727 3763 1800">
     <span class='ocr_line' id='line_1_48' title="bbox 2117 1727 3763 1800; baseline -0.001 -17"><span class='ocrx_word' id='word_1_323' title='bbox 2117 1728 2489 1784; x_wconf 83' lang='lat' dir='ltr'>miseratione</span> <span class='ocrx_word' id='word_1_324' title='bbox 2546 1728 2856 1800; x_wconf 89' lang='lat' dir='ltr'>episcopus</span> <span class='ocrx_word' id='word_1_325' title='bbox 2911 1727 3331 1796; x_wconf 86' lang='lat' dir='ltr'>Atrebatensis,</span> <span class='ocrx_word' id='word_1_326' title='bbox 3357 1727 3541 1800; x_wconf 87' lang='lat' dir='ltr'>justis</span> <span class='ocrx_word' id='word_1_327' title='bbox 3569 1732 3628 1782; x_wconf 88' lang='lat' dir='ltr'>et</span> <span class='ocrx_word' id='word_1_328' title='bbox 3656 1727 3763 1783; x_wconf 91' lang='lat' dir='ltr'>bo-</span> 
     </span>
    </p>
   </div>
   <div class='ocr_carea' id='block_1_49' title="bbox 2118 1815 3767 1889">
    <p class='ocr_par' dir='ltr' id='par_1_49' title="bbox 2118 1815 3767 1889">
     <span class='ocr_line' id='line_1_49' title="bbox 2118 1815 3767 1889; baseline 0 -16"><span class='ocrx_word' id='word_1_329' title='bbox 2118 1817 2300 1873; x_wconf 89' lang='lat' dir='ltr'>nestis</span> <span class='ocrx_word' id='word_1_330' title='bbox 2331 1817 2712 1889; x_wconf 89' lang='lat' dir='ltr'>petitionibus</span> <span class='ocrx_word' id='word_1_331' title='bbox 2752 1816 3089 1875; x_wconf 89' lang='lat' dir='ltr'>bonorabiis</span> <span class='ocrx_word' id='word_1_332' title='bbox 3119 1816 3351 1874; x_wconf 88' lang='lat' dir='ltr'>comitis</span> <span class='ocrx_word' id='word_1_333' title='bbox 3378 1815 3679 1873; x_wconf 85' lang='lat' dir='ltr'>Eustachii</span> <span class='ocrx_word' id='word_1_334' title='bbox 3707 1819 3767 1873; x_wconf 86' lang='lat' dir='ltr'>et</span> 
     </span>
    </p>
   </div>
   <div class='ocr_carea' id='block_1_50' title="bbox 2118 1905 3767 1976">
    <p class='ocr_par' dir='ltr' id='par_1_50' title="bbox 2118 1905 3767 1976">
     <span class='ocr_line' id='line_1_50' title="bbox 2118 1905 3767 1976; baseline -0.001 -14"><span class='ocrx_word' id='word_1_335' title='bbox 2118 1906 2334 1963; x_wconf 89' lang='lat' dir='ltr'>nobilis</span> <span class='ocrx_word' id='word_1_336' title='bbox 2363 1906 2491 1976; x_wconf 87' lang='lat' dir='ltr'>ejus</span> <span class='ocrx_word' id='word_1_337' title='bbox 2524 1905 2721 1963; x_wconf 84' lang='lat' dir='ltr'>uxoris</span> <span class='ocrx_word' id='word_1_338' title='bbox 2743 1906 2933 1961; x_wconf 67' lang='lat' dir='ltr'>Mariae</span> <span class='ocrx_word' id='word_1_339' title='bbox 2964 1906 3277 1963; x_wconf 64' lang='lat' dir='ltr'>comitissse</span> <span class='ocrx_word' id='word_1_340' title='bbox 3304 1923 3409 1963; x_wconf 90' lang='lat' dir='ltr'>nec</span> <span class='ocrx_word' id='word_1_341' title='bbox 3432 1922 3546 1963; x_wconf 89' lang='lat' dir='ltr'>non</span> <span class='ocrx_word' id='word_1_342' title='bbox 3565 1908 3624 1962; x_wconf 82' lang='lat' dir='ltr'>et</span> <span class='ocrx_word' id='word_1_343' title='bbox 3644 1921 3767 1962; x_wconf 87' lang='lat' dir='ltr'>ma-</span> 
     </span>
    </p>
   </div>
   <div class='ocr_carea' id='block_1_51' title="bbox 2115 1994 3762 2069">
    <p class='ocr_par' dir='ltr' id='par_1_51' title="bbox 2115 1994 3762 2069">
     <span class='ocr_line' id='line_1_51' title="bbox 2115 1994 3762 2069; baseline -0.001 -17"><span class='ocrx_word' id='word_1_344' title='bbox 2115 1996 2224 2052; x_wconf 91' lang='lat' dir='ltr'>tris</span> <span class='ocrx_word' id='word_1_345' title='bbox 2255 1995 2514 2068; x_wconf 77' lang='lat' dir='ltr'>praedicti</span> <span class='ocrx_word' id='word_1_346' title='bbox 2545 1995 2803 2063; x_wconf 92' lang='lat' dir='ltr'>comitis,</span> <span class='ocrx_word' id='word_1_347' title='bbox 2834 1996 2946 2051; x_wconf 66' lang='lat' dir='ltr'>Idae</span> <span class='ocrx_word' id='word_1_348' title='bbox 2995 1994 3278 2069; x_wconf 68' lang='lat' dir='ltr'>religiosa:</span> <span class='ocrx_word' id='word_1_349' title='bbox 3323 1994 3635 2053; x_wconf 66' lang='lat' dir='ltr'>comitissaa</span> <span class='ocrx_word' id='word_1_350' title='bbox 3664 2010 3762 2051; x_wconf 85' lang='lat' dir='ltr'>ac-</span> 
     </span>
    </p>
   </div>
   <div class='ocr_carea' id='block_1_52' title="bbox 2114 2083 3764 2158">
    <p class='ocr_par' dir='ltr' id='par_1_52' title="bbox 2114 2083 3764 2158">
     <span class='ocr_line' id='line_1_52' title="bbox 2114 2083 3764 2158; baseline 0.001 -18"><span class='ocrx_word' id='word_1_351' title='bbox 2114 2085 2443 2158; x_wconf 87' lang='lat' dir='ltr'>quiescens,</span> <span class='ocrx_word' id='word_1_352' title='bbox 2478 2085 2633 2157; x_wconf 89' lang='lat' dir='ltr'>quod</span> <span class='ocrx_word' id='word_1_353' title='bbox 2663 2102 2698 2141; x_wconf 94' lang='lat' dir='ltr'>a</span> <span class='ocrx_word' id='word_1_354' title='bbox 2729 2084 3054 2141; x_wconf 90' lang='lat' dir='ltr'>ministerio</span> <span class='ocrx_word' id='word_1_355' title='bbox 3085 2090 3284 2143; x_wconf 89' lang='lat' dir='ltr'>nostro</span> <span class='ocrx_word' id='word_1_356' title='bbox 3322 2086 3581 2158; x_wconf 80' lang='lat' dir='ltr'>exigunt,</span> <span class='ocrx_word' id='word_1_357' title='bbox 3611 2083 3764 2141; x_wconf 86' lang='lat' dir='ltr'>scire</span> 
     </span>
    </p>
   </div>
   <div class='ocr_carea' id='block_1_53' title="bbox 2111 2164 3760 2247">
    <p class='ocr_par' dir='ltr' id='par_1_53' title="bbox 2111 2164 3760 2247">
     <span class='ocr_line' id='line_1_53' title="bbox 2111 2164 3760 2247; baseline 0 -18"><span class='ocrx_word' id='word_1_358' title='bbox 2111 2174 2308 2229; x_wconf 85' lang='lat' dir='ltr'>volum</span> <span class='ocrx_word' id='word_1_359' title='bbox 2318 2164 2386 2231; x_wconf 87' lang='lat' dir='ltr'>us</span> <span class='ocrx_word' id='word_1_360' title='bbox 2407 2179 2526 2229; x_wconf 89' lang='lat' dir='ltr'>tam</span> <span class='ocrx_word' id='word_1_361' title='bbox 2544 2174 2934 2246; x_wconf 57' lang='lat' dir='ltr'>praesentibus</span> <span class='ocrx_word' id='word_1_362' title='bbox 2948 2190 3127 2247; x_wconf 88' lang='lat' dir='ltr'>quam</span> <span class='ocrx_word' id='word_1_363' title='bbox 3140 2174 3357 2231; x_wconf 82' lang='lat' dir='ltr'>futuris</span> <span class='ocrx_word' id='word_1_364' title='bbox 3370 2174 3508 2231; x_wconf 88' lang='lat' dir='ltr'>ﬁliis</span> <span class='ocrx_word' id='word_1_365' title='bbox 3519 2173 3760 2243; x_wconf 85' lang='lat' dir='ltr'>nostris,</span> 
     </span>
    </p>
   </div>
   <div class='ocr_carea' id='block_1_54' title="bbox 2112 2262 3764 2335">
    <p class='ocr_par' dir='ltr' id='par_1_54' title="bbox 2112 2262 3764 2335">
     <span class='ocr_line' id='line_1_54' title="bbox 2112 2262 3764 2335; baseline 0.001 -17"><span class='ocrx_word' id='word_1_366' title='bbox 2112 2263 2172 2319; x_wconf 92' lang='lat' dir='ltr'>in</span> <span class='ocrx_word' id='word_1_367' title='bbox 2190 2263 2456 2319; x_wconf 87' lang='lat' dir='ltr'>libertate</span> <span class='ocrx_word' id='word_1_368' title='bbox 2486 2262 2732 2335; x_wconf 90' lang='lat' dir='ltr'>spiritus</span> <span class='ocrx_word' id='word_1_369' title='bbox 2755 2262 3052 2320; x_wconf 89' lang='lat' dir='ltr'>Lensiensi</span> <span class='ocrx_word' id='word_1_370' title='bbox 3081 2262 3348 2321; x_wconf 72' lang='lat' dir='ltr'>Ecclesiae</span> <span class='ocrx_word' id='word_1_371' title='bbox 3379 2270 3437 2319; x_wconf 88' lang='lat' dir='ltr'>et</span> <span class='ocrx_word' id='word_1_372' title='bbox 3464 2262 3764 2320; x_wconf 81' lang='lat' dir='ltr'>canonicis</span> 
     </span>
    </p>
   </div>
   <div class='ocr_carea' id='block_1_55' title="bbox 2114 2351 3764 2426">
    <p class='ocr_par' dir='ltr' id='par_1_55' title="bbox 2114 2351 3764 2426">
     <span class='ocr_line' id='line_1_55' title="bbox 2114 2351 3764 2426; baseline 0.001 -19"><span class='ocrx_word' id='word_1_373' title='bbox 2114 2354 2379 2421; x_wconf 77' lang='lat' dir='ltr'>ejusdem</span> <span class='ocrx_word' id='word_1_374' title='bbox 2410 2352 2687 2417; x_wconf 64' lang='lat' dir='ltr'>ecclesia),</span> <span class='ocrx_word' id='word_1_375' title='bbox 2718 2370 2787 2409; x_wconf 86' lang='lat' dir='ltr'>ex</span> <span class='ocrx_word' id='word_1_376' title='bbox 2812 2351 3088 2425; x_wconf 88' lang='lat' dir='ltr'>petitione</span> <span class='ocrx_word' id='word_1_377' title='bbox 3117 2353 3531 2426; x_wconf 67' lang='lat' dir='ltr'>praedictarum</span> <span class='ocrx_word' id='word_1_378' title='bbox 3562 2369 3764 2425; x_wconf 80' lang='lat' dir='ltr'>perso-</span> 
     </span>
    </p>
   </div>
   <div class='ocr_carea' id='block_1_56' title="bbox 2115 2440 3764 2516">
    <p class='ocr_par' dir='ltr' id='par_1_56' title="bbox 2115 2440 3764 2516">
     <span class='ocr_line' id='line_1_56' title="bbox 2115 2440 3764 2516; baseline 0.001 -19"><span class='ocrx_word' id='word_1_379' title='bbox 2115 2459 2347 2509; x_wconf 88' lang='lat' dir='ltr'>narum,</span> <span class='ocrx_word' id='word_1_380' title='bbox 2380 2446 2570 2497; x_wconf 89' lang='lat' dir='ltr'>ratum</span> <span class='ocrx_word' id='word_1_381' title='bbox 2602 2447 2660 2497; x_wconf 90' lang='lat' dir='ltr'>et</span> <span class='ocrx_word' id='word_1_382' title='bbox 2689 2440 2899 2498; x_wconf 90' lang='lat' dir='ltr'>stabile</span> <span class='ocrx_word' id='word_1_383' title='bbox 2948 2442 3191 2515; x_wconf 90' lang='lat' dir='ltr'>perenni</span> <span class='ocrx_word' id='word_1_384' title='bbox 3234 2447 3495 2516; x_wconf 89' lang='lat' dir='ltr'>tempore</span> <span class='ocrx_word' id='word_1_385' title='bbox 3525 2458 3628 2516; x_wconf 86' lang='lat' dir='ltr'>per</span> <span class='ocrx_word' id='word_1_386' title='bbox 3656 2457 3764 2498; x_wconf 86' lang='lat' dir='ltr'>no-</span> 
     </span>
    </p>
   </div>
   <div class='ocr_carea' id='block_1_57' title="bbox 2115 2529 3765 2604">
    <p class='ocr_par' dir='ltr' id='par_1_57' title="bbox 2115 2529 3765 2604">
     <span class='ocr_line' id='line_1_57' title="bbox 2115 2529 3765 2604; baseline 0.002 -17"><span class='ocrx_word' id='word_1_387' title='bbox 2115 2536 2249 2587; x_wconf 60' lang='lat' dir='ltr'>strae</span> <span class='ocrx_word' id='word_1_388' title='bbox 2280 2531 2645 2587; x_wconf 88' lang='lat' dir='ltr'>auctoritatis</span> <span class='ocrx_word' id='word_1_389' title='bbox 2676 2529 3046 2604; x_wconf 87' lang='lat' dir='ltr'>privilegium</span> <span class='ocrx_word' id='word_1_390' title='bbox 3076 2532 3525 2590; x_wconf 83' lang='lat' dir='ltr'>conﬁrmasse...</span> <span class='ocrx_word' id='word_1_391' title='bbox 3554 2533 3765 2591; x_wconf 80' lang='lat' dir='ltr'>Datum</span> 
     </span>
    </p>
   </div>
   <div class='ocr_carea' id='block_1_58' title="bbox 2114 2619 3768 2689">
    <p class='ocr_par' dir='ltr' id='par_1_58' title="bbox 2114 2619 3768 2689">
     <span class='ocr_line' id='line_1_58' title="bbox 2114 2619 3768 2689; baseline 0.001 -14"><span class='ocrx_word' id='word_1_392' title='bbox 2114 2619 2393 2688; x_wconf 87' lang='lat' dir='ltr'>Atrebati,</span> <span class='ocrx_word' id='word_1_393' title='bbox 2435 2637 2587 2676; x_wconf 89' lang='lat' dir='ltr'>anno</span> <span class='ocrx_word' id='word_1_394' title='bbox 2621 2620 2722 2676; x_wconf 90' lang='lat' dir='ltr'>Dei</span> <span class='ocrx_word' id='word_1_395' title='bbox 2754 2619 2968 2676; x_wconf 87' lang='lat' dir='ltr'>Christi</span> <span class='ocrx_word' id='word_1_396' title='bbox 2998 2620 3159 2689; x_wconf 74' lang='grc'>4106,</span> <span class='ocrx_word' id='word_1_397' title='bbox 3193 2620 3508 2678; x_wconf 88' lang='lat' dir='ltr'>indictione</span> <span class='ocrx_word' id='word_1_398' title='bbox 3539 2637 3653 2688; x_wconf 74' lang='lat' dir='ltr'>xxv,</span> <span class='ocrx_word' id='word_1_399' title='bbox 3682 2637 3768 2678; x_wconf 83' lang='lat' dir='ltr'>vn</span> 
     </span>
    </p>
   </div>
   <div class='ocr_carea' id='block_1_59' title="bbox 2117 2708 3769 2782">
    <p class='ocr_par' dir='ltr' id='par_1_59' title="bbox 2117 2708 3769 2782">
     <span class='ocr_line' id='line_1_59' title="bbox 2117 2708 3769 2782; baseline 0 -17"><span class='ocrx_word' id='word_1_400' title='bbox 2117 2710 2255 2765; x_wconf 89' lang='lat' dir='ltr'>Idus</span> <span class='ocrx_word' id='word_1_401' title='bbox 2283 2709 2465 2777; x_wconf 87' lang='lat' dir='ltr'>Junii,</span> <span class='ocrx_word' id='word_1_402' title='bbox 2496 2726 2649 2766; x_wconf 91' lang='lat' dir='ltr'>anno</span> <span class='ocrx_word' id='word_1_403' title='bbox 2680 2708 3055 2782; x_wconf 89' lang='lat' dir='ltr'>pontiﬁcatus</span> <span class='ocrx_word' id='word_1_404' title='bbox 3085 2709 3308 2766; x_wconf 89' lang='lat' dir='ltr'>domini</span> <span class='ocrx_word' id='word_1_405' title='bbox 3331 2708 3622 2767; x_wconf 83' lang='lat' dir='ltr'>Lamberti</span> <span class='ocrx_word' id='word_1_406' title='bbox 3641 2708 3769 2782; x_wconf 66' lang='lat' dir='ltr'>epio</span> 
     </span>
    </p>
   </div>
   <div class='ocr_carea' id='block_1_60' title="bbox 2118 2797 3767 2872">
    <p class='ocr_par' dir='ltr' id='par_1_60' title="bbox 2118 2797 3767 2872">
     <span class='ocr_line' id='line_1_60' title="bbox 2118 2797 3767 2872; baseline 0.001 -19"><span class='ocrx_word' id='word_1_407' title='bbox 2118 2797 2278 2871; x_wconf 89' lang='lat' dir='ltr'>scopi</span> <span class='ocrx_word' id='word_1_408' title='bbox 2307 2798 2709 2854; x_wconf 85' lang='lat' dir='ltr'>Atrebatensis</span> <span class='ocrx_word' id='word_1_409' title='bbox 2739 2816 2840 2867; x_wconf 85' lang='lat' dir='ltr'>xu,</span> <span class='ocrx_word' id='word_1_410' title='bbox 2874 2803 3152 2872; x_wconf 86' lang='lat' dir='ltr'>regnante</span> <span class='ocrx_word' id='word_1_411' title='bbox 3208 2798 3475 2872; x_wconf 89' lang='lat' dir='ltr'>Philippo</span> <span class='ocrx_word' id='word_1_412' title='bbox 3524 2812 3659 2871; x_wconf 82' lang='lat' dir='ltr'>rege</span> <span class='ocrx_word' id='word_1_413' title='bbox 3703 2798 3767 2855; x_wconf 93' lang='lat' dir='ltr'>in</span> 
     </span>
    </p>
   </div>
   <div class='ocr_carea' id='block_1_61' title="bbox 2120 2886 3769 2955">
    <p class='ocr_par' dir='ltr' id='par_1_61' title="bbox 2120 2886 3769 2955">
     <span class='ocr_line' id='line_1_61' title="bbox 2120 2886 3769 2955; baseline 0.001 -13"><span class='ocrx_word' id='word_1_414' title='bbox 2120 2886 2383 2955; x_wconf 87' lang='lat' dir='ltr'>Francia,</span> <span class='ocrx_word' id='word_1_415' title='bbox 2419 2887 2669 2943; x_wconf 84' lang='lat' dir='ltr'>Roberto</span> <span class='ocrx_word' id='word_1_416' title='bbox 2701 2887 2943 2944; x_wconf 86' lang='lat' dir='ltr'>Juniore</span> <span class='ocrx_word' id='word_1_417' title='bbox 2972 2887 3186 2944; x_wconf 88' lang='lat' dir='ltr'>comite</span> <span class='ocrx_word' id='word_1_418' title='bbox 3216 2886 3523 2955; x_wconf 67' lang='lat' dir='ltr'>Flandriae,</span> <span class='ocrx_word' id='word_1_419' title='bbox 3554 2888 3769 2944; x_wconf 84' lang='lat' dir='ltr'>Eusta-</span> 
     </span>
    </p>
   </div>
   <div class='ocr_carea' id='block_1_62' title="bbox 2120 2974 3550 3034">
    <p class='ocr_par' dir='ltr' id='par_1_62' title="bbox 2120 2974 3550 3034">
     <span class='ocr_line' id='line_1_62' title="bbox 2120 2974 3550 3034; baseline 0.001 -3"><span class='ocrx_word' id='word_1_420' title='bbox 2120 2975 2250 3031; x_wconf 92' lang='lat' dir='ltr'>chio</span> <span class='ocrx_word' id='word_1_421' title='bbox 2274 2975 2484 3032; x_wconf 92' lang='lat' dir='ltr'>comite</span> <span class='ocrx_word' id='word_1_422' title='bbox 2514 2974 2967 3034; x_wconf 88' lang='lat' dir='ltr'>Bononiensium</span> <span class='ocrx_word' id='word_1_423' title='bbox 2992 2981 3050 3033; x_wconf 89' lang='lat' dir='ltr'>ct</span> <span class='ocrx_word' id='word_1_424' title='bbox 3080 2976 3485 3034; x_wconf 85' lang='lat' dir='ltr'>Lensensium.</span> <span class='ocrx_word' id='word_1_425' title='bbox 3521 2998 3550 3027; x_wconf 69' lang='grc' dir='ltr'><strong><em>ὀ</em></strong></span> 
     </span>
    </p>
   </div>
   <div class='ocr_carea' id='block_1_63' title="bbox 433 3171 684 3183">
    <p class='ocr_par' dir='ltr' id='par_1_63' title="bbox 433 3171 684 3183">
     <span class='ocr_line' id='line_1_63' title="bbox 433 3171 684 3183; baseline 0 0"><span class='ocrx_word' id='word_1_426' title='bbox 433 3171 665 3183; x_wconf 45' lang='lat' dir='ltr'>L—vi.-_&quot;_.__.r</span> <span class='ocrx_word' id='word_1_427' title='bbox 650 3171 653 3172; x_wconf 61' lang='grc'><strong><em>⁷</em></strong></span> <span class='ocrx_word' id='word_1_428' title='bbox 676 3171 684 3178; x_wconf 57' lang='grc'>⁷</span> 
     </span>
    </p>
   </div>
   <div class='ocr_carea' id='block_1_64' title="bbox 1443 3338 2679 3466">
    <p class='ocr_par' dir='ltr' id='par_1_64' title="bbox 1443 3338 2679 3466">
     <span class='ocr_line' id='line_1_64' title="bbox 1443 3338 2679 3466; baseline 0.001 -2"><span class='ocrx_word' id='word_1_429' title='bbox 1443 3338 2190 3464; x_wconf 74' lang='grc' dir='ltr'>ΒΕΔΤΙΕ</span> <span class='ocrx_word' id='word_1_430' title='bbox 2278 3338 2679 3466; x_wconf 72' lang='grc' dir='ltr'>ῙΒΙΕ</span> 
     </span>
    </p>
   </div>
   <div class='ocr_carea' id='block_1_65' title="bbox 1010 3586 3109 3699">
    <p class='ocr_par' dir='ltr' id='par_1_65' title="bbox 1010 3586 3109 3699">
     <span class='ocr_line' id='line_1_65' title="bbox 1010 3586 3109 3699; baseline -0.002 -4"><span class='ocrx_word' id='word_1_431' title='bbox 1010 3588 1911 3699; x_wconf 79' lang='lat' dir='ltr'>DONATIONES</span> <span class='ocrx_word' id='word_1_432' title='bbox 2005 3586 3109 3691; x_wconf 68' lang='lat' dir='ltr'>ECCLESlASTleE</span> 
     </span>
    </p>
   </div>
   <div class='ocr_carea' id='block_1_66' title="bbox 1482 3812 2634 3888">
    <p class='ocr_par' dir='ltr' id='par_1_66' title="bbox 1482 3812 2634 3888">
     <span class='ocr_line' id='line_1_66' title="bbox 1482 3812 2634 3888; baseline -0.002 -16"><span class='ocrx_word' id='word_1_433' title='bbox 1482 3814 1644 3886; x_wconf 81' lang='lat' dir='ltr'>(Vide</span> <span class='ocrx_word' id='word_1_434' title='bbox 1676 3831 1845 3888; x_wconf 83' lang='lat' dir='ltr'>supra</span> <span class='ocrx_word' id='word_1_435' title='bbox 1874 3814 1975 3871; x_wconf 83' lang='lat' dir='ltr'>col.</span> <span class='ocrx_word' id='word_1_436' title='bbox 2012 3813 2135 3882; x_wconf 81' lang='grc'>453,</span> <span class='ocrx_word' id='word_1_437' title='bbox 2168 3812 2296 3885; x_wconf 68' lang='grc'>454,</span> <span class='ocrx_word' id='word_1_438' title='bbox 2330 3814 2453 3884; x_wconf 84' lang='grc'>457,</span> <span class='ocrx_word' id='word_1_439' title='bbox 2485 3814 2634 3887; x_wconf 77' lang='grc'>458.)</span> 
     </span>
    </p>
   </div>
   <div class='ocr_carea' id='block_1_67' title="bbox 1065 4159 3039 4282">
    <p class='ocr_par' dir='ltr' id='par_1_67' title="bbox 1065 4159 3039 4282">
     <span class='ocr_line' id='line_1_67' title="bbox 1065 4159 3039 4282; baseline -0.001 -2"><span class='ocrx_word' id='word_1_440' title='bbox 1065 4163 1578 4282; x_wconf 85' lang='lat' dir='ltr'>OSMUNDI</span> <span class='ocrx_word' id='word_1_441' title='bbox 1643 4160 2163 4277; x_wconf 85' lang='lat' dir='ltr'>EPISCOPI</span> <span class='ocrx_word' id='word_1_442' title='bbox 2227 4159 3039 4279; x_wconf 82' lang='lat' dir='ltr'>ASTOBICENSIS</span> 
     </span>
    </p>
   </div>
   <div class='ocr_carea' id='block_1_68' title="bbox 1624 4362 2470 4437">
    <p class='ocr_par' dir='ltr' id='par_1_68' title="bbox 1624 4362 2470 4437">
     <span class='ocr_line' id='line_1_68' title="bbox 1624 4362 2470 4437; baseline -0.005 0"><span class='ocrx_word' id='word_1_443' title='bbox 1624 4362 2032 4437; x_wconf 78' lang='lat' dir='ltr'>EPISTULA</span> <span class='ocrx_word' id='word_1_444' title='bbox 2086 4362 2201 4433; x_wconf 74' lang='lat' dir='ltr'>AD</span> <span class='ocrx_word' id='word_1_445' title='bbox 2254 4363 2470 4437; x_wconf 84' lang='lat' dir='ltr'>IDAM</span> 
     </span>
    </p>
   </div>
   <div class='ocr_carea' id='block_1_69' title="bbox 1293 4537 2802 4615">
    <p class='ocr_par' dir='ltr' id='par_1_69' title="bbox 1293 4537 2802 4615">
     <span class='ocr_line' id='line_1_69' title="bbox 1293 4537 2802 4615; baseline -0.003 -18"><span class='ocrx_word' id='word_1_446' title='bbox 1293 4539 1509 4615; x_wconf 88' lang='lat' dir='ltr'>(Edidit</span> <span class='ocrx_word' id='word_1_447' title='bbox 1538 4539 1782 4597; x_wconf 77' lang='lat' dir='ltr'>MABILL.</span> <span class='ocrx_word' id='word_1_448' title='bbox 1815 4538 2096 4609; x_wconf 81' lang='lat' dir='ltr'>Analecta,</span> <span class='ocrx_word' id='word_1_449' title='bbox 2126 4555 2256 4597; x_wconf 88' lang='lat' dir='ltr'>nov.</span> <span class='ocrx_word' id='word_1_450' title='bbox 2290 4538 2454 4608; x_wconf 90' lang='lat' dir='ltr'>edit.,</span> <span class='ocrx_word' id='word_1_451' title='bbox 2488 4554 2621 4613; x_wconf 88' lang='lat' dir='ltr'>pag.</span> <span class='ocrx_word' id='word_1_452' title='bbox 2653 4537 2802 4612; x_wconf 71' lang='lat'>433.)</span> 
     </span>
    </p>
   </div>
   <div class='ocr_carea' id='block_1_70' title="bbox 1703 4888 2383 4980">
    <p class='ocr_par' dir='ltr' id='par_1_70' title="bbox 1703 4888 2383 4980">
     <span class='ocr_line' id='line_1_70' title="bbox 1703 4888 2383 4980; baseline -0.009 0"><span class='ocrx_word' id='word_1_453' title='bbox 1703 4888 2383 4980; x_wconf 87' lang='lat' dir='ltr'>MONITUM.</span> 
     </span>
    </p>
   </div>
   <div class='ocr_carea' id='block_1_71' title="bbox 410 5118 3746 5204">
    <p class='ocr_par' dir='ltr' id='par_1_71' title="bbox 410 5118 3746 5204">
     <span class='ocr_line' id='line_1_71' title="bbox 410 5118 3746 5204; baseline -0.002 -22"><span class='ocrx_word' id='word_1_454' title='bbox 410 5126 637 5204; x_wconf 76' lang='lat' dir='ltr'>Scripta</span> <span class='ocrx_word' id='word_1_455' title='bbox 666 5131 754 5204; x_wconf 78' lang='lat' dir='ltr'>est</span> <span class='ocrx_word' id='word_1_456' title='bbox 778 5123 1173 5204; x_wconf 74' lang='lat' dir='ltr'>haecepistola</span> <span class='ocrx_word' id='word_1_457' title='bbox 1204 5124 1432 5204; x_wconf 76' lang='lat' dir='ltr'>circiter</span> <span class='ocrx_word' id='word_1_458' title='bbox 1461 5139 1680 5204; x_wconf 69' lang='lat' dir='ltr'>annum</span> <span class='ocrx_word' id='word_1_459' title='bbox 1716 5121 1873 5204; x_wconf 67' lang='grc'>1059,</span> <span class='ocrx_word' id='word_1_460' title='bbox 1908 5138 2024 5204; x_wconf 59' lang='lat' dir='ltr'>Quo</span> <span class='ocrx_word' id='word_1_461' title='bbox 2054 5120 2504 5204; x_wconf 48' lang='lat' dir='ltr'>ida,‘l§us_tachii</span> <span class='ocrx_word' id='word_1_462' title='bbox 2554 5120 2788 5204; x_wconf 78' lang='lat' dir='ltr'>comitis</span> <span class='ocrx_word' id='word_1_463' title='bbox 2834 5119 3424 5204; x_wconf 41' lang='lat' dir='ltr'>Bonon.i_ensisjux.or,</span> <span class='ocrx_word' id='word_1_464' title='bbox 3455 5118 3516 5177; x_wconf 90' lang='lat' dir='ltr'>in</span> <span class='ocrx_word' id='word_1_465' title='bbox 3548 5123 3746 5202; x_wconf 77' lang='lat' dir='ltr'>castrp</span> 
     </span>
    </p>
   </div>
   <div class='ocr_carea' id='block_1_72' title="bbox 338 5190 3748 5273">
    <p class='ocr_par' dir='ltr' id='par_1_72' title="bbox 338 5190 3748 5273">
     <span class='ocr_line' id='line_1_72' title="bbox 338 5190 3748 5273; baseline -0.002 -20"><span class='ocrx_word' id='word_1_466' title='bbox 338 5190 583 5253; x_wconf 81' lang='lat' dir='ltr'>Lenensi</span> <span class='ocrx_word' id='word_1_467' title='bbox 616 5190 1630 5273; x_wconf 62' lang='lat' dir='ltr'>pagiAti-ebatensis,recentioribus</span> <span class='ocrx_word' id='word_1_468' title='bbox 1664 5190 2164 5273; x_wconf 75' lang='lat' dir='ltr'>Lensio,Deiparae</span> <span class='ocrx_word' id='word_1_469' title='bbox 2181 5191 2407 5273; x_wconf 47' lang='lat' dir='ltr'>Virgini</span> <span class='ocrx_word' id='word_1_470' title='bbox 2437 5190 3748 5273; x_wconf 43' lang='lat' dir='ltr'>templum_constru1_rjt,instituitquencanoni-</span> 
     </span>
    </p>
   </div>
   <div class='ocr_carea' id='block_1_73' title="bbox 336 5261 3742 5347">
    <p class='ocr_par' dir='ltr' id='par_1_73' title="bbox 336 5261 3742 5347">
     <span class='ocr_line' id='line_1_73' title="bbox 336 5261 3742 5347; baseline -0.002 -24"><span class='ocrx_word' id='word_1_471' title='bbox 336 5284 544 5347; x_wconf 24' lang='lat' dir='ltr'>eorum.</span> <span class='ocrx_word' id='word_1_472' title='bbox 569 5261 895 5347; x_wconf 29' lang='lat' dir='ltr'>collicigium.</span> <span class='ocrx_word' id='word_1_473' title='bbox 920 5261 1908 5347; x_wconf 59' lang='lat' dir='ltr'>Fratereareliquiasundequaqne</span> <span class='ocrx_word' id='word_1_474' title='bbox 1938 5261 2539 5347; x_wconf 48' lang='lat' dir='ltr'>conquisivitjeasgue</span> <span class='ocrx_word' id='word_1_475' title='bbox 2563 5261 2771 5346; x_wconf 75' lang='lat' dir='ltr'>intulit</span> <span class='ocrx_word' id='word_1_476' title='bbox 2797 5264 2854 5319; x_wconf 91' lang='lat' dir='ltr'>in</span> <span class='ocrx_word' id='word_1_477' title='bbox 2888 5262 3193 5347; x_wconf 72' lang='lat' dir='ltr'>basilicam</span> <span class='ocrx_word' id='word_1_478' title='bbox 3223 5281 3258 5318; x_wconf 88' lang='lat' dir='ltr'>a</span> <span class='ocrx_word' id='word_1_479' title='bbox 3275 5280 3340 5347; x_wconf 79' lang='lat' dir='ltr'>se</span> <span class='ocrx_word' id='word_1_480' title='bbox 3366 5261 3742 5347; x_wconf 64' lang='lat' dir='ltr'>aediﬁcatam,</span> 
     </span>
    </p>
   </div>
   <div class='ocr_carea' id='block_1_74' title="bbox 334 5331 3746 5411">
    <p class='ocr_par' dir='ltr' id='par_1_74' title="bbox 334 5331 3746 5411">
     <span class='ocr_line' id='line_1_74' title="bbox 334 5331 3746 5411; baseline -0.001 -18"><span class='ocrx_word' id='word_1_481' title='bbox 334 5337 553 5411; x_wconf 85' lang='lat' dir='ltr'>scilicet</span> <span class='ocrx_word' id='word_1_482' title='bbox 583 5331 875 5411; x_wconf 51' lang='lat' dir='ltr'>reliqvuias</span> <span class='ocrx_word' id='word_1_483' title='bbox 894 5338 1078 5411; x_wconf 79' lang='lat' dir='ltr'>sancti</span> <span class='ocrx_word' id='word_1_484' title='bbox 1104 5331 1394 5408; x_wconf 74' lang='lat' dir='ltr'>Vulganii,</span> <span class='ocrx_word' id='word_1_485' title='bbox 1413 5339 1581 5411; x_wconf 63' lang='lat' dir='ltr'>cujus</span> <span class='ocrx_word' id='word_1_486' title='bbox 1607 5331 2091 5411; x_wconf 56' lang='lat' dir='ltr'>corpus&#39;Lenensi</span> <span class='ocrx_word' id='word_1_487' title='bbox 2123 5331 2476 5411; x_wconf 73' lang='lat' dir='ltr'>monasterio</span> <span class='ocrx_word' id='word_1_488' title='bbox 2506 5336 2919 5411; x_wconf 72' lang='lat' dir='ltr'>canonicorum</span> <span class='ocrx_word' id='word_1_489' title='bbox 2952 5335 3251 5411; x_wconf 82' lang='lat' dir='ltr'>quiescere</span> <span class='ocrx_word' id='word_1_490' title='bbox 3269 5339 3522 5411; x_wconf 79' lang='lat' dir='ltr'>testatur</span> 
     </span>
    </p>
   </div>
   <div class='ocr_carea' id='block_1_75' title="bbox 333 5404 3745 5479">
    <p class='ocr_par' dir='ltr' id='par_1_75' title="bbox 333 5404 3745 5479">
     <span class='ocr_line' id='line_1_75' title="bbox 333 5404 3745 5479; baseline -0.001 -15"><span class='ocrx_word' id='word_1_491' title='bbox 333 5408 491 5464; x_wconf 91' lang='lat' dir='ltr'>ricus</span> <span class='ocrx_word' id='word_1_492' title='bbox 524 5410 581 5464; x_wconf 89' lang='lat' dir='ltr'>in</span> <span class='ocrx_word' id='word_1_493' title='bbox 613 5404 882 5464; x_wconf 74' lang='lat' dir='ltr'>Chronici</span> <span class='ocrx_word' id='word_1_494' title='bbox 935 5410 1037 5465; x_wconf 87' lang='lat' dir='ltr'>lib.</span> <span class='ocrx_word' id='word_1_495' title='bbox 1083 5426 1140 5471; x_wconf 84' lang='grc' dir='ltr'>ιι,</span> <span class='ocrx_word' id='word_1_496' title='bbox 1166 5404 1288 5478; x_wconf 77' lang='lat' dir='ltr'>cap.</span> <span class='ocrx_word' id='word_1_497' title='bbox 1313 5412 1403 5461; x_wconf 79' lang='lat'>22.</span> <span class='ocrx_word' id='word_1_498' title='bbox 1430 5408 1574 5462; x_wconf 87' lang='lat' dir='ltr'>Hinc</span> <span class='ocrx_word' id='word_1_499' title='bbox 1607 5404 1823 5479; x_wconf 75' lang='lat' dir='ltr'>factum</span> <span class='ocrx_word' id='word_1_500' title='bbox 1855 5412 2016 5479; x_wconf 89' lang='lat' dir='ltr'>puto,</span> <span class='ocrx_word' id='word_1_501' title='bbox 2051 5412 2115 5479; x_wconf 86' lang='lat' dir='ltr'>ut</span> <span class='ocrx_word' id='word_1_502' title='bbox 2149 5408 2247 5479; x_wconf 84' lang='lat' dir='ltr'>Ida</span> <span class='ocrx_word' id='word_1_503' title='bbox 2276 5424 2342 5461; x_wconf 86' lang='lat' dir='ltr'><strong>ex</strong></span> <span class='ocrx_word' id='word_1_504' title='bbox 2375 5406 2654 5479; x_wconf 83' lang='lat' dir='ltr'>Hispania</span> <span class='ocrx_word' id='word_1_505' title='bbox 2682 5422 2784 5479; x_wconf 87' lang='lat' dir='ltr'>per</span> <span class='ocrx_word' id='word_1_506' title='bbox 2811 5404 3182 5479; x_wconf 79' lang='lat' dir='ltr'>0smundum</span> <span class='ocrx_word' id='word_1_507' title='bbox 3213 5407 3554 5479; x_wconf 70' lang='lat' dir='ltr'>episcopum</span> <span class='ocrx_word' id='word_1_508' title='bbox 3585 5404 3745 5479; x_wconf 59' lang='lat' dir='ltr'>obti-</span> 
     </span>
    </p>
   </div>
   <div class='ocr_carea' id='block_1_76' title="bbox 335 5475 3742 5554">
    <p class='ocr_par' dir='ltr' id='par_1_76' title="bbox 335 5475 3742 5554">
     <span class='ocr_line' id='line_1_76' title="bbox 335 5475 3742 5554; baseline -0.001 -17"><span class='ocrx_word' id='word_1_509' title='bbox 335 5480 541 5554; x_wconf 68' lang='lat' dir='ltr'>nuerit</span> <span class='ocrx_word' id='word_1_510' title='bbox 561 5480 801 5554; x_wconf 89' lang='lat' dir='ltr'>capillos</span> <span class='ocrx_word' id='word_1_511' title='bbox 832 5482 1012 5554; x_wconf 75' lang='lat' dir='ltr'>beatae</span> <span class='ocrx_word' id='word_1_512' title='bbox 1043 5475 1264 5554; x_wconf 44' lang='lat' dir='ltr'>Marica.</span> <span class='ocrx_word' id='word_1_513' title='bbox 1284 5479 1357 5554; x_wconf 83' lang='lat' dir='ltr'>de</span> <span class='ocrx_word' id='word_1_514' title='bbox 1387 5480 1602 5554; x_wconf 73' lang='lat' dir='ltr'>quibus</span> <span class='ocrx_word' id='word_1_515' title='bbox 1633 5478 1691 5532; x_wconf 88' lang='lat' dir='ltr'>in</span> <span class='ocrx_word' id='word_1_516' title='bbox 1718 5479 1831 5554; x_wconf 83' lang='lat' dir='ltr'>hac</span> <span class='ocrx_word' id='word_1_517' title='bbox 1858 5475 2106 5552; x_wconf 82' lang='lat' dir='ltr'>epistola</span> <span class='ocrx_word' id='word_1_518' title='bbox 2139 5478 2350 5554; x_wconf 86' lang='lat' dir='ltr'>agitur.</span> <span class='ocrx_word' id='word_1_519' title='bbox 2386 5475 2533 5553; x_wconf 78' lang='lat' dir='ltr'>Lege</span> <span class='ocrx_word' id='word_1_520' title='bbox 2562 5475 2846 5535; x_wconf 84' lang='lat' dir='ltr'>Jacobum</span> <span class='ocrx_word' id='word_1_521' title='bbox 2880 5475 3283 5536; x_wconf 80' lang='lat' dir='ltr'>Malbrancum</span> <span class='ocrx_word' id='word_1_522' title='bbox 3315 5479 3377 5534; x_wconf 90' lang='lat' dir='ltr'>in</span> <span class='ocrx_word' id='word_1_523' title='bbox 3405 5475 3626 5535; x_wconf 56' lang='lat' dir='ltr'>[ibam</span> <span class='ocrx_word' id='word_1_524' title='bbox 3656 5475 3742 5535; x_wconf 82' lang='lat' dir='ltr'>De</span> 
     </span>
    </p>
   </div>
   <div class='ocr_carea' id='block_1_77' title="bbox 335 5549 1753 5628">
    <p class='ocr_par' dir='ltr' id='par_1_77' title="bbox 335 5549 1753 5628">
     <span class='ocr_line' id='line_1_77' title="bbox 335 5549 1753 5628; baseline -0.004 -14"><span class='ocrx_word' id='word_1_525' title='bbox 335 5550 598 5614; x_wconf 86' lang='lat' dir='ltr'>Morinis.</span> <span class='ocrx_word' id='word_1_526' title='bbox 631 5549 757 5628; x_wconf 77' lang='lat' dir='ltr'>cap.</span> <span class='ocrx_word' id='word_1_527' title='bbox 792 5555 879 5623; x_wconf 83' lang='grc'>48,</span> <span class='ocrx_word' id='word_1_528' title='bbox 914 5553 1013 5608; x_wconf 77' lang='lat' dir='ltr'>ubi</span> <span class='ocrx_word' id='word_1_529' title='bbox 1045 5551 1115 5607; x_wconf 91' lang='lat' dir='ltr'>de</span> <span class='ocrx_word' id='word_1_530' title='bbox 1142 5549 1397 5607; x_wconf 87' lang='lat' dir='ltr'>Ecclesia</span> <span class='ocrx_word' id='word_1_531' title='bbox 1429 5549 1753 5608; x_wconf 87' lang='lat' dir='ltr'>Lensiensi.</span> 
     </span>
    </p>
   </div>
  </div>
