4010 6078
399 287 406 292 ’
433 309 549 375 467

957 314 1058 377 AD
1104 313 1616 378 GODEFRIDUM
1659 311 1992 375 APPEND.
2037 307 2116 372 II.
2149 339 2228 354 —
2257 306 2572 371 MONUM.
2618 305 2720 370 DE
2763 307 3012 370 BELLO
3058 305 3334 369 SACRO.

3714 298 3839 364 468

433 463 633 504 earum
652 444 803 505 ﬁlias
823 447 1181 522 depraedatas
1209 448 1454 505 invicem
1481 446 1844 505 succedendo
1867 449 1930 501 ut
1957 443 2076 502 ani-
2101 441 2159 511 Α
2187 443 2469 500 auxilium
2500 442 2611 498 mei
2635 447 2692 499 et
2721 443 3049 500 Graecorum
3073 438 3561 507 Christianorum,
3584 437 3700 496 huc
3734 440 3842 496 de-

433 537 609 594 malia
638 531 1017 596 adulterando
1049 538 1627 596 deludunt.Aliivero
1653 535 2078 608 corrumpendo

431 629 681 700 turpiter
698 629 952 702 virgines
971 634 1241 685 statuunt
1262 633 1396 683 ante
1419 627 1595 683 facies
1615 643 1818 681 earum
1841 629 2077 690 matres,

431 717 844 789 compellantes
876 735 973 773 eas
1005 719 1257 774 nefarias
1307 721 1364 772 et
1409 714 1740 771 luxuriosas
1772 716 2081 769 decantare

432 806 966 874 cantilenas,donec
988 806 1319 879 compleant
1339 809 1539 877 stupra
1563 803 1691 877 ipsa
1712 821 1819 858 sua
1837 803 2078 860 nefaria.

435 895 528 951 Sic
559 895 714 952 enim
746 895 995 970 legimus
1033 901 1228 952 actum
1259 896 1317 950 in
1350 893 1450 950 Dei
1483 892 1698 966 populo
1731 892 2080 966 antiquitus,

435 983 651 1055 quibus
681 985 845 1057 impii
881 985 1177 1058 Babylonii
1213 989 1342 1056 post
1373 983 1600 1038 diversa
1631 982 1895 1038 delubria
1925 983 2083 1038 deri-

437 1073 627 1130 dendo
659 1074 930 1129 dicebant
960 1091 972 1128 :
1007 1076 1282 1145 Hymnum
1323 1079 1534 1127 cantate
1579 1074 1735 1126 nobis
1765 1071 1830 1126 de
1857 1073 2084 1126 canticis

437 1163 570 1219 Sion
599 1163 769 1231 (Psal.
802 1180 1021 1231 cxxxvr,
1047 1165 1119 1230 3).
1149 1162 1242 1218 Sic
1273 1165 1330 1217 et
1361 1161 1418 1216 in
1452 1166 1655 1234 stupro
1687 1160 1938 1216 filiarum
1960 1178 2082 1215 ma-

439 1256 556 1307 tres
585 1251 942 1324 compellunt
971 1269 1124 1307 nunc
1173 1256 1405 1307 cantare
1457 1250 1781 1306 cantilenas
1810 1250 2083 1322 nefarias,

438 1358 688 1413 quarum
711 1357 879 1396 voces
909 1357 1019 1396 non
1053 1341 1420 1407 cantum,sed
1456 1339 1736 1412 magis,ut
1768 1338 2081 1405 credimus,

438 1429 571 1502 plus
595 1435 870 1483 resonant
893 1428 1377 1501 planctum,sicut
1398 1426 1682 1499 scriptum
1705 1431 1794 1482 est
1817 1427 1874 1481 in
1903 1431 2088 1482 morte

438 1518 838 1573 innocentium
873 1535 886 1574 :
926 1523 1042 1573 Vox
1080 1519 1138 1572 in
1192 1517 1361 1572 Rama
1393 1516 1584 1572 audita
1631 1524 1730 1582 est,
1758 1517 2007 1588 ploratus
2037 1524 2087 1572 et

437 1609 682 1663 ululatus
711 1608 913 1663 multus
945 1626 962 1662 :
991 1607 1186 1662 Rachel
1207 1607 1433 1679 plorans
1459 1607 1604 1677 ﬁlios
1633 1622 1779 1672 suos,
1811 1613 1864 1661 et
1906 1606 2087 1662 noluit

436 1687 723 1753 consolari
766 1699 896 1768 quia
938 1713 1049 1752 non
1089 1705 1219 1751 sunt
1265 1697 1485 1762 (Matth.
1525 1712 1582 1760 II,
1631 1697 1739 1763 18).
1793 1695 1902 1750 Sed
1953 1695 2090 1752 licet

2188 535 2455 599 ducas,et
2480 533 2634 590 sicut
2655 531 2933 588 Galiciam
2958 535 3015 588 et
3033 535 3238 588 caetera
3253 528 3714 587 Occidentalium
3747 547 3842 586 re-

2189 642 2305 698 gna
2327 642 2478 680 anno
2503 623 2790 696 praeterito
2813 639 2846 676 a
2859 623 3004 693 jugo
3028 637 3387 694 paganorum
3402 618 3842 693 aliquantulum

2190 713 2689 778 liberaverunt,ita
2717 717 2774 766 et
2804 728 2960 766 nunc
2987 711 3060 766 ob
3083 709 3328 765 salutem
3355 709 3686 764 animarum
3711 725 3850 764 sua-

2191 821 2322 859 rum
2355 819 2601 875 regnum
2637 803 2966 857 Graecorum
2999 799 3247 855 liberare
3280 803 3522 868 tentent,
3557 798 3847 871 quoniam

2191 909 2316 965 ego,
2334 890 2602 964 quamvis
2635 891 2969 964 imperator,
2997 887 3227 945 nullum
3258 893 3457 944 tamen
3485 887 3628 943 mihi
3663 904 3850 944 reme-

2192 983 2377 1046 dium,
2403 998 2590 1054 neque
2620 981 2894 1036 idoneum
2936 977 3250 1034 consilium
3282 977 3401 1033 scio
3436 976 3712 1042 invenire,
3737 977 3844 1033 sed

2193 1089 2425 1144 semper
2443 1088 2476 1125 a
2499 1069 2642 1126 facie
2665 1071 2985 1125 Turcorum
3011 1072 3068 1122 et
3091 1068 3530 1123 Pinemacorum
3554 1068 3632 1134 (3)
3656 1065 3844 1140 fugio,

2193 1167 2250 1218 et
2270 1161 2474 1216 tandiu
2499 1160 2557 1214 in
2576 1157 2807 1232 singula
2829 1157 3061 1214 civitate
3086 1156 3502 1224 maneo,donec
3525 1156 3847 1212 adventum

2192 1268 2394 1308 eorum
2414 1265 2590 1322 prope
2611 1248 2818 1304 sentio.
2834 1249 2904 1303 Et
2935 1246 3144 1303 melius
3165 1247 3466 1318 subjectus
3485 1262 3613 1302 esse
3633 1245 3849 1302 vestris

2196 1339 2418 1396 Latinis
2435 1337 2607 1411 cupio
2629 1355 2807 1410 quam
2831 1353 3192 1410 paganorum
3206 1334 3666 1408 delubriis.Ergo
3688 1339 3853 1391 ante-

2196 1446 2372 1501 quam
2397 1428 2661 1500 capiatur
2681 1427 2752 1482 ab
2776 1426 2860 1483 eis
2882 1424 3438 1497 Constantinopolis,
3456 1429 3676 1480 certare
3703 1423 3852 1480 totis

2193 1518 2416 1574 viribus
2447 1517 2698 1573 maxime
2728 1515 3046 1583 debetis,ut
3074 1513 3388 1588 gloriosam
3411 1518 3468 1570 et
3489 1513 3852 1570 ineffabilem

2197 1608 2522 1664 mercedem
2545 1607 2604 1662 in
2627 1604 2769 1662 coelo
2791 1605 3111 1679 gaudentes
3135 1603 3450 1677 recipiatis.
3469 1604 3615 1660 Nam
3634 1602 3854 1661 melius

2195 1703 2284 1754 est
2314 1702 2376 1752 ut
2402 1713 2501 1752 vos
2532 1695 2799 1751 habeatis
2823 1693 3386 1766 Constantinopolim
3409 1710 3585 1766 quam
3608 1693 3850 1768 pagani,

438 1791 654 1842 matres
685 1785 1107 1850 innocentium,
1142 1802 1268 1856 qua:
1317 1800 1421 1855 per
1469 1782 1682 1838 Rachel
1733 1784 2084 1856 figurantur,
2120 1819 2169 1886 B
2199 1786 2339 1859 quia
2366 1786 2426 1840 in
2449 1802 2517 1840 ea
2541 1785 2832 1840 habentur
2853 1782 3284 1856 pretiosissimae
3309 1781 3566 1855 reliquiae
3589 1781 3851 1852 Domini,

438 1891 553 1930 non
585 1874 872 1930 valuerint
901 1873 1186 1929 consolari
1219 1891 1323 1946 pro
1357 1877 1539 1929 morte
1585 1872 1860 1940 filiorum,
1891 1872 2088 1929 value-

440 1967 573 2019 runt
609 1967 802 2020 tamen
849 1962 1135 2019 consolari
1191 1979 1290 2034 pro
1343 1961 1530 2018 salute
1573 1961 1926 2018 animarum.
1962 1963 2090 2018 Ista:

442 2057 638 2107 tamen
671 2050 1026 2118 nullatenus,
1051 2052 1205 2123 quod
1235 2050 1844 2122 pejus_est,consolari
1875 2049 2090 2117 valent,

443 2140 580 2212 quia
609 2146 666 2196 et
697 2141 754 2195 in
789 2140 1130 2211 corporibus
1161 2144 1219 2194 et
1247 2139 1305 2193 in
1338 2139 1650 2194 animabus
1680 2146 1942 2211 pereunt.
1978 2139 2090 2195 Sed

442 2229 582 2301 quid
615 2228 844 2284 adhuc?
869 2227 1188 2283 Veniamus
1219 2228 1288 2282 ad
1323 2227 1629 2282 deteriora.
1666 2228 1873 2302 Totius
1907 2226 2092 2284 anatis

441 2321 498 2374 et
527 2316 748 2374 ordinis
777 2315 950 2382 viros,
983 2316 1042 2371 id
1073 2320 1160 2372 est
1211 2333 1443 2388 pueros,
1477 2314 1897 2383 adolescentes,
1925 2317 2089 2388 juve-

442 2424 566 2463 nes.
593 2423 782 2473 senes,
816 2405 1061 2474 nobiles,
1095 2423 1311 2472 servos,
1335 2410 1410 2472 et,
1433 2405 1584 2477 quod
1622 2407 1790 2476 pejus
1821 2411 1878 2461 et
1904 2404 2094 2477 impu-

440 2495 673 2552 dentius
703 2499 812 2564 est,
845 2494 1086 2550 clericos
1117 2499 1174 2550 et
1201 2493 1542 2560 monachos,
1577 2499 1634 2550 et
1666 2493 1777 2550 heu
1811 2494 1956 2567 proh
1989 2495 2090 2549 do-

439 2583 554 2640 lor!
591 2587 647 2639 et
677 2601 793 2655 quo
826 2585 897 2640 ab
929 2583 1098 2639 initio
1147 2600 1262 2638 non
1311 2583 1534 2638 dictum
1585 2599 1774 2656 neque
1824 2583 2092 2640 auditum

440 2672 858 2746 est,episcopos
879 2671 1233 2728 Sodomitico
1258 2677 1492 2744 peccato
1524 2671 1894 2745 deludunt,et
1914 2672 2091 2729 etiam

443 2779 628 2818 unum
657 2761 994 2834 episcopum
1027 2762 1136 2816 sub
1167 2761 1276 2816 hoc
1299 2761 1517 2816 nefario
1551 2766 1784 2834 peccato
1813 2763 1940 2833 jam
1963 2778 2092 2818 cre-

444 2857 716 2924 puerunt.
753 2851 903 2906 Loca
930 2867 1064 2905 vero
1094 2856 1297 2905 sancta
1340 2849 1870 2905 innumerabilibus
1901 2849 2092 2906 modis

445 2939 848 2996 contaminant
876 2944 932 2994 et
960 2939 1289 3006 destruunt,
1324 2943 1380 2994 et
1411 2940 1609 3011 pejora
1639 2939 1724 2994 eis
1769 2939 2088 2995 minantur.

445 3030 516 3085 Et
546 3030 616 3084 ad
650 3029 769 3084 haec
799 3028 931 3100 quis
963 3045 1078 3084 non
1110 3027 1376 3101 plangit?
1399 3027 1538 3094 Quis
1571 3045 1684 3083 non
1702 3027 2094 3100 compatitur?

447 3119 586 3185 Quis
617 3135 731 3174 non
782 3117 1013 3173 horret?
1043 3116 1182 3184 Quis
1233 3133 1349 3172 non
1400 3117 1568 3172 orat?
1599 3116 1744 3172 Nam
1798 3134 1943 3190 pene
1971 3121 2093 3172 tota

2201 1876 2256 1930 id
2290 1879 2378 1930 est
2410 1878 2604 1930 statua
2636 1874 2708 1929 ad
2742 1889 2918 1945 quam
2954 1872 3062 1927 fuit
3088 1871 3326 1946 ligatus,
3361 1870 3658 1945 ﬂagellum
3689 1871 3851 1926 unde

2201 1964 2309 2019 fuit
2331 1962 2680 2036 flagellatus,
2699 1961 2961 2034 chlamys
2991 1960 3258 2017 coccinea
3297 1977 3414 2033 qua
3439 1959 3548 2016 fuit
3577 1959 3849 2029 indutus,

2199 2070 2413 2108 corona
2433 2053 2638 2124 spinea
2660 2068 2778 2122 qua
2805 2051 2913 2106 fuit
2932 2055 3262 2117 coronatus,
3279 2050 3502 2106 arundo
3524 2066 3703 2122 quam
3723 2049 3854 2106 vice

2199 2141 2410 2214 sceptri
2443 2141 2718 2196 manibus
2747 2140 2900 2208 tulit,
2932 2139 3279 2195 vestimenta
3304 2139 3519 2211 quibus
3551 2144 3685 2194 ante
3715 2155 3853 2195 cru-

2201 2248 2326 2286 cem
2349 2229 2632 2303 spoliatus
2655 2229 2782 2296 fuit,
2807 2246 2941 2301 pars
2966 2228 3219 2284 maxima
3264 2227 3406 2300 ligni
3430 2228 3620 2284 crucis
3641 2226 3699 2283 in
3730 2245 3856 2300 qua

2202 2319 2515 2376 crucifixus
2547 2319 2678 2390 fuit,
2696 2317 2842 2374 clavi
2875 2317 3090 2390 qulbus
3119 2318 3330 2374 afﬁxus
3361 2317 3858 2386 fuit,linteamina

2199 2413 2332 2482 post
2377 2407 2859 2464 resurrectionem
2889 2406 2950 2462 in
2983 2407 3250 2480 sepulcro
3278 2406 3854 2473 inventa,duodecim

2201 2497 2436 2571 cophini
2470 2499 2931 2570 fragmentorum
2961 2497 3032 2553 de
3062 2496 3323 2569 quinque
3353 2496 3604 2570 panibus
3625 2501 3682 2553 et
3703 2496 3854 2552 duo-

2202 2588 2314 2644 bus
2345 2586 2627 2660 piscibus,
2659 2589 2834 2659 caput
2862 2603 2996 2642 cum
3018 2585 3246 2659 capillis
3279 2585 3573 2660 integrum
3595 2589 3652 2642 et
3668 2585 3858 2641 barba

2203 2675 2388 2732 sancti
2411 2675 2657 2732 Joannis
2679 2675 2970 2748 Baptistae,
2991 2674 3248 2747 reliquiae
3269 2673 3358 2731 vel
3379 2691 3622 2748 corpora
3642 2673 3858 2730 multo-

2202 2783 2331 2820 rum
2356 2764 2690 2820 innocentiu
2702 2765 3175 2837 m,quorumdam
3199 2764 3702 2843 prophetarum,et
3717 2780 3855 2836 apo-

2202 2855 2508 2921 stolorum,
2541 2860 2597 2910 et
2625 2858 3038 2927 martyrum,et
3069 2853 3320 2908 maxime
3349 2854 3536 2909 sancti
3568 2852 3853 2926 Stephani

2202 2943 2665 3017 protomartyris,
2698 2947 2757 2998 et
2787 2944 3184 2999 confessorum
3217 2946 3272 2998 et
3295 2941 3752 3016 virginumque
3773 2943 3850 3000 ob

2203 3031 2451 3088 nimium
2476 3031 2903 3088 incrementum
2931 3031 3305 3105 singulariter
3319 3031 3572 3088 scribere
3595 3031 3856 3087 intermi-

2203 3121 2409 3177 simus.
2429 3124 2562 3188 Quae
2593 3126 2788 3176 tamen
2813 3121 3010 3176 omnia
3031 3119 3305 3193 praedicta
3323 3119 3640 3176 Christiani
3661 3121 3854 3192 magis

443 3212 600 3262 terra
629 3207 700 3262 ab
729 3205 1052 3261 Jerusalem
1086 3223 1270 3277 usque
1303 3204 1602 3271 Graeciam,
1635 3211 1690 3261 et
1720 3211 1841 3260 tota
1878 3205 2096 3262 Grzecia
2123 3185 2167 3254 (ἶ
2205 3229 2382 3284 quam
2413 3209 2619 3284 pagani
2657 3211 2868 3266 habere
2898 3211 3130 3276 debent,
3153 3213 3210 3266 et
3239 3210 3540 3265 munimen
3570 3226 3851 3283 magnum

445 3313 579 3352 cum
606 3295 729 3351 suis
760 3294 1094 3368 regionibus
1125 3295 1529 3368 superioribus
1556 3311 1681 3366 quas
1712 3299 1852 3350 sunt
1869 3295 2093 3368 Cappa-

446 3385 616 3442 docia
645 3384 855 3453 minor,
881 3383 994 3439 alia
1017 3385 1224 3454 major,
1251 3383 1499 3456 Phrygia
1528 3386 1585 3439 et
1615 3382 1881 3456 Bithynia
1909 3389 1967 3439 et
1990 3385 2094 3439 mi-

448 3490 552 3529 nor
584 3472 851 3545 Phrygia,
884 3473 943 3527 id
974 3477 1064 3527 est
1087 3473 1279 3542 Troja,
1312 3476 1588 3536 Pontum,
1622 3471 1866 3540 Galatia,
1893 3471 2089 3545 Libya,

445 3560 808 3634 Pamphylia,
843 3561 1086 3625 Isauria,
1139 3560 1310 3632 Lycia
1366 3565 1422 3616 et
1477 3560 1682 3616 insulae
1742 3560 2093 3633 principales

444 3650 712 3716 Chios,et
742 3648 1011 3716 Militina,
1026 3654 1083 3704 et
1113 3648 1310 3705 multis
1342 3648 1467 3704 alia
1499 3649 1765 3722 regiones
1787 3655 1844 3706 et
1865 3649 2093 3717 insulae,

446 3755 594 3812 quas
634 3755 750 3794 non
796 3737 1059 3794 valemus
1090 3738 1262 3794 modo
1294 3754 1656 3815 enumerare,
1693 3755 1879 3811 usque
1909 3738 2095 3796 Thra-

448 3827 587 3896 cias,
621 3828 692 3883 ab
722 3826 805 3883 eis
827 3828 952 3898 jam
980 3826 1194 3882 invasa:
1227 3831 1388 3897 sunt,
1415 3831 1472 3882 et
1501 3827 1618 3883 fere
1653 3829 1781 3898 jam
1829 3827 1973 3882 nihil
2004 3845 2093 3884 rc-

451 3917 688 3983 mansit,
713 3916 824 3971 nisi
857 3914 1410 3987 Constantinopolis,
1445 3933 1621 3988 quam
1653 3915 1768 3989 ipsi
1799 3916 2098 3974 minantur

452 4005 734 4062 citissime
752 4004 921 4059 nobis
943 4003 1306 4070 auterre,nisi
1327 4003 1609 4060 auxilium
1633 4004 1732 4060 Dei
1753 4009 1813 4060 et
1833 4005 2095 4062 fidelium

451 4094 528 4150 Ch
538 4092 912 4149 ristianorum
932 4091 1270 4148 Latinorum
1290 4091 1563 4149 velociter
1582 4093 1932 4150 subvenerit.
1949 4095 2095 4153 Nam

451 4186 509 4239 et
538 4181 969 4254 Propontidem,
991 4181 1088 4253 qui
1121 4187 1179 4237 et
1209 4182 1416 4238 Aridus
1449 4181 1682 4254 dicitur,
1715 4187 1772 4238 et
1817 4200 1886 4240 ex
1915 4184 2095 4242 Ponto

441 4273 614 4345 juxta
641 4271 907 4327 eamdem
939 4270 1500 4344 Constantinopolim
1530 4272 1590 4327 in
1622 4289 1782 4329 mare
1816 4273 2094 4348 Magnum

450 4359 724 4428 decurrit,
761 4377 894 4416 cum
944 4361 1212 4416 ducentis
1261 4361 1507 4417 navibus
1555 4360 1914 4430 invaserunt,
1947 4381 2095 4436 quas

451 4449 629 4506 GPtBCl
661 4450 732 4505 ab
756 4449 839 4506 eis
861 4449 1100 4522 praedati
1124 4449 1574 4518 fabricaverunt,
1607 4454 1663 4507 et
1693 4451 1975 4524 remigiis,
2008 4469 2097 4508 ve-

2202 3301 2312 3358 erit
2343 3300 2617 3356 omnibus
2644 3298 3012 3367 Christianis,
3039 3299 3086 3354 si
3128 3299 3250 3354 haec
3279 3298 3478 3355 omnia
3505 3297 3852 3367 habuerint;

2202 3389 2621 3446 detrimentum
2655 3387 3258 3459 vcro_etjudicium,si
3292 3387 3851 3460 pcrdidcrint.Quod

2204 3479 2252 3534 si
2285 3479 2359 3534 ob
2391 3477 2500 3532 hoc
2531 3482 2752 3532 certare
2783 3476 3100 3542 noluerint,
3124 3481 3180 3532 et
3210 3493 3419 3531 aurum
3469 3475 3659 3550 magis
3689 3493 3855 3532 ama-

2202 3568 2408 3632 verint,
2443 3567 2502 3622 in
2533 3584 2598 3622 ea
2649 3566 2784 3639 plus
2830 3565 3136 3621 inveniunt
3184 3582 3392 3621 aurum
3433 3582 3610 3638 qnam
3638 3565 3698 3620 in
3729 3570 3854 3622 toto

2205 3656 2445 3713 mundo.
2463 3656 2607 3712 Nam
2631 3655 2738 3712 soli
2759 3654 3022 3711 thesauri
3045 3653 3422 3712 ecclesiarum
3445 3654 3852 3711 Constantino-

2204 3745 2354 3819 polis
2376 3745 2439 3804 in
2459 3749 2893 3817 argento,auro,
2907 3743 3156 3817 gemmis
3177 3747 3235 3800 et
3257 3742 3554 3816 lapidibus
3578 3743 3854 3817 pretiosis

2203 3840 2262 3891 et
2311 3834 2522 3907 pannis
2570 3833 2792 3902 sericis,
2828 3833 2884 3888 id
2941 3838 3030 3888 est
3076 3831 3292 3906 palliis,
3325 3833 3592 3890 sufficere
3623 3833 3855 3906 possint

2203 3923 2477 3979 omnibus
2509 3921 2714 3978 mundi
2744 3921 3032 3990 ecclesiis;
3065 3937 3210 3994 quos
3239 3926 3433 3978 tamen
3473 3937 3679 3978 omnes
3721 3922 3852 3980 the-

2203 4029 2411 4068 sauros
2440 4009 2924 4067 inasstimabiliter
2952 4011 3267 4066 thesaurus
3315 4009 3522 4067 matris
3569 4010 3848 4080 ecclesia,

2204 4100 2426 4158 scilicet
2456 4101 2679 4157 Sanctae
2701 4099 2950 4172 Sophim,
2976 4099 3032 4154 id
3080 4104 3170 4155 est
3198 4099 3299 4156 Dei
3332 4098 3653 4173 sapientiae,
3675 4116 3853 4173 supe-

2205 4195 2312 4258 rat,
2348 4195 2404 4248 et
2449 4191 2671 4263 absque
2719 4189 2897 4246 dubio
2945 4189 3218 4245 thesauro
3267 4189 3470 4263 templi
3519 4188 3852 4248 Salomonis

2204 4279 2490 4353 coaequari
2523 4283 2731 4352 potest.
2767 4278 2915 4345 Quid
2958 4278 3170 4335 iterum
3203 4278 3274 4335 de
3303 4277 3530 4334 infinito
3563 4278 3852 4336 nobilium

2205 4369 2480 4426 thesauro
2511 4367 2726 4436 dicam,
2750 4383 2884 4423 cum
2916 4367 3260 4424 thesaurum
3281 4366 3709 4440 negotiatorum
3729 4385 3856 4424 rus-

2201 4458 2451 4515 ticorum
2500 4474 2670 4514 nemo
2716 4455 3006 4513 aestimare
3035 4457 3257 4530 possit?
3277 4457 3424 4524 Quid
3454 4456 3750 4515 invenitur
3787 4457 3850 4516 in

449 4538 560 4594 lint
591 4537 798 4606 nolint,
831 4538 1146 4605 deducunt,
1179 4543 1236 4594 et
1267 4538 1568 4594 minantur
1593 4543 1714 4595 tam
1746 4557 1850 4612 per
1878 4545 2092 4598 terram
2123 4556 2170 4620 D
2204 4546 3061 4621 praeteritorumimperatorum
3074 4545 3409 4603 thesauris?
3429 4550 3538 4603 Pro
3551 4551 3708 4604 certo
3721 4547 3852 4606 dico

451 4644 626 4700 quam
660 4643 763 4699 per
792 4627 1057 4682 eamdem
1091 4627 2092 4702 PropontidemConstantinopolim,

450 4723 515 4773 ut
545 4716 821 4784 diximus,
850 4715 1122 4773 velociter
1142 4733 1367 4788 capere.
1403 4717 1529 4772 llaec
1584 4734 1771 4791 pauca
1817 4720 1889 4775 de
1921 4719 2096 4776 innu-

448 4805 829 4862 merabilibus
860 4804 1052 4874 malis,
1087 4822 1214 4877 qua
1247 4805 1366 4861 haec
1396 4804 1749 4878 impiissima
1793 4824 1936 4882 gens
1976 4809 2096 4883 agit

448 4893 704 4950 diximus
736 4899 793 4950 et
823 4893 1169 4965 scripsimus
1216 4894 1346 4960 tibi,
1378 4911 1574 4952 comes
1624 4893 2092 4966 Flandrensium,

448 4981 791 5038 Christianae
819 4981 950 5038 ﬁdei
983 4988 1226 5038 amator.
1261 4983 1479 5039 Caatera
1507 5001 1639 5041 vero
1671 4985 1744 5040 ob
1791 4985 2093 5044 fastidium

447 5069 763 5143 legentium
799 5070 1190 5127 dimittamus.

522 5159 709 5231 Igitur
737 5176 840 5230 pro
872 5159 972 5214 Dei
1003 5160 1240 5215 nomine
1270 5165 1328 5216 et
1348 5177 1452 5233 pro
1475 5162 1740 5218 omnium
1765 5165 2093 5221 Graecorum

406 5286 414 5293 -
448 5247 908 5304 Christianorum
934 5247 1145 5318 pietate
1166 5255 1536 5322 rogamus,ut
1559 5269 1940 5325 quoscunque
1962 5254 2096 5311 fide-

448 5335 553 5403 les,
587 5335 799 5392 Christi
825 5335 1288 5404 bellatores,tam
1322 5339 1575 5410 majores
1606 5357 1782 5413 quam
1815 5341 2092 5412 minores,

447 5443 579 5481 cum
614 5423 1004 5481 mediocribus
1036 5424 1094 5479 in
1127 5431 1280 5482 terra
1308 5431 1410 5482 tua
1442 5428 1739 5501 acquirere
1772 5432 1989 5503 poteris
2022 5433 2094 5488 ad

515 5586 588 5656 (3)
618 5585 727 5651 Al.,
757 5585 1198 5646 Pincinatorum.

2205 4655 2322 4694 non
2353 4637 2464 4692 erit
2489 4635 2692 4709 lingua
2711 4653 2839 4708 qua:
2868 4635 3037 4691 illum
3061 4635 3301 4692 recitare
3328 4633 3544 4705 valeat;
3571 4635 3850 4709 quoniam

2203 4743 2319 4784 non
2336 4724 2525 4782 solum
2541 4723 3321 4797 Constantinopolitanorum
3332 4723 3753 4798 imperatorum
3768 4725 3852 4782 ibi

2201 4815 2517 4872 thesaurus
2545 4813 2814 4879 habetur,
2837 4813 2939 4869 sed
2968 4813 3145 4869 etiam
3174 4813 3440 4870 omnium
3471 4813 3851 4887 antiquorum

2205 4905 2602 4960 Romanorum
2632 4902 3051 4975 imperatorum
3074 4901 3386 4958 thesaurus
3414 4902 3494 4958 ibi
3524 4907 3615 4960 est
3657 4909 3850 4961 trans-

2203 4992 2382 5060 latus,
2413 4998 2470 5048 et
2499 4992 2558 5048 in
2591 4990 2823 5065 palatiis
2855 4991 3256 5048 absconditus.
3288 4992 3437 5059 Quid
3476 4991 3732 5066 amplius
3762 4993 3850 5050 di-

2204 5082 2372 5138 eam?
2401 5082 2563 5149 Quod
2595 5086 2748 5137 certe
2798 5085 2958 5152 patet
2985 5079 3172 5138 oculis
3202 5081 3533 5148 hominum,
3564 5079 3711 5137 nihil
3761 5087 3852 5139 est

2205 5176 2492 5244 quantum
2522 5171 2593 5226 ad
2623 5169 2767 5226 illud
2813 5169 3245 5227 absconditum.
3281 5170 3504 5227 Currite
3534 5188 3670 5245 ergo
3715 5189 3849 5227 cum

2202 5266 2325 5316 tota
2342 5265 2516 5334 gente
2547 5265 2758 5326 vestra,
2774 5263 2832 5315 et
2853 5258 3125 5315 omnibus
3144 5259 3355 5317 vestris
3371 5259 3593 5316 viribus
3613 5265 3848 5329 certate,

2206 5368 2278 5405 ne
2303 5349 2437 5406 talis
2459 5349 2772 5406 thesaurus
2794 5348 2853 5404 in
2878 5348 3152 5404 manibus
3164 5350 3486 5406 Turcorum
3513 5353 3570 5406 et
3591 5349 3854 5406 Pincina-

2203 5444 2398 5495 torum
2430 5440 2618 5506 cadat,
2646 5438 2786 5511 quia
2816 5454 2950 5494 cum
2985 5437 3104 5494 sint
3137 5437 3387 5514 inﬁnita,
3413 5437 3604 5495 adhuc
3627 5455 3693 5494 ιιι
3725 5437 3853 5495 mil-
