4010 6078
378 244 498 313 473

910 249 1013 314 AD
1058 236 1575 319 GODEFRIDUM
1619 252 1949 316 APPEND.
1996 251 2070 315 ll.
2107 283 2185 298 -
2215 247 2525 316 MONUM.
2572 250 2675 315 DE
2717 248 2966 315 BELLO
3009 248 3286 316 SAcno.

3664 248 3787 316 4⁸76

379 390 538 445 runt.
571 383 769 443 Tertia
795 383 890 443 die
920 383 1247 453 castellum,
1268 386 1422 459 quod
1454 390 1655 443 contra
1683 384 2028 441 Antiochen-
2053 386 2109 454 Α
2139 381 2500 456 mati,parati
2518 382 2593 440 ad
2617 381 3147 457 praelium,portam
3169 382 3388 458 egressi
3410 384 3792 459 sunt.Egres-

377 492 471 532 ses
497 475 883 547 firmavimus,
907 475 1345 549 aggrediuntur.
1374 477 1485 532 Sed
1517 475 1599 530 nil
1630 475 2019 548 profecerunt.

378 563 691 638 Rogerium
709 569 907 621 tamen
925 564 1308 621 castellanum
1331 564 1537 621 insulae
1557 564 2019 632 vulneraverunt,

376 654 531 711 unde
553 659 823 711 mortuus
852 658 960 711 est.
982 654 1257 711 Videntes
1290 653 1427 727 quia
1455 671 1523 709 ex
1553 653 1653 709 illa
1684 659 1847 726 parte
1878 650 2025 708 nihil

374 744 741 817 proﬁcerent,
757 748 1035 799 montana
1051 743 1458 799 ascenderunt.
1480 743 1595 798 Nos
1611 748 1803 797 autem
1823 746 2027 798 contra

374 832 507 890 illos
536 831 777 906 egressi,
797 831 933 888 victi
964 849 1171 888 sumus
1202 832 1274 888 ab
1316 831 1433 888 illis
1465 836 1640 903 atque
1672 830 1877 904 fugati.
1908 830 2023 903 Ipsi

372 939 506 979 vero
523 920 830 979 nobiscum
848 938 1047 978 muros
1066 921 1335 995 ingressi,
1356 921 1524 977 illum
1546 920 1700 978 diem
1719 926 1775 977 et
1791 925 2024 978 noctem

374 1015 716 1085 sequentem
759 1010 1001 1067 insimul
1061 1012 1303 1081 fuimus,
1328 1010 1613 1066 distantes
1644 1011 1716 1066 ab
1773 1009 2022 1066 invicem

374 1100 546 1174 quasi
577 1116 694 1157 uno
724 1098 936 1172 lapidis
956 1101 1142 1173 jactu.
1169 1100 1447 1172 Sequenti
1480 1098 1574 1156 die
1606 1116 1815 1156 aurora
1844 1116 2023 1172 appa-

374 1192 554 1257 rente,
577 1187 714 1246 altis
732 1188 971 1245 vocibus
991 1187 1353 1261 Bapbometh
1377 1188 1813 1257 invocaverunt;
1838 1192 1896 1243 et
1916 1205 2022 1245 nos

373 1278 560 1335 Deum
618 1282 888 1336 nostrum
930 1277 992 1334 in
1042 1278 1317 1335 cordibus
1376 1277 1592 1334 nostris
1623 1278 2019 1351 deprecantes,

373 1368 660 1441 impetum
694 1367 968 1424 facientes
1002 1367 1062 1424 in
1092 1385 1212 1435 eos,
1236 1368 1306 1424 de
1337 1366 1523 1423 muris
1548 1366 1798 1423 civitatis
1819 1383 2022 1422 omnes

371 1456 726 1529 expulimus.
758 1458 841 1513 lbi
864 1463 1130 1515 mortuus
1150 1461 1241 1515 est
1271 1457 1553 1530 Rogerius
1578 1457 1650 1512 de
1682 1454 2025 1512 Bithiniaca-

370 1545 529 1603 villa.
554 1547 691 1621 Ipsa
717 1564 850 1605 vero
881 1551 1073 1604 castra
1102 1550 1419 1614 moventes,
1444 1550 1597 1603 totas
1619 1542 1867 1602 civitatis
1898 1562 2025 1618 por-

372 1641 466 1696 tas
489 1637 864 1707 obsederunt,
888 1636 960 1693 ad
986 1635 1371 1693 redditionem
1403 1634 1705 1709 cupientes
1733 1652 1840 1691 nos
1863 1651 2021 1691 com-

372 1726 585 1801 pellere
614 1724 814 1799 inOpia
843 1723 1049 1781 victus.

445 1814 655 1873 Positis
677 1831 813 1888 ergo
834 1813 895 1870 in
917 1818 1084 1870 tanta
1111 1812 1487 1870 tribulatione
1518 1811 1701 1870 servis
1722 1811 1847 1869 suis
1871 1812 2025 1868 Deus

373 1901 797 1961 auxiliatricem
829 1902 1124 1959 dexteram
1183 1919 1352 1959 suam
1408 1901 1681 1976 porrexit,
1726 1905 1783 1957 et
1831 1900 2028 1957 divina

374 1993 725 2051 revelatione
780 1991 1067 2060 lanceam,
1099 2008 1217 2064 qua
1256 1992 1614 2064 perforatum
1673 1992 1762 2046 est
1812 2006 2025 2063 corpus

373 2081 612 2150 Christi,
649 2080 1102 2138 misericorditer
1131 2079 1421 2136 revelavit.
1450 2078 1687 2135 Latebat
1736 2082 1933 2134 autem
1965 2078 2024 2134 in

373 2170 622 2228 ecclesia
650 2171 809 2227 Beati
842 2169 993 2227 Petri
1024 2170 1135 2226 sub
1168 2169 1496 2241 pavimento
1529 2167 1698 2241 quasi
1728 2168 1875 2223 duas
1907 2172 2025 2223 sta-

373 2264 539 2316 turas
559 2258 838 2319 hominis.
859 2260 1096 2315 Inventa
1115 2274 1252 2331 ergo
1275 2258 1387 2313 ista
1410 2258 1667 2331 pretiosa
1682 2257 2023 2329 margarita,

373 2365 473 2405 cor
501 2348 768 2405 omnium
798 2352 1135 2404 nostrorum
1167 2346 1398 2415 revixit;
1420 2351 1477 2402 et
1504 2345 1703 2419 vigilia
1734 2344 2025 2418 apostolo-

373 2454 506 2494 rum
537 2436 691 2494 Petri
722 2441 781 2493 et
810 2435 973 2493 Pauli
1004 2441 1237 2509 accepto
1270 2436 1424 2491 inter
1454 2452 1515 2491 se
1545 2433 1812 2500 consilio,
1844 2434 2025 2490 mise-

373 2530 513 2584 runt
543 2525 781 2583 nuntios
804 2526 877 2582 ad
900 2526 1212 2593 Corbaran,
1238 2524 1338 2597 qui
1361 2525 1616 2580 dicerent
1643 2523 1849 2597 :«|Hzec
1881 2523 2024 2579 dicit

372 2614 659 2673 exercitus
681 2613 915 2672 Domini
939 2630 953 2670 :
978 2614 1201 2671 Recede
1233 2630 1266 2669 a
1294 2613 1485 2684 nobis,
1509 2618 1567 2668 et
1591 2613 1663 2668 ab
1690 2611 2024 2668 haereditate

372 2704 527 2761 beati
553 2704 707 2761 Petri
736 2721 750 2760 :
774 2703 1034 2777 alioquin
1061 2702 1242 2759 armis
1272 2701 1625 2776 fugaberis.»
1648 2704 1770 2767 Quo
1802 2700 2021 2768 audito,

371 2793 666 2850 Corbaran
695 2792 998 2866 evaginato
1027 2791 1220 2864 gladio
1269 2791 1492 2863 juravit
1539 2807 1641 2862 per
1689 2806 1934 2863 regnum
1965 2793 2024 2845 et

371 2883 652 2940 thronum
674 2898 849 2938 suum
862 2881 1018 2954 quod
1033 2880 1370 2937 defenderet
1392 2896 1455 2936 se
1470 2879 1541 2935 de
1558 2878 1835 2935 omnibus
1853 2879 2024 2934 Fran-

370 2970 476 3041 cis,
499 2976 557 3029 et
585 2971 733 3028 dixit
761 2988 823 3027 se
852 2975 1069 3027 terram
1103 2969 1400 3043 possidere
1429 2968 1511 3025 et'
1525 2984 1759 3040 semper
1787 2984 2023 3041 posses-

2053 1764 2103 1832 B

2133 490 2236 530 sus
2284 478 2373 529 est
2420 473 2647 545 primus
2686 474 2952 528 omnium
2997 474 3162 547 Hugo
3196 474 3445 548 Magnus
3477 491 3612 530 cum
3662 474 3790 531 suis

2134 562 2391 618 Francis.
2410 561 2629 618 Deinde
2649 579 2844 619 comes
2863 562 3407 620 Nerthmannorum
3428 568 3605 637 atque
3624 563 3793 621 Flau-

2133 651 2381 708 drensis.
2407 652 2541 708 Post
2574 651 2718 708 istos
2738 653 3105 710 venerandus
3128 652 3439 727 episcopus
3462 652 3789 720 Podiensis,

2130 746 2189 797 et
2218 740 2369 797 acies
2402 740 2634 797 comitis
2666 741 2724 798 S.
2757 741 2990 815 Egidii.
3024 741 3162 799 Post
3209 741 3381 798 illum
3427 743 3790 799 Tancredus.

2131 830 2385 887 Ultimus
2425 829 2691 886 omnium
2733 831 3109 887 Boamundus
3147 829 3595 888 invictissimus.
3625 830 3792 889 Acie-

2132 919 2244 976 bus
2262 936 2397 993 ergo
2422 918 2730 989 ordinatis,
2752 918 2955 977 lancea
2979 919 3212 977 Domini
3238 924 3531 993 praeeunte
3551 925 3608 978 et
3629 920 3791 994 ligno

2131 1008 2453 1077 Dominico,
2483 1025 2617 1065 cum
2650 1007 2866 1065 ﬁducia
2896 1008 3153 1065 maxima
3179 1014 3483 1083 cceperunt
3510 1007 3787 1083 preliari,

2130 1098 2365 1171 Deoque
2383 1098 2629 1170 juvante
2652 1097 2958 1172 prmdictos
2986 1096 3283 1173 principes
3304 1100 3629 1156 Turcorum
3651 1115 3793 1156 con-

2130 1187 2295 1245 fusos
2319 1191 2376 1244 et
2395 1187 2635 1244 omnino
2655 1186 2838 1243 victos
2867 1186 2928 1244 in
2959 1187 3159 1261 fugam
3190 1191 3509 1258 verterunt,
3529 1192 3588 1246 et
3616 1187 3791 1244 innu-

2131 1294 2323 1333 meros
2352 1293 2553 1334 eorum
2579 1275 2937 1334 occiderunt.
2958 1276 3331 1335 Revertentes
3349 1277 3531 1351 igitur
3548 1293 3685 1335 cum
3703 1276 3790 1334 vi-

2131 1365 2333 1435 ctoria,
2352 1370 2550 1440 grates
2572 1366 2820 1423 Domino
2841 1365 3091 1439 egimus,
3110 1371 3169 1424 et
3195 1365 3630 1424 solemnitatem
3651 1383 3792 1440 apo-

2131 1454 2416 1512 stolorum
2434 1471 2570 1512 cum
2586 1453 2790 1512 lmtitia
2805 1454 3062 1511 maxima
3078 1454 3521 1513 celebravimus.
3537 1457 3672 1530 Ipsa
3691 1456 3789 1513 die

2132 1544 2427 1601 redditum
2449 1548 2539 1602 est
2560 1544 2729 1601 nobis
2750 1543 3079 1615 castellum,
3104 1544 3223 1602 filio
3255 1545 3410 1619 regis
3437 1544 3794 1603 Antiochen-

2132 1633 2215 1689 sis
2244 1650 2380 1689 cum
2401 1635 2694 1690 Corbaran
2714 1632 2775 1689 in
2806 1634 3005 1707 fugam
3026 1648 3215 1691 verso.
3241 1635 3369 1708 Ipse
3399 1652 3519 1701 rex,
3544 1634 3642 1692 die
3669 1650 3793 1708 qua

2133 1723 2360 1779 reddita
2398 1727 2489 1779 est
2529 1721 2754 1791 civitas,
2788 1723 3022 1797 fugiens
3052 1740 3086 1779 a
3116 1723 3353 1781 rusticis
3401 1724 3793 1799 interemptus

2133 1811 2323 1868 fuerat
2354 1810 2415 1867 in
2446 1810 2764 1869 montanis.

2205 1901 2335 1957 Haec
2355 1901 2571 1957 idcirco
2595 1900 3006 1958 mandavimus
3026 1906 3230 1959 vestra:
3254 1901 3611 1976 paternitati,
3632 1907 3699 1959 ut
3717 1902 3793 1961 de

2132 1989 2428 2063 ereptione
2449 1990 2917 2053 Christianorum
2947 1994 3005 2046 et
3032 1991 3103 2047 de
3132 1990 3402 2048 libertate
3429 1990 3791 2048 Antiochen-

2133 2077 2214 2134 sis
2244 2079 2449 2135 matris
2472 2078 2740 2135 Ecclesiae
2761 2080 3089 2151 gaudeatis,
3107 2086 3165 2136 et
3195 2098 3299 2154 pro
3321 2080 3487 2137 nobis
3510 2080 3789 2139 omnibus

2132 2167 2316 2223 Deum
2351 2168 2617 2224 devotius
2644 2169 2915 2225 exoretis.
2940 2168 3304 2226 Conﬁdimus
3336 2170 3492 2227 enim
3526 2169 3786 2227 multum

2131 2256 2191 2312 in
2213 2255 2421 2313 vestris
2451 2257 2847 2326 orationibus;
2871 2262 2929 2313 et
2958 2258 3240 2331 quidquid
3274 2259 3637 2331 proficimus,
3664 2276 3786 2316 non

2132 2344 2347 2402 nostris
2380 2346 2628 2413 meritis,
2665 2346 2769 2401 sed
2814 2347 3028 2404 vestris
3086 2348 3359 2420 precibus
3417 2352 3783 2422 reputamus.

2132 2435 2299 2490 Nunc
2321 2451 2457 2508 ergo
2479 2452 2791 2507 precamur
2809 2440 2874 2491 ut
2897 2440 3115 2491 terram
3136 2442 3397 2493 nostram
3421 2436 3480 2492 in
3512 2454 3652 2510 pace
3681 2454 3787 2493 cu-

2132 2522 2421 2594 stodiatis,
2434 2529 2491 2581 et
2516 2522 2793 2580 ecclesias
2813 2529 2871 2580 et
2890 2541 3177 2597 pauperes
3198 2526 3268 2582 de
3291 2526 3567 2583 manibus
3594 2530 3788 2599 tyran-

2130 2630 2341 2669 norum
2371 2612 2721 2669 defendatis.
2755 2617 3071 2670 Precamur
3098 2613 3274 2670 etiam
3307 2620 3373 2670 ut
3401 2632 3474 2671 ne
3504 2614 3669 2672 falsis
3692 2632 3788 2688 pe-

2131 2702 2380 2776 regrinis
2430 2701 2745 2758 consilium
2785 2702 3052 2775 capiatis,
3074 2709 3366 2775 quatenus
3404 2709 3508 2760 aut
3544 2704 3785 2778 signum

2131 2789 2444 2847 salutifera
2471 2791 2665 2847 crucis
2694 2790 2909 2847 iterum
2934 2809 3069 2848 cum
3091 2791 3434 2865 pcenitentia
3453 2798 3782 2864 assumant,

2129 2883 2186 2936 et
2214 2879 2323 2935 iter
2350 2879 2584 2935 Domini
2623 2883 3042 2954 peragant,aut
3078 2880 3337 2954 periculo
3376 2881 3781 2938 excommuni-

2130 2968 2376 3025 cationis
2432 2968 2794 3040 subjaceant.
2827 2968 3037 3025 Sciatis
3089 2986 3193 3042 pro
3225 2975 3380 3027 certo
3409 2969 3549 3044 quia
3595 2971 3785 3043 janua

370 3077 577 3118 surum
599 3060 763 3132 juste
793 3059 879 3116 vel
921 3058 1160 3130 injuste.
1195 3056 1495 3114 Mandavit
1532 3057 1688 3113 enim
1730 3058 1884 3129 quod
1916 3073 2021 3113 nec
2133 3063 2299 3113 terres
2331 3061 2533 3130 aperta
2561 3060 2651 3113 est
2681 3056 2878 3127 nobis;
2910 3062 2967 3113 et
2990 3058 3141 3114 inter
3168 3057 3313 3115 alios
3344 3060 3528 3117 bonos
3548 3065 3782 3117 nostros

367 3150 612 3207 verbum
640 3149 713 3206 ab
738 3148 840 3205 illo
861 3148 1153 3213 audirent,
1176 3147 1379 3214 donec,
1402 3145 1676 3202 derelicta
1693 3146 2018 3214 Antiochia,
2051 3133 2095 3201 C
2132 3151 2393 3213 eventus,
2418 3163 2517 3202 rex
2546 3145 2867 3219 Babyloniae
2899 3146 3098 3204 missis
3126 3148 3198 3203 ad
3229 3165 3336 3205 nos
3366 3147 3609 3219 nuntiis,
3632 3147 3784 3206 dixit

368 3239 668 3296 Christum
699 3239 1050 3310 denegarent
1098 3240 1155 3292 et
1203 3234 1389 3309 legem
1442 3235 1749 3291 Persarum
1780 3235 2020 3307 proﬁte-

544 3345 592 3383 ι’.

544 3345 592 3383 r.

369 3333 544 3473 militi:
576 3414 814 3483 auditis,
836 3412 1149 3471 Christiani
1178 3411 1541 3469 confessione
1569 3411 1857 3479 mundati,
1887 3428 2017 3484 per-

370 3504 636 3579 ceptione
677 3502 937 3577 corporis
966 3508 1025 3559 et
1052 3501 1359 3573 sanguinis
1388 3500 1603 3558 Christi
1643 3501 1887 3557 firmiter
1925 3518 2017 3557 ar-

2129 3252 2191 3291 se
2220 3235 2420 3292 obdire
2453 3240 2664 3291 nostrae
2694 3234 3002 3291 voluntati.
3035 3236 3253 3293 Valete.
3285 3237 3675 3295 Obsecremus
3719 3238 3781 3296 in

2128 3324 2375 3381 Domino
2404 3324 2567 3393 Jesu,
2601 3329 2666 3379 ut
2694 3340 2899 3381 omnes
2932 3326 3003 3380 ad
3043 3341 3193 3397 quos
3221 3325 3342 3383 hac
3371 3326 3617 3399 epistola
3647 3343 3777 3399 per-

2122 3412 2364 3480 venerit,
2398 3428 2502 3486 pro
2549 3411 2718 3470 nobis
2747 3416 2805 3469 et
2846 3428 2949 3485 pro
3006 3414 3256 3471 mortuis
3310 3414 3528 3471 nostris
3584 3415 3775 3474 Deum

2126 3505 2383 3558 exorent.

1208 3823 1642 3914 ODONIS
1697 3825 2372 3915 BAJOCENSIS
2424 3825 2938 3916 EPISCOPI

1908 3997 2249 4073 CHABTA

472 4156 592 4218 Per
618 4170 811 4236 quam
840 4149 1166 4216 Jarentoni
1210 4151 1276 4213 S.
1311 4146 1575 4229 Benigni
1606 4146 1996 4211 Divionensis
2026 4146 2244 4291 abbiatti
2272 4146 2726 4211 monasterium
2773 4147 2990 4212 Sancti
3026 4147 3273 4229 Vigoris
3312 4145 3673 4230 Bajocensis

1921 4246 2114 4290 conce
2160 4247 2181 4289 ι
2216 4274 2231 4290 .

1921 4246 2231 4290 οοηοθαιῑ.

1850 4377 2055 4459 (Anno
2090 4376 2299 4461 1096.)

581 4520 750 4597 [Dom
780 4516 1102 4588 Pusaeus,
1133 4515 1271 4574 Hist.
1300 4512 1366 4571 de
1402 4513 1740 4588 Bourgogne,
1772 4515 1815 4568 t.
1848 4510 1892 4582 Ι,
1926 4511 2046 4582 Pr.,
2076 4527 2135 4585 p.
2166 4512 2257 4584 32,
2289 4527 2359 4571 ex
2386 4510 2638 4571 archivls
2668 4510 2917 4571 abbatis
2944 4512 3005 4571 S.
3039 4512 3281 4588 Benigni
3312 4510 3559 4583 Diviou.]

1863 4664 2262 4687 #—

440 4835 505 4895 ln
526 4832 763 4893 nomine
783 4834 997 4890 sancta
1017 4832 1075 4886 et
1092 4826 1404 4884 individuis
1424 4823 1750 4895 Trinitatis,
1764 4840 1871 4899 ego
1893 4825 2015 4882 Ono
2046 4827 2094 4894 D
2124 4824 2371 4883 ccenobii
2392 4822 2608 4882 futuris
2629 4827 2687 4882 et
2706 4823 3116 4898 prementibus,
3132 4824 3560 4883 monasterium
3581 4825 3785 4885 Sancti

369 4923 707 4997 Bajocensis
734 4920 1047 4994 episcopus
1072 4916 1337 4989 cogitans
1359 4919 1730 4987 peccatorum
1754 4930 2018 4971 meorum

368 5013 819 5077 immanitatem,
862 5007 1225 5082 perpendens
1282 5005 1461 5061 etiam
1502 5003 1750 5059 districti
1800 5004 2022 5076 judicis

368 5104 442 5159 de
471 5101 700 5158 actibus
730 5098 878 5155 meis
907 5095 1362 5163 discussionem,
1387 5110 1491 5166 pro
1522 5092 1778 5149 remedio
1811 5093 2021 5149 animm

370 5207 511 5248 mea
540 5194 599 5247 et
628 5191 938 5262 parentum
964 5200 1250 5250 meorum,
1277 5188 1334 5239 et
1365 5199 1468 5255 pro
1500 5181 1698 5254 requie
1726 5182 2023 5255 episcopo-

370 5295 503 5335 rum
533 5279 712 5349 huius
743 5279 955 5332 sanctas
977 5273 1136 5330 sedis
1157 5271 1515 5344 Bajocensis,
1530 5276 1587 5326 et
1605 5271 2020 5328 canonicorum

370 5367 471 5439 qui
500 5362 1001 5437 dormierunt,qui
1032 5368 1172 5419 sunt
1199 5366 1257 5417 et
1287 5360 1387 5433 qui
1409 5359 1590 5416 futuri
1622 5364 1783 5424 sunt,
1809 5360 2024 5416 consti-

368 5462 470 5511 tuo
498 5460 555 5510 et
582 5456 656 5511 do
693 5460 801 5511 Deo
830 5460 888 5511 et
918 5453 1133 5509 Sancto
1179 5449 1458 5520 Benigno,
1490 5448 1791 5505 Jarentoni
1823 5448 2022 5505 abbati

367 5542 696 5603 Divionensi
711 5547 768 5600 et
782 5539 1228 5604 successoribus
1240 5538 1291 5611 ej
1302 5554 1371 5595 us
1387 5542 1444 5595 et
1460 5536 1740 5596 fratribus
1757 5537 2021 5610 ejusdem

2127 4914 2357 4987 Vigoris
2385 4915 2455 4971 de
2487 4913 2682 4970 Monte
2709 4913 3059 4971 Chrismatis
3085 4930 3221 4971 cum
3248 4913 3602 4988 appenditiis
3631 4916 3783 4985 suis,

2126 5003 2395 5060 videlicet
2423 5002 2657 5076 plenam
2688 5002 2976 5060 decimam
3009 5002 3189 5061 totius
3216 5003 3390 5073 villa,
3417 5004 3478 5061 in
3509 5020 3627 5077 qua
3655 5020 3786 5062 mo-

2128 5092 2452 5150 nasterium
2474 5092 2656 5148 situm
2678 5096 2789 5160 est,
2813 5097 2874 5149 et
2901 5091 3167 5150 omnium
3186 5093 3261 5150 ad
3291 5094 3561 5151 eamdem
3580 5092 3785 5153 villam

2128 5181 2568 5255 pertinentium,
2584 5187 2641 5238 et
2663 5181 2952 5254 quidquid
2974 5182 3047 5238 ad
3070 5181 3534 5256 ecclesiam,qua
3553 5181 3637 5237 ibi
3655 5187 3791 5240 erat

2128 5270 2313 5344 prius,
2341 5269 2668 5343 pertinebat
2695 5286 2831 5326 eum
2862 5271 3199 5343 presbytero
3230 5276 3288 5327 et
3319 5270 3610 5329 universis
3638 5287 3791 5329 con-

2130 5358 2543 5416 suetudinibus
2563 5358 2711 5427 suis,
2742 5364 2801 5416 et
2822 5363 3101 5432 praeterea
3124 5360 3495 5418 medietatem
3515 5360 3786 5433 ejusdem

2129 5448 2310 5505 totius
2340 5446 2509 5515 villa,
2530 5452 2653 5504 tam
2696 5448 2756 5504 in
2787 5448 3130 5506 hominibus
3160 5454 3218 5505 et
3244 5448 3559 5519 territorio,
3602 5466 3787 5524 quam

2131 5538 2191 5594 in
2223 5536 2444 5595 caeteris
2472 5536 2799 5595 redditibus
2826 5554 2962 5597 cum
2993 5538 3305 5598 medietate
3331 5538 3605 5599 annualis
3635 5555 3792 5599 mer-
