4010 6078
347 280 490 352 483
856 277 958 364 AD
1003 277 1519 342 GODEFBIDUM
1566 277 1904 339 APPEND.
1955 275 2029 337 Il.
2067 311 2140 320 ——
2172 271 2486 338 MONUM.
2534 273 2637 335 DE
2679 273 2930 335 BELLO
2975 273 3251 336 SACRO.
3633 271 3754 336 484

349 427 452 486 per
481 411 632 480 hanc
662 409 1058 468 concessionis
1087 408 1462 484 scripturam,
1487 408 1993 476 donamus,dona-
2023 409 2076 476 Α
2107 405 2404 480 Lupellus,
2429 405 2489 461 in
2511 404 2641 478 ripa
2661 405 2960 461 Meduanae
2977 407 3277 478 pratorum
3299 419 3590 478 arpennos
3613 403 3756 462 duo-

347 506 592 575 tumque
617 501 676 556 in
708 504 1053 574 perpetuum
1077 516 1207 556 esse
1225 499 1498 556 volumus
1521 497 1783 554 coenobio
1805 497 1993 552 sancti
2103 497 2314 553 decim.
2350 497 2492 552 Item
2535 496 2691 568 apud
2734 494 2930 550 villam
2967 494 3300 562 Lanariam,
3333 493 3485 550 inter
3532 492 3752 550 saltum

346 590 570 651 Nicolai
601 594 658 649 et
681 589 1120 665 congregationi
1155 588 1573 645 monachorum
1609 586 1752 642 inibi
1787 585 1995 660 degen-

341 679 496 738 tium
528 681 599 738 de
630 679 904 737 facultate
937 684 1174 747 nostra;
1208 678 1318 734 hoc
1346 681 1454 744 est,
1479 676 1539 731 in
1561 677 1868 749 Andegavo
1897 693 1994 748 pa-

345 785 440 844 go,
473 785 589 826 non
620 768 790 842 longe
811 785 845 824 a
865 768 1118 834 civitate,
1140 770 1357 824 terram
1381 784 1506 840 quae
1537 765 1755 821 dicitur
1785 766 1856 820 ad
1889 767 1991 821 Ac-

345 858 592 916 cisariae
619 851 800 914 totam
834 857 1058 930 integre
1087 861 1143 913 et
1173 857 1386 930 quiete,
1421 855 1595 912 sicuti
1626 871 1754 910 eam
1795 855 1868 911 ab
1902 853 1994 910 Al-

343 947 540 1005 berico
571 947 869 1003 dominico
900 945 1050 1002 vallo
1083 950 1282 1002 nostro
1313 945 1575 1012 Quidone
1605 944 1791 1001 sancti
1827 945 1991 1000 Mau-

344 1036 466 1093 ritii
498 1037 782 1092 aedituum
811 1035 1093 1104 tenuisse,
1119 1051 1342 1106 nosque
1359 1033 1671 1089 aVuidone
1692 1033 1992 1089 thesaura-

343 1125 431 1182 rio
447 1143 550 1200 per
565 1125 906 1181 concambia
927 1127 1319 1180 commutasse
1341 1125 1586 1179 constat.
1613 1122 1910 1179 Donamus
1929 1123 1988 1178 in

341 1213 457 1270 alio
487 1213 615 1270 loco
637 1215 808 1287 juxta
839 1213 1285 1281 monasterium,
1329 1212 1698 1268 interfluente
1728 1215 1989 1267 tantum-

341 1302 515 1362 modo
538 1303 714 1359 ﬂuvio
736 1301 1046 1372 Brionello,
1071 1302 1140 1358 de
1161 1307 1316 1359 terra
1337 1300 1543 1357 arabili
1573 1301 1642 1357 ad
1677 1301 1988 1357 stationem

341 1384 674 1449 modiorum
705 1391 1015 1448 duodecim
1047 1407 1059 1448 :
1097 1395 1154 1447 et
1183 1391 1244 1446 in
1277 1408 1346 1446 ea
1373 1389 1794 1464 viridegarium
1825 1394 1882 1446 et
1909 1390 1991 1446 vi-

340 1498 584 1540 nearum
614 1498 906 1555 arpennos
935 1480 1264 1538 duos.Item
1285 1479 1488 1536 inloco
1519 1479 1616 1552 qui
1651 1478 1991 1536 nominatur

2102 586 2336 660 Captiae,
2369 589 2586 641 terram
2636 585 2707 640 ad
2741 583 3053 642 stationem
3085 585 3417 641 modiorum
3449 583 3649 639 trium.
3687 581 3750 638 In

2099 678 2256 732 terra
2284 675 2471 731 sancti
2503 673 2677 745 Petri,
2709 674 3015 730 vinearum
3048 691 3341 749 arpennos
3371 672 3645 730 undecim
3676 673 3750 730 ad

2101 781 2342 821 censum
2375 768 2431 821 et
2460 764 2771 820 decimam.

2172 854 2418 928 Signum
2451 857 2479 921 τι
2516 853 2902 909 ﬁrmitudinis
2931 870 2966 908 a
2986 852 3197 909 comite
3226 851 3536 909 Gautl‘redo
3567 868 3746 908 manu

2100 943 2732 1017 prepriagimpositum.
2749 943 2936 1014 Hujus
2958 946 3152 999 autem
3184 941 3622 999 constitutionis
3645 957 3747 998 seu

2099 1033 2435 1089 donationis
2465 1032 2784 1088 auctoritas
2815 1034 2880 1088 ut
2910 1031 2969 1087 in
2999 1032 3097 1088 Dei
3133 1031 3392 1099 nomine,
3416 1047 3519 1104 per
3547 1047 3746 1086 succe-

2099 1121 2296 1178 dentia
2315 1126 2430 1178 tem
2436 1121 2923 1196 pora,firmiorem
2939 1121 3229 1178 obstineat
3241 1119 3748 1177 rememorationis

2097 1215 2155 1267 et
2184 1212 2643 1268 conservationis
2689 1211 2970 1285 vigorem,
3005 1210 3281 1266 manibus
3328 1209 3584 1282 propriis
3614 1224 3744 1264 eam

2099 1301 2267 1374 signo
2291 1301 2482 1358 crucis
2505 1301 2616 1358 insi
2624 1300 2920 1375 gnivimus
2933 1303 2988 1357 et
3003 1298 3201 1358 fideles
3215 1295 3446 1355 nostros
3469 1297 3746 1354 roborare

2097 1389 2454 1464 rogavimus.

335 1680 3747 1717 Μ

1243 1831 1817 1921 RAIMUNDI
1887 1831 2030 1917 DE
2102 1829 2826 1920 CURAMONTA

638 2011 870 2077 Charta
896 2030 1026 2093 qua
1053 2009 1551 2092 Hierosolymam
1584 2008 2006 2104 proficiscens,
2045 2007 2282 2149 prmqia
2311 2007 2603 2090 quaedam
2637 2007 2963 2070 monachis
2991 2005 3433 2072 Tutelensibus

1830 2107 2187 2149 lmDIEDOX‘B
2226 2134 2240 2149 .

1830 2107 2240 2171 implgnorat.

1740 2248 2011 2330 (Anno
2070 2249 2342 2330 1096.)

1467 2412 1697 2485 (ΒΑιυι.
1729 2409 1970 2466 Historia
2006 2408 2317 2478 Tutelensis,
2353 2427 2410 2483 p.
2445 2409 2594 2482 441.)

1818 2587 2245 2600 -σῄ-

399 2733 676 2795 Noverint
690 2736 1006 2809 praesentes
1020 2737 1078 2791 et
1097 2732 1279 2790 futuri
1301 2732 1458 2806 quod
1480 2749 1585 2808 ego
1608 2731 1978 2790 Raimundus
2005 2734 2055 2801 B
2084 2732 2262 2790 terale
2285 2749 2592 2807 meamque
2613 2737 2835 2790 turrem
2862 2737 2920 2791 et
2941 2732 3087 2791 alias
3108 2732 3339 2808 domos,
3361 2738 3469 2794 etc.
3494 2735 3611 2794 Hoc
3631 2753 3737 2795 au-

329 2825 402 2881 de
431 2823 810 2891 Curamonta,
841 2822 1076 2896 quando
1104 2821 1260 2878 volui
1307 2839 1546 2896 pergere
1594 2821 1976 2896 Jerosolymis

327 2929 463 2970 cum
477 2913 810 2970 Raimundo
831 2912 1172 2968 vicecomite
1183 2911 1973 2986 Torennense,impignoravi

327 3001 526 3058 abbati
556 3001 856 3059 Willelmo
899 3000 1322 3074 monachisque
1352 3001 1766 3058 Tutelensibus
1797 3019 1974 3074 quar-

324 3093 447 3149 tam
475 3095 701 3166 partem
739 3090 995 3148 ecclesia:
1025 3091 1097 3146 de
1127 3090 1465 3160 Branceliis,
1498 3090 1765 3146 videlicet
1796 3107 1972 3163 quar-

324 3183 447 3238 tam
477 3185 704 3256 partem
735 3179 944 3238 decimi
974 3183 1031 3237 et
1058 3179 1395 3254 proferentii
1426 3183 1483 3235 et
1512 3180 1705 3236 fcvum
1737 3180 1974 3254 presby-

2083 2826 2202 2878 tem
2232 2822 2449 2879 factum
2508 2826 2597 2879 est
2655 2839 2808 2879 anno
2867 2823 3156 2880 incarnati
3185 2823 3358 2881 Verbi
3391 2825 3549 2896 1096,
3583 2826 3734 2883 indi-

2084 2911 2274 2968 ctione
2297 2930 2370 2980 IV,
2397 2929 2549 2968 anno
2580 2912 2958 2985 pontificatus
2980 2913 3182 2970 domni
3213 2912 3431 2970 Urbani
3463 2931 3625 2988 papae
3646 2932 3736 2972 se-

2084 3001 2260 3056 cundi
2293 3004 2512 3070 octavo,
2548 3000 2815 3074 Philippo
2847 3019 2979 3074 rege
3030 3007 3329 3076 regnante,
3361 3003 3736 3070 Lemovicina

2086 3091 2223 3146 sede
2252 3091 2526 3164 episcopo
2555 3095 2806 3159 carente,
2837 3090 3136 3150 Willelmo
3165 3092 3372 3148 abbate
3403 3091 3735 3150 Tutelensis

2085 3179 2427 3237 monasterii
2459 3179 2814 3254 pastoralem
2845 3197 3047 3238 curam
3076 3186 3303 3256 agente.

1179 3558 1737 3646 RAIMUNDI
1802 3557 2274 3647 ('IOMITIS
2349 3560 2442 3647 S.
2501 3559 2880 3646 fEGIDII

1840 3739 2211 3810 DlPLOMA

912 3913 1004 3977 De
1032 3911 1349 3975 donatione
1375 3912 1698 3976 medietatis
1731 3913 1893 3975 villae
1923 3913 2174 3977 Gibellet
2199 3913 2368 3994 facta
2399 3913 2467 3978 S.
2513 3913 2742 3977 Victori
2763 3915 3136 3978 Massilz'emz’.

1803 4073 2006 4157 (Anno
2042 4072 2250 4156 uos.)

462 4234 678 4312 (Edidit
709 4232 1006 4306 Murrus,
1039 4234 1207 4310 ampl.
1238 4234 1485 4307 Cellach,
1519 4233 1564 4304 Ι,
1593 4234 1723 4290 600.
1756 4233 1838 4290 Ex
1865 4233 2116 4292 archivis
2145 4235 2204 4292 S.
2236 4233 2488 4292 Victoris
2519 4233 2908 4294 Massiliensis
2939 4234 3090 4293 eruit
3118 4235 3185 4295 D.
3220 4237 3586 4311 Furuerius;)

390 4561 455 4623 In
477 4559 714 4619 nomine
735 4565 950 4619 sancta
970 4565 1028 4618 et
1047 4560 1363 4617 individua
1393 4558 1720 4628 Trinitatis,
1751 4576 1858 4634 ego
1887 4562 1965 4630 (1)
1995 4563 2038 4630 C
2078 4561 2382 4636 unigenito
2411 4561 2512 4618 Dei
2535 4560 2702 4630 Filio,
2726 4563 2973 4634 ejusque
3001 4561 3320 4619 venerabili
3342 4564 3518 4623 matri
3541 4565 3732 4622 S.Ma-

319 4650 686 4719 Rumoribus,
710 4653 901 4725 gratia
920 4651 1022 4708 Dei
1045 4651 1105 4718 S,
1128 4648 1334 4724 Bgidii
1357 4665 1554 4706 comes
1573 4653 1630 4706 et
1649 4650 1967 4706 Provinciae

317 4739 602 4808 marchio,
637 4739 912 4813 princeps
967 4743 1187 4807 autem,
1219 4739 1336 4794 Deo
1366 4737 1705 4806 auxiliante,
1739 4736 1964 4793 militia:

315 4828 662 4887 Christianae
693 4829 756 4884 in
786 4827 1316 4902 Hierosolymitano
1337 4827 1566 4894 itinere,
1585 4826 1966 4883 considerans

316 4921 686 4990 peccatorum
717 4933 983 4973 meorum
1015 4917 1466 4985 immanitatem,
1491 4920 1664 4989 atque
1685 4916 1966 4989 parvissi-

317 5022 426 5064 ma
447 5023 576 5079 quas
597 5021 828 5063 mecum
859 5010 948 5062 est
975 5005 1457 5076 Christianitatis,
1481 5022 1586 5078 pro
1607 5005 1854 5062 diversis
1874 5021 1966 5060 ex-

315 5095 581 5152 cessibus
593 5092 1080 5161 imbecillitatem,
1095 5093 1351 5150 instante
1371 5093 1548 5149 etiam
1571 5093 1964 5165 omnibusque

316 5183 511 5241 modis
533 5183 886 5255 inquirente,
903 5181 1248 5255 laboresque
1269 5199 1409 5239 suos
1428 5186 1486 5239 et
1505 5181 1961 5239 sollicitudinem

317 5271 379 5328 in
400 5288 531 5328 meo
571 5271 810 5327 servitio
840 5270 1200 5342 expendente
1229 5271 1444 5326 domno
1477 5270 1766 5326 Richardo
1797 5271 1856 5326 S.
1891 5270 1960 5328 Β.

315 5361 381 5417 Ε.
412 5358 698 5416 cardinali
729 5364 786 5416 et
818 5357 1149 5416 Massilensi
1181 5359 1410 5424 abbate,
1433 5359 1586 5415 dono
1617 5363 1673 5414 et
1711 5359 1962 5416 concedo

384 5485 466 5566 (2)
497 5483 656 5566 Hanc
703 5483 966 5566 chartam
1007 5483 1192 5566 edidit
1225 5483 1588 5566 Balu_z_ius._in
1620 5483 1746 5541 suis
1765 5483 1844 5566 _ad
1871 5482 1962 5566 lli-

315 5555 558 5624 storiam
591 5556 804 5617 domus
821 5556 1148 5625 Arvernicaa
1179 5555 1650 5638 probationibus,
1683 5556 1784 5616 sed
1817 5556 1961 5614 adeo

2077 4651 2196 4717 riae,
2230 4667 2455 4706 necnon
2486 4649 2759 4723 pretiosis
2807 4651 3168 4724 martyribus
3213 4651 3433 4708 Victori
3463 4656 3520 4709 et
3547 4653 3731 4711 sociis

2075 4738 2484 4812 ejus,aliisque
2505 4755 2757 4811 quorum
2779 4737 3041 4812 reliquie
3057 4741 3214 4814 apud
3237 4740 3580 4800 honorabile
3599 4759 3732 4800 mo-

2075 4827 2400 4884 nasterium
2433 4826 2798 4884 Massiliense
2829 4827 2889 4882 in
2921 4827 3153 4885 Christo
3184 4830 3582 4903 requiescunt,
3601 4848 3730 4888 me-

2073 4915 2346 4972 dietatem
2379 4915 2630 4972 civitatis
2662 4933 2788 4989 quis
2816 4920 3057 4972 vocatur
3086 4918 3354 4987 Gibellet,
3378 4937 3506 4993 que
3547 4920 3730 4978 etiam

2071 5004 2133 5060 in
2153 5004 2346 5060 littore
2365 5005 2546 5060 maris
2569 5005 2786 5078 Magni,
2811 5003 2946 5062 altis
2976 5008 3185 5074 muris,
3208 5008 3516 5082 firmisque
3543 5010 3733 5065 turri-

2072 5093 2184 5149 bus
2215 5091 2442 5148 munita
2473 5093 2625 5148 inter
2654 5093 2941 5168 Tripolim
2973 5099 3030 5151 et
3058 5096 3342 5170 Beritum,
3369 5100 3429 5153 et
3453 5098 3728 5154 omnium

2072 5182 2145 5238 ad
2176 5198 2305 5240 eam
2337 5183 2488 5238 mari
2521 5186 2578 5239 et
2603 5186 2760 5239 terra
2790 5185 3233 5256 pertinentium,
3253 5186 3523 5244 videlicet
3545 5187 3604 5242 in
3636 5203 3732 5244 ec-

2072 5270 2290 5339 clesiis,
2314 5271 2491 5340 villis,
2527 5271 2802 5340 castellis,
2835 5273 3150 5342 casalibus,
3173 5276 3346 5332 terris
3365 5277 3542 5334 cultis
3563 5281 3620 5334 et
3641 5278 3733 5333 in-

2073 5358 2249 5416 cultis
2276 5378 2288 5429 ;
2322 5359 2381 5414 in
2405 5365 2596 5432 portu,
2629 5377 2696 5417 ac
2728 5362 3072 5435 naufragiis,
3098 5363 3217 5420 sive
3247 5364 3308 5419 in
3338 5367 3567 5423 cunctis
3597 5366 3730 5423 ubi-

2070 5487 2400 5616 2133;285:111
2431 5488 2487 5542 et
2515 5483 2944 5561 interpolatam,
2980 5491 3045 5544 ut
3075 5489 3404 5549 necessario
3431 5489 3610 5552 fuerit
3631 5507 3728 5554 re-
