3984 6078
154 260 276 322 493

1513 254 1763 316 GESTA
1807 252 2225 315 'I‘ANCREDI.

3452 251 3572 315 494

156 389 451 450 Tancredi
480 387 869 444 familiaribus
901 388 1308 459 accendit,quo
1334 385 1493 442 nullo
1527 385 1634 441 fuit
1656 385 1812 441 beni-
1838 387 1893 452 Α
1922 384 2284 458 indignatus.
2320 382 2730 438 Verumtamen
2761 380 3061 453 quoniam.

152 480 334 554 gnior
361 478 660 543 dominus,
688 490 859 532 nemo
889 474 1123 547 largior'
1159 491 1329 531 nemo
1358 478 1478 529 tam
1512 474 1763 530 blandus
1797 489 1810 528 :

154 568 321 633 huic,
352 568 616 639 inquam,
645 563 1050 621 vehementius
1096 563 1362 630 instanti,
1397 562 1573 618 tacita
1599 561 1683 618 sic
1722 578 1813 617 re-

154 656 489 729 spondebat
515 671 683 711 mens
715 669 845 709 mea
872 669 886 708 :
922 653 1075 724 quod
1126 652 1280 725 petis
1306 652 1494 715 vivus,
1527 650 1575 706 si
1607 668 1809 722 super-

154 741 602 816 fuero,accipies
632 739 930 813 sepultus:
951 756 1065 795 non
1094 744 1151 796 te
1179 739 1430 795 laudabo
1461 738 1522 794 in
1551 736 1666 793 vita
1686 743 1808 806 tua;

152 833 414 889 laudabo
446 835 577 904 post
607 829 1270 902 mortem,magniﬁcabo
1291 832 1425 901 post
1443 845 1813 885 consumma-

150 922 376 979 tionem
407 938 420 976 :
458 927 598 975 tunc
626 919 785 975 enim
816 935 1005 991 neque
1027 917 1517 990 laudatus,neque
1538 916 1807 984 laudans,

152 1017 257 1068 aut
289 1012 354 1068 in
378 1009 690 1066 elationem
722 1007 1041 1080 surgit,aut
1070 1006 1288 1063 corruit
1309 1006 1368 1061 in
1389 1005 1806 1062 adulationem.

152 1101 334 1158 Porro
365 1098 600 1155 invidus
628 1097 863 1164 tacebit,
897 1096 1264 1153 obmutescet
1294 1111 1555 1163 susurro,
1587 1111 1723 1151 cum
1754 1098 1811 1151 te

151 1190 466 1254 exstincto,
498 1203 745 1244 munera
773 1185 1108 1253 cessabunt,
1154 1181 1370 1256 quibus
1417 1199 1573 1239 nunc
1622 1183 1808 1239 inces-

154 1284 361 1336 santer
408 1296 445 1333 a
487 1275 805 1350 superstite
836 1277 1234 1339 muneratum,
1265 1289 1565 1328 venenosae
1597 1271 1809 1345 linguae

151 1367 492 1424 fabularum
522 1382 615 1421 me
637 1362 997 1420 venditorem
1021 1362 1566 1433 circumagerent,te
1594 1364 1813 1433 empto-

152 1473 297 1511 rem.
336 1456 498 1512 Hanc
528 1453 835 1527 igitur,sed
866 1456 926 1507 ct
955 1451 1129 1506 aliam
1158 1450 1366 1505 habuit
1393 1466 1630 1505 causam
1663 1449 1809 1505 dila-

152 1545 232 1601 tio
266 1562 282 1600 :
320 1544 478 1617 quod
513 1543 663 1600 meis
711 1542 836 1613 ipse
882 1539 1105 1595 viribus
1140 1539 1434 1604 diffidens,
1461 1537 1695 1594 interim
1723 1556 1813 1594 ex-

150 1633 520 1706 spectabam,
551 1630 601 1688 si
634 1629 768 1704 quis
793 1630 865 1685 ad
893 1629 1016 1686 haec
1045 1626 1312 1685 solertior
1340 1626 1646 1699 stylum,si
1678 1627 1812 1699 quis

151 1720 446 1778 Tancredi
478 1720 824 1775 muneribus
854 1716 1165 1789 obligatior
1192 1714 1678 1771 anhelaret.Alios
1707 1733 1811 1771 au-

146 1816 268 1866 tem
303 1807 626 1882 negligere,
652 1806 798 1863 alios
825 1809 1077 1878 torpere,
1110 1802 1278 1871 alios,
1312 1802 1459 1875 proh
1490 1803 1682 1859 nefasl
1718 1820 1808 1861 re-

150 1900 257 1955 niti
311 1896 611 1970 comperio
656 1910 1027 1952 susurrones.
1074 1892 1269 1965 Papaal
1319 1893 1420 1948 ubi
1470 1892 1808 1961 reverentia,

150 1988 247 2043 ubi
275 1988 546 2054 libertas,
580 1984 683 2042 ubi
714 1999 981 2050 munera,
1014 1981 1114 2037 ubi
1146 1980 1318 2037 toties
1346 1979 1445 2037 ille
1473 1980 1808 2054 principum

145 2078 327 2133 decus
357 2076 642 2132 obscuros
670 2069 1290 2138 illustravit,obnoxios
1318 2069 1585 2135 absolvit,
1606 2069 1809 2141 inopes

145 2165 391 2233 diluit?
422 2163 566 2219 Mihi
597 2178 733 2233 ergo
765 2160 1032 2217 relictum
1073 2159 1304 2231 suscepi
1348 2157 1609 2214 laborem
1643 2175 1657 2213 :
1691 2176 1806 2214 non

145 2172 202 2220 di
306 2172 391 2220 it‘.’
422 2172 566 2219 Mihi
597 2178 733 2233 ergo
765 2172 1032 2217 relictum
1073 2175 1304 2231 suscepi
1348 2172 1609 2214 laborem
1643 2175 1657 2213 :
1691 2176 1797 2213 non

143 2172 347 2326 mitte
366 2255 642 2323 suscepto
665 2248 1013 2322 dignus,sed
1040 2247 1180 2319 quia
1200 2246 1363 2319 digni
1386 2245 1797 2319 dedignantur

1840 1762 1887 1828 Β

1920 474 2014 529 Est
2040 473 2275 545 quodam
2298 471 2523 544 prodire
2553 479 2729 537 tenus,
2760 472 2814 526 si
2839 487 2946 526 non
2978 470 3142 525 datur
3169 471 3335 537 ultra,

3103 559 3316 615 HORA'I‘.

1918 650 2054 707 licet
2109 649 2470 723 incomptam
2540 666 2683 705 rem.
2718 690 2731 703 .
2769 690 2782 703 .
2819 691 2830 703 .
2870 689 2882 703 .
2917 648 2988 703 ad
3054 653 3317 719 posteros
3371 652 3569 704 trans~

1919 739 2149 795 mittam
2182 755 2195 793 :
2230 738 2766 810 ornabit.auguror,
2799 737 3050 809 benigna
3079 737 3389 808 posteritas
3412 738 3567 810 quod

1919 828 2181 884 hodierni
2206 828 2543 884 inornatum
2564 826 2707 882 mihi
2726 824 3274 898 reliquerunt.Unde
3294 825 3564 893 invicem,

1918 933 1950 972 0
1981 916 2180 983 lector,
2214 918 2518 983 debemus,
2554 932 2659 988 ego
2708 915 2813 970 tibi
2877 914 3239 987 supplicare;
3284 919 3345 969 tu
3400 914 3566 987 igno-

1919 1022 2076 1062 scere
2106 1005 2274 1072 mihi,
2300 1006 2455 1078 quod
2487 1021 2644 1060 nunc
2666 1005 2873 1075 jejuna
2902 1002 3276 1070 oratio,nunc
3306 1002 3565 1076 pinguis,

1917 1099 1983 1150 ut
2012 1094 2198 1162 aiunt,
2227 1094 2483 1149 Minerva
2513 1109 2548 1148 a
2577 1110 2696 1148 sure
2728 1096 2880 1147 fastu
2913 1092 3168 1147 materiae
3199 1091 3369 1164 longe
3394 1093 3567 1164 dege-

1917 1183 2141 1238 neravit
2172 1201 2185 1239 :
2220 1183 2437 1255 quippe
2466 1199 2599 1238 cum
2640 1181 2761 1236 haec
2804 1180 2899 1235 vix
2947 1180 3202 1236 Maronis
3233 1180 3570 1253 pertingant

1915 1271 2183 1336 vertices,
2229 1271 2361 1327 illas
2412 1272 2588 1326 ferme
2637 1269 2863 1325 inutilis
2913 1268 3116 1342 lingua
3162 1268 3434 1326 balbutit.
3478 1271 3567 1325 Me
3606 1274 3607 1279 “

1918 1361 2154 1433 quidem
2186 1361 2244 1415 in
2269 1360 2377 1416 hac
2410 1364 2571 1431 parte
2601 1359 2788 1413 sentio
2820 1358 3119 1413 infirmum
3155 1375 3168 1413 :
3201 1358 3300 1412 sed
3325 1359 3395 1413 de
3413 1358 3564 1429 ejus,

1918 1450 1976 1504 id
2007 1455 2096 1506 est
2126 1450 2337 1504 Christi
2373 1449 2647 1504 ﬁrmitate
2678 1454 2836 1503 totus
2868 1449 3111 1519 pendeo,
3146 1449 3316 1518 cujus
3349 1447 3567 1502 vexilli-

1917 1539 2106 1594 ferum
2138 1544 2193 1594 et
2223 1538 2557 1611 triumphos
2588 1537 2916 1593 describere
2945 1535 3211 1604 intendo;
3247 1554 3281 1591 a
3328 1553 3444 1609 quo
3476 1553 3566 1591 se-

1917 1629 2177 1684 cundum
2219 1627 2364 1700 elegi
2410 1634 2487 1692 te,
2521 1626 2780 1692 Arnulfe,
2830 1624 3159 1697 patriarcha
3204 1625 3562 1693 doctissime,

1919 1716 2246 1784 doctorem;
2280 1716 2378 1788 qui
2400 1715 2626 1787 paginae
2650 1731 2791 1769 mea:
2814 1714 3112 1785 superﬂua
3134 1714 3566 1781 reseces,rimas

1918 1803 2187 1879 impleas,
2217 1805 2469 1862 obscura
2497 1803 2777 1871 illustres,
2810 1803 2976 1860 arida
3003 1804 3567 1877 superfundas:nul-

1914 1892 2034 1950 lius
2065 1893 2281 1951 etenim
2312 1892 2571 1950 liberalis
2602 1893 2855 1949 scientias
2887 1897 2944 1949 te
2974 1892 3353 1966 cognovimus
3397 1909 3567 1949 exor-

1917 1987 2057 2049 tem,
2090 1983 2411 2055 praesertim
2445 1980 2669 2038 mellita
2710 1981 2855 2036 mihi
2904 1981 3017 2037 erit
3068 1998 3429 2056 quascunque
3459 1982 3568 2040 erit

1916 2071 2197 2127 correctio
2226 2075 2348 2135 tua,
2381 2070 2428 2126 si
2463 2087 2639 2142 quem
2679 2070 2921 2126 sortitus
2971 2087 3105 2126 sum
3154 2075 3566 2144 praeceptorem

1918 2177 2062 2233 puer
2081 2162 2381 2231 juvenem,
2414 2177 2568 2215 nunc
2602 2175 2832 2232 quoque
2862 2164 3244 2217 correctorem
3278 2165 3331 2216 te
3377 2160 3566 2232 impe-

1914 2252 2143 2305 travero
2170 2250 2258 2304 vir
2285 2265 2507 2305 senem.

938 2572 1349 2660 INCIPIT
1406 2568 2088 2661 TANCREDUS
2163 2570 2771 2661 RADULPHI.

609 2778 653 2835 Ι.
688 2810 757 2820 -
792 2777 1054 2835 Ταηωθάἱ
1079 2785 1354 2850 parentes.

221 2869 571 2926 Tancredus
627 2866 795 2923 clarae
854 2865 1059 2939 stirpis
1115 2882 1355 2939 germen
1387 2864 1805 2934 clarissimum,

155 2964 432 3031 parentes
471 2956 715 3013 eximios
737 2953 1094 3011 Marchisum
1125 2954 1335 3010 habuit
1362 2959 1419 3010 et
1445 2955 1713 3010 Emmam
1748 2969 1760 3008 :
1793 2968 1808 3008 :

155 3054 317 3122 patre
372 3046 613 3120 quidem
671 3044 827 3101 haud
888 3042 1165 3116 ignobilis
1216 3042 1393 3108 filius,
1439 3060 1475 3098 a
1530 3041 1811 3098 maternis

154 3142 354 3192 autem
391 3133 671 3190 fratribus
700 3149 883 3205 nepos
905 3131 1077 3204 longe
1093 3131 1431 3187 sublimior:
1449 3147 1585 3185 nam
1606 3134 1812 3185 caetera

152 3225 390 3281 familia:
422 3222 584 3278 illius
614 3220 1018 3295 praedecessio,
1052 3237 1085 3275 a
1112 3219 1475 3276 contermina
1503 3217 1647 3276 satis
1683 3234 1812 3273 esse

151 3311 580 3370 duxit'laudari
605 3310 848 3379 vicinia;
899 3309 1107 3365 matris
1152 3325 1285 3365 vero
1334 3308 1543 3364 fratres
1590 3306 1812 3362 militias

151 3421 270 3459 suae
301 3401 558 3476 gloriam
604 3404 768 3457 extra
816 3415 1112 3471 supraque
1161 3397 1434 3470 patriam,
1467 3397 1524 3452 id
1556 3401 1646 3453 est
1674 3396 1815 3452 Nor-

152 3491 483 3557 manniam,
515 3488 868 3546 extulerunt.
904 3485 1043 3554 Quis
1088 3487 1246 3543 enim
1278 3486 1562 3542 Wiscardi
1612 3484 1812 3558 probi-

148 3586 334 3636 tatem
368 3596 487 3634 non
520 3578 745 3651 probet,
779 3577 952 3649 cujus
999 3574 1172 3650 signa
1217 3576 1326 3631 sub
1359 3592 1499 3641 uno,
1529 3579 1595 3630 ut
1625 3573 1812 3639 aiunt,

153 3670 246 3726 die
278 3670 522 3725 Graecus
563 3665 1044 3738 Alemannusque
1099 3664 1416 3736 imperator
1447 3668 1817 3720 tremuerunt

156 3756 461 3814 victricia?
495 3756 741 3812 Romam
788 3770 1044 3827 namque
1084 3770 1359 3826 presens,
1392 3752 1816 3809 abAlemanno

159 3845 447 3903 liberavit.
483 3845 816 3901 Graecorum
842 3848 1061 3910 autem,
1086 3842 1144 3896 in
1177 3842 1239 3909 B,
1274 3840 1434 3913 prole
1463 3840 1671 3897 bellica
1696 3841 1818 3896 vin-

161 3936 348 3992 cendo
403 3950 621 4007 regem,
673 3931 1011 4005 subjugavit
1058 3929 1353 4003 regionem
1392 3947 1406 3985 :
1447 3929 1654 4001 reliqui
1685 3946 1818 3986 vero

162 4026 379 4081 fratres
409 4038 655 4078 numero
706 4022 793 4076 11.
844 4017 1246 4092 Campaniam,
1280 4016 1631 4088 Calabriam,
1660 4019 1821 4089 Apu—

1838 2777 1881 2844 C
1914 2776 2117 2833 hostem
2146 2775 2461 2848 feriendum
2508 2793 2643 2844 esse,
2694 2793 2806 2832 non
2850 2776 3168 2833 radendum.
3202 2776 3283 2833 De
3334 2793 3398 2833 se
3445 2776 3572 2849 ipse

1917 2864 2063 2919 nihil
2095 2865 2305 2932 dicere,
2338 2869 2398 2921 at
2427 2865 2539 2921 dici
2572 2864 2987 2922 insatiabiliter
3028 2865 3301 2921 sitiebat:
3330 2865 3574 2939 proinde

1917 2970 2158 3009 somnos
2191 2953 2426 3026 vigiliis,
2470 2954 2725 3027 quietem
2771 2953 2979 3019 labori,
3030 2954 3358 3009 satietatem
3411 2954 3570 3022 fami,

1917 3041 2104 3098 otium
2137 3042 2655 3114 studio,postremo
2686 3042 2985 3115 superﬂua
3005 3042 3202 3099 omnia
3229 3043 3574 3099 necessariis

1919 3133 2325 3203 postponebat.
2359 3131 2494 3187 Sola
2540 3136 2667 3187 erat
2714 3130 2908 3187 laudis
2949 3131 3154 3204 gloria,
3188 3148 3315 3203 quae
3338 3131 3575 3202 juvenis

1920 3225 2177 3275 mentem
2210 3220 2475 3293 agitaret,
2496 3222 2668 3291 cujus
2690 3219 3063 3292 quotidianos
3094 3220 3406 3276 mercanda
3434 3219 3573 3276 titu-

1918 3307 2026 3376 los,
2061 3308 2290 3364 facilem
2316 3308 2501 3364 crebri
2534 3309 2791 3365 vulneris
2824 3309 3075 3365 ducebat
3096 3310 3394 3380 jacturam
3430 3326 3443 3364 :
3477 3325 3573 3365 eo-

1921 3414 2035 3470 que
2066 3414 2170 3453 nec
2199 3414 2304 3454 suo
2336 3398 2609 3469 parcebat
2639 3398 2936 3472 sanguini,
2972 3414 3076 3453 nec
3109 3396 3306 3455 hostili
3339 3397 3574 3470 :dispu-

1921 3488 2085 3543 tabat
2135 3503 2335 3543 secum
2384 3485 2444 3541 in
2488 3487 2615 3543 dies
2664 3487 2900 3550 animus
2932 3488 3212 3560 prudens,
3245 3502 3430 3558 eaque
3462 3488 3574 3542 fre-

1922 3575 2192 3647 quentior
2222 3592 2356 3631 eum
2388 3576 2675 3647 coquebat
2706 3577 2989 3643 anxietas,
3022 3576 3177 3648 quod
3211 3575 3432 3630 militiae
3454 3591 3574 3631 sua;

1923 3664 2243 3720 certamina
2272 3670 2556 3736 praecepto
2586 3665 2820 3721 videbat
2851 3664 3084 3721 obviare
3116 3663 3406 3720 dominico
3431 3681 3445 3719 :
3471 3664 3579 3721 Do-

1925 3753 2122 3810 minus
2152 3753 2368 3825 quippe
2398 3753 2698 3809 maxillam
2731 3771 3076 3826 percussum
3101 3754 3290 3825 jubet,
3310 3758 3368 3809 et
3397 3752 3581 3809 alium

1925 3840 2254 3915 percussori
2286 3841 2571 3913 praebere;
2607 3842 2816 3898 militia
2845 3859 2979 3898 vero
3012 3840 3297 3911 saeculari,
3332 3859 3439 3898 nec
3487 3859 3584 3898 co-

1927 3934 2101 4004 gnato
2124 3929 2398 4003 sanguini
2421 3947 2688 4002 parcere:
2710 3931 2993 3987 Dominus
3015 3930 3274 3987 tunicam
3299 3930 3584 3987 auferenti

1929 4019 2184 4075 dandam
2207 4022 2419 4087 esse,ct
2449 4018 2725 4090 penulam
2753 4020 3061 4088 admonet;
3093 4018 3317 4075 militias
3339 4018 3589 4075 necessi-

162 4113 304 4170 liam
334 4110 596 4168 contenti
624 4108 935 4165 debellare.
968 4106 1359 4206 Excipiendus
1392 4110 1482 4162 est
1514 4105 1817 4206 Rogerius,
1852 4141 1898 4206 Β
1927 4112 2018 4164 tas
2050 4108 2337 4164 ambabus
2367 4108 2615 4180 spoliato
2648 4107 2874 4181 reliqua
2920 4127 3049 4181 quae
3098 4113 3418 4183 supersunt
3459 4125 3587 4165 esse

164 4204 259 4258 cui
288 4201 541 4258 subacta
566 4197 869 4272 gentilitas
898 4195 1116 4264 Sicula,
1149 4194 1397 4270 gloriam
1421 4194 1644 4268 peperit
1673 4196 1825 4252 inter
1856 4194 1894 4206 “’
1931 4197 2266 4254 auferenda.
2301 4197 2431 4252 Haec
2462 4198 2657 4269 itaque
2690 4198 3097 4270 repugnantia,
3132 4199 3180 4254 si
3213 4199 3447 4270 quando
3492 4198 3587 4253 in-

165 4294 382 4348 fratres
410 4288 766 4345 aWiscardo
795 4286 1113 4343 secundam
1144 4302 1157 4340 ε
1194 4285 1295 4341 sed
1328 4284 1387 4339 in
1419 4283 1512 4340 his
1544 4301 1657 4340 non
1690 4284 1823 4340 diu-

163 4382 285 4436 tius
314 4395 415 4436 me
447 4377 593 4433 sinit
621 4375 922 4432 immorari
955 4376 1159 4432 eadem
1190 4392 1317 4447 quae
1349 4374 1409 4429 in
1440 4373 1548 4430 bas
1580 4390 1672 4429 me
1714 4373 1824 4430 im-

164 4470 334 4525 misit
359 4483 559 4523 moras
588 4464 868 4522 narratio.

166 4578 337 4648 Regia
394 4573 656 4630 Tancredi
702 4570 944 4639 indoles,-
993 4570 1071 4698 aot
1115 4570 1316 4626 bellum
1362 4586 1581 4626 sacrum
1619 4585 1677 4625 se
1722 4567 1829 4624 dis-

917 4658 1047 4698 nom
1074 4683 1088 4698 .

953 4658 1088 4698 orm.

910 4659 1088 4716 parm.

242 4736 289 4793 Ν
300 4751 418 4791 unc
445 4733 614 4789 redeo
645 4732 719 4789 ad
749 4731 1120 4788 Tancredum
1154 4746 1167 4784 :
1198 4728 1394 4802 ipsum
1439 4745 1544 4785 nec
1574 4732 1828 4801 paternae

174 4842 315 4898 opes
337 4823 418 4880 ad
439 4820 873 4889 lasciviam,nec
896 4820 970 4876 ad
1000 4818 1336 4891 superbiam
1367 4818 1543 4873 traxit
1571 4818 1833 4890 potentia

176 4919 588 4987 cognatorum.
634 4910 841 4965 Adhuc
890 4908 1229 4964 adolescens
1271 4908 1517 4978 juvenes
1573 4906 1832 4979 agilitate

178 5017 505 5069 armorum,
538 5015 770 5054 morum
800 4997 1080 5070 gravitate
1122 5012 1292 5052 senes
1334 4995 1781 5051 transcendebat
1815 5012 1829 5050 :

178 5107 338 5148 nunc
387 5089 502 5156 his,
534 5104 692 5143 nunc
722 5086 839 5143 illis
867 5103 1082 5142 novum
1126 5083 1361 5141 virtutis
1409 5084 1827 5156 spectaculum.

176 5181 406 5237 Extunc
435 5180 855 5250 praeceptorum
886 5175 987 5231 Dei
1020 5173 1264 5231 sedulus
1293 5171 1545 5245 auditor,
1580 5190 1837 5230 summo-

176 5285 315 5343 pere
344 5265 623 5324 studebat
651 5268 709 5320 et
735 5263 936 5319 audita
956 5262 1372 5335 recolligere,et
1401 5267 1687 5334 quantum
1714 5280 1838 5336 per-

176 5356 454 5414 mittebat
482 5369 805 5410 coazvorum
836 5350 1218 5418 conversatio,
1239 5350 1543 5406 recollecta
1570 5350 1834 5424 implere,

174 5444 403 5503 nemini
433 5442 760 5509 detrahere,
813 5441 991 5498 etiam
1046 5456 1181 5496 cum
1236 5438 1349 5495 sibi
1398 5438 1834 5507 detrahebatur,

175 5533 559 5619 dignabatur,
589 5530 708 5593 imo
736 5529 975 5592 hosticas
1005 5526 1369 5590 strenuitatis
1397 5528 1831 5605 praeminebat,

1934 4286 2164 4342 dultum
2196 4289 2284 4341 est
2302 4285 2603 4359 indulgere
2626 4285 3121 4358 quieti,sapientis
3143 4287 3249 4342 viri
3275 4287 3586 4343 audaciam

1933 4375 2216 4448 sopiebat.
2247 4376 2320 4429 At
2348 4380 2658 4447 postquam
2692 4375 2908 4430 Urbani
2940 4392 3102 4447 papae
3136 4376 3424 4431 sententia
3454 4373 3585 4430 uni-

1930 4463 2115 4520 versis
2139 4462 2606 4518 Christianorum
2622 4462 2867 4535 gentilia
2883 4464 3307 4536 expugnaturis
3329 4467 3589 4535 peccato-

1934 4570 2067 4610 rum
2097 4551 2362 4609 omnium
2394 4551 2797 4607 remissionem
2821 4550 3098 4624 ascripsit
3131 4569 3144 4607 :
3177 4557 3318 4608 tuuc
3348 4552 3586 4607 demum

1936 4641 2105 4715 quasi
2154 4641 2326 4713 sopiti
2373 4639 2535 4713 prius
2585 4645 2920 4713 experrecta
2968 4645 3060 4696 est
3104 4640 3213 4695 viri
3244 4640 3586 4708 strenuitas,

1935 4732 2087 4787 vires
2118 4735 2455 4802 assumptae,
2489 4728 2642 4785 oculi
2701 4728 2904 4801 aperti,
2959 4729 3208 4785 audacia
3254 4727 3584 4802 geminata:

1937 4820 2101 4893 prius
2127 4835 2402 4890 namque,
2437 4823 2499 4873 ut
2529 4818 2931 4890 praescriptum
2966 4823 3077 4886 est,
3112 4817 3345 4873 animus
3372 4819 3499 4888 ejus
3527 4815 3589 4871 in

1937 4909 2159 4967 bivium
2187 4908 2497 4964 secabatur
2518 4907 2834 4978 ambiguus
2858 4908 3049 4964 utrius
3070 4910 3412 4980 sequeretur
3424 4905 3594 4962 vesti-

1940 4998 2062 5073 gia;
2094 4997 2396 5069 evangelii,
2432 5014 2509 5053 an
2540 4996 2748 5051 mundi
2782 5014 2795 5052 :
2830 4996 3191 5069 experientia
3234 5013 3368 5052 vero
3402 5012 3594 5052 armo-

1941 5104 2071 5144 rum
2103 5088 2174 5142 ad
2205 5087 2417 5142 Christi
2442 5085 2792 5157 obsequium
2824 5092 3300 5158 revocata,supra
3323 5085 3598 5142 credibile

1941 5176 2131 5232 virum
2162 5172 2429 5230 accendit
2459 5172 2750 5228 militandi
2786 5173 3086 5245 duplicata
3134 5173 3382 5231 occasio.
3417 5174 3602 5247 Igitur

1944 5265 2080 5320 data
2107 5259 2459 5318 commeatui
2501 5276 2697 5331 opera,
2732 5260 2888 5315 brevi
2936 5277 3063 5331 quae
3114 5260 3602 5316 necessariasunt

1946 5358 2148 5425 parata
2176 5355 2315 5407 sunt
2345 5366 2359 5405 :
2394 5364 2500 5404 nec
2534 5364 2781 5420 magnas
2812 5348 3052 5420 quidem
3084 5366 3366 5422 expensas
3414 5348 3603 5421 coegit

1945 5441 2119 5498 homo
2151 5439 2251 5513 qui
2283 5438 2340 5493 in
2373 5453 2595 5493 morem
2630 5454 2664 5492 a
2693 5454 2874 5510 puero
2907 5438 3148 5494 duxerat
3170 5455 3263 5495 res
3284 5442 3598 5510 antequam

1944 5529 2216 5593 venirent
2244 5526 2306 5589 in
2335 5542 2533 5601 suum,
2565 5524 2627 5586 in
2650 5525 2752 5603 jus
2782 5526 3085 5588 traducere
3116 5526 3410 5587 alienum:
3435 5542 3603 5590 arma
