4010 6078
394 234 516 297 495

906 235 1009 296 AD
1055 233 1568 297 GODEFRIDUM
1612 233 1947 295 APPEND.
1995 231 2073 293 Il.
2110 267 2184 277 -—
2217 229 2529 297 MONUM.
2580 236 2681 296 DE
2725 236 2976 296 BELLO
3021 234 3291 299 SACRO.

3685 230 3803 295 496

398 373 597 424 tamen
625 365 924 436 militaria,
959 366 1236 437 caballos,
1269 366 1481 436 mulos,
1516 371 1571 424 et
1602 366 1714 423 alia
1744 366 2046 439 hujusmo-
2072 368 2128 434 Α
2157 365 2559 424 inveniebatur
2585 368 2831 438 defecta,
2864 372 2967 425 aut
3012 368 3096 425 eis
3147 368 3337 441 ripam
3384 366 3543 441 ﬂuvii
3575 364 3807 440 rapacis

397 454 457 513 di
485 471 590 530 pro
620 455 1085 513 commilitonum
1120 472 1361 513 suorum
1394 471 1658 524 numero,
1696 454 2054 512 sufﬁcienter

398 544 641 618 aptavit.

713 631 717 634 ’
826 633 897 690 lI.
931 665 996 674 -—-
1027 632 1339 692 Boamumli
1364 634 1620 706 elogium.

467 722 604 779 Erat
632 720 842 780 iisdem
892 723 1256 795 temporibus
1304 722 1502 796 magni
1550 720 1807 777 nominis
1854 721 2046 790 heros,

397 811 569 883 cujus
599 809 1002 867 adolescentiae
1051 827 1233 884 supra.
1283 810 1501 867 mentio
1550 810 1704 866 facta
1748 815 1861 879 est,
1902 815 2048 866 Boa-

397 899 660 956 mundus
687 899 923 957 Roberti
954 898 1116 956 illius
1145 898 1362 972 egregii
1410 898 1707 956 bellatoris
1738 899 2049 971 agnomina

397 987 686 1046 Wiscardi
746 987 924 1057 ﬁlius,
977 993 1231 1061 paternas
1280 990 1539 1046 audaciae
1597 990 2050 1046 strenuissimus

398 1075 928 1149 emulatorzbujus
956 1093 1195 1150 quoque
1223 1078 1454 1134 animos
1484 1079 1686 1134 eadem
1718 1095 1846 1151 quae
1878 1083 2048 1133 caete-

398 1180 497 1222 ros
525 1181 627 1238 per
655 1166 855 1222 orbem
884 1165 1178 1238 principes
1223 1165 1542 1239 apostolica
1586 1166 1921 1240 praedicatio
1976 1167 2049 1223 ad

396 1254 768 1312 liberandum
798 1256 872 1311 ab
904 1254 1230 1312 inﬁdelium
1268 1257 1413 1335 jugo
1465 1255 1789 1314 Jerusalem
1836 1257 2050 1313 excita-

395 1346 575 1400 verat.
605 1344 749 1415 Ejus
771 1344 1016 1417 imperio
1048 1345 1336 1417 quidquid
1368 1349 1458 1401 est
1487 1346 1834 1419 oppidorum
1865 1351 1923 1402 et
1953 1362 2049 1401 ur-

396 1431 561 1489 bium
594 1449 629 1489 a
657 1432 899 1506 Siponto
947 1433 1020 1489 ad
1052 1432 1335 1489 Oriolium
1380 1434 1440 1489 in
1490 1434 1806 1503 maritima,
1845 1451 2051 1492 omnes

397 1537 642 1594 prorsus
672 1521 732 1577 in
761 1520 1062 1579 montanis
1102 1527 1160 1579 et
1188 1522 1620 1595 campestribus
1648 1522 1812 1592 locis,
1845 1540 2053 1581 omnes

396 1609 517 1667 fere
546 1609 904 1667 serviebant:
922 1611 995 1666 ad
1024 1611 1145 1667 haec
1166 1627 1277 1667 sua
1296 1614 1418 1666 tam
1442 1612 1617 1667 urbes
1638 1628 1812 1684 quam
1837 1613 2053 1685 oppida

395 1697 569 1772 Apuli
600 1703 849 1766 montes,
894 1699 1241 1772 Calabrique
1272 1700 1526 1772 plurima
1556 1700 1948 1758 sustinebant.
1993 1707 2051 1759 ls

398 1786 730 1844 Graecorum
761 1787 1175 1861 imperatorem
1204 1788 1475 1845 Alexium
1523 1788 1614 1846 bis
1654 1791 1765 1847 sub
1796 1795 1960 1863 patre
1990 1791 2050 1848 in

398 1875 599 1949 fugam
628 1880 991 1932 converterat
1023 1893 1037 1931 :
1071 1876 1262 1950 primo
1292 1877 1530 1951 quidem
1558 1880 1617 1934 in
1649 1879 1833 1935 oculis
1865 1880 2052 1952 patris

399 1965 509 2021 sub
542 1966 813 2039 Dyrachii
844 1965 1169 2035 moenibus;
1204 1968 1462 2023 secundo
1492 1972 1690 2023 autem
1723 1973 1889 2041 patre
1935 1970 2049 2026 Ro-

400 2070 557 2110 mam
589 2070 838 2123 reverso,
873 2054 999 2127 ipse
1046 2058 1288 2127 peteme
1329 2057 1605 2113 exercitui
1651 2058 1808 2129 apud
1858 2057 2049 2115 Laris-

399 2158 529 2197 sam
560 2142 813 2198 vicarius
844 2142 1082 2199 relictus
1106 2159 1263 2216 :qute
1289 2143 1529 2200 victoria
1559 2144 1710 2201 sicut
1738 2146 1902 2218 prius
1932 2146 2052 2219 glo-

399 2229 546 2287 riam
581 2230 1000 2304 geminaverat,
1050 2232 1132 2288 ita
1178 2233 1374 2299 modo,
1403 2234 1679 2290 victorem
1735 2235 1890 2303 licet,
1938 2236 2048 2292 sub

399 2317 560 2392 pacis
593 2319 829 2376 nomine
856 2321 1369 2376 transfretaturum
1384 2322 1575 2378 acrius
1588 2325 1883 2395 pungebat
1903 2341 1915 2380 :
1937 2341 2053 2382 me-

397 2408 717 2464 tuebantur
767 2407 924 2464 enim
974 2410 1306 2466 Graecorum
1350 2410 1598 2483 insidiae,
1632 2412 1731 2484 qui
1764 2413 2051 2471 familiare

398 2495 619 2552 habent
667 2513 816 2569 quos
862 2497 1039 2554 etiam
1090 2499 1236 2555 bene
1290 2500 1530 2556 meritos
1560 2500 1948 2558 invitaverunt
1975 2503 2048 2559 ad

398 2601 667 2654 munera,
718 2579 1015 2642 retrudere
1062 2587 1133 2642 ad
1184 2587 1385 2661 ﬂagra.
1438 2590 1585 2655 Quid
1626 2606 1763 2663 ergo
1818 2608 2051 2664 exaspe-

400 2673 550 2730 rati?
580 2674 885 2746 quid‘victi
917 2676 1131 2748 saepius
1163 2676 1423 2732 molituri
1463 2683 1647 2747 erant,
1681 2679 1893 2751 quidve
1924 2680 2050 2737 suis

398 2763 470 2818 de
498 2778 562 2819 se
590 2763 810 2819 dabant
838 2780 1074 2837 sperare
1101 2765 1459 2822 victoribus?
1488 2767 1720 2824 miseris
1768 2773 1871 2824 aut
1898 2769 2047 2825 infe-

397 2852 641 2907 rendam
670 2868 798 2908 esse
828 2851 1276 2925 perniciem,aut
1308 2856 1651 2912 terrentium
1701 2857 1759 2912 in
1791 2858 2050 2931 potentia

397 2944 777 2997 cessaturam.
810 2938 940 2998 Haec
971 2942 1154 3015 igitur
1181 2942 1513 3000 sollicitudo
1538 2945 1859 3002 Boamundi
1884 2947 2048 3003 navi-

396 3028 492 3103 gio
513 3045 710 3086 moras
728 3028 1089 3101 innectebat;
1113 3037 1471 3105 quapropter
1500 3034 1725 3090 strenui
1761 3036 2050 3110 cujusque

2160 456 2336 528 pedes
2364 457 2676 514 vadatura:
2700 474 2837 513 nam
2869 457 3149 515 famelicus
3180 456 3455 514 continuo
3485 456 3684 525 cibus;
3704 472 3806 511 vas-

2160 544 2379 601 daturaa
2408 562 2595 619 equus
2624 563 2726 619 pro
2758 546 2913 615 navi,
2943 563 3047 619 pro
3097 544 3315 619 remige
3360 560 3560 618 eques,
3602 558 3807 618 eques,

2158 634 2423 706 inquam,
2456 635 2583 709 ipse
2608 635 2946 692 Tancredus
2976 635 3166 692 libens
3196 634 3600 709 supplebatur.

2233 723 2397 779 IV.—
2429 725 2680 781 Flavium
2706 724 2911 781 Bardal
2938 726 3208 853 sumta-uis
3249 726 3476 797 trajicit.
3520 727 3735 782 Graecos

2860 812 3056 853 supera
3086 839 3098 851 .

2860 812 3098 870 ειιρθναι.

2230 883 2357 940 Tali
2389 883 2642 958 populus
2672 883 2771 941 ille
2801 886 3007 942 beatus
3035 884 3579 958 prmsidio,feliciter
3598 884 3667 940 ad
3692 883 3808 939 ﬂm

2160 989 2290 1029 men
2324 975 2479 1046 quod
2513 974 2718 1030 Bardal
2738 974 2973 1041 dicitur,
2996 973 3461 1048 perduciturzibi
3492 978 3809 1029 castrame-

2161 1062 2261 1118 tati
2294 1063 2420 1119 dies
2448 1063 2668 1136 aliquot
2688 1063 2746 1119 in
2770 1080 2934 1122 mora
2952 1060 3809 1137 consumpserunt.0bsistebat

2158 1168 2361 1208 eorum
2391 1153 2665 1209 transitui
2699 1152 2911 1209 ﬂuvius
2940 1158 3198 1226 rapax,et
3218 1158 3460 1225 utraque
3479 1151 3606 1225 ripa
3625 1152 3809 1208 mini!

2159 1240 2333 1313 plena
2360 1241 2693 1310 hostilibus,
2716 1242 3002 1314 plurimos
3029 1243 3316 1298 terrebat:
3342 1257 3478 1299 nam
3500 1241 3599 1314 qui
3619 1247 3811 1297 trans-

2158 1331 2350 1387 eundo
2379 1332 2760 1404 procederent
2780 1331 2874 1388 his
2906 1330 3529 1404 l‘urcopolosafronte;
3564 1330 3664 1404 qui
3686 1336 3807 1386 tar-

2159 1421 2366 1476 darent
2414 1419 2532 1477 illis
2580 1438 2615 1476 a
2661 1426 2823 1494 tergo
2861 1421 3192 1477 timendum
3219 1436 3349 1477 esse
3377 1420 3701 1483 videbatur.
3733 1422 3809 1476 At

2159 1509 2497 1566 Tancredus
2526 1510 2626 1566 ubi
2661 1509 2977 1567 exercitum
3026 1526 3292 1566 mussare
3337 1508 3515 1577 videt,
3549 1508 3809 1583 periculo

2157 1597 2337 1654 vitam
2384 1598 2613 1671 objicit;
2665 1600 2957 1673 gurgitem
3012 1598 3243 1667 transit,
3294 1598 3498 1672 paucis
3555 1613 3809 1671 sequen-

2157 1686 2365 1744 tibus:
2397 1687 2513 1759 his,
2560 1688 2825 1762 inquam.
2875 1689 3110 1758 coactis,
3157 1686 3257 1744 ille
3312 1687 3635 1744 ultroneus.
3686 1687 3809 1744 Meo

2157 1776 2401 1833 tucbant
2428 1776 2609 1834 coacti
2649 1795 2722 1834 ne
2750 1782 2956 1834 turmae
3001 1783 3123 1833 tam
3167 1777 3299 1833 exili
3344 1775 3574 1834 hostilis
3614 1777 3813 1832 incur-

2158 1870 2310 1922 reret
2341 1866 2507 1922 multi
2516 1867 3024 1924 tudo.Tancredus
3044 1872 3348 1934 eontra,ne
3367 1867 3509 1922 dum
3529 1866 3813 1922 transiret-

2159 1956 2233 2012 ad
2262 1972 2546 2030 pugnam,
2576 1961 2819 2013 terreret
2847 1957 2906 2012 in
2936 1957 3135 2030 fugam
3169 1975 3184 2013 :
3218 1956 3418 2029 sicque
3447 1955 3693 2011 audacia
3724 1954 3811 2011 vi-

2158 2044 2399 2101 ctoriam
2431 2045 2669 2119 quidem
2692 2050 2946 2119 pareret:
2981 2063 3181 2102 verum
3205 2045 3388 2103 altero
3407 2044 3659 2100 victoria:
3679 2060 3809 2117 pre.

2157 2134 2240 2190 tio
2270 2134 2474 2207 spoliis
2494 2135 2803 2191 careret.ln
2827 2152 2943 2208 qua
2961 2134 3354 2191 sollicitudine
3375 2133 3616 2189 flumine
3638 2143 3813 2209 supe-

2157 2227 2302 2291 rato,
2336 2223 2395 2278 in
2427 2223 2669 2282 alterius
2697 2229 2893 2281 votum
2927 2224 3233 2296 utriusque
3264 2223 3494 2278 timoris
3523 2223 3813 2295 praesagia

2157 2319 2461 2369 cesserunt
2492 2330 2506 2368 :
2540 2331 2677 2370 nam
2726 2312 3106 2370 insidiatorire
3158 2311 3482 2386 pluralitati
3515 2310 3810 2385 paucitate

2158 2401 2568 2469 oblata,visum
2591 2408 2679 2458 est
2696 2402 2887 2476 gentis
2912 2402 3168 2475 praedam
3190 2400 3417 2457 venisse
3439 2401 3497 2456 in
3518 2415 3805 2473 pugnam,

2156 2490 2513 2548 latebrarum
2574 2492 2831 2564 ignaros,
2891 2507 3007 2547 non
3068 2490 3387 2563 prmscios:
3438 2488 3812 2562 prosilientes

2157 2579 2338 2653 igitur
2364 2598 2394 2636 e
2419 2580 2680 2636 latibulis
2711 2580 2956 2652 sagitta,
2984 2578 3325 2636 terribiliter
3355 2578 3613 2651 ﬁgurant
3659 2578 3808 2634 dum

2156 2669 2373 2737 volant,
2430 2671 2681 2740 nubem;
2729 2670 2871 2724 dum
2937 2669 3176 2737 cadunt,
3232 2668 3609 2741 grandinem;
3659 2667 3807 2722 dum

2158 2762 2377 2825 astnnt,
2412 2764 2691 2831 segetem.
2716 2758 2988 2814 Nondum
3019 2758 3090 2812 ad
3124 2757 3376 2813 Francos
3398 2760 3635 2811 ventum
3656 2759 3807 2821 erat,

2158 2863 2293 2904 cum
2333 2848 2461 2919 jam
2507 2846 2737 2903 nullum
2784 2846 3101 2903 dimicandi
3147 2844 3368 2901 latebat
3409 2860 3641 2919 genus:
3684 2860 3804 2900 non

2157 2936 2398 3004 cursim,
2432 2953 2547 2992 non
2606 2936 2826 3009 rapide,
2889 2952 3004 2991 non
3054 2933 3286 3003 saltim;
3319 2934 3421 2990 sed
3447 2932 3804 3006 pedetentim

2157 3025 2449 3095 obviabat,
2484 3025 2666 3082 missa
2711 3025 2943 3082 eminus
2988 3023 3243 3080 tolerans
3281 3022 3528 3096 spicula,
3559 3022 3698 3077 dum
3733 3038 3804 3079 eo

394 3117 1129 3191 viribuspropriasvallare
1151 3121 1445 3194 sapienter
1462 3123 1572 3179 sibi
1597 3123 2051 3199 consuluit,por-
2078 3110 2120 3178 C
2160 3130 2348 3187 usque
2397 3131 2733 3187 processum
2787 3117 2962 3172 esset.
3007 3117 3072 3170 ut
3117 3113 3390 3170 caderent
3435 3116 3568 3185 post
3614 3114 3801 3184 terga.

392 3207 554 3263 tibus
582 3207 817 3263 interim
848 3208 1001 3264 exitu
1035 3211 1529 3284 negato.Auditus
1558 3229 1692 3269 vero
1722 3214 1925 3271 eodem
1956 3214 2046 3272 in-

392 3295 644 3353 caluisse
672 3297 963 3354 desiderio
1004 3299 1364 3366 Tancredus,
1415 3301 1648 3374 cognati
1694 3302 2046 3360 sollicitudi-

391 3400 526 3440 nem
554 3387 612 3441 et
640 3384 944 3456 minuit,et
976 3388 1172 3443 anxit:
1198 3389 1618 3453 minuit,robur
1644 3392 1837 3447 robori
1869 3393 2050 3449 credi-

390 3476 490 3529 tus
520 3473 768 3541 addere;
802 3475 984 3543 anxit,
1030 3476 1186 3532 viam
1237 3477 1471 3533 fmderis
1518 3478 1908 3552 improvidum
1959 3498 2049 3540 co-

388 3576 535 3634 gens
564 3561 889 3634 providere.

633 3650 729 3706 llI.
764 3682 833 3692 -
858 3651 993 3707 Cum
1022 3669 1082 3710 eo
1109 3653 1288 3725 fwdus
1315 3654 1447 3711 iniit
1480 3656 1802 3715 Tancredus.

462 3736 664 3795 Multis
680 3739 875 3812 itaque
887 3741 1097 3812 opibus
1112 3741 1530 3816 blanditiisque
1542 3747 1826 3818 praemissi
1834 3750 2045 3821 s,apud

391 3827 759 3884 Tancredum
790 3829 1093 3886 obtentum
1142 3835 1230 3887 est
1279 3836 1345 3887 ut
1388 3833 1500 3888 sub
1550 3834 1889 3892 Boamundo
1922 3838 2044 3912 ipse

390 3915 560 3988 quasi
591 3916 709 3972 dux
738 3918 851 3973 sub
882 3934 1014 3992 rege
1036 3920 1333 3977 secundus
1364 3922 1438 3977 ab
1469 3938 1536 3978 eo
1567 3922 1879 3981 militaret:
1904 3944 2041 3985 nam

386 4009 598 4077 praeter
644 4003 984 4076 blanditias,
1018 4008 1361 4081 oblataeque
1400 4027 1558 4083 opes,
1593 4014 1878 4085 urgebant
1906 4033 2041 4073 eum

386 4091 502 4150 alia
531 4093 647 4150 duo
677 4111 690 4150 :
725 4095 1135 4169 propinquitas
1166 4098 1481 4170 generis,et
1510 4100 1830 4159 difﬁcultas
1850 4108 2040 4161 trans-

386 4181 742 4251 fretatiouis;
779 4201 1030 4256 quarum
1062 4186 1302 4258 quidem
1336 4187 1457 4243 haec
1485 4189 1721 4259 amoris,
1748 4190 1829 4247 illi
1862 4192 2040 4250 timo-

385 4270 468 4327 ris
519 4271 795 4344 poculum
826 4273 1088 4331 vicissim
1139 4273 1189 4331 ei
1239 4275 1626 4348 propinabant
1679 4296 1693 4336 :
1737 4280 1849 4336 nisi
1880 4283 2038 4340 enim

383 4359 726 4417 Boamundo
775 4360 833 4418 in
886 4362 980 4421 his
1025 4380 1152 4436 quae
1199 4365 1516 4439 rogabatur
1542 4383 1761 4424 morem
1791 4378 2034 4443 gereret,

382 4447 551 4542 facile
583 4450 736 4542 etde
765 4450 985 4508 invidia
1014 4453 1180 4542 argui
1215 4459 1272 4509 et
1301 4472 1336 4509 a
1366 4454 1560 4510 littore
1583 4455 1798 4529 dignus
1821 4460 2040 4517 videre-
2068 4477 2113 4542 ι)

379 4540 479 4593 tur
506 4538 605 4611 qui
638 4538 873 4596 deberet
904 4541 1106 4613 repelli
1162 4559 1177 4599 :
1227 4543 1472 4614 proinde
1514 4544 1744 4600 facilem
1776 4547 1927 4604 viam
1961 4550 2032 4607 ad

379 4624 819 4700 impetrandum
852 4629 1068 4686 meruit
1100 4631 1373 4702 precibus
1421 4631 1711 4705 donisque
1740 4635 2039 4695 cumulata

380 4715 992 4788 petitio.Confaaderati
1024 4719 1206 4793 igitur
1234 4720 1407 4776 ambo
1437 4720 2036 4792 Wiscardidae,totius

379 4804 612 4875 generis
643 4804 733 4860 sui
766 4805 1101 4877 praecellens
1134 4808 1473 4875 strenuitas,
1508 4807 1653 4866 laxis
1684 4811 1912 4887 navigio
1936 4814 2038 4872 ha-

378 4892 828 4964 benis,Epyrum
859 4895 1587 4953 delabuntur.Tancredus
1610 4899 1805 4972 itaque
1826 4908 2035 4963 nactus

376 4982 710 5036 exercendae
740 4982 974 5037 virtutis
1008 4984 1404 5051 locnm,morlo
1426 4986 1654 5059 praeviis
1682 4987 1916 5049 insidiis
1937 5010 2033 5051 oc-

378 5068 674 5135 cursabat,
709 5068 1002 5127 interdum
1037 5078 1168 5144 post
1212 5075 1499 5130 exercitus
1528 5076 1774 5150 vestigia
1801 5083 2036 5139 arcebat

378 5154 762 5214 latrunculos.
814 5160 943 5215 Sive
992 5161 1257 5233 praevius,
1308 5163 1426 5218 sive
1478 5181 1751 5236 sequens,
1802 5185 2036 5243 semper

378 5243 560 5313 utilis,
594 5261 828 5319 semper
859 5254 1142 5317 armatus,
1178 5250 1450 5322 periculis
1480 5255 1772 5324 gaudebat
1798 5259 2027 5331 exponi.

377 5332 608 5390 Castoris
633 5333 769 5391 vino
797 5336 1043 5410 sepultis
1075 5345 1133 5395 et
1164 5356 1391 5411 sopore,
1426 5341 1548 5412 ipse
1581 5345 1819 5417 pervigil
1851 5366 2029 5404 excu-

375 5422 516 5509 bare
544 5421 603 5478 in
635 5423 843 5494 triviis,
875 5426 1155 5498 nivesque
1186 5427 1387 5502 clypeo
1422 5433 1744 5503 temperare
1775 5440 1833 5490 et
1861 5453 2029 5509 gran-

2156 3204 2379 3279 Quippe
2427 3204 2618 3278 gentis
2666 3203 2827 3259 illius
2874 3219 3132 3277 pugnam
3188 3216 3507 3275 congressu
3547 3198 3829 3274 plurimo'

2155 3299 2448 3366 expertus,
2484 3310 2599 3367 quo
2630 3292 2866 3350 lucilius
2896 3308 3056 3349 more
3080 3289 3348 3349 vincendi
3378 3295 3547 3346 erant
3586 3304 3807 3362 cognoa

2152 3387 2313 3438 verat
2344 3399 2357 3438 :
2392 3383 2639 3455 ideoque
2668 3382 2898 3438 animos
2922 3398 3028 3454 per
3050 3398 3113 3437 se
3141 3379 3517 3451 ell'renés,per
3548 3379 3807 3451 pruden-

2152 3471 2296 3527 tiam
2329 3472 2679 3529 refrenabat.
2713 3471 2788 3528 Ut
2816 3486 2953 3543 ergo
2983 3468 3252 3526 cominus
3294 3484 3388 3525 res
3434 3467 3554 3540 geri
3589 3466 3800 3540 potuit,

2153 3560 2445 3633 patientia:
2476 3577 2671 3617 moras
2701 3560 2936 3616 redimit
2966 3558 3134 3631 copia
3160 3557 3499 3614 subsecuta.
3532 3556 3827 3612 Habenas-

2151 3649 2700 3718 laxant,calcaribus
2732 3652 2996 3715 utuntur,
3024 3647 3260 3704 lanceas
3286 3646 3536 3711 vibrant,
3562 3644 3801 3700 incum-

2153 3738 2314 3794 bitur
2340 3738 2600 3801 vibratis,
2634 3736 2802 3812 peltae
2831 3741 3160 3793 Graecorum
3196 3734 3412 3791 ﬁducia
3452 3734 3801 3790 incumben-

2149 3828 2309 3884 tibus
2343 3845 2457 3884 non
2488 3828 2789 3883 resistunt.
2825 3826 2998 3883 Porro
3027 3825 3254 3898 sagittae
3302 3822 3491 3879 hastis
3540 3821 3800 3894 urgenti-

2150 3916 2282 3985 bus,
2333 3932 2583 3990 quorum
2652 3916 2815 3990 prius
2858 3913 3040 3971 tutela
3087 3916 3336 3981 fuerant,
3386 3911 3447 3967 in
3504 3911 3796 3968 sarcinam

2150 4010 2599 4063 convertuntur:
2626 4023 2763 4061 nam
2797 4008 3105 4078 postquam
3132 4004 3209 4059 ad
3231 4018 3401 4059 enses
3417 4004 3655 4057 ventum
3685 4003 3798 4069 est,

2149 4111 2295 4150 usus
2324 4094 2601 4168 praeteriit
2629 4093 3106 4167 sagittarum.Sic
3137 4091 3315 4149 Graeci
3348 4091 3605 4162 tegmine
3627 4088 3802 4145 desti-

2148 4184 2257 4239 tuti
2293 4190 2348 4240 et
2370 4184 2589 4256 jaculo,
2617 4183 2860 4239 vulnera
2904 4186 3135 4238 tantum
3167 4179 3483 4252 excipiunt,
3518 4194 3624 4234 nec
3672 4177 3802 4233 red-

2148 4272 2547 4330 dunt.Miseril
2584 4272 2798 4346 quibus
2829 4271 2956 4327 sine
2986 4270 3167 4327 dubfo
3189 4273 3245 4326 et
3265 4268 3391 4325 sine
3422 4266 3614 4324 medio
3646 4282 3799 4322 mor-

2147 4367 2264 4419 tem
2299 4367 2401 4419 aut
2423 4365 2622 4435 fugam
2652 4364 2996 4434 praesentem
3014 4357 3546 4415 omniaintentant!
3574 4355 3791 4412 Miseri!

2147 4453 2247 4508 sed
2280 4451 2667 4509 sicutnullius
2692 4449 3208 4516 misericordes,ita
3235 4446 3382 4503 nulli
3404 4443 3791 4501 miserabiles.

2144 4541 2438 4598 Sternitur
2484 4540 2649 4613 plebs
2698 4538 2973 4607 invalida,
3025 4542 3082 4593 et
3118 4538 3359 4593 docetur
3386 4551 3501 4591 non
3531 4535 3681 4590 ultra
3726 4533 3797 4591 da

2146 4632 2479 4687 Francorum
2527 4630 2758 4685 raritate
2801 4642 3139 4701 praetimere
3169 4646 3188 4682 :
3217 4625 3310 4682 sed
3354 4627 3410 4681 in
3440 4640 3551 4680 uno
3578 4630 3796 4680 centum

2142 4719 2462 4791 formidare.
2497 4717 2835 4774 Tancredus
2873 4715 3028 4772 viam
3076 4714 3271 4788 gladio
3312 4712 3532 4786 aperit;
3565 4714 3621 4768 et
3649 4715 3798 4783 quot

2144 4808 2481 4881 aggreditur
2507 4807 2830 4873 caedendos,
2866 4808 2951 4861 tot
2979 4802 3233 4877 praeterit
3254 4818 3452 4858 caesos.
3483 4800 3651 4856 Illum
3699 4817 3795 4856 se-

2143 4897 2460 4969 quentibus
2492 4894 2658 4951 facile
2687 4912 2806 4967 qua
2834 4910 2897 4951 se
2924 4893 3215 4958 vertisset,
3245 4890 3490 4964 vestigia
3531 4887 3795 4945 declara-

2142 4968 2305 5042 bant.
2338 4985 2554 5041 Trunci
2603 4983 2926 5040 semineces
2965 4968 3020 5038 ‘a
3068 4981 3270 5043 dextra
3315 4982 3373 5035 et
3427 4977 3567 5033 laeva
3597 4977 3796 5034 medio

2142 5073 2366 5131 cruoris
2396 5074 2554 5130 alveo
2584 5071 2939 5145 supplebunt
2967 5070 3263 5144 ripas.Nec
3289 5067 3508 5141 passim
3539 5066 3796 5138 vagandi

2141 5162 2406 5220 licentia:
2423 5163 2524 5219 sed
2543 5179 2646 5235 per
2668 5160 2938 5218 ell'usoris
2956 5159 3229 5217 semitam
3259 5172 3491 5213 currere
3513 5154 3789 5212 dabatur.

2140 5253 2285 5310 Hinc
2315 5252 2530 5308 eﬁ‘usor
2558 5251 2704 5325 ipse,
2738 5268 2852 5306 non
2879 5249 2975 5322 qui
3000 5247 3296 5306 ell'uderitt
3330 5245 3430 5302 sed
3462 5244 3565 5317 qui
3595 5242 3794 5299 edide-

2137 5342 2210 5397 rit
2260 5340 2629 5415 sanguinem,
2681 5340 3002 5413 apparebat
3042 5355 3057 5393 :
3111 5338 3254 5393 adeo
3303 5332 3605 5399 suffectus,
3638 5330 3793 5389 adeo

2136 5436 2474 5488 cruentatus
2505 5420 3643 5493 Tancredumdifﬁtebaturincolorc,sed
3666 5437 3788 5477 non

375 5507 725 5574 dines.F'elix
754 5512 988 5576 anicula
1014 5514 1116 5575 illa
1146 5534 1273 5597 quas
1292 5518 1396 5573 aut
1413 5533 1485 5579 ex
1506 5517 1702 5579 inedia
1724 5507 2024 5586 Tancredo
2134 5520 2494 5582 dit‘ﬁtcbatur
2519 5517 2577 5575 in
2608 5533 2801 5594 opere.
2833 5515 3025 5575 Simili
3054 5514 3229 5575 modo
3260 5511 3448 5588 pubes
3494 5509 3655 5569 socia
3698 5509 3793 5571 fu-
