4010 6078
154 267 276 333 4θῖ
449 264 461 279 ⁸
1519 270 1774 339 GESTA
1815 269 2236 339 TANGREDI.
3460 275 3582 343 498

149 399 369 477 gaude,
404 399 708 472 caedendo,
740 400 1187 476 prosternendo,
1217 398 1435 479 singuli
1468 420 1572 477 pro
1595 403 1721 461 suis
1744 401 1823 461 vi-
1848 404 1905 479 Α
1934 407 2057 461 tras
2108 402 2350 473 solvere,
2399 403 2586 481 peltas
2654 405 2981 476 demittere,
3025 403 3294 465 thoraces
3350 422 3578 477 exuere,

155 490 323 549 ribus
353 508 493 549 arva
521 491 928 550 cruentabant.

152 597 218 655 V.
252 630 322 641 —-
344 602 567 657 Partem
578 601 849 657 exerch
862 600 1171 674 Boamundi
1191 615 1316 674 quae
1329 600 1570 658 nondum
1586 603 1795 672 ﬂumen

440 674 837 740 transmiserat,
869 672 1271 742 aggrediuntur
1298 674 1507 732 Graeci.

219 759 415 835 [gitur
436 760 761 817 Boamundi
790 761 1097 830 exercitus,
1130 762 1229 834 qui
1280 763 1474 819 adhuc
1524 763 1670 818 citra
1700 761 1809 817 flu-

150 850 333 907 minis
364 851 554 923 ripam
583 849 825 907 alteram
859 850 1169 925 pigritans,
1194 852 1563 909 Taucredum
1586 850 1811 924 praemi-

150 945 331 1007 serat,
366 940 599 997 Graecos
630 939 689 995 in
720 940 918 1013 fugam
947 957 1145 997 versos
1196 940 1579 1013 prospiciens,
1612 958 1808 997 moras

151 1029 347 1093 solvit,
374 1028 621 1085 ﬂuvium
673 1028 775 1084 alii
813 1033 1069 1095 tranant,
1120 1046 1257 1103 pars
1306 1028 1591 1103 remigare
1640 1029 1811 1085 docta

149 1119 397 1193 cymbae
428 1118 767 1184 traducunt,
797 1117 897 1174 alii
930 1118 1240 1191 utriusque
1278 1118 1487 1191 ignari,
1519 1134 1805 1191 equorum

151 1208 361 1269 caudis
390 1225 501 1281 pro
546 1206 788 1280 remigio
834 1212 1121 1264 utuntur:
1156 1207 1360 1280 sicque
1407 1208 1567 1264 brevi
1620 1209 1808 1280 spatio

150 1301 273 1354 tota
301 1297 406 1353 illa
437 1296 815 1353 multitudine
861 1300 1211 1364 transvecta,
1271 1297 1442 1369 quasi
1488 1298 1595 1353 600
1624 1302 1808 1353 resta-

150 1387 299 1445 bant
325 1386 783 1452 transVeheudi;
816 1402 930 1441 non
982 1385 1221 1455 milites,
1257 1403 1373 1443 non
1422 1387 1657 1454 armati,
1690 1403 1807 1441 non

146 1477 251 1550 qui
280 1475 374 1532 vel
404 1474 464 1530 in
488 1475 716 1531 hostem
748 1490 936 1539 ruere,
965 1473 1054 1530 vel
1094 1479 1364 1531 ruentem
1395 1474 1671 1547 repellere
1700 1490 1805 1546 po-

146 1566 451 1631 tuissent;
482 1563 696 1637 vulgus
723 1564 967 1629 inerme,
999 1563 1113 1620 nisi
1141 1563 1195 1621 si
1242 1580 1391 1637 quos
1415 1567 1673 1620 armatos
1706 1566 1809 1619 aut

147 1657 433 1712 senectus
456 1653 842 1720 debilitasset,
873 1658 977 1709 aut
1005 1654 1269 1710 morbus.
1300 1654 1466 1709 Tunc
1503 1651 1684 1709 Graeci
1707 1652 1807 1725 qni

146 1744 323 1802 missi
354 1745 585 1799 fuerant
615 1741 959 1798 Latinorum
997 1742 1263 1799 insidiari
1293 1741 1577 1815 vestigiis,
1610 1741 1804 1798 locum

146 1833 310 1892 nacti
341 1837 409 1890 ut
436 1833 726 1905 sanguine
753 1834 968 1888 ferrum
997 1831 1350 1897 imbuerent,
1382 1832 1620 1887 irruunt
1641 1830 1703 1887 in
1727 1847 1810 1887 re-

145 1922 343 1990 lictos,
374 1938 484 1980 seu
514 1920 639 1994 lupi
670 1926 900 1994 pastore
929 1921 1073 1977 orba
1101 1925 1159 1978 et
1204 1920 1451 1977 canibus
1481 1920 1656 1976 ovilia
1687 1924 1809 1975 tru-

147 2013 443 2070 eidantes.
468 2011 559 2068 Fit
585 2009 827 2079 clamor,
863 2016 1070 2067 mearet
1118 2011 1245 2083 ripa
1289 2015 1555 2082 utraque,
1589 2009 1725 2066 hinc
1755 2013 1813 2065 et

146 2102 293 2159 inde
318 2117 433 2158 nec
459 2100 709 2173 querela;
739 2100 954 2157 desunt
980 2116 1085 2156 nec
1105 2099 1384 2173 gemitus.
1421 2098 1486 2154 lli
1516 2098 1715 2155 dolent
1739 2098 1810 2154 de

148 2208 340 2258 mora,
372 2189 461 2247 illi
491 2189 565 2245 de
594 2188 968 2245 festinantia:
1002 2188 1109 2244 hos
1160 2189 1363 2261 pudet,
1395 2188 1536 2258 quia
1571 2205 1681 2244 non
1714 2189 1811 2243 da-

149 2286 251 2339 tur
276 2278 593 2347 invadere;
620 2277 755 2334 illos
784 2277 997 2350 magis,
1038 2276 1177 2350 quia
1222 2277 1464 2333 evadere
1512 2293 1628 2333 non
1652 2276 1806 2343 licet,

151 2370 334 2442 piget.
368 2367 715 2424 Tancredus
742 2365 965 2423 interea
992 2366 1186 2422 adhuc
1208 2365 1568 2439 fugientibus
1596 2365 1809 2422 Graecis

149 2457 412 2525 iuuans,
443 2456 818 2530 sequentium
842 2455 1183 2512 instantiam
1204 2454 1374 2511 celeri
1407 2472 1583 2511 cursu
1602 2453 1813 2527 accipit

150 2547 535 2605 nuntiatam:
566 2545 862 2602 neminem
910 2545 1201 2613 resistere,
1242 2560 1583 2601 succurrere
1631 2543 1812 2600 nemi-

146 2654 316 2704 nem,
369 2641 632 2692 armatos
680 2634 833 2691 ultro
877 2633 1119 2691 ﬂuvium
1169 2633 1512 2706 remigasse,
1552 2632 1810 2689 inermes

143 2728 323 2797 citra,
354 2726 521 2797 ipsos
559 2725 686 2797 jam
735 2724 853 2780 fere
901 2724 1069 2796 quasi
1120 2723 1420 2779 mordicus
1468 2721 1806 2795 dissipatos.

145 2817 284 2874 Haec
300 2820 367 2871 ut
385 2813 654 2887 piissimo
674 2818 731 2869 et
750 2813 823 2870 ad
844 2828 1081 2869 omnem
1105 2810 1543 2886 promptissimo
1564 2810 1812 2867 strenui-

146 2911 337 2962 tatem
368 2902 506 2959 duci
531 2903 829 2973 comperta
858 2905 1020 2967 sunt,
1053 2901 1212 2957 haud
1260 2916 1431 2957 secus
1469 2899 1543 2955 ab
1573 2897 1706 2954 aliis
1736 2899 1807 2954 ad

144 2995 302 3051 alios
330 3008 399 3048 se
430 2991 715 3047 convertit
745 2988 1109 3062 intrepidus:
1143 2989 1314 3063 quasi
1352 2993 1523 3045 nacta
1552 2988 1808 3061 praedam

144 3084 261 3147 lea,
298 3082 350 3139 si
382 3098 535 3153 quas
558 3096 630 3136 ex
652 3080 895 3135 adverso
926 3083 1184 3152 paratas,
1215 3077 1434 3135 relictis
1462 3077 1690 3134 catulis.
1726 3077 1812 3132 in-

1921 510 2226 550 summum
2260 496 2331 551 ad
2365 496 2544 552 vitam
2577 502 2880 569 supererat
2929 496 3214 554 solamen.
3256 495 3582 563 Quodcirca

1919 582 2143 640 multus
2166 589 2220 640 et
2242 584 2428 641 multa
2450 585 2667 658 politus
2691 592 2835 654 arto,
2854 586 3063 661 grandi
3086 587 3425 659 redemptus
3442 602 3574 653 aere,

1918 672 2143 729 diutino
2178 679 2397 731 tractus
2446 674 2768 744 molimine,
2818 675 2983 732 labor
3028 675 3172 742 vias,
3206 675 3372 731 labor
3416 674 3575 732 invia

1918 762 2136 834 pariter
2163 762 2405 821 ditabat.
2430 764 2709 821 Victrices
2729 765 3038 838 opperiens
3071 781 3283 821 manus
3306 764 3431 821 sine
3447 781 3575 837 pre-

1916 850 2016 920 tio,
2032 851 2159 919 sine
2177 853 2495 910 certamine
2517 854 2716 909 omnia
2738 858 3008 931 rapturas
3033 870 3160 909 :ncc
3178 853 3570 910 defuittamcn

1917 940 2018 1013 qui
2051 956 2119 997 ea
2140 940 2390 1008 tolleret,
2405 942 2577 1015 quive
2597 948 2939 1015 sequeretur
2960 942 3159 999 audito
3172 942 3457 999 Tancredi
3472 960 3572 1000 no-

1919 1028 2075 1084 mine
2096 1031 2328 1086 turbam
2344 1031 2681 1105 fugientem.
2698 1032 2982 1098 Quoniam
3007 1032 3243 1105 quidem
3266 1031 3403 1087 candi
3427 1049 3568 1104 prae-

1917 1118 2083 1174 dictae
2096 1119 2440 1191 superstites
2453 1119 2658 1190 relicti,
2680 1121 2761 1188 hi,
2785 1121 3049 1193 inquam,
3065 1138 3212 1193 quos
3226 1120 3562 1193 presidium

1916 1207 2333 1280 superveniens
2361 1209 2723 1278 liberaverat,
2755 1209 2879 1266 sine
2902 1209 3104 1266 ordine
3124 1208 3570 1283 fugientes,sine

1916 1296 2119 1354 ordine
2148 1299 2580 1370 sequebantur;
2612 1303 2885 1355 oneratos
2913 1299 3102 1365 vacui,
3122 1301 3379 1355 armatos
3402 1298 3566 1368 nudi,

1916 1384 2105 1443 lassos
2122 1386 2371 1458 expediti
2391 1386 2653 1459 :plurimi
2669 1387 2845 1444 etiam
2864 1386 2923 1443 in
2942 1386 3281 1444 servitutem
3297 1387 3569 1457 ducendi,

1918 1474 2108 1547 ruptis
2137 1476 2383 1534 nexibus
2403 1476 2679 1544 absoluti,
2714 1494 2854 1533 suos
2872 1493 3039 1533 versa
3064 1476 3188 1533 vice
3218 1493 3458 1532 nexores
3476 1493 3572 1533 ne-

1914 1569 2186 1621 xuerant.
2218 1564 2328 1621 Alii
2360 1567 2503 1622 dum
2519 1571 2719 1638 erepta
2736 1566 2844 1619 sibi
2870 1567 3177 1638 requirunt
3198 1565 3468 1638 spolia,et
3484 1582 3572 1621 ra-

1915 1653 2100 1726 ptoris
2131 1655 2388 1726 projects
2416 1654 2723 1711 inveniunt
2752 1660 2809 1712 et
2838 1672 2980 1712 sua:
3007 1657 3244 1711 fuerunt
3267 1654 3441 1711 etiam
3466 1654 3568 1726 qui

1917 1742 2058 1798 dum
2089 1743 2365 1815 praedicta
2411 1749 2757 1816 quarerent,
2810 1743 3056 1816 quaesita
3103 1743 3451 1811 invenirent,
3484 1743 3571 1798 in-

1917 1836 2089 1887 venta
2117 1831 2497 1889 sustulissent
2521 1850 2534 1888 :
2569 1833 2923 1905 abjiciebant
2942 1832 3268 1899 sublata,ut
3295 1831 3571 1888 tollerent

1917 1920 2168 1993 potiora.
2200 1921 2331 1978 Sive
2360 1926 2557 1979 autem
2588 1921 2780 1978 alieno
2829 1939 3021 1988 onsre,
3057 1922 3176 1978 sive
3208 1938 3337 1989 suo,
3370 1920 3570 1977 nullus

1917 2013 2113 2066 castra
2142 2028 2258 2065 non
2290 2010 2701 2067 suffarcinatus
2734 2010 3039 2068 revisebat.

2163 2098 2282 2156 VII.
2316 2131 2385 2141 ——-
2419 2100 2679 2156 Tancredi
2706 2102 2939 2157 victoria
2964 2099 3327 2172 praedicatur.

1989 2188 2172 2261 Igitur
2200 2189 2537 2244 Tancredus
2558 2189 2852 2245 sociorum
2876 2188 3037 2245 ultus
3067 2188 3330 2257 vulnera,
3364 2191 3571 2244 nactus

1917 2277 2125 2350 spolia,
2153 2278 2361 2334 beatus
2391 2278 2599 2351 gratia,
2625 2295 2830 2335 omnes
2855 2282 3020 2334 trans
3052 2278 3293 2334 [luvium
3317 2277 3570 2351 prmmit~

1916 2367 2006 2433 tit,
2039 2366 2164 2439 ipse
2193 2366 2458 2422 omnium
2489 2366 2869 2439 subsequitur
2900 2368 3304 2440 postremus.0
3327 2366 3564 2440 quantis

1915 2454 2200 2528 excipitur
2228 2455 2503 2512 laudibus
2527 2453 2541 2510 l
2573 2460 2831 2528 quantus
2854 2456 2997 2529 ipse,
3034 2473 3208 2529 quam
3233 2458 3422 2527 major
3442 2470 3570 2512 sese

1917 2545 2197 2601 cordibus
2229 2545 2499 2601 omnium
2546 2546 2780 2602 futurus
2826 2550 3088 2618 apparet,
3139 2548 3359 2619 quanta
3387 2544 3567 2601 simul

1918 2633 2244 2691 nobilitatis
2303 2638 2360 2690 et
2417 2633 2631 2707 plebis_
2661 2635 3032 2691 veneratione
3089 2632 3384 2690 dematur!
3441 2633 3568 2691 Una

1917 2722 2135 2796 puippe
2166 2702 2435 2779 omnium
2463 2728 2521 2780 et
2559 2702 2728 2781 m'ens
2774 2728 2898 2781 erat
2944 2728 3001 2780 et
3031 2723 3246 2780 fabula.
3282 2723 3327 2781 Ο
3356 2712 3570 2790 υῦἰ,’θ1;

1918 2813 2175 2884 quando,
2201 2817 2257 2869 et
2270 2812 2475 2886 quisin
2491 2813 2626 2869 ﬁliis
2639 2812 2946 2869 hominum
2968 2830 3074 2886 par
3094 2812 3527 2879 tibi,Tancrede
3551 2808 3565 2867 l

1918 2917 1953 2957 a
1981 2918 2095 2973 quo
2120 2906 2243 2957 tam
2276 2906 2501 2959 remota
2527 2902 2811 2975 segnities
2830 2901 2858 2957 ?
2886 2906 3007 2957 tam
3039 2901 3335 2973 disjuncta
3363 2900 3570 2974 quies?

1918 2993 2038 3045 tam
2053 2990 2246 3047 aliena
2258 2990 2507 3047 formido
2518 2991 2667 3047 ?tam
2682 2990 2921 3047 climata
2932 2989 3208 3063 superbia
3218 2990 3366 3046 ‘Itam
3383 2988 3570 3046 elimi-

1919 3083 2057 3135 nata
2086 3078 2363 3135 luxuria?
2393 3080 2535 3146 Quis
2575 3083 2814 3136 vocatus
2861 3078 3132 3145 velocior,
3167 3078 3300 3151 quis
3329 3081 3570 3151 rogatus

142 3172 337 3231 sidias
371 3149 633 3241 respicit,
662 3185 695 3225 e
723 3149 967 3242 vestigio
992 3169 1065 3224 ad
1098 3168 1428 3240 praedonem
1448 3183 1633 3235 versa,
1658 3183 1807 3239 praa-
1840 3149 1883 3218 Π
1922 3167 2167 3238 facilior,
2201 3168 2334 3240 quis
2365 3168 2624 3224 offensus
2657 3167 3044 3241 placabilior?
3074 3149 3270 3224 felices
3301 3149 3464 3222 tanto
3486 3166 3571 3239 pi-

142 3263 291 3319 dum
322 3259 505 3317 siccis
534 3257 803 3314 faucibus
834 3257 1133 3330 relinquit.

212 3350 317 3406 VI.
346 3379 425 3390 -—
457 3348 622 3416 Quos,
654 3348 717 3403 in
742 3347 944 3417 ﬂumen
968 3347 1225 3403 ἐησὶιὶοηις
1254 3345 1556 3403 Tancredus
1578 3347 1754 3417 fugat.

216 3440 522 3497 Reversus
548 3436 731 3509 igitur
757 3436 832 3492 ad
864 3435 1083 3493 ﬂumen
1113 3436 1193 3508 (1)
1226 3432 1811 3505 Tancredus,remige

140 3532 374 3603 spreto,
409 3525 709 3599 gurgitem
739 3524 944 3591 insilit,
985 3540 1136 3597 equo
1186 3524 1372 3591 navis,
1400 3539 1550 3596 equo
1573 3522 1812 3595 remigis

141 3615 511 3690 obsequium
542 3613 888 3687 supplente:
923 3614 1123 3686 segnis
1153 3612 1369 3687 quippe
1389 3628 1553 3668 mora
1579 3611 1707 3667 visa
1725 3613 1815 3666 est

140 3708 293 3773 viro,
325 3712 391 3762 et
421 3706 674 3776 cognata
700 3703 917 3770 timori,
950 3702 1000 3758 si
1033 3703 1175 3758 dum
1226 3700 1525 3775 navigium
1558 3703 1811 3773 pararet,

142 3799 441 3870 parantes
466 3791 635 3865 sequi
667 3790 887 3848 milites
904 3795 1285 3864 exspectaret.
1317 3792 1680 3863 Quapropter
1709 3787 1816 3845 sic-

145 3892 210 3942 ut
236 3880 659 3959 praescriptum
691 3884 799 3949 est,
835 3896 1092 3953 praeceps
1144 3879 1389 3935 ﬂuvium
1438 3879 1608 3951 quasi
1656 3893 1817 3933 cam-

146 3990 292 4048 pum
320 3969 696 4045 ingreditur:
730 3985 899 4041 aquee
927 3982 1060 4025 vero
1081 3984 1259 4024 cursu
1281 3967 1481 4040 rapido
1510 3971 1817 4039 exceptum

147 4062 596 4134 submerguut;
630 4062 690 4113 at
718 4074 853 4115 mox
886 4057 1023 4130 ripis
1075 4057 1240 4114 alteri
1284 4055 1548 4113 redditur
1572 4054 1817 4113 illaesus.

216 4148 423 4211 Simili
456 4163 694 4220 quoque
725 4146 970 4220 remigio
1000 4144 1473 4205 commilitonum
1505 4144 1818 4215 acies,quas

152 4237 385 4297 domini
444 4234 765 4310 precantis
830 4235 1077 4309 vestigia
1134 4238 1484 4307 sequuntur,
1546 4236 1818 4289 utuntur.

150 4328 358 4386 Greca
390 4322 650 4398 phalanx
680 4323 987 4397 perterrita
1024 4323 1312 4381 Tancredi
1360 4321 1541 4378 simul
1570 4322 1817 4378 adventu

152 4413 539 4485 etnomine;
592 4412 651 4468 id
702 4412 861 4469 enim
918 4429 1106 4469 unum
1164 4417 1413 4485 utraque
1470 4411 1824 4483 personabat

1916 3274 2098 3331 gnore
2127 3256 2298 3324 atavi,
2330 3260 2493 3313 tanto
2533 3262 2701 3313 atavo
2735 3256 2975 3330 posteri,
3006 3259 3168 3312 tanto
3200 3254 3441 3311 alumno
3462 3256 3571 3312 Ga-

1918 3346 2090 3413 labri,
2121 3351 2285 3402 tanta
2312 3346 2513 3403 sobole
2546 3346 2867 3403 Normanni
2893 3344 2907 3401 l
2940 3345 3136 3401 felices
3160 3344 3245 3400 illi
3269 3344 3485 3418 quibus
3504 3348 3570 3400 tu

1918 3435 2223 3509 contegisti
2253 3434 2440 3509 gloria
2469 3452 2612 3491 sua:
2649 3453 2715 3490 ac
2746 3452 2853 3491 nos
2901 3435 3073 3508 longe
3106 3433 3412 3501 feliciores,
3447 3432 3573 3507 qui-

1921 3526 2031 3580 bus
2063 3529 2151 3581 est
2166 3542 2270 3597 pro
2290 3541 2458 3580 muro
2477 3523 2853 3580 audaciatua.
2883 3525 3009 3580 Tua
3026 3524 3271 3579 audacia
3291 3524 3571 3579 adversus

1921 3614 2363 3687 impugnatores
2392 3613 2562 3670 nobis
2592 3617 2681 3670 est
2710 3612 2969 3686 clypeus,
2994 3613 3273 3669 adversus
3303 3628 3572 3686 pugnan-

1922 3704 2029 3760 dos
2057 3719 2228 3759 arcus
2260 3706 2317 3758 et
2347 3702 2599 3776 gladius.
2635 3702 2695 3757 Si
2728 3701 3052 3775 periculum
3091 3701 3400 3767 antecedit,
3432 3699 3572 3756 illuc

1923 3790 2332 3864 praemitteris;
2364 3791 2505 3847 item
2537 3790 2588 3847 si
2619 3790 2886 3864 sequitur
2914 3806 3085 3863 pone,
3117 3789 3573 3846 czedis.Benedi-

1924 3885 2053 3936 ctus
2087 3885 2236 3936 Deus
2266 3880 2365 3952 qui
2398 3884 2454 3935 te
2486 3879 2800 3936 reservavit
2830 3878 3166 3953 praesidium
3190 3877 3345 3952 plebi
3369 3881 3575 3945 suae,et

1922 3973 1987 4025 tu
2018 3969 2359 4025 benedictus
2390 3969 2491 4041 qui
2525 3985 2656 4024 eam
2688 3969 2947 4042 protegis
2978 3969 3036 4023 in
3067 3967 3306 4024 brachio
3336 3967 3572 4023 virtutis

1923 4064 2058 4114 tuae.
2092 4057 2333 4114 Talibus
2371 4074 2577 4114 omnes
2604 4061 2664 4113 at
2692 4056 2956 4130 plerique
2986 4057 3311 4129 majoribus
3339 4056 3576 4112 victoris

1926 4147 2177 4204 reditum
2195 4150 2403 4220 gratatl
2431 4145 2733 4219 praeconiis
2749 4146 2869 4201 haec
2885 4147 3100 4219 saepius
3124 4144 3574 4218 ingeminantes,

1927 4254 2030 4310 per
2057 4236 2180 4291 vias
2201 4240 2257 4290 et
2285 4235 2538 4291 tentoria
2565 4251 2754 4307 usque
2778 4235 2849 4290 ad
2895 4235 3181 4291 Tancredi
3212 4234 3408 4306 ipsum
3440 4250 3576 4306 pro-

1928 4328 2274 4398 sequuntur.
2320 4324 2544 4379 Extunc
2574 4324 2943 4380 Tancredum
3003 4322 3245 4391 sociare,
3305 4336 3578 4379 securum

1928 4414 2077 4479 fieri,
2109 4413 2235 4470 sine
2260 4430 2327 4469 eo
2372 4412 2433 4467 in
2481 4413 2733 4468 exercitu
2793 4429 2942 4479 esse,
2993 4410 3165 4484 quasi
3213 4411 3273 4465 in
3323 4409 3575 4466 exercitu

156 4506 309 4579 ripa,
342 4501 493 4561 credi
524 4505 818 4569 metuens,
847 4501 1067 4559 cendere
1090 4500 1340 4569 desistit,
1373 4501 1445 4557 ad
1476 4504 1821 4557 consuetum
1857 4523 1900 4587 Γ)
1932 4520 2048 4559 non
2079 4519 2207 4558 esse
2238 4519 2353 4575 prae
2371 4501 2688 4558 solitudine
2705 4501 3030 4556 videbatur.
3053 4499 3215 4555 Unde
3237 4497 3478 4571 plurimi
3508 4499 3581 4555 de

156 4594 311 4668 fuga
338 4589 689 4666 praesidium
719 4591 915 4647 studio
957 4590 1215 4647 redacto.
1249 4588 1492 4662 Fugitur
1516 4606 1618 4662 per
1645 4589 1823 4644 abru—

160 4688 283 4755 pta,
314 4697 425 4754 per
452 4678 606 4746 avia,
638 4695 742 4752 per
768 4695 943 4735 omne
971 4679 1127 4752 quod
1168 4677 1337 4734 victis
1371 4677 1708 4750 promittere
1735 4676 1824 4733 la-

162 4771 389 4835 tebras,
430 4768 756 4825 victoribus
802 4783 1105 4825 accessum
1138 4783 1353 4841 negare
1390 4757 1724 4832 videbatur.
1755 4767 1828 4821 At

162 4858 350 4917 victor
376 4856 772 4915 nihilominus
812 4856 1174 4930 fugientibus
1206 4856 1483 4923 instabat,
1510 4855 1673 4912 illius
1702 4872 1826 4911 ma-

164 4948 257 5022 gis
282 4946 645 5019 sanguinem
674 4946 906 5017 sitiens,
938 4962 1114 5018 quem
1145 4962 1249 5017 per
1275 4944 1705 5001 iuaccessibilia
1725 4958 1830 5016 pes

164 5036 446 5111 raptabat
475 5034 775 5107 fugacior:
807 5051 946 5091 nam
965 5038 1185 5091 vertere
1214 5032 1424 5091 faciem
1449 5050 1620 5090 nemo
1641 5031 1829 5089 victus

165 5126 547 5191 meminerat,
570 5121 687 5181 nisi
704 5122 759 5180 si
778 5139 952 5196 quem
964 5123 1215 5197 genibus
1242 5121 1479 5179 victoris
1500 5121 1830 5194 supplicare

166 5216 315 5289 fuga
341 5212 602 5285 coegerit
644 5212 1041 5286 deprehensa:
1076 5212 1221 5268 adeo
1268 5210 1602 5283 intepuerat
1647 5211 1828 5276 calor,

166 5303 477 5363 resederat
504 5299 715 5367 rabies,
749 5316 884 5375 spes
908 5305 1033 5358 tota
1075 5300 1149 5356 ab
1195 5299 1376 5355 armis
1404 5300 1462 5355 in
1498 5300 1713 5372 pedum
1745 5316 1833 5356 ve-

166 5391 473 5449 locitatem
506 5390 1072 5463 transierat.-Itaque
1098 5405 1270 5444 arcus
1300 5388 1600 5461 projicere,
1630 5387 1834 5460 phare-

1934 4591 2167 4665 magnis
2196 4608 2324 4664 quas
2380 4590 2647 4647 viderant
2704 4590 2929 4661 majora
2985 4589 3402 4660 conjectantes,
3451 4588 3581 4657 ejus

1935 4680 2194 4738 dominio
2222 4686 2343 4736 tam
2379 4696 2440 4736 se
2472 4696 2651 4751 quam
2683 4695 2793 4734 sua
2822 4677 3252 4750 mancipabant.
3289 4676 3417 4748 Ipse
3446 4693 3582 4733 vero

1934 4768 2243 4826 audaciam
2266 4768 2533 4839 viresque
2546 4768 2569 4837 j
2580 4782 2833 4822 uvenum
2864 4765 3136 4837 captabat
3156 4760 3586 4836 pretio,allicie-

1936 4858 2037 4913 bat
2082 4857 2313 4926 merito,
2364 4856 2698 4911 merebatur
2745 4852 3030 4926 exemplo.
3092 4853 3172 4908 Eo
3223 4850 3584 4922 abundante,

1937 4960 2109 5000 nemo
2139 4943 2239 5015 qui
2262 4943 2313 4998 ei
2336 4941 2615 4998 militaret
2629 4942 2836 5013 egebat
2858 4957 2871 4997 :
2898 4957 2965 4996 eo
2996 4943 3263 5013 egente,a
3277 4936 3588 4995 ditioribus

1937 5032 2113 5088 sociis
2143 5029 2542 5098 mutuabatur,
2575 5029 2823 5102 pecunia
2851 5046 2980 5101 qua;
3008 5029 3422 5100 pauperiorum
3443 5024 3593 5081 indi-

1937 5120 2196 5194 gentiam
2226 5118 2439 5175 ditaret
2459 5122 2716 5191 erogata.
2742 5118 2969 5174 Rursus
2985 5117 3035 5173 si
3060 5119 3419 5189 repeteretur
3433 5114 3593 5186 quod

1940 5211 2326 5275 mutuaverat,
2360 5207 2509 5261 alios
2537 5207 2679 5262 item
2700 5207 2999 5279 quaerebat
3028 5205 3344 5262 creditores
3371 5202 3595 5273 :sicque

1941 5298 2013 5353 ad
2046 5296 2192 5354 alios
2224 5299 2459 5368 propter
2487 5295 2636 5351 alios
2667 5297 2834 5367 quasi
2869 5294 3261 5360 mendicabat,
3295 5292 3435 5345 dum
3460 5305 3596 5344 eum

1942 5402 2043 5444 seu
2080 5386 2276 5457 praeda
2302 5384 2726 5457 opulentasset,
2751 5402 2853 5442 seu
2886 5383 3126 5440 bellum.
3160 5382 3319 5438 Adeo
3348 5377 3436 5432 vir
3466 5392 3602 5448 pru-

245 5498 319 5571 (1)
352 5496 459 5571 His
489 5499 775 5571 cgnsentit
804 5499 1102 5556 Robertus
1132 5493 1455 5550 monachus
1486 5494 1524 5549 l.
1559 5512 1600 5548 ιι
1651 5495 1919 5557 Historia
1963 5491 2465 5563 Jerosclyrnitanm,
2525 5489 2692 5546 addit
2752 5490 2870 5546 duo
2928 5488 3113 5545 millia
3167 5483 3437 5558 equitum
3467 5494 3602 5536 cum

171 5567 482 5627 Teneredo
512 5567 728 5628 ﬂumen
758 5570 1076 5646 irrupisse.
