4010 6078
201 271 316 338 801
1551 272 1804 340 GESTA
1845 272 2264 338 TANCREDI.
3493 273 3614 341 503

200 406 561 481 plectendas.
596 403 768 463 Venit
797 405 869 464 ad
903 422 1171 482 regnum.
1203 406 1425 464 invenit
1439 408 1852 483 jugum.Venit
1879 410 1934 477 Α
1963 406 2086 464 Illis
2110 408 2307 482 itaque
2336 407 2812 480 fulminantibus,
2845 408 3019 468 simul
3072 408 3616 478 intonanteminas

201 500 268 552 ut
297 495 614 552 sublimior
641 497 805 552 ﬁeret
839 514 850 553 :
886 496 1068 552 alium
1099 515 1233 554 vero
1280 504 1518 554 coactus
1547 503 1636 554 est
1667 497 1849 554 subli-
1961 502 2219 571 gutture,
2253 499 2389 556 velit
2421 499 2583 568 nolit,
2619 501 2996 557 Boamundus
3037 501 3202 572 jurat
3240 515 3302 556 se
3332 499 3616 555 Tancredi

199 602 379 656 mare,
407 587 596 642 factus
629 587 752 658 ipse
782 586 1081 641 humilior.
1105 586 1396 642 Nimirum
1434 587 1656 643 fraudis
1685 587 1851 661 igna-
1962 605 2174 644 manus
2206 589 2358 662 regis
2389 589 2728 664 hommagio
2759 591 3125 646 redditurum
3159 606 3172 646 :
3213 587 3474 663 alioquin
3505 602 3612 645 nec

199 693 320 741 rus,
354 674 663 730 blanditiis
691 675 940 732 credidit
971 675 1360 732 fraudulentis
1403 679 1474 731 At
1496 677 1707 748 jussus
1739 681 1849 743 est,

195 764 452 820 exercitu
485 764 705 831 relicto,
740 782 874 820 cum
901 766 1102 837 paucis
1134 767 1454 838 praecedere
1477 766 1642 838 quasi
1663 767 1847 822 turbae

197 855 431 910 sarcina
463 853 872 911 absolvendus.
897 856 1098 910 Nonne
1129 855 1236 911 hoc
1267 855 1353 912 vel
1388 855 1576 911 solum
1611 857 1851 912 suffece-

195 948 379 1005 rat,ut
399 943 600 1016 inique
623 943 863 1016 spingos
886 945 1163 1018 ambages
1192 944 1550 1000 solvercmus
1566 945 1593 1000 ‘?
1616 945 1715 1000 illa
1735 963 1852 1000 una

195 1031 628 1098 determinatio,
655 1031 705 1088 si
738 1049 905 1088 mens
937 1050 1052 1089 non
1083 1033 1225 1088 laeva
1255 1033 1482 1099 fuisset,
1515 1039 1571 1090 et
1593 1033 1852 1090 excluse-

193 1126 282 1176 rat
314 1121 650 1187 insidias,et
682 1120 973 1178 clauserat
999 1121 1302 1178 vias.Itum
1334 1128 1423 1179 est
1451 1127 1648 1178 tamen
1678 1124 1853 1179 comi-

191 1209 464 1265 tantibus
495 1208 896 1283 paueis,quasi
927 1211 1196 1283 praesidio
1227 1211 1445 1267 fuerint
1467 1229 1682 1268 manus
1705 1213 1851 1269 iner-

190 1316 318 1355 mes
351 1316 469 1354 non
503 1299 917 1354 armatae.Nam
949 1300 1089 1372 quid
1113 1301 1184 1356 de
1206 1301 1456 1357 ducibus
1479 1301 1676 1357 Galliae
1700 1302 1852 1359 dixe-

189 1387 329 1455 rim,
363 1387 585 1461 quibus
633 1389 764 1460 ipsa
807 1407 916 1444 sua
944 1388 1257 1446 multitude
1289 1408 1405 1446 non
1441 1391 1612 1447 modo
1637 1392 1848 1464 jugum

185 1477 520 1550 hommagii
556 1476 921 1546 subtrahere,
947 1495 1148 1534 verum
1184 1479 1361 1534 etiam
1409 1479 1652 1536 rebelles
1682 1497 1852 1553 quos-

181 1585 301 1640 que
332 1567 622 1623 debuerat
652 1567 1014 1640 subjugare?
1046 1567 1280 1624 Miseret
1302 1585 1394 1624 me
1414 1569 1851 1642 hominum,pu-

181 1657 406 1729 detque
439 1673 591 1728 quos
620 1661 819 1711 tamen
854 1657 1014 1729 ipsos
1037 1657 1126 1712 sui
1161 1674 1266 1713 nec
1298 1659 1570 1731 puditum
1601 1663 1709 1726 est,
1743 1676 1847 1716 nec

181 1746 526 1801 misertum.
560 1744 768 1801 Videre
787 1747 913 1818 jam
942 1746 1138 1803 videor
1177 1747 1259 1802 rei
1308 1747 1547 1815 exitum,
1579 1765 1714 1804 cum
1746 1749 1845 1804 ab-

181 1839 464 1906 sumptos
521 1839 797 1907 sumptus
853 1851 1042 1907 poena,
1074 1837 1337 1908 penuria,
1370 1837 1710 1910 poenitentia
1755 1854 1844 1893 se-

179 1928 467 1996 quentur.
503 1923 811 1980 Pcenitebit
859 1923 1059 1997 utique
1109 1942 1242 1981 eum
1294 1944 1354 1982 se
1385 1926 1635 1983 viderint
1659 1927 1732 1982 ad
1764 1927 1846 1982 in-

173 2014 348 2085 justa
389 2012 544 2086 cogi,
572 2017 630 2068 et
675 2013 900 2087 gravari
951 2018 1202 2082 coactos,
1236 2020 1292 2071 et
1338 2033 1453 2072 non
1502 2033 1674 2089 posse
1719 2017 1843 2073 erui

177 2107 484 2176 gravatos.
518 2103 708 2170 Tunc,
741 2102 1006 2176 inquam,
1042 2104 1385 2176 pcenitebit:
1421 2106 1523 2161 sed
1570 2106 1704 2178 quis
1735 2125 1848 2180 pa:-

175 2191 448 2248 nitentiae
488 2190 675 2259 locns,
710 2193 808 2248 ubi
856 2192 1199 2249 correctioni
1260 2194 1504 2251 nullus?
1533 2213 1669 2251 nam
1719 2213 1845 2270 qum

174 2281 307 2352 jam
341 2279 504 2335 ultra
524 2284 706 2336 restat
725 2279 1041 2336 correctio?
1054 2281 1332 2353 Nunquid
1357 2282 1614 2354 abjurari
1638 2284 1849 2356 poterit

174 2369 343 2441 quod
375 2367 561 2424 semel
586 2371 853 2439 juratum
875 2369 1006 2425 est?
1031 2371 1295 2443 nunquid
1321 2371 1412 2427 sui
1428 2371 1581 2440 juris
1602 2388 1730 2428 esse
1753 2390 1850 2445 po-

171 2462 398 2524 terunt,
433 2458 533 2530 qui
569 2475 632 2513 se
663 2457 853 2514 alieno
884 2464 1092 2531 sponte
1115 2459 1549 2516 subdiderunt?
1579 2462 1845 2534 nunquid

175 2547 377 2616 liberi,
411 2546 514 2620 qui
571 2545 836 2602 venditi?
866 2564 1002 2603 nam
1051 2553 1181 2604 uter
1218 2549 1444 2620 justius
1503 2549 1697 2608 servit.
1744 2550 1844 2621 qui

174 2636 314 2709 ipso
345 2653 412 2692 se
443 2636 742 2691 venditore
772 2636 1018 2704 emitur;
1043 2655 1116 2692 an
1141 2638 1240 2710 qui
1265 2637 1554 2710 praedonis
1574 2639 1848 2694 violentia

173 2741 416 2782 vanum
446 2723 832 2798 producitur?
863 2723 1066 2782 Merito
1098 2725 1276 2799 igitur
1298 2743 1500 2798 poenas
1521 2727 1746 2783 dabunt
1768 2728 1848 2783 fu-

180 2819 466 2870 turorum
496 2813 709 2879 securi,
741 2814 1128 2886 praesentibus
1157 2815 1433 2871 contenti.
1468 2837 1496 2866 »

479 2903 600 2958 XII.
633 2934 700 2943 —
733 2903 810 2957 Ad
841 2903 1093 2958 Alesiam
1120 2906 1265 2976 fugit
1292 2904 1560 2961 accedere.

251 2992 605 3048 Tancredns
658 2991 752 3046 his
812 2992 1133 3048 Boamundi
1200 2999 1559 3067 conquestus
1619 3012 1842 3065 casum,

176 3081 372 3138 Alexii
428 3086 655 3154 tegnas,
690 3079 886 3136 Galliae
934 3083 1181 3155 jugum;
1215 3083 1324 3138 hoc
1371 3083 1646 3157 effugere,
1678 3084 1843 3140 illum

1963 692 2199 731 manere
2229 681 2422 732 tutum
2457 677 2665 750 fuerat,
2698 695 2803 734 nec
2834 679 3008 734 exire.

2263 767 2406 822 XIII.
2445 800 2512 808 —
2545 769 2859 824 Boamundo
2893 768 3098 838 legatos
3125 769 3308 824 mittit.

2034 854 2184 909 Dum
2242 856 2363 910 hmo
2422 861 2753 930 agerentur,
2788 859 3126 914 Tancredus
3182 857 3404 913 milites
3460 858 3612 914 duos

1959 943 2264 1015 Atropium
2297 949 2354 1000 et
2394 946 2676 1001 Garinum
2726 946 3294 1020 Constantinopolim
3342 946 3606 1015 remittit,

1961 1032 2060 1104 qui
2096 1034 2417 1089 Boamundi
2451 1053 2645 1092 moras
2676 1035 2996 1108 increpant,
3031 1037 3249 1109 quique
3280 1037 3607 1093 Turcorum

1959 1121 2112 1178 bella
2163 1124 2435 1180 nuntient
2489 1127 2846 1182 adventare:
2883 1127 2996 1182 nisi
3047 1125 3444 1192 maturaverit,
3478 1126 3608 1197 ejus

1959 1227 2094 1282 spes
2125 1214 2443 1268 cassandas
2475 1214 2617 1282 fore,
2652 1215 2866 1287 quippe
2898 1215 3024 1270 sine
3073 1230 3139 1269 eo
3189 1212 3459 1270 hostibus
3506 1231 3607 1270 su-

1959 1299 2175 1372 peratis
2200 1318 2212 1355 :
2239 1303 2393 1374 quod
2425 1320 2530 1358 nec
2562 1303 2867 1377 ignorante
2887 1303 3082 1358 Alexio
3112 1302 3302 1376 potuit
3322 1302 3602 1361 nuntiari.

1959 1390 2323 1462 Quapropter
2352 1392 2424 1446 ad
2458 1409 2518 1448 se
2549 1393 2789 1448 nuntios
2818 1396 3143 1461 vocat,cum
3167 1392 3252 1447 eis
3275 1391 3346 1447 de
3367 1391 3605 1448 domino

1958 1492 2066 1532 suo
2097 1484 2418 1546 acturus,et
2449 1481 2617 1554 quasi
2650 1498 2865 1536 novum
2895 1480 3122 1553 aliquid
3145 1498 3264 1535 suze
3287 1485 3444 1535 metu
3467 1496 3608 1552 prae-

1957 1567 2158 1622 sentiae
2189 1571 2749 1643 extorturus.Legati
2781 1588 2912 1626 vero
2937 1571 3158 1642 eujates
3181 1573 3236 1624 et
3257 1569 3512 1640 cujus,et
3532 1570 3604 1625 ad

1957 1656 2096 1726 quid
2122 1657 2287 1713 missi
2311 1663 2508 1714 essent
2531 1657 2714 1732 rogati
2737 1675 2748 1714 :
2775 1659 3142 1713 Normannos
3165 1673 3227 1712 se
3250 1673 3285 1712 a
3305 1657 3605 1712 Tancredo

1958 1746 2028 1800 ad
2063 1747 2464 1804 Boamundum
2499 1747 2849 1804 eliciendum
2883 1746 3098 1802 missos
3127 1761 3257 1802 esse
3299 1745 3489 1800 securi
3521 1761 3608 1801 re-

1955 1836 2262 1906 spondent.
2286 1835 2504 1892 Videns
2535 1840 2730 1892 autem
2762 1853 2862 1892 rex
2892 1835 3037 1891 nihil
3069 1849 3338 1890 mussare
3367 1832 3607 1904 intrepi-

1954 1923 2080 1992 dos,
2115 1925 2355 1981 dimittit
2383 1925 2985 1999 impunitos,quorum
3019 1939 3252 1997 poenam
3281 1922 3514 1978 videbat
3534 1921 3609 1978 si-

1955 2013 2011 2067 bi
2044 2012 2310 2068 inutilem
2345 2014 2628 2070 futuram.
2653 2005 2799 2069 Cum
2831 2029 2968 2086 ergo
3002 2012 3123 2068 haec
3151 2015 3278 2067 tum
3310 2028 3344 2066 a
3374 2009 3604 2082 legatis,

1956 2101 2053 2173 qui
2087 2102 2385 2158 redeundo
2435 2106 3020 2174 praecesserunt,cum
3050 2118 3085 2156 a
3115 2100 3454 2156 Boamundo
3503 2097 3603 2172 qui

1956 2194 2192 2247 secutus
2223 2192 2780 2259 fuerat,Taneredus
2812 2189 3132 2263 accepisset
3163 2205 3177 2243 :
3213 2205 3402 2261 neque
3447 2187 3604 2243 dictu

1954 2279 2123 2336 facile
2153 2283 2264 2349 est,
2295 2297 2483 2353 neque
2515 2281 2738 2336 ereditu
2771 2297 2949 2353 quam
2981 2295 3130 2352 aegre
3169 2277 3390 2345 tulerit,
3423 2293 3606 2350 quan-

1954 2372 2199 2442 tumque
2229 2368 2590 2442 vigilantiam
2623 2386 2791 2425 suam
2816 2368 3004 2424 aliena
3025 2365 3417 2423 somnolentia
3437 2365 3607 2420 indo-

1954 2456 2130 2534 luerit
2159 2459 2460 2530 deceptam
2495 2474 2507 2512 :
2542 2474 2647 2514 nec
2678 2457 2947 2514 cohibere
2979 2457 3248 2512 ﬂammas
3269 2455 3458 2528 potuit
3489 2454 3606 2510 for-

1955 2564 2070 2603 nax
2097 2547 2623 2615 accensa,rumoris
2653 2547 2842 2620 rapidi
2873 2546 3106 2601 turbine
3136 2543 3474 2613 ventilante,
3494 2560 3606 2599 un-

1954 2637 2552 2710 dantes.Quapr0pter
2582 2637 2766 2692 fertur
2795 2636 3146 2692 intrinseccs
3175 2633 3432 2708 gemitus
3463 2649 3604 2706 prie-

1955 2724 2104 2781 senti
2136 2725 2411 2781 effudisse
2440 2726 2698 2798 quere’a.
2725 2747 2752 2776 ‹‹
2777 2725 2932 2781 Heu!
2959 2740 3137 2780 caecas
3169 2721 3347 2778 futuri
3380 2726 3605 2779 mentes

1957 2813 2333 2870 mortalium!
2369 2831 2539 2888 quas,
2573 2831 2705 2870 cum
2739 2814 2870 2870 visa:
2902 2813 3016 2870 eihi
3067 2812 3288 2868 fuerint
3328 2827 3604 2868 consum-

1956 2919 2170 2970 masse,
2202 2908 2329 2960 tum
2378 2903 2450 2958 de
2498 2903 2725 2977 integro
2773 2902 3028 2976 incipere
3077 2904 3322 2973 oportet.
3368 2900 3606 2956 Frustra

1955 2993 2289 3066 prudentia,
2340 2993 2440 3049 ubi
2488 2992 2684 3049 invida
2731 2993 3073 3048 adversatur
3119 2991 3400 3046 fortuna.
3451 2989 3605 3045 sicut

1957 3087 2190 3150 contra;
2225 3082 2318 3138 cui
2349 3081 2594 3137 numina
2634 3082 3073 3149 tavent,frustra
3119 3076 3434 3134 adversari.
3468 3077 3602 3133 Pro-

176 3170 389 3239 solari,
425 3169 558 3225 illas
589 3169 794 3242 punire
827 3170 1120 3243 sapienter
1147 3171 1424 3228 decernit.
1447 3155 1846 3230 Constantino-
1878 3155 1921 3227 C
1957 3170 2148 3226 visum
2180 3171 2324 3227 satis
2354 3171 2498 3226 mihi
2532 3187 2660 3227 esse
2689 3174 3049 3244 putaveram,
3074 3166 3337 3239 nihilque
3366 3165 3477 3222 loci
3508 3182 3602 3222 se-

177 3259 372 3334 polim
409 3258 591 3333 igitur
619 3259 877 3326 veniens,
911 3277 1023 3316 non
1057 3259 1209 3316 sicut
1255 3261 1444 3316 ezeteri
1493 3262 1746 3318 declinat
1773 3264 1844 3320 ad

178 3364 413 3422 regem,
447 3364 562 3402 non
595 3347 844 3403 classica
887 3349 1210 3420 pramittit,
1243 3367 1358 3404 non
1406 3351 1550 3406 tuba
1595 3350 1841 3422 intonat,

178 3437 340 3494 clam
375 3435 762 3491 transit.Nam
798 3441 966 3492 exuto
987 3436 1174 3493 milite
1195 3438 1448 3510 peditem
1469 3437 1846 3512 induit;qua-

176 3531 364 3584 tenus
434 3523 612 3580 vestis
677 3525 898 3580 rustica
961 3525 1102 3581 dum
1172 3527 1538 3584 Tancredum
1603 3533 1842 3600 tegeret,

177 3613 461 3671 Alexium
497 3611 948 3686 falleret.ltaque
975 3614 1413 3688 naulo,remige,
1449 3617 1624 3674 borea
1650 3617 1845 3674 velum

179 3703 791 3778 urgentibus,refugit
817 3721 851 3758 a
881 3708 1043 3777 tergo
1074 3704 1324 3777 Europa,
1346 3704 1483 3760 Asia
1509 3707 1844 3762 festinanti-

179 3795 299 3851 bus
330 3791 1016 3849 occurrit.Wiseardides
1047 3792 1281 3848 interim
1315 3798 1524 3850 nautas
1557 3796 1628 3851 ad
1657 3813 1847 3853 remos

179 3883 489 3950 invitat,et
516 3881 638 3953 ipse
670 3898 830 3938 remo
864 3881 1219 3954 Hellesponti
1261 3888 1452 3939 versat
1482 3884 1698 3941 cerula.
1732 3887 1846 3942 Nec

180 3990 280 4030 mo
307 3970 598 4044 rapuppis
621 3975 818 4044 optato
841 3971 1106 4045 inﬁgitur
1128 3971 1306 4026 littori
1329 3971 1734 4030 festinantium
1757 3993 1850 4031 vo-

179 4063 260 4118 tis
292 4059 587 4117 brevitate
621 4059 844 4116 itineris
875 4061 1472 4134 suifragante.Asiana
1493 4062 1675 4136 igitur
1706 4065 1849 4137 poti-

182 4155 283 4207 tus
303 4148 794 4214 arena,Marchisi
815 4148 968 4205 filius
987 4150 1252 4206 habitum
1276 4167 1606 4225 nomenque
1628 4170 1850 4210 resum-

184 4240 306 4314 psit
329 4239 464 4310 jam
519 4238 745 4293 tutior:
779 4238 979 4311 sicque
1026 4239 1276 4295 ducibus
1325 4241 1547 4296 caeteris
1594 4241 1845 4298 Nicaeam

183 4326 726 4404 proﬁciscentibus,
759 4344 954 4383 comes
1003 4328 1259 4384 additur.
1294 4329 1672 4386 Boamundus
1715 4349 1846 4388 vero

185 4417 474 4475 Traeium
519 4415 690 4472 littus
736 4416 999 4472 nondum
1052 4416 1387 4490 reliquerat,
1423 4425 1664 4493 rogante
1708 4422 1848 4477 Rai-

187 4504 652 4598 mundosaneti
683 4504 893 4598 {Egidii
924 4506 1137 4598 comite
1170 4513 1430 4598 moratus
1465 4525 1481 4598 ς
1513 4525 1688 4581 quem
1723 4527 1846 4566 mo-
1881 4533 1926 4598 Ι)

187 4595 306 4650 rari
337 4595 584 4667 quidem
616 4599 672 4650 et
701 4593 1060 4651 intercedere
1090 4613 1158 4651 ea
1187 4597 1572 4668 compellebat
1603 4600 1850 4656 necessi-

187 4687 302 4751 tas,
329 4683 489 4756 quod
523 4700 620 4738 rex
647 4683 1023 4757 praescriptus
1045 4685 1242 4740 comiti
1267 4685 1452 4759 legem
1477 4704 1592 4760 qua
1611 4694 1850 4745 caeteros

191 4773 594 4846 praecedentes
623 4773 1002 4846 obligaverat,
1031 4775 1410 4846 subsequenti
1442 4775 1739 4850 imponere
1760 4795 1851 4834 vo-

189 4861 374 4918 lebat.
407 4861 618 4918 Comes
663 4867 861 4918 autem
890 4862 1062 4937 longe
1083 4863 1408 4936 jucundius
1439 4865 1548 4922 sibi
1581 4884 1708 4924 esse
1737 4885 1852 4924 res-

191 4951 496 5025 pondebat
525 4951 731 5008 mortis
761 4951 1104 5025 compendio
1126 4952 1278 5009 hanc
1300 4955 1688 5012 conditionem
1712 4974 1852 5029 prae-

191 5040 392 5110 cidere
422 5056 438 5095 :
472 5045 652 5114 atque
681 5041 1013 5097 deﬁnienda
1040 5041 1207 5097 valde
1235 5041 1287 5098 ei
1319 5045 1683 5102 necessarius
1727 5051 1852 5102 erat

192 5129 518 5186 Boamunei
553 5146 846 5186 accessus.
875 5130 1057 5203 Igitur
1085 5131 1186 5186 ubi
1219 5130 1446 5188 Alexius
1479 5133 1550 5188 ab
1590 5135 1851 5207 explora-

191 5220 427 5275 toribus
445 5219 572 5274 suis
587 5219 1012 5276 Wiscardidam
1039 5219 1190 5276 clam
1214 5223 1627 5278 transfretasse
1648 5241 1854 5296 cogno-

193 5308 298 5376 vit,
329 5307 566 5364 elusum
598 5325 663 5363 se
692 5307 916 5375 dolens,
949 5326 982 5364 a
1013 5309 1402 5382 praesentibus
1444 5310 1618 5383 exigit
1650 5313 1854 5370 absen-

196 5402 354 5465 tem;
382 5414 703 5470 eorumque
733 5397 864 5456 dolo
897 5398 1171 5471 imputat,
1207 5399 1362 5470 quod
1394 5415 1566 5454 suum
1601 5402 1850 5460 Tancre-

197 5486 308 5543 dus
353 5487 654 5559 sapienter
695 5487 960 5546 evaserit.
997 5487 1290 5558 Praecipue
1337 5487 1395 5542 in
1441 5491 1848 5551 Buamundum

197 5574 351 5634 oculi
403 5581 827 5651 retorquentur,
861 5594 1016 5653 quos
1066 5575 1315 5632 faciebat
1363 5576 1450 5634 ira
1498 5581 1847 5642 novercales.

1953 3258 2134 3332 gnitie
2163 3275 2350 3332 neque
2381 3259 2655 3316 socordiae
2687 3257 3223 3325 relictum,Munera
3243 3271 3598 3329 spreveram,

1955 3348 2117 3404 solus
2148 3350 2514 3423 aufugeram,
2548 3347 2864 3404 fefelleram
2896 3345 3495 3414 exeubias,evaseram
3517 3343 3603 3400 in-

1955 3439 2320 3510 sidias,quod
2350 3439 2445 3494 vix
2485 3437 2774 3501 affectare,
2810 3435 2956 3492 mihi
2987 3436 3175 3492 fuerat
3204 3435 3432 3491 efﬁcere
3461 3450 3601 3490 con—

1955 3544 2208 3584 cessum.
2243 3527 2426 3583 Prohl
2461 3532 2748 3600 quantum
2780 3530 2904 3582 erat
2933 3525 3162 3581 hostem
3211 3539 3311 3596 per
3358 3522 3602 3595 laqueos

1955 3615 2204 3672 illaesum
2235 3617 2538 3683 transisse,
2571 3633 2720 3688 quos
2751 3615 2926 3672 etiam
2977 3613 3313 3669 insontibus
3360 3611 3603 3668 evadere

1955 3723 2072 3760 non
2102 3705 2236 3761 licet
2266 3705 2504 3762 illaesis?
2537 3705 2808 3762 Videram
2839 3703 2996 3760 viros
3033 3701 3281 3768 nobiles,
3313 3699 3460 3757 alios
3492 3701 3602 3756 du-

1956 3793 2266 3862 cum,alios
2287 3811 2490 3868 regum
2523 3792 2858 3867 progeniem
2892 3793 3158 3848 ultroneo
3188 3806 3370 3864 regna
3397 3789 3602 3846 exsilio

1955 3889 2236 3952 mutasse,
2268 3884 2497 3940 venisse
2553 3883 2850 3956 paciﬁcos,
2900 3881 3028 3938 loca
3083 3878 3389 3948 immania,
3420 3895 3603 3952 regna

1955 3975 2206 4029 barbara
2233 3973 2601 4029 venientibus
2631 3970 2980 4040 inclinasse;
3015 3986 3128 4024 non
3161 3973 3375 4024 terram
3418 3967 3604 4024 obsti-

1954 4062 2117 4130 tisse,
2150 4080 2264 4118 non
2313 4061 2577 4135 pelagus.
2608 4063 2681 4117 At
2731 4060 2907 4118 simul
2938 4060 3010 4114 ad
3043 4059 3122 4124 id,
3154 4075 3270 4131 quo
3317 4056 3602 4113 triformis

1955 4153 2230 4226 chymera
2259 4156 2589 4208 monstrum
2621 4149 2917 4207 crudelius
2941 4167 3056 4206 non
3079 4148 3209 4214 fuit,
3231 4152 3468 4204 ventum
3490 4150 3598 4216 est,

1955 4241 2154 4298 nullus
2185 4240 2293 4296 fuit
2322 4256 2572 4313 pegasus
2603 4239 2702 4312 qui
2733 4237 3028 4312 expediret
3056 4233 3602 4309 implicitos,nullus

1956 4331 2056 4406 qui
2089 4333 2416 4404 asportaret
2445 4328 2742 4384 attonitos.
2777 4329 2994 4384 Omnes
3025 4324 3194 4400 quasi
3224 4324 3332 4381 sub
3363 4322 3604 4379 domiua

1955 4422 2126 4478 hasta
2154 4419 2638 4486 transire,omnes
2669 4417 2869 4473 omnia
2899 4433 3025 4490 quae
3049 4411 3418 4488 jurarejussi
3441 4416 3600 4480 sunt,

1957 4511 2138 4567 coacti
2171 4514 2329 4567 sunt.
2358 4508 2427 4565 Ut
2447 4508 2519 4564 ad
2544 4524 2635 4563 me
2660 4507 3250 4576 redeam,exaetorem
3273 4501 3604 4558 districtum

1957 4599 2224 4666 meritus,
2273 4595 2780 4653 districtissimum
2833 4594 3066 4650 verebar
3113 4591 3397 4660 ultorem;
3448 4591 3604 4646 unde

1956 4693 2121 4745 tanto
2151 4686 2578 4761 vigilantiorem
2611 4701 2704 4741 me
2735 4683 2836 4757 qui
2869 4699 3103 4739 eruerer
3149 4697 3278 4738 esse
3325 4679 3602 4753 oportuit,

1959 4782 2178 4851 quanto
2209 4775 2426 4832 utionis
2457 4775 2616 4830 zelus
2645 4773 2705 4829 in
2748 4789 2841 4829 me
2889 4774 3077 4844 major
3123 4773 3435 4838 exarserat,
3468 4767 3604 4825 inde

1958 4871 2081 4924 erat
2113 4866 2266 4939 quod
2297 4868 2621 4920 castrorum
2654 4863 2916 4936 regimen
2966 4859 3176 4930 adhuc,
3210 4862 3268 4915 et
3312 4857 3604 4931 meipsum

1959 4957 2306 5028 abjeeeram,
2341 4953 2484 5009 dum
2515 4970 2608 5009 me
2639 4951 3003 5019 inclinarem,
3027 4953 3092 5005 ut
3123 4948 3245 5020 alii,
3275 4951 3334 5004 et
3361 4946 3606 5005 liberius

1958 5045 2075 5101 iras
2107 5043 2385 5100 ulcicerer
2414 5041 2685 5098 aliorum.
2719 5042 2866 5098 Nam
2898 5039 3039 5113 quid
3069 5040 3142 5095 de
3169 5036 3410 5095 homine
3441 5037 3607 5111 queri

1960 5132 2292 5206 attinet,qui
2324 5133 2384 5187 in
2415 5150 2543 5190 eam
2575 5149 2753 5204 quam
2776 5133 3126 5204 abruperam
3147 5127 3490 5200 compedem
3513 5143 3607 5184 me

1963 5223 2224 5297 redegit?
2252 5221 2342 5277 cui
2377 5223 2648 5278 nexuisse
2679 5239 2875 5290 suum,
2910 5219 3023 5276 nisi
3053 5218 3231 5274 etiam
3275 5232 3473 5273 meum
3505 5231 3608 5270 ne-

1961 5316 2141 5368 cteret
2170 5311 2383 5379 colum,
2417 5329 2535 5367 non
2566 5311 2786 5368 sufﬁcit
2808 5327 2822 5366 :
2846 5325 3023 5383 quem
3043 5307 3326 5363 invidisse
3345 5303 3609 5359 felicitati

1963 5418 2104 5456 mere
2137 5401 2380 5457 forsitan
2411 5419 2476 5458 os
2499 5405 2670 5473 negat
2685 5418 2698 5468 ;
2713 5416 2914 5456 verum
2934 5396 3080 5452 illud
3097 5393 3515 5468 jusjurandum
3537 5391 3613 5445 de

1963 5493 2123 5546 fonte
2158 5491 2384 5546 invidiae
2416 5506 2706 5554 manasse,
2741 5495 2798 5544 et
2819 5486 2996 5561 lippis
3017 5487 3258 5558 patet,et
3277 5481 3466 5538 exitus
3485 5493 3617 5551 pro-

1964 5579 2086 5636 bat.
2123 5579 2315 5654 Ipsius
2350 5581 2584 5656 quidem
2617 5578 2674 5632 in
2705 5577 2950 5634 dubium
2972 5570 3422 5643 venit,majorne
3440 5562 3621 5642 pigri-
