3984 6078
205 325 335 401 ωδ

1558 310 1814 378 GESTA
1851 312 2272 376 TANCREDI.
2304 336 2310 342 ο

3497 310 3616 373 506

203 458 351 529 XVI.
373 454 592 517 —Urbs
610 451 1336 529 circumdatur._Tanc_redu§
1362 452 1575 524 primus
1612 450 1859 507 omnium
1888 449 1943 517 Α
1971 448 2255 517 dexteras,
2286 465 2388 521 per
2440 445 2699 522 homagii
2744 448 2918 506 fidem
2974 448 3299 522 adjuratus,
3351 452 3424 510 ad
3480 471 3615 511 eum

621 530 849 586 Turcam
875 525 1093 595 occidit,
1123 526 1259 581 alios
1286 525 1464 597 fugat.

286 638 390 695 His
419 637 594 712 igitar
638 632 1136 708 expugnatoribus
1184 632 1435 688 Nicaeam
1484 626 1861 694 circumdari,

204 720 523 792 debellari,
542 729 836 800 postremo
869 724 940 779 ad
973 721 1325 779 deditionem
1358 719 1506 792 cogi,
1535 718 1718 775 Gallia
1738 735 1862 773 cer-

205 800 379 887 tavit,
414 816 631 873 Graecia
679 814 922 886 adjuvit,
961 814 1111 869 Deus
1156 808 1525 884 perpetravit.
1561 809 1671 864 Sed
1718 808 1861 862 dum

208 905 596 972 novissimus,
620 909 683 960 ut
703 902 845 969 dixi,
873 900 1240 958 Raimundus
1263 916 1457 956 comes
1478 903 1612 954 ante
1637 900 1863 970 portam

206 994 554 1053 orientalem
606 991 858 1048 tentoria
906 992 1129 1064 ﬁgeret,
1158 988 1260 1046 illa
1288 989 1445 1045 enim
1476 1004 1612 1043 area
1641 985 1864 1042 caeteris

197 1077 330 1158 jam
361 1081 683 1158 occupatis,
707 1079 881 1137 unica
907 1080 1152 1136 vacabat
1185 1096 1198 1135 :
1229 1095 1361 1135 ecce
1388 1094 1491 1151 per
1520 1073 1867 1148 compendia

210 1173 437 1230 montis
469 1170 717 1246 proximi
747 1171 975 1226 Turcus
997 1169 1358 1225 descendens
1379 1163 1864 1236 exercitus,quasi

206 1261 423 1329 urbem
442 1260 515 1316 ab
536 1258 739 1316 eadem
761 1261 928 1331 porta
946 1257 1321 1332 ingressurus
1344 1254 1634 1327 apparuit,
1652 1252 1864 1309 festino

190 1350 441 1429 impetu
461 1349 702 1422 cupiens
722 1346 1031 1403 subvenire
1048 1345 1602 1402 obsessis.Exoritur
1621 1342 1864 1398 clamor.

204 1425 424 1497 Comes
454 1438 756 1519 proximus
798 1435 945 1503 loco,
978 1435 1205 1508 primus
1233 1435 1454 1503 obviat;
1490 1450 1626 1490 mox
1674 1430 1865 1488 caeteri

207 1530 412 1601 duces.
440 1528 578 1584 Pars
609 1525 840 1594 armati,
873 1525 973 1582 alii
1005 1525 1368 1591 semiermes,
1402 1528 1466 1579 ut
1506 1523 1680 1579 ardor
1729 1519 1866 1576 belli

208 1634 508 1695 quemque
557 1616 862 1681 exciverat,
895 1631 1134 1671 occurre
1184 1614 1482 1669 festinant.
1529 1610 1867 1669 Tancrcdus

208 1707 405 1781 spatio
427 1704 775 1771 remotus,in
799 1720 950 1777 equo
979 1703 1209 1760 advolat
1240 1704 1453 1759 ardens
1484 1701 1638 1774 quod
1663 1699 1714 1757 ei
1742 1698 1867 1755 vul-

209 1796 372 1857 neris
393 1792 567 1871 primi
588 1793 835 1868 gloriam
856 1791 1020 1849 locus
1037 1791 1328 1849 inviderit.
1345 1791 1544 1864 Itaque
1565 1789 1718 1863 quod
1742 1788 1870 1843 abs-

209 1884 431 1943 tulerat
452 1882 640 1950 locus,
657 1880 843 1938 reddit
875 1882 1109 1937 animus
1143 1898 1156 1935 :
1191 1898 1327 1937 nam
1360 1881 1601 1936 absente
1631 1878 1866 1949 eo,fuga

212 1980 273 2040 et
300 1974 563 2046 impetus
593 1988 749 2027 nunc
779 1970 1058 2042 his,nunc
1083 1968 1198 2025 illis
1219 1969 1410 2025 varias
1439 1968 1563 2041 spei
1585 1985 1651 2024 ac
1674 1972 1865 2023 metus

212 2062 642 2133 distribuerant
672 2059 824 2116 vices
857 2076 871 2115 :
903 2062 963 2116 at
987 2063 1298 2133 postquam
1346 2057 1397 2114 is
1446 2058 1546 2130 qui
1580 2073 1734 2112 unus
1763 2073 1866 2128 pro

214 2146 804 2218 multitudine,miles
835 2165 938 2221 pro
970 2148 1202 2221 agmine
1224 2151 1281 2203 et
1310 2146 1635 2203 habebatur
1653 2149 1864 2211 eterat,

214 2238 636 2315 superveniens
656 2238 827 2294 irruit
842 2255 856 2306 ;
870 2255 1020 2293 caesa
1046 2236 1199 2292 illico
1221 2236 1411 2292 cervix
1428 2236 1636 2302 Turca,
1653 2233 1868 2290 Christi

215 2329 474 2387 eﬂ'eravit
494 2325 1092 2394 milites,etfeminavit
1113 2325 1331 2381 hostes.
1351 2324 1675 2380 Exanimati
1693 2323 1871 2395 igitur

216 2419 288 2479 ad
318 2423 552 2474 montes
572 2434 695 2483 ora,
727 2417 800 2472 ad
841 2417 1093 2472 Francos
1124 2420 1306 2488 terga,
1340 2415 1413 2470 ad
1447 2417 1643 2487 fugam
1675 2413 1872 2470 studia

218 2512 600 2574 convertunt;
644 2506 936 2562 animatos
995 2522 1126 2561 vero
1173 2504 1418 2560 audacia
1464 2520 1682 2572 comes,
1737 2503 1874 2574 fuga

216 2596 503 2665 hostium,
558 2612 857 2652 morarum
915 2595 1125 2668 pudor,
1160 2593 1522 2666 fugientibus
1583 2591 1870 2648 immittit.

218 2686 379 2752 Quod
417 2683 531 2741 nisi
573 2683 789 2740 montis
838 2682 1087 2758 proximi
1138 2682 1368 2756 asylum
1420 2682 1651 2755 refugos
1678 2681 1873 2737 subito

220 2775 560 2849 recepisset,
593 2772 768 2847 paulo
796 2773 1022 2829 tardius
1052 2772 1293 2846 sanguis
1323 2772 1608 2828 barbarus
1659 2771 1875 2827 Latinae

222 2852 487 2938 cuspidis
517 2862 678 2920 sitim
709 2862 1022 2920 imbuisset
1053 2862 1126 2919 ad
1177 2862 1526 2919 satietatem.
1561 2860 1706 2926 Quia
1744 2875 1876 2915 vero

223 2954 446 3019 montis
480 2953 702 3011 viciniae
726 2952 1095 3025 timor,cujus
1116 2957 1205 3007 est
1227 2951 1474 3025 pedibus
1498 2949 1622 3006 alas
1643 2949 1875 3018 addere,

224 3043 461 3100 subitus
491 3040 756 3107 accessit,
790 3040 956 3097 facile
989 3058 1107 3113 qua
1152 3040 1558 3096 descendendo
1607 3039 1878 3094 invasum

225 3133 435 3200 fuerat,
451 3130 820 3187 ascendendo
851 3147 1089 3186 evasum
1121 3128 1345 3197 est,illa
1376 3133 1604 3184 tantum
1638 3127 1879 3182 absente

1971 538 2222 612 navigat,
2278 556 2497 607 secum,
2559 539 2713 595 sicut
2776 539 3143 611 promiserat,
3201 541 3616 601 Marchisidem

1969 628 2273 683 reducens.
2307 628 2414 684 Ubi
2445 629 2571 700 ejus
2601 628 2935 700 hommagio
2968 628 3196 686 Alexius
3227 631 3418 704 magis
3435 637 3617 689 terre-

1967 718 2159 773 factus
2190 734 2369 789 quam
2400 722 2584 783 tutus,
2616 716 2801 774 multo
2832 719 3314 791 dejectiorquam
3363 726 3615 790 erectus,

1970 806 2335 879 exaggeravit
2360 806 2528 874 iram,
2554 824 2668 863 non
2694 807 3024 879 impetravit
3045 809 3446 866 reverentiam.
3471 811 3618 867 Nam

1969 896 2129 952 velut
2160 896 2355 952 divino
2376 896 2611 952 oraculo
2638 896 3337 962 instructus,metiebatur
3364 900 3452 955 vir
3481 919 3619 974 pru-

1971 987 2116 1041 dens
2149 985 2281 1041 illos
2312 986 2410 1058 qui
2444 985 2718 1058 deinceps
2750 987 2934 1042 secuti
2984 992 3124 1043 sunt
3170 1005 3366 1045 rerum
3406 990 3617 1048 exitus.

1975 1075 2495 1148 RegniGraecorum
2520 1092 2633 1131 non
2651 1074 3075 1146 longitudinem
3098 1076 3494 1137 immensitate
3514 1098 3624 1138 sua

1975 1164 2562 1238 Hieresolymitanum
2611 1164 2913 1237 attingere.
2948 1167 3120 1222 Tanti
3157 1169 3331 1241 spatii
3382 1173 3558 1230 urbes
3588 1192 3623 1230 a

1974 1253 2180 1310 Turcis
2212 1260 2433 1327 captas,
2466 1254 2796 1310 Christiano
2823 1255 3007 1310 cultui
3028 1256 3147 1313 fere
3176 1259 3618 1332 mancipandas.

1975 1343 2150 1399 Porro
2172 1343 2384 1399 Graecis
2414 1348 2644 1416 ereptas
2675 1343 2891 1401 talibus
2914 1362 3028 1400 non
3061 1352 3324 1419 oportere
3348 1351 3511 1406 reddi
3536 1357 3624 1407 tu-

1975 1433 2223 1488 toribus.
2277 1437 2527 1489 Francos
2555 1450 2683 1489 esse
2732 1433 2831 1506 qui
2882 1434 3221 1506 hujusmodi
3270 1439 3462 1495 tutelae
3512 1441 3622 1498 soli

1976 1523 2332 1591 sufficerent;
2347 1523 2607 1594 alioquin
2633 1524 2806 1579 urbes
2827 1526 2883 1578 et
2903 1525 3118 1598 oppida
3139 1527 3367 1584 restitui
3387 1523 3620 1600 Graecis,

1974 1610 2031 1666 id
2065 1628 2192 1667 esse
2226 1611 2450 1667 restitui
2484 1612 2727 1670 Turcis":
2763 1631 2826 1669 se
2875 1614 3053 1670 simul
3085 1617 3314 1673 duobus
3344 1619 3620 1693 dominis,

1976 1699 2196 1756 scilicet
2244 1700 2575 1773 reipublicae
2623 1706 2679 1758 et
2740 1703 2860 1775 regi
2895 1705 3123 1760 Graeciae
3173 1706 3445 1764 famulari
3505 1728 3622 1767 non

1979 1806 2169 1862 posse.
2209 1791 2333 1845 llaec
2364 1789 2562 1846 animo
2593 1791 2825 1848 volvens
2855 1792 2942 1849 vir
2971 1794 3268 1865 providus,
3319 1797 3505 1855 fertur
3534 1816 3625 1856 re-

1974 1879 2102 1951 gias
2133 1896 2305 1935 aures
2339 1879 2639 1937 simillima
2667 1881 2804 1937 huic
2833 1881 3109 1955 implesse
3141 1885 3378 1957 querela
3409 1904 3422 1943 :
3458 1911 3484 1938 ‹‹
3520 1889 3625 1945 Co-

1974 1972 2189 2040 gnatus
2219 1969 2462 2042 sanguis
2491 1970 2868 2027 Boamundus
2898 1976 3001 2027 tua
3030 1971 3322 2045 impulsus
3344 1977 3624 2049 potentia,

1976 2056 2090 2113 huc
2123 2074 2235 2113 me.
2269 2076 2302 2113 o
2333 2058 2671 2131 imperator,
2724 2060 2958 2132 impulit
3005 2063 3342 2121 retransire.
3377 2064 3435 2122 Si
3492 2083 3627 2138 pro-

1977 2146 2161 2202 missa
2190 2151 2313 2218 tua,
2346 2148 2393 2204 si
2426 2166 2691 2218 munera,
2717 2149 2767 2205 si
2798 2150 3167 2209 familiaritas
3190 2168 3282 2210 me
3312 2154 3628 2228 cepissent,

1978 2253 2095 2291 non
2126 2236 2367 2292 deerant
2397 2239 2594 2294 aditus
2616 2256 2718 2310 per
2746 2256 2894 2311 quos
2915 2240 3241 2315 irrumpere
3270 2242 3631 2301 licebat.Caa-

1978 2328 2167 2380 terum
2201 2325 2298 2381 ubi
2331 2344 2399 2381 ea
2429 2327 2868 2399 displicuerant,
2904 2330 3121 2386 frustra
3152 2331 3293 2389 mihi
3326 2337 3462 2390 tuus
3504 2334 3631 2408 pla—

1981 2414 2198 2471 cuisset
2227 2433 2522 2473 accessus.
2543 2419 2667 2474 Haao
2689 2420 2996 2476 attendens
3018 2438 3254 2493 operam
3276 2423 3553 2497 dedi,qua
3572 2429 3631 2483 te

1982 2503 2336 2575 praeterirem
2368 2504 2626 2573 liberior,
2661 2505 2819 2577 vigili
2852 2524 2992 2562 cura
3047 2508 3359 2567 liberatum
3393 2517 3495 2568 tua
3538 2531 3631 2571 me

1982 2590 2097 2647 huc
2127 2592 2398 2648 violentia
2428 2594 2665 2650 retrusi‘t
2686 2594 2933 2651 invitum
2957 2615 2969 2665 ;
2995 2598 3309 2670 quominus
3331 2601 3435 2657 tibi
3458 2603 3636 2659 confi-

1984 2682 2240 2738 dendum
2277 2684 2523 2751 noveris,
2557 2683 2608 2740 si
2639 2685 2779 2757 quid
2822 2684 2996 2742 hodie
3048 2688 3321 2762 pepigere
3372 2695 3629 2749 coaetus.

1986 2772 2083 2827 His
2116 2776 2171 2827 te
2217 2772 2649 2843 przemonitu'n,
2701 2775 3006 2847 sequentia
3053 2794 3285 2851 quoque
3335 2782 3633 2839 attendere

1987 2865 2231 2933 oportet.
2256 2862 2399 2918 Ecce
2430 2864 2501 2917 ad
2534 2864 2591 2919 id
2620 2869 2858 2919 ventum
2892 2870 3000 2932 est,
3034 2872 3099 2921 ut
3127 2869 3357 2941 cognati
3403 2870 3635 2929 foederis

1986 2954 2419 3005 sacramentum
2438 2952 2758 3009 absolvam.
2780 2953 2988 3010 Verum
3011 2972 3080 3011 ea
3100 2954 3190 3013 lex
3211 2957 3398 3014 aderit
3419 2959 3634 3028 media,

1987 3043 2053 3094 ut
2082 3043 2137 3093 te
2171 3038 2548 3114 llierosolymi
2582 3047 2746 3114 petas
2794 3044 3127 3116 adiuvante,
3147 3049 3262 3101 stet
3292 3046 3481 3104 fmdus
3503 3065 3638 3105 mox

1988 3143 2285 3196 casurum,
2319 3145 2452 3184 cum
2483 3146 2685 3186 eorum
2708 3136 2810 3186 aut
2841 3134 3212 3191 successibus
3232 3135 3640 3203 invideris,aut

224 3221 427 3278 anima
449 3237 628 3293 quam
649 3219 986 3275 Tancredus
1008 3237 1126 3275 suae
1149 3235 1468 3292 praeconem
1495 3216 1751 3272 audacia:
1770 3216 1878 3272 sub
1909 3205 1952 3272 C
1992 3215 2313 3271 infortunia
2333 3234 2449 3272 non
2464 3217 2877 3276 levabis.Absit
2895 3239 3028 3278 vero
3042 3228 3107 3280 ut
3123 3223 3438 3296 aliquando
3452 3226 3638 3283 ﬁdum

222 3315 449 3366 tartara
470 3307 902 3365 miserat.Multi
926 3312 1121 3364 tamen
1144 3307 1627 3380 inhonestaterge
1640 3307 1882 3363 vulnera

224 3400 471 3456 domum
505 3402 896 3470 reportarent.
931 3396 1285 3454 Christicolae
1318 3396 1534 3453 hilares
1584 3396 1643 3451 in
1689 3401 1882 3452 castra

224 3491 621 3553 revertuntur,
652 3486 714 3541 hi
773 3491 1035 3554 cruenta,
1062 3485 1143 3541 illi
1196 3503 1436 3542 recurva
1483 3487 1743 3558 cuspide,
1781 3485 1878 3541 alii

222 3577 452 3635 fraxino
484 3582 711 3643 trunca,
746 3593 881 3649 pars
910 3575 1117 3631 hebete
1147 3574 1341 3649 gladio
1387 3575 1670 3648 insignes.
1704 3576 1878 3631 Turci

221 3666 437 3742 capitis
469 3665 870 3739 spectaculum
903 3663 1073 3738 vulgo
1104 3668 1509 3737 prmsentatur.
1542 3664 1878 3720 Tancredus

221 3774 326 3831 per
383 3754 640 3812 universi
689 3753 975 3810 exercitus
1031 3752 1299 3826 populos,
1351 3753 1606 3825 linguas,
1658 3758 1875 3821 aetates,

221 3862 424 3914 sexus,
447 3843 836 3918 professiones
858 3842 1085 3916 primus
1106 3842 1279 3898 Turci
1304 3841 1532 3898 verticis
1555 3841 1882 3899 celebratur

221 3936 403 4001 unius
430 3933 715 4004 abscisor,
756 3936 814 3987 et
861 3930 1382 3988 innumerabilium
1431 3931 1681 4004 fugator.
1715 3933 1879 3998 Quod

223 4042 340 4081 non
398 4022 528 4079 sine
573 4021 830 4096 quodam
878 4020 1061 4077 futuri
1112 4020 1396 4077 Tancredi
1447 4019 1877 4093 praemonitorio

221 4110 501 4195 quisquis
522 4128 644 4168 rem
667 4109 979 4185 diligenter
999 4108 1334 4177 attenderit,
1356 4114 1552 4166 actum
1571 4127 1698 4166 esse
1721 4128 1876 4166 com-

220 4202 430 4277 periet.
465 4200 614 4265 Sane
643 4199 790 4257 tales
815 4198 1043 4256 cmlitus
1074 4198 1280 4255 oblata:
1320 4200 1641 4255 decuerunt
1685 4199 1877 4256 virum

220 4290 521 4367 primitiae,
554 4289 655 4362 qui
691 4290 809 4363 iam
840 4293 1074 4359 extunc,
1107 4287 1225 4344 imo
1257 4306 1291 4344 a
1319 4287 1533 4344 saeculo
1573 4288 1878 4361 praelectus

220 4383 453 4449 eratmt
482 4378 749 4445 omnium
782 4377 1208 4435 invictissimus
1241 4376 1447 4435 bellica
1475 4377 1672 4434 subire
1705 4379 1876 4435 debe-

218 4472 330 4538 ret,
365 4473 423 4525 et
454 4467 511 4523 in
540 4465 700 4524 nullo
731 4466 994 4541 superari
1025 4466 1385 4525 discrimine.

217 4576 394 4635 XVII.
429 4606 498 4616 —
532 4574 667 4633 Urbs
712 4574 978 4630 redditur.
1027 4574 1224 4630 Alexio
1278 4575 1500 4630 sistitur
1554 4574 1876 4631 Tancredzw.
1910 4580 1956 4643 D

546 4646 732 4703 Verba
766 4645 1028 4701 Tuncredi
1051 4644 1121 4711 ad
1153 4647 1553 4717 imperatorem.

291 4739 617 4809 Postquam
643 4733 866 4795 obsessi
901 4728 1298 4790 obsidentium
1327 4732 1477 4791 vires
1498 4739 1874 4799 auctas,suas

219 4822 574 4900 exspectatis
600 4823 701 4879 diu
734 4822 1018 4879 subsidiis
1047 4822 1361 4879 destitutas
1390 4822 1682 4888 viderunt,
1697 4822 1874 4893 simul

218 4913 413 4973 territi
449 4913 606 4989 quod
640 4912 1008 4969 Raimundus
1039 4929 1255 4981 eomes,
1288 4911 1424 4985 quia
1455 4911 1699 4969 ultimus
1731 4930 1875 4969 mce-

221 5004 323 5073 nia
349 5003 597 5071 foderat,
631 5002 824 5058 acrius
848 5001 1397 5071 sutl‘ossafunditus
1425 5000 1743 5073 quatiebat,
1779 5021 1873 5058 ur-

219 5080 356 5149 bem
380 5108 449 5148 eo
476 5095 676 5149 tenore
696 5092 1040 5158 reddunt,ut
1061 5108 1237 5163 quam
1265 5105 1387 5145 rem
1408 5104 1601 5146 emere
1623 5091 1734 5146 sibi
1760 5110 1873 5148 non

220 5180 568 5251 licet,1iceat
597 5180 805 5247 saltem
828 5181 1070 5253 perdere
1100 5178 1317 5235 illaesis.
1343 5178 1537 5235 Placet
1568 5180 1877 5254 utrobique

220 5268 713 5342 conditio,sicque
732 5269 802 5325 ad
824 5269 1236 5344 imperatorem
1261 5267 1536 5325 mittitur.
1557 5271 1878 5343 Imperator

221 5363 425 5419 autern
466 5357 621 5415 felici
670 5357 770 5413 illo
818 5374 1055 5415 rumore
1082 5357 1438 5431 impertitus,
1467 5361 1524 5413 et
1570 5358 1875 5414 munimen

221 5449 490 5515 mittit,et
516 5447 643 5520 ipse
662 5446 875 5503 missos
903 5463 1091 5521 usque
1112 5446 1332 5512 sinum,
1355 5445 1456 5518 qui
1490 5445 1660 5517 vulgo
1680 5448 1876 5503 Sancti

219 5536 455 5611 Georgii
502 5535 813 5595 brachium
869 5535 1102 5602 dicitur,
1136 5535 1420 5608 sequitur.
1456 5536 1597 5592 Inde
1648 5537 1879 5594 munita

222 5626 391 5703 urbe,
422 5624 810 5697 Boamundus
851 5640 954 5699 per
1004 5628 1176 5697 pacta
1223 5624 1459 5692 foedera,
1492 5642 1596 5699 per
1637 5627 1877 5697 junctae

1990 3322 2082 3360 me
2112 3306 2630 3380 habeat,quisquis
2663 3309 2735 3365 ab
2758 3327 2959 3367 eorum
2981 3312 3257 3371 fidelitate
3281 3314 3636 3372 discesserit.

1990 3395 2048 3450 Si
2099 3412 2204 3468 ego
2263 3396 2553 3452 dominari
2614 3397 2931 3467 desideras,
2984 3401 3256 3458 famulari
3315 3404 3507 3471 stude,
3568 3405 3639 3462 de

1988 3484 2274 3540 Tancredi
2304 3490 2496 3542 certus
2537 3487 2839 3559 obsequio,
2891 3490 2989 3546 ubi
3039 3490 3248 3547 Christi
3298 3492 3638 3550 exercitium

1988 3574 2396 3630 certifieaveris
2428 3576 2498 3631 de
2530 3575 2942 3633 tuo.0mnium
2968 3578 3254 3648 minister,
3278 3580 3385 3637 tibi
3407 3599 3639 3655 quoque

1987 3679 2092 3734 pro
2124 3663 2400 3720 omnibus
2432 3682 2546 3720 non
2579 3665 2774 3721 abnuo
2807 3666 3161 3725 ministrare.
3196 3670 3503 3728 Summam
3534 3688 3637 3727 au-

1988 3754 2105 3807 tem
2139 3752 2350 3808 herum
2392 3754 2845 3827 cempendiosus
2892 3773 3085 3814 sermo
3132 3758 3403 3816 diffiniat.
3437 3760 3638 3826 Qualis

1988 3842 2288 3897 antecedet
2315 3846 2415 3898 tua
2453 3861 2592 3913 erga
2644 3845 2894 3900 Francos
2942 3846 3186 3915 devotio,
3219 3847 3395 3904 talem
3444 3865 3637 3905 meam

1988 3931 2165 3985 Grzeci
2189 3948 2327 4004 erga
2348 3949 2410 3988 se
2432 3937 2767 4004 exspectent
2784 3938 3138 3991 secuturam.
3166 3958 3193 3987 »
3216 3935 3312 3992 llis
3331 3938 3400 3993 de
3421 3954 3636 3994 arcano

1987 4018 2236 4090 pectoris
2259 4021 2578 4092 prudentiae
2610 4022 2994 4090 tabernaculi,
3027 4024 3323 4097 sapientia:
3355 4026 3636 4084 domicilii

1990 4108 2145 4164 fonte
2177 4109 2760 4181 derivatis,laudatur
2788 4111 3022 4170 animus
3054 4115 3151 4187 qui
3172 4118 3230 4171 et
3248 4122 3369 4171 tam
3391 4115 3638 4173 ﬁdeliter

1988 4214 2092 4269 pro
2124 4198 2423 4271 republica
2451 4199 2847 4268 intercedit,et
2874 4206 2995 4259 tam
3027 4208 3368 4261 constanter
3395 4220 3500 4262 nec
3532 4222 3636 4279 pro

1988 4286 2309 4343 domestica
2358 4288 2541 4358 timet,
2576 4307 2680 4347 nec
2728 4308 2762 4345 a
2799 4292 3041 4362 justitia
3088 4292 3322 4350 recedit.
3386 4294 3638 4352 Tollitur

1988 4374 2210 4431 clamor
2240 4377 2514 4446 Gallicus,
2535 4378 2731 4436 Graeca
2753 4398 2985 4454 quoque
3025 4400 3330 4441 murmura
3362 4384 3637 4440 meritum

1989 4482 2103 4520 non
2136 4467 2401 4522 abnuunt
2431 4469 2707 4525 favorem.

1988 4611 2185 4668 XVIII.
2210 4642 2276 4650 —
2291 4611 2470 4682 Ipsius
2483 4613 2619 4682 petit
2642 4613 2954 4667 tentorium.
2969 4613 3295 4687 Indignatur
3314 4618 3631 4688 imperator.

2055 4736 2371 4808 Postquam
2426 4733 2664 4791 Alexius
2720 4734 2825 4790 viri
2876 4741 3132 4795 mentem
3188 4740 3347 4796 videt
3376 4742 3635 4814 pecunia

1985 4824 2483 4897 contemptricem,
2499 4841 2686 4897 neque
2718 4841 2893 4881 aureo
2916 4825 3065 4882 sicut
3095 4832 3434 4886 eaeterorum
3464 4848 3637 4904 posse

1982 4912 2214 4969 vinculo
2247 4913 2479 4983 irretiri,
2513 4914 2653 4987 quia
2683 4930 2817 4971 eum
2848 4920 2981 4988 post
3008 4933 3073 4973 se
3116 4918 3317 4990 nequit
3364 4919 3633 4990 trahere;

1982 5002 2308 5058 trahentem
2342 5003 2628 5075 sequitur,
2661 5009 2718 5060 et
2749 5005 3121 5062 sermonibus
3160 5013 3445 5065 consonat
3474 5009 3637 5066 dicti-

1983 5091 2141 5147 tatis.
2174 5091 2442 5163 Jungunt
2490 5093 2742 5161 dextras,
2777 5095 3179 5153 stomachante
3227 5102 3424 5154 tamen
3475 5098 3636 5155 intus

1986 5180 2364 5249 Marchisida,
2402 5186 2564 5237 extra
2610 5200 2744 5238 vero
2795 5184 2973 5241 torvis
3023 5186 3348 5244 luminibus
3396 5189 3635 5246 crudes—

1986 5276 2167 5327 cente.
2194 5270 2490 5327 Celebrate
2514 5271 2630 5326 ritu
2655 5274 2936 5355 quem,ad
2961 5275 3082 5332 haec
3105 5277 3320 5334 fmdera
3340 5277 3635 5352 principes

1988 5361 2313 5426 observant,
2341 5359 2629 5415 innitatur
2659 5362 3091 5435 Tan‘credus,ut
3120 5365 3410 5438 quidlibet
3438 5385 3472 5423 a
3502 5386 3636 5443 rege

1986 5452 2164 5521 petat,
2188 5448 2711 5521 nullampassurus
2734 5452 2804 5508 de
2827 5454 3004 5525 petito
3025 5455 3324 5528 repulsam
3349 5473 3363 5510 :
3388 5458 3636 5512 aestima-

1986 5538 2160 5594 batur
2191 5537 2346 5594 enim
2378 5556 2610 5608 aurum,
2645 5546 2975 5613 argentum,
3020 5562 3306 5618 gemmas,
3353 5544 3532 5617 pallia
3578 5551 3635 5602 et

1987 5628 2079 5685 his
2111 5626 2327 5685 similia
2358 5628 2671 5700 petiturus,
2706 5632 3101 5690 necessarium
3147 5633 3250 5692 vim
3298 5634 3630 5693 subsidium
