3984 6078
316 334 434 401 507

822 334 927 398 AD
972 334 1486 399 GODEFRIDUM
1531 335 1871 398 APPEND.
1918 333 1997 399 II.
2030 366 2109 383 -
2136 331 2452 400 MONUM.
2497 334 2600 401 DE
2641 337 2895 404 BELLO
2939 338 3215 407 SAGRO.

3603 340 3728 411 808

316 475 375 529 et
420 469 575 526 avari
623 468 805 525 animi
853 468 1345 526 blandimentum.
1397 471 1633 542 Spretor
1678 469 1958 542 pecuniae,
1990 472 2043 539 Α
2074 469 2307 526 fortuna
2337 470 2514 527 simul
2546 475 2603 528 et
2631 476 2872 529 vocatur
2899 478 2955 529 et
2984 475 3553 535 adest.Transfretat
3574 478 3722 536 nihil

316 560 766 632 sublimatisque
812 560 983 632 regia:
1041 559 1274 614 animus
1333 558 1656 623 armulator,
1705 559 1964 632 vulgaria

314 651 723 722 temnit,quem
748 649 925 704 duces
948 648 1044 703 alii
1068 649 1327 703 oblatum
1350 667 1465 720 prie
1488 666 1659 703 onere
1682 648 1962 704 honorem

315 738 854 807 recusarent,illum
887 738 1137 804 affectat,
1158 743 1213 793 et
1243 737 1433 794 solum
1465 738 1536 791 de
1568 737 1862 808 regalibus
1884 738 1964 793 ait

313 830 678 904 praaplacere.
713 828 848 881 Erat
880 844 1129 898 namque
1162 828 1277 899 regi
1312 827 1817 898 tentorium,quod
1842 832 1962 882 arte

313 920 487 977 simul
511 924 567 974 et
591 923 797 972 natura
821 916 1082 970 mirabile
1118 916 1409 988 duplicem
1444 916 1961 988 spectatorijacta-

311 1011 413 1066 bat
442 1015 737 1081 stuporem
775 1023 787 1061 :
823 1006 892 1060 ad
928 1006 1045 1059 hunc
1097 1006 1259 1061 urbis
1309 1006 1496 1060 instar
1541 1005 1752 1060 turrita
1790 1006 1958 1073 atria,

314 1098 567 1155 camelos
596 1095 797 1168 viginti
824 1094 981 1167 gravi
1007 1093 1237 1149 sarcina
1267 1112 1382 1150 non
1418 1095 1960 1168 fraudabant,capa-

309 1189 455 1245 citas
510 1184 915 1242 convcniendae
976 1183 1341 1240 multitudini
1404 1188 1770 1257 opportuna;
1815 1172 1987 1257 apex

306 1282 540 1335 tantum
570 1273 793 1331 caeteris
822 1273 1227 1346 praeminens.

441 1375 715 1444 Quantum
748 1374 892 1427 Irata
924 1372 1099 1428 solent
1130 1374 1273 1429 inter
1301 1373 1535 1428 viburna
1566 1374 1826 1444 cupressi.

1300 1444 1513 1517 (VIBG.,
1537 1462 1555 1499 ι
1583 1445 1794 1512 Bucol.)

305 1532 425 1603 Hoc
455 1561 593 1617 ergo
626 1541 987 1616 magnanimi
1029 1542 1409 1597 Wiscardida:
1443 1546 1695 1597 mentem
1738 1559 1955 1598 munus

304 1634 545 1692 unicum
576 1632 750 1705 capit,
784 1632 935 1687 hanc
965 1631 1076 1687 sibi
1109 1632 1363 1686 destinat
1394 1632 1589 1685 aulam
1637 1631 1909 1687 idoneam
1936 1650 1949 1700 ;

305 1742 456 1782 onus
475 1724 709 1796 quidem
726 1721 931 1776 inutile
951 1721 1344 1794 praesenti,sed
1365 1721 1601 1793 signum
1616 1721 1770 1775 haud
1796 1721 1954 1793 igno-

303 1814 419 1872 bile
451 1812 652 1868 futuri.
686 1814 807 1877 Quo
853 1816 1169 1883 comperto,
1202 1810 1435 1866 Alexius
1484 1810 1567 1865 sic
1618 1811 1801 1865 fertur
1846 1828 1950 1865 aas-
1984 1853 2033 1917 B

302 1908 500 1961 tuasse
519 1903 590 1957 ad
605 1904 893 1973 petentem
917 1900 1069 1956 sicut
1089 1899 1227 1955 olim
1247 1899 1445 1956 Delius
1467 1900 1536 1955 ad
1553 1899 1951 1967 Phaetontem;

304 1994 419 2050 nisi
452 1992 593 2065 quia
623 1990 738 2046 illic
772 1993 1013 2062 paterna
1043 1989 1229 2062 pietas
1259 1988 1607 2062 trepidabat,
1632 1988 1726 2044 hic
1758 1988 1952 2044 saevie-

302 2084 403 2140 bat
450 2080 774 2153 indignatio
823 2078 1073 2134 hostilis.
1109 2079 1363 2134 Phoebus
1408 2078 1828 2151 ingemiscebat
1885 2078 1955 2133 de

300 2170 559 2246 periculo
592 2168 962 2235 filii,Alexius
991 2185 1170 2240 super
1190 2167 1386 2223 animo
1411 2167 1955 2240 sublimiuPhoabus

301 2261 490 2317 ﬁlium
521 2260 593 2315 ad
626 2256 950 2313 salubriora
982 2257 1307 2328 optandum
1338 2257 1642 2312 hortatur:
1672 2279 1699 2307 «
1721 2255 1954 2311 Alexius

272 2356 273 2363 ‘
301 2349 386 2407 sic
416 2352 683 2422 optatum
714 2351 905 2418 negat,
942 2351 1005 2400 ut
1036 2351 1169 2419 post
1200 2351 1475 2419 negatum
1508 2346 1600 2401 his
1645 2346 1905 2418 increpet
1938 2362 1950 2401 :

301 2440 549 2512 Ergone,
584 2436 988 2499 Marchisides,
1025 2436 1248 2490 confert
1278 2453 1339 2490 se
1386 2435 1551 2501 mihi,
1585 2434 1804 2508 regalia
1852 2451 1952 2505 pe-

303 2529 479 2584 tendo
510 2524 805 2599 insignia?
837 2526 1073 2580 sordent
1095 2542 1227 2579 vero
1259 2523 1307 2579 ei
1341 2523 1816 2591 communia,nisi
1839 2524 1955 2579 sin-

304 2616 506 2691 gulare
538 2632 732 2671 meum
765 2614 825 2669 in
856 2618 977 2670 toto
1028 2614 1166 2668 orbe
1213 2613 1440 2669 alfectet
1485 2613 1808 2686 palatium?
1839 2630 1953 2685 quo

303 2706 638 2779 impetrato,
671 2702 812 2775 quid
844 2706 1023 2758 restat
1062 2702 1236 2772 ultra,
1271 2702 1412 2775 quin
1461 2704 1634 2775 capiti
1684 2703 1956 2757 diadema

306 2812 435 2851 meo
468 2793 869 2860 detrahat,suo
899 2792 1241 2864 imprimat?
1265 2796 1324 2846 at
1346 2796 1483 2864 puto
1502 2793 1715 2847 desunt
1735 2792 1783 2846 ei
1809 2790 1956 2846 atria

304 2888 613 2956 congestos
671 2880 815 2938 satis
862 2880 1205 2953 explicitura
1254 2882 1513 2947 clientes,
1550 2898 1739 2953 neque
1780 2886 1954 2935 tantae

304 2972 559 3029 militum
573 2971 749 3044 copiae
766 2970 921 3026 intra
942 2974 1106 3042 septa
1121 2970 1313 3026 valent
1329 2970 1596 3026 concludi
1612 2970 1951 3025 domestica.

304 3065 506 3135 Itaque
537 3060 694 3134 regia
726 3060 958 3133 potitur,
994 3077 1121 3132 quae
1154 3060 1278 3115 suis
1326 3059 1796 3115 dimensionibus
1845 3058 1954 3113 im-

305 3150 783 3217 mensa,domino
815 3150 1069 3206 sufficiat
1102 3150 1434 3223 magnifico.
1469 3150 1540 3205 Ut
1571 3156 1766 3205 autem
1790 3150 1957 3204 cedat

304 3242 355 3298 ei
407 3241 603 3314 petita,
637 3240 737 3295 ubi
796 3239 964 3304 muli,
999 3239 1097 3294 ubi
1160 3220 1471 3306 muliones,
1519 3244 1720 3311 aptum
1780 3242 1956 3293 tanta:
1987 3220 2031 3287 C

306 3330 445 3387 moli
469 3329 842 3386 vehiculum?
867 3328 1145 3383 nimirum
1178 3328 1328 3383 hanc
1350 3330 1559 3400 adepto
1582 3327 1953 3400 relinquitur,

305 3424 372 3475 ut
400 3419 525 3492 ipse
557 3419 735 3491 pedes
767 3418 1104 3490 impositam
1138 3417 1307 3487 quasi
1356 3417 1603 3472 numina
1651 3421 1952 3489 sequatur.

308 3507 546 3565 Recolat
575 3524 708 3563 vero
740 3506 906 3562 asino
947 3524 1009 3561 se
1058 3505 1477 3572 dissimulanti,
1514 3505 1691 3561 fuisse
1742 3506 1956 3559 damno

307 3596 495 3653 leonis
529 3596 804 3652 exuvias:
830 3595 1048 3667 quibus
1080 3595 1325 3649 indutus
1355 3600 1420 3649 ut
1450 3600 1709 3662 terreret,
1742 3594 1958 3649 meruit

308 3686 596 3743 rusticum
618 3684 834 3740 sentire
849 3682 1319 3748 terribilem.Quo
1341 3683 1677 3738 admonitus
1695 3682 1956 3753 exemplo

308 3792 381 3831 ne
412 3774 639 3830 aﬂ'ectet
669 3772 782 3828 mei
812 3772 1025 3826 umbra
1067 3771 1324 3827 nominis
1355 3777 1567 3827 terrere
1595 3771 1851 3844 ignaros,
1886 3787 1958 3827 ne

308 3865 547 3920 demum
579 3862 851 3933 cognitus
875 3864 1069 3933 pateat
1091 3860 1449 3915 Taucrcdus.
1477 3860 1751 3915 Metiatur
1772 3876 1832 3915 se
1863 3877 1960 3914 au-

306 3958 427 4009 tem
459 3950 696 4006 modulo
726 3967 833 4005 suo
864 3966 930 4004 ac
963 3950 1125 4021 pede,
1161 3950 1375 4004 sarciat
1404 3949 1511 4004 sibi
1546 3966 1650 4021 pro
1682 3966 1742 4005 se
1776 3952 1959 4003 teuto-

309 4040 499 4107 rium;
533 4040 713 4110 hujus
741 4055 873 4094 vero
906 4054 1069 4110 spem
1119 4037 1356 4093 omnino
1408 4040 1679 4110 deponat.
1715 4039 1876 4104 Quod
1909 4037 1958 4091 si

309 4129 482 4185 irasci
514 4127 701 4201 pergit
731 4128 802 4182 de
831 4126 1086 4199 repulsa,
1123 4127 1481 4199 ﬂoccipendo
1513 4127 1651 4195 iras,
1685 4131 1741 4182 et
1770 4143 1959 4199 quan-

309 4222 437 4275 tum
468 4217 606 4285 iras,
642 4216 854 4271 minas.
887 4216 1018 4271 Jam
1049 4216 1204 4271 enim
1239 4217 1429 4289 magis
1460 4216 1764 4289 magisque
1797 4232 1958 4270 men-

310 4312 429 4363 tem
461 4305 720 4362 hominis
751 4304 968 4361 stolida
1001 4304 1144 4360 mihi
1176 4305 1419 4360 ambitio
1451 4307 1746 4361 reseravit.
1769 4304 1961 4359 Donec

312 4395 519 4462 tacuit,
552 4393 937 4467 philosophus
994 4394 1149 4449 credi
1186 4410 1197 4449 :
1232 4392 1479 4450 insanus
1534 4399 1751 4462 autem,
1784 4410 1851 4448 os
1898 4397 1962 4447 ut

313 4483 804 4557 aperuit,meruit.
839 4482 940 4537 Eia
970 4481 1149 4555 igitur
1169 4482 1453 4553 quidquid
1479 4482 1960 4549 fraudis,astutize

2073 560 2390 627 morans,is
2411 560 2504 615 cui
2535 562 2679 617 adeo
2701 562 2999 635 ingratum
3024 564 3171 621 nihil
3192 583 3371 638 quam
3394 569 3728 626 mora.Boa-

2072 650 2330 705 mundus
2360 654 2552 705 autem
2587 651 2760 723 paulo
2791 653 3015 708 tardior
3045 670 3339 727 egressus,
3376 657 3566 730 regias
3606 659 3726 715 fere

2070 739 2421 811 exspectavit
2436 745 2492 794 et
2514 739 2759 795 incurrit
2778 740 3024 798 insidias
3045 760 3058 797 :
3079 744 3181 799 sed
3197 743 3443 801 latenter
3459 746 3723 817 edoctus,

2068 828 2240 883 vertit
2257 845 2317 884 se
2339 829 2410 883 ad
2437 828 2923 903 fugam,alioquin
2949 832 3021 887 ad
3045 834 3556 891 catenam.Deinde
3570 837 3725 909 regis

2070 918 2314 973 nuntius
2338 917 2684 987 reclamans,
2721 937 2998 977 revocans
3030 928 3267 979 secutus
3296 928 3387 980 est
3415 941 3721 997 egressos:

2068 1024 2267 1063 verum
2292 1007 2493 1062 donati
2516 1009 2945 1078 rude,extricati
2971 1011 3163 1082 nodis,
3186 1012 3457 1085 procellis
3478 1014 3722 1084 emersi;

2068 1114 2275 1153 rursus
2298 1098 2505 1154 iisdem
2528 1099 2737 1155 nolunt
2751 1101 2958 1173 exponi
2984 1101 3728 1161 turbinibus.Sordetrevo-

2066 1185 2215 1242 catio
2238 1187 2697 1261 absentis,cujus
2714 1206 2970 1261 praesens
2992 1194 3328 1265 contempta
3342 1196 3431 1248 est
3447 1209 3721 1266 persona,

2066 1292 2253 1349 neque
2282 1277 2497 1333 adituri
2530 1279 2748 1334 summi
2780 1279 2934 1353 regis
2982 1280 3296 1352 cunabula,
3334 1281 3574 1338 Herodis
3618 1299 3728 1337 au-

2065 1366 2235 1420 diunt
2257 1367 2560 1439 perfidiam
2582 1368 2931 1425 revocantis.
2949 1369 3290 1427 Immissave
3307 1374 3500 1427 aratro
3514 1387 3721 1443 manu,

2063 1453 2289 1511 lumina
2320 1473 2434 1511 non
2467 1457 2792 1527 reflectunt,
2819 1456 2998 1514 semel
3030 1475 3211 1531 quam
3243 1458 3321 1516 sit
3349 1458 3452 1515 illa
3480 1459 3719 1517 reﬂexio

2063 1544 2348 1600 damnosa
2368 1545 2728 1619 experti.Sed
2749 1551 2806 1603 et
2825 1546 2936 1603 illa:
2958 1564 3211 1620 quarum
3225 1547 3405 1605 altera
3427 1548 3605 1606 cahos
3616 1549 3720 1606 So-

2062 1634 2246 1688 domae
2270 1634 2553 1707 respexit;
2579 1634 2762 1691 altera
2782 1637 3008 1692 Treicio
3045 1637 3281 1711 conjugi
3313 1642 3404 1695 est
3433 1643 3715 1711 respects,

2061 1739 2323 1779 emersos
2353 1724 2424 1779 ad
2461 1724 2651 1780 lucem
2683 1742 2889 1781 rursus
2938 1726 3252 1799 prohibent
3297 1726 3555 1783 tenebris
3608 1728 3723 1783 im-

2063 1813 2269 1885 mergi.
2304 1814 2414 1868 Tot
2443 1813 2729 1869 admoniti
2763 1813 3063 1886 exemplis,
3081 1815 3280 1871 omnia
3299 1816 3422 1872 haec
3449 1815 3557 1871 visi
3582 1819 3724 1872 sunt

2065 1900 2173 1957 sibi
2207 1902 2447 1957 evadere
2475 1905 2796 1971 tormenta;
2846 1903 2989 1958 dum
3038 1903 3195 1959 hunc
3242 1921 3428 1960 unum
3477 1909 3722 1976 prseter-

2064 1994 2206 2047 eunt
2233 1994 2536 2045 tortorem.
2571 1990 2758 2062 Igitur
2785 1990 2959 2065 longo
2991 2008 3290 2048 morarum
3321 1996 3512 2048 tractu
3564 1992 3723 2048 afﬂi-

2064 2080 2139 2135 cti
2201 2079 2390 2135 Latini
2449 2080 2650 2148 duces,
2706 2080 2879 2135 taedia
2933 2079 3193 2147 vincunt,
3255 2081 3723 2154 necessariisque

2064 2171 2222 2242 justa
2251 2168 2365 2224 sibi
2395 2184 2461 2224 ac
2475 2169 2808 2225 vectoribus
2837 2170 3101 2239 iumenta
3122 2174 3368 2226 onerant
3386 2168 3718 2226 alimentis:

2064 2274 2200 2313 nam
2235 2257 2428 2313 media
2459 2274 2587 2330 quae
2620 2257 2979 2313 fertilitatem
3014 2258 3399 2315 submovebat
3415 2258 3718 2327 sterilitas,

2064 2364 2166 2419 per
2195 2346 2318 2403 dies
2349 2345 2636 2419 plurimos
2667 2346 3116 2403 transeuntibus
3146 2348 3520 2417 occurrebat;
3555 2347 3719 2404 nullo

2063 2436 2249 2509 frugis
2279 2434 2489 2491 solatio
2522 2435 2781 2508 inopiam
2813 2435 3092 2492 levatura.
3128 2437 3190 2492 In
3239 2436 3411 2509 cujus
3458 2436 3714 2493 confinio

2064 2525 2458 2599 Solymannus
2515 2541 2614 2581 rex
2669 2525 2896 2581 Turcus
2954 2524 3367 2599 opperiebatur
3411 2530 3711 2594 venturos,

2063 2620 2352 2686 quatenus
2408 2613 2630 2685 ignaris
2686 2613 3052 2669 incurrerent
3109 2613 3354 2686 providi,
3423 2613 3709 2670 famelicis

2064 2703 2345 2775 opulenti,
2382 2702 2550 2759 fessis
2582 2702 2823 2771 alacres,
2857 2701 3154 2776 languidis
3185 2703 3432 2759 robusti.
3464 2703 3713 2759 Consul-

2062 2798 2189 2848 tum
2221 2797 2309 2848 est
2337 2809 2471 2848 vero
2522 2793 2690 2864 quasi
2739 2790 3020 2848 divinitus
3068 2792 3224 2849 ﬁdeli
3259 2793 3498 2866 populo,
3532 2798 3600 2849 ut
3636 2792 3718 2848 vi-

2064 2882 2349 2938 ctualium
2382 2882 2609 2954 copiam
2640 2898 2743 2954 per
2773 2880 3054 2937 incultam
3086 2881 3462 2939 solitudinem
3513 2882 3722 2938 tradu-

2064 2976 2237 3039 ceret,
2272 2988 2400 3044 quae
2448 2976 2631 3042 vecta,
2664 2987 2804 3027 suos
2853 2970 3289 3044 quodammodo
3335 2970 3569 3028 veheret
3622 2988 3720 3029 ve-

2065 3066 2275 3116 ctores.

2063 3167 2175 3222 XX.
2208 3198 2275 3206 —
2310 3166 2585 3221 Exercitus
2638 3165 3080 3222 Christianorum
3128 3167 3188 3222 in
3239 3167 3385 3223 bivio
3423 3165 3715 3222 dividitur.

2138 3256 2248 3312 Sed
2281 3272 2414 3311 cum
2446 3254 2772 3327 penultima
2800 3255 2954 3311 circa
2982 3254 3203 3311 exitum
3234 3254 3394 3311 illius
3425 3255 3717 3311 ariditatis

2065 3344 2398 3401 transiisset
2429 3344 2575 3411 dies,
2608 3361 2755 3417 pene
2805 3345 3049 3400 fortuna:
3097 3343 3276 3401 ludus
3327 3362 3502 3401 suum
3547 3343 3716 3401 illum

2066 3434 2320 3490 favorem
2353 3450 2385 3487 a
2415 3433 2780 3491 Christicolis
2810 3434 2882 3490 ad
2929 3433 3354 3490 Mahumicolas
3406 3434 3712 3501 convertit,

2064 3527 2122 3579 et
2151 3523 2208 3577 in
2242 3526 2437 3595 partes
2459 3521 2745 3578 Tancredi
2782 3540 2928 3577 ausa
2956 3526 3042 3578 est
3072 3521 3506 3579 nimium.Nam
3529 3522 3720 3577 redin-

2063 3616 2289 3685 tegrato
2313 3611 2468 3667 sicut
2498 3610 2652 3667 soliti
2686 3616 2852 3667 erant
2889 3610 3253 3684 quotidiano,
3284 3610 3394 3679 vel,
3428 3615 3494 3666 ut
3522 3611 3603 3667 ita
3631 3610 3723 3667 di-

2065 3718 2215 3768 cam,
2249 3701 2705 3773 quotinocturno
2738 3700 2903 3767 calle,
2936 3705 3095 3756 secta
3124 3705 3213 3757 est
3241 3699 3301 3755 in
3332 3699 3554 3756 bivium
3604 3699 3719 3773 via,

2065 3795 2123 3846 et
2149 3789 2436 3845 exercitus
2460 3788 2672 3845 Christi
2704 3789 2893 3846 factus
2923 3794 3013 3846 est
3043 3787 3721 3846 biviator.Plurimorum

2067 3878 2263 3952 opinio
2286 3895 2539 3934 errorem
2559 3877 2726 3933 illum
2747 3877 3048 3934 industriae
3072 3878 3402 3952 deputavit;
3428 3895 3545 3950 quo
3567 3882 3722 3935 terra

2066 3967 2225 4041 genti
2282 3966 2617 4039 opulentius
2676 3967 2916 4023 serviret
2975 3968 3186 4023 diffuse
3231 3966 3508 4040 spatiosa,
3543 3983 3721 4040 quam

2068 4057 2276 4129 stipate
2306 4060 2626 4111 contracta.
2658 4060 2784 4112 Huc
2814 4055 3126 4112 accedebat
3155 4056 3311 4129 quod
3363 4071 3534 4113 casus
3565 4055 3720 4113 idem

2068 4145 2437 4201 Normanniaa
2467 4145 2762 4212 comitem,
2783 4145 3307 4217 Boamundumque
3324 4144 3722 4201 Tancredum-

2068 4252 2182 4307 que
2212 4250 2473 4290 seorsum
2508 4235 2748 4311 aiturba
2778 4233 3111 4301 diverterat,
3147 4232 3315 4307 quasi
3358 4238 3425 4289 ut
3455 4234 3723 4308 unigena;

2068 4340 2186 4379 uno
2217 4321 2459 4379 consilio
2482 4339 2662 4378 unam
2683 4321 2883 4396 patriae
2902 4339 3021 4379 suae
3042 4320 3288 4396 gloriam
3307 4327 3721 4396 praerogarent.

2065 4410 2176 4467 Alii
2211 4428 2341 4467 vero
2373 4428 2489 4468 non
2521 4410 2854 4468 ultroneum
2885 4411 2987 4467 sed
3020 4410 3274 4479 casuale,
3307 4426 3412 4467 nec
3441 4413 3563 4467 tam
3585 4425 3727 4485 pra-

2069 4500 2265 4556 sulum
2301 4517 2480 4572 quam
2511 4500 2767 4557 invisum
2800 4500 3002 4568 fuisse,
3040 4499 3186 4572 ipsis
3216 4498 3316 4572 qui
3347 4498 3722 4570 diverterant,

313 4574 535 4630 irarum
566 4588 632 4627 ac
683 4570 969 4625 furiarum
1020 4570 1199 4626 habes
1248 4570 1626 4638 Marchisida,
1660 4571 1718 4626 in
1763 4588 1959 4627 meum
1991 4590 2039 4656 D
2070 4570 2385 4645 divortia—In
2417 4589 2777 4657 asserebant,
2813 4606 2954 4646 sane
3003 4570 3355 4645 miserat—nes
3402 4588 3722 4658 fortunam,

312 4662 529 4720 ventila
559 4664 734 4733 caput
757 4678 770 4714 ε
796 4660 1017 4732 excipio
1050 4660 1347 4714 ardentem
1383 4676 1395 4713 :
1431 4661 1547 4732 Ego
1579 4677 1683 4716 nec
1727 4660 1958 4716 hostem

315 4752 458 4809 mihi
490 4756 545 4808 te
575 4750 785 4822 dignor
815 4766 920 4805 nec
942 4748 1256 4804 amicum.»
1281 4748 1409 4803 Haec
1424 4748 1657 4804 Alexius
1680 4750 1765 4803 ira
1785 4749 1962 4804 simul

314 4848 373 4897 et
400 4840 618 4896 astutia
662 4839 917 4895 dictante
967 4838 1262 4910 profatus;
1308 4837 1518 4910 partim
1553 4837 1965 4894 dissimulabat

314 4926 829 5000 timorem,partim
846 4931 1135 4981 tumorem
1150 4926 1527 4982 atrocissima:
1543 4926 1672 4982 bilis
1686 4927 1959 4983 leniebat.

316 5024 392 5074 At
421 5017 759 5074 Tancredus
782 5016 949 5087 quasi
979 5016 1194 5086 jocosm
1225 5015 1384 5071 illius
1406 5016 1681 5088 imaginis
1703 5016 1965 5072 imitator

317 5107 528 5164 ultima
558 5106 629 5161 de
660 5104 862 5159 multis
908 5105 1083 5158 verba
1130 5104 1336 5176 arripit
1383 5104 1644 5177 nullique
1685 5104 1963 5161 libentius

318 5212 581 5268 unquam
613 5192 1114 5265 responsurus,ait
1138 5209 1151 5247 :
1178 5217 1205 5242 ‹‹
1231 5193 1465 5249 Hostem
1497 5193 1641 5248 mihi
1665 5199 1717 5250 te
1735 5195 1965 5267 dignor,

319 5301 424 5340 nec
454 5282 729 5338 amicum.
780 5280 867 5335 Ab
917 5279 1008 5336 his
1056 5282 1386 5353 digressum
1434 5288 1542 5349 est,
1578 5300 1765 5354 neque
1812 5284 1967 5339 ultra

319 5386 721 5445 congressum.
761 5392 788 5419 n

389 5478 528 5534 XIX.
553 5479 635 5532 Ex
665 5478 838 5549 ipsius
866 5478 1123 5532 manibus
1151 5494 1207 5533 se
1232 5478 1480 5549 eripiunt
1516 5478 1817 5535 Tmzcredus
1846 5487 1896 5535 ct

958 5548 1323 5605 Boamundus.

390 5639 724 5698 Tancredus
773 5639 845 5697 ad
893 5637 1060 5695 littus
1104 5638 1273 5709 redit,
1308 5637 1407 5694 ubi
1466 5643 1668 5712 parato
1725 5639 1965 5714 remige,

2069 4684 2126 4735 et
2155 4678 2437 4735 lenientes
2468 4679 2754 4735 invidiam
2788 4697 2802 4748 ;
2836 4694 2964 4751 quae
3014 4678 3252 4751 quidem
3307 4677 3597 4733 sententia
3633 4677 3727 4733 his

2072 4766 2311 4824 suffulta
2342 4768 2565 4825 ﬁrmior
2594 4769 2788 4824 stabat
2808 4766 3277 4842 praesidiis,quod
3295 4766 3727 4840 praememorati

2072 4857 2251 4913 duces
2282 4855 2520 4913 domitis
2550 4856 2863 4930 plebecula;
2894 4873 3011 4913 non
3042 4860 3380 4913 amoverant
3408 4855 3725 4925 seminam,

2072 4946 2226 5018 quod
2260 4944 2598 5019 alienigena:
2629 4945 2851 5003 militiae
2884 4944 3166 5002 comitatu
3197 4944 3724 5020 gaudebant,quod

2073 5051 2242 5090 suam
2274 5034 2544 5109 denique,
2579 5052 2706 5109 quin
2751 5034 3007 5091 maxima
3060 5034 3279 5105 aberat,
3312 5051 3430 5090 non
3473 5049 3729 5108 premu-

2076 5124 2324 5179 nierant.

2074 5213 2211 5269 XXI.
2247 5244 2316 5253 -—
2346 5215 2407 5269 In
2436 5223 2625 5271 mutuo
2674 5230 2901 5270 occursu
2943 5213 3087 5269 acies
3135 5213 3350 5270 Latinae
3392 5220 3445 5270 et
3474 5212 3730 5271 barbarie

2586 5293 2919 5342 concurrunt
2950 5285 3020 5340 ad
3047 5302 3225 5341 arma.

2147 5373 2333 5447 Igitur
2388 5374 2487 5430 ubi
2545 5375 3016 5431 Normannornm
3073 5373 3281 5430 vexilla
3337 5372 3530 5428 minas
3586 5370 3727 5427 belli

2076 5463 2282 5519 Turcis
2330 5463 2678 5519 denuntiant
2723 5467 2886 5533 (nam
2935 5463 3274 5520 Tancredus
3317 5460 3567 5535 impiger
3596 5477 3728 5517 mo-

2076 5568 2197 5607 rem
2250 5568 2425 5607 suum
2472 5552 2865 5625 prmcurrendi
2914 5550 3204 5619 obtinens,
3236 5551 3466 5626 primus
3503 5553 3561 5606 et
3587 5565 3727 5607 con-

2076 5639 2297 5713 spicere
2351 5644 2409 5698 et
2464 5641 2723 5716 conspici
2767 5644 3206 5715 maturaverat).
3242 5638 3599 5716 Dispositum
3636 5643 3731 5698 est
