3984 6078
284 259 405 325 509

1635 259 1884 324 GESTA
1925 256 2130 323 TANG
2143 260 2344 323 REDI.

3571 261 3692 326 510

280 395 618 468 utrobique,
651 398 715 453 ut
744 413 777 452 a
805 395 999 454 ﬂuvio.
1033 395 1132 471 qui
1167 396 1396 454 medius
1427 395 1807 464 discurrebat,
1842 413 1932 451 ve-
1962 394 2016 460 Α
2045 393 2326 464 paulatim
2354 393 2614 450 lucretur
2639 391 2758 451 iras
2778 392 3466 465 latratu,lituo,clamore,
3474 397 3688 469 jaculis

279 485 528 541 lociores
559 487 759 542 tardos
809 505 1004 544 arcere
1052 488 1411 543 debuissent.
1445 487 1705 558 (Imperat
1736 492 1929 542 autem

277 575 625 646 crepusculo
655 593 862 648 vesper
891 577 1112 642 cedere,
1139 594 1272 631 cum
1308 577 1522 630 Latium
1557 578 1930 648 hau-lmraaque

276 664 438 720 acies
460 668 732 718 mutuum
758 670 1166 737 compererunt
1188 683 1518 720 occursum.
1544 667 1807 736 Expcnsa
1830 666 1931 718 ita-

274 767 392 822 que
424 755 590 805 nocte
622 751 864 806 instanti
899 753 969 806 ad
1003 752 1256 807 mediam
1290 754 1346 806 in
1381 754 1707 824 quieti-[11,11
1739 755 1931 808 media

273 840 337 894 in
371 839 632 894 laborem
659 857 671 894 :
696 857 833 911 pars
866 841 1056 896 ﬁdelis
1089 843 1618 913 promptior,mane
1651 844 1801 896 circa
1833 843 1931 896 ho-

271 940 403 982 ram
435 929 688 998 primam
721 929 791 983 ad
817 929 973 1000 ripas
1005 931 1324 1001 praescripti
1359 931 1624 985 fluminis
1656 933 1931 1001 praivenit

272 1014 596 1084 infidelem,
630 1015 732 1071 ubi
763 1018 854 1071 vix
885 1021 1131 1072 metator
1161 1019 1401 1074 sedulus
1441 1021 1631 1091 prima
1665 1022 1930 1077 infixerat

273 1109 490 1175 castra,
522 1121 656 1160 cum
690 1123 702 1160 :
736 1107 877 1162 Ecce
919 1106 1134 1162 hostis!
1172 1126 1299 1162 ecce
1332 1109 1555 1165 hostis!
1594 1115 1648 1164 et
1680 1111 1928 1181 ingemi-

274 1197 455 1247 natur
482 1193 710 1259 acriter,
745 1198 802 1250 et
848 1197 1097 1250 occurrit
1147 1197 1442 1252 audacter.
1479 1200 1795 1253 Armantur
1826 1201 1924 1270 qui

273 1282 548 1336 armandi
571 1289 874 1350 venerant;
900 1290 957 1338 at
980 1285 1076 1356 qui
1103 1287 1334 1353 armati,
1362 1288 1418 1340 in
1443 1288 1595 1341 bella
1629 1290 1925 1343 feruntur:

273 1371 613 1426 retunditur
642 1373 1053 1444 sagittipotens
1086 1392 1319 1442 manus,
1347 1394 1500 1429 nunc
1526 1379 1784 1448 perfossa
1810 1379 1928 1432 lan-

272 1459 417 1527 ceis,
453 1477 606 1515 nunc
638 1461 878 1516 ensibus
910 1463 1124 1517 decisa.
1161 1464 1532 1529 Retunditur,
1570 1467 1829 1538 inquam,
1868 1472 1929 1522 ut

271 1565 404 1620 quae
455 1549 647 1620 prima
695 1550 902 1617 fuerat,
942 1552 997 1604 in
1058 1553 1311 1606 mediam
1365 1554 1603 1622 referri;
1640 1574 1765 1627 qum.
1796 1575 1926 1611 vero

269 1636 490 1701 media,
525 1655 639 1709 prae
699 1637 879 1693 tutela
939 1640 1062 1694 fieri
1122 1646 1442 1714 cogeretur.
1478 1643 1621 1698 Cum
1654 1645 1832 1716 igitur
1862 1665 1926 1699 eo

268 1742 465 1797 usque
510 1726 830 1781 Normanni
866 1728 1225 1801 fugientibus
1274 1731 1666 1796 institissent;
1703 1735 1924 1789 densati

268 1815 445 1870 cunei
476 1815 624 1871 vires
655 1823 985 1885 resumunt,
1012 1823 1065 1873 et
1097 1820 1198 1890 qui
1235 1822 1405 1875 modo
1438 1822 1794 1895 fugaverant.
1819 1823 1926 1894 ipsi

271 1905 334 1960 in
369 1905 566 1976 fugam
601 1911 740 1960 sunt
771 1907 1052 1960 conversi.
1080 1908 1304 1962 Interea
1334 1910 1702 1965 Normannize
1736 1929 1930 1967 comes

269 1998 330 2049 et
356 1994 734 2050 Boamundus
757 1995 905 2050 duas
926 2000 1179 2062 tantum,
1201 1997 1420 2068 singuli
1441 2017 1631 2065 suam,
1648 1999 1930 2057 instruxe-

272 2088 408 2137 rant
465 2083 676 2138 acies:
730 2084 975 2156 jamque
1033 2086 1324 2157 gradatim
1383 2086 1602 2141 alacres.
1661 2089 1928 2160 praelium

270 2171 523 2226 inibant.
559 2173 924 2227 Instantibus
955 2173 1152 2245 itaque
1184 2175 1746 2248 Turcis,ciimtraque
1771 2180 1930 2233 Chri-

271 2261 489 2316 stianis
520 2260 1023 2328 subvenientibus,
1051 2280 1263 2334 magna
1286 2264 1336 2316 vi
1361 2263 1496 2318 hinc
1520 2271 1575 2319 et
1600 2268 1730 2320 inde.
1754 2273 1930 2322 certa-

271 2354 375 2405 tur
407 2367 419 2404 :
458 2349 602 2404 nihil
651 2368 843 2417 arcus,
880 2369 1086 2422 parum
1136 2351 1354 2419 lancea,
1391 2355 1547 2409 ensis
1607 2356 1927 2426 plurinmm

271 2440 416 2510 agit.
443 2439 666 2494 Turcos
687 2456 792 2495 sua
817 2457 1058 2494 numero
1084 2458 1286 2496 carens
1311 2446 1703 2501 numerositas
1730 2448 1928 2501 defen-

270 2527 397 2594 dit;
435 2533 666 2583 nostros
697 2533 893 2586 autem
928 2527 1137 2596 loricae,
1174 2535 1340 2585 scuta
1370 2536 1425 2585 et
1455 2533 1651 2604 galeae.
1679 2536 1926 2592 Multum

268 2617 502 2672 cruoris
536 2617 816 2689 utrinque
847 2618 1134 2685 funditur,
1167 2618 1300 2691 plus
1331 2621 1595 2677 barbari:
1625 2624 1783 2678 illius
1807 2626 1929 2697 qui-

267 2706 404 2760 dem
434 2723 547 2760 non
572 2711 758 2762 cessat
780 2711 1034 2779 strages;
1061 2712 1119 2762 at
1138 2713 1419 2781 tanquam
1453 2713 1702 2767 recidiva
1734 2714 1927 2786 hydrae

266 2794 486 2866 capita,
522 2795 620 2849 ubi
657 2796 826 2867 pauci
863 2796 1153 2864 occidunt,
1189 2799 1483 2853 innumeri
1514 2804 1854 2858 succedunt.

262 2901 845 2958 XXIl.—Christiani
871 2905 926 2956 in
956 2905 1147 2973 fuga-in
1175 2913 1474 2961 vertuntur.
1493 2908 1929 2967 Itobcrtusco-mcs

662 2977 1029 3031 Normannire
1067 2977 1278 3029 animos
1310 2979 1536 3048 colligit.

340 3067 417 3117 At
447 3080 580 3118 vero
613 3061 804 3118 fidelis
854 3062 1006 3135 legio
1056 3081 1428 3121 communem
1481 3085 1613 3122 cum
1663 3069 1755 3124 his
1805 3071 1928 3142 qui-

2038 482 2394 551 lascessitus,
2430 492 2485 539 et
2517 491 2797 557 tanquam
2830 503 2944 539 non
2979 503 3086 540 sua
3117 488 3423 557 cujusque,
3448 488 3548 542 sed
3573 506 3689 543 una

2041 573 2349 644 utriusque
2381 576 2451 627 ab
2483 574 2663 628 altero
2711 575 3001 629 discurrat
3049 575 3120 628 ad
3171 575 3417 630 alterum
3468 582 3686 648 quanto

2039 662 2227 715 acrior
2263 664 2345 716 ira
2378 664 2712 717 accenditur
2743 663 2952 724 leonis,
2993 667 3152 717 tanto
3185 664 3424 734 tepescit
3455 666 3689 738 segnior

2038 751 2351 806 venatoris.
2370 752 2494 804 Pari
2525 753 2708 805 forma
2731 754 2872 806 dum
2897 751 3086 807 fidelis
3107 752 3358 824 populus
3375 755 3683 823 crudescit,

2038 840 2292 894 infidelis
2328 841 2664 904 remittitur,
2699 859 2885 911 neque
2943 840 3096 894 ultra
3155 841 3330 896 audet
3393 842 3684 909 invadere,

2038 947 2213 999 quem
2247 930 2481 1000 cmperit
2514 930 2593 983 nil
2645 930 2869 985 timere.
2907 929 3214 1000 Respirant
3268 931 3446 1004 igitur
3503 933 3686 988 amba:

2038 1022 2251 1088 partes,
2287 1018 2450 1083 alios,
2491 1022 2551 1071 ut
2583 1018 2801 1073 dictum
2836 1023 2942 1084 est,
2977 1023 3305 1096 remorante
3337 1021 3598 1089 audacia,
3632 1025 3688 1077 et

2038 1106 2185 1162 alios
2217 1112 2395 1162 metu.

2339 1196 2532 1250 XXlll.
2567 1228 2635 1236 -η
2665 1196 2857 1265 Magna
2884 1196 3128 1266 ﬁdelium
3158 1205 3379 1267 strages.

2111 1285 2334 1339 Interea
2367 1285 2609 1340 nuntius
2640 1284 3030 1356 mittitur,qui
3062 1290 3328 1340 eventum
3366 1287 3444 1341 rei
3479 1287 3688 1343 exerci-

2039 1373 2120 1424 tui
2145 1371 2394 1426 declaret
2427 1374 2648 1443 ignaro,
2679 1373 3025 1443 festinetun
3057 1373 3277 1440 abesse,
3299 1379 3362 1428 ut
3393 1377 3597 1432 adesse
3614 1379 3687 1433 ab

2038 1461 2153 1514 illis
2178 1461 2502 1515 festinetur.
2528 1464 2630 1516 Ast
2657 1461 2970 1516 adversarii
2997 1461 3142 1517 alios
3164 1468 3217 1517 et
3240 1464 3310 1517 ad
3339 1463 3495 1519 aliud
3523 1467 3689 1522 emit-

2036 1555 2188 1614 tunt,
2222 1550 2604 1621 spiculatores
2637 1551 2855 1604 scilicet
2887 1551 2956 1604 ad
2992 1550 3236 1616 cladem,
3273 1571 3385 1606 non
3419 1553 3545 1626 opis
3576 1554 3687 1611 im-

2037 1639 2356 1710 ploratores
2389 1641 2458 1693 ad
2492 1639 2762 1694 salutem.
2782 1639 2978 1693 Turba
3005 1639 3200 1710 itaque
3223 1640 3320 1695 illa
3351 1643 3575 1714 equites
3590 1663 3688 1700 no-

2039 1735 2190 1782 stros
2216 1729 2648 1798 praetervolans,
2678 1730 2748 1782 ad
2774 1727 3136 1799 plebeculam
3161 1730 3686 1796 transilit,numero

2045 1821 2236 1872 tamen
2267 1817 2603 1882 maximam,
2631 1817 2725 1870 sed
2753 1816 2975 1870 viribus
2998 1815 3370 1873 imbecillam.
3398 1820 3464 1874 lli
3490 1821 3688 1893 palan-

2040 1911 2127 1960 tes
2161 1905 2611 1976 przelestinantis
2645 1905 2864 1958 militias
2897 1905 3142 1978 vestigia
3165 1905 3456 1978 legebant,
3486 1928 3688 1968 muros

2040 1994 2317 2066 periculis
2351 1994 2694 2065 opposuisse
2727 1998 3019 2065 putantes,
3056 2011 3188 2048 cum
3217 1997 3412 2052 subito
3455 1999 3689 2056 irruunt

2040 2083 2229 2154 primo
2262 2083 2662 2155 sagittis,mox
2685 2083 2925 2136 ensibus
2953 2082 3252 2139 saevientes
3285 2085 3686 2160 Turci,adepti

2041 2171 2195 2225 ultra
2240 2190 2401 2241 spem
2451 2172 2727 2242 praedam,
2762 2170 3023 2241 citraque
3081 2170 3297 2226 bellum
3357 2173 3685 2232 victoriam.

2041 2261 2431 2314 'l‘rucidantur
2463 2261 2658 2331 itaque
2681 2278 2869 2323 senes,
2897 2260 3057 2330 pueri
3082 2261 3525 2331 abstrahuntur,
3550 2270 3688 2322 aetas

2040 2351 2235 2404 media
2267 2349 2458 2404 utrius
2489 2349 2672 2420 partis
2701 2349 3031 2419 expressius
3063 2351 3274 2422 figurat
3306 2352 3530 2422 faciem,
3561 2356 3687 2426 ejus

2039 2439 2259 2509 patitur
2287 2445 2530 2492 sortem:
2559 2437 2883 2509 saepissime
2909 2442 3102 2492 tamen
3135 2456 3200 2494 ac
3233 2441 3548 2497 saevissime
3562 2461 3689 2498 mu-

2040 2545 2134 2582 cro
2159 2535 2212 2582 et
2244 2530 2312 2582 de
2343 2527 2683 2600 impubibus
2715 2529 3040 2598 praesumit,
3066 2529 3268 2600 praeda:
3301 2532 3465 2603 copia
3495 2534 3689 2589 saevio-

2040 2634 2160 2672 rem
2197 2619 2265 2672 de
2317 2617 2634 2672 smvissimo
2693 2617 2938 2672 faciente
2996 2619 3327 2689 praedonem
3363 2637 3374 2675 :
3409 2623 3501 2676 cui
3553 2640 3687 2678 cum

2040 2707 2254 2760 Briarei
2288 2724 2499 2761 manus
2532 2724 2646 2761 non
2679 2707 3011 2760 sufficerent
3030 2708 3100 2761 ad
3131 2709 3687 2780 rapinam,czedibus

2041 2795 2584 2867 insistit,quatenus
2614 2795 2700 2849 vel
2735 2796 2818 2850 sic
2850 2797 3115 2851 animum
3148 2797 3372 2868 expleat
3399 2817 3684 2858 voracem.

2039 2885 2200 2941 Unde
2234 2887 2446 2938 factum
2485 2891 2591 2948 est,
2629 2891 2690 2938 ut
2725 2886 2793 2940 de
2822 2890 2985 2940 tanto
3014 2904 3258 2941 numero
3290 2905 3573 2962 perquam
3602 2909 3689 2946 ra-

2039 2974 2304 3028 rissimus
2338 2975 2652 3045 prmtcrirct
2673 2979 2773 3029 aut
2792 2975 3001 3032 vulnus
3033 2981 3133 3031 aut
3162 2976 3687 3053 vinculum.Ncque

2038 3063 2094 3116 in
2129 3067 2210 3116 tot
2245 3081 2495 3135 usquam
2530 3081 2629 3118 seu
2664 3064 2762 3136 qui
2796 3071 3235 3134 praecesserunt,
3263 3085 3362 3120 seu
3414 3069 3515 3140 qui
3537 3087 3684 3140 ven-

265 3153 404 3208 dem
461 3152 638 3207 habet
689 3169 959 3207 occasum
989 3171 1000 3220 ;
1036 3153 1137 3207 sed
1183 3171 1296 3207 non
1349 3173 1658 3211 commune
1691 3159 1925 3229 supple—
1959 3136 1998 3204 (Σ
2038 3152 2152 3206 turi
2185 3157 2367 3215 erant,
2397 3153 2677 3207 bellorum
2705 3154 2937 3208 casibus
2971 3158 3194 3208 tantum
3224 3156 3294 3210 de
3328 3157 3529 3212 Latino
3556 3176 3686 3214 san-

264 3246 562 3297 mentum.
583 3241 762 3314 Igitur
781 3241 1000 3296 lassata
1029 3242 1171 3296 dum
1199 3244 1469 3313 percutit,
1486 3251 1765 3315 quassata
1787 3249 1926 3302 dum

265 3329 843 3396 resistit,inaminata
870 3331 1010 3386 dum
1034 3332 1410 3403 rarescitulat
1429 3338 1589 3406 terga
1615 3352 1626 3389 :
1654 3337 1926 3407 quodque

266 3436 579 3490 nunquam
596 3436 849 3490 usquam
865 3425 996 3475 ante
1014 3420 1416 3489 didiscerat,in
1442 3429 1747 3492 momento,
1759 3427 1927 3480 docta

263 3511 356 3563 est
390 3508 610 3578 fugere.
640 3508 683 3563 Ο
716 3508 932 3563 bellum
964 3508 1330 3565 miserabile!
1371 3511 1412 3566 Ο
1446 3513 1583 3584 fuga
1611 3513 1879 3585 lugubris
1909 3516 1919 3569 l

263 3595 308 3651 Ο
333 3595 622 3650 damnum
646 3595 703 3650 in
728 3597 972 3652 damnol
1001 3597 1044 3652 Ο
1071 3597 1127 3651 in
1143 3597 1376 3653 vulnere
1393 3601 1603 3656 vulnus
1621 3602 1631 3655 ἔ
1652 3602 1925 3659 militaris

260 3685 415 3757 fugae
433 3685 688 3756 impetus
703 3686 1028 3757 pedestrem
1045 3687 1346 3741 coneulcat
1369 3691 1725 3753 tarditatem,
1749 3693 1923 3764 inque

259 3775 448 3828 vicem
477 3774 834 3830 densissima
866 3776 1224 3846 pedestrium
1261 3777 1563 3832 hastarum
1593 3781 1732 3834 silva
1770 3801 1922 3836 mine

257 3863 466 3935 fugam
493 3862 753 3934 impedit,
785 3881 939 3918 nunc
963 3865 1308 3936 exstinguit:
1341 3867 1519 3938 fitque
1540 3869 1628 3922 vel
1653 3869 1802 3924 hosti
1821 3873 1925 3925 llll-

256 3952 514 4007 seranda
544 3951 758 4019 clades,
789 3970 921 4008 cum
951 3957 1112 4025 terga
1135 3954 1363 4026 sagittis
1396 3956 1652 4024 horrent,
1682 3959 1780 4013 illa
1803 3961 1923 4014 lan-

257 4039 381 4096 ceis
410 4039 570 4094 velut
598 4042 1010 4096 torrendornm
1038 4043 1294 4098 verubus
1350 4045 1733 4117 effinguntur.
1770 4049 1920 4104 Dum

261 4130 466 4200 itaque
490 4146 602 4183 non
626 4135 1002 4200 parcunt,aut
1025 4133 1124 4202 qui
1158 4132 1361 4203 fugant
1384 4137 1656 4198 arcubus,
1688 4144 1785 4192 aut
1819 4141 1917 4210 qui

260 4217 548 4289 fugantur
578 4217 923 4285 calcaribus,
956 4220 1243 4288 refugitur
1270 4221 1325 4275 in
1359 4228 1567 4288 castra,
1607 4226 1918 4282 minimum

259 4312 465 4362 tamen
497 4306 793 4375 solatium,
824 4309 924 4363 sed
957 4326 1160 4363 unum.
1192 4310 1275 4364 lbi
1300 4311 1551 4383 denique
1573 4315 1769 4385 regius
1792 4335 1921 4372 san-

261 4394 400 4467 guis
421 4395 824 4474 Willelmides,
850 4398 1180 4469 quis,cujus
1208 4399 1429 4470 stirpis,
1455 4403 1544 4456 cui
1573 4403 1784 4458 militet
1806 4425 1920 4461 rne-

2038 3241 2213 3314 guine
2245 3241 2436 3314 gladio
2469 3241 2629 3296 licuit
2661 3241 3045 3314 gentili.Quid
3079 3242 3249 3315 plura
3273 3244 3300 3297 '?
3327 3245 3683 3302 Credentium

2038 3330 2276 3400 lassata,
2310 3349 2414 3384 nec
2451 3331 2590 3384 dum
2627 3331 2834 3385 satiata
2866 3330 3044 3399 rabie,
3069 3331 3200 3385 victi
3231 3332 3476 3389 victores
3508 3334 3566 3390 in
3597 3355 3685 3392 ca-

2037 3424 2157 3473 stra
2189 3424 2515 3490 sequuntur
2565 3423 2772 3490 suapte
2819 3420 3047 3474 sarcina
3092 3437 3191 3475 seu
3227 3420 3381 3476 socia
3413 3425 3632 3479 onerati
3667 3442 3680 3480 :

2038 3507 2260 3562 militia}
2295 3514 2503 3562 nostra:
2534 3507 2928 3578 spectaculum
2965 3508 3106 3562 satis
3139 3508 3467 3565 miserabile
3498 3529 3510 3578 ;
3540 3512 3685 3567 nulli

2037 3613 2167 3649 vero
2185 3597 2438 3651 audaciae
2464 3596 2605 3650 satis
2635 3597 2976 3651 miseratum
3003 3615 3015 3651 :
3047 3597 3260 3669 quippe
3287 3615 3537 3671 quorum
3554 3606 3685 3657 vota

2036 3683 2126 3738 his
2159 3691 2430 3740 contenta
2463 3686 2698 3752 finibus,
2735 3685 3050 3754 haerebant,
3089 3691 3152 3741 ut
3182 3689 3683 3761 oppugnatoribus

2036 3772 2158 3827 suis
2193 3775 2566 3841 resisterent;
2605 3792 2718 3828 non
2753 3779 2813 3830 ut
2847 3781 3141 3832 cessantes
3186 3775 3420 3832 interim
3455 3776 3682 3850 aliqua-

2035 3867 2468 3933 t.enus__«‘q'q)ugn
2481 3880 2609 3917 arcu
2621 3868 2661 3916 t.

2296 3951 2484 4005 XXlV.
2530 3983 2586 3992 -—
2619 3954 2826 4006 Acriter
2857 3954 3057 4006 resistit
3094 3954 3412 4008 Tancrcdus.

2106 4040 2278 4094 Porro
2327 4041 2661 4095 Tancredus
2715 4058 2781 4093 ex
2830 4043 3070 4096 adverso
3127 4047 3450 4098 castrorum
3500 4044 3679 4102 latere

2033 4130 2230 4185 hestes
2249 4129 2598 4196 debellabat,
2619 4130 2714 4200 qui
2741 4131 2992 4184 tentoria
3017 4130 3384 4187 dirimentem
3409 4151 3680 4191 conscen-

2033 4218 2543 4274 deranttumulum
2565 4236 2576 4285 ;
2596 4219 2747 4272 unde
2772 4217 2999 4272 facilius
3022 4217 3245 4286 laedere,
3263 4220 3677 4296 difficiliusque

2030 4307 2161 4362 laedi
2191 4306 2533 4378 [)Ol-tllSSL'Ill.
2563 4306 2681 4374 llis,
2715 4307 2974 4377 inquam,
2997 4323 3112 4360 uno
3140 4310 3194 4360 et
3216 4308 3673 4378 rapidoincursu

2031 4397 2292 4466 dejectis,
2326 4396 2410 4449 vir
2457 4395 2619 4450 fortis
2676 4398 3054 4466 occupaverat
3093 4411 3424 4463 ascensum,
3459 4400 3675 4457 multos

265 4500 418 4551 mor,
454 4485 727 4539 verticem
760 4486 964 4552 nudat,
999 4486 1419 4542 Normanniam
1448 4490 1749 4557 exclamat,
1784 4498 1909 4548 Boa-

2040 4486 2298 4548 :irlorsus,
2333 4485 2532 4555 paucis
2587 4485 2847 4553 adjutus.
2884 4483 3220 4538 Boamundo
3281 4485 3437 4540 enim
3495 4487 3673 4544 invito

258 4573 556 4626 mundum
590 4572 1029 4646 collegam,imo
1061 4576 1372 4649 confugam
1407 4595 1579 4632 suum
1615 4579 1706 4635 his
1743 4581 1920 4638 incre-

259 4665 362 4732 pat
396 4677 409 4714 :
463 4684 489 4709 ‹‹
524 4661 684 4715 Eho!
742 4663 1099 4730 Boamunde,
1162 4681 1445 4735 quorsum
1506 4668 1636 4738 fuga
1664 4668 1690 4722 ?
1724 4670 1915 4743 Longe

255 4747 680 4821 Apulia,longe
710 4751 1294 4825 I-lydruntum,longe
1326 4771 1458 4824 spes
1491 4756 1681 4811 omnis
1705 4758 1914 4815 finium

259 4837 604 4893 Latinorum
640 4856 653 4894 ε
688 4840 781 4893 hic
813 4841 1112 4908 standum,
1148 4842 1238 4896 hic
1291 4861 1395 4897 nos
1436 4843 1688 4915 gloriosa
1719 4853 1916 4904 manet

256 4931 362 4980 aut
393 4943 562 4998 pcena
590 4927 793 4993 victos,
828 4932 930 4982 aut
958 4946 1172 4983 corona
1200 4930 1446 4985 victores
1476 4950 1486 4999 ;
1523 4933 1795 5005 gloriosa,
1831 4938 1914 4992 in-

254 5032 461 5086 quam,
495 5031 625 5070 sors
657 5020 924 5088 utraque,
959 5018 1057 5072 sed
1091 5018 1267 5072 etiam
1311 5036 1374 5074 eo
1430 5021 1650 5077 beatior
1708 5026 1908 5093 altera,

253 5121 374 5176 quo
420 5103 668 5160 celerius
718 5105 896 5160 efficit
946 5107 1167 5161 beatos.
1202 5109 1350 5178 Ergo
1381 5110 1553 5181 agite,
1588 5130 1619 5165 o
1641 5114 1905 5182 juvenes,

254 5191 608 5258 moriamur,
641 5199 695 5248 et
726 5193 784 5247 in
822 5193 1010 5249 media
1041 5211 1202 5249 arma
1237 5213 1496 5252 ruamus.
1524 5221 1547 5246 ι)
1578 5200 1677 5256 llis
1708 5203 1909 5257 admo-

253 5281 363 5335 niti
378 5281 784 5354 agglomerant
799 5299 923 5337 sese
938 5283 1190 5339 ducibus
1203 5290 1436 5357 czeteraj
1449 5293 1614 5341 uvent
1627 5307 1713 5357 us,
1737 5309 1790 5345 m
1801 5293 1909 5346 orti

251 5368 532 5441 deinceps
562 5387 741 5441 quam
775 5371 921 5442 fugae
953 5372 1244 5442 paratior:
1277 5378 1468 5427 astant
1502 5361 1903 5448 intrepidi,ceu

251 5457 554 5530 quondam
579 5462 668 5530 (/1,
694 5459 983 5530 quaedam)
1004 5460 1290 5515 venabulo
1327 5461 1383 5515 in
1418 5463 1607 5519 furore
1642 5470 1905 5536 operiens

250 5546 366 5618 leo,
396 5545 495 5618 qui
523 5548 697 5603 modo
721 5547 893 5619 longa
916 5547 1106 5619 quiete
1134 5549 1296 5619 piger
1318 5568 1351 5604 a
1379 5550 1636 5608 latilnilis
1664 5556 1903 5628 excitus,

2030 4575 2171 4647 quin
2207 4574 2566 4645 prohibente,
2604 4589 2694 4627 res
2726 4574 2910 4643 cccpta
2942 4571 3030 4624 vix
3061 4570 3303 4627 comites
3328 4572 3552 4644 aliquot
3576 4577 3674 4630 eli-

2027 4682 2153 4722 cere
2183 4662 2506 4735 impetravit
2533 4680 2544 4729 ;
2572 4661 2698 4715 ideo
2730 4665 2925 4716 autem
2958 4659 3492 4732 probibente,quod
3519 4680 3673 4719 exer-

2026 4755 2176 4809 citus
2229 4749 2457 4805 hostilis
2506 4749 2752 4803 diffusus
2805 4752 3069 4804 nostrum
3112 4749 3366 4820 quadam
3398 4750 3666 4807 theatrali

2025 4840 2213 4912 specie
2244 4839 2745 4909 circumsepserat,
2781 4855 2846 4892 ex
2879 4839 3035 4892 omni
3063 4842 3224 4908 parte
3252 4855 3451 4894 necem
3485 4841 3666 4914 signi-

2026 4931 2205 4984 llCans
2241 4927 2496 4982 inclusit.
2532 4927 2923 4993 Quamobrem
2965 4927 3426 4982 Christianorum
3476 4932 3665 5003 provi-

2025 5017 2631 5082 dentia,aestuantibus
2650 5017 2931 5087 juvenum
2958 5015 3170 5070 animis
3193 5017 3262 5070 ad
3283 5033 3659 5090 congressum

2019 5123 2319 5179 egressura
2353 5106 2620 5176 negabat,
2639 5123 2708 5160 ne
2741 5107 2882 5159 forte
2916 5123 3231 5177 paucorum
3259 5107 3554 5164 temeritas
3581 5111 3661 5166 rei

2019 5195 2282 5251 ordinem
2315 5201 2373 5248 tu
2386 5195 2573 5248 rbarct
2603 5193 2938 5249 universum
2950 5237 2961 5249 .

2088 5285 2244 5339 XXV.
2279 5287 2341 5338 Et
2375 5285 2545 5355 ipsius
2575 5287 2750 5354 frater
2797 5285 3114 5351 Willclmus,
3151 5285 3319 5340 hostes
3347 5287 3584 5345 cavdam.

2086 5372 2417 5426 ‘v‘v’illelmus
2448 5377 2644 5426 tamen
2669 5372 3067 5438 Marchisides,
3084 5374 3223 5427 dum
3244 5374 3403 5428 fratri
3429 5376 3654 5446 metuit,

2017 5464 2106 5519 sui
2132 5481 2242 5515 non
2275 5461 2674 5532 mcminit,qui
2707 5479 2805 5516 nec
2836 5466 3194 5517 revocantem
3224 5465 3651 5535 Boamundum,

2015 5572 2116 5611 nec
2142 5549 2368 5606 hostilis
2386 5550 2536 5605 vires
2556 5550 2949 5606 multitudinis
2979 5550 3216 5621 veritus,
3242 5553 3506 5608 fraterna:
3532 5554 3651 5610 fieri

2688 5751 2710 5767 κ
