4010 6078
329 302 445 371 Ml
837 304 942 368 AD
987 301 1500 370 GODEFRIDUM
1539 302 1878 366 APPEND.
1922 300 2001 366 Η.
2034 322 2102 348 «ιιι
2140 298 2452 373 MONUM.
2496 302 2601 365 DE
2641 302 2896 368 BELLO
2941 303 3222 369 SACRO.
3613 302 3733 379 5ίῇ

330 452 528 501 cernes
548 436 713 499 ardet
735 436 1009 495 audaciai.
1040 436 1155 495 Ob!
1181 436 1330 494 facto
1363 434 1542 497 miser
1561 437 1734 508 atque
1764 434 1972 491 beatus
1999 435 2058 505 Α
2086 432 2290 498 nostri,
2315 433 2456 491 dum
2478 433 2881 510 degrandinet,
2898 434 3227 507 sustinent;
3244 432 3432 511 siquis
3457 433 3731 497 alicunde

332 529 557 596 eodem,
591 527 692 601 qui
720 528 780 584 in
809 531 1057 584 mortem
1090 527 1228 593 ruit,
1259 527 1331 582 ad
1363 527 1540 581 vitam
1570 525 1931 580 transiturus
1959 524 1972 580 l
2087 524 2258 580 turbo
2286 524 2540 597 perflans
2587 529 2813 582 tantam
2863 525 3113 583 telorum
3162 527 3381 583 nubem
3429 525 3726 584 discutiat.

334 628 472 676 nam
501 616 756 689 repulsa,
789 620 854 672 ut
882 616 1284 689 praescriptum
1317 618 1422 681 est,
1457 631 1492 668 a
1522 612 1749 669 tumulo
1778 613 1972 681 turba,
2086 611 2357 685 Cognatas
2388 611 2542 669 acies
2564 612 2757 684 juxta,
2791 612 2979 671 hostis
3010 615 3293 689 undique,
3324 615 3561 689 adiutor
3588 633 3733 673 nus-

332 724 448 765 nen
476 711 599 764 tam
630 710 903 773 cesserat,
925 705 1016 761 his
1038 720 1287 777 quorum
1320 706 1702 777 praesenserat
1726 702 1972 773 gladios,
2084 718 2285 774 quam,
2313 701 2536 758 interea
2573 707 2819 775 gemunt
2863 703 3070 761 saucii.
3104 703 3204 760 Hic
3235 721 3480 761 manum
3510 706 3736 779 perfos-

331 813 511 871 quam
541 812 690 868 quos
720 795 941 850 frustra
976 795 1253 849 timuerat
1303 796 1625 848 secuturos.
1661 791 1843 863 Igitur
1876 790 1974 846 ubi
2084 807 2207 858 sus,
2242 790 2337 845 ille
2363 790 2600 846 oculum
2630 791 2919 861 effossus;
2949 791 3049 848 alii
3082 791 3321 849 suffossi
3345 793 3578 866 pedem,
3600 812 3738 866 pars

333 889 493 959 quot,
528 902 645 941 non
675 901 824 956 quos
855 882 1066 955 fugerit
1099 880 1351 953 respicit,
1384 896 1697 936 numerum
1728 879 1971 947 librans,

330 992 435 1033 nec
467 973 701 1031 animus
740 973 890 1028 rodit
922 989 934 1027 :
969 971 1157 1027 acrior
1210 969 1427 1042 quippe
1484 970 1654 1040 cujus
1712 967 1973 1025 laborem

330 1065 515 1131 dolor,
548 1063 808 1145 dolorem
866 1061 1056 1133 pudor
1102 1058 1455 1114 cumulabat.
1492 1059 1729 1114 lrruunt
1780 1058 1974 1131 itaque

328 1153 503 1230 primi
529 1153 782 1210 arcubus
812 1149 1106 1224 projectis,
1131 1148 1413 1204 audacius
1436 1146 1652 1204 strictis
1676 1147 1972 1203 mucroni-

328 1244 441 1302 bus
461 1239 965 1308 saevituri.Quihus
989 1237 1227 1312 quidem
1241 1238 1366 1310 jam
1383 1255 1497 1294 non
1522 1238 1837 1311 putabatur
1848 1237 1970 1292 hac

328 1349 545 1408 pugna,
572 1332 673 1389 sed
704 1346 912 1404 poena:
959 1346 1066 1386 nec
1114 1328 1395 1384 adversus
1424 1327 1623 1383 hostes
1654 1325 1971 1399 conﬂigen-

326 1423 491 1494 dum,
512 1422 613 1478 sed
636 1420 869 1475 tandem
900 1419 968 1474 de
994 1416 1335 1491 capitalium
1375 1433 1573 1472 rerum
1616 1417 1969 1472 condemna-

322 1511 580 1580 tis,ultio
609 1509 885 1566 secunda.
913 1509 985 1564 At
1008 1524 1141 1562 vero
1168 1504 1396 1561 numeri
1429 1504 1761 1578 parvissimi
1793 1506 1972 1560 robur

324 1601 670 1666 maximum,
694 1596 979 1654 muralem
1013 1599 1215 1652 contra
1234 1595 1485 1666 objectat
1506 1595 1835 1663 audaciam,
1854 1610 1969 1650 non

324 1692 374 1749 si
394 1689 483 1748 vel
505 1707 604 1747 rex
622 1688 748 1762 ipse
771 1686 1149 1745 Solimannus
1170 1701 1304 1740 cum
1335 1684 1612 1740 omnibus
1637 1683 1762 1741 suis
1786 1683 1971 1756 copiis

323 1779 385 1836 in
410 1795 509 1836 eos
547 1775 744 1835 saeviat
789 1790 1111 1831 cessuram.
1142 1772 1233 1829 Fit
1264 1773 1458 1847 fragor
1485 1790 1498 1839 ;
1534 1772 1593 1828 hi
1628 1771 1859 1855 lanceas
1890 1772 1970 1826 vi-

324 1870 515 1936 brant,
529 1865 613 1923 illi
634 1865 883 1940 gladios,
906 1867 971 1919 ut
994 1862 1216 1919 dictum
1239 1867 1347 1930 est,
1363 1861 1681 1935 stringunt,
1702 1861 1759 1917 hi
1782 1865 1970 1934 pecto-

323 1958 489 2015 ribus
516 1954 746 2022 loricas,
768 1952 965 2009 loricis
993 1955 1183 2018 scuta,
1206 1951 1511 2006 munimen
1545 1949 1853 2019 adhibent;
1883 1948 1968 2004 illi

323 2045 767 2121 peltas.llorum
805 2057 1000 2115 pugna
1027 2057 1061 2095 a
1092 2056 1326 2096 summo
1356 2038 1659 2095 descendit
1686 2056 1700 2106 ;
1734 2037 1970 2094 illorum

323 2136 396 2192 ab
419 2135 537 2190 imo
563 2132 791 2189 nititur.
821 2129 956 2186 Illos
987 2127 1195 2202 pudori
1226 2129 1439 2184 mistus
1469 2127 1635 2183 dolor
1663 2126 1967 2195 stimulat;

323 2222 432 2281 hos
458 2240 564 2280 ceu
594 2221 655 2277 in
685 2218 926 2292 specula
953 2224 1199 2287 stantes,
1222 2221 1307 2274 tot
1337 2221 1547 2291 urgent
1575 2215 1972 2289 stimuli,quot

324 2316 592 2386 spectant
619 2309 793 2367 oculi.
813 2307 957 2364 Aliis
983 2325 1119 2380 ergo
1150 2306 1259 2363 loci
1292 2306 1465 2372 situs,
1489 2322 1787 2362 armorum
1811 2322 1968 2361 com-

324 2398 749 2472 moditas,quin
764 2397 894 2470 ipsa
915 2413 1025 2452 sua
1046 2396 1309 2468 paucitas
1332 2395 1600 2468 praesidio
1620 2398 1813 2451 erant:
1839 2393 1970 2450 aliis

324 2489 398 2546 ad
419 2487 858 2545 incommodum
890 2484 1301 2549 cuncta,etiam
1329 2484 1387 2538 in
1418 2500 1536 2556 qua
1560 2483 1966 2551 confitebatur,

323 2577 653 2652 pluralitas.
678 2576 982 2632 Enimvero
1006 2573 1339 2631 ascendenti
1363 2575 1447 2629 Tu
1459 2590 1551 2628 rco
1574 2572 1834 2627 fraxinus
1867 2571 1969 2627 ob-

314 2670 475 2741 jecta
502 2666 736 2724 eminus
764 2665 978 2735 obviat,
1010 2680 1332 2736 casuroque
1363 2661 1615 2718 similem
1636 2661 1691 2717 vi
1723 2666 1967 2729 tactum,

321 2757 645 2830 impactum
686 2753 853 2811 facile
883 2758 986 2809 aut
1015 2753 1249 2809 conficit
1278 2756 1380 2808 aut
1409 2751 1626 2824 dejicit.
1658 2750 1972 2807 Confectus

323 2852 521 2904 autem
551 2845 882 2916 dejectusve
911 2859 1089 2908 unus,
1122 2840 1320 2914 plures
1350 2841 1492 2897 dum
1526 2844 1769 2903 rotatur,
1800 2838 1970 2912 parili

324 2933 554 3009 impetit
583 2932 916 2990 ruina.Uno
932 2936 1130 2987 tamen
1161 2930 1422 2998 cadente,
1447 2934 1513 2986 ut
1539 2931 1605 2985 fit
1634 2930 1690 2985 in
1726 2944 1970 2985 numero

323 3022 569 3099 ingenti,
603 3038 738 3079 mox
766 3020 1004 3095 plurimi
1037 3020 1650 3096 subeunt,rursusque
1680 3017 1773 3075 his
1795 3016 1973 3090 pluri-

323 3112 439 3170 mis
468 3111 568 3169 alii
600 3110 743 3167 item
774 3109 1010 3183 plures;
1042 3108 1243 3181 sicque
1290 3108 1508 3164 factum
1539 3112 1647 3175 est,
1681 3111 1747 3164 ut
1775 3105 1875 3179 qui
1908 3107 1967 3161 in

1998 1811 2047 1879 B

2080 878 2354 935 verticem
2403 879 2744 951 superfossi.
2779 879 2823 936 Ο
2875 880 3060 953 pietas
3088 878 3102 934 l
3136 897 3169 937 ο
3198 879 3399 937 dolori
3435 898 3469 937 ο
3499 879 3735 939 luctus!

2083 967 2330 1041 Clypeus
2351 967 2600 1024 aliorum
2625 966 3009 1025 Marchisides
3030 973 3087 1025 et
3108 968 3233 1043 ipse
3251 986 3386 1025 cum
3406 968 3539 1026 aliis
3551 971 3740 1046 afﬁgi-

2082 1061 2181 1114 tur
2217 1052 2565 1114 Willelmus.
2595 1055 2859 1113 Aliorum
2901 1057 3067 1114 dolor
3095 1057 3352 1115 haerebat
3380 1058 3441 1115 in
3470 1057 3735 1129 vulnere,-

2081 1146 2262 1220 hujus
2291 1146 2534 1203 vulnera
2563 1162 2752 1220 usque
2782 1146 2894 1203 sub
2924 1151 3174 1204 mortem
3206 1145 3538 1204 doluerunt.
3558 1149 3734 1206 Labi-

2081 1238 2179 1291 tur
2199 1251 2410 1309 corpus
2437 1234 2798 1306 nobile,socii
2829 1239 3131 1309 exceptum
3152 1234 3213 1291 in
3232 1240 3428 1294 castra
3450 1234 3735 1307 referunt,

2079 1341 2322 1398 pauper,
2354 1324 2491 1381 belli
2538 1341 2738 1393 causa,
2788 1341 2964 1400 agger
3024 1323 3397 1397 relinquitur.
3431 1324 3571 1393 Quis
3602 1325 3735 1398 tibi,

2079 1414 2396 1481 Tancrede,
2420 1413 2705 1487 spectanti
2733 1412 2874 1471 talia
2903 1413 3155 1471 sensus?
3181 1430 3400 1487 quosve
3428 1414 3614 1473 dabas
3631 1432 3736 1491 86-

2079 1501 2261 1559 mitus
2289 1505 2312 1558 ?
2338 1502 2445 1558 viri
2476 1503 2670 1569 corda,
2701 1502 2796 1559 cui
2846 1503 3021 1561 modo
3077 1503 3259 1559 robur
3294 1506 3354 1560 et
3394 1520 3473 1560 ms
3523 1503 3739 1579 triplex

2077 1591 2233 1647 circa
2252 1595 2457 1664 pectus
2476 1596 2601 1647 erat
2623 1609 2637 1660 ;
2662 1592 2789 1663 jam
2817 1590 3133 1648 muliebres
3148 1590 3509 1667 mollescunt
3539 1593 3613 1650 ad
3646 1592 3737 1653 la.-

2077 1697 2436 1753 crymas,ora
2461 1680 2778 1737 femineum
2804 1679 3033 1737 ululant
3053 1680 3339 1754 ejulatum
3357 1699 3371 1751 ;
3386 1681 3551 1757 digiti
3576 1699 3739 1739 mena

2078 1773 2229 1839 tum,
2251 1785 2452 1842 genas,
2476 1773 2654 1841 caput
2683 1769 3014 1826 decalvant:
3038 1774 3334 1842 postremo
3366 1787 3737 1845 quaecunque

2079 1855 2373 1912 hominem
2419 1862 2650 1912 armant
2678 1856 3000 1929 particulis,
3023 1857 3282 1930 reliquas
3312 1857 3567 1917 inermes
3595 1876 3735 1919 cru-

2078 1945 2191 2002 deli
2224 1946 2508 2003 seditione
2530 1945 2838 2003 dilaniant.
2863 1945 3029 2002 Multi
3062 1963 3296 2019 quoque
3325 1946 3572 2005 heroum
3593 1949 3735 2006 tide-

2076 2035 2224 2092 lium
2256 2036 2315 2091 in
2348 2037 2549 2092 eadem
2583 2036 2842 2092 lamenta
2862 2034 3125 2103 resoluti,
3149 2053 3327 2109 super
3344 2037 3735 2105 Marcbisidas

2078 2123 2284 2199 lugent
2314 2141 2327 2179 :
2364 2141 2552 2197 neque
2582 2124 2780 2181 minus
2810 2124 2991 2197 hujus
3039 2125 3328 2198 lacrymas
3360 2143 3537 2199 quam
3568 2127 3733 2186 illius

2079 2229 2280 2269 necem
2313 2213 2688 2269 miserantur.
2721 2213 2874 2270 Dum
2900 2212 3022 2269 haec
3047 2216 3379 2287 agerentur,
3408 2214 3503 2270 vix
3532 2216 3735 2273 debel~

2077 2301 2232 2359 latus
2253 2303 2474 2358 Turcos
2493 2306 2789 2375 receperat
2810 2301 3102 2373 tumulus,
3123 2306 3182 2358 et
3201 2318 3334 2358 ecce
3352 2303 3734 2367 Christicolas

2078 2391 2270 2466 pulvis
2300 2395 2552 2448 testatur
2581 2391 2786 2448 adesse
2813 2391 3105 2459 cohortes,
3129 2392 3411 2448 submissi
3443 2391 3735 2453 tolluntur

2079 2480 2283 2545 animi,
2309 2484 2512 2536 contra
2540 2479 2674 2536 elati
2706 2479 2799 2536 sui
2833 2478 3166 2536 mittuntur.
3181 2479 3573 2552 Exclamatur,
3585 2487 3735 2542 Deus

2078 2569 2212 2637 vult,
2238 2568 2347 2625 hoc
2367 2568 2523 2625 enim
2546 2568 2733 2624 nostri
2756 2567 3190 2641 interjiciebant
3209 2568 3490 2628 laetantes.
3512 2572 3734 2629 Adver-

2078 2658 2239 2726 sarii,
2275 2663 2418 2723 Heu,
2449 2661 2526 2726 et,
2558 2660 2641 2724 At,
2673 2665 2753 2722 at,
2802 2662 3264 2726 murmurantes,
3312 2658 3682 2734 ingeminant
3714 2678 3733 2721 :

2078 2747 2295 2820 quippe
2324 2764 2438 2803 non
2470 2751 2591 2803 tam
2624 2763 2760 2821 spes
2788 2746 3034 2817 ablatas,
3063 2764 3243 2821 quam
3273 2747 3500 2806 oblatos
3530 2753 3733 2817 metus.

2077 2836 2457 2911 trepidantes.

2414 2968 2629 3028 XXVII.
2666 3000 2733 3012 οη
2760 2971 2910 3044 Hugo
2937 2969 3161 3045 Magnus
3190 2973 3380 3028 ﬂutat.

2146 3104 2389 3161 Advolat
2416 3108 2551 3161 ante
2582 3103 2729 3161 alios
2760 3120 2963 3178 regum
2993 3103 3325 3163 clarissima
3352 3106 3546 3181 proles

322 3204 539 3270 furore,
560 3201 620 3257 in
640 3182 1064 3274 indignatione,
1099 3198 1159 3255 in
1193 3202 1531 3270 contemptu
1563 3197 1845 3254 bellatum
1871 3213 1967 3252 ve-
1997 3182 2044 3252 C
2077 3194 2325 3268 Magnus
2355 3194 2542 3268 Hugo,
2573 3193 2758 3267 galeis
2787 3196 2956 3250 conte
3001 3198 3098 3250 tus
3130 3194 3311 3252 ferme
3339 3195 3636 3255 trecentis.

323 3296 559 3361 nerant;
575 3291 738 3364 prius
760 3291 890 3363 ipsa
909 3288 998 3346 sui
1015 3287 1464 3361 ruina'aggerem
1479 3290 1777 3360 aequarent
1789 3303 1967 3358 quam

322 3382 653 3439 ealearent:
677 3384 996 3451 contraque
1026 3394 1309 3433 numerus
1339 3376 1554 3432 Christi
1576 3393 1682 3431 nec
1702 3375 1968 3431 minutus

324 3472 414 3525 est
442 3483 549 3524 nec
579 3465 776 3523 laesus.
807 3465 965 3521 Adeo
995 3463 1194 3536 cuspis
1224 3463 1483 3519 fraxinea
1521 3462 1694 3535 largae
1728 3462 1970 3536 prodiga

324 3557 475 3631 opis,
500 3570 680 3612 usum
706 3553 885 3610 simul
918 3560 1234 3625 utrumque
1259 3557 1317 3608 et
1346 3552 1494 3608 scuti
1522 3553 1758 3626 supplet
1779 3558 1834 3609 et
1853 3551 1970 3625 gla-

324 3644 428 3702 dii.
452 3642 599 3711 Ouid
631 3647 836 3700 contra
862 3642 988 3698 haec
1020 3641 1260 3697 mucro?
1283 3641 1501 3709 Mucro,
1526 3640 1970 3713 inquam,cujus

322 3738 412 3792 est
443 3732 779 3807 proximum
827 3731 1066 3798 caedere,
1107 3728 1347 3785 remotis
1394 3745 1668 3801 parcere;
1701 3728 1970 3800 immergi

323 3822 614 3885 cominus,
630 3820 844 3877 minari
865 3817 1098 3876 eminus
1121 3836 1136 3887 ;
1161 3821 1341 3890 utque
1362 3817 1565 3890 paucis
1585 3819 1713 3890 ejus
1737 3816 1975 3874 faculta-

324 3917 446 3969 tem
470 3909 793 3974 includam,
816 3909 988 3979 cujus
1010 3906 1253 3964 licentiae
1285 3923 1454 3978 pares
1487 3905 1662 3962 habet
1690 3906 1973 3963 terminos

327 3997 654 4073 longitudo,
684 3998 1028 4071 evaginatus
1077 3995 1286 4052 minari
1337 4000 1580 4067 poterat,
1612 3995 1819 4052 laedere
1856 4013 1972 4052 non

325 4094 553 4163 poterat
569 4087 657 4143 vel
678 4086 1125 4144 emissus.Unde
1137 4086 1500 4158 comperiens
1521 4091 1722 4158 utpote
1741 4090 1976 4158 experta

326 4177 481 4235 acies
512 4176 695 4232 fracta
720 4176 781 4232 in
806 4176 1080 4239 audaces,
1110 4178 1295 4230 tutam
1331 4190 1444 4230 non
1477 4191 1607 4231 esse
1635 4173 1971 4230 audaciam:

318 4268 446 4339 jam
470 4281 585 4322 non
609 4264 764 4321 ultra
781 4263 1004 4320 viribus
1025 4268 1228 4320 contra
1240 4262 1389 4319 vires
1411 4264 1718 4319 decernere
1739 4262 1974 4336 satagit,

2079 3283 2254 3340 Irruit
2284 3283 2344 3339 in
2376 3282 2600 3340 medios
2631 3299 2748 3338 non
2780 3286 2845 3339 ut
2873 3282 2973 3356 qui
3006 3288 3229 3357 pugnet
3256 3284 3316 3340 in
3347 3284 3568 3353 hostes,

2078 3372 2191 3429 Sed
2219 3371 2319 3445 qui
2350 3376 2483 3445 post
2512 3388 2771 3446 pugnam
2805 3372 3084 3445 fugientia
3110 3377 3273 3446 terga
3303 3380 3605 3447 sequatur.

2078 3461 2173 3519 Sic
2202 3461 2462 3534 rapidus,
2496 3461 2579 3516 sic
2607 3460 2957 3535 intrepidus,
2990 3462 3076 3518 sic
3103 3462 3363 3535 undique
3393 3468 3560 3521 tutus

2076 3550 2444 3626 Aggreditur,
2469 3549 2708 3618 lacerat,
2737 3550 3730 3625 fugat,insequitur,premit,arctat,

2080 3639 2396 3707 Fulminat,
2431 3639 2705 3709 exsultat,
2735 3639 2952 3707 fremit,
3000 3639 3308 3710 exclamat,
3341 3640 3504 3712 furit,
3536 3643 3729 3703 ardet.

2080 3729 2259 3786 Mittit
2288 3729 2345 3784 in
2374 3728 2533 3785 hunc
2561 3729 2746 3785 aciem
2778 3729 3051 3784 ferratam
3083 3746 3183 3786 rex
3221 3729 3655 3804 Solymanuus;

2080 3822 2381 3892 Ingentem
2414 3835 2681 3887 numero,
2714 3817 2951 3887 virtute,
2979 3817 3178 3888 nimis,
3212 3819 3460 3887 feritate,

2081 3909 2216 3976 Quis
2249 3923 2493 3963 numero
2545 3910 2782 3980 superet
2812 3912 3059 3981 segetes,
3091 3924 3125 3964 ο
3149 3908 3426 3981 Gargara,
3454 3914 3680 3969 vestras
3710 3927 3731 3977 π

2082 3999 2217 4065 ρυω
2245 3996 2459 4052 virtute
2489 3995 2614 4052 suis
2642 4001 2833 4069 aequet
2860 3996 3224 4055 convallibus
3253 3997 3527 4065 Ethnam,

2083 4088 2220 4153 Quae
2249 4085 2479 4141 feritate
2508 4084 2689 4141 minis
2713 4090 2903 4142 totum
2935 4084 3047 4143 sibi
3075 4086 3329 4143 vindicet
3355 4089 3580 4159 orbem.

2083 4178 2221 4243 Quae
2250 4174 2502 4248 perferre
2531 4191 2753 4247 graves,
2787 4178 2847 4231 et
2875 4175 3114 4232 reddere
3143 4176 3393 4249 gaudeat
3422 4177 3594 4235 ictus.

2083 4265 2233 4337 Ergo
2261 4263 2486 4321 alacres
2515 4263 2652 4320 hinc
2675 4267 2841 4320 tanta
2869 4262 3100 4327 cohors,
3125 4268 3217 4321 tot
3239 4264 3375 4335 tela,
3406 4269 3493 4322 tot
3522 4283 3733 4329 arcus:

328 4357 486 4412 artes
511 4369 803 4426 arcusque
832 4369 980 4425 quos
1002 4352 1291 4423 abjecerat
1320 4352 1817 4418 resumens.0uod
1840 4352 1887 4408 si
1913 4356 1977 4407 ut
2084 4353 2224 4408 Inde
2254 4369 2454 4410 comes
2483 4368 2737 4426 magnus
2763 4368 2943 4426 quam
2972 4352 3210 4411 nomine
3238 4358 3359 4411 tam
3390 4356 3681 4429 probitate

328 4443 519 4518 primo
545 4446 816 4515 coeperat,
841 4441 1046 4514 pedem
1071 4441 1225 4513 pedi,
1248 4457 1489 4496 manum
1512 4441 1975 4508 manui,'umbo-

2084 4441 2342 4498 Occursu
2362 4440 2555 4515 parili,
2587 4458 2832 4499 numero
2862 4442 2961 4500 sed
2994 4443 3232 4516 dispare
3258 4443 3411 4514 freti,

330 4549 465 4588 nem
494 4529 737 4586 umboni
765 4546 1073 4625 conserere
1101 4528 1445 4625 aliquandiu
1476 4529 1807 4625 inarsisset,
1837 4546 1976 4601 pro—
2003 4554 2055 4625 Β
2085 4529 2311 4588 Bellum
2336 4530 2565 4625 ineunt,
2599 4533 2758 4625 stant
2786 4531 3037 4604 oppositi
3067 4548 3205 4604 pars
3234 4533 3405 4590 obvia
3430 4533 3611 4595 Gallis
3643 4551 3659 4593 :

330 4621 481 4677 facto
502 4618 867 4693 magnanimi
890 4636 1051 4676 saeva:
1073 4624 1299 4692 strages
1320 4618 1457 4673 huic
1478 4616 1688 4674 collata
1711 4635 1888 4676 succu
1898 4636 1980 4674 m-

328 4711 494 4767 beret
515 4727 530 4778 ;
554 4708 611 4764 id
636 4714 870 4765 tantum
896 4706 1089 4764 solatii
1110 4707 1590 4780 objectura,quod
1612 4707 1743 4780 ipsa
1768 4725 1976 4777 unum,

330 4798 454 4855 haec
484 4814 666 4854 sevas
694 4814 899 4854 omnes
929 4812 1071 4853 suos
1101 4795 1374 4852 habuerit
1402 4795 1735 4853 bellatores.

732 4887 927 4943 XXVI.
960 4915 1029 4929 --
1061 4885 1218 4942 Cadit
1250 4886 1574 4943 Willelmus.

403 4975 514 5032 Sed
539 4976 857 5047 resumptis
882 4973 1156 5040 arcubus,
1172 4974 1394 5047 grando
1413 4974 1616 5031 volans
1646 4975 1863 5047 quibus
1887 4993 1983 5033 en-

333 5082 428 5122 ses
454 5068 853 5137 pepercerant,
886 5079 1003 5119 non
1056 5063 1280 5134 parcit;
1312 5079 1460 5136 quos
1500 5080 1613 5120 non
1646 5064 1978 5138 attigerant,

2088 4619 2349 4677 Conserti
2381 4619 2616 4694 clypeos
2645 4619 2883 4694 clypeis,
2914 4623 3091 4693 atque
3118 4622 3369 4687 ensibus
3389 4640 3559 4681 enses
3591 4640 3604 4678 :

2090 4710 2230 4766 Pars
2258 4708 2459 4765 lateris
2488 4708 2675 4765 dextri
2704 4725 2936 4782 gyrum,
2967 4726 3106 4782 pars
3135 4709 3319 4767 altera
3348 4711 3469 4767 laevi

2088 4798 2366 4871 Occupat,
2396 4801 2456 4854 et
2479 4796 2744 4854 volucres
2774 4796 3018 4854 mittunt
3045 4799 3357 4872 utrobique
3383 4800 3648 4874 sagittas.

2090 4887 2359 4960 Undique
2390 4890 2557 4959 septa
2586 4887 2769 4943 armis
2797 4887 3044 4943 audacia
3066 4887 3286 4949 Gallica
3309 4894 3367 4945 et
3393 4889 3582 4959 hoste,

2088 4977 2169 5033 Ad
2201 4993 2348 5049 quos
2378 4991 2440 5034 se
2468 4980 2676 5047 vertat,
2707 4975 2822 5031 nisi
2854 4992 2917 5033 se
2942 4980 3244 5035 convertat
3273 4978 3344 5037 ad
3374 4995 3600 5051 omnes,

2089 5065 2401 5139 Ignorans:
2433 5065 2608 5121 modo
2636 5065 2709 5121 ad
2742 5064 2869 5131 hos,
2886 5065 3058 5123 mode
3088 5082 3153 5123 se
3178 5069 3463 5127 convertit
3488 5070 3562 5129 ad
3580 5069 3742 5139 illos.

334 5152 615 5227 perfodit;
638 5151 739 5206 ubi
765 5167 870 5207 nec
900 5152 1306 5217 ascenderant,
1336 5152 1656 5209 descendit.
1692 5153 1981 5211 Hactenus
2091 5153 2291 5221 Qualis
2312 5153 2460 5227 apri,
2484 5170 2661 5226 quem
2681 5154 2857 5210 turba
2874 5170 3087 5213 canum
3108 5154 3489 5217 circumvenit
3507 5158 3742 5233 ingens.

334 5258 471 5315 ergo
498 5240 731 5298 sarcina
758 5244 988 5295 tantum
1020 5239 1232 5313 gravis,
1261 5239 1471 5310 loricae,
1495 5246 1663 5298 scuta
1682 5246 1740 5298 et
1769 5243 1979 5315 galeae:

336 5345 494 5386 nunc
523 5327 901 5401 gratissimus
930 5328 1093 5393 obex,
1114 5328 1244 5384 vitae
1266 5329 1589 5402 mortisque
1610 5331 1758 5387 fines
1778 5332 1984 5389 dister-

2092 5241 2435 5301 Fulmineus
2461 5259 2620 5299 nunc
2647 5242 2757 5299 hos
2786 5243 2953 5310 dens,
2984 5260 3143 5301 nunc
3170 5247 3453 5309 eviscerat
3480 5245 3650 5315 illos;

2091 5332 2257 5388 Nunc
2288 5336 2439 5388 retro
2470 5331 2797 5399 mordaces,
2827 5336 2886 5389 et
2914 5348 3073 5390 nunc
3102 5351 3138 5390 a
3166 5335 3355 5393 fronte
3385 5335 3663 5397 minaces.

336 5416 543 5474 minet.
575 5417 830 5473 Eatenus
860 5421 1081 5482 tamen,
1114 5417 1162 5473 si
1194 5422 1483 5490 quatenus
1527 5418 1791 5488 molesta,
1826 5423 1983 5493 quod
2093 5421 2187 5478 Sic
2216 5420 2304 5475 vir
2332 5416 2770 5494 magnanimus,
2802 5425 2861 5478 et
2883 5438 2951 5479 eo
2978 5422 3129 5483 duce
3154 5423 3597 5496 fretajuventus

335 5504 540 5565 levitas
570 5508 802 5577 captata
821 5506 892 5562 ad
921 5503 1103 5560 limen
1135 5505 1348 5579 sacpius
1378 5507 1631 5564 artiﬁces
1663 5525 1874 5567 manus
1896 5528 1984 5567 re-

333 5592 652 5655 torserit.Pl
663 5592 938 5655 nantibus
953 5591 1154 5667 itaque
1166 5595 1410 5653 vulnera
1421 5596 1747 5654 Turcorum
1768 5599 1981 5670 nervis,

2094 5511 2442 5566 Innumeros
2470 5510 2683 5567 ardens
2714 5526 2778 5567 se
2807 5509 3213 5569 circumﬂectit
3240 5512 3300 5571 in
3331 5514 3523 5583 orbes,

2093 5600 2162 5657 Et
2191 5615 2559 5673 quascunque
2584 5600 2704 5657 ruit
2731 5600 2985 5675 cadens,
3012 5617 3201 5661 cessus
3229 5601 3348 5663 ruit
3374 5600 3585 5663 hastis.
