3984 6078
200 288 317 350 513

625 418 867 477 XXVIII.
902 450 970 462 ο-
1010 421 1205 477 Turcos
1242 420 1424 492 fugat.

198 512 349 586 Ergo
382 526 583 568 recens
614 510 770 567 acies
791 510 916 582 jam
950 508 1142 565 multa
1170 509 1323 565 caide
1355 513 1615 574 cruento,

198 601 452 673 Jamque
481 599 721 673 fatigato
752 598 951 655 comiti
990 614 1322 671 congressa,
1356 598 1612 655 laborem

199 680 609 763 Sudoremque
636 688 744 744 viri
778 685 1000 743 crudeli
1032 694 1346 761 exaggerat
1374 686 1480 744 ira.

201 780 440 843 Sauciat
471 783 624 845 ante,
650 782 823 841 retro,
847 777 1050 833 dextra
1081 776 1357 849 laevaque,
1380 790 1485 832 nec
1516 775 1697 832 ullam

200 866 312 926 Dat
341 868 603 940 requiem
633 866 928 940 gravibus,
954 863 1115 921 nullo
1148 866 1360 922 sudore
1381 870 1635 939 gravata.

199 956 520 1029 Postquam
552 955 717 1012 nulla
745 953 896 1011 valet
924 954 1013 1011 vis
1043 955 1383 1011 innumeros
1414 972 1702 1011 revocare.

196 1046 287 1107 Ad
319 1060 655 1113 numerum,
681 1046 985 1117 majorque
1015 1042 1166 1099 redit
1191 1058 1369 1116 quam
1401 1045 1619 1100 corruit
1645 1042 1856 1103 hostis.

200 1126 417 1208 Magna
448 1148 645 1193 comes
674 1150 863 1207 parvae
895 1132 1209 1189 miseratus
1242 1132 1449 1189 funera
1477 1133 1661 1188 turba:

200 1222 317 1279 Ora
345 1222 403 1277 in
437 1226 601 1296 terga
631 1226 827 1288 refert,
853 1220 974 1277 haec
1000 1220 1125 1276 sola
1154 1220 1417 1277 timentis
1443 1222 1635 1294 imago
1664 1239 1678 1278 :

201 1310 425 1368 Cetera
449 1311 687 1367 victoris
718 1309 1052 1378 lacerantis,
1083 1308 1429 1380 deiicientis,

200 1401 390 1473 Atque
418 1399 680 1473 fugantis
710 1404 877 1456 erant
911 1415 924 1454 :
958 1398 1020 1454 in
1050 1402 1214 1471 terga
1243 1399 1472 1471 fugacia
1500 1399 1700 1471 cuspis

201 1488 381 1546 Ensis
412 1489 753 1554 dimidians,
777 1504 966 1561 equus
996 1487 1230 1553 ardens,
1257 1488 1492 1543 dextera
1522 1487 1798 1560 ﬂagrans,

203 1577 431 1651 Quippe
463 1575 815 1644 retrocessi-t,
850 1575 952 1649 qui
983 1579 1134 1632 retro
1164 1575 1455 1631 occiderat
1483 1576 1669 1632 hostis
1701 1593 1715 1631 ε

204 1660 281 1723 Ut
308 1683 536 1722 versam
567 1662 773 1722 faciem
805 1665 982 1733 videt,
1017 1668 1439 1736 aspectumque
1474 1664 1786 1734 minacem,

203 1755 426 1828 Expers
456 1753 556 1827 qui
589 1758 832 1810 mortem
868 1751 1100 1826 fugiens
1132 1751 1380 1807 incurrit
1408 1752 1619 1820 eidem,

204 1844 420 1901 Tutius
450 1844 666 1917 ignotis
697 1858 940 1915 sperans
972 1858 1275 1898 occurrere
1308 1840 1533 1909 multis,

206 1934 397 2001 Quam
428 1933 610 1990 semel
641 1937 888 2005 experta}
920 1935 1141 1986 restare
1172 1930 1243 1985 ad
1275 1930 1514 1985 verbera
1543 1930 1773 1986 dextrae.

206 2022 427 2080 Consul
457 2023 581 2096 agit
612 2021 890 2095 trepidos,
915 2019 1282 2094 graviterque
1313 2019 1565 2075 instatur
1593 2020 1809 2092 agenti,

208 2112 284 2173 Et
313 2112 464 2184 fugit
492 2116 547 2167 et
577 2110 863 2183 sequitur,
887 2108 1103 2183 pariter
1135 2108 1298 2180 fugat
1327 2112 1503 2180 atque
1534 2108 1790 2181 fugatur.

319 2200 509 2257 XXIX.
544 2232 610 2241 -—
641 2200 705 2256 Et
732 2214 857 2255 cum
883 2215 943 2255 eo
973 2199 1231 2254 Robertus
1259 2213 1431 2253 comes
1458 2197 1760 2255 Flandrize

209 2288 417 2347 Obviat
446 2289 541 2345 bis
571 2288 744 2345 hasta
772 2287 1144 2354 metuendus,
1166 2290 1222 2342 et
1252 2302 1390 2342 ense
1423 2286 1709 2343 Robertus

209 2378 624 2453 Flahdrigena,
656 2376 977 2450 eﬂ‘renique
1006 2376 1211 2432 volans
1243 2376 1313 2432 ad
1346 2375 1543 2449 praelia
1574 2393 1776 2444 cursu,

209 2467 440 2525 Damna
476 2482 789 2540 morasque
828 2465 1000 2534 levat,
1032 2467 1174 2522 dum
1207 2480 1386 2539 quam
1429 2464 1675 2521 ultimus
1714 2465 1866 2521 hau-

219 2568 227 2575 '
1408 2557 1585 2621 [serat
1615 2570 1754 2609 aure
1769 2556 1797 2610 ‘i

213 2644 449 2701 Primus
480 2643 800 2701 inardescit
830 2658 1090 2717 pugnam
1124 2641 1495 2715 impinguare
1526 2658 1750 2698 cruore.

211 2734 434 2793 Obvius
460 2749 599 2813 ergo
634 2736 802 2809 fugze,
827 2730 1146 2806 pertransit
1175 2731 1232 2787 in
1267 2748 1455 2804 usque
1489 2732 1783 2806 fugantes,

212 2827 455 2898 Quaque
482 2825 642 2880 videt
672 2824 885 2879 densas
914 2822 1067 2883 acies
1100 2820 1314 2877 fervere
1346 2821 1599 2894 sagittis,

211 2912 281 2971 Et
312 2912 560 2971 stridere
590 2912 801 2980 minis;
833 2911 914 2967 ibi
947 2912 1162 2967 fervere
1191 2910 1437 2966 stridere
1466 2911 1676 2966 tendit.

211 3001 533 3058 Incurrunt
559 3000 733 3056 Turci
764 3000 824 3055 in
855 3000 1150 3067 comitem,
1177 3015 1372 3055 comes
1411 3016 1545 3056 acer
1572 3000 1633 3055 in
1663 2999 1831 3056 illos:

211 3080 720 3161 Flandrensesque
750 3089 867 3144 fere
901 3103 1166 3154 numero,
1189 3092 1246 3144 et
1275 3088 1485 3143 virtute
1516 3088 1837 3161 phalanges

211 3179 349 3252 Igne
375 3178 501 3251 pari
526 3192 812 3245 accensae;
837 3176 1002 3249 pede,
1028 3181 1242 3248 strage,
1267 3177 1492 3249 fragore
1518 3181 1865 3249 sequuntur.
1898 3161 1942 3228 C

211 3266 512 3325 Sternitur
541 3266 872 3323 arcitenens
905 3266 1083 3333 acies,
1111 3271 1471 3339 sparguntur
1499 3271 1555 3321 et
1584 3283 1777 3323 arcus.

211 3358 600 3431 Rumpuntur
631 3355 934 3429 pharetrae,
971 3353 1272 3410 calcantur
1299 3356 1364 3411 nt
1393 3353 1525 3427 alga
1554 3356 1800 3427 sagittae,

213 3445 412 3509 Peltaz,
434 3445 705 3499 thoraces
737 3443 904 3516 quasi
935 3442 1191 3498 stamina
1220 3442 1376 3497 linea
1407 3443 1479 3498 ad
1514 3459 1705 3513 enses,

209 3533 459 3590 Barcina
488 3536 629 3588 sunt
657 3532 850 3598 tectis,
874 3536 931 3588 et
962 3548 1078 3586 non
1109 3530 1403 3586 tutamina
1430 3531 1656 3588 Turcis.

209 3621 306 3678 Sic
338 3632 540 3677 comes
572 3618 932 3692 armipotens
964 3618 1263 3675 Gallorum
1294 3623 1460 3692 terga
1487 3625 1817 3694 sequentes,

207 3709 444 3766 Rursus
474 3714 640 3782 terga
671 3707 809 3764 dare
836 3725 848 3764 ε
874 3714 931 3764 et
958 3724 1126 3764 versa
1153 3707 1275 3763 vice
1307 3714 1538 3780 pectora
1570 3709 1765 3765 Gallos

203 3790 450 3856 Vertere
484 3796 813 3871 compellit;
844 3812 1204 3869 numeroque
1234 3798 1493 3852 carentia
1524 3816 1782 3869 primum

204 3878 464 3962 Agmina
493 3887 604 3943 sub
638 3903 949 3942 numerum
984 3886 1296 3942 sternendo
1329 3889 1590 3942 necando
1623 3888 1869 3944 reducit.

205 3978 277 4034 At
304 3977 485 4034 Turci
519 3991 623 4032 nec
654 3975 775 4031 ulla
804 3976 1067 4049 quidem,
1093 3992 1200 4030 nec
1229 3973 1419 4031 multa
1449 3977 1797 4048 rependunt.

206 4066 488 4133 Vulnera,
511 4081 645 4137 spes
675 4080 925 4136 quorum
960 4064 1184 4119 ferratae
1216 4062 1414 4119 nescia
1443 4064 1639 4132 calcis,

209 4155 360 4210 Tota
389 4153 746 4209 retrosuadze
777 4153 849 4208 de
874 4152 1111 4208 verbere
1141 4152 1356 4224 pendet
1384 4151 1654 4222 habenae;

211 4240 374 4298 More
407 4247 609 4296 tamen
640 4239 826 4312 patrio
855 4237 1090 4313 fugiens
1120 4255 1237 4311 quo
1268 4237 1535 4294 vulnerat
1564 4256 1770 4307 arcus;

213 4328 329 4387 Sed
360 4328 751 4385 tremebunda
778 4332 939 4384 metu
970 4327 1123 4399 ferit,
1145 4330 1204 4383 et
1236 4344 1349 4383 non
1382 4327 1538 4382 laedit
1568 4329 1814 4395 arundo,

212 4419 443 4475 Tantus
477 4418 549 4472 ad
580 4416 842 4472 internas
872 4415 1212 4489 pertransiit
1242 4431 1428 4487 usque
1460 4416 1770 4472 medullas.

1549 287 1802 350 GESTA
1842 287 2258 351 TANCREDI.

1877 421 1933 488 Α
1962 419 2313 478 Rollandum
2346 420 2507 476 dicas
2538 418 2969 491 Oliveriumque
3000 423 3253 488 renatos,

3489 286 3607 345 514

1965 509 2023 565 Si
2053 510 2333 566 comitum
2358 513 2582 581 spectes
2608 508 2764 563 hunc
2790 508 2961 565 hasta
2981 507 3138 562 hunc
3161 523 3295 563 ense
3320 507 3574 563 furentes

2259 598 2415 654 XXX.
2440 630 2508 637 ——
2536 597 2854 670 Godefrz'd-us
2886 598 2943 652 in
2976 598 3148 653 hostes
3178 599 3310 652 ruit.

1963 686 2092 743 Dux
2121 687 2469 744 Godefridus
2499 685 2673 742 homo
2708 691 2865 742 totus
2898 684 3150 758 bellique
3182 685 3399 756 Deique

1964 779 2143 847 Cujus
2173 792 2286 830 non
2322 777 2527 839 fervor,
2553 793 2666 831 non
2696 776 2869 837 vires,
2905 792 3017 830 non
3052 776 3355 830 animosus

1965 864 2218 937 Spiritus
2248 864 2541 920 Hectoreis
2573 865 2778 933 cessit;
2815 864 3043 936 praefuit
3071 865 3272 929 armis,

1967 956 2159 1010 Laetus
2191 955 2375 1009 adest.
2400 953 2444 1009 Ο
2476 970 2623 1026 quas
2651 953 2826 1019 acies,
2851 971 2977 1025 quae
3009 956 3243 1025 pectora
3274 950 3408 1008 ferri

1968 1045 2153 1109 Quam
2188 1042 2427 1115 longum
2461 1041 2722 1113 calybem
2754 1041 2951 1097 lateris
2983 1041 3312 1097 munimina
3348 1040 3472 1097 laevi

1968 1133 2212 1189 Cernere
2242 1135 2366 1186 erat
2418 1131 2694 1186 comitata
2723 1130 2974 1186 duceml
3023 1130 3157 1203 quis
3209 1131 3386 1186 ﬂatus
3437 1146 3613 1203 equo-

3367 1223 3540 1287 [rum,

1968 1310 2109 1377 Quis
2139 1308 2405 1365 fremitus
2431 1308 2760 1375 hominum,
2778 1325 2905 1381 quae
2922 1307 3105 1381 gloria
3132 1307 3617 1364 Lotharidarum?

1968 1398 2096 1455 Dux
2126 1415 2262 1472 ergo
2292 1399 2513 1453 Turcas
2546 1397 2699 1453 acies
2731 1396 2964 1470 premit,
2999 1396 3446 1471 insequiturque

1968 1488 2094 1544 Non
2128 1491 2260 1543 astu
2290 1486 2472 1560 vigili,
2502 1503 2618 1542 non
2652 1485 3061 1542 commoditate
3092 1486 3283 1555 locali,

1969 1578 2093 1633 Non
2127 1594 2254 1648 quae
2286 1575 2372 1631 vel
2405 1574 2643 1630 timidos
2674 1575 2733 1629 in
2768 1575 2947 1631 fortes
2976 1575 3206 1644 excitat,
3239 1580 3361 1633 arte

1969 1667 2226 1737 Adjutus
2262 1682 2275 1720 :
2308 1682 2510 1720 verum
2542 1665 2787 1720 turbans
2823 1663 2917 1720 his
2946 1663 3221 1720 omnibus
3253 1665 3450 1722 hostes

1891 1794 1940 1860 B
1972 1754 2205 1811 Scilicet
2235 1755 2469 1826 adjutos
2501 1757 2769 1825 astuque,
2800 1751 3063 1826 locoque,
3096 1753 3365 1827 doloque.

1972 1861 2160 1918 XXXI.
2186 1892 2250 1901 —
2277 1860 2480 1932 Aggere
2518 1860 2771 1935 potitur;
2796 1860 3063 1935 fugientes
3112 1863 3436 1935 insequitur,
3468 1878 3623 1921 mons

2504 1933 2721 1986 vicinus
2752 1932 2894 1987 hosti
2919 1933 3083 2003 favet.

1974 2022 2177 2080 Stabat
2205 2021 2262 2076 in
2296 2037 2538 2077 occursu
2575 2019 2742 2076 ducis
2772 2037 2968 2093 agger,
3001 2038 3254 2094 agerque
3286 2022 3395 2078 sub
3427 2023 3555 2096 ipso

1974 2111 2452 2167 Retrocedentem
2488 2108 2802 2165 dirimebat
2832 2110 2905 2163 ab
2934 2126 3142 2182 aggere
3174 2116 3454 2167 montem.

1977 2203 2098 2257 Huc
2129 2200 2206 2255 ibi
2240 2200 2349 2255 ﬁsa
2380 2199 2529 2254 dolis
2559 2215 2703 2271 gens
2733 2197 2866 2271 plus
2900 2216 3075 2272 quam
3108 2201 3216 2255 fisa
3251 2200 3479 2275 sagittis

1973 2290 2290 2361 Ditfugium
2323 2289 2457 2344 fecit
2487 2305 2499 2342 :
2534 2294 2699 2343 ratus
2731 2305 2940 2360 aggere
2971 2288 3113 2344 velle
3142 2290 3338 2362 potiri,

1973 2381 2058 2436 Ad
2092 2395 2347 2451 pugnam
2382 2378 2636 2449 refugos,
2666 2378 2783 2432 dux
2814 2378 3037 2434 fraudis
3067 2382 3124 2434 et
3144 2378 3288 2436 artis
3316 2378 3530 2453 iniquae

1977 2470 2240 2539 Ignarus,
2275 2464 2411 2521 belli
2443 2466 2651 2520 faciem
2684 2466 2966 2521 convertit
2997 2465 3055 2521 in
3090 2466 3242 2535 illos,

1975 2558 2045 2611 Et
2075 2554 2243 2610 celeri
2276 2553 2514 2609 incursu
2548 2552 2844 2608 tumulum
2877 2553 3042 2625 prius
3072 2554 3237 2612 hoste
3266 2561 3573 2628 gravatum

1978 2645 2229 2710 Liberat,
2255 2643 2391 2699 inde
2420 2642 2617 2715 fugam
2648 2644 2720 2697 ad
2746 2648 3003 2699 montem
3032 2660 3135 2715 per
3158 2645 3333 2716 plana
3358 2652 3621 2703 coactum

1977 2735 2181 2804 Strage
2211 2732 2423 2804 premit
2454 2731 2663 2796 multa,
2686 2731 2875 2787 hostis
2905 2732 3129 2789 scilicet
3157 2740 3331 2807 atque
3358 2753 3628 2811 suorum5

1977 2822 2268 2878 Nimirum
2301 2837 2444 2894 gens
2474 2819 2573 2875 illa
2604 2820 2755 2876 dolis
2785 2825 3011 2877 armata
3042 2829 3384 2895 sequentem

1977 2912 2159 2983 [Eque
2189 2910 2481 2984 transfigit
2512 2909 2775 2976 loricam,
2807 2928 2981 2982 quam
3019 2911 3333 2984 fugientem
3367 2930 3382 2970 :

1977 3001 2047 3055 Et
2074 3000 2183 3054 nisi
2217 3016 2404 3071 equus
2434 2998 2596 3053 velox
2628 2998 2987 3071 fugientibus
3020 2999 3242 3073 iggerat
3270 3002 3496 3072 hastas,

1981 3092 2102 3155 Quo
2134 3087 2321 3161 magis
2365 3086 2651 3158 eﬂ'ugiunt
2694 3087 2883 3160 magis
2912 3087 3151 3145 horrida
3179 3089 3421 3147 vulnera
3463 3110 3630 3165 spar-

3442 3185 3629 3255 [gunt,

1983 3267 2056 3323 Ut
2086 3265 2259 3321 faciat
2288 3263 2462 3321 Turci
2495 3264 2652 3336 fuga,
2681 3265 2834 3336 quod
2869 3265 3109 3322 victoria
3141 3267 3366 3325 Franci.

1983 3356 2177 3411 Monte
2205 3358 2437 3427 recepta
2466 3353 2695 3419 cohors,
2730 3371 2845 3410 non
2876 3372 2986 3410 tere
3017 3362 3254 3428 gravata
3285 3375 3389 3414 nec
3425 3357 3627 3429 armis,

1982 3447 2109 3501 Δεῖ-ο
2141 3460 2363 3516 graves,
2399 3444 2696 3514 armisque
2724 3443 2878 3499 viros
2910 3448 3041 3517 post
3070 3448 3233 3519 terga
3262 3452 3498 3505 ruentes

1982 3532 2184 3588 Evadit
2217 3532 2404 3603 facile,
2428 3537 2485 3588 et
2514 3532 2667 3587 facili
2702 3549 3002 3606 pronaque
3033 3535 3249 3607 sagitta

1983 3621 2260 3690 Sauciati,
2284 3621 2511 3676 intortae
2544 3621 2934 3692 contemptrix
2963 3623 3195 3679 eminus
3225 3623 3428 3681 hastae.

1979 3711 2202 3766 Anxius
2231 3709 2441 3781 objecti
2474 3710 2592 3764 dux
2622 3709 2900 3765 frendens
2931 3710 2991 3765 in
3022 3712 3167 3783 pede
3202 3715 3423 3771 montis

1983 3801 2239 3856 Rursum
2264 3798 2325 3852 in
2349 3797 2523 3870 plana
2545 3796 2694 3852 redit
2719 3813 2730 3852 :
2757 3796 2804 3853 si
2830 3815 2978 3870 quos
3000 3817 3170 3857 mons
3195 3802 3415 3860 invidet
3435 3804 3635 3864 hostes

1980 3888 2248 3959 Eliciant,
2281 3902 2465 3941 vacua
2495 3903 2632 3941 arva
2661 3886 2791 3941 duci
2826 3888 3107 3960 repetitus
3137 3894 3193 3945 et
3224 3908 3419 3966 agger.

1981 3976 2177 4033 Hostis
2209 3975 2280 4031 ad
2314 3975 2434 4030 haec
2466 3974 2703 4048 gaudet,
2727 3975 3047 4044 descendit,
3076 3982 3133 4033 et
3163 3979 3316 4037 ultro
3345 3981 3598 4053 lacessit,

1981 4066 2224 4137 Semper
2254 4064 2610 4132 discurrens,
2638 4067 2694 4118 et
2726 4080 2958 4136 semper
2987 4066 3230 4123 vulnera
3261 4087 3562 4144 spargens.

1982 4156 2187 4212 Fretus
2217 4170 2366 4226 equo
2397 4152 2590 4217 celeri,
2620 4152 2955 4225 montisque
2988 4155 3181 4212 favore
3211 4159 3546 4233 propinqui,

1981 4244 2108 4299 Dux
2124 4243 2456 4313 iterumque
2472 4241 2807 4313 iterumque
2821 4258 3075 4314 sequens
3093 4244 3152 4299 in
3171 4251 3405 4317 pectora
3421 4250 3639 4308 multos

1980 4330 2223 4403 Excipit.
2254 4335 2312 4385 et
2342 4329 2539 4402 plures
2572 4329 2629 4384 in
2662 4335 2827 4403 terga
2860 4338 3197 4389 remunerat
3227 4334 3400 4392 ictus.

1982 4420 2177 4475 Monte
2209 4425 2405 4474 tamen
2449 4419 2690 4473 meritos
2727 4436 2959 4491 semper
2987 4426 3253 4479 curtante
3281 4425 3639 4500 triumphos,

212 4500 419 4582 Papae!
457 4521 631 4580 quem
682 4505 887 4579 genuit
943 4504 1319 4562 Flandrensis
1370 4504 1611 4560 ﬂamma
1655 4509 1871 4561 tremo-
1902 4529 1950 4593 D
1982 4507 2206 4580 Quippe
2236 4507 2371 4562 sinu
2401 4505 2589 4576 victis,
2614 4507 2952 4563 victricibus
2981 4509 3145 4566 obice
3175 4511 3379 4583 signis,

1623 4598 1763 4663 [rem
1782 4594 1795 4650 ι

211 4684 367 4744 Dum
409 4698 608 4742 comes
668 4684 992 4740 indomitus
1043 4683 1244 4739 domat
1300 4682 1520 4751 hostes,
1577 4683 1876 4757 densaque

1555 4770 1803 4847 [spargit

208 4864 494 4937 Agmina;
529 4876 736 4934 sparsa
766 4865 942 4930 secat,
967 4864 1127 4917 secta
1165 4859 1379 4928 abruit,
1412 4861 1625 4918 obruta
1655 4860 1841 4919 calcat

209 4948 424 5025 Magno
458 4950 838 5023 magnanimo
866 4949 1079 5006 comite
1111 4950 1365 5022 stipatus
1396 4950 1657 5024 Hugone.

208 5042 327 5100 Nec
359 5044 555 5105 cessat
585 5044 830 5114 strages,
853 5039 1037 5096 donec
1067 5038 1226 5095 socia
1250 5056 1417 5095 arma
1445 5039 1677 5113 fugatos

207 5130 559 5203 Excipiunt;
596 5133 954 5201 nectuntque
986 5145 1202 5197 moras,
1232 5133 1549 5201 arcentque
1579 5130 1869 5203 fugantes.

205 5219 296 5277 En
330 5220 548 5274 iterum
578 5217 847 5290 viresque
878 5234 1056 5274 novas
1086 5216 1434 5289 animosque
1461 5222 1720 5274 recentes

206 5312 695 5381 Congressusque
728 5323 941 5364 manus
972 5307 1193 5374 avidas,
1218 5311 1275 5363 et
1302 5311 1508 5363 caetera
1538 5306 1611 5362 ad
1645 5323 1818 5362 usum

206 5398 487 5471 Congrua
516 5394 830 5463 bellorum,
856 5413 1004 5453 nova
1033 5400 1247 5451 cuncta
1277 5393 1536 5451 recentia
1565 5393 1752 5450 nostri

208 5486 547 5556 Inveniunt,
580 5482 884 5558 multaque
914 5485 1048 5541 licet
1069 5485 1196 5557 jam
1229 5484 1384 5540 caede
1414 5483 1657 5558 gravati,

202 5568 525 5653 Accipiunt
553 5586 740 5650 acres,
769 5572 827 5636 et
851 5572 1103 5635 reddunt
1131 5572 1344 5634 acriter
1373 5572 1548 5647 ictus,

1980 4596 2068 4651 Ge:
2126 4596 2419 4668 quondam
2456 4595 2796 4668 accipitrem
2830 4596 2929 4668 qui
2961 4597 3203 4655 circinat
3232 4617 3367 4658 aera
3392 4619 3552 4676 gyro,

1983 4684 2097 4741 Ceu
2121 4685 2222 4757 qui
2250 4683 2311 4739 in
2336 4684 2526 4740 fronte
2548 4684 2713 4739 sedet
2734 4684 3117 4757 querularum
3140 4691 3315 4746 turba
3334 4690 3636 4751 volucrum

1982 4772 2358 4847 Circumagit,
2384 4773 2662 4845 variaque
2694 4774 2879 4846 replet
2908 4775 3162 4850 virgulta
3191 4777 3404 4835 latratu
3442 4797 3455 4836 :

1983 4864 2133 4920 Tum
2166 4865 2213 4919 si
2249 4866 2392 4919 forte
2424 4879 2637 4935 procax
2669 4864 2869 4918 cornix
2901 4867 3168 4938 propiore
3199 4867 3389 4925 volotu

1981 4951 2113 5009 Jam
2142 4952 2438 5008 tumidum
2489 4951 2763 5018 ostendit,
2789 4952 2886 5009 ille
2930 4953 3271 5027 indignatus
3321 4963 3378 5014 et
3424 4960 3637 5017 ardens

1982 5042 2187 5098 Fertur
2216 5042 2272 5096 in
2305 5041 2523 5097 aeriam
2555 5045 2676 5096 toto
2708 5043 3017 5101 conamine
3047 5046 3284 5102 turbam
3317 5064 3331 5103 :

1983 5130 2088 5187 Illa
2118 5130 2268 5203 fugit
2296 5131 2539 5201 trepidis
2569 5134 2837 5202 repetens
2867 5133 3161 5191 cunabula
3190 5136 3418 5207 pennis,

1979 5224 2120 5276 Cum
2154 5219 2405 5275 similem
2438 5218 2651 5274 hesuro
2682 5221 2963 5291 porrectis
2989 5224 3287 5296 unguibus
3318 5230 3489 5282 arcta

1982 5309 2113 5366 Saxi
2146 5326 2248 5365 seu
2279 5307 2451 5363 terris
2482 5306 2758 5362 cohibent
2788 5312 2843 5363 te
2872 5311 3067 5380 praedo
3100 5311 3334 5370 latebrae
3368 5331 3382 5371 :

1981 5398 2185 5472 Ungue
2215 5413 2423 5453 oamen
2456 5396 2687 5470 plumas
2718 5397 2978 5456 referens
3013 5401 3269 5476 insignia
3296 5402 3523 5476 palma,

1980 5485 2162 5541 Nacta
2191 5485 2327 5540 sede
2357 5483 2539 5552 doles,
2569 5483 2811 5557 alasque
2840 5502 3134 5560 expensus
3164 5490 3351 5546 hianti

1982 5573 2209 5648 Rostro,
2244 5571 2570 5631 luminibus
2601 5569 2940 5648 ﬂammatis,
2973 5581 3204 5654 pectore
3233 5577 3463 5641 anhelo.
