4010 6078
365 265 486 326 515

370 395 632 468 Suspicis
662 394 870 467 elapsae
900 393 1170 467 plumosa
1200 391 1477 466 repagula
1507 391 1730 463 praedae.

889 260 994 322 AD
1040 257 1547 322 GODEFRIDUM
1595 254 1925 319 APPEND.
1960 252 2035 318 Il.
2063 293 2139 302 —
2171 259 2483 324 MONUM.
2529 265 2629 325 DE
2675 262 2923 327 BELLO
2968 260 3244 327 SACRO.

3649 254 3769 321 516

2040 399 2095 462 Α
2121 396 2245 447 tum
2283 394 2503 450 sociare
2533 394 2743 452 loricas
2772 399 3081 453 contentus
3111 412 3174 453 es
3207 413 3220 451 :
3255 409 3502 451 arcuum
3527 396 3771 449 tuorum

370 466 533 541 Haud
567 500 735 540 secus
758 466 852 539 ira
878 466 1088 539 ducem
1119 481 1337 547 turbat,
1363 482 1505 536 dum
1536 478 1743 553 pulsus
1765 479 1835 534 ab
1863 477 2015 535 arvis
2123 498 2404 539 numerus
2422 483 2515 538 vix
2536 466 2800 551 ducenti;
2826 485 2885 540 in
2915 485 3008 540 his
3030 483 3293 540 millibus
3324 481 3551 556 Syriam
3581 498 3771 554 oppu-

366 575 594 629 Turcus
625 572 801 629 habet
828 575 986 628 tutas
1016 571 1273 627 latebras
1304 569 1557 625 conﬁnia
1594 568 1831 624 montis.

363 679 651 735 XXXII.-—
667 680 816 749 Hugo
840 682 1069 747 Magnus
1087 677 1338 731 subvenit
1354 675 1483 749 dari
1496 683 1547 729 et
1562 671 2011 749 camﬁaimundo

470 753 660 807 comite
687 747 923 806 montem
950 757 1199 820 superat;
1230 749 1418 803 Terror
1448 748 1659 801 invadit
1686 747 1900 800 Turcos.

364 841 475 897 Sed
507 856 641 896 cum
675 839 922 911 Magnus
953 838 1117 911 Hugo
1148 836 1374 891 diverso
1408 834 1602 907 praelia
1631 838 1821 889 tractu

362 930 707 1002 Aggressus,
737 927 953 983 montis
984 926 1139 981 latus
1171 943 1238 979 ex
1269 924 1423 979 facili
1461 927 1797 996 superasset

362 1017 649 1085 Pervium,
682 1021 740 1072 et
769 1016 935 1072 hoste
970 1031 1184 1070 vacans
1217 1031 1229 1068 :
1264 1014 1537 1068 mox'nec
1571 1013 1738 1083 juga,
1772 1027 1877 1065 nec
1916 1009 2008 1065 via

1661 1105 1934 1171 [praeceps

358 1196 686 1269 Deprensos
717 1190 1161 1264 inhibent,quin
1190 1190 1338 1246 laxis
1370 1207 1573 1246 cursor
1602 1188 1849 1244 habenis

358 1285 567 1357 Raptet
588 1300 793 1356 equus,
823 1283 1056 1355 refugos
1079 1298 1180 1353 per
1201 1280 1395 1352 plana,
1424 1296 1526 1351 per
1550 1279 1734 1333 ardua
1758 1278 2000 1333 Turcos.

360 1373 500 1429 Hinc
528 1372 709 1446 igitur
744 1371 1040 1437 comitem,
1070 1370 1205 1425 inde
1237 1370 1443 1424 ducem
1485 1367 1744 1439 fugiente
1776 1371 2006 1421 caterva

356 1461 585 1529 Hostili,
615 1478 809 1516 comes
836 1460 1118 1515 accelerat
1159 1462 1426 1513 metuens
1457 1455 1824 1512 Raimundus

355 1552 438 1607 Ne
468 1550 579 1607 sibi
612 1568 753 1606 neve
788 1593 793 1599 .
820 1551 911 1604 uis
941 1549 1093 1603 desit
1126 1547 1225 1619 qui
1259 1546 1499 1602 dimicet
1528 1544 1714 1601 hostis
1744 1561 1759 1599 :

355 1640 520 1696 Ilunc
551 1657 715 1707 suus,
745 1639 901 1694 hunc
933 1637 1029 1693 alii
1070 1637 1314 1710 pedites,
1343 1634 1567 1707 equites
1600 1631 1857 1689 comitati

356 1728 497 1786 Belli
529 1729 854 1793 ductorem,
885 1726 1181 1800 legionum
1212 1724 1624 1796 dispositorem

352 1822 534 1874 Tanto
564 1817 832 1873 ditabant
870 1832 1134 1881 numero,
1169 1812 1518 1877 munimine,
1550 1811 1734 1883 signis
1768 1828 1781 1866 :

354 1906 428 1962 Ut
457 1906 613 1962 credi
646 1909 844 1978 posset
870 1903 1181 1959 absentum
1212 1901 1412 1957 nullus
1441 1902 1666 1969 abesse,

354 1996 463 2064 Qui
493 1993 689 2051 meriti
718 1994 947 2050 fuerant
976 1992 1152 2057 credi,
1189 1990 1415 2045 nullum
1449 2005 1774 2061 superesse.

352 2085 503 2156 Ergo
534 2083 857 2138 formidans
886 2098 959 2137 ne
990 2078 1377 2136 formidabilis
1409 2082 1564 2133 esset

352 2171 720 2228 Praecidendo
752 2174 993 2235 metum,
1025 2171 1195 2240 rupto
1227 2168 1372 2240 petit
1407 2159 1609 2222 ordine
1649 2164 1887 2232 bellum,

353 2259 413 2317 Si
444 2260 605 2315 furor
634 2260 798 2315 ldeas
830 2274 1083 2330 quercus
1124 2258 1195 2311 ad
1230 2255 1446 2311 littoris
1478 2255 1596 2311 ima

351 2336 521 2422 Sigaai
563 2347 770 2421 rapiat,
803 2350 1015 2402 tremat
1045 2344 1238 2401 omnis
1270 2344 1570 2418 proximus
1602 2343 1713 2398 Ida:

348 2438 420 2493 Et
449 2453 619 2492 mons
656 2440 713 2491 et
741 2433 930 2503 vallis,
963 2434 1142 2490 lateat
1181 2433 1292 2490 sub
1323 2432 1559 2505 pulvere
1590 2432 1842 2487 Phoebus
1874 2447 1888 2486 :

350 2525 412 2583 Si
440 2525 632 2582 lucem
663 2525 865 2581 demas
896 2522 1080 2598 galeis
1111 2527 1211 2579 aut
1241 2523 1545 2579 frondibus
1577 2521 1759 2577 addas
1791 2537 1805 2575 :

349 2614 453 2671 Hic
502 2618 712 2681 status,
746 2613 865 2668 haec
915 2612 1159 2685 species,
1194 2611 1407 2667 similis
1458 2611 1748 2676 fremitus,
1782 2592 2021 2665 tremor}

1730 2699 1924 2765 ﬁdem.

349 2792 548 2849 Turba
576 2790 795 2848 sodalis
825 2794 991 2847 erant
1021 2789 1271 2859 comitis,
1305 2789 1606 2861 turbaeque
1637 2787 1855 2843 sodalis

349 2882 456 2948 Qui
487 2882 683 2955 fragor
712 2879 989 2937 attonitas
1011 2880 1335 2934 Turcorum
1369 2883 1434 2933 ut
1462 2876 1710 2950 perculit
1739 2894 1930 2946 aures,

345 2971 536 3042 Atque
566 2969 766 3026 oculos
794 2968 986 3039 fulgor
1012 2985 1025 3022 :
1053 2970 1237 3022 totam
1267 2984 1572 3022 occursare
1606 2972 1878 3037 paventes

346 3059 658 3131 Europam,
683 3056 846 3113 nullo
877 3057 1043 3121 duce,
1072 3056 1330 3119 consule,
1355 3072 1488 3128 rege
1522 3055 1739 3110 relicto.

347 3144 539 3204 Primo
571 3152 729 3204 stant
756 3145 918 3202 dubii
950 3163 1083 3201 mox
1114 3150 1178 3200 ut
1211 3144 1599 3200 Raimundica
1627 3143 1827 3215 cuspis

347 3237 524 3293 Obvia
557 3252 799 3309 puaeque
828 3238 998 3301 rotat,
1031 3234 1345 3299 colliditur,
1372 3238 1428 3288 et
1456 3232 1617 3288 subit
1645 3232 1803 3288 ensis
1837 3249 1849 3287 :

346 3324 511 3379 Tunc
542 3340 647 3378 nec
677 3323 864 3378 Arabs
886 3321 1105 3392 jaculo,
1136 3338 1241 3376 nec
1272 3321 1400 3375 fidit
1429 3321 1655 3375 Turcus
1686 3319 1743 3373 in
1776 3336 1934 3387 arcu,

348 3412 460 3468 Sed
488 3428 595 3467 nec
641 3427 829 3484 equus
880 3409 1135 3476 frenum,
1170 3426 1273 3465 nec
1305 3425 1518 3482 equum
1552 3407 1667 3475 via,
1698 3424 1803 3463 nec
1858 3409 1999 3481 fuga

1698 3501 1923 3569 [gyrum

347 3589 691 3653 Senserunt,
716 3587 858 3643 adeo
890 3587 1090 3659 fugere
1122 3590 1211 3642 est
1242 3603 1477 3658 sperare
1510 3584 1780 3641 salutem.

344 3678 494 3751 Ergo
525 3676 683 3750 Cylix
712 3675 1028 3745 Tharsum,
1066 3692 1304 3730 nemora
1332 3673 1734 3745 i’EtheI-itanga
1755 3674 1992 3742 Coatrae,

344 3765 705 3822 Antiochena
733 3764 933 3837 Syrus,
960 3763 1200 3819 Sidonia
1230 3761 1444 3817 muenia
1472 3760 1728 3829 Phtenix,

342 3854 681 3911 Arthasium
712 3852 938 3920 Jacobi,
968 3856 1159 3907 turres
1190 3851 1438 3907 Elamita
1469 3849 1709 3922 Calepti.

345 3944 626 3999 Praeterea
651 3941 974 3998 innumeras
1007 3945 1174 3996 notas
1205 3940 1318 3996 sibi
1352 3938 1603 4013 quisque
1634 3938 1889 3994 latebras

343 4031 713 4104 Diﬂ‘ugiendo
737 4035 964 4103 petunt,
986 4030 1112 4086 sine
1154 4046 1334 4097 more,
1352 4028 1477 4084 sine
1502 4028 1703 4084 ordine
1736 4044 1996 4101 gressus.

342 4136 585 4194 XXXIII.
607 4168 677 4178 —
709 4141 902 4203 Duces,
948 4137 1096 4192 hoste
1125 4135 1385 4207 disperso,
1420 4151 1607 4207 versus
1656 4134 2002 4190 Antiochiam

723 4215 1032 4275 metantur;
1071 4206 1339 4263 Tancredi
1364 4206 1619 4261 audacia.

415 4296 822 4369 Triumphato,
869 4313 1043 4363 cozso,
1098 4295 1362 4367 disperso
1416 4294 1611 4362 hoste;
1661 4293 1877 4350 victore
1910 4312 2000 4349 re-

342 4402 532 4453 verso,
566 4384 769 4451 ditato,
795 4386 1153 4456 jucundato;
1183 4385 1274 4439 via
1300 4383 1536 4439 solitum
1571 4387 1799 4438 revocat
1827 4383 2002 4439 viato-

346 4491 622 4546 rem,quo
645 4476 773 4546 jam
806 4475 1003 4541 tutior,
1041 4490 1107 4528 eo
1149 4472 1531 4528 diti‘usiorem.
1562 4472 1748 4527 Duces
1788 4471 2000 4528 turmis
2033 4502 2076 4565 Ι)

347 4562 715 4636 pedestribus
745 4561 1117 4618 Antiochiam
1148 4578 1351 4617 versus
1382 4576 1522 4633 gyro
1553 4559 1869 4631 prolixiori,
1895 4559 1996 4615 sed

345 4651 501 4708 facili
527 4651 744 4707 cultam
772 4649 1077 4724 planitiem
1106 4650 1439 4705 metandam
1473 4647 1796 4719 provident,
1816 4646 2000 4719 provi-

347 4757 592 4813 samque
623 4744 941 4796 metantur.
981 4741 1053 4794 At
1091 4738 1429 4794 Tancredus
1473 4752 1779 4792 nemorum
1812 4736 1996 4803 devia,

347 4831 637 4887 montium
692 4830 898 4897 ardua,
928 4827 1188 4901 Cylicum
1244 4826 1489 4881 ﬂumina
1542 4824 2000 4898 praetervolanda

348 4918 527 4993 eligit,
557 4936 674 4992 qua
702 4919 772 4974 ad
807 4918 1143 4990 praedictam
1173 4915 1375 4970 urbem
1399 4914 1609 4969 semita
1638 4913 1998 4970 accelerabat

348 5006 708 5065 directior.0
756 5005 1100 5061 bellatorem
1146 5003 1527 5074 stupendum,
1575 5001 1666 5056 cui
1714 5002 1998 5075 voluptati

347 5096 533 5163 labor,
566 5095 658 5150 cui
693 5092 993 5150 securitati
1024 5089 1372 5156 bellum,cui
1407 5090 1591 5146 otium
1624 5090 1882 5159 difficile,
1905 5093 1998 5147 cui

349 5184 537 5242 facilis
569 5182 786 5255 quasvis
833 5179 1170 5247 difficultas,
1196 5178 1289 5234 cui
1320 5184 1615 5250 postremo
1645 5179 1791 5234 nihil
1832 5180 1999 5236 dulce

350 5273 464 5331 nisi
486 5272 661 5327 fuerit
681 5270 892 5326 sudore
914 5268 1243 5324 conditum!
1271 5268 1625 5341 Stupeamus
1647 5268 1881 5323 interim
1903 5269 2002 5326 ho-

349 5361 571 5419 minem
598 5359 699 5432 qui
720 5374 1024 5429 nunquam
1048 5358 1293 5430 stupuit,
1311 5357 1477 5430 eique
1499 5359 2002 5431 metuamus,quia

350 5448 433 5508 nil
464 5448 693 5505 metuit.
726 5445 922 5520 Papae!
958 5462 1229 5518 quaenam
1279 5444 1401 5501 haec
1448 5450 1538 5503 est
1584 5446 1847 5517 audacia,
1880 5448 1998 5505 imo

351 5537 628 5614 amantia,
674 5534 1015 5599 Tancrede?
1049 5534 1420 5600 Antiochiam
1461 5535 1829 5615 pradaturus
1859 5553 1999 5598 cen~

2120 571 2306 641 gnas?
2324 571 2543 627 Paucos
2565 572 2840 629 adhibes:
2862 572 3068 645 supple
3091 587 3427 639 numerum,
3439 570 3666 627 multus
3680 574 3773 626 est

2120 658 2305 715 hostis
2335 665 2493 728 tuus,
2528 660 2697 715 multi
2728 662 3038 717 adversum
3080 664 3135 716 te
3164 658 3363 734 gladii,
3396 658 3582 715 hostis
3629 663 3771 716 tuus

2120 746 2315 819 plures
2344 754 2534 804 armat
2564 749 2811 823 pepulos
2841 766 3015 823 quam
3049 754 3112 805 tu
3141 750 3316 805 viros.
3344 748 3419 804 Ut
3437 752 3495 805 te
3524 748 3774 820 patroci-

2118 837 2378 892 nandum
2397 844 2600 894 vocent
2622 856 2748 911 quae
2771 838 3167 895 adversarium
3194 841 3534 910 exspectant
3553 834 3771 909 oppida

2116 928 2174 981 et
2194 926 2368 981 urbes
2391 944 2607 999 paucos
2634 928 2800 984 ducis
2822 929 3113 985 custodes.
3134 929 3369 1002 Surgat,
3399 943 3615 1000 quaso,
3636 943 3768 981 sur-

2114 1017 2214 1084 gat
2243 1005 2301 1068 in
2333 1015 2712 1089 quintuplum
2750 1033 2987 1072 summa
3015 1016 3417 1089 municipum;
3449 1031 3522 1072 ne
3553 1014 3766 1070 saltem

2110 1092 2354 1158 'custode
2383 1109 2546 1159 vacet
2576 1105 2971 1161 numerositas
3001 1103 3480 1177 municipiorum,
3503 1102 3766 1175 alioquin

2111 1194 2349 1247 vocatus
2371 1196 2530 1248 tutor
2554 1211 2669 1250 non
2697 1193 2919 1250 sufﬁcis
2943 1194 3168 1263 tutela;
3198 1198 3263 1249 ut
3291 1190 3542 1265 singulis
3580 1188 3766 1264 plebi-

2113 1278 2223 1334 bus
2255 1280 2520 1352 singulos
2547 1282 2867 1339 distribuas
2897 1287 3236 1339 assertores.
3266 1280 3589 1337 Praesertim
3619 1278 3765 1335 urbs

2111 1368 2416 1424 Antiochia
2460 1371 2690 1425 munita
2737 1370 2937 1439 armis,
2967 1370 3181 1441 stipata
3228 1368 3493 1434 armatis,
3526 1371 3766 1423 assueta

2112 1456 2300 1525 bellis,
2322 1460 2576 1530 superba
2601 1458 2954 1532 triumphis:
2984 1460 3341 1515 dominando
3368 1457 3646 1525 insenuit,
3664 1457 3765 1513 do-

2113 1544 2321 1601 minari
2351 1564 2466 1601 non
2486 1547 2661 1604 novit.
2689 1549 2982 1605 Moderare
3017 1547 3326 1621 praecipitis
3356 1563 3593 1604 cursum
3627 1546 3763 1602 ani-

2112 1633 2212 1701 mi,
2242 1638 2297 1689 et
2328 1636 2609 1707 sapientis
2639 1638 2950 1708 cujusdam
2989 1637 3095 1691 viri
3139 1635 3429 1693 sententia
3459 1652 3562 1709 pro
3594 1635 3761 1691 freno

2112 1725 2290 1778 utere.
2317 1724 2443 1779 Dux
2476 1725 2571 1780 ille
2593 1730 2650 1781 et
2676 1724 2865 1790 miles,
2890 1725 3031 1798 quid
3064 1724 3251 1791 ducis,
3275 1723 3416 1797 quid
3441 1723 3646 1780 militis
3676 1740 3763 1779 re-

2106 1809 2218 1866 fert
2249 1820 2542 1884 expertus.
2559 1814 2654 1869 Sic
2676 1814 2775 1881 ait,
2799 1816 3191 1886 etpriusquam
3208 1815 3463 1886 incipias,
3484 1812 3754 1877 consulto,

2107 1909 2155 1955 ct
2186 1902 2282 1956 ubi
2307 1903 2664 1970 consulueris,
2690 1911 2903 1958 mature
2930 1918 3061 1974 opus
3091 1910 3169 1958 est
3192 1903 3336 1973 facta
3366 1920 3385 1957 :
3416 1901 3577 1969 Quod
3609 1917 3759 1957 con-

2108 1990 2317 2055 sulere,
2347 1992 2415 2046 ad
2453 1992 2690 2055 ducem;
2716 1992 2867 2063 quod
2912 1992 2982 2046 ad
3026 1990 3294 2056 militem,
3323 1989 3629 2064 agonizare
3659 2007 3757 2046 re-

2110 2079 2410 2134 ferendum
2446 2086 2554 2149 est,
2582 2080 2757 2137 etiam
2797 2079 3167 2152 simplicibus
3192 2078 3523 2152 quibusque
3560 2078 3757 2152 palam

2107 2172 2196 2222 est
2224 2184 2235 2223 :
2262 2174 2682 2235 verumtamen,
2702 2168 2789 2224 vel
2820 2167 2966 2224 alter
2996 2169 3110 2224 utri
3147 2174 3463 2240 utrumque
3490 2166 3577 2224 vel
3610 2165 3761 2223 utri-

2108 2272 2219 2328 que
2242 2255 2492 2312 alterum
2520 2274 2533 2310 :
2562 2256 2679 2312 imo
2710 2256 2945 2329 utrique
2967 2262 3025 2313 et
3046 2257 3153 2313 hoc
3177 2262 3235 2312 et
3257 2255 3404 2313 illud
3433 2255 3647 2329 saepius
3666 2256 3763 2311 in-

2108 2345 2333 2400 cumbit
2364 2363 2378 2400 :
2412 2349 2469 2401 et
2497 2350 2553 2402 te
2592 2346 2829 2418 quidem
2872 2344 3181 2420 utriusque
3210 2345 3466 2402 nominis
3494 2343 3766 2402 accendit

2107 2433 2308 2508 gloria,
2325 2436 2425 2490 sed
2445 2435 2516 2491 ab
2539 2435 2837 2491 humiliori
2858 2435 3194 2509 superbiam
3210 2439 3372 2492 tanto
3394 2433 3542 2509 petis
3563 2435 3765 2491 incau-

2106 2521 2244 2589 tius,
2275 2528 2503 2595 quantae
2544 2540 2579 2579 a
2621 2523 2951 2580 sublimiori
3004 2524 3301 2581 efﬁcacius
3353 2524 3760 2596 impetrasses.

2107 2611 2274 2667 Miles
2308 2612 2520 2683 ﬂagres
2552 2612 2879 2685 intrepidus
2924 2612 3203 2686 appellari
3234 2631 3246 2669 :
3282 2627 3465 2685 eoque
3497 2611 3760 2684 prudens

2106 2701 2309 2763 fueris.
2332 2706 2397 2756 ut
2415 2700 2759 2773 imprudens
2789 2703 2980 2758 furere
3006 2702 3250 2769 dicaris;
3283 2701 3542 2774 dumque
3568 2699 3757 2758 levem

2105 2788 2257 2844 hanc
2304 2789 2452 2845 emis
2484 2806 2718 2856 auram;
2753 2790 2993 2863 projicis
3021 2788 3441 2864 vitam,perdis
3489 2806 3753 2862 operam,

2104 2877 2351 2934 lucraris
2382 2878 2684 2945 invidiam,
2708 2878 2961 2935 incurris
2986 2879 3311 2936 infamiam.
3340 2879 3483 2936 Redi
3510 2894 3647 2953 ergo
3677 2878 3753 2935 ad

2102 2971 2177 3035 te,
2198 2968 2376 3023 reduc
2406 2972 2460 3022 te
2492 2967 2550 3023 in
2581 2969 2809 3033 ducem,
2849 2968 3010 3041 prius
3041 2967 3300 3037 consule,
3322 2972 3381 3025 et
3405 2967 3508 3025 ubi
3537 2985 3757 3026 consu-

2102 3056 2302 3121 lueris,
2335 3055 2558 3129 explica
2612 3056 2941 3125 cobortem;
2996 3056 3255 3130 alioquin
3306 3074 3583 3130 namque,
3614 3074 3755 3114 cum

2022 3133 2063 3198 C
2101 3149 2339 3201 ventum
2371 3145 2429 3199 in
2470 3145 2730 3217 pericula
2780 3145 2975 3213 fuerit,
3008 3163 3135 3202 sero
3184 3146 3476 3213 consules,
3517 3147 3630 3203 cito
3662 3148 3759 3203 fa-

2106 3234 2310 3301 tisces;
2341 3232 2497 3288 voles
2528 3232 2832 3289 consultus
2862 3233 3090 3291 venisse
3135 3233 3195 3288 in
3224 3233 3513 3306 praelium,
3544 3250 3660 3290 non
3693 3233 3759 3289 in

2105 3320 2416 3376 consilium
2457 3321 2773 3394 praeliatus.

2246 3409 2483 3465 XXXIV.
2507 3442 2576 3450 —
2606 3411 2869 3467 Tharsum
2898 3412 3144 3479 obsidet,-
3174 3411 3409 3468 insidias
3430 3419 3610 3485 parat.

2176 3499 2294 3555 Hac
2329 3499 2507 3555 simili
2540 3504 2597 3555 et
2628 3499 2871 3556 forsitan
2904 3500 3169 3557 dicatiori
3211 3501 3574 3558 revocatione
3601 3501 3759 3558 Tan-

2105 3588 2260 3643 credi
2285 3605 2454 3644 aures
2476 3588 2856 3657 obtundente,
2876 3588 3003 3663 ipse
3026 3589 3084 3645 in
3111 3590 3373 3662 aspidem
3395 3590 3637 3647 surdam
3659 3591 3763 3647 ob-

2106 3677 2374 3742 duratus,
2400 3675 2490 3732 vel
2538 3681 2605 3732 ut
2660 3676 3054 3734 incantatores
3089 3677 3346 3735 excludit
3374 3695 3523 3752 quos
3580 3678 3761 3736 habet

2106 3766 2424 3821 monitores
2449 3781 2462 3820 :
2493 3765 2635 3837 quin
2666 3770 2723 3821 et
2752 3764 2880 3821 caali
2908 3766 3183 3836 ﬂammis,
3212 3766 3424 3840 tigride
3453 3767 3569 3824 feta
3597 3766 3760 3825 ocior

2104 3853 2437 3928 Bythiniam
2454 3853 3022 3920 transvolat,Tauros
3039 3860 3285 3923 montes,
3306 3854 3532 3913 Buteoti
3548 3855 3752 3927 valles;

2104 3944 2212 4000 has
2245 3943 2475 4013 Baritis,
2499 3942 2630 4000 illos
2659 3941 2791 4016 polo
2825 3944 3151 4016 contiguos,
3204 3945 3510 4018 percurrit.
3552 3944 3758 4003 Cilicia

2106 4032 2664 4107 positus,Tharsum
2687 4032 2935 4089 obsidet.
2954 4031 3286 4106 Indignatio
3309 4032 3536 4098 Turcis.
3558 4033 3756 4091 exsul-

2105 4123 2248 4178 tatio
2284 4121 2859 4189 Graecis,exhortatio
2891 4121 3180 4194 Armenis,
3206 4126 3411 4195 stupor
3439 4122 3753 4179 universis.

2105 4211 2175 4266 Et
2197 4226 2451 4281 namque
2478 4212 2823 4281 tempestate
2852 4209 3059 4264 Turcis
3090 4208 3377 4271 dominari
3408 4208 3754 4284 contigerat,

2108 4297 2320 4355 Graecis
2350 4296 2642 4364 famulari,
2669 4296 2937 4352 Armenis
2970 4297 3260 4353 montium
3292 4297 3584 4356 arduitate
3600 4299 3757 4356 tueri

2106 4386 2456 4442 libertatem.
2489 4385 2597 4441 Sed
2629 4385 2861 4441 eminus
2891 4390 3086 4441 tamen
3120 4391 3430 4459 conspecta
3461 4387 3623 4451 urbe,
3649 4389 3759 4445 ad-

2108 4476 2358 4530 miratus
2371 4473 2602 4546 fastigia
2614 4473 2755 4528 turri
2767 4474 3085 4546 um,spatia
3100 4474 3758 4549 montium,superbiam

2107 4565 2437 4619 domorum.
2463 4567 2687 4618 tentare
2715 4562 2866 4618 vires
2896 4567 3168 4635 properat
3192 4563 3539 4621 incolarum.
3573 4565 3764 4639 Igitur

2109 4652 2408 4726 dispositis
2440 4651 2674 4708 insidiis
2704 4650 2923 4707 ubi.....
2951 4652 3187 4710 S.....tis
3228 4668 3357 4725 quae
3399 4653 3765 4727 providenda

2106 4747 2272 4798 erant
2302 4741 2532 4815 provisa
2561 4744 2701 4796 sunt
2719 4757 2731 4796 :
2752 4739 3190 4812 praemittuntur
3204 4741 3588 4800 arcitenentes
3609 4742 3761 4801 Mar-

2107 4849 2215 4905 nys
2245 4830 2575 4903 Turc0poli,
2595 4828 2818 4900 aliquot
2847 4834 3043 4885 tamen
3091 4829 3350 4888 loricatis
3401 4831 3626 4888 suffulti
3656 4849 3760 4890 no-

2107 4920 2407 4985 stratibus,
2428 4919 2487 4974 hi
2513 4922 2961 4991 praestruuntur,
2976 4918 3288 4975 abstractis
3309 4937 3412 4992 per
3425 4938 3643 4995 pascua
3668 4939 3763 4978 ar-

2106 5008 2340 5076 mentis,
2367 5024 2482 5080 quo
2513 5006 2736 5072 ordine,
2762 5022 2878 5078 quo
2920 5006 3155 5063 diffusio
3186 5007 3513 5078 diverterat,
3537 5026 3609 5067 ne
3640 5010 3763 5067 rui-

2112 5097 2223 5153 turi
2248 5114 2347 5170 per
2375 5096 2629 5169 praedam
2660 5094 2949 5162 hostes,et
2979 5100 3112 5152 ante
3142 5096 3579 5169 deprehendant
3606 5098 3759 5156 insi-

2108 5187 2257 5252 dias,
2279 5201 2456 5258 quam
2496 5181 2839 5254 deprehensi
2874 5182 2984 5254 ipsi
3017 5183 3157 5239 dent
3190 5201 3412 5256 poenas.
3438 5186 3671 5244 Dictum
3699 5193 3765 5246 et

2108 5275 2325 5330 factum
2350 5290 2363 5329 :
2390 5272 2691 5346 praedones
2716 5271 2939 5338 emissi,
2966 5271 3179 5341 volant,
3199 5274 3551 5331 suburbium
3576 5293 3766 5350 popu-

2106 5363 2610 5434 1antur,cooperto
2641 5359 2915 5417 simulato
2947 5366 3129 5429 metu,
3161 5379 3278 5435 qua
3311 5363 3490 5435 jussu
3519 5365 3765 5425 fuerunt

2108 5450 2587 5509 recursant.Urbs
2604 5450 2817 5521 excitat
2833 5449 3119 5523 quidquid
3137 5453 3763 5528 armorum,quidquid

2105 5541 2319 5601 virium
2371 5540 2568 5613 habet,
2608 5542 2742 5617 post
2787 5537 3030 5617 vestigia
3073 5538 3348 5621 immitit;
3379 5540 3616 5610 interim
3660 5544 3768 5612 vix
