4010 6078
166 281 304 345 ’525

588 416 776 473 XLVI.
810 448 879 457 —
908 417 1049 473 Mars
1075 419 1222 490 favet
1254 418 1437 473 Turre.

252 508 547 564 Caeterum
600 506 792 564 hostis
841 507 1132 579 sagittifer
1181 506 1438 580 plurimo
1470 508 1563 563 sui
1595 526 1839 564 numero

184 597 517 671 plurimum
567 597 867 665 immanis,
926 600 1126 652 nostro
1156 598 1280 652 viso
1309 596 1564 654 latebras
1592 598 1837 670 spernit,

152 681 158 687 ’
185 686 445 742 occurrit
474 684 691 759 palam,
725 685 907 757 pudet
935 683 1202 754 latuisse,
1238 686 1339 759 qui
1358 685 1560 742 hastas
1575 685 1843 760 singulas

186 775 358 832 denis
389 776 448 831 et
467 792 650 848 supra
669 774 925 830 arcubus
946 775 1344 848 oppugnabat.
1369 775 1844 847 Congrediuntur

182 863 388 937 itaque
416 863 593 919 Ταιιοί
628 864 875 933 Latinis,
899 863 1101 919 incolae
1128 864 1475 937 peregrinis,
1503 864 1669 937 gnari
1696 863 1845 919 loco-

186 969 343 1020 rum,
380 952 815 1025 hominumque
844 951 1224 1025 locorumque
1256 953 1501 1027 ignaris.
1534 953 1729 1008 Primo
1782 954 1843 1010 in

186 1058 513 1115 congressu
546 1041 750 1097 lancea
776 1041 952 1115 viget,
984 1040 1188 1097 lancea
1216 1042 1487 1115 perfodit,
1518 1040 1721 1097 lancea
1751 1043 1847 1098 de-

178 1131 315 1202 jicit
344 1147 359 1186 :
394 1146 526 1204 qua:
558 1147 693 1187 mox
719 1134 885 1186 tanto
913 1130 1026 1186 sub
1056 1147 1231 1187 onere
1264 1130 1562 1200 fatiscens,
1587 1134 1651 1186 ut
1677 1148 1848 1204 pene-

186 1224 344 1276 trare
358 1219 571 1293 peltas,
588 1223 842 1293 pectora,
858 1218 1167 1293 clavengos
1188 1220 1394 1293 nequit
1420 1220 1676 1294 integra:
1706 1236 1847 1293 quo-

186 1309 348 1364 niam
364 1307 518 1365 hanc
530 1307 1132 1365 clitellaedissilientes
1153 1312 1498 1377 extenuant;
1526 1306 1688 1364 illam
1711 1324 1846 1363 cus-

182 1396 278 1470 pis
307 1401 588 1453 truncata
616 1398 901 1466 decurtat,
921 1396 1099 1453 aliam
1117 1398 1344 1453 Turcus
1360 1398 1519 1453 ensis
1549 1398 1843 1467 dimidiat,

188 1488 253 1540 ut
284 1485 660 1543 bastitenens
688 1490 930 1560 putetur
959 1487 1158 1559 potius
1172 1487 1404 1543 venisse
1421 1491 1685 1543 armatus
1702 1487 1847 1543 sude

185 1575 391 1649 pedes,
426 1592 605 1649 quam
641 1575 841 1631 lancea
869 1575 1041 1632 miles
1069 1592 1082 1630 :
1114 1579 1174 1631 at
1190 1575 1475 1649 frugalior
1489 1575 1659 1649 longe
1676 1593 1848 1632 arcus

185 1662 625 1737 mlnerumque
673 1663 873 1732 ditior,
924 1680 1157 1737 semper
1199 1664 1401 1734 mittit,
1435 1665 1636 1720 crebro
1666 1663 1846 1733 laadit,

186 1769 526 1826 numquam
545 1752 822 1821 mittitur,
842 1770 973 1810 sero
991 1752 1223 1809 laeditur
1244 1770 1257 1808 :
1277 1753 1568 1822 cominus,
1588 1753 1843 1821 eminus,

186 1846 346 1911 ante,
382 1846 541 1897 retro
570 1842 861 1911 fervidus;
894 1842 1070 1898 etiam
1104 1858 1241 1897 cum
1272 1842 1345 1898 ab
1377 1842 1701 1898 intentione
1719 1858 1847 1914 pro-

188 1931 321 2004 pria
355 1930 604 1999 fallitur,
635 1946 775 1987 casu
809 1947 960 2004 siepe
992 1930 1287 1999 ministro,
1320 1948 1435 1986 non
1484 1931 1848 2004 permittitur

192 2018 341 2074 falli.
374 2017 499 2074 Hac
528 2016 757 2075 solante
786 2016 954 2087 alios,
987 2016 1137 2076 alios
1169 2017 1470 2075 desolante
1501 2019 1737 2076 fortuna
1765 2018 1847 2075 si-

190 2106 315 2163 mul
348 2105 626 2163 Balduini
658 2106 1061 2179 Tancredique
1092 2107 1307 2163 ducum
1340 2106 1522 2163 altero
1552 2105 1720 2163 alteri
1752 2125 1849 2181 pa-

187 2211 327 2251 rum
357 2193 761 2264 auscultante;
787 2195 847 2251 in
869 2196 1098 2269 seipsos
1118 2196 1316 2264 divisi,
1338 2195 1585 2253 desolati
1609 2200 1767 2266 sunt,
1791 2200 1850 2253 et

188 2299 386 2357 usque
435 2283 548 2340 sub
601 2284 819 2339 mmnia
870 2283 1115 2357 repulsi.
1168 2286 1243 2340 At
1271 2284 1443 2340 Turci
1478 2288 1612 2341 ante
1639 2285 1845 2340 urbem

189 2378 389 2429 castra
420 2376 739 2443 metantur,
775 2377 1006 2429 noctem
1037 2374 1153 2429 diei
1185 2374 1603 2431 continuantes
1656 2375 1845 2447 pervi-

190 2460 396 2535 gilem.

347 2550 572 2608 XLVII.
602 2582 673 2592 —
704 2552 976 2609 Batduino
1006 2554 1285 2609 Artaxiam
1311 2554 1689 2609 committitur.

261 2640 404 2697 Dies
433 2641 730 2697 crastinus
751 2639 1032 2714 fulgebat,
1051 2658 1208 2711 cum,
1230 2659 1461 2698 reverso
1478 2642 1847 2697 Antiochiam

195 2729 389 2798 hoste,
424 2734 660 2786 amotus
690 2734 781 2786 est
808 2734 1023 2787 metus.
1055 2731 1218 2787 Tunc
1266 2731 1653 2788 Marchisides
1694 2732 1850 2787 exire

180 2820 429 2891 jussus,
462 2823 529 2873 ut
557 2835 791 2891 semper
818 2818 984 2875 nulla
1012 2819 1160 2876 ﬁdes
1190 2820 1354 2893 regni
1387 2820 1585 2889 sociis,
1619 2820 1692 2875 ab
1722 2820 1852 2892 ipso
1872 2842 1887 2854 ·

188 2908 479 2965 exteriori
510 2924 685 2963 muro.
711 2926 839 2981 quae
871 2908 1193 2965 Barbicana
1222 2908 1568 2982 appellatur,
1615 2908 1853 2981 expelli-

194 3001 318 3053 tur.
354 2996 762 3065 Eustachides,
797 2996 1105 3067 Balduino,
1138 2999 1310 3069 cujus
1339 2996 1649 3053 consulatu
1682 2997 1855 3071 longo

192 3089 337 3160 post
364 3089 635 3158 tempore
664 3086 862 3142 ﬂoruit
892 3086 1128 3155 Edessa,
1161 3086 1378 3142 Artasii
1423 3086 1685 3160 regimen
1736 3089 1855 3142 tra-

1526 234 1789 350 ces'rA
1833 285 2253 367 TANCBEDI.

1873 420 1923 488 Α
1955 436 2087 475 mox
2118 421 2397 477 caedendi.
2430 421 2538 477 Vix
2569 421 2727 477 enim
2758 426 2937 495 portae
2967 422 3074 479 hos
3100 422 3443 490 effuderant,
3464 441 3597 480 cum

3456 286 3596 354 ’526

1950 513 2184 581 repente
2220 510 2644 565 insidiatricem
2679 512 2913 566 turbam
2947 512 3269 585 irrumpere
3289 530 3604 587 properan-

1949 602 2066 652 tem
2097 614 2243 670 pene
2276 615 2405 654 sero
2432 598 2742 672 repellunt.

1949 702 2188 759 XLVIII.
2224 736 2289 747 —-
2324 705 2611 762 Obsidetur
2638 707 2947 773 Antiochia,
2979 709 3137 781 cujus
3165 711 3304 765 situs
3343 710 3604 767 describi-

2713 786 2822 834 tur.

2023 864 2243 936 Itaque,
2277 865 2520 923 obsessa
2550 867 2714 937 urbe,
2749 869 3022 924 obstruso
3053 869 3279 938 reditu;
3309 869 3600 944 quidquid

1954 952 2144 1008 Latini
2165 956 2476 1028 sanguinis
2494 972 2796 1029 egressum
2816 958 3005 1013 fuerat
3021 959 3317 1014 subsecuti
3339 963 3439 1014 aut
3454 975 3602 1014 nexu

1953 1045 2054 1096 aut
2097 1041 2293 1115 gladio
2343 1044 2662 1101 conﬁciunt
2707 1046 2901 1101 Turci.
2953 1046 3257 1103 Misertum
3291 1050 3378 1103 est
3406 1051 3603 1102 tamen

1955 1129 2182 1187 cmlitus
2212 1133 2550 1190 afﬁictionis
2582 1136 2855 1201 obsessae,
2889 1139 2954 1190 ut
2976 1135 3394 1191 festinantibus
3416 1137 3484 1192 ad
3511 1136 3608 1192 ob-

1954 1218 2264 1276 sidendam
2294 1223 2663 1279 Antiochiam
2687 1223 2945 1293 Francis,
2966 1224 3311 1280 Antiocheni
3330 1224 3605 1280 cederent

1955 1307 2312 1365 obsessores.
2346 1311 2750 1367 Pertransiens
2769 1311 2950 1384 igitur
2968 1313 3163 1380 urbes,
3182 1312 3493 1384 vicinaque
3510 1330 3607 1386 op—

1955 1396 2113 1468 pida,
2143 1396 2360 1454 flumen
2399 1416 2632 1473 quoque
2666 1403 2865 1472 Farfar
2893 1401 3237 1457 interfluens
3252 1402 3605 1458 venerabilis

1957 1484 2053 1540 ille
2085 1502 2289 1559 regum
2322 1489 2609 1544 exercitus
2640 1506 2652 1543 :
2689 1489 2972 1544 anhelatm
3004 1490 3242 1545 tandem
3282 1490 3605 1545 Antiochia:

1957 1573 2310 1630 suburbium
2340 1580 2655 1633 metantur.
2690 1577 2959 1633 Planitiei
2978 1579 3184 1634 media:
3204 1577 3406 1645 latera,
3427 1577 3607 1651 gemi-

1957 1660 2018 1715 ni
2052 1661 2199 1716 alter
2228 1663 2300 1717 ab
2318 1666 2553 1731 Austro,
2573 1665 2720 1721 alter
2736 1683 2769 1721 a
2788 1665 2990 1734 Borea,
3010 1670 3327 1740 angustant
3345 1670 3601 1722 montes:

1958 1749 2209 1805 frontem
2240 1752 2312 1806 ab
2344 1768 2551 1808 occasu
2584 1758 2799 1825 pontus
2829 1755 3129 1809 verberat:
3163 1755 3266 1811 sed
3320 1754 3439 1811 haec
3489 1770 3606 1827 quo

1954 1838 2145 1911 magis
2175 1840 2459 1896 orientem
2489 1858 2723 1898 versum
2758 1841 3004 1898 alittore
3021 1843 3421 1912 submovetur,
3442 1846 3607 1899 tanto

1950 1927 2077 1999 jam
2110 1926 2303 1994 latior,
2339 1927 2627 2002 latiorque
2658 1948 2833 2002 rupes
2859 1931 3183 1987 submovet.
3218 1932 3375 1987 Hanc
3406 1950 3440 1987 a
3483 1947 3606 1987 me-

1955 2014 2105 2072 ridie
2137 2015 2502 2075 descendens
2529 2017 2928 2076 Damascenus
2956 2022 3157 2093 Farfar
3186 2020 3470 2089 interluit,
3527 2018 3608 2076 si-

1956 2121 2142 2160 nuoso
2174 2108 2364 2161 tractu
2396 2107 2467 2162 ad
2502 2123 2662 2163 mare
2691 2125 2794 2180 per
2823 2107 2999 2181 plana
3016 2107 3291 2165 illabens:
3314 2107 3606 2164 montium

1957 2193 2194 2250 medius
2224 2194 2336 2250 sub
2366 2195 2624 2251 Australi
2654 2196 2944 2252 vicinior:
2979 2197 3124 2253 adeo
3155 2201 3354 2253 autem
3386 2196 3446 2251 in
3477 2197 3608 2269 ejus

1956 2282 2231 2338 umbram
2269 2282 2568 2340 interdum
2598 2302 2884 2359 vergens;
2918 2290 2985 2341 ut
3013 2285 3098 2342 nil
3129 2272 3245 2343 nisi
3277 2285 3489 2343 semita
3518 2285 3610 2340 in-

1958 2370 2128 2428 tersit
2161 2372 2455 2428 medium:
2489 2374 2589 2429 sed
2624 2390 2741 2445 qua
2760 2375 2887 2447 jam
2919 2375 2979 2430 in
3009 2376 3316 2449 angustias
3348 2373 3480 2432 illas
3512 2375 3608 2430 de-

1956 2460 2231 2516 scendere
2253 2460 2439 2517 clivus
2462 2461 2688 2535 incipit,
2709 2463 2822 2518 sita
2839 2467 2926 2519 est
2943 2464 3170 2531 civitas,
3189 2463 3327 2519 hinc
3347 2462 3602 2529 ﬂumini,

1958 2542 2096 2604 inde
2130 2549 2314 2604 monti
2350 2548 2411 2604 in
2431 2548 2669 2623 longum
2691 2550 3059 2607 collaterans.
3079 2553 3229 2618 Quin
3248 2552 3425 2607 etiam
3445 2568 3608 2606 mon-

1957 2637 2036 2693 tis
2061 2637 2213 2694 lctus
2237 2637 2372 2693 licet
2402 2639 2463 2694 in
2494 2639 2782 2712 hospitale
2815 2641 2931 2696 sibi
2966 2641 3287 2708 continuat,
3316 2640 3609 2695 moenibus

1960 2725 2019 2780 in
2048 2742 2350 2781 summum
2383 2727 2630 2797 eductis,
2661 2729 2999 2801 ibidemque
3032 2730 3300 2802 munipio
3341 2732 3609 2784 constru-

1961 2818 2051 2870 cto
2085 2831 2098 2869 :
2133 2818 2191 2869 at
2221 2815 2424 2871 eadem
2461 2817 2545 2871 sic
2578 2816 2715 2872 item
2750 2818 2809 2872 in
2843 2818 3087 2873 fluvium
3118 2817 3445 2887 descendit,
3480 2821 3546 2872 ut
3574 2834 3609 2872 a

1963 2904 2054 2959 sui
2090 2903 2283 2959 medio
2313 2920 2445 2959 cum
2466 2904 2709 2960 flumine
2729 2905 2786 2960 in
2806 2922 3077 2961 occasum
3095 2907 3362 2976 tendens,
3384 2922 3519 2960 mox
3534 2905 3607 2959 ab

1965 3009 2031 3048 eo
2064 2993 2123 3047 in
2156 3009 2337 3047 cornu
2368 2992 2610 3048 occiduo
2635 2992 2945 3065 paululum
2978 2995 3229 3060 recedat,
3264 2994 3323 3049 in
3354 2996 3483 3049 ortu
3516 3009 3611 3048 us-

1967 3098 2078 3153 que
2110 3081 2182 3136 ad
2214 3080 2476 3136 medium
2503 3080 2673 3155 longe
2700 3083 2982 3153 seposita:
3009 3083 3069 3137 in
3092 3099 3209 3154 qua
3228 3086 3425 3137 tamen
3450 3084 3610 3154 parte

194 3158 329 3231 dit:
366 3174 499 3246 ipse
515 3191 650 3230 cum
666 3173 914 3247 reliquis
929 3174 1274 3232 consulibus
1291 3158 1536 3236 Airardo
1554 3179 1609 3231 et
1624 3175 1857 3231 Conone
1887 3158 1931 3226 C
1971 3187 2172 3225 muros
2202 3168 2465 3241 duplices
2495 3170 2713 3225 certius
2743 3171 2935 3226 munit
2964 3175 3137 3243 patus
3163 3170 3347 3226 reﬂua
3372 3171 3501 3243 ipsa
3516 3169 3610 3224 sui

198 3262 610 3336 proﬁciscitur
638 3263 939 3320 Edessam.
970 3263 1309 3320 Tancredus
1338 3264 1531 3320 sciens
1549 3264 1690 3336 quia
1706 3263 1858 3320 mili-

194 3354 289 3408 tia
316 3351 447 3407 vita
476 3355 568 3407 est
590 3351 847 3421 homins,
866 3351 1047 3410 simul
1063 3351 1216 3408 bello
1234 3352 1382 3409 nihil
1398 3353 1587 3408 tutius
1604 3352 1856 3419 habens;

196 3444 447 3498 montes
474 3440 775 3513 proximos
805 3444 1068 3513 occupat,
1102 3457 1282 3497 manu
1314 3458 1491 3515 parva
1507 3458 1751 3515 magnas
1768 3457 1863 3513 ag-

195 3529 491 3604 grediens
521 3528 809 3599 cohortes,
841 3534 1006 3586 tanto
1037 3530 1276 3586 nomine
1308 3529 1478 3586 exciti
1510 3528 1688 3586 colles
1730 3528 1861 3584 bar-

197 3619 369 3688 bari;
400 3634 544 3692 pars
563 3617 877 3691 ditl'ugium
901 3622 1221 3686 maturant,
1246 3617 1345 3673 alii
1368 3635 1699 3686 occursum,
1724 3634 1866 3673 non-

200 3705 361 3764 nulli
420 3706 701 3779 intrepidi
750 3711 990 3763 manent
1018 3724 1032 3763 :
1067 3711 1134 3762 ut
1163 3707 1451 3779 quosdam
1485 3706 1630 3763 ﬁdes
1660 3705 1865 3762 eadem

200 3796 460 3853 Francis
490 3795 870 3851 consecrabat
896 3813 911 3863 ;
943 3795 1206 3869 reliquos
1229 3795 1585 3870 abjungebat
1604 3812 1766 3851 error
1791 3794 1870 3849 fa-

202 3886 473 3942 naticus.
506 3883 695 3958 Igitur
722 3884 824 3957 qui
850 3884 1153 3942 Christum
1198 3889 1436 3949 norunt,
1491 3883 1870 3940 Christicolas

204 3974 526 4046 excipiunt
573 3973 914 4029 venientes:
972 3974 1192 4046 quibus
1218 3990 1355 4030 vero
1389 3972 1497 4030 hoc
1526 3990 1740 4029 nomen
1770 3975 1872 4028 aut

207 4064 487 4120 nescitur
514 4063 784 4131 tacitum,
817 4066 921 4118 aut
951 4063 1252 4135 spernitur
1281 4063 1553 4118 auditum
1578 4080 1591 4132 ;
1636 4064 1875 4119 Barisan

206 4157 271 4208 et
318 4153 536 4209 Hersen
580 4151 800 4224 oppida
848 4150 1183 4224 relinquere
1233 4152 1412 4207 timor
1458 4152 1687 4221 suadet,
1736 4152 1877 4226 fuga

208 4239 499 4313 complet.
534 4238 668 4305 Quae
699 4237 923 4308 relicta,
953 4244 1164 4296 vocant
1191 4239 1629 4307 Marchisidem,
1657 4241 1879 4313 ingres-

211 4345 480 4403 sumque
534 4326 723 4384 multa
770 4328 1119 4385 victualium
1153 4325 1322 4402 copia
1350 4328 1714 4403 opulentant.
1745 4329 1877 4385 Jam

211 4436 357 4493 ergo
381 4419 619 4473 mutata
637 4417 795 4486 sede,
820 4417 987 4475 exsul
1008 4417 1233 4474 felicior
1256 4418 1422 4475 urbis
1444 4417 1693 4490 hospite,
1720 4417 1881 4473 dam-
1912 4439 1923 4451 -

214 4526 315 4578 na,
345 4506 599 4575 caedem,
626 4505 865 4563 vincula
895 4523 1011 4562 non
1045 4507 1223 4563 sentit
1250 4525 1264 4564 :
1298 4525 1433 4564 nam
1466 4507 1670 4564 solitos
1726 4507 1881 4563 redi-

216 4600 351 4653 tum
385 4600 445 4652 et
474 4595 732 4652 insidias
748 4594 939 4653 hostis
955 4612 1249 4665 exercens,
1270 4595 1479 4669 sepelit
1495 4596 1555 4652 in
1574 4596 1883 4653 frondibus

216 4684 491 4751 bellum;
528 4683 787 4756 prmdam
818 4686 1016 4740 autem
1048 4683 1264 4754 mulos,
1300 4684 1613 4753 muliones,
1648 4684 1880 4753 rhedas,

218 4771 541 4830 rhedarios
571 4770 798 4827 urbano
829 4771 1163 4844 spectaculo
1192 4772 1429 4845 exponit
1452 4787 1465 4828 :
1482 4773 1755 4844 jumenta
1775 4771 1885 4827 sub

224 4860 419 4935 paleis
448 4859 627 4933 quasi
659 4858 860 4933 palliis
881 4864 1121 4917 onerata
1140 4864 1406 4934 gemunt,
1429 4865 1572 4917 eunt
1591 4876 1774 4935 gnara
1794 4877 1888 4933 pe-

224 4948 405 5008 riculi
456 4949 633 5022 quasi
682 4947 931 5022 periculi
980 4949 1204 5023 ignara.
1235 4949 1368 5006 Jam
1392 4950 1659 5023 proxima
1687 4950 1884 5019 fluvio,

220 5039 333 5111 qui
367 5037 599 5094 Balenze
632 5037 835 5111 oppidi
858 5039 1074 5112 jugera
1104 5038 1332 5112 irrigat,
1366 5054 1514 5111 pene
1545 5039 1723 5095 simul
1756 5039 1886 5095 urbi

226 5127 379 5197 visa,
414 5129 668 5200 captata,
702 5129 991 5200 captaque
1021 5130 1162 5183 sunt
1192 5127 1338 5182 adeo
1365 5128 1562 5200 przeda
1589 5128 1733 5184 socii
1787 5127 1888 5183 alii

226 5216 385 5273 alios
416 5215 737 5289 praevenire
767 5216 1129 5289 satagebant.
1161 5215 1285 5272 Heu
1320 5216 1519 5273 miseri
1547 5216 1560 5271 l
1589 5217 1732 5290 quid
1754 5234 1893 5290 prae-

226 5305 373 5362 dam
404 5303 740 5361 distrahitis
770 5320 909 5360 mox
926 5302 1293 5361 distrahendi
1310 5306 1507 5377 praeda
1521 5305 1550 5360 ?
1565 5306 1708 5378 quid
1727 5306 1893 5361 caedi-

226 5394 335 5465 tis,
368 5392 632 5463 nectitis,
666 5392 888 5468 angitis
914 5410 929 5450 :
961 5410 1097 5449 mox
1125 5394 1399 5467 augendi,
1433 5410 1570 5451 mox
1598 5396 1891 5467 nectendi,

1966 3258 2243 3315 taemoris
2273 3256 2539 3326 mollitie,
2574 3276 2750 3332 super
2775 3276 3008 3315 omnem
3036 3260 3159 3316 saxi
3183 3259 3462 3315 duritiam
3486 3275 3614 3313 mu-

1969 3348 2190 3403 nimem
2232 3347 2483 3403 ﬁrmius.
2514 3347 2651 3403 Sola
2679 3349 2876 3421 itaque
2907 3349 3070 3405 frons
3092 3349 3257 3405 urbis
3278 3347 3491 3403 Phoebo
3515 3364 3613 3403 na-

1938 3469 1942 3473 ρ
1970 3436 2155 3493 scenti
2188 3436 2436 3491 obnoxia
2464 3454 2478 3505 ;
2507 3437 2579 3492 ad
2613 3437 2875 3493 medium
2907 3438 3022 3507 sui,
3053 3437 3110 3493 id
3141 3442 3229 3513 est
3259 3454 3293 3493 a
3320 3441 3488 3510 porta
3540 3436 3611 3509 (2)

1969 3526 2183 3583 Jusum
2210 3541 2510 3581 accessum
2542 3526 2800 3598 patitur:
2838 3544 2974 3582 nam
3002 3544 3037 3582 a
3065 3530 3234 3600 porta
3263 3526 3480 3582 Susum
3514 3543 3612 3580 ru-

1972 3615 2066 3689 pis
2095 3615 2354 3687 abruptae
2387 3614 2752 3687 praecipitum
2771 3615 3051 3671 humanis
3067 3620 3296 3671 tantum
3314 3618 3471 3688 patet
3487 3631 3616 3670 sus—
3668 3670 3675 3675 .

1975 3703 2315 3777 piciendum
2346 3703 2554 3772 oculis,
2590 3721 2704 3759 non
2731 3705 3034 3778 gressibus
3064 3704 3443 3761 adeundum.

2365 3791 2550 3847 XLIX.
2580 3824 2649 3832 —
2679 3794 2818 3850 Ordo
2846 3794 3224 3850 obsidentium.

2049 3883 2121 3937 At
2149 3881 2342 3937 vicina
2366 3881 2503 3937 huic
2533 3897 2601 3937 ex
2631 3882 2872 3938 adverso
2904 3900 3078 3956 rupes
3104 3883 3274 3958 signa
3289 3883 3617 3939 Boamundi

1978 3975 2138 4028 tenet
2168 3970 2227 4025 in
2258 3987 2388 4027 eam
2420 3987 2607 4043 usque
2639 3988 2766 4043 quae
2798 3989 2833 4026 a
2862 3976 3030 4044 porta
3058 3973 3174 4028 exit
3211 3972 3625 4029 descendentia

1979 4061 2173 4116 viam:
2210 4059 2331 4114 haec
2363 4060 2695 4132 proximum
2728 4065 2905 4134 porta;
2937 4060 3244 4117 cumulum
3297 4062 3471 4135 erigit
3499 4079 3511 4116 :
3564 4060 3624 4116 in

1983 4165 2099 4222 quo
2129 4149 2466 4205 Tancredus
2496 4153 2688 4206 castra
2708 4148 2877 4219 locat,
2898 4150 3122 4206 caeteris
3139 4155 3427 4223 quantum
3448 4150 3629 4205 funda

1976 4238 2143 4311 jacit,
2177 4238 2307 4293 urbi
2341 4239 2598 4311 propior.
2627 4239 2761 4294 Post
2779 4256 2913 4294 eum
2932 4239 3175 4295 comites
3189 4239 3629 4294 Northmannus

1987 4331 2044 4384 et
2072 4326 2173 4399 qui
2204 4326 2257 4383 ei
2280 4327 2673 4396 adhaerebant,
2695 4327 2887 4400 ipsius
2901 4328 3302 4399 Tancredique
3318 4327 3630 4383 Flandrcn-

1988 4417 2072 4473 sis
2103 4416 2355 4472 medius.
2394 4417 2481 4471 Ab
2512 4415 2693 4472 altero
2724 4421 2919 4472 autem
2940 4416 3118 4472 latere
3136 4414 3448 4484 Blesensis,
3468 4415 3632 4470 Bolo-

1912 4529 1958 4594 Β
1990 4505 2235 4573 niensis,
2268 4503 2726 4574 Albamarensis,
2746 4505 3087 4574 Montensis,
3107 4504 3630 4577 Sanctipaulensis,

1991 4599 2048 4650 et
2077 4594 2243 4667 Hugo
2275 4610 2526 4667 magnus
2550 4611 2563 4649 :
2586 4611 2718 4650 nam
2740 4611 2943 4649 omnes
2959 4594 3020 4649 hi
3040 4593 3635 4650 comitisNorthman-

1992 4684 2051 4739 ni
2068 4682 2436 4752 muneribus,
2453 4681 2634 4755 aliqui
2654 4683 2830 4740 etiam
2847 4683 3184 4757 hommagio
3202 4681 3633 4756 obligabantur.

1992 4773 2079 4829 Ab
2109 4771 2203 4828 his
2226 4788 2413 4844 usque
2437 4771 2655 4827 ﬂumen
2677 4789 2744 4829 eo
2766 4776 2965 4827 tenent
2985 4772 3188 4849 ordine
3211 4771 3513 4844 planitiem
3541 4771 3640 4828 he-

1993 4877 2162 4918 roum
2190 4864 2399 4928 castra,
2433 4877 2549 4932 quo
2583 4861 2859 4934 paginam
2892 4861 3151 4917 nomina.
3203 4860 3329 4916 Dux
3380 4860 3641 4917 Godel‘ri-

1996 4951 2128 5017 dus,
2162 4949 2468 5005 Podiensis
2498 4949 2829 5023 episcopus,
2862 4966 3057 5006 comes
3088 4950 3477 5007 Raimundus.
3510 4949 3642 5007 Haec

1997 5038 2178 5112 igitur
2190 5038 2381 5111 prima
2392 5041 2715 5094 castrorum
2730 5039 2943 5111 positio
2960 5043 3238 5111 quartum
3256 5040 3420 5096 urbis
3437 5057 3639 5111 cornu,

1999 5128 2222 5184 caeteris
2247 5128 2616 5199 vacantibus,
2649 5128 2912 5185 obsidet:
2947 5130 3165 5203 quippe
3181 5129 3291 5188 hoc
3307 5129 3548 5203 planitie
3562 5130 3647 5186 vi-

2000 5217 2134 5273 cina
2162 5217 2630 5287 accommodum,
2650 5217 2896 5291 reliquis
2914 5223 3016 5273 aut
3033 5219 3317 5289 fluminis,
3336 5224 3437 5275 aut
3454 5218 3645 5290 fossae,

2001 5309 2104 5362 aut
2134 5305 2355 5363 montis
2387 5307 2553 5363 obice
2584 5308 3151 5365 inaccessis.Postca
3164 5325 3299 5365 vero
3316 5306 3651 5364 succedenti

2003 5396 2120 5453 diei
2146 5397 2242 5454 die
2267 5413 2280 5452 :
2314 5394 2474 5454 hunc
2504 5397 2824 5457 immutare
2856 5397 3121 5456 ordinem
3150 5395 3468 5475 aliquando
3497 5395 3658 5455 inva-

308 5557 383 5645 (2)
416 5556 597 5623 Porta
622 5553 835 5620 Jusum
865 5560 958 5623 est
983 5558 1161 5638 porta
1185 5553 1449 5631 inferior,
1479 5559 1653 5635 porta
1679 5554 1899 5631 Susum
1936 5562 2027 5623 est
2054 5563 2226 5637 porta
2254 5560 2545 5638 superior.
