3984 6078
395 308 513 380 527

918 306 1023 369 AD
1068 304 1583 369 GODEFRIDUM
1628 304 1965 373 APPEND.
2011 305 2043 371 ΙῙ

2155 305 2534 375 «NONUM.
2568 262 2670 367 iis
2712 304 2961 369 BELLO
3004 304 3273 367 saeuo.

3676 306 3799 376 ΒΞ

399 439 591 501 dentis
610 439 801 503 hostis
814 436 2040 509 necessitas,interduminvadendibostem
2068 443 2126 510 Α
2156 439 2469 496 maceriam
2500 444 2772 512 paratum
2802 439 2916 497 sibi
2944 438 3226 513 oppidum
3257 438 3462 499 adesse
3491 438 3654 507 dicit,
3701 440 3798 496 vix

398 529 668 586 voluntas
698 527 1129 602 compulerunt.
1159 529 1462 584 Enimvero
1496 546 1671 601 rupes
1717 545 1842 600 qua:
1891 527 2037 582 Boa-

402 619 610 675 mundi
643 618 987 674 imminebat
1017 617 1244 686 castris,
1282 617 1416 672 licet
1432 617 1591 671 aditu
1607 615 2041 671 difficillimavi-

401 724 489 774 sa,
539 711 735 763 tamen
785 712 876 763 est
914 706 1140 775 Turcis,
1173 705 1233 761 in
1266 722 1443 779 quam
1475 724 1510 762 ιι
1540 708 1736 761 monte
1765 705 1836 761 ad
1871 704 2043 778 sagit-

400 795 647 852 tandum
678 796 1118 866 descenderent,
1151 798 1514 869 opportuna;
1564 794 1766 865 sicque
1814 796 2045 866 peracta

402 884 577 954 caede,
609 884 837 945 levibus
864 884 1045 940 armis
1075 884 1147 941 ad
1181 900 1381 940 muros
1398 887 1593 956 patere
1608 882 1922 956 refugium,
1942 881 2041 937 ubi

403 973 775 1048 sequentium
802 971 1000 1047 gravia
1015 972 1246 1037 nullum
1262 971 1588 1029 invenirent
1604 988 1936 1029 ascensum.
1956 971 2043 1033 Ad

402 1061 498 1118 his
526 1079 663 1138 ergo
692 1061 1093 1121 resistendum
1137 1060 1497 1128 incursibus,
1547 1060 1817 1125 tumulus
1865 1077 2046 1132 supra

404 1150 732 1211 Boamundi
764 1166 974 1225 rupem.
996 1166 1166 1206 muro
1210 1150 1482 1225 cingitur,
1534 1149 1797 1223 Hugonis
1844 1149 2043 1224 magni

401 1238 625 1299 viribus
654 1239 893 1301 tuendo.
924 1239 1101 1303 Porro
1128 1238 1395 1295 Boreales
1425 1238 1554 1295 duae
1586 1239 1880 1295 effundere
1901 1238 2046 1299 Tur-

404 1344 504 1385 cos
533 1331 955 1387 consueverant
981 1331 1179 1405 porta},
1212 1327 1583 1409 cistransque
1613 1327 1855 1385 fluvium
1880 1344 2044 1385 exer-

402 1416 758 1479 citus-nostri
780 1417 996 1479 damno
1020 1414 1261 1489 patulazz
1299 1432 1545 1489 quarum
1579 1416 1907 1481 citeriorem
1928 1416 2047 1477 dux

403 1504 753 1569 Godefridus
783 1505 1151 1583 aggrediens,
1174 1522 1476 1579 egressum
1494 1505 1729 1562 tandem
1749 1504 2041 1563 cohibuit:

404 1594 597 1673 primo
626 1598 822 1655 tamen
855 1582 1172 1671 cengressu
1204 1594 1513 1659 Guarnerii
1534 1593 1891 1655 marchionis
1910 1610 2048 1651 nece

406 1683 725 1747 desolatus.
753 1686 826 1743 At
842 1682 1118 1740 remotior
1133 1701 1235 1756 per
1251 1687 1486 1758 pontem
1506 1684 1846 1758 contiguum
1863 1687 2050 1740 trans-

405 1774 653 1835 fundere
680 1771 881 1833 hostes
912 1771 1102 1839 solita,
1134 1772 1468 1839 Raimundo
1499 1771 1695 1833 comiti
1729 1771 1917 1845 placet
1945 1772 2049 1831 ob-

406 1863 688 1929 sta-nenda
714 1878 727 1919 :
780 1878 915 1921 nam
947 1860 1161 1919 castris
1184 1879 1367 1917 vacua
1407 1861 1721 1934 spatiosior
1752 1865 1915 1917 trans
1943 1861 2053 1917 flu-

407 1969 541 2008 men
572 1950 866 2024 planities,
895 1950 1144 2006 laxiores
1161 1949 1393 2023 vaganti
1409 1949 1596 2006 Turco
1614 1948 1938 2009 indulserat
1955 1949 2054 2007 ha-

406 2040 607 2109 benas.
628 2039 762 2103 Ideo
780 2039 1216 2115 supernatantis
1236 2038 1466 2107 fabrica:
1483 2039 1925 2112 ponstrajectus
1941 2041 2050 2107 est,

408 2132 579 2215 cujus
611 2130 861 2199 intextas
892 2129 1087 2197 trabes
1118 2128 1774 2200 subjectaruntuavium
1791 2145 1939 2185 onus
1958 2145 2053 2191 sn-

408 2220 673 2292 perjectae
707 2220 896 2285 crates
924 2220 1250 2283 onerarent.
1285 2216 1626 2289 Iirecitaque
1643 2217 1905 2297 riparum
1923 2233 2054 2277 con-

407 2307 659 2373 tinuatio
689 2306 1105 2377 transmeando
1136 2305 1295 2361 alveo
1326 2306 1607 2376 serviens,
1657 2307 1727 2365 ad
1783 2304 2054 2371 inhiben-

408 2396 551 2461 dum
581 2395 930 2481 supradicta:
963 2398 1141 2468 ports:
1161 2410 1463 2469 egressum
1482 2394 1754 2457 comitem
1770 2395 2050 2453 traduxit.

408 2485 645 2565 Adiuvit
674 2488 869 2541 autem
904 2484 1029 2557 ipse
1058 2482 1169 2540 loci
1202 2482 1355 2543 situs
1385 2484 1777 2551 obsessorum,
1803 2485 2055 2544 obsidio-

408 2575 503 2631 nis
536 2574 838 2635 firmanda:
871 2571 1032 2641 utilis
1062 2577 1420 2649 cooperator.
1454 2573 1793 2630 Excreverat
1818 2574 2049 2631 enimin

410 2662 616 2727 collem
648 2662 948 2729 modicum
979 2660 1175 2730 tellus,
1208 2663 1378 2734 cujus
1403 2660 1607 2721 vertici
1637 2662 1840 2719 fanum
1898 2666 2053 2736 quod

409 2752 582 2829 vulgo
609 2750 1102 2817 Mahummariam
1132 2755 1360 2818 vocant,
1396 2766 1636 2813 saxeum
1670 2753 2048 2824 supersebat:

411 2841 521 2898 hoc
551 2839 766 2898 fluviali
798 2842 975 2919 porta:
1009 2842 1065 2895 et
1082 2837 1414 2913 oppositum
1433 2842 1487 2895 et
1504 2837 1761 2894 vicinum
1782 2844 2055 2914 opportu-

413 2929 594 2995 nitate
619 2946 728 2995 sua
760 2927 1031 2987 comitem
1063 2927 1344 2994 invitavit.
1378 2928 1584 2986 Comes
1613 2946 1748 2993 vero
1779 2946 1906 3002 quae
1964 2945 2055 2989 re-

414 3019 649 3086 stabant
677 3016 993 3081 munimini
1026 3021 1353 3079 castrorum
1386 3016 1674 3090 supplevit
1690 3021 1921 3075 caztera:
1945 3019 2056 3088 fos-

414 3125 541 3175 sam
571 3106 840 3169 videlicet
869 3123 973 3180 per
989 3105 1301 3162 circuitum
1320 3105 1555 3169 ductam
1574 3110 1700 3163 tum
1718 3124 1836 3165 suae
1855 3124 2056 3171 conca-

2081 1820 2130 1885 B

2150 527 2385 584 initium
2416 528 2679 600 parandi.
2715 529 2757 584 Ο
2789 527 2983 584 laudis
3016 526 3219 603 amor!
3253 545 3285 584 o
3315 526 3595 585 audacia!
3629 546 3662 585 o
3709 532 3794 585 te-

2151 617 2388 673 merit-s
2415 614 2427 671 I
2463 617 2533 672 ad
2566 622 2771 672 caetera
2801 616 2955 672 enim
2971 616 3796 684 tc,Tancrede,strenuumdi-

2149 704 2356 774 xerim,
2381 705 2476 763 hic
2504 705 2880 769 temerarium
2906 722 2919 760 :
2953 706 3025 763 ad
3058 709 3266 765 cetera
3294 705 3798 773 constantem,hic

2151 794 2529 868 pertinacem.
2562 794 2745 850 Casus
2773 798 3011 853 caeteros
3027 798 3128 851 aut
3142 792 3253 855 loci
3270 793 3675 861 commoditas,
3694 798 3800 857 aut

2153 898 2288 954 spes
2318 882 2589 949 subsidii,
2622 888 2725 940 aut
2752 883 3073 940 necessitas
3091 883 3341 949 irruens,
3361 886 3464 939 aut
3480 882 3528 939 si
3546 899 3667 954 qua
3681 881 3800 947 alia

2153 971 2426 1043 prudenti
2457 971 2670 1028 semita
2697 975 2875 1043 patet,
2907 970 3115 1031 habuit
3139 986 3453 1029 excusare:
3486 969 3644 1031 hunc
3689 988 3797 1039 au-

2152 1062 2272 1116 tem
2321 1058 2673 1116 temeritatis
2719 1059 2919 1115 omnia
2965 1063 3257 1135 arguunt;
3291 1059 3580 1132 parietiua
3605 1063 3795 1127 vetus,

2151 1153 2454 1222 grassator
2482 1147 2781 1212 robustus,
2813 1146 3220 1220 propinquitas
3243 1146 3526 1215 hostium,
3552 1148 3797 1211 remotio

2154 1236 2485 1297 sociorum:
2519 1240 2728 1292 caatera
2769 1240 2835 1292 ut
2884 1234 3165 1309 aspirent,
3214 1238 3411 1309 Farfar
3455 1236 3798 1301 transvada-

2153 1329 2271 1393 tus,
2305 1325 2572 1383 subsidia
2600 1325 2908 1398 disjungit,
2927 1324 3221 1383 enimvero
3236 1324 3285 1381 si
3304 1325 3463 1397 quod
3476 1324 3630 1393 absit
3646 1326 3799 1383 Tur-

2154 1430 2357 1471 corum
2386 1412 2566 1471 armis
2595 1413 2851 1471 traditus
2865 1413 3300 1479 succumberes,
3317 1413 3575 1470 velocius
3590 1412 3648 1471 in
3666 1430 3800 1479 ven-

2154 1505 2273 1559 tres
2303 1499 2560 1558 hostium
2587 1500 2905 1559 transisses
2934 1505 3156 1569 coctus,
3188 1517 3364 1574 quam
3398 1501 3473 1558 ad
3492 1501 3682 1569 socias
3702 1518 3804 1569 au-

2156 1606 2249 1645 res
2277 1592 2502 1662 captus.
2537 1590 2738 1646 Manes
2766 1593 2997 1659 tamen;
3030 1590 3801 1665 manes,pugnas,obsides,

2156 1682 2387 1752 portam
2419 1677 2637 1743 munis,
2671 1682 2899 1751 portam
2931 1678 3150 1751 quatis,
3183 1696 3339 1736 nunc
3368 1684 3428 1736 tu
3488 1678 3796 1748 hosticas},

2160 1784 2273 1823 nuc
2304 1766 2491 1823 hostis
2524 1771 2707 1827 tuam.
2742 1768 2925 1825 Totus
2953 1767 3225 1835 occidens
3255 1772 3511 1842 quantus
3541 1772 3802 1842 quantus

2164 1859 2270 1922 est,
2306 1855 2364 1910 in
2400 1860 2531 1913 ortu
2561 1860 2819 1931 pugnat;
2851 1860 2917 1917 tu
2946 1855 3108 1917 solus
3136 1856 3210 1913 ad
3257 1872 3556 1926 occasum,
3602 1855 3806 1929 paucis

2162 1944 2664 2003 commilitonibus
2695 1946 2940 2018 gaudes,
2960 1946 3063 2003 sed
3088 1946 3372 2011 fortibus:
3400 1945 3808 2021 praescriptum

2163 2033 2319 2092 enim
2354 2032 2497 2091 illud
2542 2033 2851 2091 munimen
2895 2033 3039 2091 satis
3088 2038 3317 2099 auctum
3364 2034 3812 2103 multitudinem

2162 2139 2277 2179 non
2310 2121 2677 2191 admittebat,
2709 2139 2926 2195 paucos
2954 2123 3048 2179 vix
3078 2123 3334 2198 capiens.

2165 2229 2256 2285 Li.
2288 2260 2357 2273 -η
2390 2229 2691 2286 Tancredus
2718 2232 2826 2285 700
2860 2231 3053 2334 Tu'rcos
3083 2230 3153 2287 (ιιι
3180 2230 3549 2302 prada-mlum
3572 2246 3812 2334 Tesse:

2905 2319 3062 2377 delet.

2234 2407 2472 2464 Studuit
2503 2424 2756 2481 namque
2782 2409 2970 2482 primo
3004 2412 3150 2468 utad
3169 2409 3400 2475 initium
3417 2412 3811 2489 redeam,rem

2163 2496 2315 2552 clam
2348 2512 2547 2569 gerere
2577 2498 2934 2565 Tancredus,
2966 2503 3257 2571 quatenus
3288 2499 3492 2557 lateret
3520 2501 3675 2557 cives
3704 2501 3810 2575 qui

2163 2584 2326 2641 nullo
2357 2584 2477 2643 sole
2507 2586 2865 2655 intermisso,
2897 2588 2955 2647 in
2989 2594 3217 2661 partem
3246 2588 3406 2645 illam
3435 2590 3629 2663 egredi
3671 2589 3811 2647 her-

2164 2675 2270 2731 bas
2319 2675 2572 2731 messuri
2623 2682 3083 2737 consueverant:
3134 2677 3271 2734 inde
3320 2679 3429 2734 fuit
3465 2679 3621 2752 quod
3650 2678 3809 2735 clau-

2164 2767 2353 2829 strum
2387 2762 2532 2821 illud
2563 2764 2745 2829 subiit
2776 2769 3100 2825 nocturnus
3126 2783 3138 2821 :
3173 2765 3257 2822 illi
3290 2784 3426 2823 vero
3453 2767 3657 2824 nescio
3687 2784 3806 2841 quo

2164 2851 2429 2924 auspicio
2458 2852 2516 2908 in
2550 2852 2701 2915 hanc
2731 2853 2923 2926 ipsam
2954 2854 3356 2928 suspicionem
3384 2857 3568 2924 ducti,
3616 2856 3806 2931 primo

2163 2940 2258 2997 die
2287 2958 2505 3014 paucos
2534 2940 2693 3014 ipsos
2718 2960 2753 2999 a
2782 2942 2954 3016 longe
2977 2944 3254 3009 emittunt
3274 2962 3583 3013 mssores,
3605 2950 3809 3019 quato-

2165 3047 2278 3086 nus
2309 3029 2418 3088 hoc
2449 3035 2667 3103 pateret
2699 3032 2988 3099 examine,
3020 3033 3069 3089 si
3101 3050 3281 3095 novas
3312 3034 3623 3091 formidem
3661 3034 3806 3092 insl-

2165 3118 2292 3177 dias
2324 3118 2701 3179 debuissent:
2737 3136 2852 3191 quo
2880 3121 3029 3185 viso,
3059 3122 3243 3180 nostri
3277 3139 3411 3178 mox
3440 3139 3509 3181 se
3559 3124 3805 3189 abscon-

409 3196 614 3253 νίῑδιῐίει
637 3195 1037 3284 ἀθρεθεείοηθ,
1229 3194 1457 3266 ejectati
1490 3196 1723 3275 aggeris
1761 3197 2051 3257 arduitate
2083 3190 2124 3259 C
2163 3208 2333 3275 dunt,
2367 3224 2471 3265 nec
2502 3208 2620 3263 exit
2649 3190 2966 3281 quispiam.
3001 3210 3267 3267 Redeunt
3288 3211 3485 3284 itaque
3506 3211 3679 3275 Turci
3700 3211 3805 3284 qui

410 3286 589 3353 robur
618 3272 859 3369 duplex:
884 3298 1061 3355 super
1081 3282 1239 3338 hunc
1260 3299 1493 3356 quoque
1516 3272 1797 3341 fundatus
1818 3289 1907 3341 est
1927 3302 2053 3342 mu-

408 3374 586 3439 rusin
610 3370 966 3439 sehumilis:
993 3372 1093 3431 sed
1122 3371 1333 3427 tutoris
1354 3372 1449 3429 sui
1471 3372 1716 3430 audacia
1736 3374 2047 3447 superbus.

408 3462 510 3525 His
530 3463 657 3535 jam
689 3459 878 3539 magis
904 3459 1210 3535 magisque
1239 3460 1409 3519 Turci
1435 3462 1708 3524 coarctati
1732 3464 2047 3535 angustiis,

405 3550 602 3607 minus
628 3554 684 3607 et
714 3549 913 3607 minus
942 3548 1149 3604 laedere
1181 3552 1480 3620 poterant:
1514 3550 1731 3631 quippe
1760 3551 1933 3609 solita
1957 3570 2051 3609 va-

403 3638 582 3715 gandi
613 3636 849 3694 licentia
877 3635 1130 3701 sublata.
1166 3635 1443 3701 Restabat
1484 3640 1681 3699 tamen
1729 3638 1790 3695 in
1838 3656 2045 3701 occasu

402 3730 572 3801 porta
602 3726 677 3784 ad
707 3724 1035 3791 nocendum
1067 3725 1292 3791 efficax,
1322 3725 1394 3781 ad
1426 3724 1821 3795 obsidendum
1842 3729 2049 3787 difﬁci-

403 3816 498 3874 lis.

794 3903 858 3960 L.
891 3936 959 3945 —
986 3903 1295 3982 Difﬁcultas
1325 3904 1643 3962 obsidionis.

474 3992 855 4061 Obsidionem
886 3992 1091 4049 media:
1122 3993 1341 4051 montis
1370 3996 1427 4049 et
1457 3992 1721 4053 fluminis
1760 3997 2043 4071 angustia:

401 4082 823 4158 prohibebant:
856 4081 1078 4146 eisdem
1095 4080 1387 4148 claustris,
1408 4080 1591 4145 altero
1606 4085 1842 4153 vadum,
1862 4086 2044 4147 altero

400 4160 751 4237 descensum
782 4170 1159 4245 negantibus,
1192 4170 1378 4245 ignari
1410 4171 1644 4235 advena:
1661 4173 2045 4233 excludet)“-

398 4264 518 4328 tur,
550 4260 718 4335 gnari
751 4259 1036 4334 indigenae
1068 4260 1629 4323 transvadabantur:
1653 4261 1807 4319 viam
1825 4266 2041 4336 quaead

399 4352 637 4424 portum
662 4346 967 4413 descendit
995 4347 1392 4416 observantes,
1408 4347 1740 4407 Christiano
1754 4354 2041 4429 sanguine

396 4438 733 4519 frequenter
761 4436 1169 4510 aspergebant.
1202 4435 1402 4510 Itaque
1434 4454 1553 4499 non
1583 4439 1697 4495 nisi
1731 4440 1791 4496 in
1813 4444 1954 4510 acie,
1973 4460 2040 4499 ea

2159 3297 2419 3353 exierant
2447 3296 2602 3354 intra
2632 3297 2867 3364 moenia,
2882 3297 3043 3355 nullo
3060 3299 3280 3357 turbati
3294 3316 3591 3356 armorum
3604 3300 3806 3366 incur-

2158 3402 2266 3445 su:
2301 3384 2576 3443 similiter
2604 3385 2697 3443 die
2727 3390 2958 3459 postera
2981 3392 3214 3455 exeunt,
3247 3389 3349 3445 sed
3382 3393 3440 3444 et
3466 3388 3686 3462 plures,
3744 3392 3805 3446 et

2157 3479 2348 3533 castro
2378 3475 2659 3548 propius;
2694 3476 2907 3535 fecerat
2936 3492 3036 3533 eos
3060 3478 3186 3548 jam
3236 3477 3483 3534 tutiores
3531 3477 3656 3534 dies
3702 3476 3802 3534 bc-

2156 3567 2374 3632 sterna,
2402 3580 2529 3636 qum
2560 3564 2873 3622 transierat
2884 3564 3799 3639 tutaberbilegosincolumesdu-

2156 3669 2295 3709 cens
2324 3669 2393 3709 ac
2423 3654 2728 3711 reducens.
2761 3655 2925 3715 Tunc
2952 3652 3047 3711 vix
3066 3654 3625 3712 Tancredusleones
3640 3655 3798 3713 cohi-

2155 3742 2271 3808 bet,
2297 3740 2439 3799 visis
2470 3757 2647 3814 prope
2677 3740 2881 3801 ovibus
2912 3745 3121 3803 astare.
3159 3764 3188 3794 α
3220 3742 3538 3811 Sustinete,
3581 3743 3793 3816 inquit,

2154 3830 2349 3889 adhuc
2377 3830 2668 3887 modicam
2698 3830 2853 3893 hanc
2879 3829 3191 3897 dieculam,
3222 3831 3328 3888 viri
3349 3832 3795 3900 fortes:cras,ni

2153 3918 2343 3986 fallor,
2376 3918 2588 3983 incidet
2619 3918 2681 3981 in
2711 3919 2857 3981 retia.
2885 3924 3087 3977 nostra
3116 3920 3311 3993 praeda
3340 3920 3594 3977 uberior.
3625 3920 3801 3978 »Βίο-

2154 4012 2221 4065 ut
2249 4008 2531 4081 przsvidit,
2561 4008 2645 4065 sic
2674 4008 2922 4067 accidit:
2955 4025 3096 4068 nam
3143 4008 3237 4066 bis
3278 4009 3410 4081 jam
3455 4013 3799 4082 prmtentato

2151 4096 2335 4165 aditu,
2387 4102 2445 4152 et
2492 4096 2750 4159 biduana
2799 4096 2992 4157 herba:
3040 4102 3374 4157 sustentata
3401 4098 3670 4171 penuria,
3698 4098 3799 4155 die

2152 4186 2325 4243 tertia
2351 4186 2488 4242 hinc
2517 4186 2628 4242 tuti
2661 4185 3058 4260 egrediuntur,
3091 4186 3233 4244 hinc
3275 4188 3499 4256 coacti;
3550 4193 3607 4244 et
3653 4188 3799 4261 quia

2150 4273 2426 4351 propiora
2454 4273 2583 4331 urbi
2611 4276 2776 4347 prata
2808 4278 3214 4334 messuerant:
3248 4274 3389 4348 quia
3416 4274 3488 4337 de
3543 4274 3798 4339 Franco-

2149 4379 2282 4425 rum
2317 4361 2628 4435 praasentia
2655 4361 2848 4419 adhuc
2881 4362 3248 4431 haesitabant,
3279 4368 3335 4420 et
3364 4362 3533 4419 multi
3557 4367 3794 4449 exeunt,

2084 4492 2089 4501 .
2148 4459 2205 4508 et
2237 4452 2488 4511 Francos
2511 4455 2837 4513 transeunt.
2862 4452 3026 4511 Tunc
3045 4452 3235 4524 ruptis
3256 4452 3530 4509 claustris
3549 4453 3795 4513 Tancre-

393 4531 591 4629 ξαῐιὶθῑι
621 4526 917 4629 ἱξὶΐεθξάυῐῐι
951 4542 1158 4629 Pium":
1188 4528 1334 4629 ιυῒξι,
1368 4530 1465 4629 alii
1490 4543 1523 4580 τὶ
1544 4532 1714 4599 Ροΐῐιι
1734 4531 2039 4629 ad‘sxt’fml-
2065 4559 2113 4629 D
2147 4541 2261 4599 dus
2292 4541 2542 4606 irruens,
2574 4539 2710 4612 quid
2741 4539 3796 4614 prudentiaaudaciaquejunctmpos-

391 4619 541 4686 tum,
574 4619 675 4675 aut
705 4614 780 4670 ab
808 4614 1060 4671 exercitu
1085 4614 1153 4669 ad
1175 4618 1785 4686 portumtransmeare
1804 4618 2032 4687 licebat,

390 4708 699 4779 tantopere
712 4704 1013 4760 obseratos
1030 4719 1302 4776 egressus
1320 4707 1496 4776 portae
1517 4704 1695 4763 unius
1711 4708 2035 4767 redimebat

390 4792 647 4860 licentia.
665 4793 809 4851 Huic
829 4792 981 4850 malo
997 4793 1331 4850 Tancredus
1350 4793 1674 4850 remedium
1694 4795 2030 4867 invenisset,

390 4882 546 4942 sicut
597 4882 886 4967 posterior
934 4885 1176 4937 eventus
1226 4879 1539 4938 indicavtt:
1592 4882 1693 4943 sed
1743 4886 2033 4945 mcenibus

388 4970 647 5043 propior,
682 4970 915 5053 primus
940 4969 1148 5025 Turcis
1178 4968 1449 5026 obviabat
1480 4969 1834 5033 furentibus.
1880 4976 2030 5041 Qua-

386 5061 623 5135 propter
664 5058 910 5133 j_ejunus
959 5057 1069 5114 sub
1118 5056 1239 5115 sole
1287 5058 1465 5127 diem,
1500 5065 1728 5117 noctem
1762 5064 1873 5119 sub
1903 5082 2031 5123 rore

385 5145 629 5221 pervigil
663 5145 1063 5220 transigebat:
1098 5163 1253 5202 unus
1281 5147 1405 5220 ipse
1435 5151 1491 5203 et
1520 5148 1712 5205 adhuc
1762 5153 2029 5211 modicus

384 5234 571 5291 totius
602 5232 739 5288 belli
772 5234 1096 5290 sustinebat
1111 5252 1438 5299 occursum.
1458 5236 1641 5295 Tanto
1653 5239 2025 5313 deniqueviri

382 5324 595 5390 sudore
627 5322 846 5396 repulsi
879 5321 1097 5390 hostes,
1119 5324 1243 5396 jam
1273 5324 1557 5383 lacessere
1574 5326 1891 5400 desistunt,
1910 5335 2029 5388 tur-

379 5409 544 5471 ribus
590 5415 647 5469 et
694 5409 959 5471 latibulis
1007 5412 1281 5466 contenti.
1332 5413 1425 5479 At,
1460 5412 1711 5487 inquies,
1744 5418 2025 5479 Tancredi

384 5499 631 5556 audacia
659 5499 731 5556 ab
760 5498 983 5555 domito
1005 5504 1134 5555 ortu
1159 5500 1315 5555 illico
1337 5500 1408 5556 ad
1433 5501 1789 5563 indomitum
1811 5526 1873 5565 se
1894 5526 2026 5565 con-

370 5589 545 5648 vertit
573 5604 869 5662 occasum,
900 5587 1019 5647 illic
1046 5588 1105 5647 in
1138 5604 1384 5648 occursu
1423 5588 1687 5655 hostium
1728 5594 2031 5665 inventam

2146 4633 2300 4697 sent,
2350 4628 2546 4687 subito
2594 4627 2884 4685 ostendit:
2937 4627 3037 4700 qui
3081 4628 3141 4685 in
3173 4629 3400 4687 medios
3427 4630 3788 4703 irrumpens,

2143 4722 2307 4774 tanto
2352 4716 2579 4774 avidius
2626 4715 2686 4773 in
2734 4734 2831 4777 ore
2876 4715 3057 4789 gladii
3106 4734 3312 4775 omnes
3342 4718 3635 4786 absorbet,
3666 4734 3789 4791 quo

2142 4806 2336 4864 acrius
2367 4822 2568 4870 eorum
2589 4804 2813 4863 viscera
2832 4808 3147 4873 torrentur,
3170 4805 3391 4877 quibus
3409 4810 3678 4863 sustenta
3691 4811 3792 4864 est

2142 4895 2294 4951 inter
2322 4893 2531 4967 pocula
2558 4893 2687 4953 sitis
2719 4892 3009 4955 triduana.
3042 4893 3125 4951 Ne
3153 4892 3396 4967 longum
3421 4893 3658 4959 faciam:
3681 4910 3792 4951 oa-

2141 4983 2225 5040 sis
2271 4981 2503 5040 circiter
2551 4981 2958 5055 septingentis,
3002 4998 3285 5042 caesorum
3316 4981 3512 5055 capita
3540 4983 3792 5040 Tancre-

2139 5072 2254 5130 dus
2298 5074 2372 5128 70
2411 5070 2765 5144 Appodiensi
2792 5070 3141 5131 transmittit
3169 5071 3462 5145 episcopo,
3493 5072 3792 5139 decimam

2138 5161 2210 5218 de
2258 5159 2594 5233 triumpho:
2648 5158 2865 5231 quibus
2913 5157 3146 5225 oblatis,
3193 5159 3504 5234 episcopus
3550 5158 3791 5233 gemino

2138 5247 2474 5322 percellitur
2503 5247 2739 5322 gaudio.
2771 5247 2919 5309 Tum
2954 5247 3026 5305 de
3056 5246 3229 5305 amici
3259 5248 3520 5317 victoria,
3554 5254 3683 5311 tum
3713 5247 3792 5305 de

2138 5337 2249 5395 sibi
2285 5336 2570 5409 impensis
2599 5336 2658 5391 in
2690 5334 3038 5407 allegatione
3068 5336 3329 5395 muneris
3351 5336 3569 5394 honore
3589 5334 3791 5409 etglo-

2134 5425 2240 5485 ria.
2296 5425 2512 5483 Eodem
2564 5422 2761 5495 itaque
2816 5429 3156 5483 remunerat
3200 5425 3479 5483 victorem
3529 5441 3784 5491 numero

2133 5513 2530 5581 marcharum,
2564 5515 2708 5585 quot
2734 5514 2791 5567 et
2819 5511 2948 5585 ipso
2977 5513 3229 5571 donatus
3246 5514 3435 5570 fuerat
3448 5513 3782 5572 cervicibus

2131 5606 2590 5684 peremptorum.
2621 5600 2961 5662 Tancredus
2985 5616 3054 5662 eo
3083 5601 3345 5663 multum
3368 5602 3780 5681 arietempore
