4010 6078
1566 232 1823 305 GESTA
1861 230 2282 305 TANCREDI.

3506 226 3629 301 530

225 364 729 430 commilitonibus
776 371 906 430 suis
935 334 1202 443 debebat,
1234 373 1296 430 in
1325 372 1536 432 loculis
1562 361 1715 431 nihil
1762 372 1867 431 ha-
1898 374 1951 442 Α
1981 373 2299 448 aliquando
2330 374 2465 449 quis
2493 374 2668 432 ducet
2695 371 2925 443 honori,
2948 371 3052 447 qui
3068 373 3341 430 armatos
3367 373 3628 430 tresuno

223 461 388 518 bons.
418 460 722 519 Gaudium
772 462 951 537 igitur
978 468 1037 520 et
1075 462 1385 521 exsultatio
1415 465 1695 520 comitata
1737 468 1876 521 sunt

224 551 559 625 pecuniam,
586 568 717 624 qua:
747 568 885 608 mox
903 552 1113 608 ducem
1136 551 1386 610 absolvit
1417 570 1451 608 a
1471 552 1688 617 debito,
1721 551 1876 608 mili-

219 645 471 713 tumque
502 640 762 713 inopiam
788 638 1107 697 distributo
1129 640 1402 698 relevavit
1422 646 1682 716 argento.
1708 642 1875 698 Forte

220 729 403 785 etiam
432 730 680 803 contigit
706 733 773 784 ut
801 730 1054 787 missum
1084 747 1119 786 a
1138 730 1387 804 praesule
1418 730 1692 786 nuntium
1721 729 1875 788 alius

220 818 483 891 pwierit
511 835 629 874 non
658 818 882 875 missus
906 837 919 888 ;
952 836 1069 892 quo
1099 821 1320 887 audito,
1354 821 1556 876 statim
1584 819 1874 894 dispergi-

220 910 337 973 tur,
356 907 521 980 quod
544 907 816 963 nondum
846 907 1210 977 habebatur;
1235 924 1371 965 mox
1400 909 1549 967 alios
1571 909 1738 975 ditat,
1773 910 1873 981 qui

220 993 417 1051 adhuc
438 992 670 1068 egebat,
694 994 775 1052 ita
796 997 954 1052 enim
982 994 1214 1054 dicebat
1234 998 1293 1054 in
1316 999 1488 1055 corde
1510 1016 1617 1055 suo
1642 1016 1655 1055 :
1680 1022 1708 1049 «
1731 996 1876 1054 The—

220 1090 440 1140 saur‘us
468 1096 642 1140 meus
671 1082 793 1141 sint
819 1085 1042 1142 milites
1062 1088 1178 1142 mei
1205 1106 1218 1155 ;
1243 1102 1444 1161 egeam
1467 1102 1573 1162 ego
1594 1088 1737 1143 dum
1758 1087 1871 1160 ipsi

219 1170 549 1241 abundent,
600 1188 716 1229 non
762 1172 1048 1231 sollicitor
1092 1174 1344 1245 habere;
1378 1177 1480 1233 sed
1520 1177 1875 1233 habentibus

219 1259 538 1333 iniperare.
569 1260 827 1318 Onerent
872 1263 933 1319 hi
983 1268 1225 1338 argento
1264 1266 1605 1339 marsupia;
1638 1283 1744 1340 ego
1772 1284 1873 1325 eos

214 1347 400 1417 euris,
435 1349 641 1418 armis,
675 1348 910 1419 sudore,
942 1355 1217 1422 tremore,
1250 1354 1556 1427 grandine,
1588 1352 1808 1427 pluvia.
1845 1378 1873 1407 »

213 1434 375 1502 Quos
406 1440 605 1494 tamen
636 1434 731 1495 die
758 1436 950 1509 bellis,
984 1445 1150 1497 nocte
1192 1442 1413 1516 vigiliis
1443 1442 1717 1517 fatigatos
1746 1444 1874 1518 ipse

210 1525 433 1583 leniter
459 1528 847 1600 supportabat
863 1529 977 1585 vici
1007 1530 1216 1587 debitae
1246 1531 1575 1602 subeundo,
1611 1548 1728 1606 qua
1745 1532 1874 1589 vul-

212 1630 330 1671 nus
358 1621 688 1685 eXCusaret,
721 1630 825 1673 seu
856 1618 1100 1675 morbus
1132 1637 1146 1675 :
1180 1636 1350 1677 suam
1378 1636 1515 1678 vero
1569 1636 1873 1695 nunquam

209 1702 471 1760 dominii
494 1704 820 1762 reverentia
836 1704 1103 1764 desidem
1129 1708 1265 1765 fecit
1287 1728 1301 1777 ;
1327 1710 1467 1783 quin
1501 1711 1628 1784 ipse
1650 1716 1706 1767 et
1726 1727 1876 1767 sem-

208 1792 625 1865 per-explebat
651 1808 842 1864 suam,
874 1800 934 1851 et
962 1813 1077 1852 non
1109 1797 1322 1869 solum,
1358 1803 1423 1855 ut
1467 1801 1872 1874 praescriptum

209 1884 325 1949 est,
352 1880 691 1954 supplebat,
714 1883 819 1940 sed
848 1888 907 1941 et
934 1886 1308 1959 praeripiebat
1336 1886 1613 1944 alienam.

1982 465 2264 538 perimeie
2313 466 2536 539 impetu
2586 464 2750 522 ducit
2795 462 3047 539 pudori?
3077 463 3231 538 quod
3280 463 3332 520 si
3378 461 3627 536 religio;

1983 554 2231 612 monstri
2263 554 2457 611 simile
2486 555 2653 611 aiunt
2682 556 2874 628 pisces
2912 554 3024 610 sub
3050 555 3245 609 aratro
3275 555 3518 619 scatere,
3541 552 3635 609 ast

1982 659 2088 718 ego
2116 643 2287 718 longe
2337 644 2773 701 monstruosius
2802 647 2923 699 tam
2954 641 3237 716 cupidum
3280 640 3475 698 laudis
3504 637 3634 695 lau-

1982 730 2114 788 dem
2147 733 2366 806 fugere.
2398 731 2661 804 Denique
2690 736 2812 787 tam
2842 730 3211 788 clarissimus
3238 719 3484 787 bellator
3511 731 3635 786 tota

1982 817 2249 875 difﬁcilia
2278 836 2613 894 aggressus,
2645 824 2732 875 tot
2752 832 2960 892 aspera
2980 820 3426 893 perpessusytot
3453 820 3634 873 certa-

1984 910 2146 965 mina
2166 907 2784 983 supergressus,facile
2806 908 2983 964 ﬁdem
3006 905 3632 987 impetret,preesertim

1983 1002 2177 1071 strage
2207 998 2391 1054 armis
2440 998 2659 1053 vicinia
2702 997 2976 1066 testibus,
3011 999 3146 1057 ante
3192 990 3394 1051 omnia
3427 992 3633 1068 lingua

1984 1086 2194 1160 ipsius,
2219 1087 2313 1142 oui
2338 1090 2400 1142 ut
2418 1085 2563 1142 nulli
2587 1086 2804 1142 certius
2826 1082 3167 1141 credebatur
3191 1101 3205 1140 :
3227 1086 3632 1167 verumtamen

1981 1173 2196 1232 latente
2226 1191 2404 1233 causa
2432 1176 2672 1233 effectus
2701 1174 2911 1248 patuit,
2935 1168 3631 1247 causa,inquam,silentii

1983 1263 2223 1320 effectus
2253 1264 2428 1320 caedis
2458 1264 2649 1337 patuit
2677 1264 2853 1320 etiam
2882 1262 3057 1336 longo
3085 1265 3349 1334 tempore
3387 1263 3520 1333 post
3546 1258 3631 1316 rei

1983 1354 2186 1421 series,
2212 1358 2276 1409 ut
2298 1354 2366 1409 ad
2366 1355 2391 1426 j
2400 1357 2605 1409 uratus
2624 1353 2880 1427 armiger
2900 1351 3054 1407 diem
3079 1338 3299 1407 silentii
3323 1346 3635 1422 complevit

1982 1440 2305 1515 praefixum.

1983 1547 2127 1604 LIII.
2160 1580 2229 1589 —
2260 1549 2991 1677 Christiammmbpiﬁtiiegia
3024 1549 3087 1604 in
3104 1546 3251 1603 dura
3277 1544 3380 1603 hac
3398 1553 3453 1603 et
3470 1545 3635 1618 longe

2653 1638 2684 1677 ο
2719 1638 2746 1676 ,ς
2938 1661 2952 1675 .

2653 1636 2952 1679 οοδιαιοηθ.

2052 1710 2246 1768 Monet
2277 1728 2370 1767 me
2400 1713 2633 1784 tempus
2680 1710 2753 1766 ad
2803 1706 3206 1765 intermissam
3252 1705 3443 1764 redire
3473 1704 3634 1763 obsi-

1981 1798 2239 1867 dionem,
2272 1804 2338 1855 ut
2363 1799 2453 1856 vel
2487 1797 2836 1872 quantulam
2866 1796 2938 1853 de
2962 1790 3180 1854 sudore
3202 1798 3373 1852 tanto
3403 1794 3505 1868 qui
3532 1810 3634 1851 su-

1981 1890 2191 1947 davere
2220 1889 2513 1962 accipiant
2558 1888 2923 1945 mercedem:
2958 1903 3095 1943 nam
3124 1885 3187 1942 in
3218 1885 3347 1959 ejus
3375 1883 3631 1941 exercitu

214 1986 334 2044 LII.
367 2019 442 2029 —
468 1984 761 2061 Singulari
804 1994 1103 2050 certamine
1158 1994 1462 2052 Tanaum;
1513 2004 1621 2053 ενεε
1679 1998 1874 2054 Tum”
1973 1979 2101 2051 jam
2134 1979 2252 2036 fere
2308 1978 2652 2035 octimensis
2694 1992 2860 2033 mora
2902 1974 3073 2032 multi
3118 1978 3355 2032 strenue
3384 1970 3629 2061 Lmulta;

920 2064 1176 2137 confodit.

282 2147 457 2213 Quod
488 2140 635 2205 dum
664 2149 884 2224 sapius
913 2156 1131 2226 ageret,
1163 2154 1411 2229 contigit
1437 2159 1503 2211 ut
1533 2172 1650 2212 uno
1690 2156 1874 2212 comi-

206 2238 376 2293 tatus
407 2236 627 2294 Achate
647 2240 718 2294 ad
743 2240 1151 2298 excubandum
1178 2245 1758 2317 egrederetur,lorica
1778 2263 1874 2321 ga-

206 2324 428 2399 maque
482 2327 872 2397 cessantibus,
933 2330 1230 2389 accinctus
1286 2331 1484 2407 gladio
1549 2335 1870 2408 equitabat,

207 2428 364 2487 puer
392 2413 627 2471 hastam
659 2414 897 2489 gerebat
926 2422 983 2474 et
1013 2419 1280 2494 clypeum
1317 2439 1330 2477 :
1358 2423 1497 2479 item
1520 2425 1730 2480 armati
1752 2428 1873 2481 tres

206 2502 586 2559 excubabant
610 2500 807 2573 'l‘urci,
833 2522 981 2579 quos
1008 2509 1328 2567 Antiochiae
1360 2515 1527 2584 porta
1554 2513 1868 2570 emiserat:

204 2591 495 2647 errabant
515 2596 712 2649 autem
732 2592 833 2650 alii
857 2594 1109 2653 aliorum
1128 2598 1316 2672 ignari
1343 2616 1356 2656 :
1383 2617 1517 2656 nam
1538 2598 1873 2675 longiuscu-

202 2679 335 2738 lu'm
368 2683 569 2737 castra
598 2682 672 2738 ab
722 2685 867 2739 urbe
915 2685 1175 2758 spatium
1223 2688 1578 2759 dirimebat;
1608 2690 1867 2760 frutices,

202 2768 595 2839 monticul‘os,
645 2769 936 2828 convalles
982 2773 1366 2847 interjiciens,
1416 2781 1584 2850 aptas
1633 2777 1870 2835 insidiis

202 2857 490 2914 latebras.
520 2860 594 2915 At
612 2858 845 2916 duobus
863 2865 984 2919 tres
1005 2865 1341 2936 compertis,
1357 2865 1590 2923 irruunt
1611 2867 1670 2922 in
1693 2884 1870 2941 quem

202 2945 571 3003 alterutrum
605 2948 831 3005 irruunt
864 2950 1074 3024 ignari.
1096 2952 1373 3019 Quinimo
1394 2955 1620 3024 miseri,
1644 2956 1826 3030 fugite
1850 2974 1864 3012 :

202 3036 422 3110 ﬁngite,
456 3035 723 3110 inquam,
754 3038 1034 3109 Castoris,
1066 3040 1382 3115 Cyllarum,
1415 3043 1676 3118 Achyllis
1697 3046 1870 3101 fraxi-

1981 2067 2237 2123 maxime
2260 2068 2512 2139 majores
2532 2065 2642 2121 viri
2666 2066 2890 2138 majora
2906 2064 3169 2121 fecerunt
3189 2079 3202 2118 :
3225 2056 3518 2119 socialiter
3532 2077 3634 2117 au-

1979 2160 2103 2213 tem
2132 2156 2374 2225 summi,
2406 2154 2751 2225 mediocres,
2790 2158 2849 2212 et
2876 2152 2980 2209 imi
3013 2151 3215 2227 gravia
3242 2149 3630 2224 pertulerunt,

1982 2242 2218 2314 famem,
2244 2248 2669 2313 'terraemotum,
2693 2259 2983 2317 aquarum
3004 2236 3634 2307 inundationem,aeris

1979 2336 2234 2391 terrores
2260 2333 2475 2403 varios,
2509 2332 2767 2406 impetus
2797 2346 3030 2404 puoque
3053 2345 3210 2385 nunc
3227 2324 3357 2383 caeli
3382 2325 3631 2396 ruentis,

1982 2438 2136 2478 nunc
2156 2421 2293 2479 belli
2317 2422 2649 2496 ingruentis
2673 2438 2686 2476 :
2713 2416 2983 2494 prodigia
3003 2433 3239 2492 quoque
3260 2419 3318 2473 et
3335 2414 3593 2471 visiones
3616 2429 3630 2470 :

1981 2510 2067 2566 hae
2100 2509 2304 2569 multis
2332 2506 2505 2580 clam,
2538 2509 2640 2566 illa
2667 2508 2897 2566 cunctis
2916 2505 3112 2581 palam
3141 2498 3370 2562 coalitus
3399 2502 3634 2561 effulse-

1980 2604 2118 2656 runt
2151 2617 2165 2656 :
2199 2617 2450 2674 quorum
2482 2600 2717 2674 singula
2746 2597 2797 2655 si
2828 2597 2955 2655 suis
2985 2590 3211 2665 ordine,
3230 2590 3632 2665 modo,digni-

1978 2692 2097 2745 tate
2118 2689 2400 2762 explicem
2425 2706 2438 2745 :
2464 2689 2646 2747 nimis
2667 2687 2905 2745 interim
2926 2684 3098 2743 sileat
3116 2678 3455 2741 Tancredus
3475 2680 3631 2738 sicut

1979 2776 2195 2851 quietis
2216 2778 2486 2851 scriptor,
2510 2778 2593 2834 ita
2612 2776 2848 2834 silentio
2880 2774 3181 2849 indignus.
3210 2771 3389 2830 Porro
3419 2770 3629 2845 cymba

1980 2871 2181 2923 nostra
2209 2883 2340 2924 sero
2368 2867 2564 2923 veniat
2589 2867 2649 2922 in
2680 2869 2938 2939 portum,
2970 2864 3021 2920 si
3050 2862 3200 2919 tanti
3223 2857 3511 2934 procellas
3532 2875 3628 2932 pe-

1976 2953 2093 3029 lagi
2116 2954 2343 3011 sulcare
2366 2954 2673 3030 aggrediar
2705 2971 2718 3009 :
2743 2954 2877 3027 quis
2898 2952 3055 3010 enim
3078 2949 3148 3007 de
3168 2947 3468 3007 Godefridi
3487 2940 3625 3003 viri-

1975 3044 2088 3100 bus
2116 3044 2428 3118 stupendis
2460 3047 2796 3117 praesumat,
2829 3042 2999 3113 cujus
3020 3056 3158 3097 ense
3178 3037 3457 3110 traiectus
3475 3035 3624 3091 Tur-

202 3109 358 3181 anim
386 3142 403 3193 ;
434 3109 700 3182 dextram
743 3125 1041 3203 Meleagri,
1092 3109 1323 3188 animos
1349 3109 1560 3205 Tydei;
1599 3133 1868 3190 Herculis
1896 3109 1940 3177 (ἶ
1978 3144 2083 3189 ous
2113 3109 2237 3188 duo
2261 3109 2557 3188 factusest
2575 3130 2747 3187 Turci
2821 3109 3149 3185 utinferior
3168 3109 3315 3182 alter
3334 3124 3394 3181 in
3416 3118 3623 3181 urbem

200 3213 535 3282 h-idonem,
567 3214 763 3287 Ajacis
806 3217 1249 3292 septemplicem
1282 3236 1295 3275 :
1330 3220 1451 3277 haec
1481 3222 1638 3277 enim
1671 3223 1870 3278 omnia

200 3316 404 3358 unum
434 3301 594 3359 hunc
615 3302 955 3362 bellatorem
976 3312 1212 3364 armant
1234 3325 1247 3363 :
1273 3308 1491 3366 frustra
1518 3308 1829 3367 lacessitur
1851 3329 1865 3380 ;

201 3384 371 3446 ultro
402 3389 532 3463 ipse
556 3391 784 3448 occurit
811 3393 1087 3451 omnibus
1114 3395 1209 3452 his
1250 3401 1535 3467 armatus,
1567 3412 1743 3472 quem
1782 3399 1869 3455 fu-

196 3494 348 3554 gere
379 3483 622 3536 cautum
648 3485 759 3549 est,
792 3486 1124 3557 exspectare
1154 3483 1423 3556 stultum,
1458 3489 1740 3561 impetere
1782 3489 1869 3544 fu-

198 3567 442 3625 riosum
479 3584 494 3623 :
525 3574 927 3628 verumtamen
974 3575 1258 3645 quoniam
1306 3576 1555 3633 invitum
1604 3578 1704 3651 qui
1750 3586 1869 3634 ser-

194 3660 325 3724 vat,
360 3656 526 3712 idem
554 3656 693 3714 facit
723 3661 1029 3730 occidenti,
1064 3662 1270 3720 irruite
1299 3664 1482 3734 ocius,
1515 3671 1582 3721 ut
1619 3670 1868 3739 quanto-

196 3745 340 3801 eius
372 3747 666 3803 corruatis
697 3764 711 3803 :
746 3750 999 3807 corruite
1046 3751 1262 3820 subito,
1312 3758 1379 3809 ut
1425 3755 1684 3827 supersit
1722 3754 1870 3812 Mar-

197 3830 477 3890 ohisides
508 3835 569 3891 in
599 3841 834 3894 mterno.
858 3839 965 3904 Qui
989 3856 1297 3897 occursum
1320 3842 1613 3917 ascipiens
1634 3843 1868 3901 demen-

195 3927 355 3990 tem,
406 3922 783 3991 velociorem,
814 3929 880 3983 ut
923 3926 1008 3996 ﬁt,
1040 3934 1276 4002 arrepta
1324 3931 1550 3987 fraxino
1597 3948 1868 3989 occurso-

195 4022 335 4068 rom
369 4012 688 4086 transfigit.
722 4014 881 4071 Pelta
898 4020 956 4072 et
982 4016 1188 4073 thorax
1208 4017 1356 4076 alios
1374 4020 1528 4076 tueri
1550 4020 1867 4091 solent,sed

198 4097 311 4155 alii
348 4098 594 4171 objecta:
624 4103 941 4173 perfossori
974 4120 987 4159 :
1020 4103 1118 4161 hic
1147 4106 1442 4178 perfossor
1470 4108 1695 4164 nullam
1726 4110 1870 4165 sinit

200 4200 343 4245 esse
365 4185 613 4244 loricam
637 4188 1118 4259 fidelem,nullam
1142 4210 1256 4251 non
1289 4195 1554 4253 fallacem
1588 4215 1602 4253 :
1626 4197 1723 4253 hic
1745 4216 1870 4271 per-

199 4290 423 4331 cussor
448 4276 524 4332 de
550 4274 722 4349 galea
750 4280 893 4335 facit
918 4281 1178 4351 mitram,
1211 4283 1282 4340 de
1313 4283 1513 4358 clypeo
1547 4285 1870 4359 pallam,de

202 4364 459 4421 thorace
488 4366 877 4436 subuculam;
911 4371 1166 4442 perforat
1193 4370 1446 4445 denique
1478 4379 1543 4430 ut
1571 4374 1758 4431 linum
1798 4374 1870 4431 li-

1976 3220 2286 3293 equitaret,
2318 3219 2464 3276 alter
2494 3220 2824 3275 arcitenens
2857 3217 2917 3273 in
2949 3215 3191 3273 flumine
3230 3212 3475 3270 nataret.
3508 3206 3627 3268 Aut

1976 3309 2111 3384 quis
2142 3309 2287 3365 illud
2318 3308 2635 3365 Raimundi
2654 3308 2830 3381 digne
2858 3301 3377 3376 admiretur,quod
3406 3300 3625 3375 saepius

1976 3399 2301 3455 occurrenti
2333 3398 2653 3455 Antiochia:
2685 3396 2849 3454 solus
2878 3394 3113 3462 restitit,
3138 3393 3292 3468 quod
3324 3388 3625 3448 interdum

1976 3487 2488 3557 fossas,interdum
2519 3502 2721 3543 muros
2767 3494 3211 3559 supergressum
3255 3474 3504 3537 viriliter
3531 3495 3625 3536 re-

1976 3575 2127 3650 pulit
2151 3594 2164 3632 :
2185 3577 2303 3632 imo
2324 3576 2480 3649 quod
2500 3575 2662 3632 nullo
2682 3574 2971 3631 exercitus
2990 3571 3201 3629 remoti
3240 3568 3425 3627 fretus
3458 3567 3626 3625 auxi-

1974 3665 2317 3738 lio,pontem
2340 3664 2589 3722 obsedit.
2606 3662 2809 3721 Nonne
2825 3658 2950 3720 sola
2965 3661 3366 3735 Flandrigenas
3386 3652 3623 3715 Roberti

1975 3753 2179 3811 lancea
2225 3750 2605 3827 singulariter
2643 3767 2819 3809 suum
2859 3746 3188 3825 expostulat
3233 3745 3628 3821 scriptorem?

1976 3856 2152 3918 quem
2183 3843 2325 3899 dum
2357 3838 2719 3916 quotidianis
2739 3840 3031 3898 mortibus
3051 3834 3423 3896 Antiochiam
3453 3834 3622 3905 ditat,

1976 3932 2320 4006 quotidiano
2346 3942 2542 3988 eomes
2571 3948 2721 4004 equo
2752 3932 3130 4003 pauperatur,
3161 3932 3229 3983 ut
3261 3924 3486 4011 scilicet
3516 3920 3624 4011 fal:

1974 4021 2130 4077 lente
2159 4021 2445 4077 damnum
2493 4020 2701 4076 ardore
2742 4016 2958 4087 laudis,
2999 4010 3318 4090 aliquando
3368 4008 3623 4086 principi

1977 4114 2139 4167 tanto
2171 4110 2401 4166 deesset
2429 4126 2638 4181 equus,
2670 4107 2786 4164 nisi
2819 4106 3186 4163 succurreret
3203 4101 3443 4159 vicatim
3465 4117 3626 4157 men-

1977 4197 2228 4255 dicatus.
2277 4196 2653 4254 Deferebatur
2700 4194 2885 4269 pelvis
2926 4192 3134 4268 patula
3179 4208 3282 4266 per
3326 4190 3622 4257 tabernas,

1979 4305 2157 4362 quam
2190 4303 2313 4343 rem
2344 4286 2689 4342 miserantia
2708 4283 3061 4358 supplebunt
3079 4280 3229 4338 comi
3261 4294 3627 4353 equum,ma-

1980 4376 2194 4434 cellum
2226 4390 2294 4431 ex
2323 4392 2606 4448 caupona.
2638 4374 2817 4430 Porro
2861 4372 3006 4446 quid
3054 4366 3267 4427 simile
3294 4364 3381 4424 illi
3412 4364 3627 4423 saecula

206 4462 427 4526 gnum,
461 4458 527 4509 ut
556 4456 878 4513 cannabem
904 4457 1194 4532 ealybem,
1225 4465 1289 4516 ut
1318 4459 1829 4531 lanam,lammam
1857 4483 1871 4522 :
1904 4476 1950 4542 [)
1982 4468 2181 4521 nostra
2200 4463 2652 4536 viderunt,quod
2672 4461 2906 4518 ducenti
2925 4459 3154 4516 circiter
3168 4456 3511 4542 semiermes
3531 4471 3624 4524 xv,

209 4541 321 4598 sed
350 4542 535 4614 primi
582 4545 839 4613 medius,
870 4562 1010 4603 nece
1037 4554 1368 4621 conspecta,
1399 4550 1465 4607 fit
1506 4552 1727 4609 tardior
1761 4570 1774 4609 :
1810 4558 1875 4610 ut

207 4630 525 4699 “rdieris,
538 4631 735 4689 ultimi
750 4634 1016 4692 subsidio
1028 4636 1351 4694 fulciretur.
1368 4640 1571 4697 Infelix
1582 4643 1685 4715 qui
1700 4644 1873 4700 modo

210 4719 499 4779 velociori
530 4732 892 4794 praecursum
923 4724 1425 4784 invidebasznunc
1437 4732 1726 4803 segnioris
1738 4732 1874 4788 bea—

213 4813 345 4864 tam
376 4810 619 4882 praefers
650 4812 982 4870 tarditatem
1009 4833 1023 4884 ;
1056 4820 1114 4872 et
1144 4816 1200 4872 id
1234 4821 1431 4875 tamen
1464 4819 1683 4876 frustra
1715 4838 1728 4877 :
1770 4821 1873 4877 uni

214 4899 523 4971 siquidem
554 4899 845 4958 debentur
886 4902 1101 4960 dextrae
1146 4904 1313 4962 velox
1359 4911 1416 4964 et
1464 4909 1686 4977 tardus,
1720 4926 1875 4966 unus

216 4988 449 5061 quippe
477 4989 685 5047 ambos
720 4992 1088 5066 aggrediens,
1120 4995 1301 5068 hujus
1345 4996 1537 5053 adhuc
1582 4999 1876 5055 obviantis

222 5076 483 5134 mntem
512 5078 787 5149 dissecat,
809 5079 972 5139 illius
1003 5084 1205 5158 fugam
1235 5088 1396 5160 tergo
1425 5087 1584 5144 sistit
1609 5088 1872 5160 trajecto.

220 5165 342 5221 Sed
372 5170 468 5223 est
495 5168 655 5241 quod
683 5173 974 5242 stupeam,
1004 5188 1112 5229 nec
1160 5174 1305 5229 satis
1334 5173 1558 5231 valeam
1589 5181 1824 5248 stupere
1858 5195 1871 5233 :

220 5271 365 5311 cum
396 5254 575 5313 homo
602 5260 724 5313 tam
754 5259 1049 5331 pretiosus
1077 5259 1273 5318 laudis
1303 5267 1697 5335 emptor,mox
1733 5282 1876 5337 prm-

220 5345 417 5401 sentis
447 5358 552 5402 asa
579 5347 852 5422 armigeri
903 5348 1139 5406 silentio
1177 5350 1530 5408 concluserit
1557 5352 1826 5424 adjurato
1859 5373 1871 5411 :

1982 4553 2173 4610 millia
2219 4558 2476 4609 armatos
2533 4568 2670 4625 pars
2719 4551 2907 4622 major
2953 4546 3197 4605 asinarii
3256 4541 3624 4611 caballarios,

1980 4642 2246 4717 languidi
2278 4643 2550 4716 fugavere
2596 4639 2911 4697 robustos?
2941 4640 3113 4710 cujus
3158 4633 3411 4691 victoriis
3444 4632 3629 4689 fertur

1982 4731 2278 4789 Blesensis
2292 4746 2488 4785 comes
2508 4728 2626 4785 dux
2644 4727 2824 4784 fuisse
2840 4724 3153 4783 Godefrido
3167 4721 3630 4794 Boamundoque

1982 4821 2260 4889 sociatus,
2293 4819 2447 4875 unde
2472 4818 2977 4891 septingentorum
3007 4818 3066 4870 et
3084 4826 3152 4870 eo
3181 4804 3439 4885 amplius
3467 4808 3629 4884 capi-

1981 4915 2111 4966 tum
2170 4908 2490 4982 asportatio
2544 4904 2907 4962 Antiocheno
2955 4899 3286 4977 spectaculo
3336 4900 3488 4958 facta
3541 4902 3632 4956 est

1984 4996 2297 5055 ostentatio
2353 4995 2644 5069 lugubris,
2707 4995 2859 5051 inter
2914 5010 3042 5067 quae
3106 4989 3411 5066 sigillatim
3478 4989 3631 5064 palis

1983 5088 2509 5160 affixa,quantuam
2527 5087 2702 5159 putas
2720 5081 2864 5140 illud
2884 5080 3148 5138 Blesensi
3169 5078 3365 5156 gladio
3379 5074 3630 5155 gloriam

1984 5175 2252 5243 contulit,
2277 5175 2449 5247 cujus
2486 5171 2791 5229 oculorum
2841 5166 3124 5228 distantia
3169 5170 3426 5244 semipes
3472 5168 3634 5225 fuit?

1986 5265 2205 5322 Horum
2240 5268 2303 5318 ut
2332 5264 2448 5319 dixi
2483 5264 2578 5318 via
2607 5262 2884 5318 centifida
2914 5261 3128 5316 iterum
3159 5276 3254 5317 me
3282 5260 3638 5325 revocat,ne~

1987 5356 2131 5412 dum
2149 5353 2402 5425 singulis
2416 5352 2801 5427 vagabundus
2816 5350 3089 5407 insistam
3110 5368 3124 5419 ;
3144 5367 3180 5406 a
3192 5351 3375 5420 capto
3397 5344 3639 5405 tramite

223 5433 518 5508 puderne,
552 5450 625 5491 an
656 5435 881 5514 religio,
915 5454 990 5494 an
1022 5437 1337 5495 adhibendi
1373 5440 1508 5496 fidei
1550 5440 1879 5501 diffidentia
1990 5444 2198 5501 devius
2227 5442 2512 5500 aberrem.
2544 5439 2850 5498 Celebrent
2886 5456 3025 5496 suos
3052 5437 3432 5505 Normannia,
3463 5430 3643 5492 Flau-

224 5530 429 5581 mss
454 5524 692 5597 fuerint,
714 5538 959 5602 prorsus
982 5526 1187 5600 ignoro
1220 5542 1233 5582 :
1259 5544 1393 5585 nam
1415 5528 1465 5585 si
1488 5526 1677 5600 pudor
1700 5548 1713 5599 ;
1733 5534 1877 5606 quid

1992 5532 2149 5606 dria,
2178 5532 2480 5601 Robertos,
2511 5528 2773 5602 reliquos
2817 5530 2994 5586 duces
3023 5524 3294 5584 occidens
3320 5524 3592 5595 reliquus
3629 5540 3644 5578 :
